4086 6326
472 294 583 365 6ιὸ

1557 295 1924 359 ΝΟνΕιιΕ
1953 291 2625 357 CONSTITUTION‘ES.

3609 293 3720 357 6.56

471 428 594 475 τας.
649 411 804 467 Καλὰ
846 412 944 482 μὲν
972 411 1167 479 ταῦτα,
1198 413 1232 467 ἃ
1259 413 1378 467 θεῖα
1405 412 1609 485 παρὰ¹¹
1639 413 1774 466 Θεοῦ
1806 413 2040 484 εἴρηται,

2147 409 2364 478 quidem
2392 409 2567 463 hascet
2585 407 2791 471 divina,
2811 415 2999 478 utpote
3021 423 3143 478 quae
3171 426 3200 464 a
3224 408 3333 464 Deo
3369 412 3721 480 pronuntiata

471 507 537 557 ού
565 505 744 569 καλῶς
772 506 816 559 δ’
846 507 984 560 αύτά
1018 507 1136 560 οὐδὲ
1167 508 1307 561 κατὰ
1334 507 1423 559 τὸν
1447 506 1588 561 θεῖον
1612 506 1813 560 σκοπὸν
1839 507 1886 558 οί
1913 521 2045 576 προ-

469 597 777 668 τεινόμενοι
823 599 1055 652 ἐνταῦθα
1091 599 1191 669 τὴν
1220 599 1426 653 τούτων
1454 599 1732 654 ποιοῦνται
1758 599 2042 668 πρότασιν.

473 688 537 741 El
587 690 688 760 μὲν
731 691 839 761 γὰρ
889 693 922 762 ἡ
971 692 1236 761 μνηστεία
1268 693 1520 763 τοιαύτην
1553 691 1715 756 σώζει
1744 691 1843 763 τὴν
1872 690 2045 745 κατά-

472 795 662 836 στασιν
709 784 900 836 ὁποίαν
948 785 1007 850 ἐξ
1049 785 1223 856 ἀρχῆς
1268 788 1300 856 ἡ
1341 785 1710 856 νυμφοστόλος
1742 785 2044 857 παρέσχεν,

468 873 652 936 ἄδικος
688 877 716 926 ό
742 873 991 945 χωρίζων
1011 914 1026 939 ,
1079 875 1173 929 καὶ
1205 875 1306 948 τὴν
1339 875 1547 947 μέμψιν
1577 877 1641 930 ού
1671 874 1963 946 φεύξεται’
1998 877 2048 929 εί

467 965 514 1019 δ’
542 966 647 1019 ὑπὸ
695 967 794 1038 τῆς
843 968 1042 1037 μανίας
1085 968 1206 1022 οὐδὲ
1244 969 1490 1039 φθογγῆς
1522 967 1670 1022 ἔστιν
1696 967 2049 1040 ἀνθρωπίνης

468 1058 692 1114 ἀκούειν
718 1061 819 1128 τῆς
848 1059 1164 1132 ἀνθρώπου,
1200 1062 1275 1131 μὴ
1304 1062 1386 1116 ὅτι
1410 1078 1475 1131 γε
1502 1059 1663 1114 ἄλλου
1693 1060 1835 1123 τινὸς
1865 1063 2048 1130 τυχεῖν

467 1151 576 1204 τῶν
604 1153 704 1205 ὅσα
747 1153 1012 1223 μνηστεία
1052 1153 1188 1224 πρὸς
1221 1153 1439 1226 ἰλαρίαν
1469 1152 1792 1225 χαρίζεται,
1833 1155 1917 1214 τίς
1949 1152 2049 1204 οὐκ

467 1245 717 1317 ἐθελήσει
759 1247 996 1303 διαλύειν
1025 1248 1125 1322 τὴν
1151 1248 1292 1303 οὔτω
1320 1248 1526 1320 πικρὰν
1560 1249 1654 1302 καὶ
1681 1245 1922 1318 φευκτὴν
1954 1261 2048 1296 συ-

468 1339 701 1410 ζυγίανς

538 1519 639 1575 Διά
685 1519 845 1574 τοῦτο
901 1519 1254 1591 θεσπίζομεν,
1315 1520 1424 1585 ὡς,
1483 1519 1537 1573 εί
1578 1536 1707 1573 ποτε
1763 1518 1901 1588 μετά
1950 1515 2049 1589 τὴν

465 1612 754 1666 κοινωνίαν
803 1611 898 1666 τοῦ
944 1612 1125 1683 γάμου
1179 1610 1314 1684 πρὸς
1355 1611 1552 1681 μανίαν
1592 1610 1792 1682 ἡγυνὴ
1819 1611 2049 1682 περιπέ-

465 1723 591 1768 σοι,
666 1706 825 1777 μέχρι
886 1705 1069 1776 τρίτου
1128 1704 1283 1769 ἔτους
1349 1703 1538 1776 φέρειν
1599 1704 1697 1774 τὴν
1754 1703 2048 1774 δυστυχίαν

464 1799 559 1852 τὴν
589 1775 759 1868 ἄνδρα
797 1801 892 1852 καὶ
926 1775 1027 1868 τῆς
1059 1797 1361 1869 κατηφείας
1392 1775 1692 1850 ἀπολαύειν
1715 1835 1731 1862 ,
1772 1795 1868 1849 καὶ
1900 1795 1953 1849 εἰ
1979 1812 2042 1864 γε
2077 1775 2119 1831 Β

466 1893 545 1964 μὴ
574 1894 631 1945 έν
657 1894 834 1964 χρόνῳ
857 1891 1097 1962 τοσούτῳ
1113 1890 1267 1954 λύσις
1288 1891 1373 1963 εἴη
1398 1890 1492 1944 τοῦ
1521 1889 1716 1952 κακοῦ,
1745 1889 1880 1960 μηδὲ
1905 1889 2044 1960 πρὸς

460 1984 565 2048 τὰς
585 1983 792 2047 οἰκείας
822 1981 1108 2036 ἐπανέλθοι
1145 1980 1351 2053 φρένας
1375 1980 1408 2052 η
1437 1979 1537 2052 τὴν
1567 1979 1762 2052 μανίαν
1789 1979 2040 2046 νοσοῦσα,

460 2076 766 2141 τηνικαῦτα
820 2074 1152 2130 διασπᾶσθαι
1210 2076 1311 2145 τὴν
1367 2074 1652 2128 κοινωνίαν
1679 2074 1773 2127 καὶ
1813 2073 1912 2144 τῆς
1949 2076 2042 2127 ἁν-

463 2169 723 2223 υποίστου
756 2169 1040 2240 συμφορᾶς
1063 2166 1480 2238 ὲλευθεροῢσθαι
1504 2166 1595 2219 τὸν
1620 2164 1810 2238 ἄνδρα.
1845 2165 2044 2219 Τοσοῦ-

459 2279 557 2315 τον
598 2260 1115 2333 προσδιοριζομένου
1176 2258 1271 2312 τοῦ
1318 2257 1713 2338 θεσπίσματος,
1773 2256 1914 2312 ὥστε
1970 2257 2041 2311 δι’

462 2353 694 2426 ἐρεύνης
755 2354 854 2425 τὴν
906 2351 1102 2424 μανίαν
1148 2352 1244 2406 καὶ
1291 2350 1592 2417 ἐξετάσεως
1627 2348 1898 2419 γίνεσθαι,
1931 2352 2039 2420 μή-

461 2468 594 2505 ποτε
625 2450 743 2505 κατ’
778 2450 1073 2522 ἐπιϐουλὴν
1103 2449 1260 2521 ὤφθη
1288 2448 1530 2502 συστᾶσα
1584 2446 1618 2520 ἢ
1653 2445 1819 2501 αὑτοῦ
1853 2462 1916 2516 γε
1945 2445 2039 2499 τοῦ

460 2545 653 2617 ἀνδρὸς
683 2546 716 2616 ἢ
751 2543 860 2600 τῶν
890 2544 1083 2616 ἐκείνῳ
1117 2542 1238 2597 κατ’
1269 2543 1580 2612 οίκειότητα
1616 2539 2042 2612 συναπτομένων

460 2639 497 2709 ἦ
530 2655 688 2692 τινων
722 2637 954 2711 ἑτέρων·
1010 2637 1088 2701 ὡς
1125 2635 1180 2690 εί
1211 2653 1276 2705 γε
1308 2636 1355 2667 ⁸³
1377 2633 1618 2690 τοιοῦτόν
1648 2651 1702 2687 τι
1734 2632 2038 2705 φωραθείη,

458 2734 509 2785 εί
532 2733 594 2784 ὲκ
625 2730 972 2804 κακουργίας
989 2729 1083 2784 τοῦ
1124 2729 1338 2797 ἀνδρὸς,
1363 2727 1554 2781 τοῦτον
1583 2726 1840 2797 ὁρίζομεν
1868 2743 2043 2796 τιμωο

462 2823 585 2894 ρίαν
620 2828 716 2894 τῆς
752 2823 888 2888 ίδίας
923 2823 1179 2892 ὑποσχεῖν
1204 2820 1406 2884 κακίας
1440 2819 1534 2874 τὸν
1564 2820 1644 2883 είς
1689 2818 1783 2872 τὸν
1826 2818 2039 2890 μονήρη

463 2914 578 2984 βίον
642 2912 1188 2985 μετασχηματισμὺν,
1236 2909 1330 2965 καὶ
1388 2909 1616 2974 ἄκοντος
1669 2909 1835 2962 αὐτοῦ
1883 2925 2041 2980 μονα·

461 3007 669 3078 στηρίῳ
695 3005 1141 3079 περιοριζομένου
1167 3003 1261 3058 καὶ
1289 3005 1356 3074 τῇ
1388 3003 1453 3056 ἐκ
1471 3002 1580 3055 τῶν
1613 3001 1774 3074 ἱερῶν
1801 3001 2039 3055 κανόνων

460 3099 899 3169 ύποὸαλλομένου
953 3097 1054 3168 τῆς
1113 3094 1290 3168 ψυχῆς
1340 3092 1642 3165 θεραπείᾳ·
1666 3093 1716 3146 εί
1744 3092 1789 3146 δ’
1827 3093 1894 3146 ὲκ
1927 3090 2038 3146 τῶν

460 3189 740 3258 συγγενῶν
765 3179 931 3260 ἦλθεν
968 3188 1001 3257 ὴ
1041 3186 1211 3256 βλάϐη
1244 3185 1278 3257 ἢ
1311 3182 1578 3255 έτέρωθέν
1616 3182 1779 3237 ποθεν
1816 3183 1912 3237 καὶ
1933 3185 2033 3237 αύ-

457 3280 552 3333 τοῦ
592 3277 894 3341 συνειδότος
934 3275 1028 3329 τοῦ
1082 3275 1274 3347 ἀνδρὸς
1312 3274 1380 3339 ⁵⁵,
1410 3274 1536 3336 τοὺς
1569 3272 1666 3343 μὲν
1698 3273 2035 3343 αὐτουργοὺς

456 3374 556 3442 τῆς
578 3371 845 3442 πονηρίας
884 3373 1005 3433 ταῖς
1037 3369 1102 3423 ὲκ
1136 3368 1245 3422 τῶν
1275 3367 1458 3438 νόμων
1472 3366 1783 3436 ὑπάγεσθαι
1812 3366 2034 3420 κελεύο⁴

461 3483 562 3537 μεν
589 3464 903 3536 τιμωρίαις,
951 3461 1310 3532 τιμωρεῖσθαι
1361 3459 1417 3512 δὲ
1480 3459 1576 3513 καὶ
1630 3459 1721 3513 τὸν
1757 3459 1924 3532 ἄνδρα
1965 3462 2032 3532 τῇ

457 3561 564 3613 τῶν
588 3557 804 3613 οίκείων
865 3553 1152 3626 ἀφαιρέσει
1202 3553 1563 3623 πραγμάτων,
1614 3550 1650 3606 ἂ
1684 3553 1866 3624 δεήσει
1899 3552 2034 3624 πρὸς

411 3637 417 3641 ’
459 3649 809 3723 παραμύθιον
841 3648 987 3718 ζωῆς
1006 3646 1106 3718 τῆς
1131 3643 1656 3715 ὲπιὸεόουλευμένης
1685 3644 2032 3717 ἀφωρίσθαι,

456 3745 734 3816 διαμένειν
753 3742 810 3797 δὲ
833 3741 994 3796 αὐτὸν
1044 3739 1090 3772 ⁸⁵
1143 3738 1238 3791 καὶ
1295 3736 1386 3790 διά
1437 3735 1554 3806 βίου
1624 3737 1811 3806 ἐτέρου
1854 3737 2032 3808 γάμου

459 3837 857 3905 ἀκοινώνητον
912 3833 963 3885 εί
1008 3831 1063 3884 δὲ
1104 3831 1199 3882 καὶ
1248 3828 1512 3900 τολμήσει
1573 3829 1708 3899 πρὸς
1751 3831 2032 3884 κοινωνίαν

459 3927 815 3998 καταστῆναι,
853 3923 948 3978 καὶ
993 3923 1195 3977 ἄκοντα
1229 3921 1366 3990 πρὸς
1401 3919 1493 3973 τδν
1533 3919 1734 3991 μονάδα
1764 3936 2034 3990 μετασχη-

462 4015 789 4092 ματίζεσθαι
824 4016 960 4088 βίον.
985 4013 1106 4068 Τῶν
1137 4012 1389 4086 μέντοιγε
1419 4012 1518 4082 τὴν
1552 4010 1887 4081 κακουργίαν
1931 4029 2032 4064 πε-

457 4112 772 4183 ποιημένων
814 4110 1080 4179 ἀμέτοχος
1123 4103 1380 4170 καθάπαξ
1414 4103 1704 4173 ὑπάρχων,
1739 4103 1832 4157 καὶ
1867 4103 2032 4174 μηδὲν

459 4206 593 4278 πρὸς
621 4205 720 4276 τὴν
750 4203 851 4272 τῆς
884 4201 1143 4271 γυναικὸς
1173 4197 1468 4269 ἐπιϐουλὴν
1503 4196 1538 4268 ἢ
1583 4197 1962 4266 αὐτουργῆσας
1995 4196 2030 4269 ἢ

457 4302 636 4364 ἄλλοις
652 4296 1113 4372 πονηρευομένοις
1137 4293 1570 4362 συνδιεγνωκὼς,
1592 4293 1858 4364 κρείττων
1879 4292 2032 4346 ἔσται

458 4398 551 4449 καὶ
580 4391 854 4464 τιμωρίας
893 4390 991 4444 xui.
1044 4387 1248 4459 ζημίας
1277 4388 1344 4451 ⁸⁵,
1371 4387 1466 4440 καὶ
1495 4386 1634 4456 μετὰ
1672 4384 2032 4456 παραδρομὴν

2146 504 2473 557 sintzverum
2503 517 2611 556 non
2632 509 2800 567 recte,
2816 516 2995 572 neque
3012 503 3312 558 secundum
3336 504 3579 559 divinum
3599 519 3726 574 pro-

2145 597 2382 665 positum
2404 595 2492 649 hic
2513 595 2562 648 in
2583 595 2818 651 medium
2851 593 3239 651 aii'cruntur.Si
3264 599 3409 652 enim
3438 599 3722 653 matrimo-

2149 691 2299 744 nium
2326 689 2483 744 talem
2505 699 2707 745 statum
2729 687 3503 760 conservaret,qualemejusin
3518 691 3724 761 princi-

2147 781 2239 850 pio
2265 781 2511 849 pronuba
2540 780 3168 850 exhibuisset,quisquis
3200 782 3724 854 scpararet,impro-

2147 874 2253 928 bus
2283 873 2529 945 profecto
2558 882 2728 937 esset,
2772 889 2952 944 neque
3001 873 3490 942 reprehensionem
3520 874 3722 948 effuge-

2148 967 2409 1038 ret;jam
2437 983 2569 1022 vero
2590 981 2715 1022 cum
2748 982 2858 1038 pra:
2907 967 3093 1022 furore
3150 982 3217 1022 ne
3267 981 3459 1024 vocem
3499 970 3724 1040 quidem

2149 1060 2442 1114 humanam
2471 1074 2499 1113 a
2527 1060 2753 1116 muliere
2782 1059 2994 1125 audias,
3026 1060 3226 1115 nedum
3248 1060 3394 1116 aliud
3419 1063 3725 1134 quidquam

2148 1164 2362 1216 eorum,
2393 1165 2514 1220 quae
2553 1152 2620 1206 ad
2654 1151 3118 1206 oblectamentum
3155 1160 3208 1205 et
3245 1151 3576 1207 hilaritatem
3605 1169 3726 1208 ma-

2150 1241 2474 1297 trimonium
2535 1244 2788 1315 largitur,
2840 1245 2908 1298 ab
2953 1244 3045 1297 illa
3101 1244 3374 1313 obtineas,
3421 1246 3548 1316 quis
3588 1246 3727 1300 adeo

2149 1335 2409 1389 acerbum
2436 1335 2884 1406 horrendumque
2909 1335 3319 1389 matrimonium
3343 1336 3602 1391 dirimere
3630 1353 3728 1391 no-

2150 1425 2211 1479 lit
2238 1427 2261 1478 ?
2644 1497 2651 1502 _

2221 1521 2296 1575 Ea
2332 1532 2549 1592 propter
2579 1523 2880 1588 sancimus,
2919 1532 2997 1586 ut,
3030 1521 3075 1577 si
3104 1522 3321 1592 quando
3354 1531 3477 1590 post
3521 1521 3724 1576 initum

2150 1612 2560 1669 matrimonium
2590 1612 2789 1666 mulier
2841 1614 2897 1667 in
2935 1614 3177 1668 furorem
3233 1612 3460 1678 incidat,
3491 1612 3554 1666 ad
3614 1623 3724 1669 tres

2150 1720 2324 1760 annos
2365 1704 2729 1759 infortunium
2785 1706 3018 1760 maritus
3068 1705 3227 1772 ferat,
3287 1705 3725 1775 mmstitiamque

2149 1800 2382 1854 toleret:
2420 1807 2475 1853 ct
2506 1797 2616 1852 nisi
2649 1799 2858 1852 interea
2902 1798 3162 1868 temporis
3192 1798 3261 1852 ab
3296 1797 3402 1852 isto
3458 1799 3603 1852 malo
3633 1799 3724 1854 illa

2147 1891 2431 1957 liberetur,
2461 1905 2640 1958 neque
2673 1891 2740 1945 ad
2779 1900 3012 1946 mentem
3046 1890 3253 1955 redeat,
3287 1899 3418 1946 tunc
3442 1893 3726 1948 matrimo-

2149 1983 2298 2038 nium
2330 1982 2645 2051 divellatur,
2672 1984 3015 2052 maritusque
3043 1980 3112 2037 ab
3142 1984 3475 2040 intolerabili
3517 1983 3610 2040 illa
3631 1998 3725 2039 ca-

2150 2074 2393 2130 lamitate
2424 2085 2767 2130 exoneretur.
2811 2074 2912 2130 Cui
2956 2075 3227 2130 sanctioni
3278 2077 3382 2130 hoc
3431 2076 3723 2145 adjicimus

2150 2177 2210 2222 ut
2251 2167 2452 2223 furoris
2497 2183 2663 2223 causa
2696 2168 3076 2240 investigetur,
3116 2169 3168 2222 in
3210 2184 3440 2239 eamque
3473 2171 3722 2240 inquira-

2143 2269 2274 2325 tur,
2316 2277 2447 2316 num
2509 2261 2648 2318 forte
2705 2263 2910 2324 mariti,
2967 2271 3062 2316 aut
3110 2262 3229 2332 ipso
3284 2262 3507 2318 conscio
3558 2261 3720 2318 fatui—

2144 2355 2360 2410 liarium
2390 2355 2513 2425 ejus
2546 2356 2848 2410 aliorumve
2874 2355 3247 2425 quorumlibet
3308 2355 3524 2409 technis
3554 2362 3719 2425 atque

2143 2444 2268 2501 dolo
2302 2448 2373 2502 sit
2403 2444 2695 2502 conﬂatus.
2731 2444 2888 2512 Quod
2914 2447 2960 2502 si
2995 2446 3073 2500 sic
3100 2460 3224 2501 esse
3250 2445 3717 2516 deprehendatur,

2142 2547 2196 2592 et
2224 2538 2444 2609 quidem
2465 2540 2693 2594 maritus
2714 2539 2929 2610 (18-21)
2955 2538 3201 2593 maleﬁcii
3223 2546 3522 2612 arguatur:
3553 2549 3612 2593 ut
3631 2539 3721 2593 hic

2143 2627 2199 2683 in
2267 2628 2595 2683 monachum
2649 2628 3101 2695 transformatus,
3154 2627 3463 2699 nolensque
3525 2630 3720 2685 volens

2143 2720 2478 2776 monasterio
2534 2721 2808 2787 inclusus,
2862 2721 3124 2793 nequitia;
3183 2738 3297 2777 sua:
3327 2738 3518 2793 pinnas
3582 2722 3717 2786 luat,

2145 2815 2502 2885 mananlique
2553 2832 2617 2870 ex
2674 2814 2849 2870 sacris
2883 2815 3194 2870 canonibus
3217 2816 3413 2870 animae
3442 2815 3718 2871 curationi

2145 2907 2428 2977 subjectus
2462 2909 2553 2969 sit,
2585 2907 2959 2963 decernimus.
2994 2908 3058 2961 At
3088 2907 3134 2962 si
3175 2922 3203 2961 ιι
3236 2907 3488 2977 cognatis
3519 2907 3715 2976 ipsius,

2144 3010 2240 3054 aut
2263 3001 2482 3055 aliunde
2541 3001 2661 3070 ipso
2691 3002 2917 3056 conscio
2953 3014 3099 3055 noxa
3139 3011 3260 3055 orta
3316 3001 3407 3064 sit,
3440 3000 3719 3056 maleﬁcos

2144 3094 2322 3165 pmnis
2395 3095 2660 3165 legalibus
2715 3096 2913 3165 subjici
2981 3095 3265 3166 jubemus,
3344 3096 3716 3166 maritumque

2147 3189 2329 3258 ipsum
2378 3189 2464 3246 rei.
2500 3185 2788 3243 familiaris
2844 3187 3321 3243 administratione
3368 3185 3593 3254 privari,
3658 3194 3718 3240 ut

2140 3278 2460 3334 insidiarum
2489 3294 2626 3350 quas
2647 3278 2837 3334 alienat
2876 3278 2998 3333 vita:
3022 3278 3244 3342 struxit,
3275 3278 3367 3332 det
3394 3292 3606 3347 poenas,
3636 3278 3714 3334 ita

2137 3379 2197 3426 ut
2223 3387 2319 3444 per
2343 3373 2607 3444 reliquam
2636 3373 2802 3427 vitam
2827 3372 3102 3427 connubio
3129 3387 3189 3426 se
3217 3370 3510 3437 abstineat,
3536 3378 3591 3426 et
3620 3371 3713 3426 ubi

2135 3464 2412 3519 contraire
2427 3479 2597 3520 ausus
2619 3463 2805 3528 fuerit,
2837 3463 2902 3518 ad
2928 3462 3176 3519 caelibem
3202 3461 3371 3516 vitam
3398 3461 3481 3517 vel
3511 3462 3712 3518 invitus

2137 3557 2432 3628 redigatur.
2481 3557 2578 3614 Sin
2630 3567 2810 3613 autem
2856 3556 3082 3614 sceleris
3116 3554 3393 3611 commissi
3438 3556 3711 3629 particeps

2137 3659 2377 3715 nonest,
2414 3651 2460 3704 si
2488 3652 2678 3706 usuris
2723 3651 2845 3706 vita:
2880 3649 3012 3704 nihil
3065 3647 3356 3705 insidiatus
3383 3657 3488 3712 est,
3530 3664 3710 3721 neque

2138 3740 2206 3796 iis
2236 3741 2327 3810 qui
2365 3741 2411 3795 ei
2448 3740 2683 3797 insidias
2727 3749 3014 3811 pararunt,
3041 3742 3298 3798 conscius
3348 3750 3454 3806 est,
3488 3757 3707 3813 pmnam

2137 3833 2370 3902 patietur
2415 3835 2644 3900 nullam,
2695 3835 2803 3889 imo
2847 3842 2971 3905 post
3030 3835 3249 3891 tertium
3311 3836 3436 3893 inde
3467 3853 3496 3891 a
3527 3838 3711 3892 soluto

2137 3925 2488 3980 matrimonio
2555 3942 2758 3982 annum
2801 3942 2941 3982 novo
2992 3943 3053 3984 se
3088 3929 3434 3986 matrimonio
3479 3931 3713 4002 jungexe

2139 4015 2358 4086 impune
2393 4018 2612 4088 poterit.
2660 4017 2851 4073 Trium
2912 4019 3139 4090 proinde
3179 4012 3407 4077 illorum.
3439 4036 3710 4077 annorum

2138 4108 2253 4163 haec
2289 4109 2395 4164 erit
2433 4109 2593 4163 ratio.
2628 4109 2814 4165 Primo
2841 4109 3060 4182 quidem
3105 4126 3249 4168 anno
3296 4113 3441 4168 vivet
3472 4122 3527 4166 et
3557 4112 3711 4168 habi-

2137 4201 2271 4254 tabit
2298 4215 2423 4255 cum
2450 4200 2687 4272 conjuge
2705 4201 2926 4268 misera,
2953 4203 3027 4257 ita
3043 4203 3260 4273 quidem
3287 4203 3499 4275 utjnihil
3527 4204 3709 4259 inten-

2136 4300 2308 4346 tatum
2345 4294 2618 4364 relinquat
2638 4295 2783 4366 quod
2808 4295 3066 4366 adipsius
3096 4297 3437 4352 sanationem
3457 4296 3711 4352 conferre

2135 4387 2336 4456 possit.
2383 4386 2613 4444 Biennio
2668 4389 2942 4459 sequenti,
2987 4389 3033 4446 si
3079 4390 3303 4446 morbus
3367 4391 3709 4446 medicorum

455 4488 549 4542 τοῦ
573 4486 758 4558 τρίτου
785 4483 938 4548 ἔτους
971 4481 1226 4552 λυθείσης
1276 4481 1375 4550 τῆς
1411 4476 1695 4548 συζυγίας,
1735 4477 2027 4541 ἀκωλύτως

2142 4482 2241 4536 arti
2295 4481 2528 4546 resistit,
2571 4481 2861 4552 conjugem
2907 4481 3412 4552 poteritdeserere,
3455 4481 3706 4537 cmlibem

458 4582 591 4648 πρὸς
652 4580 831 4651 γάμον
890 4577 1049 4632 ἄλλον
1116 4570 1492 4647 συναπτὲσθω.
1536 4571 1792 4641 ,Λήψεται
1846 4569 1901 4622 δὲ
1969 4571 2030 4623 τὸ

456 4673 562 4728 τῶν
595 4671 762 4742 τριῶν
794 4669 932 4723 ἑτῶν
958 4664 1215 4736 τοιαύτην
1238 4663 1359 4718 τινὰ
1382 4662 1460 4734 τῷ
1475 4661 1844 4733 παραμένοντι
1876 4661 2030 4732 ἀνδρὶ

456 4765 554 4836 τὴν
584 4763 936 4818 κατάστασιν.
994 4759 1068 4812 Τὸ
1123 4758 1222 4829 μὲν
1265 4752 1356 4811 οὖν
1396 4755 1454 4811 ἓν
1491 4756 1608 4819 ἔτος
1641 4755 1683 4787 ⁸⁷
1716 4754 2030 4809 συνδιαιτῶν

458 4862 551 4912 καὶ
594 4855 857 4911 συνοικῶν
911 4853 1007 4908 καὶ
1059 4847 1764 4919 συνδιαταλαιπωρούμενος
1811 4849 1903 4901 καὶ
1932 4847 2030 4918 τὴν

457 4951 812 5020 ὀφειλομένην
864 4948 1007 5001 ῐασιν
1067 4944 1204 5016 πρὸς
1255 4942 1399 4996 ἴασιν
1460 4941 1554 4994 τοῦ
1627 4941 1829 4994 οίκείου
1881 4943 2028 5013 πάσῃ

2133 4575 2300 4627 vitam
2331 4582 2579 4630 acturus.
2606 4573 2707 4630 Ubi
2744 4586 2923 4630 autem
2955 4576 3115 4630 tertio
3145 4592 3366 4647 quoque
3395 4591 3540 4631 anno
3558 4591 3709 4630 mor-

2139 4666 2243 4722 bus
2304 4681 2410 4720 non
2449 4667 2697 4731 cessarit,
2740 4667 2808 4722 ad
2862 4667 3131 4723 secundas
3203 4683 3430 4739 pergere
3483 4667 3705 4735 nuptias

2129 4759 2358 4829 poterit.
2415 4756 2480 4811 Et
2537 4757 2652 4812 haec
2717 4757 2938 4828 quidem
3001 4758 3068 4813 de
3118 4758 3354 4814 divortio
3407 4757 3707 4827 alterisque

2133 4851 2362 4923 nuptiis.
2388 4851 2542 4917 Quod
2566 4851 2610 4906 si
2631 4852 2822 4907 mulier
2843 4851 3050 4907 furiosa
3074 4863 3323 4922 parentes
3347 4852 3540 4906 habeat
3564 4864 3704 4903 con-

2132 4945 2473 5011 sobrinosve,
2494 4942 2559 4997 ad
2587 4944 2752 5000 hosce
2773 4944 3105 5014 perducetur
3135 4953 3319 5014 utpote
3349 4945 3468 5014 ejus
3494 4951 3703 5000 tutores

1757 5099 1989 5156 VARUS
2032 5101 2436 5159 LECTIONES.

527 5289 572 5320 ⁸³
588 5286 775 5343 Zuich.
806 5284 1028 5360 Meegn.
1063 5283 1158 5360 καὶ
1189 5281 1357 5360 παρὰ.
1391 5277 1544 5334 Haud
1573 5281 1753 5360 inepte
1824 5281 1871 5312 "
1899 5282 2054 5354 Agyl.
2086 5284 2271 5360 eipév
2304 5285 2416 5360 vult
2440 5282 2564 5360 logi.

2650 5283 2697 5314 "
2728 5282 2879 5351 Apud
2909 5281 3143 5348 Scrimg.
3164 5273 3452 5351 sequentia
3475 5271 3693 5351 desunt.

461 5358 794 5430 Supplentur
823 5373 905 5430 ex_
930 5355 1130 5430 ΖιιξιτΙιἐ
1160 5343 1502 5430 et_hleerm_.,
1543 5353 1636 5422 qui
1657 5343 1757 5430 :ea
1786 5343 2085 5430 perperam
2125 5343 2574 5430 §pangeuhergio
2605 5361 2744 5409 teste
2775 5343 3128 5410 'intercalan't
3163 5343 3399 5404 Novella:
3425 5343 3690 5416 sequenti.

461 5420 961 5484 "ded.6vava16v.
1011 5426 1057 5457 "
1091 5424 1239 5481 Codd
1271 5420 1684 5494 τιμωρίαν’κιῐὶ
1725 5420 1950 5494 ἔτι-μίαν.

2041 5424 2085 5455 ³⁷
2125 5423 2218 5478 F0:
2236 5423 2297 5478 te
2336 5424 2505 5478 ἔσται.

1973 5584 2204 5641 NOTAE.

533 5735 734 5808 (ιε-ει)
765 5733 916 5789 Adde
946 5728 1080 5787 Nov.
1111 5729 1201 5800 22,
1234 5747 1284 5786 c.
1351 5727 1438 5790 l5,
1470 5725 1496 5799 ξ
1529 5729 1575 5793 l,
1602 5728 1654 5790 5.
1699 5727 1734 5783 l.
1766 5726 1818 5784 ﬂ.
1853 5728 1918 5784 ad
1957 5729 1992 5784 l.
2026 5727 2191 5785 Corn.
2229 5727 2300 5785 De
2342 5727 2603 5793 Sit-ariis.
