4086 6326
434 383 548 447 644)

1531 375 1894 441 ΝΟνΕιωΕ
1931 372 2388 436 CONSTITUTI
2397 372 2614 434 ONES.

3585 369 3699 435 6'59

438 503 536 553 καὶ
560 497 634 569 μὴ
659 497 755 568 τῆς
788 496 1164 568 ταλαιπωρίας
1193 495 1481 564 οἰκτείρειν
1511 493 1704 558 αὐτόνς
1735 491 1923 560 ῶσπερ
1963 488 2016 543 εἴ
2041 539 2043 546 ,

2146 487 2269 552 Quod
2316 487 2542 557 perinde
2600 485 2714 558 (25)
2764 486 2858 552 sit,
2892 496 3058 557 atque
3081 488 3125 544 si
3176 488 3320 558 quis,
3366 489 3692 558 priusquam

379 661 384 664 _
440 608 527 655 τις
558 590 654 644 καὶ
682 588 788 660 πρὸ
812 589 912 660 μὲν
939 588 1033 642 τοῦ
1065 588 1205 658 νόσῳ
1256 585 1526 657 ληφθῆναί
1554 601 1676 639 τινα
1702 584 1813 639 δεῖν
1841 581 2014 636 οἴεται

441 682 742 756 προσάγειν
799 697 898 754 την
951 679 1294 751 ἐπιμέλειαν,
1349 677 1754 748 κατασχεθέντα
1797 676 1854 729 δὲ
1884 674 2012 744 θνή-

441 794 596 831 σκειν
615 776 732 847 ὲᾷν,
758 773 1144 844 ἀπαγορεύσας
1187 774 1287 844 τὴν
1332 771 1651 844 θεραπείαν.
1697 770 1859 824 Ἀλλὰ
1881 768 2015 838 γὰρ,

440 868 584 939 ὅπερ
607 863 784 932 εἶπον,
838 863 1252 934 ἐπιμέμφεσθαι
1291 863 1393 934 μὲν
1431 865 1545 926 τοῖς
1570 861 1888 932 νομοθέταις
1913 859 2014 913 οὐκ

443 960 573 1030 ἔχω,
606 959 899 1030 σύμψηφος
923 957 981 1012 δὲ
1030 959 1239 1022 τούτοις
1271 954 1410 1012 εἶναι
1441 955 1636 1009 πολλοῦ
1676 971 1739 1023 γε
1769 953 1865 1007 καὶ
1889 953 2014 1018 δέω,

445 1054 542 1108 καὶ
572 1053 808 1121 μάλιστα
837 1052 1050 1106 πολλῶν
1079 1053 1283 1122 ἐτέρων
1307 1051 1525 1122 τρόπων
1555 1050 1689 1119 πρὸς
1721 1047 2016 1120 μνηστείας

444 1144 600 1199 λύσιν
657 1144 1116 1214 διατεταγμένων,
1168 1137 1244 1199 ὧν
1298 1143 1475 1204 οὐδεὶς
1514 1141 1650 1212 πρὸς
1681 1141 1744 1194 τὸ
1783 1138 2018 1210 χαλεπὸν

443 1235 549 1306 τῆς
580 1235 778 1306 μανίας
837 1238 918 1300 είς
979 1236 1268 1306 σύγκρισιν
1303 1233 1492 1296 ἱκανὸς
1521 1233 1568 1265 ⁸⁸
1600 1232 1912 1302 παρελθεῖν.
1945 1231 2020 1285 Τδ

444 1330 555 1399 γὰρ
584 1327 674 1382 διὰ
709 1328 810 1398 τὴν
837 1326 930 1381 τοῦ
958 1329 1264 1398 μνηστῆρος
1293 1325 1582 1391 ἀσωτείαν,
1613 1327 1646 1396 ἢ
1675 1325 1762 1380 διὰ
1786 1326 1846 1379 τὸ
1879 1325 2021 1380 κατὰ

439 1421 546 1492 ,τὴν
567 1422 753 1476 πίστιν
788 1422 1067 1493 διάφορον,
1100 1422 1134 1492 ἢ
1179 1420 1267 1475 διὰ
1293 1421 1354 1474 τὸ
1376 1420 1515 1492 πρὸς
1535 1419 1750 1492 ὁμιλίαν
1777 1420 1877 1491 τὴν
1915 1437 2022 1488 φυ-

447 1513 610 1584 σικὴν
639 1513 846 1586 ἄπορον
904 1514 999 1568 καὶ
1045 1513 1445 1583 ἀνεπιτήδειον,
1501 1514 1596 1566 καὶ
1641 1512 1694 1566 εί
1738 1528 1789 1564 τι
1835 1512 2024 1583 ἕτερον

447 1605 663 1668 τούτοις
686 1606 1099 1676 συναριθμεῖται
1126 1604 1466 1676 κεκτημένον
1490 1604 1642 1674 ἰσχὺν
1669 1603 1807 1674 προς
1844 1609 2024 1672 γάμου

448 1694 742 1760 διάζευξιν,
777 1689 888 1749 οἷον
916 1696 963 1747 εί
1005 1696 1047 1728 ⁸⁷
1103 1695 1355 1764 δουλικῆς
1398 1693 1748 1764 ἀναφαίνοιτο
1793 1693 1964 1764 τύχης
1997 1694 2026 1747 ὁ

455 1788 916 1859 μνηστευόμενος,
955 1789 1004 1841 εί
1037 1787 1145 1840 τῶν
1185 1787 1581 1858 ὑπεσχημένων
1627 1787 1688 1840 ὲν
1719 1788 1832 1850 τοῖς
1859 1804 2029 1856 γαμι-

455 1882 573 1942 κοίς
597 1879 910 1950 συμφώνοις
931 1880 988 1946 ἐξ
1013 1880 1244 1950 ἀπορίας
1281 1879 1358 1950 μὴ
1383 1878 1628 1951 πρόεισιν
1659 1880 1692 1949 ἠ
1727 1879 2030 1944 τελείωσις,

456 1971 632 2027 ταῦτα
656 1969 750 2026 οὖν
779 1973 876 2026 καὶ
929 1972 997 2025 τά
1056 1971 1436 2043 παραπλήσια,
1479 1970 1516 2025 ἃ.
1554 1970 1600 2003 ⁸⁸
1631 1969 2033 2041 διανενόμισται

455 2068 557 2138 τὴν
584 2066 826 2139 γαμικὴν
861 2065 1146 2120 κοινωνίαν
1177 2064 1438 2131 διαλύειν,
1467 2062 1572 2117 ποῦ
1602 2062 1740 2134 πρὸς
1761 2062 1859 2134 τὴν
1893 2081 2034 2133 συμο

459 2160 637 2229 φορὰν
703 2159 807 2229 τῆς
869 2158 1072 2232 μανίας
1133 2157 1272 2222 ὅλως
1321 2156 1422 2230 τὴν
1495 2155 1784 2229 σύγκρισιν
1843 2153 2038 2209 ἀναδέ-

444 2269 652 2325 ,χεταις

531 2346 837 2419 Τοιγαροῦν
894 2345 1226 2417 θεσπίζομεν
1268 2345 1431 2419 ἡμεῖς
1482 2344 1611 2415 περ).
1643 2342 1746 2412 τῆς
1783 2340 1922 2415 μετὰ
1948 2341 2041 2396 τὸν

462 2439 642 2511 γάμον
692 2439 1030 2509 ἐπελθούσης
1071 2439 1308 2509 μανίας,
1368 2437 1510 2493 ὥστε
1564 2434 1649 2507 ἐφ’
1699 2436 1843 2499 ὅλοις
1895 2434 2042 2492 ἔτεσι

463 2531 628 2586 πέντε
654 2533 785 2597 τοὺς
831 2530 1273 2600 συναπτομένους
1334 2529 1410 2601 μὴ
1451 2527 1900 2598 διαζεύγνυσθαν
1947 2525 2045 2580 καὶ

464 2627 577 2698 γὰρ
601 2624 794 2696 ῶσπερ
829 2625 892 2679 τὸ
949 2625 1024 2695 μὴ
1055 2623 1144 2677 διὰ
1175 2623 1294 2693 βίου
1344 2620 1795 2693 θεραπευομένης
1816 2618 1919 2689 τῆς
1949 2635 2048 2690 μαι

465 2720 587 2782 νίας
616 2718 812 2772 ἄλυτον
847 2715 989 2770 εἶναι
1013 2714 1106 2769 τὸν
1136 2714 1314 2784 γάμον
1353 2712 1528 2783 βίαιον
1567 2710 1746 2782 ὤφθη,
1773 2711 1918 2764 οὕτω
1951 2711 2047 2765 καὶ

352 2873 372 2883 Α,
466 2813 501 2880 ἡ
531 2812 587 2864 ὲν
619 2808 858 2880 τοσούτῳ
915 2805 1093 2879 χρόνῳ
1144 2805 1386 2876 ἀναμονῆ
1433 2804 1528 2859 καὶ
1570 2803 2048 2875 προσκαρτέρησις

469 2902 746 2971 ἀναγκαία
773 2900 920 2956 ἐστίν
939 2915 954 2928 '
987 2900 1036 2952 εί
1067 2899 1124 2954 δὲ
1160 2898 1302 2968 μετὰ
1323 2898 1423 2969 τὴν
1455 2898 1548 2950 τοῦ
1572 2895 1824 2949 τοσούτου
1856 2895 2049 2966 χρόνου

471 2993 724 3064 περίοδον
783 2992 859 3064 μὴ
892 2990 1120 3062 γένηταί
1155 3007 1241 3053 τις
1289 2987 1578 3058 ἀπαλλαγὴ
1602 2988 1700 3057 τῆς
1733 2987 2051 3056 δυστυχίας,

475 3086 613 3158 μηδὲ
660 3085 798 3157 πρὸς
845 3079 1299 3152 ἀνασωφρόνησιν
1347 3081 1375 3132 ὁ
1425 3077 1682 3149 μεμηνὼς
1724 3076 2053 3147 κατασταίη,

2123 581 2314 634 morbo
2332 580 2603 650 quispiam
2625 579 2978 649 corripiatur,
3004 581 3373 636 adhibendum
3393 581 3696 636 remedium

2120 674 2416 737 existimet,
2450 682 2506 727 at
2529 673 2640 741 iam
2689 681 3003 740 correptum
3039 680 3236 742 negato
3287 671 3530 726 remedio
3560 671 3698 725 mori

2125 766 2292 819 sinat.
2345 764 2732 818 Verumtamen
2791 763 3044 834 id,quod
3104 763 3241 828 dixi,
3297 761 3707 831 reprehendere

2120 857 2549 926 jurisconsultos
2575 871 2684 911 non
2710 867 2792 912 est
2814 857 3074 910 animus:
3107 863 3168 910 ut
3202 863 3384 909 tamen
3444 853 3583 923 ipsis
3612 852 3704 907 ad-

2126 950 2380 1019 stipuler,
2431 949 2762 1019 permultum
2808 950 2986 1003 abest.
3016 947 3325 1003 Praesertim
3377 963 3511 1001 vero
3577 961 3701 1001 cum

2128 1044 2284 1097 multi
2316 1043 2405 1096 alii
2438 1043 2581 1097 modi
2607 1042 2673 1096 ad
2698 1041 3020 1096 solvendum
3051 1039 3463 1095 matrimonium
3488 1039 3702 1094 consti-

2127 1137 2229 1188 tuti
2274 1136 2406 1202 sint,
2463 1149 2697 1204 quorum
2751 1135 2935 1189 nullus
2989 1131 3102 1203 (Q6)
3144 1146 3269 1187 cum
3329 1131 3532 1187 furoris
3560 1130 3731 1186 malo.

2129 1226 2366 1281 conferri
2389 1233 2537 1280 recte
2564 1225 2761 1296 possit.
2783 1224 3069 1290 Quomodo
3096 1223 3207 1294 (27)
3232 1238 3470 1291 namque
3518 1223 3706 1278 mariti

2130 1316 2510 1386 prodigalitas,
2535 1323 2630 1368 aut
2659 1314 2948 1384 religionis
2980 1313 3096 1385 (28)
3130 1313 3454 1377 diversitas,
3519 1324 3613 1370 aut
3650 1312 3736 1375 iL

2131 1405 2369 1461 naturali
2427 1405 2825 1460 consuetudine
2863 1403 3187 1474 impotentia
3232 1411 3289 1459 et
3327 1404 3745 1472 imbecillitas,"

2123 1508 2226 1554 aut
2251 1498 2440 1568 siquid
2468 1497 2615 1575 aliud
2666 1497 2751 1552 his
2802 1504 3268 1561 connumeratur,
3313 1498 3463 1567 quod
3495 1497 3566 1553 ad
3594 1496 3712 1554 dis-

2134 1591 2451 1647 solvendum
2487 1589 2892 1643 matrimonium
2936 1590 3112 1645 valeat
3151 1589 3482 1662 (cuiusmodi
3508 1599 3629 1665 est,
3660 1591 3719 1647 si.

2135 1684 2350 1738 servilis
2377 1682 2708 1737 conditionis
2757 1683 3045 1753 coniugem
3099 1698 3246 1745 esse,
3277 1691 3559 1753 appareat,
3587 1684 3711 1738 etsi

2136 1789 2262 1845 quae
2295 1773 2410 1845 (29)
2433 1775 2488 1827 in
2514 1773 2865 1843 pactionibus
2900 1774 3238 1845 nuptialibus
3261 1774 3538 1844 promissa
3556 1781 3709 1839 suun

2136 1876 2358 1937 propter
2374 1873 2748 1938 paupertatem
2775 1866 2935 1936 plene
2957 1867 3201 1935 praestari
3226 1865 3549 1936 nequeant),
3573 1865 3712 1930 haec,

2134 1959 2382 2028 inquam,
2411 1965 2465 2014 et
2485 1957 2711 2023 similia,
2760 1957 3360 2026 quibusmatrimonia
3409 1958 3714 2014 dissolvere

2137 2048 2254 2130 lege
2315 2048 2583 2104 tributum
2607 2057 2727 2115 ,est,
2756 2047 3028 2113 quomodo
3072 2049 3291 2107 tandem
3342 2063 3470 2105 cum
3507 2047 3714 2108 furoris

2104 2149 2120 2165 '
2137 2141 2449 2198 calamitate
2473 2140 2787 2212 comparari
2821 2139 3085 2210 possunt?
3099 2173 3115 2202 ,-

2211 2320 2324 2378 Nos
2377 2320 2565 2391 itaque
2607 2319 2908 2383 sancimus,
2947 2319 3082 2375 utsi
3135 2319 3313 2374 furor.
3342 2326 3481 2388 post
3523 2316 3714 2382 initum

2143 2414 2550 2470 matrimonium
2576 2412 2946 2483 superveniat,
2994 2426 3063 2467 ne
3103 2410 3247 2465 intra
3271 2411 3514 2481 quinque
3541 2424 3718 2465 annos

2144 2508 2410 2578 coniuges
2434 2507 2838 2577 disiungantur.
2856 2505 3032 2566 Etiam
3056 2501 3519 2575 quemadmodum
3543 2517 3723 2571 quan-

2146 2601 2215 2657 do
2237 2617 2333 2672 per
2353 2614 2570 2658 omnem
2605 2601 2780 2654 vitam.
2797 2597 2950 2654 furor
2980 2597 3230 2664 duraret,
3257 2611 3359 2651 nec
3392 2607 3572 2651 tamen
3606 2611 3722 2652 mtt-

2149 2693 2468 2750 trimonium
2525 2692 2710 2748 dirimi
2774 2701 2978 2762 posset,
3010 2691 3063 2745 id
3092 2691 3292 2745 durum
3351 2699 3406 2744 et
3458 2689 3720 2748 acerbum

2149 2802 2272 2843 esse
2297 2785 2477 2841 visum
2505 2793 2638 2841 est:
2688 2783 2762 2837 ita
2809 2789 3093 2851 tantopere
3142 2789 3462 2851 exspectare
3512 2789 3567 2835 et
3609 2794 3726 2849 per-

2153 2893 2406 2934 severare
2457 2891 2684 2932 necesse
2705 2883 2807 2929 est.
2840 2874 2909 2933 At
2939 2875 2984 2928 si
3026 2881 3316 2944 postquam
3351 2879 3562 2926 tantum
3584 2879 3726 2926 tem—

2154 2972 2302 3042 poris
2332 2969 2658 3032 decurrerit,
2712 2967 2915 3022 malum
2952 2982 3012 3023 se
3060 2980 3166 3020 non
3210 2963 3506 3029 remiserit,
3548 2977 3729 3036 neque

2159 3065 2404 3122 furiosus
2444 3063 2782 3132 rcsipuerit:
2818 3076 2944 3116 cum
2990 3059 3243 3114 neutrius
3294 3057 3587 3113 commodo
3632 3064 3730 3111 aut

471 3149 775 3250 τηνικαῦτα
826 3149 1209 3246 διατέμνεσθαι
1257 3171 1358 3242 τὴν
1410 3171 1681 3240 γαμήλιον
1728 3169 2043 3234 κοινωνίαν,

2157 3156 2504 3213 incommodo
2527 3154 2839 3225 coniugium
2892 3152 3209 3207 dirimatur.
3261 3150 3442 3221 Atque
3473 3149 3589 3204 haec
3615 3150 3732 3220 qui-

478 3272 749 3345 μηδεμιᾶς
807 3269 932 3341 μηδ’
987 3266 1165 3337 ἑτέρῳ
1197 3265 1354 3334 μέρει
1385 3262 1824 3335 προσγινομένης
1866 3280 2056 3319 καινο-

474 3363 694 3436 τομίας.
729 3361 839 3416 Kal
867 3360 1046 3419 ταῦτα
1083 3358 1182 3430 μὲν
1207 3354 1608 3428 διορίζομεν,ού
1642 3355 1778 3422 πρὸς
1805 3354 2057 3426 διαϐολὴν

477 3458 586 3510 τῶν
640 3453 747 3526 πρὸ
799 3451 960 3524 ἡμῶν
1011 3448 1515 3521 νομοθετησάντων,
1547 3445 1663 3502 ἀλλ’
1702 3446 1780 3509 είς
1808 3445 2059 3516 ἀποπλή-

482 3565 649 3621 ρωσιν
688 3546 789 3617 τῆς
827 3542 961 3616 περὶ
1013 3542 1076 3596 τὸ
1105 3543 1346 3612 ὑπήκοον
1373 3538 1731 3608 ὀφειλομένης
1766 3538 1894 3606 ἡμῖν
1928 3555 2063 3608 προ-

483 3642 650 3704 νοίας.
682 3640 749 3696 Ἦ
789 3638 848 3693 δέ
879 3654 943 3706 γε
978 3637 1099 3690 κατ’
1156 3633 1328 3705 αὐτὴν
1380 3628 1783 3698 ὲπιγνωσθεῖσα
1826 3626 1923 3698 τὴν
1964 3627 2060 3681 τοῦ

482 3737 678 3805 γάμου.
704 3732 921 3804 ἡμέραν
981 3728 1152 3799 μανία
1211 3726 1360 3780 οὐδὲν
1410 3720 1901 3792 ὑπεναντιούμενον
1947 3719 2062 3790 ἔχει

483 3827 623 3899 πρὸς
652 3825 753 3892 τὴν
790 3822 988 3880 αὐτίκα
1018 3820 1285 3883 διάλυσιν,
1317 3819 1366 3871 εί
1400 3816 1497 3870 καὶ
1533 3813 1809 3886 προῆλθεν
1832 3814 1878 3845 ”
1905 3816 1939 3883 ὴ
1971 3829 2063 3866 νε-

484 3914 788 3987 νομισμέντι
853 3910 1036 3970 αὐτοῖς
1092 3904 1386 3978 ίερολογία,
1436 3903 1552 3959 ἀλλ’
1607 3903 1810 3974 ὁμοίως
1847 3904 1916 3974 τῇ.
1955 3901 2066 3974 πρὸ

484 4010 584 4081 τῆς
612 4006 905 4080 μνηστείας
925 4002 1247 4075 ὲγνωσμένη
1271 3999 1406 4071 πρὸς
1421 3999 1482 4052 τὸ
1511 3994 1874 4068 ἀκοινώνητον
1895 4012 2068 4048 κατα-

489 4102 750 4171 στήσεται
773 4097 868 4153 καὶ¹
893 4095 1257 4166 ἀνάρμοστον.
1284 4091 1444 4153 Ἴσως
1475 4089 1573 4160 μὲν
1595 4084 1689 4143 οὖν
1711 4105 1820 4141 τισι
1840 4087 1981 4152 δόξει
2002 4086 2064 4141 τὸ

493 4194 633 4265 μετά
658 4192 759 4262 τὴν
814 4186 1116 4261 ἱερολογίαν
1158 4182 1580 4252 διαζεύγνυσθαι
1629 4180 1862 4253 κρίσεως
1899 4178 2068 4251 ὀρθῆς

460 4343 464 4346 ,
489 4283 903 4349 ἀπολείπεσθαι,
928 4281 1005 4346 ὡς
1037 4280 1178 4344 δέον,
1201 4278 1326 4331 ἐπεὶ
1356 4275 1446 4330 διὰ
1486 4276 1588 4344 τῆς
1621 4272 2066 4345 συναρμοστικῆς

465 4375 716 4446 ,τελετῆς
742 4373 800 4428 έν
825 4371 985 4442 σῶμα
1024 4367 1306 4438 γεγόνασι,
1337 4363 1415 4437 μὴ
1466 4363 1775 4434 διατέμνειν
1838 4361 2064 4444 αὐτοὺς,

491 4470 607 4526 ἀλλ’
661 4465 976 4541 ἡνωμένους
1030 4463 1149 4534 ὲᾷν,
1204 4459 1300 4514 καὶ
1345 4457 1582 4530 μάλιστά
1615 4473 1679 4525 γε
1728 4455 2066 4527 κυριωτέρου

2157 3249 2277 3305 dem
2307 3249 2625 3312 statuimus,
2649 3261 2758 3300 non
2789 3260 2898 3316 quo
2929 3242 3308 3314 superioribus
3326 3241 3733 3310 Iegislatoribus

2158 3340 2566 3395 obtrectemus:
2594 3335 2688 3392 sed
2717 3345 2780 3400 ut
2809 3350 2972 3406 quam
3037 3334 3275 3390 subditis
3318 3347 3509 3387 curam
3565 3331 3733 3387 debe-

2161 3445 2302 3496 mus,
2337 3427 2754 3497 adimpleamus.
2779 3423 2898 3480 Jam
2930 3438 3061 3480 vero
3085 3423 3133 3479 si
3165 3423 3321 3478 l'nror
3351 3422 3468 3491 ipse
3508 3421 3733 3497 nuptial-

2159 3537 2281 3577 rum
2332 3521 2421 3575 die
2495 3519 3010 3583 animadvertatur,
3086 3513 3384 3586 quominus
3441 3494 3732 3568 confestim

2162 3612 2594 3676 matrimonium,
2620 3609 2839 3664 tametsi
2876 3623 3038 3665 sacro
3067 3607 3179 3661 ritu
3215 3604 3600 3661 conﬁrmatum
3641 3597 3736 3667 sit,

2163 3707 2520 3768 dissolvatur,
2551 3704 2689 3758 nillil
2721 3701 2997 3756 obstiterit
3026 3719 3038 3753 :
3067 3697 3406 3770 perindeque
3437 3712 3501 3750 ac
3527 3696 3574 3751 si
3610 3695 3742 3759 ante

2164 3797 2382 3865 nuptias
2443 3793 2598 3848 furor
2653 3789 3074 3845 animadversus
3101 3793 3287 3861 esset,
3323 3785 3733 3846 matrimonium

2165 3889 2220 3942 in
2266 3888 2481 3942 irritum
2539 3883 2772 3948 recidet,
2823 3889 2985 3952 atque
3023 3879 3377 3936 distraltetur.
3406 3877 3525 3940 Sed
3593 3877 3738 3947 quod

2163 3989 2290 4051 post
2326 3977 2796 4034 consecrationem
2843 3972 3238 4049 disiungendos
3296 3986 3419 4027 esse
3479 3969 3742 4051 coniuges

2162 4048 2394 4138 dicitur,
2419 4071 2657 4126 fortasse
2679 4070 2731 4122 id
2761 4048 3040 4122 nonnullis
3092 4073 3243 4122 recto
3269 4062 3476 4134 iudicio
3515 4048 3740 4118 destitui

2165 4160 2700 4232 videbiturzquasl',
2747 4169 3099 4230 posteaquam
3145 4143 3414 4212 sacrificio
3475 4153 3656 4226 iuncti
3685 4154 3744 4209 in

2167 4272 2336 4314 unum
2367 4270 2568 4325 corpus
2619 4253 2887 4317 coierunt,
2906 4266 3024 4313 non
3046 4249 3227 4305 dirimi
3253 4247 3526 4315 illos,sed
3546 4242 3742 4302 unitos

2170 4351 2279 4408 sini
2303 4355 2569 4420 oporteat.
2604 4347 2669 4401 Et
2700 4345 3002 4418 praesertim
3026 4343 3249 4415 quidem
3275 4357 3404 4397 cum
3471 4347 3744 4412 praestan-

2169 4442 2623 4505 tiusmembrum,
2657 4439 2901 4510 adeoque
2925 4444 3090 4508 caput
3116 4433 3330 4508 (50-31)
3359 4435 3588 4487 maritus
3634 4432 3743 4496 sit";

495 4515 695 4635 μέλους
709 4515 1426 4626 καλ-κειράλῆςὶύπάρχοντος
1448 4546 1539 4600 τοῦ
1563 4515 1775 4621 ἀνδρός.
1797 4515 1931 4597 ὸύδὲ
1963 4515 2043 4614 ἑὰ,

2146 4534 2353 4608 Γιιιειιιιο
2387 4533 2661 4607 praecipua
2691 4530 2945 4601 corporis
2969 4529 3238 4591 membra,
3269 4526 3316 4583 si
3345 4527 3539 4580 morbo
3561 4525 3749 4593 aliquo

495 4656 553 4711 ὲν
577 4652 792 4723 σώματι
818 4649 887 4703 τὰ
903 4647 1013 4700 τῶν
1062 4644 1240 4717 μελῶν
1271 4639 1583 4713 κυριώτερα
1629 4639 1734 4691 ὑπό
1767 4653 1911 4699 τινος
1934 4653 2069 4692 κατ-

495 4746 775 4818 εσχημένα
818 4741 1027 4804 πάθους
1067 4737 1416 4795 ἐκκόπτεται.
1466 4732 1608 4786 Ἀλλ’
1650 4723 1806 4793 οὗτος
1853 4731 1882 4782 ὁ
1909 4728 2070 4804 λόγος

497 4839 668 4900 δοκῶν
709 4838 846 4908 ὑπὲρ
890 4834 990 4906 τῆς
1033 4830 1283 4899 ένώσκεως,
1335 4827 1614 4891 ἵστασθαι,
1665 4825 1881 4899 ἀγνοεῖν
1925 4820 2072 4885 ἔοικε

2170 4641 2532 4708 occupentur,
2588 4624 2864 4698 amputari
2926 4624 3162 4682 soleant.
3222 4620 3387 4691 Atqui
3432 4620 3550 4675 haec
3579 4619 3747 4684 ratio,

2140 4727 2304 4781 -dum
2334 4739 2363 4776 a
2399 4721 2793 4792 coniunctione
2841 4724 3012 4782 stare,
3056 4725 3220 4785 atque
3261 4715 3412 4769 illam
3451 4711 3750 4768 defendere

2175 4832 2234 4873 se
2283 4822 2456 4887 putat,
2502 4809 2634 4883 quid
2675 4808 2778 4866 sibi
2825 4806 3134 4864 benedictio
3158 4805 3288 4862 velit
3316 4805 3570 4876 ignorare
3596 4801 3751 4861 vide:-

499 4894 602 5006 της
631 4894 929 5005 ἱερολογίας
1054 4894 1406 4997 βούλημα.Ἠ
1431 4919 1529 4991 μὲν
1552 4918 1682 4990 γὰρ,
1715 4894 1784 4971 τὰ
1808 4914 2043 4971 κάλλιστε

2177 4921 2288 4965 tur.
2339 4905 2466 4961 Haec
2492 4904 2637 4960 enim
2693 4898 3147 4973 praestantissima
3195 4912 3426 4970 quaeque
3473 4894 3752 4952 connubio

1832 5103 2068 5162 VARUE
2113 5093 2521 5160 LECTIONES.

573 5311 620 5345 “
634 5308 825 5367 Z‘uich.
867 5317 920 5364 et
952 5306 1173 5362 MBerm.
1213 5300 1436 5365 ἱκανῶς.

1521 5296 1759 5353 "iidem
1793 5295 1869 5352 illi
1896 5295 1944 5348 εί
1968 5293 2248 5350 omittunt.
2325 5291 2370 5323 ⁸⁸
2406 5287 2576 5345 iidem
2599 5286 2642 5342 ἃ
2664 5301 2770 5342 non
2797 5284 3019 5340 habent.

3098 5283 3141 5314 ⁶⁹
3159 5277 3338 5337 Codd.
3367 5275 3700 5349 προσῆλθεν.

2048 5456 2280 5517 ΝΟΤίΕ.

586 5641 696 5722 (2⁸5)
721 5639 1116 5722 Argumentum
1131 5633 1279 5722 satis
1317 5632 1533 5685 ﬁrmum
1557 5628 1623 5684 ad
1659 5626 1822 5696 huius
1845 5621 2082 5683 Novellze

516 5707 984 5766 emilirtuationem
1017 5707 1271 5760 observa.

589 5783 701 5852 (26)
725 5783 1117 5852 Argumentum
1144 5773 1288 5828 aliud
1310 5772 1522 5852 firmum
1552 5768 1954 5852 satis_obscr‘va‘:

591 5838 701 5922 i273
727 5838 848 5910 Vici.
873 5843 1011 5906 Nov.
1041 5847 1278 5917 22,.cap.
1323 5845 1408 5913 ιε,
1442 5841 1581 5899 Nov.
1614 5840 1735 5907 ιιι,
1767 5854 1815 5895 c.
1843 5838 1896 5905 8,
1928 5840 1980 5894 9.

2267 5618 2380 5690 (εδ)
2417 5617 2614 5690 νὶᾱεΑΙ.
2644 5613 2698 5681 2,
2738 5615 2794 5670 in
2829 5612 3028 5690 ﬁn._(_3.
3079 5611 3153 5668 De
3196 5607 3564 5681 sponsalibus,
3619 5606 3761 5664 adde

2191 5685 2396 5746 Photﬁt
2413 5732 2428 5753 ,
2453 5689 2508 5742 2.
2527 5687 2897 5743 Nomocanon.
2929 5685 3019 5738 i5.

2265 5760 2376 5831 (9.9)
2408 5760 2530 5814 νῆα.
2563 5753 2702 5811 Nov.
2721 5757 2812 5818 ea,
2833 5771 2884 5831 c_.
2918 5755 3006 5809 ts.

2277 5817 2477 5903 (δύ-51)
2501 5831 2675 5901 Caput
2712 5817 2899 5882 uxOris
2931 5824 3160 5882 maritus
3191 5825 3210 5877 Ι
3257 5823 3386 5881 Cor.
3408 5838 3468 5888 ιι,
3502 5834 3643 5896 νοτε.
3672 5817 3762 5875 l3.
