4078 6306
374 319 547 417 853.

1516 361 1891 425 NOVELLIE
1908 362 2580 431 CONSTITUTIONES.

383 473 837 539 κατοπτεύσεως
894 474 1042 531 αἰτία
1106 477 1213 531 τῶν
1269 478 1399 532 δέκα
1477 482 1656 535 ποδῶν
1720 480 1888 549 ὥριζε
1938 481 1985 534 τί

2103 499 2319 555 quoque
2341 486 2536 541 merito
2582 486 2724 543 idem
2776 489 2889 561 (-57)
2919 491 3159 562 spatium
3206 494 3485 552 eadenrde
3507 510 3672 554 causa

378 563 714 635 διάστημα,
762 566 906 622 οὕτω
939 568 1214 625 κάνταῦθα
1248 569 1337 626 διὰ
1391 571 1489 644 τὴν
1516 572 1686 644 αὐτὴν
1718 575 1901 628 αἰτίαν
1930 575 1994 629 τὸ

382 657 538 711 ἴσον
558 658 793 727 εὐλόγως
852 658 1250 734 διορισθήσεται
1308 664 1528 736 μέτρον,
1574 665 1816 735 καίτοιγε
1846 666 1879 737 ή
1912 667 1994 719 atl—

377 749 504 804 τὶα
562 752 660 823 τῆς
708 753 1123 820 κατοπτεύσεως
1178 754 1378 811 πλέονα
1416 759 1665 812 ἀπαιτεῖν
1721 758 1871 813 δοκεῖ
1894 759 1995 831 τήν

380 838 739 897 ἀπόστασιν.
774 844 837 897 Et
867 843 976 914 γάρ
1022 845 1111 899 διὰ
1138 845 1199 898 τὸ
1244 849 1318 917 μὴ
1354 850 1708 904 κατοπτεύειν
1732 848 1994 921 ἀλλήλους

378 931 474 985 τὰ
530 933 901 1002 γειτονεύοντα
939 935 1078 1008 μέρη
1102 936 1212 1009 τήν
1250 938 1359 991 τῶν
1388 939 1519 993 δέκα
1547 940 1724 994 ποδῶν
1757 944 1995 995 ποιεῖται

380 1023 708 1079 ἀπόκλισιν
742 1026 786 1058 ⁷⁸
813 1068 828 1093 ,
906 1028 1145 1084 ἐνταῦθα
1193 1030 1446 1086 τοσοῦτον
1515 1032 1720 1103 ὀφείλει
1788 1032 1991 1105 μᾶλλον

336 1174 339 1175 ν
376 1117 770 1187 ἀφίστασθαι,
811 1120 921 1190 ὅσῳ
957 1120 1052 1174 καὶ
1086 1122 1288 1191 μᾶλλον
1328 1123 1652 1195 ἐπιτηδείως
1685 1122 1900 1196 ἔχουσιν
1933 1126 1995 1179 at

376 1211 662 1268 τοιαῦται
716 1215 1050 1268 κατασκευαὶ
1077 1215 1215 1287 πρὸς
1236 1216 1616 1271 κατόπτευσιν.
1649 1217 1831 1287 Δῆλον
1853 1218 1985 1287 γὰρ,

376 1302 480 1369 ὥς
516 1306 579 1360 ὲν
601 1305 747 1377 οίκίᾳ
791 1323 876 1371 τις
918 1306 1283 1379 καθεζόμενος
1328 1309 1363 1379 ἦ
1392 1327 1445 1363 τι
1482 1310 1740 1382 πράττων
1788 1310 1888 1365 οὐκ
1921 1310 1988 1365 ἂν

375 1395 556 1451 οὕτω
588 1398 946 1470 κατοπτευθῇ,
975 1398 1184 1453 πολλῶν
1208 1400 1559 1472 ὑπαρχόντων
1606 1400 1990 1473 ἀντιφραγμά·

376 1506 517 1545 των
536 1506 552 1521 ·
583 1491 639 1544 ἐν
662 1490 719 1545 δὲ
745 1493 858 1556 τοῖς
877 1493 1006 1564 περὶ
1031 1484 1107 1547 ὧν
1135 1494 1164 1547 ὁ
1200 1492 1358 1563 λόγος
1401 1475 1755 1568 προσκηνίοις
1782 1494 1988 1564 ἔργοις,

376 1582 427 1654 ἢ
461 1581 552 1646 ὡς
579 1581 646 1637 ἂν
694 1584 745 1637 ot
798 1584 989 1639 πολλοὶ⁵
1041 1588 1199 1655 φαῖεν
1253 1585 1629 1659 έξωσταρίοις,
1687 1585 1841 1640 οὐδὲν
1906 1588 1995 1652 είς

377 1673 684 1746 περιοπὴν
710 1674 942 1745 ἕστηκεν
975 1674 1361 1748 ἀντιφράττον.

466 1771 582 1827 Διά
601 1770 761 1826 τοῦτο
791 1770 1142 1843 θεαπίξομεν,
1164 1771 1240 1844 μὴ
1255 1770 1456 1843 ἑτέρως
1474 1771 1674 1838 ἐξεῖναί
1689 1788 1796 1825 τινι
1814 1771 1991 1826 τοιοῠι-

2097 575 2521 645 prrescrlbetur:
2575 579 2879 649 prmsertim
2928 596 3060 638 vero
3093 622 3110 648 ,
3160 598 3287 639 cum
3339 595 3674 656 conspectus

2096 669 2355 739 majorem
2383 671 2549 725 etiam
2595 670 2910 729 distantiam
2958 675 3047 731 hic
3092 676 3370 747 requirere
3399 678 3697 737 videatur..

2094 757 2227 813 Nam
2248 761 2294 815 si
2327 776 2394 817 ne
2418 776 2477 817 se
2507 761 2738 819 invicem
2791 764 2961 820 vicini
2995 768 3362 837 conspiciant,
3394 771 3539 824 inter
3565 770 3696 825 alias

2094 852 2323 908 aediﬁcia
2355 853 2544 910 decem
2570 855 2775 926 pedum
2796 856 3148 929 intercapedo
3180 859 3546 929 relinquitur:
3582 861 3696 915 hicn-

2094 954 2245 1001 tanto
2277 946 2326 1003 id
2356 948 2533 1018 magis
2578 947 2695 1004 fieri
2731 947 2912 1016 debet,
2940 959 3148 1021 quanto
3175 950 3490 1021 huiusmodi
3525 962 3673 1008 stru-

2092 1047 2261 1094 cturae
2282 1039 2599 1110 conspectui
2632 1041 2809 1113 magis
2825 1050 2954 1098 sunt
2969 1043 3253 1113 expositae.
3273 1042 3501 1098 Constat
3525 1045 3669 1099 enim

2092 1130 2370 1187 sedentem
2405 1132 2752 1203 quidpiamve
2776 1131 3066 1190 facientem
3106 1133 3160 1189 in
3193 1134 3402 1191 :edibus
3433 1132 3670 1205 aliquem

2091 1225 2238 1296 quod
2270 1225 2439 1281 multa
2476 1236 2758 1296 septorum
2792 1226 3075 1282 obstacula
3127 1228 3407 1294 intersint,
3455 1243 3563 1282 non
3594 1228 3669 1281 ita

2092 1314 2253 1371 facile
2280 1332 2439 1386 posse
2464 1317 2736 1387 conspici.
2763 1316 2823 1372 In
2846 1316 3263 1389 prosceniorum
3295 1334 3427 1374 vero
3446 1318 3515 1373 de
3546 1319 3671 1388 qui-

2090 1408 2195 1465 bus
2227 1410 2408 1481 agitur
2447 1411 2733 1480 operibus,
2788 1419 2884 1466 aut
2928 1412 3231 1483 (quomodo
3281 1412 3439 1467 multi
3487 1411 3672 1469 dicere

2092 1502 2306 1572 malint)
2335 1503 2628 1566 menianis.
2646 1505 2954 1574 quominus
2974 1505 3029 1559 in
3057 1519 3444 1577 quamcunque
3461 1512 3691 1575 ραι-ιοη

2091 1594 2533 1669 circumspectus
2557 1597 2695 1652 nihil
2722 1598 2929 1655 obstet.

2162 1770 2235 1825 Ea
2268 1782 2491 1844 propter
2524 1775 2828 1841 sancimus,
2872 1776 3150 1838 nealiter
3203 1777 3457 1849 cuiquam
3506 1777 3690 1832 talem

376 1879 492 1916 τον
528 1861 962 1933 κατασκεύασμα
994 1862 1314 1929 τεκταίνειν,
1342 1861 1390 1914 εί
1422 1860 1499 1932 μὴ
1534 1860 1694 1925 πόδες
1725 1860 1858 1917 δέκα
1890 1860 1985 1930 τὴν

2092 1870 2427 1919 structuram
2452 1863 2710 1920 fabricari
2743 1866 3108 1938 liceat,quam
3140 1868 3185 1924 si
3219 1868 3407 1924 decem
3440 1866 3674 1939 pedibus

376 1956 459 2010 hs
495 1953 604 2009 τοῦ
621 1956 860 2025 γείτονος
897 1954 1096 2027 μέρους
1122 1953 1477 2027 ἀποχώρησιν
1507 1954 1997 2026 διαμετρήσουσιν..

394 2046 657 2121 ὀμοίως
670 2048 727 2103 δὲ
741 2050 835 2103 καὶ
846 2048 899 2103 εί
912 2066 994 2113 τις
1005 2049 1210 2121 ὀροφήν
1236 2049 1334 2119 τῆς
1353 2046 1529 2113 οίκίας
1550 2047 1780 2119 ἀμεῖψαι
1799 2046 1986 2119 βουλό-

380 2154 575 2213 μενος
609 2142 919 2215 μαρμάρων
942 2140 1154 2204 πλάκας
1172 2139 1445 2212 περιθείη,
1466 2139 1560 2194 καὶ
1580 2132 1737 2204 οὗτος
1761 2138 1838 2212 μὴ
1855 2138 1987 2211 πρὶν

374 2232 582 2289 τοῦτο.
601 2234 854 2307 πράττοι,
879 2234 1009 2307 πρὶν
1025 2234 1085 2289 τὸ
1106 2234 1228 2306 είρη
1238 2233 1397 2305 μένον
1418 2233 1693 2305 διάστημα
1715 2232 1824 2286 τῶν
1853 2231 1985 2285 δέκα

377 2324 587 2382 ποδῶν
649 2325 1056 2399 άπομακρύνων
1111 2325 1206 2380 τοῦ
1234 2325 1473 2396 γείτονος
1562 2325 1628 2380 ⁷³.
1677 2324 1897 2395 Ἐτέρου
1927 2323 1984 2379 δέ

377 2437 555 2483 τινος
607 2420 688 2485 είς
727 2419 984 2492 βοήθειαν
1042 2417 1447 2483 ἀνακύπτοντος
1474 2417 1701 2489 τρόπου,
1737 2416 1974 2488 λέγω-δή

378 2513 601 2586 χρόνου
651 2512 993 2588 μακροτέρου
1026 2512 1385 2585 παραδρομῆς
1408 2511 1846 2583 ὑπερϐαινούσης
1882 2511 1981 2581 τὴν

379 2605 637 2679 νομικὴν
703 2609 833 2679 περὶ
884 2607 1093 2680 χρόνων
1122 2605 1390 2673 διάταξιν,
1411 2606 1505 2676 ἀφ’
1530 2599 1592 2660 οὗ
1615 2606 1677 2660 τὸ
1695 2606 1855 2679 ἔργον
1880 2606 1980 2677 τήν

382 2699 643 2771 ὓπαρξιν
698 2698 968 2771 έ).α6εν,ἢ
1004 2700 1099 2755 ἰὰν
1127 2698 1375 2771 φιλικῇτθ
1408 2716 1516 2754 τινι
1551 2697 1978 2772 συμφωνίᾳδω-

386 2791 696 2864 μησαμένη
719 2793 818 2866 τὴν
864 2793 1049 2848 ἄδειαν
1079 2793 1109 2847 ὁ
1143 2791 1349 2864 ταύτην
1374 2790 1557 2846 λαϐὼν
1596 2791 1677 2855 είς
1707 2791 1767 2845 τὺ
1806 2789 1976 2861 ἐργά-

384 2881 595 2950 ζεσθαι
619 2880 974 2954 προελήλυθε,
994 2881 1293 2952 κελεύομεν
1311 2879 1405 2935 ἐπὶ
1422 2879 1516 2935 τοῦ
1540 2879 1745 2935 οἰκείου
1767 2879 1981 2949 σχήμα-

2091 1972 2120 2011 a
2151 1957 2461 2014 vicinorum
2494 1961 2793 2017 structuris
2848 1962 3145 2019 abstineat.
3181 1960 3449 2018 Similiter
3475 1961 3522 2017 si
3547 1960 3674 2030 quis

2088 2051 2286 2106 aedium
2343 2068 2564 2109 suarum
2602 2052 2881 2125 fastigium
2915 2065 3155 2123 mutans,
3180 2070 3518 2113 marmoreas
3541 2068 3677 2111 cru-

2089 2151 2205 2198 Stas
2232 2142 2471 2198 obducat
2498 2164 2513 2199 :
2541 2146 2629 2201 hic
2659 2147 2825 2202 etiam
2862 2163 2971 2202 non
3008 2148 3167 2202 aliter
3199 2147 3254 2202 id
3289 2146 3473 2214 faciat,
3506 2160 3673 2215 quam

2087 2236 2133 2293 si
2168 2237 2374 2292 dictum
2440 2238 2629 2294 decem
2683 2240 2889 2311 pedum
2947 2240 3305 2297 interstitium
3347 2240 3492 2295 inter
3525 2255 3584 2295 se
3615 2249 3679 2295 et.

2085 2327 2324 2385 vicinum
2390 2330 2693 2401 relinquat.
2740 2332 2861 2387 Alio
2936 2340 3118 2389 autem
3185 2331 3444 2403 quopiam
3505 2330 3687 2385 modo

2084 2420 2455 2477 intercedente
2490 2422 2675 2494 :longi
2713 2425 2973 2494 temporis
3009 2425 3444 2495 praescriptione,
3472 2438 3683 2495 nempe-

2088 2513 2133 2569 si
2161 2529 2227 2569 ex
2256 2528 2364 2583 quo
2393 2528 2533 2584 opus
2569 2516 2840 2581 constitit,
2873 2516 3135 2588 alegibus
3172 2517 3498 2587 praeﬁnitum
3524 2522 3671 2570 tem-

2087 2620 2191 2676 pus
2219 2605 2546 2669 decurrerit,
2575 2615 2668 2660 aut
2691 2617 2910 2677 pactum
2940 2615 3280 2674 asservetur,
3315 2622 3382 2661 ex
3417 2620 3525 2679 quo
3542 2603 3687 2675 quis.

2087 2693 2348 2751 facultate
2378 2706 2605 2765 accepta
2631 2695 2697 2751 ad
2720 2696 3106 2752 mditicandum
3142 2693 3442 2752 accesserit
3471 2712 3485 2748 :
3510 2692 3673 2763 iubeo
3734 2746 3739 2751 .

2097 2803 2243 2852 mus,
2301 2795 2360 2841 ut
2412 2788 2467 2842 in
2494 2802 2596 2843 suo
2640 2795 2788 2843 statu
2838 2796 3120 2843 structura
3162 2794 3402 2852 maneat,
3449 2784 3689 2841 tametsi.

2092 2891 2125 2931 a
2162 2875 2324 2933 vieini
2353 2884 2632 2931 structura
2652 2876 2839 2932 decem
2863 2877 3096 2950 pedibus
3134 2891 3243 2936 non
3267 2877 3456 2934 distet.

385 2995 487 3047 τος
516 2980 587 3036 τὸ
615 2978 776 3053 ἔργον
798 2978 1003 3052 μένειν.
1026 2979 1129 3049 τῆς
1160 2978 1270 3032 τῶν
1298 2978 1431 3033 δέκα
1457 2974 1635 3033 ποδῶν
1671 2976 1747 3048 μὴ
1788 2990 2055 3047 παραιτου
2065 2972 2232 3045 μένης
2256 2961 2606 3039 ἀποστάσεως
2619 2975 2687 3032 ⁷⁵.

926 3070 1237 3126 ΔΙΔΤΑΞΙΣ
1261 3068 1465 3124 ΡΙΔ¹⁴¹⁶.

508 3191 831 3261 Θέσπισμα
861 3188 971 3245 τοῦ
990 3186 1269 3314 deﬁniat)
1286 3188 1331 3218 "
1354 3184 1665 3251 βασιλέωο
1692 3182 1878 3253 πυροῦ

1136 3275 1336 3314 ortae.

1136 3275 1336 3324 οντος.

476 3354 702 3420 Ἔξεστι
748 3352 827 3425 τῷ
880 3352 1163 3423 κατέχοντι
1232 3348 1492 3421 ἀκίνητον
1550 3347 1984 3419 διαπιπράσκειν

394 3447 543 3519 πρδς
582 3446 618 3501 δ’
643 3445 750 3519 ἄρα
815 3443 1064 3516 βούλεται
1113 3440 1405 3514 πρόσωπον
1456 3437 1880 3501 ἀνεπικωλύτως
1919 3453 1980 3491 τε

396 3542 497 3597 καί
549 3537 997 3609 ἀνεπιφωνήτως.
1027 3535 1144 3591 Πᾶν
1181 3532 1292 3605 γὰρ
1330 3530 1595 3602 ἀκίνητον
1617 3528 1983 3599 ὑποδημόσιον

393 3630 459 3687 ιν
489 3628 793 3701 ικχωρεϊηὴ
849 3623 1098 3698 βασιλεία
1153 3640 1258 3694 μου
1321 3620 1401 3692 τῷ
1458 3619 1557 3691 τὴν
1614 3616 1984 3689 καταϐολήνη

399 3719 718 3791 ποιουμένῳ
764 3717 872 3774 τῶν
917 3715 1267 3790 δημοσιακῶν
1292 3712 1477 3785 βαρῶν
1511 3710 1850 3779 ἐξωνεῖσθαι,
1874 3709 1985 3763 τῶν

396 3812 819 3886 γατνιαζόντων
842 3810 922 3884 μὴ
945 3809 1265 3866 κωλυόντων
1295 3809 1396 3878 τήν
1433 3807 1739 3877 ὲκποίησιν.
1766 3804 1830 3857 Ei
1866 3802 1977 3874 γὰρ

401 3909 436 3963 ὁ
463 3909 635 3978 πένης
667 3908 760 3962 καὶ
804 3904 1018 3976 πτωχὸς
1075 3901 1171 3957 καὶ
1229 3901 1557 3973 πράγματος
1599 3899 1674 3969 μὴ
1704 3895 1979 3968 εὐπορῶν,

402 3999 734 4072 βουλόμενος
789 3998 850 4051 τὸ
901 3998 1100 4051 οἰκεῖον
1159 3993 1556 4065 ὲκποιήσασθαι
1603 3989 1879 4060 ἀκίνητον,
1931 3988 1981 4041 οι

404 4091 803 4165 πλησιάζοντες
850 4090 907 4143 δὲ
940 4089 1187 4153 ὑπούλως
1239 4089 1308 4141 τὰ
1364 4088 1604 4157 σήμερον
1651 4083 1746 4137 καὶ
1793 4080 1981 4151 αὔριον

406 4184 754 4256 ἐκδεχόμενοι
780 4182 858 4253 τῷ
884 4180 1083 4254 πτωχῷ
1120 4180 1215 4235 καὶ
1275 4177 1470 4249 πένητι
1499 4176 1567 4234 τὸ,
1586 4176 1785 4229 οἰκεῖον
1816 4190 1979 4227 κατα-

404 4277 617 4333 λίποιεν
655 4276 932 4348 ἀκίνητον,
963 4277 1012 4329 εί
1039 4274 1192 4328 οὐδὲν
1212 4273 1246 4325 ὁ
1270 4268 1590 4343 πλησιάζων
1622 4265 1982 4337 ἀναλάῦηται,

405 4373 554 4427 πάνυ
580 4371 646 4442 τῇ
677 4368 924 4441 βασιλείᾳ
978 4385 1077 4439 μου
1134 4365 1410 4435 λογίζεται
1460 4361 1663 4416 ἄδικον.
1741 4357 1833 4411 Διὸ
1887 4356 1984 4410 καὶ

2546 3064 3013 3123 CONSTITDTIO
3045 3064 3236 3124 CXIV.

2094 3172 2169 3227 De
2189 3174 2507 3229 alienatione
2538 3191 2717 3229 rerum
2753 3174 3106 3229 immobilium
3132 3184 3182 3228 et
3212 3182 3447 3229 retracta
3486 3175 3671 3231 decre-

2260 3255 2369 3298 tum
2397 3246 2647 3312 praeclari
2677 3246 3019 3314 imperatoris
3055 3246 3261 3299 domini
3286 3244 3501 3300 Leonis.

2160 3336 2315 3393 Licet
2365 3338 2671 3407 possidenti
2704 3352 2817 3393 rem
2841 3336 3177 3393 immobilem
3205 3337 3445 3393 vendere
3490 3338 3579 3392 cui
3606 3336 3673 3393 li-

2090 3429 2271 3485 buerit
2301 3446 2549 3499 persona;
2572 3430 3253 3502 absqueimpedimentoet
3276 3430 3671 3500 prohibitione.

2089 3522 2319 3578 Omnem
2354 3524 2498 3579 enim
2532 3540 2644 3579 rem
2665 3524 3002 3580 immobilem
3036 3538 3157 3595 quas
3183 3524 3403 3591 publica
3433 3522 3527 3589 sit,
3548 3536 3671 3594 per-

2090 3614 2256 3669 mittit
2300 3630 2417 3669 mea
2449 3615 2598 3685 regia
2648 3624 2890 3685 potestas
2929 3615 2979 3671 ei
3031 3616 3122 3686 qui
3160 3615 3503 3685 publicorum
3534 3628 3670 3669 one-

2090 3726 2210 3766 rum
2252 3710 2579 3765 solutionem
2638 3709 2853 3777 fecerit,
2883 3724 3086 3776 emere,
3139 3710 3302 3765 modo
3340 3708 3505 3764 vicini
3536 3708 3672 3765 alie-

2090 3802 2368 3858 nationem
2394 3818 2501 3857 non
2529 3801 2939 3873 impediverint.
2974 3801 3031 3857 Si
3063 3803 3208 3857 enim
3232 3818 3355 3858 cum
3383 3816 3589 3871 pauper
3615 3807 3673 3856 et

2090 3894 2377 3949 mendicus
2416 3905 2473 3948 et
2532 3908 2648 3947 rem
2691 3893 2895 3948 nullam
2950 3893 3248 3963 possidens
3291 3893 3526 3949 voluerit
3552 3908 3671 3947 rem

2089 3987 2368 4056 propriam
2422 3984 2757 4039 immobilem
2804 3985 3075 4053 alienare,
3143 3985 3435 4055 propinqui
3485 3991 3669 4039 autem

2092 4077 2470 4133 fraudulenter
2503 4091 2612 4130 uno
2637 4083 2692 4130 et
2723 4076 2898 4141 altero
2921 4075 3010 4131 die
3040 4077 3320 4132 substituti
3349 4076 3571 4147 pauperi
3615 4082 3672 4129 et

2090 4172 2341 4226 mendico
2395 4184 2508 4223 rem
2582 4170 2869 4239 propriam-
2938 4170 3264 4226 donaverint
3311 4168 3670 4233 immobilemI

2090 4280 2255 4335 quum
2292 4264 2427 4318 nihil
2490 4267 2832 4336 propinquus
2883 4264 3180 4334 acceperit,
3238 4261 3489 4324 omnino,
3550 4272 3669 4314 mea

2091 4357 2239 4428 regia
2272 4364 2541 4426 potestate
2579 4367 2864 4428 reputatur
2906 4358 3198 4425 iniustum.
3231 4354 3359 4409 Ideo
3387 4361 3443 4408 et
3469 4350 3671 4408 statui-

406 4435 704 4533 διορίζεται
753 4435 911 4516 πᾶσι·
946 4435 1057 4525 τοῖς
1108 4458 1335 4530 ἀπόροις
1382 4456 1479 4510 καὶ
1506 4454 1762 4523 πτωχοῖς,
1798 4450 1865 4503 τὰ
1902 4448 1978 4519 μὴ

2089 4457 2169 4502 tur
2222 4449 2511 4519 egentibus
2565 4458 2621 4504 et
2686 4449 2957 4506 mendicis
3010 4465 3102 4505 res
3136 4464 3258 4519 quae
3284 4462 3393 4502 non
3425 4450 3666 4516 possunt.

408 4556 683 4629 δυνάμενα
725 4555 979 4626 κατέχειν
1025 4553 1259 4625 ἀκίνητα
1309 4547 1651 4606 ὲκποιεῖσθαι
1694 4540 1985 4613 ἀποτιμῶ-

416 4667 575 4720 μενα,
619 4651 716 4704 καὶ
778 4648 870 4703 τὸν
921 4645 1287 4716 ἐξωνούμενον
1310 4646 1358 4677 τ’
1394 4640 1574 4704 καλῶς
1631 4636 1882 4706 κατέχειν
1924 4634 1986 4688 τὸ

417 4740 719 4811 ἐξωνηθέν’
751 4740 945 4811 μέχρις
970 4738 1078 4809 γὰρ
1125 4737 1219 4791 τοῦ
1270 4735 1541 4807 ἑξαμήνου
1597 4729 1692 4785 τοῦ
1760 4726 1981 4798 πρώτου

416 4836 605 4906 χρόνου
647 4833 909 4903 ἔκκλητον
947 4833 1121 4885 ποιεῖν
1152 4830 1276 4893 τοὺς
1309 4825 1660 4897 γειτνιῶντας
1690 4822 1784 4875 καὶ
1813 4818 1988 4881 οὓτως

419 4926 914 4999 ἀναστρεφομένης
944 4926 1044 4997 τῆς
1080 4924 1247 4996 τιμῆς
1271 4920 1349 4993 τῷ
1381 4917 1779 4991 ὲξωνησαμένῳ
1794 4911 1988 4967 λαϐεῖν

2084 4541 2391 4596 innnobilcs
2422 4542 2689 4598 exsistere
2745 4550 2869 4613 post
2905 4540 3330 4597 aestimationem
3401 4538 3667 4599 alienare,

2082 4643 2139 4687 et
2186 4639 2492 4702 emptorem
2525 4633 2663 4689 bene
2696 4632 2984 4704 possidere
3012 4633 3159 4703 quod
3187 4632 3353 4697 emit;
3384 4644 3563 4699 usque
3594 4628 3666 4684 ad

2083 4738 2175 4779 sex
2213 4738 2432 4779 menses
2461 4738 2489 4777 a
2522 4725 2698 4795 primo
2734 4732 2983 4795 tempore
3024 4724 3446 4794 appellationem
3485 4720 3670 4776 facere

2084 4820 2298 4875 vicinos
2350 4834 2530 4889 posse,
2587 4830 2642 4874 et
2694 4821 2775 4877 sic
2806 4820 3172 4876 aestimatione
3201 4827 3411 4874 mutata
3444 4816 3513 4872 ab
3550 4830 3670 4872 em-

2087 4918 2244 4980 ptore
2296 4910 2488 4966 tollere
2544 4926 2660 4967 rem
2711 4911 2873 4966 istam
2914 4910 3286 4975 immobilem;
3338 4908 3441 4966 hoc
3484 4916 3667 4964 autem

1710 5075 1952 5136 VARUS
2007 5072 2410 5131 LECTIONES.

488 5237 531 5269 τι
565 5234 799 5308 scr-mg.
829 5236 1025 5292 ὑπόκλ,
1091 5236 1141 5270 τι
1170 5233 1344 5292 Codd,
1373 5234 1432 5304 ἦ,
1502 5229 1550 5263 ⁷⁸
1577 5226 1750 5284 Codd.
1787 5222 2026 5294 φυλακῇ.
2096 5220 2146 5253 ’⁸³
2176 5220 2455 5275 Hactenus
2482 5221 2988 5303 interpretationem
3012 5220 3215 5303 Agylaai
3244 5220 3418 5275 secuti
3446 5234 3666 5301 sumus:

488 5322 540 5347 ,ω
561 5320 865 5347 αοηηιιηιιιι·
883 5307 1315 5347 ηηηειίιηιῑιιηρει
1347 5301 1639 5347 Latinitate
1653 5297 1999 5347 donavimus.
2032 5290 2195 5346 Entr.
2244 5291 2292 5323 ⁷⁸
2321 5290 2445 5347 Haec
2474 5291 2711 5347 Constit.
2739 5301 2955 5347 servata
2987 5303 3073 5347 est
3100 5308 3153 5347 m
3173 5291 3337 5347 codd.
3371 5289 3543 5345 Paris.
3569 5290 3665 5345 Gr-

423 5322 540 5374 ουκ
560 5300 865 5376 sequuntur
883 5307 1315 5365 Constitutiones
1347 5300 1639 5357 Latinitate
1653 5300 1999 5351 donavimus.
2032 5300 2195 5346 Entr.
2222 5300 2292 5371 _"
2321 5300 2445 5349 Hac
2474 5300 2711 5347 Constit.
2739 5301 2955 5375 servata
2987 5303 3073 5349 est
3100 5300 3153 5347 in
3173 5300 3337 5348 codd.
3371 5300 3543 5373 tiaris.
3569 5300 3665 5345 Gr-

427 5376 555 5433 1546
598 5378 691 5433 fol.
741 5378 866 5439 255.
920 5379 1081 5435 Vind.
1110 5377 1292 5434 Jurid.
1324 5374 1419 5431 Gr.
1442 5374 1478 5428 5
1507 5372 1604 5427 fol.
1645 5368 1769 5439 377,
1803 5365 2063 5439 Laurent.
2101 5361 2316 5439 LXXX,
2345 5364 2381 5439 ρ
2414 5362 2509 5439 fol.
2535 5363 2663 5439 250:
2836 5361 3068 5421 deob.
3105 5361 3296 5433 Νεαρά
3322 5378 3419 5417 του
3448 5362 3668 5420 εὐσεϐε-

428 5448 615 5505 στάτου
648 5450 767 5505 κτλ.
848 5438 895 5483 "
915 5449 1071 5506 Paris
1104 5449 1367 5520 κατοχήν,
1399 5443 1543 5517 quod
1572 5438 1975 5499 emendandum
2023 5443 2165 5491 erat.

2277 5434 2320 5465 ⁷⁹
2345 5432 2520 5491 Paris.
2550 5436 2578 5488 ὁ
2602 5432 2989 5505 ἐξωνούμενος.

1900 5601 2135 5662 NOTAE.

517 5794 607 5867 37)
634 5796 824 5853 Decem
845 5796 1038 5867 pedum
1059 5796 1178 5852 scil.
1203 5803 1260 5850 ut
1281 5809 1440 5864 supra
1464 5793 1587 5849 eod.
1612 5787 1799 5867 ct_adl.
1817 5782 1994 5867 _H,C.

435 5857 503 5921 De
518 5857 709 5925 editio.
737 5857 985 5940 priuatis,
1011 5867 1118 5924 nisi
1139 5857 1412 5936 publicum
1436 5867 1615 5924 solum
1636 5865 1707 5922 sit
1728 5858 1961 5917 vicinum
1984 5871 1996 5921 ;

2109 5784 2341 5857 spatium
2404 5786 2549 5843 enim
2609 5788 2920 5857 quindecim
2957 5786 3158 5857 pedum
3225 5780 3665 5857 relinquendum.

2109 5853 2364 5914 liarmen.
2392 5860 2445 5917 ti.
2481 5875 2528 5915 c.
2588 5852 2715 5931 περὶ
2740 5852 3049 5931 οἰκοδομῆς.

3568 376 3681 440 6M-
3790 410 3791 413 η
