4078 6306
273 408 415 470 δδι
1730 393 2123 456 APOLOGIA.
3459 386 3568 453 652

269 510 530 586 Ἶισπερ
553 511 623 567 τὰ
644 511 810 585 νεῦρα
832 508 939 564 τῶν
972 506 1275 563 λαλούντων
1296 506 1546 577 ὀργάνων

2064 502 2203 558 Cum
2257 513 2385 554 vero
2426 498 2661 554 delirant
2717 512 2784 551 ex
2844 495 3202 567 malignitate,
3235 504 3292 553 et
3345 513 3446 553 ceu
3495 501 3575 555 la-

285 605 489 659 Ῥέων
518 604 547 657 δ
580 601 791 673 μακρὸς
809 600 875 653 οὐ
899 598 1201 671 διαφθείρει
1222 598 1435 669 χρόνος.

1991 593 2211 666 pidibus
2269 592 2480 647 nocivis
2537 600 2594 645 et
2642 590 2939 645 acerbitate
2978 588 3192 660 plenis,
3229 592 3578 649 sermonibus

367 699 541 755 Ἐπεὶ
568 698 624 752 δὲ
661 696 1053 769 μαργαίνουσιν
1082 696 1147 747 ὲκ
1177 693 1467 764 πονηρίας.

1989 704 2095 743 nos
2156 685 2427 755 impetunt
2510 684 2731 755 longum
2786 696 2882 752 per
2953 691 3208 753 tempus,
3261 684 3576 739 cicadarum

271 793 550 865 Πέτρους
577 790 917 861 ὁλοιτρόχους
950 804 1012 841 τε
1043 786 1273 857 μεστοὺς
1301 784 1549 855 πικρίας,

1992 787 2350 850 sumpserunt
2427 777 2544 833 alas
2591 777 2872 839 fortasse,
2935 784 2995 830 ut
3050 790 3149 830 nos
3222 775 3574 832 lacesserent.

272 888 519 956 Λόγους
549 881 673 937 καθ’
698 881 854 951 ἡμῶν
882 877 1229 949 σφενδονοῦσι
1260 876 1559 947 μακρόθεν,

1994 870 2050 925 Si
2082 870 2215 942 quid
2258 878 2473 940 oportet
2533 884 2788 939 magnum
2822 867 3005 938 loqui,
3042 868 3244 921 malum
3287 882 3386 936 pro
3437 867 3579 921 malo

269 980 571 1046 Τέττιγος
604 972 897 1046 ἐδράξαντο
918 969 1013 1023 τοῦ
1043 968 1242 1039 πτεροῦ
1270 968 1345 1039 (4)
1370 969 1534 1037 τάχα,

1991 964 2257 1029 inferens,
2317 962 2451 1017 dicit
2521 963 2803 1016 matricida
2831 1001 2849 1025 ,
2891 961 3095 1016 Atridae
3148 961 3294 1016 [ilius
3330 978 3349 1017 :
3384 956 3579 1017 inutile
3680 1008 3683 1017 .

272 1067 587 1134 Νύξαντες
615 1066 785 1137 ἡμᾶς,
826 1062 879 1116 εῐ
906 1080 957 1116 τι
982 1061 1063 1115 δεῖ
1086 1060 1181 1115 καὶ
1203 1061 1510 1131 κομπάσαι,

1992 1057 2200 1113 invenit
2236 1056 2293 1111 in
2333 1056 2441 1112 vita
2478 1056 2847 1127 proverbium.
2888 1053 3001 1125 Ego
3054 1063 3235 1111 autem
3297 1056 3440 1112 bono
3479 1055 3576 1111 bo-

273 1157 501 1213 Κακὸν
539 1154 699 1225 κακῷ
727 1154 825 1225 μὲν
855 1153 1134 1223 ἐξιέμενος
1170 1150 1361 1216 πάλαι,

1991 1167 2123 1206 num
2178 1151 2488 1207 rescribens
2544 1165 2897 1217 sermonem,
2958 1150 3145 1220 linquo
3199 1148 3253 1203 in
3294 1149 3402 1203 vita
3461 1164 3576 1203 me-

295 1251 375 1306 'O
407 1248 824 1322 μητροραιστης
847 1246 924 1315 (5)
953 1246 1118 1315 φησιν
1141 1243 1419 1315 ’Δτρεῐδου
1454 1241 1633 1311 γόνος,

1992 1246 2245 1306 moriam,
2290 1244 2559 1314 parricida
2591 1243 2739 1312 impii
2797 1242 3069 1313 magistri,
3098 1241 3352 1311 quamvis
3404 1240 3575 1298 Graeci

279 1342 623 1414 ’Δχρηστον
648 1334 807 1410 εὗρεν
839 1338 897 1391 ὲν
926 1335 1026 1408 βίῳ
1055 1336 1355 1406 παροιμίαν
1378 1351 1393 1363 '

1992 1338 2046 1393 in
2080 1338 2259 1391 medio
2289 1338 2731 1408 disrumpantur,
2760 1336 2957 1391 furiosi
2985 1333 3115 1392 facti
3138 1336 3197 1391 in
3230 1336 3580 1393 sermonibus

292 1436 471 1509 Ἐγὼ
500 1435 561 1490 δὲ
588 1433 741 1505 καλῷ
770 1431 936 1487 καλὸν
965 1430 1263 1501 ὲγγράφων
1297 1428 1480 1498 λόγον,

1990 1443 2116 1485 cum
2150 1428 2447 1484 Telcbiuis.

279 1529 412 1584 Τὸν
450 1528 651 1600 εὐσεδῆ
684 1527 857 1580 λείπω
890 1541 956 1593 γε
993 1522 1164 1595 μῦθον
1194 1522 1255 1575 ὲν
1284 1521 1386 1593 βίῳ

299 1624 378 1679 ’0
414 1621 829 1693 πατροραιστης
854 1614 1148 1682 δυσσεδοῦς
1172 1613 1520 1677 διδασκάλου,

284 1713 435 1771 Κᾶν
468 1714 519 1767 si
540 1712 886 1786 διαρραγεῖεν
910 1707 1171 1780 Ἕλληνες
1203 1705 1392 1777 μέσον,

281 1809 589 1873 Μανέντες
605 1810 663 1862 ὲν
692 1806 900 1875 λόγοισι
930 1803 1203 1875 Τελχίνων
1231 1801 1392 1874 μέτα.

367 1900 495 1955 Καὶ
522 1899 715 1972 πρῶτα
746 1898 845 1970 μὲν
879 1897 1029 1971 ζήλῳ
1058 1911 1124 1967 γε
1142 1894 1376 1968 ῥωσθεὶς
1406 1893 1581 1965 ὲνθέῳ

281 1988 552 2061 Χριστὸν
590 1985 787 2058 κριτὴν
808 1984 999 2057 τίθημι
1014 1985 1108 2039 τὸν
1136 1984 1268 2039 Θεὸν
1299 1985 1495 2052 Λόγον,

297 2083 405 2147 Ὠς
431 2082 566 2136 ὄντα
600 2079 785 2152 πηγὴν
813 2079 914 2151 τῆς
938 2076 1200 2151 ἀληθείας
1234 2076 1397 2147 μόνον
1430 2092 1445 2106 ·

279 2176 411 2232 Καὶ
429 2173 515 2245 τῷ
538 2173 697 2245 Λόγῳ
725 2172 913 2244 θρόνον
944 2188 1005 2225 τε
1031 2170 1126 2226 καὶ
1160 2170 1314 2243 βῆμα
1344 2170 1541 2241 γράφω

283 2266 508 2333 Τάξεις
535 2266 907 2338 παρεστώτων
933 2281 998 2336 γε
1018 2264 1234 2319 σεπτῶν
1261 2264 1534 2333 ἀγγέλων,

279 2362 413 2417 Καὶ
454 2360 714 2431 συγκαλῶ
746 2359 971 2434 θέατρον
996 2360 1297 2432 ἀνθρώπων
1320 2359 1483 2429 μέγα,

284 2453 417 2510 Καὶ
447 2451 869 2527 προσκαλοῦμαι
898 2453 1025 2517 τοὺς
1055 2453 1225 2524 ἐμοὺς
1248 2452 1612 2523 κατηγόρους,

280 2549 489 2606 Μέσον
520 2546 806 2620 παρελθὼν
835 2544 911 2610 ὣς
940 2563 1024 2611 τις
1050 2546 1272 2618 ὁπλίτης
1290 2546 1433 2611 νέος,

284 2640 418 2695 οὐκ
457 2642 542 2705 εις
571 2637 760 2708 ἀγῶνά
790 2656 935 2711 φημι
966 2638 1075 2693 τῶν
1095 2628 1437 2709 Ὀλυμπίων,

286 2733 653 2807 Ἐχκλησιῶν
678 2733 738 2789 δὲ
769 2733 880 2789 τῶν
900 2733 1016 2789 ἄνω
1038 2734 1261 2789 καὶτῶν
1293 2733 1468 2797 κάτω,

281 2829 541 2901 Μέτειμι
564 2826 751 2884 λοιπον
782 2830 843 2882 ὲν
866 2827 1127 2900 κονίστρᾳ
1151 2826 1260 2882 τῶν
1291 2826 1488 2895 λόγων.

2069 1838 2135 1893 ει
2169 1837 2406 1909 primum
2449 1838 2671 1909 quidem
2720 1836 2841 1893 zelo
2872 1844 3031 1894 actus
3078 1835 3265 1892 divino
3290 1834 3581 1894 Christum

1925 1917 1969 1976 Β
1992 1930 2233 2003 judicem
2266 1938 2449 1987 statuo
2481 1929 2651 1987 Deum
2690 1930 2927 1985 Verbum
2956 1970 2972 1995 ,
3006 1937 3065 1984 ut
3097 1938 3181 1985 est
3210 1928 3457 1985 veritatis
3485 1944 3579 1986 so-

1996 2024 2083 2081 lus
2107 2023 2267 2093 fons;
2293 2033 2349 2080 et
2364 2022 2545 2080 Verbo
2573 2025 2827 2079 thronum
2856 2032 2911 2080 et
2940 2025 3238 2081 srabellum
3270 2023 3455 2081 scribo
3480 2040 3575 2081 or—

1992 2118 2153 2174 dines
2188 2132 2314 2173 esse
2350 2117 2838 2173 circumstantium
2865 2125 3185 2175 sanctorum
3224 2118 3570 2189 angelorum,

1992 2218 2048 2266 et
2089 2225 2337 2266 convoco
2383 2224 2641 2281 maguum
2679 2208 2962 2266 hominum
2997 2220 3224 2275 castum,
3274 2218 3332 2269 et
3362 2212 3581 2268 advoco

1992 2319 2143 2359 meos
2171 2311 2546 2369 accusatores,
2578 2301 2634 2359 in
2669 2302 2906 2358 medium
2937 2303 3273 2376 ingrediens,
3300 2311 3361 2359 ut
3396 2318 3575 2360 novus

1997 2394 2222 2465 quidam
2255 2394 2436 2462 miles,
2487 2409 2597 2449 non
2630 2394 2686 2449 in
2718 2402 2997 2451 certamen
3046 2396 3170 2453 dico
3204 2394 3571 2469 Olympicum,

1991 2489 2086 2543 sed
2115 2488 2166 2541 in
2219 2485 2497 2542 Ecclesias
2527 2501 2649 2556 quae
2678 2502 2842 2555 supra
2892 2495 2947 2544 et
2971 2487 3113 2544 infra
3148 2490 3447 2561 exsistunt,
3479 2489 3572 2545 iu-

1990 2579 2211 2649 gredior
2242 2580 2462 2637 tandem
2491 2594 2813 2636 sermonum
2844 2595 3058 2638 aream.

364 2920 635 2994 Ἐρροισν
662 2922 712 2977 οἱ
738 2921 985 2977 τδΘετον
1021 2921 1402 2993 ὲξηρνημένοι,

2063 2926 2381 2999 Dispeream
2412 2926 2506 3000 qui
2530 2925 2700 2983 Deum
2729 2939 2952 2993 negant,
2986 2926 3143 2983 furiis
3169 2929 3445 2999 agitentur
3465 2934 3567 3003 qui

282 3011 548 3072 Mavsicv
577 3014 628 3070 oi
656 3015 895 3077 Μάνιντι
928 3015 1367 3086 συμμεμηνότες,

1988 3034 2114 3074 cum
2168 3019 2326 3074 Mane
2387 3019 2690 3081 insaniunt.
2742 3027 2965 3088 pereant
3010 3018 3104 3088 qui
3142 3020 3329 3075 colunt
3353 3020 3569 3077 Graeco-

283 3105 575 3179 Φθαρεῖεν
603 3106 657 3159 ol
680 3105 933 3169 σέϐοντες
976 3104 1245 3176 Ἑλλήνων
1284 3103 1463 3171 θεοὺς,

1990 3125 2110 3164 rum
2158 3110 2311 3174 deos,
2358 3109 2492 3166 deos
2540 3108 2716 3164 amori
2778 3117 2834 3165 et
2877 3109 3229 3180 passionibus
3278 3111 3570 3180 obnoxios,

282 3200 469 3263 Θεοὺς
489 3197 658 3271 ἔρωτι
687 3199 788 3254 καὶ
816 3199 979 3254 πάθει
1001 3197 1404 3270 συνημμένους,

1989 3202 2123 3257 deos
2179 3218 2210 3257 a
2256 3203 2453 3258 vilibus
2500 3202 2634 3260 viris
2683 3203 3019 3269 vulneratos,
3052 3204 3185 3261 deos
3210 3206 3484 3263 adulteros
3515 3216 3571 3263 et

282 3293 469 3357 θεοὺς
491 3290 588 3347 ὑπ’
610 3291 823 3363 ἀνδρῶν
848 3289 1084 3345 εὐτελῶν
1110 3292 1511 3362 τετρωμένους,

1993 3295 2123 3350 deas
2153 3296 2508 3358 meretrices,
2558 3295 2692 3351 deas
2737 3311 2857 3365 qua:
2904 3296 3066 3352 boum
3115 3297 3439 3355 custodibus
3473 3315 3570 3355 nu-

284 3383 469 3448 Θεούς
491 3400 555 3436 τε
580 3384 803 3455 μοιχοὺς
823 3384 921 3437 καὶ
942 3382 1073 3448 θεὰς
1098 3383 1466 3453 κασσωρίδας,

1991 3392 2242 3455 psernnt,
2281 3384 2414 3441 deos
2440 3384 2668 3441 claudos
2693 3393 2748 3439 et
2771 3384 2901 3441 deas
2938 3385 3140 3445 luscas.

287 3478 442 3544 Θεάς
469 3478 567 3533 ὑπ’
588 3479 800 3550 ἀνδρῶν
823 3477 1100 3549 βουκόλων
1122 3478 1503 3549 γαμουμένας,

282 3572 466 3639 Θεούς
493 3588 558 3627 τε
577 3571 804 3643 χωλοὺς,
830 3573 927 3627 καὶ
952 3571 1330 3645 παραϐλῶπας
1367 3570 1521 3637 θεάς.

360 3666 600 3723 Πέσοιεν
629 3668 678 3719 οἱ
708 3668 786 3737 μὴ
806 3666 1239 3739 προσκυνοῦντες
1261 3666 1549 3737 ἐμφρόνως

2064 3650 2278 3708 Cadant
2306 3650 2399 3720 qui
2429 3666 2538 3708 non
2562 3651 2911 3709 adoraverint
2944 3652 3238 3724 prudenter
3262 3652 3428 3711 Deum
3453 3657 3525 3711 tri

284 3759 413 3831 Θεῷ
440 3757 756 3831 προσώποις
771 3759 830 3814 ὲν
856 3757 1005 3830 τρισὶ
1020 3757 1313 3830 νοουμένῳ,

1988 3744 2093 3800 bus
2139 3744 2194 3799 in
2246 3743 2804 3815 personis'cognitum
2829 3783 2846 3809 ρ
2889 3745 3335 3816 celebratumque
3362 3748 3416 3802 in
3448 3765 3560 3804 una

302 3858 518 3928 ’Υμνου
527 3856 675 3928 μένῳ
698 3854 759 3909 δὲ
784 3856 852 3926 τῇ
877 3857 979 3927 μιᾷ
1010 3853 1148 3925 μόνῃ
1174 3853 1335 3922 φύσει
1360 3868 1376 3884 ο

1985 3837 2100 3894 sola
2150 3846 2368 3893 natura.
2411 3835 2713 3893 Moriautur
2739 3839 2832 3910 qui
2862 3853 3080 3894 carnem
3112 3838 3206 3894 Dei
3236 3838 3398 3895 Verbi
3436 3857 3561 3896 cum

289 3950 527 4005 Θάνοιεν
544 3949 599 4002 ol.
633 3949 733 4021 τὴν
760 3948 942 4020 σάρκα
977 3945 1074 4002 τοῦ
1099 3946 1233 4000 Θεοῦ
1276 3946 1452 4015 Λόγου

1988 3932 2183 3985 timore
2214 3945 2323 3985 non
2351 3930 2626 3986 coluerint
2653 3945 2715 3985 ex
2762 3940 2875 3987 tota
2906 3942 3105 3986 mente.
3145 3930 3399 3988 Christus
3430 3948 3563 3988 con-

289 4035 392 4107 Μὴ
423 4038 525 4091 σὺν
556 4035 707 4107 φόϐῳ
736 4036 989 4101 σέϐοντες
1013 4036 1079 4091 ix
1106 4034 1283 4107 ψυχῆς
1311 4034 1473 4109 ὅλης·

1992 4023 2189 4079 fundat
2242 4023 2651 4093 blasphemiae;
2684 4021 2935 4077 Salvator
2980 4023 3304 4079 exterminet
3368 4040 3561 4081 omnes

288 4124 534 4198 Χριστὸς
556 4125 928 4197 καταργήσειε
951 4125 1050 4189 τὰς
1086 4123 1458 4199 βλασφημίας,

1986 4118 2264 4187 hrereses;
2299 4119 2555 4177 Christus
2598 4119 2832 4191 dissipet
2869 4118 3230 4175 schismatqu
3285 4119 3559 4189 perversi-

290 4217 492 4291 Σωτὴρ
522 4217 861 4290 ὀλοθρεύσειε
886 4219 1068 4283 πάσας
1100 4219 1364 4290 αἱρέσεις,

1987 4222 2157 4269 tatem
2191 4228 2407 4269 omnem
2460 4223 2514 4268 et
2560 4212 2951 4283 malignitatem
3023 4211 3273 4280 invidiaz;
3311 4213 3561 4267 Salvator

291 4313 533 4385 Χριστὸς
555 4312 602 4366 δ’
630 4311 951 4384 ἀμερδύνειε
984 4312 1080 4367 καὶ
1108 4312 1219 4365 τῶν
1253 4309 1569 4383 σχισμάτων

1983 4303 2232 4360 destruat
2267 4303 2389 4358 illos
2414 4302 2506 4375 qui
2539 4302 2725 4374 gloriae
2748 4316 2913 4358 causa
2942 4301 3246 4359 Ecclesiam
3276 4303 3330 4357 in
3362 4302 3556 4358 [actio-

293 4404 513 4476 Βλάδην
542 4406 760 4460 ἃπασαν
794 4404 889 4458 καὶ
925 4404 1192 4474 πονηρίαν
1221 4402 1415 4473 φθόνου
1439 4418 1457 4434 ⁸

1983 4412 2080 4453 nes
2109 4394 2383 4451 dividunt.

291 4495 489 4568 Σωτὴρ
516 4495 810 4551 άῖστώσειε
841 4498 970 4561 τοὺς
999 4497 1158 4567 δόξης
1187 4497 1349 4571 χάριν

313 4589 649 4661 Ἐκκλησίαν
676 4589 977 4661 τέμνοντας
1013 4592 1093 4656 εἰς
1124 4590 1436 4661 διαιρέσεις.

364 4681 410 4735 Τ
412 4635 554 4737 αὗιιζα
572 4635 757 4753 φρονεῖς
780 4681 911 4748 ζῶν,
937 4635 1031 4738 καὶ
1066 4635 1581 4738 θανὼντὲκεενπάλιν

2056 4655 2182 4711 llaec
2207 4656 2397 4711 vivens
2422 4655 2625 4728 cogito,
2655 4666 2709 4713 et
2749 4666 2997 4713 mortuus
3030 4657 3142 4712 illic
3181 4656 3379 4714 iterum
3412 4674 3548 4729 gau-

295 4748 667 4845 Καυχώμενος
692 4773 914 4846 λέξαιμι
942 4775 1179 4844 πρόσθεν
1205 4776 1452 4846 ἀγγέλων
1475 4794 1493 4812 ’

1983 4748 2117 4805 dens
2139 4748 2317 4804 dicam
2339 4765 2523 4804 coram
2556 4751 2786 4822 angelis.
2804 4749 2971 4819 Cujus
2992 4750 3070 4805 rei
3097 4751 3190 4805 tibi
3211 4751 3384 4823 magis
3402 4750 3552 4807 debi~

294 4865 362 4919 Ti
379 4842 460 4921 σοι
489 4842 749 4940 γρεωστῶ
772 4842 865 4922 tofi
895 4842 1012 4933 νοδς
1037 4868 1179 4924 κατὰ
1204 4842 1389 4937 πλέον,

1983 4852 2068 4897 tor
2094 4859 2240 4909 sum,
2274 4858 2309 4897 ο
2338 4851 2394 4896 ιιι
2425 4842 2518 4913 qui
2548 4852 2745 4899 cuncta
2797 4845 2968 4909 vides,
3000 4854 3202 4910 mente,
3246 4845 3469 4902 renibus
3496 4856 3548 4902 ct

296 4955 366 5012 Ὠ
394 4936 769 5029 παντεπόπτα,
788 4963 883 5016 καὶ
912 4965 1142 5034 νεφροὺς
1166 4966 1242 5035 (6)
1267 4966 1633 5037 καὶκαρδίας,

1983 4936 2166 5004 corde,
2195 4952 2229 4993 ο
2255 4946 2310 4991 ιιι
2342 4936 2436 5008 qui
2470 4936 2832 5007 cogitationes
2855 4946 3005 4994 recte
3038 4940 3340 4997 scrutaris?

296 5043 367 5104 Ὠ
393 5054 520 5117 τοὺς
545 5052 839 5126 λογισμοὺς
860 5054 1156 5128 ἐξερευνῶν
1185 5058 1424 5128 ἐννόμως
1444 5075 1458 5125 ;

365 5187 505 5247 Olar-
529 5192 607 5261 δὴ
630 5192 727 5247 καὶ
758 5191 936 5247 τοῦτο
964 5192 1031 5247 τὸ
1060 5193 1549 5263 ἡρωϊκοελεγεῖον
1586 5195 1796 5251 αὐτοῦ.

2104 5185 2233 5241 Tale
2252 5194 2302 5239 et
2332 5186 2485 5241 hocce
2508 5196 2586 5241 est
2612 5186 3132 5259 heroico-elegiacum
3158 5188 3412 5259 ejusdem.

304 5307 465 5378 Ἔρρε
498 5327 608 5381 μοι,
633 5302 679 5363 ὦ
712 5308 1030 5381 τριτάλαινα
1059 5309 1360 5380 Πολύμνια,
1395 5310 1610 5384 ἔρρετε,
1640 5311 1849 5385 μοῦσαι1

2044 5305 2127 5361 lto
2155 5305 2310 5373 mibi,
2339 5320 2374 5361 ο
2399 5312 2483 5361 ter
2510 5306 2709 5361 misera
2738 5305 3042 5377 Polymnia,
3074 5307 3148 5364 ite
3179 5323 3384 5377 musae;
3419 5325 3543 5364 nam

368 5401 548 5476 Αὐτὰρ
574 5402 717 5471 ὲγὼν
741 5404 849 5459 ἀπὺ
877 5402 973 5456 νῦν
1006 5405 1299 5477 ῥητορικῆς
1330 5404 1533 5477 ἔραμαι
1557 5420 1573 5435 ·

1983 5417 2070 5473 ego
2104 5417 2251 5456 nunc
2279 5402 2517 5457 maxime
2556 5400 2888 5457 rhetoricam
2909 5401 3106 5458 adamo
3138 5422 3152 5459 :

303 5494 494 5549 Φὼτιον
519 5498 783 5571 ἀρχιερῆα
806 5498 1345 5573 γεροντοδιδάσκαλον
1377 5498 1575 5571 εὑρὼν,

2042 5495 2294 5551 Pbotium
2322 5496 2471 5552 enim
2516 5496 2962 5567 archiprazsulem
3003 5512 3192 5555 senum
3230 5497 3546 5570 magistrum

1777 5634 2006 5699 NOTAE.

560 5728 773 5805 videtur
801 5727 1082 5805 πτέρους..
1125 5798 1137 5805 _
1465 5796 1472 5805 ἱ
1644 5776 1721 5805 __,
1804 5800 1816 5805 _
1844 5802 1849 5805 _

1983 5745 2092 5805 rum
2129 5728 2606 5805 scliismaticorum
2642 5728 2858 5785 insania
2877 5728 3155 5802 despecta.

372 5796 445 5865 (6)
469 5800 571 5873 ⁸ειίσί
591 5800 716 5873 coll.
738 5816 861 5873 cum
908 5796 1139 5873 simplici
1192 5816 1241 5873 ρτ
1289 5810 1366 5873 uti
1391 5796 1530 5851 intra
1556 5814 1602 5849 ι’.
1643 5797 1732 5862 55,
1764 5800 1849 5856 ubi

2040 5802 2115 5873 (7)
2142 5800 2202 5859 C.
2240 5800 2353 5855 vid.
2385 5800 2623 5870 νεφρῶν.

312 5880 431 5923 sane
453 5869 515 5926 de
545 5870 741 5929 Pbotio
762 5872 815 5927 in
855 5870 1107 5927 exsilium
1142 5872 1311 5927 misso
1358 5872 1621 5941 loquitur,
1647 5886 1849 5940 grauem
