4086 6326
394 392 1619 423 W

1610 390 3587 426 Μ

908 573 1603 733 LEONIS
1716 564 3018 729 IMPERATORIS

1634 873 2329 1005 TACTICA

1906 1109 2050 1154 SIVE

1251 1237 1399 1326 DE
1462 1235 1604 1326 RE
1679 1235 2239 1327 MILITARI
2328 1239 2725 1329 LIBER.

1576 1432 1823 1495 JOANN
1830 1433 1921 1493 ES
1953 1434 2351 1495 MEURSIUS

1165 1584 1388 1630 «ηερε
1443 1586 1682 1631 νηιιίυε
1724 1586 2057 1640 νυιαΑνιτ,
2118 1586 2195 1629 ΕΤ
2246 1587 2444 1632 ΝΟΤΔΒ
2478 1589 2758 1635 ADDIDIT.

1803 1693 1855 1749 .l.
1897 1692 2158 1750 LAMIUS

797 1827 874 1868 ιι
907 1825 1328 1869 λκεοιυτιεειιο
1359 1825 1551 1867 ρουιεε
1577 1825 1950 1866 ιΑωιεΝτιΑΝο
1990 1824 2230 1864 ιιυτιιιωι
2261 1825 2410 1865 SUPPl

1536 1825 1950 1866 ZLAURBNTIANO
1990 1824 2230 1864 IUTlLUH
2261 1825 2550 1870 SUPPLEVIT
2596 1829 2770 1878 ATQUE
2805 1831 3089 1873 RESTITUIT
3137 1860 3149 1875 ι

1414 2122 1548 2167 ιιιυ
1558 2124 1835 2169 STBISSIM
1847 2126 1899 2170 IS
1928 2128 1961 2169 Δ
1971 2128 2004 2172 C
2037 2128 2197 2171 POTE
2208 2129 2509 2175 NTISSIMIS

596 2224 710 2270 ΨΒ.
747 2223 1092 2269 οιωικιευε
1144 2224 1586 2270 ρεηειηιιευε
1618 2225 2136 2272 FOEDEBATORUM
2166 2230 2203 2271 Β

1749 2226 2136 2272 DEBATORUM
2166 2230 2374 2273 BELGII
2427 2233 2750 2290 PBOVINC.,
2781 2236 3027 2280 ΡΔΤΒΙΕ
3058 2240 3362 2289 ΡΑτκιΒυε

1249 2328 1532 2373 δοΔκΝΕε
1562 2330 1877 2378 Μευιιειυε
1919 2332 2142 2379 DEDICO
2200 2335 2677 2392 CONSECROQUE.

407 2546 774 2603 lllustrissimi
822 2547 1282 2619 potentissimigue
1356 2546 1597 2613 Domini,
1634 2549 1689 2603 in
1749 2549 1914 2604 lucem
1947 2550 2155 2621 profero
2195 2551 2421 2607 Leonem
2463 2554 2855 2624 imperatorem,
2891 2575 2991 2613 sua
3026 2577 3164 2616 nunc
3194 2562 3374 2636 lingua
3424 2568 3499 2626 De
3534 2587 3591 2628 re

329 2638 564 2694 militari
594 2639 957 2705 disserentem,
990 2654 1107 2691 cum
1136 2637 1387 2691 hactenus
1420 2653 1511 2706 per
1535 2640 1869 2707 interpretem
1904 2650 2109 2693 tantum
2138 2642 2193 2694 id
2218 2644 2403 2711 egerit,
2440 2652 2488 2696 et
2538 2645 2680 2698 vobis
2711 2647 2896 2714 offero.
2942 2647 3333 2719 Reprehendent
3361 2657 3590 2726 fortasse

339 2727 607 2792 nonnulli,
640 2730 796 2798 quasi
825 2736 1020 2796 preter
1058 2736 1282 2796 tempus,
1305 2743 1422 2778 cum
1462 2743 1554 2794 per
1594 2727 1835 2782 inducias
1864 2745 2015 2782 arma
2042 2730 2265 2795 sileant;
2309 2732 2498 2802 quibus
2525 2733 2763 2802 equidem
2796 2738 3026 2791 rationes
3057 2756 3184 2794 suas
3214 2760 3318 2798 non
3345 2758 3588 2805 constare

341 2816 684 2887 respondebo.
721 2815 866 2871 Nam
904 2816 1115 2884 quando
1150 2815 1228 2870 vel
1271 2819 1324 2869 in
1370 2816 1632 2869 altissima
1673 2833 1801 2887 pace
1829 2818 2166 2887 cogitandum
2207 2835 2317 2871 esse
2354 2820 2417 2871 de
2450 2819 2613 2886 bello,
2639 2822 2829 2875 scitum
2873 2824 2941 2877 sit
2978 2836 3207 2883 veterum
3248 2836 3586 2904 prudentum,

336 2910 457 2981 quis
483 2925 645 2963 sanus
678 2908 919 2977 sepositis
954 2907 1219 2961 duntaxat
1246 2907 1317 2960 ad
1352 2905 1471 2961 XII
1503 2924 1669 2962 annos
1698 2909 1882 2974 armis,
1911 2926 1943 2961 a
1974 2917 2081 2960 tam
2110 2908 2247 2961 brevi
2282 2909 2619 2963 induciarum
2646 2925 2877 2981 tempore
2903 2915 3133 2969 alienant
3163 2919 3287 2974 belli
3312 2925 3590 2993 cogitatio-

338 3014 457 3053 nem
484 2997 721 3052 dixerit?
751 2995 905 3052 Certe
938 2998 992 3049 in
1029 3012 1159 3065 pace
1189 3012 1340 3050 arma
1372 2995 1625 3049 discenda
1655 3007 1800 3059 sunt,
1832 3007 1888 3049 ut
1921 3006 2103 3050 eorum
2131 2997 2352 3050 scientia
2381 2998 2433 3050 in
2467 2997 2600 3052 bello
2630 3012 2873 3069 prompta
2894 3013 3051 3073 atque
3080 3008 3228 3063 utilis
3260 3001 3371 3065 esse
3394 3017 3584 3083 possit.

337 3086 607 3141 Prwterea
646 3101 747 3139 sua
777 3094 960 3153 sponte
1003 3085 1072 3138 ad
1113 3100 1201 3138 vos
1240 3083 1327 3137 hic
1374 3082 1479 3138 Leo
1523 3085 1892 3150 contendebat,
1921 3085 2065 3139 vobis
2096 3102 2151 3139 se
2192 3086 2367 3140 deberi
2401 3088 2738 3153 existimans,
2773 3091 2862 3159 qui
2898 3093 2974 3145 rei
3018 3094 3271 3151 militaris
3305 3082 3461 3172 longo
3490 3120 3590 3158 usu

336 3176 567 3229 maxime
596 3176 773 3245 periti,
804 3175 1052 3228 honorem
1084 3174 1250 3228 armis
1302 3189 1586 3245 eorumque
1618 3173 2025 3251 prteceptoribns
2055 3173 2243 3229 habere
2269 3177 2497 3230 sciretis.
2527 3175 2659 3243 Quis
2680 3180 2820 3232 enim
2849 3181 2999 3234 hodie
3028 3186 3339 3240 mortalium
3376 3177 3586 3260 ignorat

338 3265 553 3331 bellum,
579 3264 719 3335 quod
752 3264 1128 3334 gravissimum
1158 3279 1251 3333 per
1280 3272 1356 3316 tot
1388 3278 1556 3317 annos
1586 3274 1789 3333 gestum
1813 3272 1910 3327 est,
1943 3263 2128 3316 vestris
2152 3264 2429 3332 auspiciis,
2452 3266 2616 3317 ductu
2648 3265 3006 3323 illustrissimi
3034 3274 3288 3342 principis
3348 3276 3587 3335 Blauritii

336 3368 366 3407 a
386 3352 617 3417 Nassau,
638 3354 789 3420 cuius
804 3362 852 3406 et
875 3352 1119 3407 virtutem
1135 3352 1294 3405 laude
1308 3351 1489 3421 quavis
1504 3352 1781 3420 majorem,
1809 3361 1858 3405 et
1881 3350 2319 3420 incomparabilia
2349 3352 2401 3405 in
2427 3352 2806 3423 rempublicam
2838 3368 3065 3411 vestram
3088 3364 3292 3425 merita.
3316 3368 3462 3420 nulla
3487 3386 3589 3423 un-

333 3459 495 3513 quam
536 3452 668 3497 tetas
698 3441 1023 3496 obliterabit.
1057 3440 1380 3495 Evolvamus
1408 3438 1781 3495 Historiarum
1812 3441 2049 3493 omnium
2085 3452 2446 3506 monumenta,
2473 3452 2769 3512 repetamus
2803 3447 3039 3500 omnium
3076 3451 3392 3507 surculorum
3426 3455 3589 3525 bella,

337 3548 485 3586 nemo
510 3533 798 3603 quidquam
836 3532 1085 3597 inveniet,
1113 3532 1252 3602 quod
1281 3547 1400 3585 cum
1430 3532 1527 3585 hoc
1556 3540 1728 3585 vestro
1754 3546 2064 3600 componere
2084 3530 2272 3599 possit.
2301 3529 2468 3600 Atque
2493 3532 2625 3586 adeo
2655 3534 2742 3587 vix
2765 3534 2957 3590 habere
2981 3537 3141 3607 ﬁdem
3172 3544 3459 3609 posteritas
3491 3562 3590 3615 po-

339 3624 481 3685 terit,
512 3637 631 3676 cuiu
663 3621 820 3692 leget,
871 3620 949 3675 vel
996 3620 1196 3690 optima
1236 3621 1339 3689 fide
1383 3621 1439 3675 in
1482 3623 1683 3690 scripta
1720 3619 1973 3674 relatum.
2014 3618 2385 3672 Admirabitur
2416 3620 2671 3691 populum
2702 3623 2984 3693 imbellem,
3017 3636 3065 3681 et
3095 3644 3186 3698 per
3224 3629 3591 3701 longissimam

335 3724 518 3772 pacem
549 3709 757 3764 militia:
788 3710 1058 3780 ignarum,
1088 3707 1343 3763 adversus
1373 3709 1797 3779 potentissimum
1827 3709 1991 3763 totius
2019 3706 2160 3762 orbis
2193 3706 2490 3764 Christiani
2523 3727 2697 3782 regem
2726 3729 2879 3766 arma
2914 3732 3145 3785 unquam
3166 3734 3373 3774 sumere
3402 3738 3592 3777 ausum

337 3799 503 3869 fuisse
524 3813 544 3853 .'
573 3797 933 3853 admirabitur
966 3816 997 3852 a
1023 3809 1132 3852 tam
1164 3799 1341 3867 parvis
1374 3800 1570 3866 initiis,
1593 3799 1762 3851 animi
1784 3797 2089 3866 pleniorem,
2126 3813 2286 3867 quam
2317 3798 2427 3867 spei
2457 3800 2525 3850 ad
2561 3802 2721 3853 istam
2750 3805 3168 3872 magnitudinem
3194 3810 3517 3876 pervenisse,

1184 3888 1289 3943 Per
1322 3891 1506 3943 varios
1543 3904 1729 3952 casus,
1775 3902 1869 3957 per
1909 3895 1987 3939 tot
2028 3884 2350 3940 discrimina
2400 3897 2607 3941 rerum.

339 3976 488 4032 Inter
524 3993 642 4049 qua:
678 3979 900 4032 eminuit
935 3994 1161 4048 semper,
1198 3987 1255 4030 ut
1292 3976 1583 4048 singularis
1630 3986 1804 4031 vestra
1838 3979 2145 4046 prudentia,
2174 3980 2251 4032 ita
2285 3995 2489 4049 quoque
2528 3977 2623 4033 illa
2667 3979 2863 4035 invicta
2894 3987 3220 4048 constantia,
3252 4003 3356 4057 qua
3394 3990 3590 4044 armati

340 4079 534 4121 rectum
567 4084 834 4139 nunquam
867 4084 973 4122 non
1017 4068 1222 4121 clavum
1266 4067 1541 4129 tenuistis,
1576 4066 1914 4135 animumque
1940 4067 2017 4121 vel
2050 4068 2198 4121 rebus
2230 4070 2458 4122 maxime
2496 4068 2703 4139 aﬂlictis
2756 4071 3124 4126 inconcussum
3164 4074 3446 4131 habuistis.
3483 4077 3590 4133 Ni-

339 4158 529 4209 mirum
578 4157 676 4210 hoc
720 4171 924 4225 semper
968 4158 1322 4226 cogitabatis;
1359 4171 1455 4225 pro
1492 4154 1737 4208 libertate
1772 4155 1985 4224 publica
2043 4156 2258 4226 ejusque
2298 4158 2467 4211 tutela
2496 4172 2543 4211 et
2590 4176 2745 4229 agere
2776 4168 2823 4212 et
2858 4163 2970 4230 pati
3000 4162 3186 4232 fortia,
3217 4165 3591 4234 foederatorum

337 4244 623 4314 Belgarum
666 4261 796 4301 esse.
838 4243 1030 4315 Ingens
1074 4244 1311 4315 profecto
1346 4243 1649 4312 beneficium
1689 4254 1791 4307 est,
1813 4243 1951 4312 quod
1972 4260 2003 4295 a
2036 4243 2180 4297 vobis
2210 4260 2453 4313 accepere
2483 4246 2685 4301 subditi
2715 4253 2893 4317 vestri,
2925 4268 3085 4321 neque
3120 4253 3279 4322 facile
3316 4257 3593 4309 cestiman-

337 4338 501 4398 dum;
538 4322 591 4388 et
610 4334 761 4387 debet
790 4333 926 4387 illud
955 4342 1154 4388 teterno
1190 4334 1371 4403 aliquo
1400 4342 1736 4386 monumento
1768 4334 2088 4399 consecrari,
2116 4350 2179 4387 ne
2212 4338 2497 4402 posteritas
2527 4337 2748 4405 ignoret.
2787 4337 2855 4391 1d
2891 4351 2947 4393 ut
2971 4342 3093 4410 ﬁat,
3124 4354 3380 4412 quantum
3401 4344 3455 4397 in
3487 4360 3589 4409 me,

338 4439 552 4491 operam
590 4423 767 4487 dabo;
800 4438 1195 4493 proponamque
1238 4421 1380 4475 brevi
1427 4421 1664 4475 omnium
1716 4421 1884 4475 oculis
1927 4422 1982 4475 in
2027 4420 2278 4476 Historia
2318 4439 2433 4476 mea
2468 4440 2489 4479 :
2520 4440 2678 4496 quam
2714 4431 2851 4495 quod
2890 4439 3057 4483 vestro
3082 4430 3239 4499 jussu
3273 4432 3495 4499 adorno,
3532 4442 3592 4487 ut

338 4513 571 4566 maximo
601 4513 730 4567 mihi
760 4514 949 4567 honori
979 4516 1137 4579 duco,
1166 4514 1245 4567 ita
1282 4528 1436 4583 pares
1465 4526 1670 4583 quoque
1694 4526 1754 4566 eo
1790 4511 1996 4564 nomine
2022 4512 2165 4565 vobis
2204 4514 2434 4582 agendas
2470 4529 2582 4567 esse
2614 4517 2840 4583 gratias.
2873 4515 3004 4572 Cum
3040 4530 3215 4573 autem
3256 4521 3389 4574 satis
3421 4538 3500 4574 me
3531 4523 3589 4575 id

338 4600 512 4670 facere
550 4618 653 4655 non
695 4618 845 4671 posse
869 4601 1195 4670 judicarem,
1234 4601 1572 4670 allegandum
1601 4603 1737 4653 hunc
1778 4603 2149 4668 imperatorem
2186 4604 2377 4666 statui,
2414 4612 2470 4655 ut
2500 4604 2639 4672 quod
2672 4615 2843 4659 vestro
2873 4608 3063 4661 merito
3093 4624 3207 4661 mea
3240 4610 3470 4665 tenuitas
3497 4611 3590 4664 de-

339 4690 591 4755 traheret,
617 4692 672 4744 id
718 4694 831 4757 ipse
864 4693 1166 4745 universum
1195 4705 1291 4742 sua
1321 4690 1602 4758 majestate
1638 4689 1925 4757 suppleret.
1954 4694 2119 4761 Atque
2148 4691 2233 4743 hic
2260 4691 2463 4756 desino,
2492 4700 2744 4745 ceternum
2775 4693 2909 4746 illud
2942 4693 3151 4749 Numen
3184 4698 3405 4765 supplex
3440 4714 3589 4752 vene-

338 4796 485 4849 rans,
518 4779 904 4843 Illustrissimi,
937 4780 1408 4851 Potentissimique
1456 4778 1698 4843 Domini,
1732 4790 1786 4832 ut
1810 4780 1951 4832 vobis
2005 4780 2340 4849 consiliisque
2364 4781 2548 4834 vestris
2586 4780 2876 4848 benedicat,
2921 4794 2970 4837 et
3002 4794 3110 4837 tam
3135 4786 3398 4853 praeclaro
3432 4784 3595 4855 Operi

338 4879 562 4948 benigna
600 4893 764 4931 manu
797 4876 1135 4947 colophonem
1174 4877 1436 4944 imponat,
1473 4874 1718 4929 inducias
1780 4875 1934 4929 hasce
1988 4890 2115 4942 pace
2152 4876 2499 4944 conﬁrmans,
2549 4876 2649 4943 ipsi
2678 4875 2937 4945 gloriosa,
2968 4879 3098 4947 reip.
3128 4888 3313 4934 vestra:
3340 4880 3591 4934 salutari.

337 4956 584 5039 Lugduni
615 4968 945 5023 Batavorum
970 4982 1023 5022 tv
1056 4965 1143 5021 Id.
1175 4962 1462 5019 Februarii
1493 4962 1654 5018 1672.

347 5142 3586 5169 mw

1692 5249 1966 5306 LECTOR
2002 5250 2321 5308 BENIGNE.

412 5376 589 5433 Habes
615 5372 805 5431 Leonis
830 5370 1070 5427 Tactica.
1102 5372 1313 5444 Integra
1339 5388 1403 5426 ea
1436 5370 1729 5441 prodeunt,
1759 5372 2004 5440 exceptis
2039 5374 2228 5443 paucis
2252 5370 2633 5444 paragraphis,
2661 5385 2692 5426 e
2717 5370 2894 5427 tribus
2922 5371 3205 5429 codicibus
3232 5372 3594 5449 imperfectis,

340 5486 570 5541 quorum
613 5483 725 5524 uno
768 5483 902 5522 usus
946 5483 1065 5523 sum
1099 5483 1130 5522 e
1165 5467 1493 5521 biblimlieca
1537 5465 1678 5535 regis
1716 5463 2016 5518 Galliarum
2040 5502 2058 5529 ,
2102 5463 2276 5516 altero
2300 5461 2553 5516 electoris
2592 5458 2850 5524 Palatini,
2893 5460 3056 5515 tertio
3085 5459 3314 5517 Joannis
3344 5460 3592 5533 Pistorii,

342 5560 441 5613 viri
473 5559 539 5614 ad
590 5560 799 5613 litteras
837 5543 1108 5628 jurandas
1146 5555 1567 5627 promptissimi.
1610 5554 1813 5623 Regius
1852 5554 1906 5607 in
1950 5552 2219 5623 principio
2265 5561 2321 5606 et
2351 5550 2457 5605 line
2490 5549 2718 5604 mutilus
2742 5558 2891 5617 erat;
2928 5546 3213 5605 Palatinus
3246 5549 3301 5605 in
3331 5553 3514 5607 medio
3537 5563 3592 5608 et

342 5650 484 5715 tiae;
518 5649 863 5704 Pistorianus
897 5656 1109 5702 tantum
1136 5649 1190 5701 in
1228 5647 1426 5702 medio.
1462 5644 1517 5700 In
1544 5643 1792 5701 Palatino
1821 5648 1978 5698 erant
2006 5642 2275 5696 duntaxat
2307 5636 2745 5712 Constitutiones
2768 5654 2821 5693 ιι
2846 5638 3056 5710 priores
3080 5652 3203 5694 cum
3229 5653 3345 5709 nr,
3378 5655 3469 5707 xv,
3500 5656 3593 5699 ut

401 5802 418 5820 '
449 5800 574 5860 Opp.
602 5798 828 5860 Meursil,
863 5799 980 5846 tom.
1016 5794 1088 5844 Vl.
