4078 6306
506 190 618 255 675

1740 184 2019 245 LEONIS
2052 178 2512 247 PHILOSOI'HI

3679 184 3785 247 676

509 321 645 377 gnas
710 312 765 361 et
810 304 990 361 varias
1052 303 1493 374 perturbationes
1550 303 1799 358 videmus
1852 305 2077 358 invecta‘

2198 306 2369 359 πολλὰ
2399 304 2642 377 δυσχερῆ
2682 304 2955 377 διαφόρως
2988 303 3207 375 ὁρῶμεν
3224 302 3626 379 συμϐαίνοντα.
3666 305 3783 377 Τῆς

509 413 654 453 esse.
684 395 820 452 Nam
849 412 973 451 cum
1008 395 1122 451 haec
1178 410 1289 460 ars,
1323 410 1445 464 qua:
1484 394 1785 448 multorum
1822 395 2090 449 bonorum

508 498 565 543 et
611 502 935 557 magnorum
980 502 1180 557 parens
1238 497 1400 555 atque
1444 485 1690 542 effectrix
1736 485 1859 552 fuit,
1895 486 2095 556 quibus

502 581 733 651 antiqua
771 580 1141 635 Romanorum
1190 577 1500 647 respublica
1533 577 1738 643 ﬂoruit,
1776 578 1946 634 semel
1977 577 2094 634 col-

506 674 658 745 lapsa
679 673 749 729 de
780 674 953 745 gradu
989 672 1204 737 cecidit,
1232 671 1473 726 divinam
1513 686 1735 741 quoque
1762 670 2091 726 benevolen-

507 766 637 821 tiam
676 765 901 831 abiisse,
942 773 998 819 et
1044 772 1365 819 consuetam
1402 762 1545 833 apud
1594 777 1690 818 eos
1723 761 1961 816 militum
2010 760 2097 816 vi-

504 857 738 913 ctoriam
784 872 816 913 e
851 856 1107 910 manibus
1156 854 1449 920 excidisse,
1503 854 1774 909 videmus.
1821 852 2090 909 Paulatim

504 951 652 1005 enim
697 948 1148 1018 relanguescente
1189 945 1415 999 militari
1450 944 1746 1015 disciplina
1807 952 1974 1013 atque
2006 944 2093 998 in-

502 1041 737 1104 dustria,
795 1039 979 1095 omnis
1034 1038 1123 1093 ille
1172 1039 1329 1109 vigor
1374 1036 1539 1091 animi
1592 1045 1756 1107 atque
1832 1038 2094 1093 alacritas

502 1130 825 1201 optimatum
901 1129 1214 1185 consenuit.
1281 1127 1467 1197 Itaque
1538 1126 1815 1182 interdum
1872 1127 2092 1199 quidem

503 1223 792 1294 segnitiem
861 1233 1025 1292 atque
1079 1220 1352 1291 ignaviam
1428 1234 1759 1274 accusamus
1822 1222 2090 1282 militum,

503 1317 771 1371 interdum
828 1312 1100 1368 inscitiam
1138 1322 1303 1382 atque
1336 1311 1680 1366 timiditatem
1727 1311 1927 1367 ducum
1972 1311 2092 1365 cul-

504 1421 721 1476 pamus,
759 1404 1035 1459 interdum
1070 1405 1424 1473 antiquarum
1450 1403 1693 1458 acierum
1725 1402 1991 1477 rationem
2021 1404 2088 1457 ad

497 1496 944 1570 cognoscendum
979 1496 1370 1567 perobscurum
1421 1495 1772 1566 negligimus.
1807 1494 1944 1549 Cum
1994 1494 2093 1565 igi—

501 1599 591 1643 tur
634 1589 780 1643 hanc
829 1587 1183 1642 utilissimam
1228 1587 1514 1640 scientiam
1558 1600 1906 1655 recuperare,
1953 1597 2009 1641 et
2056 1602 2088 1641 e

2195 400 2305 469 γὰρ
2330 398 2547 452 πολλῶν
2568 398 2788 467 ἀγαθῶν
2808 398 2915 469 πρὸ
2950 398 3102 462 ξένου
3136 397 3214 466 (5)
3244 397 3557 471 ἐπιστήμης
3590 398 3784 452 διαπε-

2197 491 2418 562 σούσης,
2448 491 2575 545 ὅσον
2604 492 2672 546 δι’
2701 491 2874 561 αὐτῆς
2906 492 2940 561 ἡ
2984 491 3286 563 Ῥωμαίων
3307 491 3481 546 πάλαι
3529 490 3783 544 πολιτεία

2195 584 2515 653 εὐμοίρησε,
2565 582 2878 636 τούναντίον
2927 580 3146 652 δρῶμεν
3178 582 3277 653 τὴν
3322 582 3474 636 θείαν
3530 580 3782 643 ἀποῦσαν

2196 676 2508 745 εὐμένειαν,
2539 676 2636 731 καὶ
2655 677 2753 748 τὴν
2787 675 2995 748 συνήθη
3022 677 3126 748 τῆς
3170 674 3465 747 Ῥωμαίων
3503 674 3780 738 πολιτείας

2196 768 2355 838 νίκην
2374 767 2483 821 τῶν
2506 768 2929 839 ἀγωνιζομένων
2951 768 3360 841 ἀφιπταμένην.
3394 768 3552 823 Κατὰ
3582 768 3780 839 μικρὸν

2195 861 2305 930 γὰρ
2342 862 2724 933 ἀμελουμένης
2764 862 2865 932 τῆς
2910 861 3054 917 κατὰ
3083 861 3357 932 πολέμους
3402 860 3655 925 εὐταξίας
3684 859 3780 912 καὶ

2196 951 2505 1022 γυμνασίας
2538 952 2914 1024 συνημελήθη,
2948 952 3025 1015 ὡς
3054 951 3224 1019 ἔοικε,
3244 952 3338 1004 καὶ
3370 951 3481 1003 τῶν
3512 950 3780 1021 ἀριστέων

2196 1045 2229 1114 ἡ
2282 1044 2538 1114 εὐψυχία.
2573 1041 2708 1097 Εἶτα
2736 1046 2865 1099 ποτὲ
2900 1044 3001 1117 μὲν
3050 1044 3397 1115 ἀγυμνασίαν
3426 1043 3460 1113 ἢ
3489 1041 3778 1111 ἀνανδρίαν

2197 1135 2510 1205 αίτιώμεθα
2555 1136 2938 1207 στρατιωτῶν,
2990 1137 3123 1190 ποτέ
3168 1135 3226 1189 δὲ
3274 1133 3529 1206 ἀπειρίαν
3576 1134 3608 1204 ἢ
3665 1133 3776 1186 δει-

2200 1224 2322 1276 λίαν
2378 1226 2862 1298 καταμεμφόμεθα
2914 1227 3259 1298 στρατηγῶν.
3319 1226 3523 1279 Ἐνίοτε
3570 1224 3778 1291 ἀσαφὲς

2194 1319 2293 1388 τῆς
2341 1320 2452 1372 τῶν
2486 1320 2734 1390 ἀρχαίων
2767 1320 3114 1389 διαγνώσεως
3165 1318 3503 1391 ἀμελοῦμεν.
3558 1300 3779 1387 Ταύτην

2195 1406 2289 1463 οὖν
2321 1409 2420 1483 τὴν
2448 1411 2882 1485 ὠφελιμωτάτην
2923 1412 3237 1483 ἐπιστήμην
3267 1409 3652 1466 ἀνασώσασθαι
3679 1411 3777 1461 σὺν

2195 1498 2337 1569 Θεῷ,
2372 1500 2466 1554 καὶ
2495 1494 2607 1555 οἷον
2642 1501 2995 1554 ἀπωσθεῖσαν
3022 1501 3087 1553 ἐκ
3117 1502 3216 1571 τῆς
3258 1501 3577 1571 Ῥωμαῖκῆς
3621 1498 3775 1568 ἡμῶν

2198 1590 2475 1655 πολιτείας
2502 1592 2941 1647 ἀνακαλέσασθαι
2975 1592 3312 1663 βουλόμενοι,
3343 1591 3445 1645 οὐκ
3466 1590 3775 1660 όκνήσαμεν

502 1676 781 1747 republica
830 1685 1021 1730 nostra
1059 1674 1218 1746 quasi
1264 1675 1502 1745 ejectam
1542 1690 1804 1730 revocare
1857 1676 2077 1731 studea-

2194 1684 2396 1755 σπουδῇ
2430 1686 2673 1759 τοσαύτῃ
2693 1686 3055 1751 ἀναδέξασθαι
3081 1686 3180 1757 μὲν
3208 1686 3352 1748 ἰδίως
3373 1684 3561 1747 πόνον»
3590 1682 3774 1752 κοινὴν

440 1808 441 1811 η
497 1786 647 1836 mus,
685 1770 741 1825 in
790 1770 959 1825 tantis
997 1768 1459 1839 occupationibus
1500 1768 1703 1824 nostris
1755 1768 1898 1823 haud
1947 1784 2083 1838 prte-

2159 1783 2167 1793 '
2192 1772 2249 1826 δέ
2284 1777 2396 1839 τοῖς
2424 1776 2691 1846 ὑπηκόοις
2716 1777 3051 1848 χαρίσασθαι
3079 1777 3179 1848 τὴν
3201 1775 3492 1845 ὠφέλειαν.

440 1926 443 1928 ,
494 1862 865 1925 “misimus.
932 1860 1066 1930 quin
1108 1872 1330 1914 omnem
1389 1857 1633 1913 laborem
1696 1858 1855 1913 nobis
1925 1858 2057 1930 ipsis
2105 1874 2531 1931 assumeremus,
2583 1878 2642 1922 ut
2692 1868 2901 1924 utilitas
2956 1867 3082 1923 inde
3164 1865 3478 1922 communis
3523 1862 3774 1921 omnibus

500 1953 805 2009 all'errctur.

568 2043 707 2098 ham
742 2056 871 2097 cum
903 2041 959 2096 in
1003 2041 1249 2111 antiquis
1281 2050 1338 2095 et
1391 2041 1791 2097 recentioribus
1834 2042 1911 2098 rei
1943 2042 2088 2097 mili-

2258 2048 2393 2111 Ταῖς
2420 2048 2529 2119 γὰρ
2568 2046 2826 2119 ἀρχαίαις
2860 2046 2957 2101 καὶ
2996 2049 3117 2111 ταῖς
3141 2045 3437 2117 νεωτέραις
3477 2057 3770 2116 στρατηγι-

499 2137 633 2193 taris
706 2144 889 2206 atque.
942 2134 1312 2204 imperatoriae
1384 2133 1744 2204 scriptoribus
1797 2134 2077 2205 diligenter

2188 2141 2312 2201 καῖς
2340 2155 2400 2191 τε
2446 2138 2541 2191 καὶ
2568 2139 2858 2202 τακτικαῖς
2908 2138 3457 2209 ἐμφιλοχωρήσαντες
3505 2135 3768 2207 μεθόδοις,

498 2228 697 2285 versati
730 2227 924 2291 simus.
961 2238 1123 2297 atque
1152 2226 1277 2282 aliis
1319 2226 1568 2282 historiis
1606 2226 1787 2282 soluta
1838 2229 2077 2283 oratione

2186 2230 2281 2281 καὶ
2318 2232 2441 2291 ταῖς
2489 2228 2679 2292 ἀλλαις
2711 2228 3095 2300 καταλογάδην
3126 2228 3447 2299 ἐντυχόντες
3485 2228 3767 2299 ἱστορίαις,

496 2336 587 2375 res
618 2327 803 2391 gestas
844 2318 1125 2373 memoriae
1156 2317 1548 2373 mandantibus
1580 2318 1868 2389 diligenter
1916 2334 2077 2373 nava-

2189 2319 2286 2372 καὶ
2319 2318 2374 2371 εί
2403 2335 2457 2371 τι
2493 2318 2636 2372 κατά
2671 2321 2861 2390 χεῖρας
2889 2320 3034 2385 ἔδοξε
3070 2319 3344 2391 χρήσιμον
3373 2319 3484 2373 τῶν
3517 2320 3575 2374 ἐν
3610 2319 3765 2373 πολέ-

494 2413 740 2469 verimus
781 2426 1031 2482 operam,
1075 2420 1130 2466 et
1178 2411 1222 2467 si
1257 2411 1389 2482 quid
1421 2419 1687 2482 praeterea
1722 2413 1776 2465 in
1828 2412 2077 2467 manibus

2186 2396 2310 2479 μοις
2339 2407 2661 2477 ἀναγκαίων
2686 2409 2897 2462 ἐκεῖθεν
2924 2409 3336 2479 ἀναλεξάμενοι,
3370 2410 3466 2463 καὶ
3493 2408 3605 2464 οἷον
3627 2411 3758 2483 ἐρα·-

495 2504 782 2559 bominum
815 2511 901 2558 est
945 2502 1016 2557 ad
1050 2501 1277 2557 bellicos
1327 2517 1462 2557 usus
1510 2500 1793 2570 idoneum,
1827 2510 1882 2557 et
1932 2517 2077 2572 quae-

2179 2495 2458 2566 νισάμενοι
2503 2498 2599 2551 καὶ
2653 2496 2742 2551 διά
2795 2498 3027 2569 μετρίας
3080 2497 3277 2570 πείρας
3324 2499 3552 2553 ἐπὶτῶν
3590 2499 3764 2572 ῑργων

495 2611 715 2668 cunque
745 2596 1009 2652 mediocri
1054 2609 1238 2650 rerum
1277 2609 1383 2651 usu
1415 2594 1519 2650 hac
1557 2604 1745 2650 nostra
1777 2603 1959 2660 actate,
2012 2594 2077 2652 ad

2179 2588 2365 2643 αὐτῶν
2396 2588 2749 2660 ἀνεμάθομεν
2777 2590 2855 2659 τῷ
2893 2589 3017 2644 καθ’
3044 2592 3200 2671 ἡμᾶς
3238 2592 3418 2665 καιρῷ
3446 2592 3539 2647 καὶ
3573 2594 3639 2663 τῇ
3670 2592 3763 2645 νῦν

496 2701 702 2746 statum
746 2704 933 2744 rerum
969 2696 1285 2744 nostrarum
1330 2686 1541 2758 aliquid
1585 2688 1851 2743 momenti
1886 2686 2077 2744 aﬂerre

2182 2682 2518 2736 καταστάσει
2560 2680 2853 2753 πρόσφορά
2882 2699 2944 2737 τε
2982 2682 3079 2737 καὶ
3108 2683 3371 2755 ἁρμόδια,
3409 2683 3583 2739 ταῦτα
3634 2685 3762 2756 ἡμῖν

459 2823 462 2827 .
495 2784 841 2848 videbantur,
870 2795 935 2837 ea
962 2781 1017 2835 in
1053 2781 1313 2835 omnibus
1336 2779 1651 2836 actionibus
1685 2780 2077 2852 suscipiendis,

2180 2773 2322 2827 κατά
2365 2773 2425 2826 τὸ
2465 2774 2691 2827 δυνατὸν
2730 2774 2999 2846 σύντομόν
3032 2792 3092 2829 τε
3128 2776 3223 2830 καὶ
3264 2777 3445 2848 ἁπλῆν
3490 2776 3589 2847 τὴν
3619 2775 3759 2845 ὠφέ-

483 2878 771 2946 rebusque
811 2874 1021 2929 nostris
1062 2872 1315 2943 gerendis
1345 2872 1809 2941 examinavimus,
1842 2884 1899 2928 et
1931 2872 2077 2944 quod

2179 2861 2337 2916 λειαν
2389 2863 2484 2917 ἐπὶ
2512 2865 2625 2916 τῶν
2672 2867 3016 2936 πραγμάτων
3051 2866 3239 2935 ἔχοντα
3285 2867 3579 2939 προχείρου
3611 2868 3761 2933 τάξιν

492 2968 549 3021 in
607 2966 676 3020 iis
725 2964 993 3034 Optimum
1044 2961 1149 3017 fuit
1189 2962 1351 3033 quasi
1400 2963 1802 3031 delibavimus;
1858 2974 1914 3018 et
1954 2979 2077 3034 quae

2180 2953 2348 3023 νόμου
2379 2954 2808 3025 παραδιδόαμεν,
2840 2958 2899 3008 ὲν
2934 2956 3171 3028 πράξεσι
3207 2957 3408 3028 μᾶλλον
3436 2956 3470 3028 ἢ
3498 2958 3674 3024 λέξεσι
3700 2958 3759 3011 τὸ

466 3056 844 3113 manifestam
873 3054 1174 3126 quamdam
1236 3062 1403 3124 atque
1441 3056 1747 3111 evidentem
1782 3057 2071 3111 utilitatem

2184 3047 2380 3117 σεμνὸν
2422 3048 2518 3100 καὶ
2549 3047 2811 3140 χρειῶδες
2861 3051 3249 3125 παρεχόμενοι,
3293 3042 3405 3105 οἷον
3452 3051 3759 3121 εἰσαγωγήν

493 3150 837 3214 al'ferebant,
901 3138 1091 3217 quam
1130 3145 1484 3215 paucissimis
1540 3147 1694 3217 potui
1754 3150 2074 3217 complexus

464 3253 640 3304 sum,
668 3247 724 3292 et
754 3235 1113 3308 promulgatae
1142 3236 1277 3305 legis
1307 3236 1425 3291 vice
1460 3238 1638 3302 trado,
1683 3243 2075 3312 [erum—magis

488 3337 839 3394 ornamenta,
892 3340 1061 3399 quam
1107 3328 1407 3385 verborum
1443 3344 1803 3403 persequens,
1832 3342 1890 3387 ut
1918 3348 2073 3388 coni-

468 3419 1153 3496 pendiariam-quamdam
1187 3420 1265 3475 rei
1298 3420 1553 3476 militaris
1580 3422 1925 3493 disciplinam
1975 3438 2076 3479 no-

489 3522 622 3579 stris
651 3517 945 3592 praal'ectis,
988 3525 1153 3589 atque
1182 3517 1251 3573 iis
1286 3518 1490 3588 quibus
1517 3533 1651 3573 cura
1695 3534 1878 3574 rerum
1914 3520 2073 3574 belli-

487 3630 619 3668 caru
631 3631 678 3666 ιιι
699 3610 996 3666 commissa
1022 3619 1127 3678 est,
1151 3609 1535 3680 praescribens,
1559 3609 1717 3664 facile
1739 3610 2073 3679 perspiciant

487 3707 639 3762 factu
669 3720 794 3763 esse
823 3704 917 3771 iis,
953 3702 1048 3775 qui
1110 3705 1305 3758 volunt
1351 3711 1406 3757 et
1442 3702 1693 3771 cupiunt,
1733 3703 1799 3755 ad
1858 3701 2068 3771 majora

440 3810 651 3870 .atque
687 3797 887 3852 altiora
924 3796 1121 3852 ordine
1162 3793 1399 3872 quodam
1448 3802 1503 3849 et
1550 3794 1720 3865 gradu
1752 3793 2067 3863 procedere.

484 3890 548 3945 In
573 3900 683 3962 qua
713 3888 866 3945 omni
892 3903 1078 3945 rerum
1112 3887 1457 3948 tractatione,
1480 3884 1698 3941 dicendi
1742 3883 2067 3953 elegantiam

389 4054 393 4058 _
484 3994 542 4039 et
568 3981 863 4039 verborum
906 3990 1165 4037 ornatum
1196 3979 1409 4034 nullum
1459 3976 1848 4043 adhibuimus;
1882 3992 2065 4031 rerum

484 4075 722 4146 pondus,
761 4073 979 4129 dicendi
1024 4071 1496 4143 perspicuitatem,
1543 4067 1811 4122 orationis
1858 4065 2070 4138 Simpli-

482 4168 740 4233 citatem,
797 4175 1065 4236 quantum
1118 4164 1234 4220 ﬁeri
1288 4172 1573 4233 potuerat,
1619 4162 1790 4217 secuti
1850 4176 2062 4217 sumus.

484 4258 642 4317 Unde
682 4269 737 4316 et
772 4260 941 4315 verba
985 4259 1064 4314 rei
1107 4258 1367 4313 militaris
1415 4257 1690 4312 interdum
1731 4254 1919 4310 Graeca
1953 4253 2064 4308 ad-

475 4354 787 4426 junximus,
821 4351 1098 4407 interdum
1128 4348 1337 4405 Latinis
1377 4348 1659 4404 vocabulis
1709 4348 1794 4402 usi
1844 4362 2059 4411 sumus,
2098 4386 2139 4443 ο

479 4458 537 4503 et
561 4445 699 4499 alias
723 4458 945 4515 quoque
967 4445 1237 4499 dictiones
1269 4458 1371 4497 usu
1398 4444 1512 4513 jam
1562 4441 1785 4495 militari
1818 4452 2064 4510 receptas

480 4553 594 4594 non
630 4536 1063 4608 repudiavimus,
1117 4543 1177 4590 ut
1220 4550 1426 4591 omnes
1484 4531 1780 4588 manifeste
1827 4547 1892 4588 ac
1941 4547 2064 4601 per-

480 4632 672 4702 spicue
711 4630 816 4684 ista
869 4635 1287 4700 cognoscerent.
1322 4624 1698 4681 Tractationes
1733 4638 1921 4678 rerum
1956 4624 2063 4677 mi-

482 4724 629 4778 nime
677 4723 1040 4788 necessarias,
1087 4734 1430 4791 quacunque
1480 4727 1575 4773 aut
1620 4730 2061 4786 supervacanea,

477 4826 575 4871 aut
620 4814 841 4870 inutiles
884 4812 1122 4880 fuerant,
1163 4828 1356 4868 omnes
1403 4812 1769 4876 detraximus,
1809 4819 1867 4863 ut
1914 4824 2067 4863 com-

476 4904 820 4977 pendlariam
845 4902 1142 4974 quamdam
1175 4912 1231 4959 et
1281 4901 1591 4972 expeditam
1622 4914 1805 4955 rerum
1836 4899 2063 4954 bellica-

476 5014 598 5053 rum
635 4996 1159 5068 expeditionumque
1184 4996 1475 5060 rationem,
1522 5007 1632 5047 non
1679 4992 1849 5047 verbo
1876 4990 2057 5047 solum

476 5091 691 5155 utilem,
738 5091 831 5146 sed
880 5104 939 5145 re
982 5089 1099 5160 ipsa
1151 5086 1425 5157 lactisque
1466 5085 1739 5156 majorum
1788 5084 2029 5155 approba

477 5194 615 5250 tum,
647 5192 704 5238 et
744 5183 812 5238 ad
857 5191 1048 5238 nostra
1092 5194 1271 5251 usque
1303 5191 1572 5251 tempora,
1607 5193 1925 5248 quanquam
1975 5192 2059 5233 re-

472 5278 576 5332 bus
608 5276 777 5345 gestis
807 5274 1035 5330 minime
1060 5273 1474 5336 transmissum,
1506 5270 1708 5341 quibus
1738 5268 2048 5349 Romanum
2097 5298 2102 5306 -

473 5370 604 5424 olim
637 5367 869 5424 ﬂorebat
912 5366 1227 5438 imperium,
1264 5362 1519 5420 oratione
1559 5372 1744 5418 tamen
1802 5376 1867 5417 ac
1907 5361 2051 5417 litte-

2175 3156 2297 3193 τινα
2309 3142 2586 3215 τακτικὴν
2608 3131 2720 3209 τᾶς
2740 3146 3030 3217 ἡμετέροις
3050 3135 3513 3219 ὑποστρατήγοις,
3543 3146 3636 3201 καὶ
3646 3146 3757 3211 κτὰς

2176 3235 2462 3301 πολιτικὰς
2504 3238 3034 3309 ἐμπεπιστευμένοις
3068 3240 3258 3311 χρείας
3285 3283 3299 3306 ,
3335 3240 3404 3293 δι’
3454 3238 3609 3309 ὑμῶν
3654 3239 3757 3293 ὑπ-

2176 3327 2553 3397 αγορεύοντες,
2582 3326 2659 3393 ὡς
2686 3326 2910 3385 εὔκολον
2926 3330 3181 3385 ἐντεῦθεν
3198 3326 3468 3395 εἶναιτοῖς
3496 3330 3755 3403 βουλομέ-

2175 3435 2287 3482 νοις
2332 3418 2427 3472 καὶ⁸
2463 3420 2557 3472 ἐπὶ
2584 3420 2654 3475 τά
2690 3421 2914 3491 μείζονα
2963 3422 3072 3479 τῶν
3104 3417 3353 3477 παλαιῶν
3400 3425 3628 3477 ἐκείνων
3656 3440 3753 3477 τα-

2175 3500 2382 3565 κτικῶν
2401 3504 2502 3566 καῖ
2540 3514 2787 3585 ἀρχαίων
2812 3515 2963 3581 τάξει
2993 3516 3103 3569 τινὶ
3130 3517 3226 3570 καὶ
3250 3515 3450 3589 βαθμῷ
3480 3517 3753 3589 προϊέναι,

2176 3606 2430 3676 φράσεως
2473 3605 2573 3677 μὲν
2595 3606 2864 3679 ἀκριϐοῦς
2891 3607 2927 3680 ἢ
2958 3609 3175 3678 κόμπου
3207 3610 3472 3681 ῥημάτων
3500 3609 3754 3682 οὐδεμίαν

2174 3699 2537 3769 ποιησάμενοι
2587 3698 2869 3771 φροντίδα,
2918 3701 3266 3773 πραγμάτων
3311 3700 3369 3755 δὲ
3407 3701 3610 3773 μᾶλλον
3660 3704 3753 3756 καὶ

2174 3790 2474 3862 σαφηνείας
2524 3790 2685 3861 λόγου
2729 3793 2827 3845 καὶ
2852 3793 3049 3858 λέξεως
3096 3795 3273 3867 ἁπλῆς
3305 3796 3749 3867 πεφροντικότες.

2172 3884 2336 3938 Ὅθεν
2372 3884 2574 3949 ταύτας
2607 3886 2848 3951 παλαιάς
2885 3887 2985 3958 τῆς
3033 3888 3297 3959 τακτικῆς
3332 3888 3598 3953 πολλάκις
3633 3888 3751 3943 Ἐλ-

2170 3974 2397 4045 ληνικὰς
2445 3976 2545 4047 μὲν
2595 3978 3009 4050 ὲσαφηνίσαμεν
3078 3979 3275 4044 λέξεις,
3319 3977 3638 4051 Ῥωμαϊκὰς
3693 3981 3751 4034 δέ

2167 4069 2678 4142 διηρμηνεύσαμεν,
2713 4071 2810 4125 καί
2828 4089 2971 4125 τισιν
2989 4072 3207 4142 ἑτέραις
3237 4076 3605 4145 στρατιωτικῇ
3627 4091 3750 4127 συν·

2168 4164 2329 4235 ηθείᾳ
2370 4162 2696 4235 λεγομέναις
2735 4164 3096 4236 ἐχρησάμεθα
3154 4166 3394 4233 λέξεσιν,
3423 4167 3614 4223 ἐνεκεν
3653 4167 3751 4238 τῆς

2170 4254 2377 4328 σαφοῦς
2407 4257 2767 4329 καταλήψεως
2796 4259 2906 4313 τῶν
2928 4262 3397 4331 ἐντυγχανόντων,
3452 4261 3617 4332 μόνον
3643 4262 3749 4316 τῶν

2166 4351 2269 4404 οὐκ
2295 4351 2611 4419 ἀναγκαίων
2639 4349 2941 4418 διατάξεων
2964 4351 3323 4423 ἐξῃρημένων
3350 4353 3441 4407 διά
3469 4370 3533 4406 τε
3564 4354 3628 4407 τὸ
3650 4370 3747 4408 πε-

2171 4440 2355 4513 ριττοῦ
2377 4441 2455 4512 (6)
2471 4459 2595 4496 τινα
2616 4427 2819 4513 χρηστε
2828 4442 2913 4496 ίαν
2933 4445 3028 4495 καὶ
3044 4443 3140 4514 τὴν
3168 4444 3279 4497 τῶν
3295 4448 3748 4517 συγγραμμάτων

2167 4534 2440 4602 ἀσάφειαν
2463 4533 2530 4588 ἵν’
2564 4534 2741 4605 ἐχοιεν
2771 4534 3103 4590 εὐσύνοπτον
3124 4537 3178 4589 οἱ
3201 4536 3515 4609 βουλόμενοι
3549 4555 3748 4610 στρατ-

2168 4630 2327 4698 ηγεῖν
2365 4626 2569 4699 πολλὴν
2615 4626 2726 4681 τῶν
2772 4628 2916 4682 κατά
2939 4628 3209 4699 πολέμους
3246 4632 3340 4685 καὶ
3388 4632 3745 4704 ἐκστρατείας

2167 4721 2482 4790 ἀναγκαίων
2513 4721 2612 4792 τὴν
2642 4724 2875 4793 πεῖραν,
2910 4723 2972 4776 οὐ
3002 4722 3148 4794 λόγῳ
3187 4724 3350 4795 μόνον
3374 4724 3435 4778 τὸ
3472 4726 3744 4798 χρήσιμον

2165 4812 2419 4881 ἔχουσαν,
2435 4812 2575 4867 ἀλλά
2591 4812 2657 4882 δὴ
2679 4813 2775 4867 καὶ
2794 4813 2977 4878 αὐτοῖς
3000 4814 3186 4885 ἔργοις
3208 4816 3477 4888 παράτῶν
3495 4819 3745 4872 παλαιῶν

2166 4906 2657 4978 ἐγγυμνασθεῖσαν,
2692 4908 2786 4961 καὶ
2829 4908 2988 4979 ἄχρις
3014 4908 3196 4979 ημῶν,
3235 4911 3283 4963 εί
3325 4911 3419 4963 καὶ⁸
3454 4912 3530 4982 μὴ
3561 4912 3741 4983 ἔργοις

2166 5001 2372 5067 αὐτοῖς,
2405 4994 2487 5063 οἷς
2517 5000 2586 5055 τά
2616 5000 2904 5071 Ῥωμαίων
2929 5001 3024 5055 ἐπὶ
3060 5001 3206 5072 μέγα
3235 5002 3378 5074 ῆρθη
3428 5003 3734 5077 δυνάμεως,

2165 5094 2686 5163 ωραπεμφθεῖσαν,
2717 5092 2833 5146 ἀλλ’
2865 5089 2961 5146 οὖν
2990 5096 3105 5156 τοῖς
3138 5094 3338 5163 λόγοις,
3373 5096 3443 5149 δι’
3489 5089 3567 5151 ὧν
3607 5100 3744 5152 ἀνα-

2163 5183 2506 5255 λαμϐάνεται
2535 5185 2630 5237 καὶ
2653 5185 3134 5255 ἀναμιμνήσκεται
3173 5185 3230 5240 δὲ
3258 5186 3398 5262 λήθῃ
3436 5204 3740 5261 παραπεμ-

2163 5276 2390 5345 φθέντα,
2422 5277 2520 5330 καὶ
2565 5277 2647 5339 είς
2682 5276 2780 5348 τὴν
2809 5276 3046 5347 ἀρχαίαν
3082 5278 3247 5333 πάλιν
3294 5280 3739 5336 ἀποκαθίσταται

2162 5368 2339 5434 τάξιν.
2394 5368 2534 5423 Ἀλλ’
2576 5369 2663 5438 ἐφ’
2715 5370 2828 5441 ὅσῳ
2858 5369 2959 5441 μὲν
3013 5372 3071 5423 ἐν
3099 5373 3211 5435 τοῖς
3243 5372 3643 5444 ῥηθησομένοις
3679 5376 3740 5429 τὸ

1890 5507 1894 5513 τ
1994 5477 2229 5545 NOTAE.

540 5580 618 5653 (5)
678 5581 804 5653 ῌρὸ
824 5580 1026 5649 ξένου.
1060 5579 1276 5653 Scribe,
1297 5579 1581 5653 προξένου.

541 5649 621 5724 (6)
678 5649 756 5707 na
811 5654 975 5709 habet
1006 5652 1193 5710 codex
1240 5649 1666 5721 Laurentianus,
1721 5649 1818 5708 sed
1860 5651 2046 5708 nescio
2072 5665 2182 5724 quo
2205 5666 2371 5709 sensu
2405 5669 2421 5721 ;
2452 5651 2613 5721 forte,
2643 5653 3027 5727 τὴνιπεριττοῦ
3060 5654 3373 5726 legendum.
