4078 6306
326 311 432 374 677

1496 316 1832 377 TACTICA.
1867 342 1934 350 -
1967 317 2380 378 ΡΒᾹΞΕΑΤΙΟ.

3488 321 3594 384 678

318 429 618 499 εὔχρηστον
669 424 972 499 ἀνεδείχθη,
1036 427 1265 502 χάρις
1302 431 1379 501 τῷ
1427 433 1646 486 πάντων
1688 431 1901 498 ἀγαθῶν

2018 433 2114 498 ris,
2140 433 2337 502 quibus
2364 448 2451 487 res
2475 432 2750 490 oblivione
2775 449 2916 505 pene
2936 432 3129 509 deletae
3158 445 3508 502 revocantur,
3533 447 3591 494 et

314 519 498 588 δοτῆρι
557 519 780 590 Χριστῷ
842 519 921 590 τῷ
978 521 1192 590 βασιλεῖ
1244 524 1340 576 τοῦ
1398 525 1598 588 παντὸς
1649 527 1742 578 καὶ
1781 524 1900 595 Θεῷ

2009 534 2426 594 recuperantur,
2465 534 2520 581 et
2567 526 2636 582 ad
2687 527 2976 598 pristinam
3023 529 3221 583 iterum
3270 527 3594 597 dignitatem

312 613 494 684 ἡμῶν,
540 613 619 685 τῷ
671 615 765 668 καὶ
795 616 908 676 τοῖς
958 616 1251 685 ἡμετέροις
1297 615 1478 684 λόγοις
1525 617 1899 688 δωρησαμένῳ

309 706 411 776 τὴν
440 707 624 777 χάριν.
661 707 725 761 Εί
755 707 812 761 δέ
862 723 946 770 τις
977 707 1070 760 καί
1104 705 1288 776 ἕτερος
1337 706 1403 759 δι’
1447 706 1616 777 αὐτῆς
1654 707 1751 776 τῆς
1781 707 1898 759 ἐπι-

314 800 535 869 μελείας
558 800 655 854 καῖ¹
681 800 879 872 πείρας
919 798 1208 870 κρείττονα
1246 798 1453 853 τούτων
1481 797 1708 871 ἐφεύρῃ,
1740 800 1896 870 χάρις

308 890 408 945 καὶ
451 890 594 944 οὕτω
657 891 737 962 τῷ
781 890 1086 962 ωναγάθῳ
1131 890 1287 962 Θεῷ,
1325 890 1626 962 συγγνώμη
1673 892 1728 944 δὲ
1762 893 1895 962 ἡμῖν

306 985 408 1055 τῆς
440 984 754 1056 προθυμίας
788 984 998 1039 ἕνεκεν.

2005 615 2396 683 restituuntur,
2428 616 2748 673 mandatum
2795 617 3052 684 habeant,
3104 618 3199 687 qui
3248 617 3316 673 ad
3347 615 3596 688 discipli-

2004 721 2134 761 nam
2170 707 2462 763 militarem
2515 717 2681 780 atque
2716 711 3122 780 imperatoriam
3150 709 3588 778 cognoscendam

2003 810 2066 852 se
2113 803 2260 854 totos
2307 797 2551 856 tradunt.
2588 795 2846 866 Quod‘si
2902 799 3111 868 aliquid
3144 799 3291 854 .buni
3340 799 3594 856 oratione

2004 900 2196 948 nostra
2233 891 2484 950 effectum
2509 903 2612 960 est,
2647 893 2842 965 gratia
2875 893 3144 948 habendae
3169 905 3300 950 sunt
3339 895 3588 950 omnium

2003 983 2278 1040 bonorum
2307 985 2552 1056 largitori
2581 986 2821 1050 Christo,
2847 987 3220 1043 universitatis
3251 987 3406 1056 Regi,
3442 987 3571 1043 Deo-

309 1092 417 1146 que
440 1090 650 1142 nostro,
683 1079 780 1149 qui
807 1090 861 1135 et
884 1080 1120 1136 orationi
1154 1086 1357 1136 nostrae
1387 1079 1616 1135 aﬂ‘undit
1663 1081 1919 1150 gratiam.
1951 1076 2048 1134 Sin
2088 1081 2303 1136 diversa
2372 1083 2441 1136 ab
2487 1081 2629 1146 istis,
2669 1091 2725 1137 et
2768 1098 2899 1137 cura
2981 1083 3416 1154 cogitationeque
3486 1099 3582 1140 sua

311 1173 536 1227 meliora
561 1174 687 1243 quis
718 1174 1009 1239 invenerit,
1039 1175 1244 1246 gratias
1274 1175 1437 1230 etiam
1471 1175 1562 1231 ille
1589 1175 1771 1232 omnis
1796 1174 2062 1231 bonitatis
2118 1178 2335 1234 auctori
2383 1177 2494 1233 Deo
2536 1191 2693 1250 agat;
2757 1178 2914 1233 nobis
2971 1181 3126 1234 venia
3186 1192 3408 1251 propter
3466 1190 3584 1238 stu-

305 1265 459 1320 dium
494 1277 863 1339 conatumque
898 1278 1146 1325 nostrum
1175 1271 1458 1326 tribuenda
1489 1282 1594 1327 est.

379 1363 604 1427 Πάντως
641 1362 768 1435 χρὴ,
828 1365 939 1419 εῖτε
983 1368 1078 1419 ἐπὶ
1116 1366 1299 1431 πλέον,
1365 1366 1477 1420 εἴτε
1526 1369 1612 1421 ἐπ’
1671 1369 1895 1422 ἔλαττον

303 1456 438 1518 τοὺς
478 1455 839 1528 βουλομένους
872 1461 1200 1529 στρατηγεῖν
1230 1463 1351 1523 ταῖς
1378 1464 1668 1525 τακτικαῖς
1702 1480 1760 1514 τε
1797 1464 1892 1515 καὶ

309 1551 706 1619 στρατηγικαῖς
738 1549 1100 1620 ἐνδιατρίϐειν
1150 1551 1422 1620 μελέταις.
1459 1552 1596 1606 Οὐδὲ
1644 1553 1773 1625 γάρ,
1816 1554 1890 1615 ὥς

304 1655 450 1703 τινες
483 1641 594 1694 τῶν
635 1641 882 1714 ἀπείρων
925 1642 1133 1712 ἔχουσι,
1165 1642 1252 1696 διὰ
1280 1644 1517 1715 πλήθους
1549 1645 1760 1717 ἀνδρῶν
1795 1647 1890 1699 καὶ

2073 1364 2310 1422 Omnino
2357 1377 2564 1432 autem,
2623 1369 2720 1440 qui
2765 1385 2825 1425 se
2892 1370 2959 1424 ad
3013 1370 3304 1439 imperium
3350 1367 3584 1426 adminio

2001 1462 2288 1516 strandum
2337 1462 2419 1516 vel
2457 1477 2674 1533 magna,
2713 1462 2796 1516 vel
2839 1461 3021 1532 aliqua
3064 1478 3131 1516 ex
3167 1470 3322 1530 parte
3361 1461 3585 1517 dedide-

1995 1562 2146 1618 runt,
2189 1552 2244 1608 in
2279 1553 2508 1608 scientia
2549 1553 2774 1608 militari
2823 1563 2990 1624 atque
3027 1552 3381 1622 imperatoria
3413 1568 3472 1610 se
3505 1553 3586 1608 dl-

1991 1646 2229 1715 Iigeuter
2284 1655 2600 1700 exerceant.
2653 1645 2843 1714 Neque
2890 1645 3063 1709 enim,
3118 1645 3582 1714 quemadmodum

307 1730 542 1798 θράσους
576 1733 624 1784 οἱ
661 1733 892 1803 πόλεμοι
923 1734 1222 1804 κρίνονται,
1271 1735 1410 1790 ἀλλά
1453 1736 1546 1790 διὰ
1599 1737 1886 1808 εὐμενείας

2004 1737 2230 1808 imperiti
2263 1737 2482 1806 quidam
2511 1737 2919 1802 existimarunt,
2983 1735 3334 1791 multitudine
3374 1750 3439 1791 ac
3477 1751 3582 1790 nu-

303 1821 440 1875 Θεοῦ
473 1823 568 1877 καὶ
598 1825 935 1896 στρατηγίας
964 1826 1058 1879 καὶ
1095 1825 1320 1892 τάξεως,
1353 1822 1421 1900 ἧς
1450 1828 1652 1899 μᾶλλον
1691 1830 1887 1899 έπιμε-

308 1916 522 1987 λητέον,
557 1916 590 1987 ἢ
636 1917 903 1987 συλλογῆς
936 1918 1180 1989 πλήθους
1227 1919 1460 1992 ἀκαίρου
1486 1937 1499 1951 ο
1551 1921 1586 1990 ἡ
1642 1922 1741 1992 μὲν
1780 1921 1888 1992 γάρ

307 2011 404 2064 καὶ
433 2012 733 2080 ἀσφάλειαν
763 2012 857 2065 καὶ
893 2009 1165 2079 ὠφέλειαν
1211 2011 1335 2080 ἄγει
1376 2013 1488 2075 τοῖς
1521 2013 1704 2076 καλῶς
1750 2014 1888 2084 αὐτῇ

308 2104 706 2175 κεχρημένοιςο
750 2105 785 2175 ή
841 2102 901 2156 δὲ
949 2103 1246 2175 συπριῦὴν
1299 2105 1394 2158 καὶ
1444 2105 1740 2178 ἐπιζήμιον
1794 2107 1887 2161 δα-

309 2209 510 2265 πανην.

382 2465 594 2538 Ὠσπερ
635 2466 746 2539 γάρ
815 2469 917 2522 οὐκ
969 2467 1118 2523 ἔστιν
1169 2468 1356 2524 ὁλκάδι
1413 2469 1626 2540 πελάγη
1669 2469 1892 2542 διαπορσ

311 2557 610 2627 θμεύεσθαι
663 2559 1068 2631 κυϐερνητικῆς
1121 2559 1432 2632 ἐπιστήμης
1491 2561 1683 2634 χωρὶς,
1721 2562 1894 2626 οὕτως

312 2651 430 2705 οὐδὲ
479 2650 773 2720 πολεμίους
803 2652 1274 2721 καταγωνίζεσθαι
1303 2652 1512 2718 τάξεως
1561 2656 1657 2708 καὶ
1695 2672 1893 2726 στρατο

318 2743 479 2812 ηγίας
499 2743 677 2808 ἐκτὸς,
707 2743 774 2797 δι’
804 2738 874 2816 ἦς
909 2745 972 2798 ού
1010 2745 1169 2818 μόνον
1203 2744 1298 2800 τοῦ
1331 2747 1750 2818 ίσοῤῥοποῦντος
1786 2749 1896 2802 τῶν

313 2837 592 2908 πολεμίων
626 2839 1008 2910 περιγίνεσθαι
1035 2842 1133 2895 σὺν
1162 2839 1283 2911 Θεῷ
1303 2841 1529 2895 δυνατόν
1562 2843 1734 2907 ἐστιν,
1759 2841 1897 2896 ἀλλὰ

315 2933 410 2987 καὶ
457 2932 550 2986 τοῦ
603 2933 785 3005 πολλῷ
838 2936 1000 2989 πλέον
1034 2935 1116 3006 τῷ
1175 2935 1395 3008 ἀριθμῷ
1439 2935 1895 3006 ὑπερϐάλλοντος.

315 3024 526 3099 Ὠσπερ
571 3022 664 3082 οὖν
713 3028 872 3084 ἄλλον
923 3030 1047 3085 τινὰ
1093 3031 1385 3102 πρόχειρον
1414 3029 1578 3099 νόμον
1617 3030 1770 3100 ὑμῖν,
1821 3030 1898 3094 ὡς

1991 1844 2144 1883 mero
2191 1828 2501 1894 hominum,
2557 1830 2652 1886 sed
2731 1828 3068 1900 benignitate
3127 1844 3192 1883 ac
3246 1827 3436 1884 favore
3487 1828 3580 1883 Dei

1990 1920 2130 1976 bella
2161 1921 2554 1987 conﬁciuntur,
2584 1929 2642 1976 et
2692 1920 2769 1975 rei
2814 1920 3068 1976 militaris
3105 1919 3582 1990 imperatoriaque

1991 2010 2245 2075 scientia,
2283 2009 2338 2064 in
2371 2026 2494 2080 qua:
2513 2009 2718 2080 potius,
2749 2025 2914 2079 quam
2951 2009 3366 2084 in_importun:e
3393 2008 3578 2064 multi-

1994 2102 2202 2158 tudinis
2234 2103 2530 2158 coitionem
2576 2103 2896 2158 intuendum
2940 2111 3053 2169 est;
3097 2105 3270 2156 altera
3303 2101 3448 2156 enim
3483 2115 3575 2156 res

1994 2201 2109 2247 tum
2140 2191 2454 2258 utilitatem,
2481 2201 2598 2247 tum
2632 2191 3090 2254 incolumitatem.
3124 2191 3192 2245 iis
3221 2191 3315 2260 qui
3345 2205 3406 2244 ea
3438 2191 3578 2245 bene

1993 2291 2248 2349 utuntur,
2277 2292 2564 2355 apportet;
2611 2282 2784 2340 altera
2820 2298 2949 2339 vero
3009 2282 3479 2353 perturbationem
3514 2292 3570 2337 et

1993 2385 2243 2446 sumptus
2268 2375 2468 2431 multos
2497 2375 2870 2432 infructuosos
2897 2373 3073 2430 aﬂ‘ert.

2065 2468 2535 2537 Quemadmodum
2604 2468 2752 2524 enim
2827 2482 3022 2522 navem
3098 2467 3410 2522 onerariam
3478 2481 3574 2536 per

1997 2564 2169 2619 maria
2215 2562 2467 2633 trajicere
2497 2576 2608 2616 non
2640 2575 2936 2631 possumus
2976 2561 3100 2616 sine
3154 2573 3272 2614 arte
3299 2559 3574 2629 guberna-

1996 2659 2158 2722 toria,
2188 2656 2268 2712 sic
2334 2670 2514 2725 neque
2561 2654 2702 2710 bella
2760 2663 2947 2710 nostra
3001 2654 3231 2709 honeste
3269 2653 3573 2723 suscipere,

1999 2763 2179 2820 neque
2201 2757 2454 2818 suscepta
2485 2748 2760 2802 coniicere
2792 2761 3094 2816 possumus
3128 2746 3250 2801 sine
3285 2753 3405 2802 arte
3433 2746 3578 2812 mili-

1997 2839 2104 2895 tari
2158 2849 2325 2908 atque
2367 2837 2740 2908 imperatoria,
2780 2851 2891 2907 qua
2920 2851 3030 2892 non
3073 2837 3256 2892 solum
3313 2836 3578 2906 aequalem

2000 2943 2054 2987 et
2096 2946 2283 3001 parem
2333 2944 2564 2984 numero
2609 2928 3018 2984 multitudinem
3051 2928 3294 2984 hostium
3340 2929 3581 2999 propitio

2001 3023 2111 3080 Deo
2151 3039 2496 3093 superamus,
2547 3023 2643 3077 sed
2681 3023 2846 3077 etiam
2897 3022 3059 3093 longe
3099 3021 3271 3076 multo
3315 3021 3582 3092 maiorem

315 3123 554 3191 εἴρηται,
593 3124 960 3194 στρατηγικὸν
1026 3125 1125 3195 τὴν
1177 3121 1460 3195 παροῦσαν
1511 3126 1896 3196 πραγματείαν

2004 3114 2244 3169 hostium
2289 3127 2604 3177 numerum,
2637 3111 3131 3180 instructioresque
3175 3110 3362 3181 copias
3398 3111 3583 3165 fundi-

317 3212 750 3284 ὑπαγορεύοντες
801 3217 1086 3286 προσεχῶς
1116 3233 1177 3270 τε
1208 3216 1306 3270 καὶ
1351 3217 1626 3282 ἐπιπόνως
1677 3216 1897 3271 ἀκούειν

318 3303 351 3357 ὑ
358 3303 477 3374 μῶν
505 3305 1020 3377 παρακελευόμεθα.

391 3484 587 3554 Χρεὼν
611 3485 794 3540 τοίνυν
819 3487 1085 3559 πρότερον
1118 3489 1217 3558 μὲν
1246 3490 1560 3560 ὑπογράψαι
1590 3490 1686 3561 τὴν
1713 3492 1770 3542 ὲν
1799 3507 1898 3543 ποο

321 3576 510 3646 λέμοις
545 3579 838 3648 τακτικὴν.
868 3579 978 3633 Καὶ
1019 3580 1074 3632 τί
1104 3581 1219 3634 ἐστι
1266 3581 1595 3652 στρατηγὸς,
1627 3577 1750 3636 εἶτα
1779 3581 1899 3635 τίνα

322 3668 418 3723 καὶ
453 3671 636 3724 ὁποῖον
667 3672 974 3743 στρατηγὸν
1001 3668 1140 3727 εἶναι
1182 3673 1282 3739 δεῖ,
1318 3676 1412 3728 καὶ
1441 3675 1588 3737 ὅπως
1615 3675 1734 3729 δέον
1774 3675 1900 3744 βου-

322 3760 597 3816 λεύεσθαι.
646 3762 805 3833 Ἑξῆς
825 3763 882 3817 δὲ
910 3765 1010 3833 τὴν
1029 3767 1108 3824 είς
1142 3765 1408 3836 ἄρχοντας
1440 3765 1536 3820 καὶ
1565 3767 1902 3836 ἀρχομένους

322 3851 417 3906 τοῦ
457 3853 692 3924 στρατοῦ
722 3853 985 3910 διαθεῖναι
1004 3855 1291 3927 διαίρεσιν,
1338 3857 1440 3928 τήν
1473 3875 1530 3911 τε
1561 3857 1727 3927 ἀλλην
1753 3861 1902 3914 ἀπο-

324 3946 546 4019 σκευὴν,
567 3949 662 4002 καὶ
686 3949 795 4002 τῶν
827 3950 1010 4004 ὅπλων
1029 3950 1403 4023 κατασκευὴν,
1435 3951 1531 4005 καὶ
1548 3952 1648 4022 τὴν
1670 3953 1904 4006 ἑκάστου

328 4042 656 4110 μαχομένων
684 4042 923 4100 ὅπλισιν.
957 4045 1102 4115 Πρὸς
1135 4044 1350 4109 τούτοις
1384 4045 1485 4116 τὴν
1515 4045 1654 4116 πρὸς
1678 4046 1789 4100 τῶν
1825 4046 1904 4116 (7)

325 4132 595 4202 ἀληθινῶν
611 4135 837 4203 ἀγώνων
857 4135 952 4189 τοῦ
983 4137 1292 4208 στρατηγοῦ
1326 4137 1655 4208 γυμνασίαν.
1673 4140 1738 4192 Ἐ
1750 4156 1906 4192 πειτα

326 4225 383 4277 δὲ
420 4227 512 4278 καὶ
550 4227 618 4280 τά
665 4230 894 4298 κείμενα
937 4229 1434 4298 ὑπαναγνωσθῆναι
1469 4230 1738 4300 ἐπιτίμια,
1787 4226 1908 4286 εἶτα

329 4322 458 4389 περὶ
488 4319 796 4391 ὁδοιπορίας
830 4323 1006 4375 εἰπεῖν
1040 4322 1140 4390 τῆς
1164 4339 1225 4375 τε
1258 4325 1317 4375 ὲν
1345 4325 1412 4394 τῇ
1445 4323 1552 4394 ἰδίᾳ
1592 4325 1687 4376 καὶ
1717 4323 1820 4394 τῆς
1848 4326 1907 4377 ὲν

327 4415 392 4481 τῇ
419 4411 681 4483 πολεμίᾳ,
726 4413 855 4483 περί
901 4431 960 4467 τε
988 4414 1081 4467 τοῦ
1108 4415 1403 4484 λεγομένου
1433 4415 1676 4478 τούλδου,
1713 4417 1808 4470 καὶ
1841 4416 1906 4496 δὴ

329 4503 423 4556 καὶ
480 4505 610 4575 περὶ
656 4505 974 4576 ἀπλήκτων.
1017 4506 1131 4575 Τῆς
1182 4524 1244 4560 τε
1306 4507 1763 4578 προκατασκευῆς
1809 4509 1907 4563 καὶ

329 4595 727 4666 παραγγελίας,
762 4599 860 4651 καὶ
903 4597 957 4650 τί
985 4597 1066 4650 δεῖ
1105 4597 1354 4665 γίνεσθαι
1394 4598 1502 4668 πρὸ
1535 4598 1637 4669 τῆς
1673 4597 1770 4652 τοῦ
1805 4615 1908 4652 πο-

329 4685 499 4751 λέμου
537 4689 777 4760 ἡμέρας,
819 4690 916 4743 καὶ
964 4690 1065 4744 ὅσα
1105 4691 1162 4744 ὲν
1189 4692 1255 4760 τῇ
1291 4688 1387 4744 τοῦ
1433 4689 1671 4759 πολέμου
1725 4689 1909 4763 ἡμέρᾳ

330 4781 701 4849 ὲποφείλεται.
734 4783 843 4836 Καὶ
872 4781 956 4835 ἔτι
991 4784 1120 4854 περὶ
1160 4783 1480 4854 πολιορκίας
1501 4797 1514 4812 '
1545 4778 1668 4838 εἶτα
1704 4784 1802 4837 καὶ
1839 4785 1910 4836 τὰ

335 4876 474 4941 μετὰ
520 4874 610 4928 τὸν
658 4875 892 4946 πόλεμον
925 4875 1276 4948 ὀφειλόμενα,
1314 4876 1410 4931 καὶ
1444 4877 1544 4940 τὰς
1583 4877 1653 4930 δι’
1674 4875 1911 4948 ἑνεδρῶν

331 4969 628 5037 ἀδοκήτους
659 4967 884 5036 ἐφόδους
914 4969 1024 5021 τῶν
1064 4985 1124 5021 τε
1153 4969 1440 5040 ἡμετέρων
1470 4970 1566 5024 καὶ
1593 4968 1702 5022 τῶν
1743 4969 1907 5024 πολε-

336 5060 494 5132 μίων.
524 5059 636 5112 Καὶ
663 5061 756 5113 ἐπὶ
780 5059 997 5124 τούτοις
1027 5060 1304 5129 διαφόρων
1341 5061 1702 5132 παρατάξεων
1746 5063 1908 5132 μελέ-

331 5170 432 5215 τας
462 5151 691 5206 δθνικῶν
717 5166 774 5204 τε
805 5153 899 5206 καὶ
939 5151 1284 5222 Ῥωμαϊκῶν.
1321 5149 1458 5206 Εἶτα
1497 5155 1590 5206 ἐπὶ
1613 5157 1727 5218 τοῖς
1759 5156 1912 5225 εἰρη-

339 5244 520 5313 μένοις
565 5243 660 5297 ml
699 5243 827 5313 περὶ
859 5244 1170 5315 ναυμαχίας
1197 5243 1448 5310 διατάξαι
1497 5244 1754 5316 μετρίως.
1799 5245 1911 5298 Kal.

337 5339 430 5391 ἐπὶ
481 5337 691 5402 τούτοις
724 5338 896 5394 lauat
946 5337 1171 5410 γνώμας
1219 5339 1374 5402 τινάς
1405 5339 1669 5402 τακτικάς
1710 5355 1772 5394 τε
1814 5338 1912 5392 καὶ

338 5432 711 5503 στρατηγικάς
776 5431 926 5494 ίδίως
993 5430 1299 5494 ἑντεύξουσι
1374 5433 1701 5499 συναγαγεῖν
1777 5431 1910 5495 ὅσας

334 5523 496 5595 δῆλον
543 5526 626 5578 ὅτι
678 5526 821 5579 κατὰ
872 5523 1064 5596 χώραν
1109 5523 1329 5588 ιντάξαι
1356 5522 1418 5577 τὸ
1459 5523 1790 5578 εὐσύνοπτον
1818 5523 1915 5577 καὶ

337 5616 632 5687 πρόχειρον
660 5617 766 5670 τῶν
787 5616 1083 5682 διατάξεων
1103 5617 1164 5670 οὐ
1194 5618 1468 5688 συγχωρεῖ
1489 5615 1748 5672 ἐκθεῖναι.
1793 5616 1916 5688 Ἀφ’

2000 3220 2125 3260 mus
2156 3213 2210 3259 et
2246 3203 2597 3275 dissipamus.
2628 3201 2800 3269 Quasi
2827 3201 2996 3273 igitur
3023 3202 3128 3270 legi
3152 3202 3315 3257 alicui
3357 3202 3579 3256 militari

2000 3298 2375 3369 promulgatae,
2409 3297 2694 3351 utdictum
2715 3303 2821 3360 est,
2844 3297 2926 3350 sic
2971 3295 3095 3349 huic
3129 3295 3441 3350 tractationi
3485 3310 3583 3347 vos

2001 3404 2191 3461 parere
2224 3398 2386 3460 atque
2416 3387 2639 3443 obedire
2660 3388 2914 3444 volumus
2938 3395 3104 3457 atque
3126 3387 3478 3457 imperamus.

2077 3486 2323 3543 Primum
2374 3485 2541 3555 igitur
2603 3484 2764 3540 nobis
2803 3481 3223 3540 describendum
3270 3491 3376 3545 est,
3419 3480 3583 3550 quid-

2003 3599 2130 3641 nam
2161 3598 2252 3639 res
2298 3581 2578 3646 militaris,
2609 3580 2852 3651 quidque
2875 3580 3177 3651 imperator
3217 3577 3330 3645 sit;
3359 3577 3580 3639 deinde.

2003 3677 2222 3748 qualem
2261 3690 2384 3731 esse
2413 3683 2628 3745 oportet
2657 3673 2986 3740 exercitum,
3022 3683 3080 3729 et
3123 3673 3582 3743 quemadmodum

2004 3768 2296 3825 consilium
2327 3766 2656 3837 capiendum
2687 3765 2796 3832 sit;
2825 3775 2941 3820 tum
2981 3765 3036 3819 in
3078 3763 3365 3835 praefectos
3403 3763 3585 3821 omnis

2005 3857 2239 3930 generis,
2274 3865 2330 3913 et
2361 3857 2565 3912 milites
2600 3855 2842 3912 dividere
2884 3856 3188 3912 exercitum
3209 3899 3225 3921 ,
3271 3857 3582 3928 reliquum-

2006 3965 2114 4019 que
2136 3957 2456 4019 apparatum
2490 3962 2710 4003 omnem
2741 3946 2974 4001 militum
3000 3947 3280 4011 adhibere,
3314 3956 3367 4002 et
3393 3949 3588 4004 unius-

2009 4041 2281 4112 cujusque
2308 4040 2503 4108 militis
2547 4049 2906 4094 armaturam.
2938 4039 3020 4094 Ad
3055 4040 3192 4105 haec,
3221 4041 3584 4111 quemadmo-

2007 4135 2140 4189 dum
2173 4141 2300 4187 ante
2333 4145 2463 4186 vera
2494 4130 2790 4187 certamina
2825 4130 3125 4200 imperator
3152 4131 3397 4202 singulos
3428 4147 3588 4188 exer-

2008 4241 2135 4282 cere
2173 4224 2388 4280 debeat.
2433 4223 2724 4294 Deinceps,
2750 4222 3210 4293 quemadmodum
3242 4223 3474 4295 singulis
3501 4240 3590 4280 re-

2009 4319 2114 4374 bus
2153 4317 2446 4387 propositae
2502 4316 2689 4370 multae
2738 4315 2791 4368 in
2835 4314 3077 4372 exercitu
3130 4315 3401 4385 legantur.
3448 4314 3588 4370 Tum

2011 4410 2080 4464 de
2117 4409 2313 4464 itinere
2337 4407 2503 4462 verba
2533 4404 2777 4462 facienda
2810 4414 2959 4470 sunt,
2992 4413 3106 4460 tum
3142 4405 3195 4458 in
3226 4420 3346 4472 sua,
3383 4414 3498 4459 tum
3535 4406 3590 4460 in

2013 4501 2198 4557 hostili
2225 4508 2390 4555 terra.
2415 4497 2608 4556 Postea
2639 4499 2707 4554 de
2729 4498 3132 4569 impedimentis
3161 4508 3216 4554 et
3261 4499 3493 4566 castris;
3521 4500 3594 4555 de

2013 4601 2300 4664 apparatu,
2341 4601 2396 4647 et
2445 4592 2752 4662 praceptis,
2802 4591 3048 4662 quidque
3098 4591 3410 4648 faciendum
3464 4605 3592 4650 ante

2011 4685 2157 4742 diem
2185 4687 2310 4742 belli
2358 4687 2466 4747 sit,
2496 4686 2737 4756 quidque
2760 4685 2880 4754 ipso
2918 4685 3006 4738 die
3053 4685 3345 4755 agendum.
3382 4685 3458 4741 De
3495 4688 3593 4743 ob-

2012 4780 2227 4835 sidione
2271 4780 2462 4843 etiam,
2508 4788 2675 4847 atque
2720 4779 2788 4833 de
2829 4778 2920 4843 iis,
2949 4792 3073 4847 quae
3107 4788 3230 4847 post
3271 4780 3471 4836 bellum
3503 4797 3598 4852 ge-

2013 4874 2176 4930 renda
2230 4883 2380 4929 sunt.
2429 4873 2568 4928 Tum
2619 4887 2721 4928 nec
2767 4872 3020 4942 opiuatas
3070 4886 3137 4926 ex
3190 4873 3426 4936 insidiis,
3478 4884 3596 4930 tum

2021 4979 2261 5028 nostras.
2309 4976 2419 5020 tum
2457 4965 2697 5020 hostium
2744 4964 3114 5026 incursiones,
3145 4973 3201 5019 et
3227 4964 3597 5023 diversimode

2017 5060 2157 5128 apud
2193 5058 2371 5112 varias
2405 5068 2592 5128 gentes
2626 5057 2772 5112 acies
2815 5055 3132 5134 instructas.
3165 5054 3242 5112 De
3286 5059 3463 5113 navali
3501 5075 3595 5130 pu-

2018 5167 2122 5216 gna
2153 5166 2326 5217 pauca
2361 5150 2742 5219 adiungemus.
2791 5147 3082 5204 Post/haec
3130 5149 3336 5214 omnia,
3372 5159 3595 5208 senten-

2018 5241 2218 5294 tiarum
2250 5242 2611 5310 quarumdam
2647 5239 2970 5294 militarium
3014 5249 3179 5309 atque
3212 5241 3598 5313 imperatoria-

2015 5353 2136 5392 rum
2171 5338 2593 5408 descriptionem
2646 5336 2944 5407 separatim
2992 5337 3334 5411 colligemus,
3364 5355 3504 5410 quas
3539 5342 3596 5397 in

2016 5431 2132 5487 suis
2165 5431 2302 5485 locis
2334 5440 2557 5499 propter
2617 5429 2956 5485 brevitatum
2991 5441 3047 5485 et
3090 5431 3395 5504 expeditam
3428 5434 3596 5489 ratio-

2016 5538 2140 5578 nem
2193 5522 2431 5593 capitum
2472 5536 2580 5577 non
2611 5521 2924 5592 posui-sus.
2951 5520 3052 5578 His
3076 5524 3241 5581 rebus
3273 5524 3592 5592 instructus,

2016 5616 2112 5687 qui
2137 5603 2404 5688 sapientia
2462 5624 2517 5673 et
2544 5615 2831 5672 celeritate
2853 5615 3056 5685 ingenii
3095 5617 3390 5690 imperator
3412 5618 3592 5674 abun-

1859 5727 2095 5788 ΝΟΤιΕ.

412 5803 489 5875 (7)
507 5803 659 5873 Πρὸς
683 5803 820 5858 τῶν.
853 5803 1043 5859 Scribe
1066 5803 1182 5875 ,πρὸ
1200 5803 1329 5859 τῶν.
