4086 6326
455 265 566 335 δτρ

1714 268 1989 329 LEONIS
2023 266 2115 325 Pii
2132 265 2483 325 [LOSOPHI

3649 259 3766 325 680

461 385 578 451 dat,
603 385 762 457 longe
786 383 1102 457 perfectior,
1144 397 1221 441 ut.
1259 403 1443 458 spero,
1477 387 1891 456 alisolutiorque
1927 384 2050 438 erit.

2165 376 2235 436 ὢν
2269 381 2593 454 ὁρμώμενον
2625 381 2792 448 σοφὸν
2839 379 2970 431 ὄντα
3005 378 3100 433 καὶ
3151 377 3279 443 ὀξὺν
3312 380 3383 450 τῇ
3413 377 3629 450 διανοίᾳ
3665 365 3770 432 τὸν

461 477 540 534 Ae
577 479 755 548 primo
789 479 920 535 hinc
950 479 1321 550 incipiendum
1352 495 1476 536 esse
1505 489 1793 551 putamus.

881 721 1349 782 CONSTITUTIO
1388 726 1625 783 PRIMA.

812 831 894 894 De
914 839 980 910 Ire
1008 839 1236 894 militari
1262 853 1313 897 et
1345 843 1683 913 imperatore.

545 950 593 1005 i.
638 950 747 1007 Res
809 951 1068 1008 militaris
1126 963 1211 1009 est
1272 954 1505 1010 scientia
1560 955 1883 1012 bellicorum
1937 971 2056 1013 mo-

467 1050 650 1097 tuum.
693 1042 876 1102 Motus
907 1053 1088 1100 autem
1126 1047 1250 1102 belli
1285 1047 1536 1119 duplices
1568 1059 1698 1105 sunt
1733 1067 1746 1103 :
1777 1048 1870 1104 alii
1905 1051 2054 1105 enim

469 1143 642 1203 terra,
673 1136 767 1192 alii
802 1139 943 1192 mari
971 1137 1142 1209 fiunt.

537 1226 595 1282 2.
651 1228 756 1284 Res
806 1229 1066 1287 militaris
1116 1242 1200 1288 est
1262 1248 1354 1290 ars
1397 1235 1648 1305 quaedam
1700 1237 2059 1309 imperatoria

469 1319 714 1375 aciei-um
763 1319 1230 1392 instruendarum,
1276 1335 1331 1382 et
1381 1342 1662 1384 armorum
1715 1338 1770 1385 et
1810 1341 2059 1387 motuum

471 1410 816 1468 militarium.

542 1505 596 1560 5.
638 1505 746 1562 Ars
780 1507 1132 1577 imperatoria
1160 1519 1245 1567 est
1274 1511 1328 1566 in
1360 1512 1564 1583 quibus
1593 1515 1940 1580 exercitatio,
1976 1526 2058 1578 vel

469 1595 716 1651 studium
761 1607 856 1653 aut
903 1598 1174 1656 industria
1226 1604 1469 1671 ponitur,
1499 1620 1622 1660 cum
1672 1611 2064 1679 στρατηγημά-

2162 475 2472 549 στρατηγδν
2504 473 2818 545 σοφώτερον
2846 472 3101 542 γενέσθαι
3123 472 3442 546 ἐλπῖζομεν.
3470 471 3585 528 Καὶ
3603 473 3770 549 πρῶ-

2159 584 2254 622 τον
2293 567 2392 640 μὲν
2424 568 2662 640 ἀρκτέον
2690 565 2967 620 ἐντεῦθεν.

2645 726 2960 784 ΔΙΛΤΑΞΙΣ
3010 724 3268 781 ΠΡΩΤΗ.

2447 845 2588 915 Περὶ
2617 843 2908 913 τακτικῆς
2940 842 3044 899 καὶ
3079 840 3447 912 στρατηγοῦ.

2233 969 2307 1018 α’.
2341 961 2589 1034 Τακτική
2626 962 2774 1015 ἐστιν
2804 958 3087 1034 ἐπιστήμη
3121 957 3438 1030 πολεμικῶν
3464 956 3763 1026 κινήσεων.

2163 1059 2428 1130 Κινήσεις
2457 1056 2515 1110 δὲ
2567 1053 2868 1124 πολεμικαὶ
2898 1052 3077 1112 διτταί
3104 1069 3118 1083 ·
3154 1053 3209 1106 αἱ
3239 1051 3339 1123 μέν
3369 1051 3514 1110 κατά
3542 1049 3667 1120 γῆν,
3702 1050 3760 1102 αἱ

2163 1151 2221 1205 δέ
2248 1151 2392 1205 κατά
2428 1147 2724 1204 θάλατταν.

2238 1245 2306 1315 β’.
2347 1244 2597 1316 Τακτική
2649 1243 2766 1296 ἐστι
2795 1241 2963 1312 τέχνη
3002 1237 3350 1316 στρατηγικὴν
3397 1235 3765 1308 παρατάξεων

2165 1338 2261 1393 καὶ
2290 1336 2575 1408 ὁπλισμῶν
2603 1336 2698 1389 καὶ
2725 1334 3000 1405 κινήσεων
3024 1328 3459 1403 στρατιωτικῶν.

2239 1529 2311 1590 γ’.
2351 1519 2707 1593 Στρατηγικὴ
2735 1519 2792 1574 δέ
2822 1520 2970 1573 ἐστιν
3004 1513 3330 1596 στρατηγῶν
3376 1510 3598 1582 ἀγαθῶν
3637 1527 3763 1564 συν-

2169 1613 2403 1680 άσκησις
2435 1611 2604 1682 ἤγουν
2630 1609 2828 1681 μελέτη
2859 1609 2954 1662 καὶ
3019 1605 3297 1676 γυμνασία
3347 1602 3491 1675 μετὰ
3544 1617 3762 1671 στρατ-

468 1706 600 1755 των,
628 1691 683 1745 id
711 1701 798 1748 est
825 1693 1184 1749 consiliorum
1216 1694 1702 1766 imperatorion
1743 1708 1798 1754 et
1828 1709 2058 1770 tropico-

469 1795 590 1805 ..__
633 1783 948 1805 --n--.:-..-

2169 1704 2491 1776 ητημὰτων
2515 1704 2635 1776 ἤτοι
2667 1702 2944 1773 τροπαίων
2975 1697 3400 1770 συναθροισμοῦ.

469 1795 592 1838 mm
628 1783 974 1840 collectione.

541 1874 598 1930 4.
657 1873 1005 1947 Propositum
1063 1878 1144 1935 rei
1193 1880 1418 1936 militari
1475 1891 1580 1951 est,
1626 1892 1686 1939 ut
1738 1885 2063 1956 opportunis

470 1969 957 2028 commoditatibus
989 1981 1044 2028 et
1071 1973 1238 2030 rebus
1273 1978 1444 2046 gestis
1469 1975 1654 2032 vincat
1680 1960 1889 2034 hastes.

544 2061 599 2117 5.
641 2062 866 2120 Utilitas
913 2067 992 2121 rei
1051 2067 1309 2125 militaris
1361 2077 1466 2138 est,
1520 2071 1776 2127 ordinata
1819 2073 2059 2145 quadam

473 2165 538 2208 ac
567 2153 835 2224 disposita
866 2157 984 2212 acie
1021 2161 1147 2214 cum
1183 2160 1432 2217 hostibus
1459 2162 1772 2234 conﬂigere.

547 2246 601 2299 6.
645 2245 797 2304 Finis
829 2249 906 2304 rei
933 2250 1190 2309 militaris
1221 2264 1323 2318 est,
1361 2256 1543 2326 quoad
1565 2256 1686 2328 ejus
1712 2258 1831 2314 ﬁeri
1861 2267 2060 2330 potest,

478 2336 599 2392 sine
631 2339 740 2394 ulla
772 2339 1076 2398 oﬂ‘ensione
1114 2346 1415 2400 exercitum
1449 2347 1742 2405 instruere.

553 2431 603 2485 7.
648 2431 885 2490 Bellicus
934 2445 1228 2507 apparatus
1272 2440 1549 2510 perfectus
1593 2442 1793 2513 duplex
1827 2453 1933 2510 est,
1979 2445 2061 2499 al-

475 2532 558 2577 :er
591 2524 811 2593 quidem
844 2538 990 2584 terra
1031 2532 1327 2595 terrestris.
1366 2533 1505 2589 alter
1539 2549 1671 2591 vero
1716 2537 1854 2592 mari
1895 2552 2063 2592 nava-

471 2616 560 2672 lis.
616 2617 689 2674 De
735 2635 796 2676 re
841 2624 1018 2677 navali
1052 2634 1241 2695 postea
1297 2626 1566 2685 dicemus.
1609 2627 1908 2685 Hominum
1959 2646 2062 2686 au-

474 2721 581 2766 tent
611 2710 706 2782 qui
738 2713 808 2769 ad
841 2713 1042 2770 bellum
1078 2716 1360 2774 conﬂuunt
1388 2719 1707 2788 multitudo,
1741 2721 1911 2776 altera
1939 2721 2064 2792 qui-

473 2803 596 2858 dem
630 2807 883 2876 prtelians
911 2818 1018 2877 est,
1047 2810 1152 2867 hoc
1177 2820 1263 2869 est
1299 2813 1576 2878 bellatrix,
1613 2815 1787 2872 altera
1817 2830 1947 2871 vero
1993 2817 2060 2871 ad

477 2909 610 2952 usus
640 2897 764 2953 belli
795 2901 1024 2957 veniens
1069 2900 1330 2960 imbellis.
1368 2903 1434 2959 Et
1485 2905 1802 2973 bellatores,
1853 2907 2061 2964 milites

473 2999 603 3044 sunt
661 2990 754 3060 qui
805 2991 1071 3051 adversus
1119 2993 1308 3053 hostes
1368 2997 1744 3054 instruuntur.
1807 2999 2060 3057 imbelles

2236 1891 2298 1944 δ’.
2330 1889 2541 1952 Σκοπὸς
2571 1890 2640 1959 τῇ
2669 1889 2902 1956 τακτικῇ
2950 1883 3038 1939 διὰ
3073 1883 3182 1939 τῶν
3227 1880 3599 1953 ἐνδεχομένων
3639 1881 3760 1932 ἐπι-

2167 1982 2381 2037 ϐουλῶν
2404 1981 2502 2034 καὶ
2533 1979 2791 2052 πράξεων
2819 1977 3042 2052 κινῆσαι
3076 1975 3207 2039 τοὺς
3234 1973 3364 2027 πολε
3376 1972 3556 2043 μίους.

2250 2078 2312 2128 ε’.
2347 2071 2635 2143 Χρήσιμον
2667 2069 2724 2122 δέ
2766 2070 2917 2122 ἐστιν
2948 2069 2982 2138 ἡ
3012 2066 3270 2138 τακτικὴ,
3301 2064 3362 2118 τὸ
3384 2063 3454 2118 δι’
3495 2062 3761 2116 εὐτάκτου

2169 2165 2375 2228 θέσεως
2401 2160 2814 2234 συμπλέκεσθαι
2848 2160 2962 2220 τοῖς
2985 2155 3291 2227 πολεμίοις.

2242 2263 2318 2322 ς’.
2355 2255 2525 2319 Τέλος
2548 2255 2617 2325 τῇ
2645 2253 2882 2322 τακτικῇ
2922 2248 3066 2303 κατά
3094 2247 3156 2301 τὸ
3199 2247 3552 2319 ἐνδεχόμενον
3578 2244 3760 2317 ἀμέμ-

2169 2365 2321 2412 πτως
2350 2347 2602 2416 διατάξαι
2634 2345 2696 2399 τὸ
2733 2343 3074 2413 στράτευμα.

2238 2429 2323 2507 ζ(
2355 2442 2419 2494 Ai
2452 2439 2510 2494 δὲ
2542 2439 2624 2504 είς
2655 2439 2786 2502 τοὺς
2834 2434 3134 2506 πολεμίους
3177 2433 3384 2491 τέλειαι
3419 2449 3760 2505 πσιρετοιμα⁶

2167 2537 2281 2592 σίαι
2309 2533 2405 2590 δύο
2436 2532 2578 2600 είσῑν
2605 2549 2621 2564 ·
2670 2533 2710 2605 ᾑ
2744 2530 2844 2604 μὲν
2877 2527 3021 2596 κατὰ
3049 2528 3154 2598 γῆν
3182 2517 3470 2601 πεζικὴίή
3515 2525 3574 2584 δὲ
3619 2524 3761 2584 κατά

2167 2627 2448 2683 θάλασσαν
2474 2622 2730 2693 ναυτική.
2763 2621 2900 2693 Περὶ
2929 2620 3030 2692 μὲν
3057 2614 3152 2673 οὖν
3179 2619 3278 2688 τῆς
3304 2616 3573 2686 ναυτικῆς
3598 2615 3758 2669 ὕστε-

2168 2730 2262 2786 ρον
2295 2711 2551 2784 ἐροῦμεν.
2581 2709 2708 2764 Τῶν
2736 2709 2794 2763 δὲ
2819 2710 2964 2764 κατὰ
2992 2707 3099 2779 γῆν
3131 2707 3224 2761 ἐπὶ
3256 2705 3532 2775 πολέμους
3567 2704 3758 2777 ἀθροι-

2166 2805 2414 2878 ζομένων
2459 2801 2676 2874 ἀνδρῶν
2724 2801 2785 2856 τὸ
2832 2800 3045 2883 πλῆθος
3084 2799 3148 2854 τὸ
3200 2797 3298 2875 μέν
3338 2799 3457 2852 ἐστι
3495 2797 3758 2870 μάχιμον,

2164 2901 2336 2972 ἤγουν
2374 2895 2674 2968 πολεμικόν
2697 2913 2713 2929 ο
2745 2894 2808 2949 τὸ
2841 2893 2898 2947 δὲ
2928 2893 3018 2948 διὰ
3047 2885 3148 2956 τὰς
3177 2891 3367 2946 τούτου
3411 2891 3605 2963 χρείας
3639 2907 3763 2959 συν·

2165 2991 2464 3063 ερχόμενον
2485 2989 2725 3062 ἄμαχον.
2754 2987 2868 3041 Καὶ
2891 2985 3189 3056 πολεμικὸν
3231 2983 3352 3054 μὲν,
3376 2983 3438 3037 τὸ
3471 2998 3761 3054 παρατασφ

472 3080 669 3151 reliqui
723 3093 874 3146 sunt,
926 3088 1145 3154 medici,
1207 3091 1545 3158 administri,
1600 3105 1958 3159 mercatores,
2009 3103 2060 3150 et

2169 3086 2399 3157 σύμενον
2427 3084 2563 3156 πρὸς
2591 3082 2722 3146 τοὺς
2745 3078 3040 3152 πολεμίους
3065 3075 3478 3147 στρατιωτικόν.
3511 3077 3759 3147 Ἀμαχον

473 3173 566 3227 alii
617 3175 714 3246 qui
765 3179 832 3231 ad
885 3183 1232 3238 necessarios
1280 3199 1415 3240 usus
1472 3196 1909 3258 consequuntur.
1954 3187 2062 3244 Pu-

473 3269 694 3334 gnantis
741 3270 914 3338 partis
964 3287 1062 3328 seu
1115 3273 1416 3332 bellatricis
1465 3277 1569 3333 alia
1619 3290 1705 3335 est
1767 3281 2059 3352 pedestris,

473 3357 582 3412 alia
630 3364 926 3430 equestris.
965 3364 1248 3425 Pedestris
1293 3380 1535 3442 estquae
1580 3373 1731 3428 humi
1783 3376 2056 3432 consistit.

474 3447 761 3518 Equestris
810 3463 916 3518 est,
968 3471 1090 3525 qua
1142 3458 1301 3530 equis
1358 3462 1598 3530 vehitur,
1655 3472 1709 3518 et
1752 3479 1876 3535 qua:
1928 3464 2058 3519 olim

475 3543 733 3601 curribus
790 3545 1007 3604 falcatis
1051 3559 1107 3606 et
1153 3552 1461 3624 elephantis
1518 3565 1697 3612 turres
1743 3556 2062 3613 hominibus

475 3633 707 3693 refertas
754 3642 1108 3708 gestantibus
1155 3645 1482 3716 vehebatur,
1544 3649 1613 3705 de
1661 3649 1863 3720 quibus
1911 3668 2062 3709 nunc

471 3737 699 3799 propter
729 3732 1047 3804 huiusmodi
1079 3751 1445 3810 apparatuum
1478 3744 1830 3802 inutilitatem
1865 3759 1920 3804 et
1952 3758 2063 3804 tar-

473 3821 703 3880 ditatem
732 3827 880 3884 nulla
916 3832 1124 3888 mentio
1155 3833 1265 3894 fiet.

543 4086 598 4141 8.
641 4087 722 4144 Re
766 4091 991 4148 militari
1036 4096 1230 4152 leviter
1270 4100 1339 4155 ad
1389 4100 1538 4160 hunc
1591 4104 1816 4161 modum
1849 4106 2060 4164 descri-

472 4185 589 4248 pta,
625 4192 841 4250 oportet
870 4185 1038 4240 etiam
1087 4189 1442 4258 constituere,
1491 4192 1718 4263 quinam
1761 4195 2063 4266 imperator

471 4273 566 4336 sit,
597 4282 652 4327 et
681 4276 938 4344 quisnam
971 4278 1136 4350 hujus
1176 4283 1254 4338 rei
1286 4287 1638 4356 susceptione
1665 4290 1867 4362 dignus
1897 4293 1986 4350 sit.

545 4365 600 4421 9.
643 4366 944 4437 imperator
987 4381 1070 4427 est
1108 4376 1203 4444 qui
1238 4378 1499 4436 universo
1542 4384 1809 4439 exercitui
1845 4397 2059 4456 praeest,

2163 3179 2222 3232 δὲ
2250 3176 2311 3229 τὸ
2331 3175 2538 3240 λοιπὸν,
2599 3169 2703 3226 οἷοι
2738 3171 2936 3243 ἰατροὶ,
2963 3168 3166 3236 δοῦλοι,
3195 3168 3449 3242 ἔμποροι,
3483 3167 3582 3222 καὶ
3611 3167 3757 3222 ἄλλοι

2163 3273 2280 3326 ὅσοι
2304 3271 2395 3324 διὰ
2424 3271 2522 3332 τὰς
2545 3267 2853 3339 ὑπηρεσίας
2886 3263 3339 3319 ἐπακολουθοῦσι.
3369 3260 3479 3316 Τοῦ
3504 3261 3563 3315 δέ
3594 3261 3752 3333 μαχῇ

2170 3381 2272 3434 μου
2307 3363 2529 3433 μέρους,
2578 3361 2748 3436 ἤγουν
2782 3354 3085 3431 πολεμικοῦ
3119 3355 3378 3427 στρατοῦ,
3414 3355 3476 3408 τὺ
3511 3355 3612 3425 μέν
3643 3355 3755 3407 ἐστι

2166 3456 2411 3521 πεζικὸν,
2443 3455 2504 3508 τὸ
2542 3453 2600 3508 δέ
2633 3450 3058 3520 καϐαλλαρικὸν.
3089 3451 3202 3504 Καὶ
3231 3450 3293 3503 τὸ
3339 3449 3438 3520 μὲν
3473 3447 3624 3512 ίδίως
3658 3465 3753 3501 πε·-

2165 3549 2319 3615 ζικδν
2351 3549 2411 3602 τὸ
2437 3550 2530 3602 ἐπὶ
2555 3547 2662 3619 γῆς
2699 3548 3008 3618 ἱστάμενον,
3034 3546 3096 3600 τὸ
3142 3547 3199 3602 δὲ
3245 3546 3657 3618 καϐαλλαρικὺν
3701 3545 3758 3599 τὸ

2165 3641 2261 3695 ἐπὶ
2289 3639 2400 3693 τῶν
2422 3641 2608 3695 ἵππων
2635 3639 2762 3711 ὁχού
2773 3633 3079 3710 μενον.”Ην
3102 3639 3157 3692 δέ
3179 3655 3310 3698 ποτε
3330 3641 3426 3700 καὶ
3454 3637 3548 3691 ἐπὶ
3569 3637 3755 3711 ἁρμά-

2165 3749 2275 3786 των
2332 3733 2792 3804 δρεπανηφόρων,
2850 3734 2946 3785 καὶ
2997 3730 3092 3792 ἐπὶ
3146 3730 3454 3800 ἐλεφάντων
3513 3729 3758 3805 πύργους

2168 3822 2448 3893 φερόντων
2474 3821 2706 3896 πλήρεις
2727 3820 2962 3892 ἀνδρῶν.
3001 3821 3164 3875 Ἀλλὰ
3194 3819 3400 3884 τούτων
3418 3819 3593 3884 οὐδεὶς
3621 3821 3759 3891 ἡμῖν

2164 3908 2324 3984 λόγος
2360 3911 2459 3967 νῦν
2511 3909 2601 3967 διά
2636 3929 2698 3966 τε
2725 3911 2827 3983 τὴν
2859 3911 3191 3984 ἀχρηστίαν,
3246 3909 3341 3964 καὶ
3381 3912 3480 3982 τὴν
3512 3909 3758 3980 παντελῆ

2165 4007 2370 4080 ἀργίαν
2404 4005 2515 4060 τῶν
2553 4005 2816 4059 τοιούτων
2841 4004 3232 4076 παρασκευῶν.

2240 4104 2313 4174 η’.
2348 4097 2463 4168 Τῆς
2491 4093 2588 4151 οὖν
2608 4096 2875 4166 τακτικῆς
2901 4095 3139 4167 μετρίως
3169 4111 3287 4158 πως
3308 4094 3481 4158 οὓτως
3512 4095 3760 4165 ὑπογρα-

2166 4193 2384 4263 φείσ-ης,
2440 4190 2523 4245 δεῖ
2585 4190 2684 4244 καὶ
2730 4188 2822 4242 τὸν
2873 4189 3183 4259 στρατηγὸν
3235 4187 3586 4256 ἀναδειθῆναι
3641 4187 3755 4259 (8),

2165 4286 2219 4340 τι
2241 4285 2302 4341 τέ
2327 4285 2498 4351 ἐστιν,
2517 4283 2612 4338 καὶ
2640 4283 2723 4346 τίς
2743 4285 2770 4336 ὁ
2789 4281 2892 4352 τῆς
2911 4280 3172 4352 τοιαύτης
3190 4282 3560 4356 ἐγχειρήσεως
3580 4281 3751 4345 ἄξιος.

2239 4379 2305 4432 θ’,
2339 4375 2654 4448 Στρατηγὺς
2682 4375 2864 4429 τοίνυν
2887 4373 3036 4427 ἐστὶν
3053 4375 3081 4426 ὀ
3106 4372 3208 4442 τῆς
3234 4373 3509 4427 ὕπάὑτδν
3536 4374 3758 4442 ἀπάσης

471 4466 528 4512 ει
577 4462 876 4517 maximam
918 4467 1221 4524 secundum
1279 4486 1462 4542 regem
1507 4472 1670 4530 habet
1712 4485 2060 4545 potestatem.

2170 4472 2448 4542 ὑπαρχίας
2480 4469 2704 4540 μείζονα
2741 4469 2960 4522 πάντων
3003 4465 3256 4538 ἐξουσίαν
3290 4466 3430 4537 ἔχων
3484 4466 3625 4536 μετά
3664 4465 3755 4518 τὸν

546 4639 635 4693 10.
676 4639 977 4711 imperator
997 4653 1079 4701 est
1101 4647 1372 4704 universae
1397 4650 1603 4706 militia
1619 4654 1930 4724 praecipuus
1951 4655 2058 4710 dux

475 4745 508 4785 a
539 4746 668 4800 rege
695 4733 1034 4803 designatus,
1069 4739 1160 4805 qui
1193 4739 1329 4795 alios
1364 4742 1468 4797 sub
1502 4757 1564 4797 se
1603 4743 1771 4801 duces
1802 4745 2003 4815 partim
2031 4761 2062 4800 a

479 4837 607 4892 rege
651 4825 852 4881 missos
900 4828 1161 4900 suiiragio
1212 4848 1316 4887 suo
1369 4835 1669 4905 approbat,
1707 4841 1908 4909 partim
1963 4855 2061 4896 sua

480 4912 655 4984 ipsius
680 4916 1007 4974 auctoritate
1031 4921 1304 4991 designat.

550 5092 639 5147 il.
680 5090 972 5163 Proprium
1003 5095 1351 5167 imperatoris
1398 5115 1602 5158 munus
1645 5111 1750 5175 est,
1782 5105 2060 5175 subjectus

479 5200 610 5242 suos
654 5189 969 5258 prudentia,
1021 5192 1370 5263 fortitudine,
1399 5196 1639 5268 iustitia,
1698 5203 2059 5273 temperantia

477 5279 705 5336 anteire.
1959 5354 1962 5358 _

553 5370 637 5427 12.
683 5370 966 5435 Universae
993 5381 1288 5447 provincia:
1320 5397 1485 5450 quam
1519 5387 1750 5456 accepit,
1792 5395 1907 5442 tum
1959 5393 2060 5446 mi-

476 5460 652 5517 litaris
689 5473 802 5518 tum
841 5465 1065 5534 privatae
1104 5478 1218 5524 tum
1257 5473 1489 5541 publicae
1522 5477 2058 5536 administrationem

479 5561 534 5614 iu
565 5572 626 5612 se
651 5557 914 5628 recipere.

2167 4566 2415 4636 βασιλέα.

2233 4656 2286 4711 ι’.
2321 4655 2640 4728 Στρατηγός
2669 4654 2819 4708 ἐστιν
2851 4656 2880 4709 ὁ
2909 4656 3004 4709 τοῦ
3039 4655 3143 4710 ὐπὸ
3169 4656 3326 4726 χεῖρα
3355 4649 3756 4724 στρατιωτικοῦ

2165 4749 2404 4819 θέματος
2438 4748 2738 4818 κορυφαῖος
2762 4746 2972 4818 ἄρχων,
3006 4747 3071 4801 ἐκ
3105 4745 3373 4818 βασιλέως
3407 4745 3511 4816 μέν
3539 4755 3756 4814 προχει-

2167 4841 2474 4912 ριζόμενος,
2495 4839 2623 4900 τοὺς
2644 4840 2702 4892 δὲ
2723 4837 2815 4892 ὑπ’
2834 4839 2997 4893 αὑτὸν
3035 4840 3301 4910 ἄρχοντας
3317 4836 3445 4899 τοὺς
3472 4835 3573 4906 μὲν
3589 4835 3757 4905 ψήφῳ

2169 4936 2236 5003 τῇ
2273 4931 2443 4985 αὑτοῦ
2479 4932 2545 4984 ἐκ
2589 4931 2856 5000 βασιλέως
2879 4931 2936 4983 δὲ
2975 4927 3498 4999 καταπεμπόμενος,
3530 4927 3658 4990 τοὺς
3697 4924 3756 4977 δέ

2169 5023 2390 5092 ἐξουσίᾳ
2424 5020 2534 5093 ἰδίᾳ
2558 5021 3018 5092 προϐαλλόμενος.

2241 5120 2331 5169 ια’.
2373 5112 2534 5168 Ἰδιον
2562 5113 2621 5167 δὲ
2668 5113 2981 5185 στρατηγοῦ
3007 5113 3069 5167 τὸ
3098 5113 3334 5184 κρείττω
3367 5111 3585 5165 πάντων
3612 5101 3755 5162 εἶναι

2165 5209 2276 5264 τῶν
2307 5207 2413 5262 ὑπὸ
2439 5209 2600 5279 χεῖρα
2633 5207 2919 5278 φρονήσει,
2975 5208 3074 5262 καὶ
3122 5204 3363 5277 ἀνδρεία,
3411 5204 3506 5258 καὶ
3543 5204 3756 5257 δικαιοο

2170 5301 2327 5371 σύνῃ,
2358 5299 2454 5354 καὶ
2486 5299 2833 5372 σωφροσύνῃ.

2243 5394 2331 5464 ιβ’.
2383 5392 2458 5446 Τὸ
2501 5394 2580 5456 είς
2625 5393 2787 5446 αὑτὸν
2838 5392 3209 5462 ἀναφέρεσθαι
3257 5391 3359 5462 τῆς
3411 5389 3556 5444 κατά
3587 5387 3753 5455 αὐτὸν

2170 5485 2444 5557 ἐπαρχίας
2487 5484 2586 5548 τὰς
2613 5476 2930 5556 διοικήσεις,
2956 5487 3079 5539 ὅσαι
3113 5503 3171 5539 τε
3206 5480 3624 5557 πρατιωτικαὶ,
3657 5477 3753 5532 καὶ

2161 5578 2295 5653 ηὸσαι
2335 5575 2626 5640 ίδιωτικαὶ,
2670 5576 2764 5630 καὶ
2793 5576 3064 5647 δημόσιοι.

2017 5691 2227 5750 NOTAE
2237 5735 2254 5749 .

550 5767 626 5838 (8)
699 5769 1124 5844 Ἀναὸειθῆναι.
1160 5775 1372 5848 Scribe,
1411 5779 1816 5850 ἀναδειχθῆναι.
