4078 6306
470 298 583 365 683

1738 310 2012 380 LEONIS
2040 310 2505 386 PHILOSOPHI

3647 325 3754 392 68f

546 412 596 471 7.
624 415 1098 490 Circumspectum
1121 426 1179 475 et
1212 419 1559 492 prudentem.
1593 423 1868 482 Solertem
1905 378 2052 483 enim

2228 432 2298 499 ζ’.
2331 433 2598 507 Νοήμονα
2623 434 2683 489 δὲ
2713 434 2807 490 καὶ
2839 430 3125 507 φρόνιμον.
3167 430 3326 503 Ὀξὺν
3360 435 3470 509 γάρ
3492 500 3497 507 _
3518 428 3761 495 εἷναιδετ

471 518 690 577 Oportet
729 523 855 568 esse
888 511 1305 585 imperatorem.
1348 515 1405 572 in
1444 529 1642 574 omnes
1682 528 1872 590 partes
1905 521 2064 593 cogi-

471 602 739 659 tationem
780 604 988 661 ‘animi
1042 606 1282 679 quadam
1340 607 1627 666 celeritate
1688 618 2002 669 versantem
2039 631 2060 668 :

424 718 427 721 λ
468 694 917 767 perturbationes
937 698 1083 755 enim
1114 698 1412 770 inopinata:
1450 717 1574 757 cum
1612 703 1884 771 incidunt,
1920 721 2064 762 con-

470 788 655 845 festim
692 791 975 858 praesentis
1018 791 1208 846 auxllii
1238 792 1702 863 excogitationem
1738 796 2055 866 requirunt.

542 884 597 939 8.
638 882 893 941 Pecuniae
943 884 1357 955 despicientem.
1400 883 1617 940 Etenim
1664 887 1915 955 pecunias
1958 888 2063 945 de-

471 975 763 1049 epicientla
788 976 844 1032 in
876 976 1206 1049 imperatore
1238 976 1503 1040 cernitur,
1527 978 1751 1047 quando
1774 978 2061 1035 abstinen-

470 1076 559 1124 ter
588 1076 645 1123 et
670 1067 960 1139 magniﬁce
987 1068 1151 1123 rebus
1183 1066 1439 1138 gerendis
1473 1077 1692 1137 praeest,
1722 1077 1779 1125 et
1821 1069 2067 1126 honores

470 1158 702 1217 bellicos
750 1160 976 1216 virtutis
1036 1159 1348 1215 mercedem
1404 1158 1525 1217 suis
1576 1161 1856 1231 proponit.
1906 1161 2062 1217 Multi

469 1250 620 1306 enim
671 1260 727 1307 et
782 1251 970 1306 animo
1020 1249 1151 1306 forti
1207 1262 1359 1319 sunt,
1411 1261 1469 1307 et
1510 1266 1743 1324 corpore
1777 1253 2065 1311 adversus

470 1344 662 1401 hostes
704 1344 931 1401 robusto
964 1360 979 1399 :
1010 1344 1106 1401 sed
1140 1346 1361 1415 quando
1413 1346 1469 1400 in
1524 1361 1726 1401 aurum
1753 1345 2064 1414 intuentur,

468 1447 714 1495 mentem
753 1448 1083 1511 occarcatam
1141 1440 1445 1511 cupiditate
1493 1448 1662 1511 atque
1706 1441 2063 1498 obscuratam

470 1530 716 1587 habent:
771 1530 957 1600 gravia
990 1532 1140 1587 enim
1190 1545 1343 1587 arma
1396 1541 1530 1588 sunt
1566 1532 1651 1587 hae
1696 1531 2063 1605 pecuniarum

468 1624 817 1696 cupiditates,
844 1634 900 1684 et
938 1628 1009 1683 ad
1070 1627 1477 1700 oppugnandos
1523 1637 1691 1698 atque
1734 1626 2066 1684 evertendos

469 1712 726 1774 homines
756 1716 1021 1774 eﬂieacia.

522 1798 605 1863 '9.
632 1805 822 1879 Neque
844 1808 1103 1880 juvenem
1139 1825 1320 1882 neque
1353 1819 1514 1867 aztate
1547 1810 2062 1883 ingravescentem;

468 1901 731 1971 quoniam
776 1901 998 1971 juvenis
1039 1912 1264 1975 propter
1298 1911 1539 1973 aetatem,
1571 1905 1982 1977 inconstantem
2003 1913 2065 1960 et

466 1986 760 2045 ﬂexibilem
793 1989 955 2046 habet
1000 2002 1236 2048 mentem
1273 2012 1289 2049 :
1340 2009 1506 2049 senex
1552 2003 1737 2050 autem
1782 1995 2064 2051 imbecillo

465 2087 553 2137 est
579 2094 834 2152 corpore,
867 2093 924 2139 et
971 2082 1159 2139 nullus
1207 2100 1275 2141 ex
1332 2084 1439 2142 illis
1483 2101 1622 2157 pene
1666 2084 1861 2141 firmus
1894 2086 2049 2142 exsi-

466 2175 565 2231 stit
594 2193 610 2230 :
638 2184 695 2230 et
742 2174 837 2232 ille
874 2178 1097 2247 quidem
1134 2183 1205 2234 ut-
1229 2195 1298 2236 ne
1321 2190 1546 2253 propter
1578 2182 2045 2237 inconsideratam

467 2268 829 2325 temeritatem
858 2271 1016 2341 quasi
1046 2272 1227 2327 audax
1258 2272 1492 2340 labatur,
1533 2273 1622 2331 hic
1648 2289 1780 2330 vero
1808 2288 1877 2331 ne
1908 2291 2030 2345 pro-

464 2370 591 2433 pter
624 2364 926 2419 naturalem
961 2364 1396 2422 imbecillitatem
1426 2367 1699 2438 corporis,
1734 2384 1859 2439 qua
1907 2368 2059 2425 facto

464 2469 616 2527 upus
659 2460 790 2513 sunt
841 2458 1264 2528 praetermittere
1309 2469 1556 2530 cogatur.
1617 2458 1834 2527 Optime
1886 2449 2057 2532 igitur

463 2548 667 2607 electio
687 2558 779 2607 est
798 2550 1111 2607 constantis
1137 2556 1194 2607 et
1224 2548 1419 2607 mediae
1440 2552 1641 2618 aetatis,
1676 2568 1785 2608 non
1834 2552 2055 2623 juvenis

463 2650 562 2699 aut
587 2642 771 2699 aetatis
797 2642 1259 2716 ingravescentis.

552 2737 641 2793 10.
670 2729 891 2793 Etenim
925 2737 1013 2794 vis
1037 2747 1095 2795 et
1124 2738 1298 2794 robur
1337 2744 1425 2796 est
1474 2739 1529 2795 iu
1559 2756 1647 2807 eo,
1683 2741 1776 2813 qui
1810 2743 2048 2799 nondum

460 2829 782 2894 consenuit,
814 2827 1109 2898 prudentia
1142 2836 1327 2884 autem
1354 2837 1411 2885 et
1448 2830 1721 2887 stabilitas
1755 2832 1809 2887 in
1841 2848 1927 2895 eo,
1955 2833 2051 2904 qui

459 2934 534 2976 ex
558 2916 929 2976 adolescentia
951 2920 1211 2976 excessit.
1243 2916 1493 2991 Namque
1520 2922 1613 2992 qui
1655 2922 1825 2978 robur
1852 2939 2056 2995 corpo-

392 3083 396 3097 ξ
459 3013 543 3076 tis
586 3012 711 3069 sine
762 3014 1052 3084 prudentia
1092 3012 1263 3069 animi
1291 3013 1657 3082 admirantur,
1710 3018 1795 3072 vel
1853 3028 2051 3075 contra

2088 1775 2137 1834 B

2158 530 2256 585 τδν
2282 533 2593 603 στρατηγὸν
2621 531 2898 603 πανταχοῦ
2930 533 3406 605 περιφέροντατδν
3434 536 3643 589 σκοπὸν
3663 535 3749 589 διά

2160 624 2442 695 ταχύτητα
2473 623 2691 696 ψυχῆς*
2724 624 2985 689 πολλάκις
3022 625 3131 699 γὰρ
3167 626 3529 697 άνυπονόητοι
3575 644 3749 697 ταρα-

2162 716 2262 787 χαὶ
2287 716 2698 787 προσπεσοῦσαι
2724 717 2857 789 παρ’
2896 716 3029 773 εὐθὺ
3075 719 3150 787 ,τὸ
3180 718 3462 791 συμφέρον
3512 721 3748 773 ἐπινοεῖν

2160 808 2592 877 ἀναγκάζουσιν.

2231 904 2305 966 η’.
2352 898 2756 975 ’Δφιλάργυρον
2781 899 2861 955 δέ.
2889 900 3001 955 Καὶ
3035 900 3146 971 γὰρ
3183 902 3219 971 ἠ
3248 900 3621 975 ἀφιλαργυρία
3653 902 3750 958 τοῦ

2162 992 2474 1064 στρατηγοῦ
2511 992 2888 1063 δοκιμάζεται,
2917 994 3046 1049 ὅταν
3069 993 3493 1066 ἀδωροδοκήτως
3522 997 3616 1049 καὶ
3648 1014 3751 1069 με·

2161 1082 2515 1155 γαλοφρόνως
2566 1081 2898 1156 προΐσταται
2963 1083 3078 1138 τῶν
3120 1085 3506 1156 πραγμάτων,
3561 1087 3657 1140 καὶ
3681 1086 3752 1140 δι’

2160 1173 2370 1247 ἀρετὴν
2398 1176 2568 1247 μόνην
2607 1176 2820 1248 δωρεὰν
2862 1175 3226 1248 προϐάλλεται
3278 1179 3379 1241 τάς
3431 1178 3609 1250 άρχᾶς
3653 1178 3751 1233 τοῦ

2161 1266 2255 1321 ὑπ’
2276 1267 2439 1322 αὑτὸν
2471 1268 2731 1339 θέματος.
2755 1266 2950 1323 Πολλοὶ
2977 1269 3088 1340 γὰρ
3114 1269 3212 1324 καὶ
3248 1269 3487 1342 ἀνδρεῖοί
3526 1272 3631 1324 εισι
3679 1273 3749 1344 τῇ

2159 1359 2336 1432 ψυχῇ,
2359 1360 2455 1416 καὶ
2480 1357 2755 1433 ῥωμαλέοι
2810 1362 2891 1433 τῷ
2946 1361 3161 1434 σώματι
3200 1363 3345 1419 κατὰ
3376 1364 3488 1417 τῶν
3516 1363 3750 1439 ἐχθρῶν.

2161 1452 2285 1508 ἀλλ’
2305 1453 2439 1509 ὅταν
2459 1454 2823 1525 άντιδλέψωσι
2848 1452 2986 1527 πρὸς
3002 1455 3225 1527 χρυσὸν,
3252 1455 3631 1528 άμαυροῦνται
3652 1458 3750 1511 καὶ

2164 1543 2526 1612 σκοτίζονται.
2555 1539 2880 1627 Δεινδνγάρ
2901 1547 3067 1603 ὅπλον
3115 1548 3425 1620 στρατηγοῦ
3482 1548 3749 1621 φιλαργυ-

2164 1636 2291 1708 ρία,
2346 1635 2442 1691 xui.
2500 1637 2891 1709 ἐνεργέστατον
2917 1638 3003 1703 είς
3047 1638 3359 1711 τὺνικῆσαι
3409 1640 3601 1693 τοῦτον
3652 1635 3746 1694 καὶ

2164 1728 2513 1783 καταϐαλεῖν.

2231 1821 2299 1877 0'.
2331 1819 2472 1876 Οὔτε
2496 1822 2556 1876 δὲ
2585 1823 2711 1877 νέον
2739 1817 2905 1886 εἶναι,
2943 1820 3066 1877 οὔτε
3088 1816 3324 1897 γέροντα
3343 1842 3358 1856 ο
3390 1824 3579 1895 ἐπειδὴ
3602 1826 3631 1879 6
3651 1824 3746 1895 μὲν

2158 1916 2282 1980 νέος
2299 1917 2531 1972 ἄπιστον
2558 1916 2676 1987 ἔχει
2704 1917 2801 1971 καὶ
2829 1916 3065 1972 ἄστατον
3095 1918 3352 1988 φρόνημα
3383 1917 3473 1971 διὰ
3500 1918 3600 1988 τὴν
3629 1919 3742 1970 γεὸ·

2155 2027 2319 2080 τητα,
2348 2010 2377 2063 6
2399 2009 2457 2063 δὲ
2482 2005 2662 2080 γέρων
2683 2008 2917 2081 ἀσθενής
2940 2011 3058 2063 ἔστι
3088 2009 3166 2080 τῷ
3200 2010 3413 2079 σώματι
3436 2011 3533 2063 καὶ
3571 2008 3744 2072 οὐδεὶς

2156 2102 2339 2158 αὐτῶν
2380 2101 2658 2173 ἀσφαλήςο
2684 2102 2714 2155 6
2747 2101 2870 2173 μὲν,
2913 2102 3001 2156 ἵνα
3032 2102 3106 2174 μὴ
3147 2103 3346 2174 πταίσῃ
3379 2103 3467 2156 διὰ
3494 2102 3593 2173 τὴν
3617 2100 3742 2156 d16-

2155 2212 2343 2264 γιστον
2362 2195 2569 2265 τόλμαν
2593 2194 2785 2266 ὥσπερ
2811 2194 3039 2266 θρασὺς,
3069 2194 3185 2248 ὅδὲ
3204 2194 3403 2266 γέρων,
3432 2196 3521 2249 ἵνα
3554 2197 3627 2265 μὴ
3656 2194 3743 2247 διὰ

2153 2286 2255 2357 τὴν
2282 2286 2521 2357 φυσικὴν
2553 2284 2843 2340 ἀσθένειαν
2884 2285 3109 2355 ἐλλείπῃ
3143 2285 3225 2348 είς
3264 2283 3338 2339 τὰ
3397 2284 3591 2338 δέοντα
3623 2284 3735 2340 τῶν

2156 2379 2523 2451 πραγμάτων.
2542 2379 2818 2451 Καλλίστη
2834 2380 2888 2434 δὲ
2905 2378 3105 2449 ἐκλογὴ
3129 2377 3222 2443 τοῦ
3248 2376 3437 2449 μέσον,
3462 2379 3599 2448 μήτε
3622 2379 3738 2432 νέου

2151 2473 2327 2539 ὄντος,
2353 2473 2491 2543 μήτε
2525 2471 2804 2543 γέροντος.
3705 2499 3708 2502 ~

2225 2749 2277 2798 ι’.
2306 2741 2417 2795 Καὶ
2443 2741 2553 2814 γάρ
2584 2740 2643 2795 τὸ
2675 2742 2901 2796 δυνατὸν
2940 2742 3034 2795 καὶ
3060 2741 3347 2814 ῥωμαλέον
3380 2743 3439 2797 ιν
3465 2735 3547 2814 τῷ
3576 2738 3742 2813 μήπω

2152 2835 2506 2909 γεγηρακότι,
2556 2834 2615 2889 τὸ
2649 2834 2708 2888 δὲ
2746 2832 3009 2906 φρόνιμον
3035 2834 3130 2889 καὶ
3151 2834 3424 2905 σταϐηρὸν
3456 2835 3516 2889 ἐν
3548 2834 3628 2906 τῷ
3665 2834 3739 2907 μὴ

2152 2928 2295 2983 πάνυ
2351 2925 2618 2992 νεάζοντι.
2676 2927 2787 2982 Καὶ
2818 2926 3007 2998 μέντοι
3067 2926 3265 2991 οἵτινες
3300 2927 3455 2998 ἰσχὺν
3488 2926 3741 2996 σώματος

2151 3024 2279 3078 ἄνευ
2311 3020 2629 3093 φρονήσεως
2662 3019 3006 3090 θαυμάζουσι
3025 3019 3285 3092 ψυχικῆς,
3311 3020 3345 3092 ἢ
3372 3019 3537 3074 πάλιν
3562 3019 3740 3090 ψυχὴν

459 3105 705 3163 animam
738 3104 1068 3177 prudentem
1111 3106 1322 3178 absque
1349 3108 1604 3178 corporis
1633 3108 1844 3166 viribus
1870 3110 2047 3166 estol-

2154 3115 2418 3186 φρόνιμον
2441 3114 2571 3169 ἄνευ
2610 3114 2931 3186 σωματικῆς
2964 3113 3277 3185 δυνάμεως,
3320 3100 3476 3166 οὐδὲν
3512 3111 3739 3185 ἐνόησαν

459 3197 606 3268 Iunt,
640 3199 710 3256 ad
738 3200 953 3256 nullum
985 3201 1191 3257 bonum
1242 3199 1448 3256 exitum
1505 3202 1850 3271 perveniunt.
1904 3200 2044 3257 Pru-

459 3282 645 3351 dentia
682 3294 829 3351 enim
864 3293 915 3351 si
955 3292 1167 3350 viribus
1207 3292 1514 3362 deiiciatur,
1553 3295 1689 3350 nihil
1713 3296 2044 3367 pulchrum;

463 3389 611 3446 vires
636 3403 769 3445 vero
793 3387 1086 3461 prudentia
1139 3386 1417 3445 destitutae
1465 3388 1599 3451 nihil
1652 3405 1879 3461 prorsus
1928 3389 2046 3447 ellio

436 3496 439 3499 ‘
465 3485 648 3551 ciunt,

532 3578 628 3635 il.
672 3576 916 3634 Charum
951 3575 1216 3650 subjectis
1262 3578 1381 3635 suis
1431 3578 1837 3649 imperatorem,
1887 3577 2048 3650 longe

461 3673 787 3731 nobiliorem
823 3673 1035 3729 scimus
1070 3689 1214 3741 esse,
1260 3674 1474 3745 hocque
1504 3686 1837 3745 magnopere
1860 3673 2047 3743 subje-

461 3764 569 3821 ctis
604 3764 924 3833 adiumento
972 3774 1078 3822 est.
1137 3764 1321 3832 Quem
1359 3764 1611 3820 homines
1660 3764 1911 3836 diligunt,
1968 3765 2046 3821 illi

459 3853 753 3932 imperanti
784 3857 944 3916 facile
971 3859 1373 3930 obtemperant,
1406 3857 1612 3914 dicenti
1651 3866 1706 3913 et
1744 3858 2046 3928 paciscenti

458 3962 573 4008 non
610 3951 900 4017 resistunt,
955 3950 1286 4022 periclitanti
1339 3957 1693 4008 succurrunt.
1734 3947 1910 4006 Tanta
1956 3966 2048 4008 res

446 4052 544 4119 est
568 4061 748 4112 amor,
791 4052 856 4101 ut
905 4060 1006 4117 pro
1050 4059 1141 4112 eo,
1187 4059 1355 4117 quem
1403 4044 1632 4101 charum
1682 4043 1810 4115 quis
1858 4044 2046 4109 habet,

456 4140 625 4196 vitam
664 4138 978 4210 profundat.

540 4233 632 4289 i2.
664 4232 829 4288 Pater
861 4230 1158 4287 liberorum
1190 4230 1607 4302 anteponendus
1643 4241 1727 4285 est
1769 4229 1931 4285 effeto
1961 4238 2045 4284 at-

458 4341 570 4399 que
602 4326 763 4382 orbo.
796 4323 985 4395 Neque
1023 4337 1153 4381 vero
1192 4324 1385 4379 orbum
1428 4324 1619 4381 liberis
1663 4324 2041 4395 repudiamus,

458 4422 506 4477 si
538 4420 713 4477 bonus
746 4419 840 4476 sit.
878 4416 1015 4474 Nam
1050 4418 1145 4489 qui
1188 4416 1393 4474 liberos
1432 4417 1595 4473 habet
1644 4418 1964 4491 imperator,
1997 4418 2043 4473 si

462 4623 707 4666 amorem
742 4608 808 4664 ad
857 4606 1101 4663 studium
1146 4618 1330 4661 rerum
1366 4602 1703 4671 agendarum
1740 4600 2046 4683 suscipien-

460 4701 594 4754 dum
626 4700 753 4753 erit.
804 4694 863 4753 Si
898 4710 1028 4750 vero
1066 4692 1341 4749 constanti
1376 4691 1489 4761 jam
1537 4699 1593 4745 et
1637 4698 1852 4745 matura
1884 4697 2047 4744 aetate

462 4792 688 4859 fuerint,
738 4786 1075 4855 consiliarii,
1108 4795 1165 4842 et
1197 4784 1399 4841 laboris
1431 4782 1774 4854 imperatorii
1815 4782 2044 4853 partici-

461 4900 559 4957 pes
589 4890 644 4939 et
681 4882 868 4939 fideles
908 4879 1242 4945 administri,
1294 4892 1383 4933 res
1413 4892 1514 4947 pro
1544 4873 1825 4931 communi
1867 4873 2048 4929 salute

464 4984 750 5047 susceptas
775 4973 1209 5045 promovebunt.
1228 4970 1418 5040 Itaque
1447 4968 1552 5023 hac
1587 4966 1655 5023 de
1679 4980 1850 5023 causa
1893 4974 2048 5035 pater

464 5070 603 5126 orbo
619 5067 848 5133 videtur
876 5064 1310 5137 anteponendus.

533 5248 624 5303 15.
685 5244 769 5301 Ad
824 5241 1119 5300 dicendum
1202 5254 1257 5298 et
1312 5239 1679 5310 perorandum
1735 5237 1971 5293 habilem
2028 5255 2041 5291 :

463 5349 597 5412 puto
620 5339 766 5394 enim
796 5336 904 5392 hoc
943 5333 1520 5390 ma‘ximeexercitum
1576 5326 1855 5401 adjuvare.
1906 5327 2044 5384 Nam

465 5435 795 5491 instructum
850 5429 918 5485 ad
966 5443 1205 5501 pugnam
1259 5426 1562 5482 exercitum
1615 5424 1914 5493 imperator
1948 5438 2044 5479 (ξοην

464 5527 776 5583 hortatione
798 5540 898 5581 sua
933 5523 1001 5581 ad
1032 5520 1403 5593 periculorum
1443 5516 1750 5585 mortisque
1790 5523 2056 5579 contemy

463 5622 728 5693 ptionem,
774 5628 831 5678 et
882 5619 950 5675 ad
1016 5630 1200 5674 rerum
1270 5615 1621 5671 honestarum
1680 5607 2044 5680 suaviumque

2150 3209 2307 3273 τέλος
2335 3207 2559 3278 ἀγαθόν.
2598 3208 2707 3261 Καὶ
2745 3207 2854 3279 γὰρ
2882 3209 2916 3278 ἠ
2954 3207 3219 3279 φρόνησις
3265 3207 3615 3278 ὑστερήσασα
3652 3200 3740 3258 δυέ

2152 3300 2371 3369 νάμεως
2392 3298 2543 3352 οὐδὲν
2576 3298 2885 3370 ὠφέλησεν,
2915 3297 3146 3371 δύναμις
3175 3300 3503 3373 στερηθεῖσα
3538 3297 3738 3370 φρονηο

2156 3409 2295 3458 σεως
2322 3391 2476 3447 οὐδὲν
2503 3391 2809 3448 ἐτελείωσε.

2226 3580 2315 3629 ια’.
2350 3572 2743 3645 Ἀγαπώμενον
2761 3573 2818 3628 δὲ
2841 3574 2996 3646 παρά
3018 3573 3129 3628 τῶν
3153 3575 3413 3646 ὑπηκόων
3428 3568 3523 3629 τδν
3542 3585 3737 3646 στρατά

2152 3667 2285 3740 ηγδν
2311 3668 2743 3738 εὐδοκιμώτερον
2786 3667 2946 3738 ίσμιν
2974 3667 3225 3736 γίνεσθαι
3251 3682 3265 3697 ’
3298 3666 3394 3723 καὶ
3427 3666 3539 3738 γὰρ
3571 3668 3736 3737 μεγάε

2151 3759 2219 3813 λα
2251 3760 2379 3824 τοὺς
2409 3758 2747 3829 ἀρχομένους
2772 3756 3070 3829 ὠφελήσει.
3118 3758 3342 3836 Ὀντινα
3388 3757 3497 3829 γὰρ
3525 3757 3733 3828 ἄνθρω-

2152 3869 2244 3906 ποι
2274 3850 2512 3923 φιλοῦσι,
2537 3849 2714 3923 τούτῳ
2737 3850 3082 3925 ὲπιτάττογτι
3118 3848 3396 3922 μὲνζταχὺ
3434 3852 3732 3915 πείθονται,

2151 3944 2367 4013 λέγοντι
2406 3943 2465 3997 δὲ
2498 3946 2587 3998 καὶ
2623 3944 3041 4016 ὑπισχνουμένῳ
3096 3945 3199 3998 οὐκ
3229 3944 3541 4010 ἀπιστοῦσι,
3560 3943 3737 3998 κινδυπε

2153 4034 2440 4090 νεύοντιδὲ
2480 4034 2963 4103 συναγωνίζονται.
3015 4033 3272 4089 Τοιοῦτον
3293 4033 3404 4106 γὰρ
3449 4036 3485 4105 ἡ
3522 4034 3735 4106 ἀγάπη,

2151 4126 2213 4181 τὺ
2244 4126 2452 4181 τιθέναι
2482 4126 2582 4197 τὴν
2610 4126 2792 4197 ψυχὴν
2836 4126 2981 4197 ὑπὲρ
3005 4126 3101 4181 τοῦ
3127 4126 3477 4198 φιλουμένου.

2226 4221 2313 4293 ιβ’.
2351 4220 2572 4293 Πατέρα
2615 4219 2673 4273 δὲ
2728 4219 2938 4274 παίδων
3007 4220 3379 4293 προκρίνομεν
3431 4219 3733 4291 μᾶλλον,η

2151 4314 2378 4377 ἄπαιδα,
2410 4312 2533 4367 οὐδὲ
2554 4311 2646 4366 τὸν
2680 4312 2756 4383 μὴ
2808 4311 3002 4384 ἔχοντα
3039 4312 3237 4377 παῖδας
3286 4312 3735 4384 παραιτούμενοι,

2151 4408 2247 4462 ἐάν
2283 4409 2401 4461 ἐστι
2437 4404 2663 4474 ἁγαθός.
2691 4404 2802 4460 Καὶ
2831 4405 2944 4476 γὰρ
2968 4405 2995 4458 6
3022 4405 3222 4470 παῖδας
3247 4404 3388 4477 έχων
3408 4408 3733 4480 στρατηγὸς,

360 4518 367 4523 ’
463 4513 703 4571 infantes
729 4512 956 4576 fuerint.
976 4512 1139 4584 longe
1177 4510 1460 4567 ardentior
1495 4519 1721 4581 propter
1748 4509 2044 4566 liberorum

2154 4502 2201 4554 εί
2232 4500 2335 4571 μὲν
2364 4497 2611 4570 νηπίους,
2648 4497 2979 4569 θερμότερος
3027 4497 3239 4568 γίνεται
3269 4499 3398 4571 περὶ
3440 4499 3542 4571 τὴν
3571 4518 3739 4556 σπου-

2146 4593 2243 4665 δὴν
2272 4593 2379 4647 τῶν
2406 4593 2465 4645 ὲν
2488 4589 2567 4661 τῷ
2596 4590 2698 4663 βίῳ
2725 4590 3087 4663 πραγμάτων,
3125 4593 3267 4664 ὑπὲρ
3288 4593 3388 4663 τῆς
3402 4593 3511 4647 τῶν
3532 4595 3737 4650 παίδων

2152 4685 2335 4755 φιλίας
2371 4683 2465 4739 κεά⁵
2502 4684 2811 4755 εὐπραγίας
2850 4684 3275 4755 ἀγωνιζόμενος.
3330 4685 3393 4740 El
3447 4686 3507 4741 δὲ
3540 4688 3735 4743 τέλειοι

2148 4781 2249 4849 τὴν
2282 4778 2523 4849 ἠλικίαν,
2554 4775 2847 4848 σύμϐουλοι
2881 4778 2977 4830 καὶ
3007 4781 3372 4850 συστρατηγοὶ
3419 4781 3514 4834 καὶ
3557 4783 3740 4835 πιστοὶ
3845 4844 3853 4853 1

2152 4872 2424 4942 ὑπηρέται
2452 4870 2739 4939 γενόμενοι
2762 4869 3197 4942 ωγκατορθοῦσι
3223 4871 3303 4940 τῷ
3328 4874 3497 4945 πατρὶ
3539 4875 3609 4927 τά
3641 4892 3739 4946 με·

2156 4965 2578 5037 ταχειριζόμενα
2610 4965 2753 5035 ὑπὲρ
2787 4963 2975 5036 κοινῆς
3007 4966 3277 5036 σωτηρίας
3301 4968 3627 5039 πράγματα.
3656 4970 3719 5022 Δι

2154 5058 2184 5111 ὃ
2224 5058 2425 5129 μᾶλλον
2466 5057 2616 5111 δοκεῖ
2659 5054 2753 5111 τοῦ
2816 5054 3047 5120 ἄπαιδος
3082 5057 3113 5111 6
3150 5058 3348 5123 παῖδας
3382 5057 3521 5131 ἔχων
3552 5075 3741 5131 προτιο

2159 5152 2387 5224 μότερος
2418 5146 2578 5206 εἶναι.

2228 5251 2316 5314 ιγ’.
2342 5245 2534 5314 Λέγειν
2555 5245 2610 5298 δὲ
2635 5245 2727 5299 καὶ
2758 5246 3088 5318 δημηγορεῖν
3111 5245 3294 5299 ἱκανόν
3313 5261 3327 5274 ·
3361 5238 3599 5316 ἠγοῦμαι
3629 5243 3740 5314 γὰρ

2152 5339 2221 5401 τά
2252 5338 2487 5408 μέγιστα
2530 5338 2760 5407 ὠφελεῖν
2790 5338 2880 5393 διὰ
2908 5338 3099 5393 τούτου
3144 5338 3205 5391 τὺ
3236 5337 3575 5408 στράτευμα.
3612 5336 3740 5390 Ἐάν

2149 5446 2211 5482 τε
2232 5428 2341 5500 γὰρ
2370 5431 2786 5502 παρατάσσηται
2806 5430 2942 5494 πρὸς
2976 5430 3157 5499 μάχην
3186 5428 3487 5499 στρατηγὸς
3519 5427 3610 5481 διὰ
3639 5428 3740 5497 τῆς

2148 5521 2243 5577 τοῦ
2276 5522 2485 5595 πύργου
2514 5523 2987 5595 παρακελεύσεως,
3024 5523 3134 5576 τῶν
3154 5524 3253 5593 μὲν
3272 5521 3379 5591 γὰρ
3402 5519 3574 5574 δεινὸν
3598 5520 3739 5592 (12),

2152 5614 2414 5682 πολλάκις
2453 5618 2545 5672 καὶ
2568 5616 2735 5671 αὑτοῦ
2777 5615 2870 5671 τοῦ
2904 5615 3137 5675 θανάτου
3174 5616 3321 5669 ποιεῖ
3350 5615 3742 5693 καταφρονεῖν,

1993 5698 2223 5773 NOTAE.

533 5809 644 5880 (l2)
701 5811 925 5865 Δεινον.
962 5807 1150 5865 Scribe
1179 5807 1385 5867 δεινῶν.
1452 5808 1458 5814 ’
