4086 6326
401 404 530 472 685
1521 413 1860 476 TACTICA.
1899 438 1966 452 ·-
2011 416 2519 482 CONSTITUTIO
2555 420 2637 483 II.
3580 423 3697 488 686’

402 521 529 576 τῶν
551 520 610 575 δὲ
644 521 827 575 καλῶν
852 523 947 576 καὶ
981 522 1228 591 γλυκέων
1290 523 1599 597 ἐπιθυμεῖν.
1657 527 1770 598 Οὐχ
1822 526 1996 591 οὕτως

2121 529 2339 586 .tudium
2373 531 2626 589 adducet.
2662 531 2811 587 Tuba
2842 533 2989 589 enim
3036 533 3087 587 in
3119 533 3350 590 auribus
3398 534 3684 590 hominum

404 612 529 702 γάρ
549 610 817 686 ὲνηχοῦσα
848 615 1085 684 σάλπιγξ
1126 617 1247 680 ταῖς
1285 617 1472 682 ἀκοαῖς
1494 617 1757 689 ὲξεγείρει
1780 618 1876 682 τὰς
1899 619 2000 688 ψυ-

2121 636 2408 680 tet-sonans
2440 639 2566 679 41οη
2616 633 2830 680 tantum
2877 626 3090 681 animos
3130 637 3349 683 nostros
3400 628 3468 682 ad
3505 641 3688 684 monts

405 704 524 775 χὰς
549 705 629 768 είς
653 705 858 777 μάχην,
887 705 964 770 ὡς
985 705 1143 776 λόγος
1171 708 1318 778 μετάν
1342 709 1660 779 φρονήσεως
1710 709 1999 780 λεγόμενος

2121 715 2329 772 )ellicos
2355 717 2578 780 excitat,
2615 726 2882 788 quantum
2923 718 3103 774 oratio
3149 719 3414 787 sapientia
3447 720 3684 790 quadam

407 799 785 871 προτρέπεται
813 799 893 864 εἰς
923 799 1144 872 ἀρετὴν,
1193 803 1288 854 καὶ
1324 803 1652 870 ἐναγωνίους
1702 803 1850 855 ποιεῖ
1877 803 2001 865 τοὺς

2121 805 2358 876 tdjuncta
2391 808 2458 861 ad
2491 808 2744 862 virtutem
2774 816 2954 872 vocat,
2983 816 3036 862 et
3069 815 3290 877 paratos
3320 807 3398 861 ad'
3420 807 3690 862 dimicano

407 892 737 959 ἀκούοντας,
769 894 868 947 καὶ
891 893 1146 965 ἑξανιστᾷ
1171 895 1306 967 πρὸς
1344 896 1414 948 τά
1442 895 1593 949 δεινά
1632 897 1733 966 τὴν
1771 896 2000 950 ἔννοιαν.

494 1070 573 1128 ιδ’.
612 1072 738 1126 Ἐὰν
769 1073 828 1128 δὲ
861 1075 1043 1147 συμδῇ
1077 1077 1324 1145 πταῖσμα
1355 1079 1485 1150 περὶ
1525 1077 1588 1131 τὺ
1621 1079 2001 1148 στρατόπεδον,

412 1169 454 1237 ἡ
480 1165 574 1220 τοῦ
599 1167 758 1237 λόγου
785 1168 1097 1241 παρηγορία
1132 1169 1233 1232 τὰς
1257 1170 1435 1241 ψυχάς
1460 1171 1860 1243 ἀναῤῥωννύει.
1894 1172 2004 1226 Καὶ

412 1261 558 1316 πολὺ
586 1261 1000 1334 χρησιμώτερός
1056 1267 1173 1318 ἐστι
1212 1263 1522 1336 στρατηγοῦ
1583 1264 1742 1334 λόγος
1783 1265 2005 1330 δυνατὸς

409 1354 562 1408 ὥστε
587 1355 1098 1427 ’παραμυθήσασθαι
1125 1358 1491 1428 στρατοπέδου
1525 1358 1836 1428 συμφοράς,
1874 1359 2007 1427 μᾶλ-

411 1446 514 1500 λον
539 1437 541 1442 ’
562 1447 672 1501 τῶν
718 1448 1168 1519 ἐπιμελουμένων
1197 1451 1267 1503 τά
1309 1451 1610 1521 πράγματα
1636 1451 1748 1522 (15)
1781 1451 2004 1520 ἰατρῶν.

412 1543 488 1594 Οἱ
523 1540 622 1611 μὲν
659 1539 769 1611 γὰρ
795 1542 1039 1607 ἐκείνους
1093 1543 1290 1613 μόνους
1330 1544 1459 1608 τοὺς
1498 1543 2006 1615 τραυματισθέντας

414 1634 791 1706 θεραπεύουσι
843 1637 964 1700 ταῖς
1025 1635 1313 1707 ίατρείαις,
1369 1636 1467 1691 καὶ
1526 1637 1613 1691 διὰ
1643 1636 1839 1708 χρόνου
1867 1636 2007 1708 τάχα

417 1727 702 1792 πλείονος,
763 1729 791 1782 ό
832 1727 891 1781 δὲ
942 1730 1074 1800 παρ’
1103 1728 1233 1782 εὐθὺ
1276 1729 1370 1783 καὶ
1413 1730 1540 1794 τοὺς
1585 1729 1881 1793 πονοῦντας
1913 1728 2008 1782 καὶ

417 1820 551 1882 τοὺς
606 1820 886 1891 καμόντας
923 1821 1322 1892 εύθυμοτέρους
1380 1826 1544 1889 ποιεί,
1571 1823 1666 1877 καὶ
1705 1825 1830 1888 τοὺς
1861 1826 2008 1894 ἰσχυο

420 1914 554 1984 ρους
577 1915 773 1986 ἀνιστᾷ
795 1916 935 1986 πρὸς
961 1917 1216 1987 ἀνδρείαν
1250 1917 1345 1972 καὶ
1369 1918 1655 1989 εὐψυχίαν.
1976 1908 1982 1915 ’

499 2015 580 2062 ιε’.
636 2005 889 2074 Ἔνδοξον
936 2007 992 2062 δὲ
1048 2008 1314 2078 λέγομεν,
1359 2010 1547 2081 ἐπειδὴ
1603 2011 1904 2080 ἀγανακτεῖ
1949 2010 2011 2065 τὸ

419 2099 636 2170 πλῆθος
664 2102 777 2164 τοῖς
804 2099 1011 2167 ἀδόξοις
1051 2101 1516 2171 ὑποτασσόμενον.
1556 2103 1745 2163 Οὐδεὶς
1787 2102 1896 2174 γὰρ
1925 2102 2012 2156 Θέ-

419 2193 535 2246 λων
575 2192 839 2262 ὑπομένει
869 2193 960 2247 τὸν
994 2193 1215 2265 χείρονα
1239 2191 1432 2265 κύριον
1452 2194 1619 2249 αὑτοῦ
1654 2194 2012 2268 ἀναδέχεσθαι

420 2283 523 2335 κα)⁵
548 2280 814 2353 ἡγεμόνα.

499 2462 596 2521 ις’.
627 2457 787 2510 Δοκεῖ
811 2455 868 2510 δέ
897 2475 990 2526 μοι
1027 2459 1110 2513 ὅτι
1139 2458 1287 2513 πᾶσα
1314 2460 1528 2534 ἀνάγκη
1569 2463 1662 2516 τὸν
1701 2463 1889 2518 τοῦτον
1921 2464 2011 2516 εύ-

424 2547 752 2617 ρισκόμενον
779 2548 1104 2617 στρατηγὸν,
1129 2547 1270 2602 ὥστε
1296 2548 1443 2619 ἔχειν
1470 2551 1670 2622 ἀρετὰς
1695 2553 1826 2616 ὅσας
1859 2554 2011 2624 εἰρή-

420 2654 625 2708 καμεν,
671 2640 768 2693 καὶ
806 2639 1017 2707 ἔνδοξον
1079 2637 1238 2696 εἶναι.
1291 2642 1356 2696 Ἦ
1402 2645 1511 2715 γὰρ
1558 2644 1793 2716 τοσαύτη
1840 2646 2011 2717 ἀρετὴ

418 2733 699 2799 ἄγνωστον
719 2733 812 2785 τὸν
841 2733 1129 2805 ἄνθρωπον
1163 2735 1445 2806 διαμένειν
1493 2737 1724 2791 ἐπιπολὺ
1755 2738 1813 2791 ού
1843 2755 2010 2791 κατα-

345 2856 349 2860 -
419 2823 715 2890 λαμϐάνει.

500 2915 587 2981 ιζ’.
644 2918 890 2988 Λέγομεν
933 2919 990 2973 δὲ
1040 2920 1180 2990 μήτε
1253 2921 1509 2976 πλούσιον
1569 2924 2011 2995 προχειρίζεσθαι

423 3011 733 3081 στρατηγὸν
760 3011 848 3066 διά
875 3013 944 3065 τά
976 3014 1257 3084 χρήματα,
1311 3014 1406 3069 ὲάν
1439 3015 1514 3087 μὴ
1543 3017 1644 3090 ἔχῃ
1686 3017 1885 3081 ταύτας
1913 3019 2012 3083 τάς

419 3101 648 3174 ἀρετάς,
679 3105 819 3174 μήτε
857 3104 1065 3176 πένητα
1115 3109 1553 3179 παρατηρεῖσθαι
1605 3110 1719 3174 (Η)
1779 3110 1867 3164 διὰ
1915 3110 2012 3182 τὴν

423 3197 643 3261 πενίαν,
677 3198 774 3250 ἐὰν
867 3198 1088 3266 ἀγαθός.
1116 3201 1229 3252 Οὐκ
1259 3201 1680 3272 ἀποϐαλλόμεθα
1709 3203 1899 3257 δὲόΰτε
1921 3205 2011 3256 τὸν

424 3289 682 3343 πλούσιον
707 3290 891 3344 ἕνεκεν
917 3291 1009 3343 τοῦ
1041 3291 1268 3345 πλούτου
1304 3293 1490 3359 αὑτοῦ,
1525 3295 1642 3348 ἀλλ’
1681 3295 1776 3350 ἐὰν
1803 3297 1901 3357 τάς
1935 3296 2012 3366 τῷ

427 3381 722 3454 στρατηγῷ
753 3383 1071 3454 πρεπούσας
1102 3385 1177 3454 μὴ
1208 3385 1472 3458 κέκτηται
1505 3387 1726 3459 ἀρετάς.
1761 3387 1894 3440 Οὐδὲ
1921 3389 2014 3440 τὸν

426 3478 638 3546 πένητα
674 3476 1043 3548 προκρίνομεν
1074 3480 1156 3532 ὅτι
1183 3476 1300 3532 ἐστὶ
1340 3479 1532 3548 πένης,
1584 3479 1699 3532 ἀλλ’
1738 3479 1821 3532 ὅτι
1852 3497 2016 3552 στρα-

424 3573 688 3642 τιωτικήν
738 3589 798 3625 τε
856 3573 952 3626 καὶ
990 3573 1246 3642 γενναίαν
1297 3572 1409 3644 ἔχει
1441 3575 1641 3643 ψυχήν.
1675 3575 1878 3629 Οὐδένα
1907 3577 2016 3646 γάρ

427 3664 519 3718 διά
551 3666 651 3736 τὴν
679 3664 851 3737 τύχην
873 3666 1373 3737 ἀποδοκιμάζομεν,
1403 3667 1539 3721 ἀλλὰ
1564 3667 1767 3737 μᾶλλον
1796 3667 1882 3721 διὰ
1906 3668 2016 3723 τῶν

428 3757 648 3828 τρόπων
679 3758 890 3827 ἀμφοτέ
901 3775 1027 3830 ρους
1058 3758 1503 3829 προϐαλλόμεθα.

503 3847 593 3918 ιη’.
634 3847 696 3903 '0
731 3848 785 3902 δὲ
810 3848 1065 3913 πλούσιος
1094 3849 1299 3916 ἀγαθὸς
1345 3850 1421 3902 ὢν
1473 3849 1728 3904 τοσοῦτον
1772 3851 2019 3923 διαφέρει

427 3940 680 4010 γενναίου
705 3939 961 4012 πένητος,
990 3941 1115 3995 ὅσον
1141 3942 1195 3996 al
1223 3940 1528 4014 ὲπάργυροι
1555 3943 1650 3994 καὶ
1680 3943 2020 4013 κατάχρυσοι

432 4033 722 4089 πανοπλίαι
743 4033 854 4088 τῶν
887 4033 1246 4103 καταχάλκων
1277 4035 1368 4087 καὶ
1390 4033 1648 4106 σιδηρῶν·
1689 4033 1748 4086 αἱ
1782 4035 1880 4104 μὲν
1913 4035 2021 4102 γάρ

430 4125 511 4195 τῷ
539 4124 778 4196 λαμπρῷ
809 4129 1000 4196 κόσμῳ
1032 4123 1467 4186 πλεονεκτοῦσιν,
1495 4127 1550 4179 αἱ
1585 4124 1642 4178 δὲ
1675 4127 1733 4179 ὲν
1762 4124 1912 4196 αὑτῷ
1945 4125 2022 4196 τῷ

431 4218 744 4290 δραστηρίῳ
775 4216 1209 4285 διαγωνίζονται.

507 4311 593 4367 ιϐ’.
627 4312 841 4382 Πένητα
872 4311 929 4364 δὲ
950 4309 1095 4380 λέγω
1121 4311 1392 4380 γενναῖον,
1418 4309 1515 4365 ὲάν
1540 4309 1616 4382 μὴ
1641 4312 2021 4382 χρηματιστής

434 4403 550 4454 ἐστι
581 4401 672 4456 καὶ
692 4400 1045 4472 δωρολήπτης
1066 4418 1078 4432 ·
1108 4399 1200 4454 τὸν
1234 4401 1343 4470 γὰρ
1385 4400 1788 4471 χρηματιστὴν,
1817 4399 1923 4452 οὐδ’
1955 4399 2022 4452 ἂν

438 4493 840 4558 πλουσιώτατος
869 4492 945 4548 ὢν
968 4493 1106 4566 τύχη
1129 4493 1398 4566 συμφέρει
1421 4493 1552 4547 ποτὲ
1578 4494 2020 4566 προχειρίζεσθαι

439 4583 763 4656 στρατηγόν.

507 4675 574 4730 κ’.
626 4674 786 4730 Ἀλλά
821 4673 955 4746 μηδὲ
985 4671 1306 4746 μικρολόγον
1334 4675 1458 4729 τινά
1487 4672 1582 4730 καὶ
1607 4674 1866 4746 ὁμολόγον
1897 4675 2027 4746 περὶ

437 4768 504 4822 τά
549 4767 807 4840 κέρδη,ῆ
865 4767 1126 4841 ἔμπορον,
1178 4767 1211 4837 ἢ
1263 4768 1649 4838 παραπλήσιόν
1701 4786 1753 4820 τι
1786 4767 2027 4820 τοιοῦτον

440 4861 766 4931 πράττοντα·
799 4861 1014 4931 ἀνάγκη
1044 4861 1151 4930 γὰρ
1189 4860 1315 4924 τοὺς
1348 4877 1622 4924 τοιούτους
1656 4861 2026 4932 μικρὸφρονας

440 4951 601 5019 εἶναι,
634 4954 882 5024 καὶπερὶ
920 4953 981 5006 τὸ
1017 4953 1207 5022 κέρδος
1235 4954 1626 5024 ἐπτοημένους,
1664 4955 1759 5006 καὶ
1796 4971 2025 5024 μεμερι-

444 5045 753 5116 μνημένους
779 5062 845 5098 πε
855 5044 907 5116 pl.
928 5045 1028 5114 τὴν
1058 5043 1322 5114 συλλογὴν
1341 5044 1452 5096 τῶν
1470 5046 1791 5116 χρημάτων,
1814 5046 1907 5100 καὶ
1931 5063 2028 5116 μη·

440 5139 529 5192 δὲν
551 5139 774 5208 ἔχοντας
807 5137 917 5192 τῶν
947 5137 1128 5192 καλῶν
1162 5137 1634 5208 ἐπιτηδευμάτων.

510 5238 619 5287 καν.
662 5232 790 5286 Ἐὰν
824 5231 882 5286 δὲ
911 5231 1194 5302 προγόνων
1227 5231 1346 5284 ἐστὶ
1373 5231 1644 5302 λαμπρῶν
1679 5233 1770 5284 καὶ
1811 5233 2027 5304 περιδό-

445 5325 550 5390 ξων
578 5325 865 5394 ἀπόγονος,
889 5325 1110 5394 ἀγαπᾷν
1140 5324 1239 5392 μὲν
1263 5324 1344 5376 δεῖ
1371 5324 1526 5377 τοῦτο
1548 5365 1562 5389 ,
1597 5325 1657 5378 οὐ
1691 5325 1789 5395 μὲν
1815 5326 1872 5378 δὲ
1896 5327 2027 5380 πάν-

444 5436 552 5483 τως
575 5419 852 5489 ἐπιζητεῖν
881 5418 976 5487 τὴν
997 5417 1252 5488 τοιαύτην
1287 5417 1591 5485 εὐγένειαν,
1617 5417 1883 5482 ἀποῦσαν,
1908 5419 2030 5471 οὐδὲ

445 5509 532 5565 διὲ
553 5509 759 5579 ταύτην
781 5510 986 5580 κρίνειν
1003 5509 1152 5574 ἄξιον
1174 5510 1264 5562 τὸν
1291 5510 1613 5580 στρατηγὸν,
1634 5510 1728 5564 ἐὰν
1745 5511 1803 5562 τὸ
1832 5528 1892 5564 στ
1902 5529 2029 5580 ρατ-

449 5605 602 5674 ηγεῖν
632 5603 814 5667 καλῶς
843 5603 1127 5674 κέκτηται.

2103 899 2231 954 dum
2284 900 2565 955 auditores
2611 900 2762 966 facit,
2815 909 2871 956 et
2925 901 2992 956 ad
3043 899 3286 972 pericula
3341 899 3688 969 suscipienda

2106 990 2324 1046 animos
2357 992 2608 1061 impellit.

2181 1084 2264 1140 Μ.
2307 1085 2362 1140 Si
2397 1102 2527 1140 vero
2567 1088 2674 1141 ulla
2725 1087 2778 1142 in
2825 1087 3071 1144 exercitu
3127 1085 3408 1156 contingat
3438 1085 3688 1152 oﬂ'ensio,

2106 1177 2288 1246 aliqua
2330 1189 2443 1232 tum
2486 1178 2606 1233 illos
2662 1179 2976 1234 cohortatio
3037 1176 3365 1249 permulcet,
3419 1185 3474 1231 et
3533 1175 3694 1244 longe

2108 1269 2292 1325 utilior
2323 1280 2406 1326 est
2433 1271 2782 1340 imperatoris
2819 1271 3020 1335 oratio,
3047 1269 3114 1325 ad
3152 1286 3241 1327 res
3276 1269 3506 1325 amictas
3540 1283 3691 1323 exer-

2108 1362 2251 1415 citus
2303 1361 2586 1428 levandas,
2637 1377 2804 1431 quam
2857 1362 3053 1417 medici
3103 1363 3331 1416 vulnera
3387 1365 3690 1416 curantes:

2109 1454 2186 1508 illi
2211 1453 2357 1509 enim
2385 1455 2605 1510 saucios
2649 1455 2797 1510 solos
2828 1455 2916 1511 die
2949 1470 3015 1510 ac
3050 1462 3294 1524 tempore
3335 1453 3552 1509 tandem
3587 1453 3696 1508 for-

2112 1555 2262 1603 tasse
2295 1556 2517 1613 sanant,
2552 1547 2640 1602 hic
2669 1556 2853 1602 autem
2885 1547 3172 1603 confestim
3222 1546 3396 1603 fessos
3425 1561 3491 1603 ac
3522 1547 3695 1603 lassa—

2113 1648 2197 1694 tos
2227 1638 2521 1694 alacriores
2555 1637 2705 1706 facit,
2747 1648 2804 1694 et
2849 1637 2916 1693 ad
2961 1654 3177 1695 omnem
3207 1638 3378 1694 animi
3425 1639 3698 1709 magnitu-

2110 1727 2292 1785 dinem
2324 1729 2808 1802 przestantiamque
2835 1729 2971 1786 satis
3009 1729 3290 1785 robustos.

2157 1993 2268 2049 '15.
2313 1994 2561 2050 Nobilem
2611 2004 2664 2050 et
2713 1995 2984 2050 celebrem
3043 1996 3220 2050 virum
3280 1995 3521 2051 diximus
3577 2011 3700 2050 esse

2115 2095 2387 2156 oportere,
2425 2088 2553 2158 quia
2585 2103 2803 2158 semper
2839 2088 3056 2143 haesitat
3087 2088 3274 2142 animo
3313 2097 3367 2143 et
3415 2089 3701 2144 excrucia-

2115 2186 2204 2233 tur
2233 2178 2453 2248 vulgus,
2489 2196 2614 2233 cum
2652 2179 2908 2235 obscuris
2964 2180 3097 2235 viris
3151 2189 3318 2249 atque
3366 2180 3701 2251 ignobilibus

2113 2273 2418 2342 subjectum
2447 2282 2550 2328 est.
2581 2271 2752 2328 Nemo
2779 2273 2924 2327 enim
2973 2273 3149 2328 libens
3185 2274 3396 2343 patitur
3425 2288 3550 2328 eum
3600 2273 3702 2327 iut-

2112 2375 2418 2436 peratorem
2448 2366 2598 2436 eligi,
2623 2381 2787 2436 quem
2814 2366 3142 2420 deteriorem
3174 2365 3355 2435 seipso
3383 2374 3557 2435 putat.

2184 2457 2271 2513 16.
2313 2455 2443 2512 Mihi
2505 2455 2980 2528 pernecessarium
3036 2475 3172 2516 sane
3217 2461 3453 2526 videtur,
3506 2471 3569 2517 ut
3601 2461 3704 2514 im-

2113 2558 2334 2619 perator
2365 2551 2688 2622 designatus
2728 2552 2774 2607 si
2823 2554 2944 2617 has,
2983 2567 3126 2623 quas
3158 2569 3334 2625 nuper
3364 2566 3705 2608 commemo-

2114 2642 2229 2696 ravi
2275 2645 2504 2698 virtutes
2538 2643 2921 2712 imperatorias
2979 2646 3203 2711 habeat,
3260 2646 3465 2702 nobilis
3515 2647 3702 2702 statim

2114 2735 2186 2791 sit
2215 2753 2228 2790 :
2269 2737 2392 2792 talis
2417 2737 2561 2792 enim
2597 2738 2773 2794 virtus
2804 2740 3106 2796 obscurum
3146 2740 3240 2796 diu
3267 2740 3545 2797 hominem
3584 2756 3707 2796 ma-

2113 2840 2245 2881 nere
2271 2841 2379 2882 non
2412 2827 2566 2884 sinit.

2185 2920 2273 2975 i7.
2331 2920 2575 2976 Dicimus
2627 2932 2807 2976 autem
2877 2937 2945 2977 ne
2998 2922 3220 2977 divitem
3276 2921 3533 2992 quidem,
3597 2919 3706 2978 nisi

2112 3011 2343 3068 virtutes
2383 3012 2768 3083 imperatorias
2822 3013 3041 3080 habeat,
3106 3015 3466 3084 pecuniarum
3537 3029 3708 3068 causa

2113 3105 2497 3174 imperatorem
2557 3105 2831 3177 designari
2897 3106 3096 3162 debere
3145 3125 3158 3160 :
3227 3121 3329 3160 nec
3411 3121 3705 3176 pauperem

2114 3207 2329 3253 contra.
2361 3199 2406 3254 si
2455 3199 2634 3254 bonus
2684 3198 2871 3263 fuerit,
2923 3199 3261 3269 paupertatis
3311 3215 3374 3254 ae
3429 3199 3709 3254 tenuitatis

2116 3302 2282 3344 causa
2317 3289 2710 3359 repellendum.
2767 3290 2878 3344 Nec
2933 3305 3064 3344 vero
3114 3289 3337 3345 divitem
3390 3290 3710 3345 divitiarum

2116 3381 2288 3452 gratia
2319 3382 2660 3453 repellimus,
2691 3382 2784 3437 sed
2818 3384 2862 3438 si
2894 3382 3124 3437 virtutes
3164 3382 3494 3453 imperatore
3518 3382 3713 3453 dignas

2115 3490 2227 3529 non
2267 3475 2508 3532 habent:
2556 3492 2658 3532 nec
2688 3492 3003 3546 pauperem,
3053 3477 3182 3544 quia
3234 3491 3440 3546 pauper
3473 3484 3578 3541 est,
3615 3476 3714 3529 de-

2119 3568 2435 3639 signamus,
2493 3570 2586 3624 sed
2647 3570 2776 3640 quia
2828 3568 3025 3624 fortem
3079 3582 3243 3639 atque
3299 3569 3712 3637 imperatorium

2119 3658 2313 3713 habeat
2344 3661 2609 3714 animum.
2648 3659 2913 3714 Neutrum
2964 3671 3184 3730 propter
3225 3659 3506 3714 fortunam
3550 3675 3716 3730 repu-

2119 3750 2358 3817 diamus,
2389 3753 2481 3807 sed
2521 3762 2783 3823 utrosque
2820 3762 3042 3822 pr0pter
3070 3767 3251 3807 mores
3301 3753 3644 3807 asciscimus.

2196 3845 2282 3900 l8.
2314 3844 2474 3902 Dives
2517 3846 2694 3901 bonus
2742 3856 2954 3902 tantum
3007 3855 3227 3916 praestat
3277 3861 3542 3916 generoso
3578 3861 3718 3917 pau-

2121 3936 2260 4007 peri,
2289 3939 2556 4006 quantum
2611 3955 2776 3993 aurea
2831 3949 2996 4009 atque
3049 3949 3305 4010 argentea
3357 3954 3509 3992 arma
3561 3939 3765 3993 aereis”

2125 4031 2428 4100 ferreisque
2481 4033 2861 4087 antecedunt:
2925 4031 3042 4086 haec
3105 4032 3250 4086 cnim
3287 4032 3342 4086 in
3397 4032 3537 4086 bello
3569 4046 3724 4100 teque

2123 4121 2361 4177 etiicaeia
2392 4130 2541 4188 sunt,
2592 4122 2683 4176 illa
2721 4139 2849 4178 vero
2896 4131 3096 4193 praeter
3148 4122 3524 4177 ellicacitatem
3555 4120 3722 4175 etiam

2125 4224 2512 4270 ornamentum
2542 4213 2799 4271 aderunt.

2198 4305 2283 4360 l9.
2339 4304 2644 4377 Pauperetn
2696 4321 3021 4376 generosum
3072 4319 3231 4369 voco,
3271 4303 3368 4374 qui
3433 4320 3724 4359 munerum

2127 4396 2402 4452 abstinens
2434 4405 2539 4464 est,
2577 4405 2656 4464 vet
2705 4397 2933 4452 minime
2973 4406 3334 4463 quaestuosns
3365 4412 3380 4448 :
3440 4407 3726 4466 quaestuo-

2127 4507 2251 4545 sum
2288 4490 2437 4544 enim
2475 4489 2685 4555 virum,
2737 4505 2805 4543 ne
2855 4489 2899 4544 si
2938 4489 3247 4545 ditissimus
3277 4487 3494 4559 quidem
3538 4489 3725 4558 fuerit,

2051 4586 2103 4644 D
2134 4583 2266 4639 ntile
2301 4592 2387 4637 est
2421 4583 2811 4652 imperatorem
2838 4582 2986 4652 eligi.

2209 4680 2303 4732 20.
2347 4679 2459 4733 lmo
2494 4693 2624 4733 vero
2671 4693 2848 4748 neque
2882 4693 3108 4748 parcum
3151 4678 3382 4749 aliquem
3413 4687 3510 4732 aut
3551 4678 3730 4745 sordi-

2135 4773 2290 4837 dum,
2347 4771 2414 4826 ad
2451 4787 2567 4827 rem
2621 4771 2926 4826 faciendam
2964 4770 3313 4834 venalitium,
3368 4780 3465 4825 aut
3522 4770 3730 4840 aliquid

2134 4863 2254 4932 ejus
2294 4863 2512 4935 generis
2581 4862 2934 4916 molientem:
3003 4876 3228 4917 necesse
3264 4870 3350 4917 cst
3399 4860 3546 4914 enim
3598 4860 3732 4915 tales

2136 4970 2426 5026 perparcos
2463 4969 2605 5021 esse,
2636 4963 2688 5009 et
2719 4955 2784 5008 ad
2817 4955 3134 5008 aviditatem
3181 4939 3536 5024 pecuniarum
3573 4954 3730 5008 inex-

2135 5047 2382 5122 plebiles,
2417 5056 2470 5101 et
2515 5047 2582 5101 ad
2623 5047 2984 5102 cumnlandas
3018 5061 3150 5117 opes
3194 5047 3429 5101 nimium
3463 5048 3728 5110 intentos,

2135 5149 2191 5194 et
2232 5141 2300 5194 ab
2334 5139 2581 5194 honestis
2612 5141 2924 5195 actionibus
2972 5139 3132 5209 longe
3165 5138 3557 5193 abhorrentes.

2205 5232 2292 5285 2|.
2333 5231 2387 5285 Si
2420 5233 2585 5288 claris
2624 5240 2678 5287 et
2728 5232 3005 5287 nobilibus
3052 5230 3361 5300 majoribus
3395 5229 3582 5293 fuerit,
3628 5229 3734 5284 ali-

2134 5340 2299 5395 quam
2348 5325 2452 5380 hoc
2495 5325 3028 5381 commendationem
3079 5324 3322 5379 habeat:
3355 5323 3498 5378 hanc
3548 5334 3732 5378 tamen

2139 5419 2353 5489 generis
2392 5418 2763 5481 nobilitatem,
2794 5418 2839 5472 si
2871 5417 3037 5483 absit,
3074 5432 3182 5472 non
3214 5416 3512 5471 admodum
3549 5415 3736 5485 requi-

2139 5528 2343 5574 remus,
2383 5526 2560 5581 neqne
2589 5511 2972 5566 tantummodo
3011 5520 3231 5581 propter
3259 5510 3408 5563 hanc
3445 5522 3635 5571 unam,
3687 5509 3733 5563 si

2136 5604 2273 5659 alias
2321 5603 2669 5658 laudabiliter
2727 5611 2929 5681 artem.
2962 5601 3369 5671 imperatoriam
3406 5607 3611 5665 teneat,
3651 5599 3733 5654 diu

2133 5710 2273 5762 gnus
2316 5694 2420 5750 hoc
2453 5709 2680 5750 munere
2722 5693 2991 5748 habeatur

1996 5785 2232 5844 NOTAE.

523 5878 638 5958 (ιὸ)
707 5881 786 5938 Τὰ
813 5881 1142 5951 πράγματα.
1180 5846 1386 5938 Scribe.
1416 5882 1480 5936 τὰ
1504 5881 1819 5956 τραύματα.

2210 5881 2322 5949 (ιι)
2393 5881 2898 5948 Παρατ-ιιρεῖσθαι.
2935 5879 3128 5936 Scribe
3159 5877 3559 5939 παραιτεῖσθαι
