4078 6306
568 399 676 467 691
810 462 814 467 ,
1839 391 2117 454 LEONIS
2143 389 2609 452 PHILOSOPIII
3823 377 3913 440 692

569 507 796 574 fuerint,
828 515 1000 561 artem
1024 503 1189 558 habet
1215 517 1354 573 pene
1398 500 1644 568 inanem,
1672 500 1758 556 sin
1789 512 2011 555 ventum
2049 511 2152 552 na-

2299 517 2385 552 rov
2418 499 2527 569 ἔχει
2565 498 2665 571 τὴν
2694 499 2910 568 τέχνην-
2945 495 3042 549 ἐὰν
3080 494 3138 548 δὲ
3169 491 3393 558 τούτους
3449 488 3909 562 προσλάόηται,

568 610 695 657 ctus
737 599 904 655 fuerit
933 605 990 653 et
1021 606 1198 650 artem
1237 609 1398 650 suam
1429 607 1652 663 quoque
1694 591 2028 661 adiunxerit,
2061 605 2155 645 ce-

2302 608 2361 665 (ῃ
2383 592 2440 645 δὲ
2472 593 2565 645 καὶ
2597 594 2696 662 τὴν
2751 591 2948 660 τέχνην
2976 587 3465 660 συμπράττουσαν,
3513 581 3792 637 διπλοῦν
3830 579 3912 632 τὸν

560 695 783 761 leritate
839 706 1063 747 cursum
1126 689 1357 745 feliciter
1401 686 1645 758 duplicat
1685 702 1701 740 :
1743 686 1826 741 sic
1857 684 2156 754 imperator

2300 683 2459 753 ρόμον
2491 682 2586 736 τοῦ
2610 683 2795 736 πλοίου
2833 685 2931 736 σὺν
2962 681 3232 751 ἀσφαλείᾳ
3263 682 3516 732 ποιεῖται
3554 691 3572 706 ’
3625 671 3796 729 οὕτω
3826 676 3910 726 καὶ

572 787 770 853 bonus,
793 785 840 841 si
865 782 1303 849 benevolentiam
1341 779 1435 835 Dei
1463 779 1767 850 collegerit,
1800 777 1992 847 copias
2024 790 2154 831 suas

2302 794 2484 848 ριστος
2507 776 2835 849 στρατηγὸς,
2865 776 2960 829 ἐὰν
2985 775 3086 845 τὴν
3124 773 3410 844 εὐμένειαν
3459 767 3596 823 τοῦ
3641 764 3800 819 Θεοῦ
3841 768 3912 817 ὲν-

572 893 886 949 munusque
921 874 1336 945 imperatorium
1380 888 1506 929 cum
1544 872 1824 942 vigilantia
1857 868 2159 925 industria-

2297 873 2515 944 ύσηται,
2537 875 2634 928 καὶ
2659 877 2725 946 τῇ
2751 875 2926 941 τάξει,
2961 875 3027 945 τῇ
3081 870 3402 942 στρατηγία,
3443 866 3904 936 συναγρυπνία,

573 982 682 1038 que
715 966 852 1021 bene
879 961 1306 1029 administrabit,
1330 970 1384 1018 et
1405 961 1849 1018 commendatum
1873 959 1980 1015 sibi
1997 974 2157 1013 exer-

2296 969 2358 1022 ;αὶ
2395 968 2681 1038 ἐπιμελείᾳ
2710 968 2980 1039 χρήσηται
3007 967 3209 1030 καλῶς,
3253 966 3348 1018 καὶ
3382 964 3482 1017 τὸν
3536 959 3906 1029 πιστευόμε-

530 1061 747 1115 .citum
801 1058 922 1114 sine
969 1055 1272 1111 oﬂ'ensione
1333 1063 1500 1125 reget,
1553 1062 1607 1108 et
1642 1053 2015 1124 magnitudine
2066 1066 2140 1106 sa‘

2294 1076 2354 1112 κον
2388 1058 2536 1128 αὐτῷ
2575 1060 2803 1129 στρατὸν
2826 1057 3083 1126 ἀσφαλῶς
3114 1056 3386 1126 διοικήσῃ,
3441 1054 3562 1108 καὶ
3603 1054 3685 1122 τῇ
3725 1051 3904 1103 ποικί-

575 1149 793 1223 Ρίθυίίεε
828 1163 940 1205 θυῖε
966 1148 1154 1203 δοειθε
1183 1146 1540 1217 οΡΡυῧηῧδίιο
1587 1144 1678 1200 θεῖ
1705 1144 1851 1198 enim
1876 1143 2159 1214 PI'OVWCD‘
2263 1150 2333 1223 λῃ
2371 1150 2566 1223 γνώμῃ
2597 1151 2706 1203 τῶν
2750 1150 2962 1222 ἐχθρῶν
3014 1145 3611 1218 άντιστρατεύσασθαι
3643 1144 3905 1198 δύναται.

576 1240 655 1297 tia
684 1240 869 1296 omnia
906 1238 1103 1309 partim
1145 1237 1214 1292 ad
1255 1235 1541 1291 utilitatem
1588 1232 1826 1297 docebit,
1860 1229 2055 1300 partim
2089 1228 2155 1282 ad

2295 1245 2342 1298 ll
2366 1243 2475 1314 γὰρ
2524 1244 2616 1296 τοῦ
2671 1243 2804 1296 Θεοῦ
2840 1244 3067 1313 πρόνοια
3101 1240 3170 1294 τὰ
3196 1240 3294 1313 μὲν
3319 1236 3538 1306 διδᾶξει
3569 1238 3741 1311 πρὸς
3771 1254 3905 1303 auge.

577 1334 784 1390 bonum
817 1331 1023 1387 exitum
1055 1328 1325 1384 traducet.
1362 1327 1463 1380 Hic
1500 1326 1664 1397 igitur
1707 1325 1812 1378 ﬁde
1843 1322 2156 1391 religiosus,

2291 1336 2450 1407 aépov,
2471 1335 2540 1388 τὰ
2568 1334 2624 1388 δὲ
2652 1335 2783 1407 πρὸς
2808 1333 3011 1400 ἀγαθὸν
3041 1333 3193 1396 τέλος
3213 1333 3669 1388 άποτελειώσει.
3707 1329 3759 1381 Τ
3762 1325 3901 1380 οιοῦ-

579 1427 635 1481 in
659 1426 825 1480 rebus
861 1422 1089 1496 agendis
1119 1423 1323 1491 justus,
1353 1420 1512 1491 quasi
1542 1419 1898 1474 fundamento
1928 1415 2073 1470 bono
2104 1421 2159 1467 et

2289 1442 2354 1486 ro;
2375 1423 2572 1484 τοίνυν,
2609 1423 2839 1494 εὐσεϐὴς
2872 1424 2970 1494 μὲν
2997 1423 3125 1493 περὶ
3154 1424 3255 1490 τὴν
3303 1423 3515 1488 πίστιν,
3564 1421 3815 1483 δίκαιος
3852 1419 3899 1470 δὲ

577 1518 760 1574 stabili
786 1517 954 1589 jaeto,
1002 1515 1215 1586 reliqua
1254 1514 1400 1568 bona
1430 1519 1698 1568 exstruet.

2291 1519 2394 1588 περὶ
2427 1517 2525 1579 τάς
2560 1516 2791 1587 πράξεις
2839 1515 3121 1587 ὑπάρχων,
3159 1515 3351 1587 ῶσπερ
3377 1515 3655 1586 θεμελίῳ
3709 1510 3901 1581 ἀγαθῷ

2265 1609 2360 1663 καὶ
2387 1607 2668 1679 ἀσαλεύτῳ
2699 1608 2792 1662 καὶ
2819 1607 2887 1660 τὰ
2908 1607 3043 1661 ἄλλα
3073 1607 3254 1674 ἀγαθά
3280 1606 3701 1675 ἐποικοδομεῖ.

650 1693 742 1754 42.
781 1695 926 1752 Mitis
975 1711 1042 1750 ac
1097 1698 1318 1750 sedatus
1366 1694 1463 1750 ﬁas
1497 1693 1765 1749 adversus
1816 1706 1912 1748 eos
1967 1693 2059 1762 qui
2109 1699 2162 1746 te

2343 1698 2451 1769 p.6'.
2475 1699 2655 1769 Πρᾶος
2681 1694 2864 1765 γενοῦ,
2883 1698 2977 1750 καὶ
2999 1696 3275 1768 ἀτάραχος
3300 1699 3415 1760 τοίς
3439 1695 3895 1764 ἐντυγχάνουσι.

579 1792 955 1847 conveniunt:
997 1788 1209 1844 elici-ali
1240 1789 1387 1843 enim
1420 1801 1602 1843 mores
1637 1786 1813 1841 odiosi
1862 1795 2026 1855 atque
2074 1783 2162 1841 in-

2153 1814 2162 1825 -
2196 1849 2246 1863 η
2265 1789 2339 1844 Τὸ
2369 1793 2479 1862 γὰρ
2512 1792 2702 1863 ἄγριον
2738 1789 2832 1844 τοῦ
2864 1790 3029 1860 ήθους
3063 1791 3291 1861 μισητὸν
3325 1793 3421 1844 καὶ
3456 1788 3763 1859 φευκτόν.

581 1881 892 1937 tolerabiles
935 1880 1093 1934 ﬁunt.
1937 1849 1951 1855 ’
2080 1952 2081 1955 Ἴ
2193 1849 2237 1906 Β

653 1973 744 2028 45.
773 1971 832 2027 In
857 1972 980 2027 vitae
1009 1972 1352 2040 vestitusque
1381 1970 1531 2025 cultu
1563 1969 1789 2040 simplex
1827 1969 1926 2024 ﬁas
1959 1977 2013 2024 et
2046 1967 2166 2022 fru—

2344 1973 2455 2038 μγ’.
2480 1968 2639 2032 Λιτός
2671 1985 2728 2021 τε
2757 1968 2850 2022 καί
2872 1967 3077 2033 ἁπλοῦς
3102 1971 3232 2040 περὶ
3271 1971 3371 2038 τὴν
3396 1971 3642 2026 δίαιταν
3700 1973 3804 2025 καὶ
3839 1972 3892 2024 τὸ

583 2066 762 2137 galis:
794 2065 959 2120 luxus
995 2063 1142 2119 enim
1172 2063 1517 2118 necessarios
1543 2070 1796 2132 sumptus
1838 2060 1906 2115 ad
1935 2061 2164 2116 nihilum

2282 2059 2498 2131 ἔνδυμα,
2555 2060 2653 2124 τὰς
2703 2061 3008 2130 ἀναγκαίας
3049 2061 3299 2126 δαπάνας
3334 2065 3414 2129 είς
3439 2066 3704 2136 μάταιον
3742 2065 3892 2130 ἐξαν-

584 2159 862 2216 exhaurit.

2270 2155 2392 2234 τλᾷ.
3341 2137 3349 2146 ’

548 2315 551 2318 ί
655 2252 745 2306 44.
784 2249 1080 2321 Vigilanter
1122 2255 1176 2302 et
1216 2246 1505 2310 industrie,
1543 2260 1654 2300 non
1704 2244 2035 2314 negligenter
2062 2250 2158 2296 aut

2345 2250 2447 2321 μδ’.
2498 2251 2818 2323 ’Δγρύπνως
2848 2250 2906 2305 δὲ
2947 2252 3042 2306 καὶ
3081 2252 3360 2324 ἐπιμελῶς
3397 2256 3512 2318 τοῖς
3541 2254 3889 2324 ἀναγκαίοις

587 2345 766 2402 solute
801 2341 1016 2413 negotia
1052 2341 1273 2411 suscipe
1305 2357 1319 2394 :
1354 2339 1632 2409 diligentia
1672 2338 1820 2392 enim
1851 2347 1905 2391 et
1930 2337 2166 2392 assidui-

2274 2344 2598 2414 πράγμασιν
2643 2343 2931 2416 ἐγχειρῶν,
2962 2344 3060 2398 καὶ
3085 2343 3160 2416 μὴ
3196 2344 3458 2416 ῥᾳθύμως
3492 2346 3604 2398 καὶ
3638 2344 3881 2414 ἀμελῶς.

587 2447 675 2494 tas
730 2452 820 2492 res
866 2422 1200 2505 asperaset
1247 2432 1507 2487 molestas
1553 2431 1716 2486 facile
1749 2430 1972 2486 conﬁcit
2022 2429 2168 2499 :qui

2289 2435 2354 2489 Ἦ
2383 2436 2492 2507 γὰρ
2541 2435 2832 2507 ἐπιμέλεια
2868 2437 2965 2491 καὶ
3020 2438 3257 2509 ἐπιμονὴ
3303 2437 3493 2494 καὶτὰ
3546 2437 3711 2491 πάνυ
3761 2437 3883 2490 δυσ-

588 2543 774 2588 autem
804 2531 858 2585 in
893 2544 953 2584 re
987 2526 1199 2600 agenda
1223 2525 1506 2599 negligens
1527 2532 1632 2594 est,
1660 2523 1730 2579 ab
1754 2523 1872 2594 ipsa
1904 2537 1962 2579 re
1986 2522 2171 2594 negle-

2273 2528 2408 2600 χερῆ
2469 2528 2579 2582 τῶν
2632 2527 2975 2600 πραγμάτων
3038 2528 3278 2594 εὐκόλως
3348 2528 3662 2599 κατορθοῖ,
3721 2528 3882 2582 καὶὸ

587 2637 715 2684 ctus
741 2626 868 2681 erit.
1899 2683 1903 2686 ι

2275 2618 2634 2690 καταφρονῶν
2681 2620 3008 2692 πράγματος
3057 2619 3613 2692 καταφρονηθήσεται
3657 2622 3759 2676 ὑπ’
3788 2622 3878 2675 ab.

2274 2730 2391 2766 του.

657 2806 752 2868 45.
798 2808 857 2866 ln
895 2810 1059 2866 rebus
1105 2806 1320 2882 magnis
1346 2815 1399 2865 et
1455 2807 1786 2864 necessariis
1816 2807 1956 2862 nihil
2002 2805 2174 2862 lacias

2351 2804 2456 2876 με’.
2524 2805 2649 2859 Ἐπὶ
2695 2806 2754 2860 δὲ
2779 2791 2899 2870 τοῖς
2951 2806 3220 2877 μεγάλοις
3257 2807 3353 2862 καὶ
3385 2807 3727 2877 ἀναγκαίοις
3774 2805 3873 2860 τῶν

590 2905 713 2962 sine
742 2904 970 2961 consilio
1000 2921 1016 2959 :
1048 2904 1133 2960 sin
1185 2903 1364 2960 serius
1426 2901 1717 2958 consilium
1751 2900 1980 2971 ceperis,
2026 2900 2174 2970 quod

2278 2898 2627 2972 πραγμάτων
2654 2899 2823 2972 μηδὲν
2853 2901 3023 2972 χωρὶς
3061 2899 3258 2974 βουλῆς
3289 2901 3629 2972 διαπράττου
3656 2919 3671 2932 ·
3706 2903 3758 2954 εί
3793 2899 3875 2952 τά·

592 2999 906 3056 cousultum
937 3008 1022 3054 est
1069 2998 1190 3053 sine
1236 2998 1346 3052 ulla
1391 2996 1652 3052 dilatione
1689 3003 1786 3050 aut
1834 2993 2177 3057 haesitatione

2278 3011 2348 3064 χα
2381 2993 2438 3047 δὲ
2484 2994 2582 3046 καὶ
2632 2993 2979 3066 βραδυτέρως
3031 2995 3314 3068 βουλεύσῃ,
3374 2996 3511 3050 ἀλλά
3549 2996 3620 3048 τὸ
3658 2995 3873 3066 βουλευ-

592 3088 866 3160 perﬁcias,
902 3086 1364 3160 quemadmodum
1416 3085 1472 3142 in
1503 3083 1921 3156 :egritudiuibus
1973 3084 2172 3140 medici

2281 3085 2372 3140 θὲν
2420 3085 2699 3156 συντόμως
2737 3087 2832 3140 καὶ
2873 3088 3168 3155 ἀσφαλῶς,
3209 3087 3286 3152 ὡς
3330 3088 3556 3143 δυνατὸν
3605 3087 3869 3148 ἐπιτέλει,

594 3180 810 3237 faciunt

2208 3177 2247 3187 “’
2281 3177 2470 3249 ῶσπερ
2498 3180 2592 3232 ἐπὶ
2623 3179 2733 3232 τῶν
2761 3180 3084 3251 νοσημάτων
3107 3182 3154 3233 οἱ
3185 3181 3379 3252 ίατροί.
3700 3228 3707 3232 .

669 3276 759 3332 46.
787 3275 1062 3348 Subjectis
1082 3275 1192 3331 tuis
1211 3282 1262 3330 te
1283 3275 1338 3328 in
1361 3273 1618 3328 omnibus
1640 3287 1856 3343 mquum
1880 3270 2180 3327 exhibeas:

2357 3271 2476 3343 μς·’.
2516 3271 2678 3325 Ἀλλά
2716 3272 2810 3326 καὶ
2842 3276 2957 3336 τοῖς
3004 3273 3329 3344 ἀρχομένοις
3363 3273 3490 3337 ἴσως
3534 3273 3866 3346 προσφέρου,

598 3365 736 3422 nihil
768 3365 876 3420 ulla
906 3379 1031 3419 cum
1061 3363 1355 3435 iniquitate
1379 3374 1475 3417 aut
1505 3361 1687 3417 studio
1727 3365 1986 3432 partium,
2015 3377 2181 3432 quam

2287 3365 2453 3436 μηδὲν
2486 3367 2626 3418 κατά
2656 3365 3122 3436 προσωποληψίαν
3175 3366 3566 3437 ἐργαζόμενος,
3611 3367 3752 3422 ἀλλά
3778 3366 3865 3419 πᾶ-

599 3473 963 3531 personarum
1018 3458 1391 3528 acceptionem
1443 3465 1665 3523 vocant,
1728 3456 1822 3510 sed
1872 3455 2178 3510 secundum

2289 3476 2370 3512 σιν
2415 3458 2544 3523 ἴσως
2592 3460 2735 3513 κατά
2768 3458 2866 3531 τὴν
2899 3457 2994 3514 τοῦ
3034 3459 3247 3515 δικαίου
3303 3459 3469 3530 φύσιν
3503 3459 3868 3532 ὑπεξερχόμε-

596 3552 831 3627 iustitiae
859 3560 1110 3608 naturam
1135 3567 1204 3607 ex
1227 3565 1384 3620 aequo
1408 3558 1465 3604 et
1488 3549 1629 3604 bono
1645 3548 1828 3603 omnia
1863 3557 2180 3618 pertractes.
2286 3569 2398 3617 νος.
2776 3601 2782 3606 .
3236 3555 3240 3559 ’
3581 3559 3584 3562 ’

676 3646 770 3702 47.
807 3643 918 3700 Nec
943 3643 1247 3700 dissolutus
1280 3651 1378 3698 aut
1412 3642 1692 3713 negligens
1720 3641 1797 3697 sis
1828 3642 1885 3696 in
1914 3643 2188 3697 vindican-

2366 3643 2473 3714 με’.
2509 3645 2664 3716 Μηδέ
2691 3644 2905 3716 χαύνως
2925 3646 3016 3699 καὶ
3049 3645 3310 3717 ῥᾳθύμως
3337 3647 3610 3719 διοίκησον
3645 3647 3738 3700 ἐπὶ
3767 3646 3866 3707 τοῖς

603 3738 692 3795 dis
719 3737 939 3810 ﬂagitiis
973 3753 1003 3791 a
1038 3737 1362 3807 negligentia
1393 3744 1490 3791 aut
1535 3735 1886 3805 improbitate
1925 3735 2083 3799 ortis,
2129 3742 2188 3789 ut

2291 3739 2400 3793 ἀπὸ
2430 3739 2631 3802 κακίας
2664 3738 2696 3807 ἢ
2728 3737 2991 3809 ἀμελείας
3043 3738 3537 3809 ἁμαρτανομένοις,
3577 3738 3669 3793 διὰ
3702 3738 3760 3791 τὸ
3789 3737 3862 3790 δο-

604 3831 888 3887 modestus
916 3830 1149 3885 videaris
1180 3843 1302 3884 esse
1328 3845 1343 3882 :
1378 3843 1556 3898 neque
1591 3828 1737 3882 enim
1768 3827 2049 3882 modestiae
2081 3842 2186 3888 est,

2291 3832 2409 3882 κεῖν
2437 3825 2575 3883 εἶναι
2601 3828 2766 3881 καλόν
2788 3844 2804 3860 ’
2843 3828 2963 3882 οὐδὲ
3006 3827 3115 3899 γὰρ
3148 3828 3313 3882 καλὸν
3344 3831 3438 3882 ἐπὶ
3479 3830 3562 3902 τῷ
3598 3829 3866 3902 συνεργεῖν

609 3923 663 3978 in
709 3923 874 3977 rebus
915 3921 1263 3992 potissimum
1323 3918 1677 3983 necessariis,
1725 3918 2063 3989 improbitati
2097 3928 2192 3973 aut

2293 3921 2483 3991 κακίᾳ,
2513 3921 2608 3975 καὶ
2661 3918 2926 3992 ῥᾳθυμίᾳ,
2963 3920 3197 3990 μάλιστα
3231 3921 3464 3975 ἐπὶτῶν
3502 3922 3733 3992 καιρῶν,
3781 3920 3861 3974 καὶ

609 4013 866 4084 nequitia:
906 4011 1111 4082 aliquid
1148 4011 1469 4076 concedere,
1528 4025 1706 4080 neque
1757 4021 1948 4066 contra
1990 4009 2057 4065 ad
2104 4026 2193 4064 se-

2295 4012 2612 4081 ἀναγκαίων
2661 4013 3007 4083 πραγμάτων
3031 4031 3044 4045 ·
3085 4013 3224 4083 μηδὲ
3258 4014 3420 4068 πάλιν
3443 4015 3512 4067 δι’
3530 4014 3753 4082 ἔνδειξιν
3777 4013 3863 4066 αύ-

609 4107 860 4162 veritatis
903 4105 1326 4160 ostentationem
1370 4103 1661 4159 temerarie
1688 4111 1745 4158 et
1793 4103 1995 4158 indicta
2027 4117 2194 4158 causa

2298 4103 2528 4174 στηρίας
2550 4103 2839 4173 προπετῶς
2875 4104 2970 4158 καὶ
3000 4103 3331 4174 άδιακρίτως
3361 4104 3461 4169 τὰς
3507 4104 3860 4171 ὲπεξελεύσιις

613 4198 943 4270 supplicium
983 4197 1052 4252 de
1082 4196 1508 4273 aliquosumere
1538 4213 1553 4250 :
1586 4192 1722 4250 illud
1769 4194 1915 4250 enim
1951 4201 2196 4248 eontem-

2298 4197 2452 4250 ποιοῦ
2479 4213 2494 4228 ο
2527 4199 2704 4250 ἐκεῖνο
2742 4197 2844 4264 μὲν
2895 4197 3006 4269 γὰρ
3045 4197 3438 4269 περιφρόνησιν
3468 4200 3564 4252 καὶ
3602 4198 3861 4254 ἀπείθειαν

613 4302 768 4363 ptum
803 4299 967 4362 atque
997 4288 1401 4346 contumaciam
1437 4289 1601 4359 parit,
1636 4289 1740 4342 hoc
1773 4295 1958 4340 autem
1983 4285 2196 4355 justum

2301 4289 2496 4360 φέρει,
2544 4288 2702 4343 τοῦτο
2733 4289 2790 4342 δὲ
2842 4292 2997 4360 μῖσος
3030 4289 3273 4360 εῠλογον,
3307 4292 3403 4345 καὶ
3448 4293 3574 4354 τοὺς
3614 4293 3670 4360 ἐξ
3718 4285 3859 4346 αὐτοῦ

615 4383 804 4440 odium
830 4391 885 4438 et
918 4381 1134 4437 fructus
1165 4396 1232 4436 eo
1261 4381 1477 4450 dignos.
1506 4378 1755 4457 Per-bona
1788 4389 1969 4432 autem
2003 4393 2092 4432 res
2115 4387 2198 4432 est

2301 4383 2568 4455 καρπούς.
2617 4384 2880 4455 Κρεῖττον
2908 4383 3018 4454 γὰρ
3063 4385 3091 4436 ὁ
3139 4385 3278 4454 μετά
3319 4385 3667 4454 δικαιοσύνης
3701 4383 3858 4452 φόῦος.

618 4478 785 4532 timor
842 4490 967 4530 cum
1017 4473 1232 4543 iustitia
1275 4481 1373 4527 :et
1435 4481 1559 4541 post
1600 4471 1807 4524 crimen
1863 4469 2199 4538 propositum

2247 4492 2278 4548 ο
2307 4477 2454 4546 καὶὴ
2483 4475 2620 4545 μετὰ
2641 4475 2949 4547 φανέρωσιν
2968 4477 3065 4547 τῆς
3086 4477 3266 4541 αἰτίας
3284 4477 3505 4546 εὖ).ογος
3526 4477 3857 4544 ὲπεξέλευσις,

614 4574 761 4644 justa
795 4570 1224 4636 animadversio,
1261 4585 1385 4639 quae
1415 4583 1523 4622 non
1571 4565 1924 4638 supplicium,
1960 4565 2056 4621 sed
2109 4582 2200 4621 ca-

2302 4568 2336 4637 ἥ
2368 4585 2450 4628 τις
2477 4566 2538 4620 ού
2563 4565 2803 4632 κόλασις,
2831 4567 2967 4623 ἀλλά
2997 4569 3376 4640 σωφρονισμὺς
3396 4567 3718 4637 εύςρρονοῦσι
3741 4563 3860 4632 λογί-

621 4664 840 4732 stigatio
868 4663 1118 4733 quaedam
1148 4677 1178 4715 a
1207 4659 1546 4731 sapientibus
1577 4658 1911 4713 nominatur.
2103 4687 2111 4695 -
2305 4658 2476 4725 ζεται.

695 4757 786 4812 48.
821 4757 881 4810 1n
928 4755 1124 4826 primis
1171 4755 1237 4809 ad
1279 4754 1479 4808 bellum
1529 4761 1795 4815 armatus,
1851 4752 1956 4808 hoc
2000 4752 2202 4822 cogita,

2383 4750 2643 4825 μη’.’Πρδ
2681 4754 2899 4808 πάντων
2927 4754 2984 4808 δὲ
3042 4755 3135 4808 ἐπὶ
3180 4754 3455 4825 πολέμους
3507 4753 3858 4825 ὁπλιζόμενος.

622 4853 827 4908 bellum
852 4863 975 4905 esse
997 4851 1207 4918 justum
1233 4847 1378 4917 quod
1423 4844 1754 4914 susceperis,
1804 4857 1905 4897 nec
1940 4842 2206 4899 violentas

2307 4844 2623 4900 άποσκόπου
2654 4845 2871 4900 δικαίαν
2895 4840 3154 4917 εἶναιτὴν
3184 4846 3358 4917 ἀρχὴν
3390 4846 3484 4900 τοῦ
3523 4845 3763 4901 τοιούτου
3791 4860 3863 4896 πο-

624 4953 721 4998 aut
775 4942 1012 5011 injustas
1056 4954 1252 4995 manus
1294 4937 1546 4993 hostibus
1594 4936 1809 5010 aii‘eras,
1846 4937 1953 4993 nisi
1997 4937 2207 5007 priores

2308 4939 2500 5009 )ἐμου,
2532 4940 2628 4992 καὶ
2676 4937 2752 5008 μὴ
2793 4941 2982 5010 χεῖρας
3029 4939 3249 5004 ἀδίκους
3282 4940 3540 4993 ἐπίϐαλλε
3586 4958 3717 4994 ποτε
3752 4935 3863 4991 κατὰ

576 5061 579 5063 ·
624 5038 706 5094 illi
737 5047 960 5107 propter
985 5041 1303 5090 consuetam
1352 5029 1571 5084 illorum
1619 5030 1951 5099 impietatem
1987 5030 2180 5101 expedi

2312 5030 2608 5100 πολεμίων,
2659 5031 2708 5084 εί
2741 5030 2816 5101 μὴ
2846 5031 3112 5102 πρότερον
3152 5033 3350 5086 ἐκεῖνοι
3379 5033 3466 5086 διὰ
3504 5033 3602 5104 τῆς
3632 5033 3867 5103 συνήθους

629 5132 835 5186 tionem
867 5127 1153 5193 facientes,
1185 5131 1431 5181 nostram
1465 5121 1727 5177 ditionem
1756 5120 2041 5176 invadant.
2146 5160 2150 5165 »

2313 5125 2496 5178 αὐτῶν
2523 5123 2774 5187 ἀσεϐείας
2808 5122 3197 5195 ἐκστρατεύειν
3219 5123 3600 5197 ἀπαρξάμενοι
3629 5125 3732 5197 τὴν
3758 5127 3868 5196 ἡρε-

628 5215 632 5218 ’
1601 5259 1608 5266 .
2313 5219 2478 5290 τέραν
2501 5215 2683 5287 χώραν
2717 5215 3162 5287 καταδράμωσιν.

702 5315 794 5371 49.
827 5311 964 5367 Nam
1029 5298 1155 5366 eum
1218 5303 1346 5364 nos'
1379 5321 1595 5376 semper
1651 5320 1864 5376 pacem,
1921 5315 2036 5360 tum
2084 5321 2212 5377 erga

2360 5308 2497 5380 ’μθο⁸
2543 5308 2731 5378 Ἦμῶν
2772 5309 2880 5379 γὰρ
2933 5308 3022 5362 ἀεὶ
3057 5309 3158 5378 τὴν
3203 5308 3429 5378 εἰρήνην
3480 5309 3574 5364 καὶ
3605 5309 3743 5379 πρδς
3772 5308 3869 5369 τοὺς

634 5408 934 5478 subjectos,
981 5413 1096 5460 tum
1153 5418 1283 5472 erga
1334 5409 1616 5467 externos,
1665 5409 1886 5471 propter
1930 5399 2214 5456 Christum

2319 5399 2595 5470 ὑπηκόους
2624 5399 2719 5453 καὶ
2756 5399 2894 5468 πρὸς
2922 5399 3050 5461 τοὺς
3097 5399 3405 5471 βαρϐάρους
3443 5401 3529 5454 διὰ
3550 5401 3783 5470 Χριστὸν
3803 5398 3872 5450 τὸν

635 5499 1007 5561 universitatis
1022 5499 1221 5567 Regem
1237 5503 1292 5551 et
1310 5493 1480 5550 Deum
1499 5493 1949 5564 complectamur,
1971 5494 2015 5551 si
2031 5502 2220 5565 gentes

2305 5493 2444 5557 ,καθ’
2468 5493 2591 5546 ὅλου
2622 5491 2857 5546 Βασιλέα
2885 5493 2982 5545 καὶ
3031 5492 3166 5546 Θεὸν
3216 5493 3640 5556 ἀσπαζομένων,
3687 5494 3780 5546 ἐὰν
3801 5489 3871 5544 καὶ

637 5603 756 5661 suis
784 5599 1011 5656 inclusas
1039 5595 1242 5651 ﬁnibus
1273 5601 1544 5649 contentae
1567 5589 1695 5656 sint,
1729 5591 2046 5661 nullamque
2073 5592 2220 5662 inju-

2321 5587 2390 5641 τὰ
2427 5585 2554 5655 ἐθνη
2579 5585 2738 5638 τοῦτο
2762 5584 2975 5655 φιλοῦσι
3005 5587 3120 5648 τοῖς
3165 5586 3315 5648 ἰδίοις
3345 5587 3705 5655 ὲγκλειόμενα
3733 5587 3873 5658 ὅροις.

642 5698 781 5753 riam
815 5691 1019 5749 inferre
1047 5691 1327 5755 studeant,
1354 5695 1466 5741 tum
1501 5693 1560 5739 tu
1589 5699 1787 5747 manus
1808 5686 1891 5740 ‘ab
1917 5685 2027 5742 illis
2055 5687 2220 5742 absti-

2325 5678 2419 5732 καὶ
2437 5677 2602 5748 μηδὲν
2621 5675 2828 5729 ἀδικεῖν
2853 5674 3318 5745 ἐπαγγελλόμενα,
3344 5674 3440 5728 καὶ
3472 5673 3637 5737 αὐτὸς
3673 5675 3739 5727 σὺ
3766 5669 3873 5726 κατὰ

645 5802 801 5852 neas,
831 5798 1005 5856 neque
1035 5781 1304 5853 sanguine
1342 5775 1602 5834 intestino
1629 5783 1724 5830 aut
1759 5785 1988 5833 externo
2015 5789 2218 5835 terram

2328 5772 2509 5830 αὐτῶν
2553 5773 2650 5835 τὰς
2697 5773 2886 5844 χεῖρας
2931 5770 3230 5834 σύστειλον,
3265 5772 3358 5823 καὶ
3407 5771 3605 5839 αἵμασι
3662 5770 3760 5839 τὴν
3802 5766 3873 5833 fit

647 5880 860 5955 polluas
895 5896 908 5934 :
945 5893 1065 5948 qme
1092 5876 1234 5933 enim
1266 5884 1322 5929 tu
1361 5870 1466 5926 illis
1488 5869 1925 5940 exprobraveris,
1954 5872 2097 5943 quod
2131 5871 2222 5928 ho-

2335 5873 2471 5952 μήτε
2519 5865 2803 5940 ἐμφυλίοις
2846 5866 2980 5938 μήτε
3030 5864 3380 5939 βαρϐαρικοῖς
3426 5861 3789 5936 καταχραίνῃ.
3829 5859 3876 5910 ἰι
