4078 6306
290 435 405 507 693

1389 425 2317 496 TACTICA.—CONSTITUTIO
2358 433 2476 496 III.

3469 416 3577 488 694

289 557 407 630 γὰρ
445 549 763 625 ἐγκαλέσεις
791 554 903 615 τοῖς
933 550 1147 623 ἐχθροῖς
1171 536 1356 624 ’ἤγουν
1388 547 1734 621 ἀπάρχεσθαι
1765 564 1881 618 χει-

2001 547 2240 604 minibus
2271 547 2656 604 innocentibus
2685 555 2739 602 et
2763 547 2970 602 nullam
3002 543 3261 614 injuriam
3289 543 3576 598 inferenti-

291 648 406 722 ρῶν
433 647 618 703 ἄδικον
651 646 806 700 οὑδέν
834 644 940 698 ὑπὸ
986 642 1082 697 σοῦ
1128 641 1544 713 ἀδικουμένους,
1575 639 1744 694 ταῦτα
1771 638 1882 711 ἄρα

287 741 387 796 καὶ
405 741 558 795 αὑτοὶ
583 739 752 812 μηδὲν
779 736 1023 792 ἐναντίον
1052 736 1287 810 δρῶντες
1319 734 1464 789 κατά
1490 734 1599 788 τῶν
1624 732 1882 804 ὑπηκόων

286 832 395 903 τῆς
422 831 597 904 ἡμῶν
641 829 922 901 βασιλείας
969 826 1340 900 εἰρηνεύοντες
1381 826 1760 895 ἐγκαλέσουσι.
1790 822 1884 875 Δεῖ

288 925 400 998 γὰρ
428 925 578 997 ἡμᾶς
604 923 693 978 ἀεὶ
719 923 847 987 τοὺς
869 924 917 976 εἰ
947 921 1171 976 δυνατὸν
1197 921 1258 974 τὸ
1293 920 1354 985 ἐξ
1381 919 1540 990 ἡμῶν
1581 917 1720 989 μετὰ
1743 916 1884 974 πάν-

289 1036 404 1074 των
430 1017 735 1090 ἀνθρώπων
782 1015 1186 1090 εἰρηνεύοντας,
1216 1017 1330 1078 τοῖς
1354 1013 1659 1085 εἰρηνεύειν
1692 1011 1884 1082 βουλο-

295 1114 480 1185 μένοις
523 1113 725 1175 ἒθνεσι,
774 1112 871 1165 καὶ
919 1110 1087 1182 μηδὲν
1131 1110 1333 1164 ἀδικεῖν
1369 1109 1495 1171 τοὺς
1539 1106 1883 1177 ὑποχειρίους

293 1204 477 1277 ἡμῶν,
533 1203 610 1270 ὡς
658 1204 758 1275 τὴν
825 1204 1054 1274 εἰρήνην
1099 1201 1209 1254 τῶν
1265 1200 1444 1256 ἀλλων
1499 1198 1885 1271 προτιμῶντας

296 1299 575 1364 ἁπάντων,
613 1295 1015 1367 συνειρηνεύειν
1071 1294 1301 1358 ἐκείνοις
1324 1333 1340 1360 ,
1378 1293 1474 1347 καὶ
1503 1292 1756 1363 πολέμων
1780 1292 1886 1344 άπ-

295 1389 539 1463 ἐχεσθαι.

365 1490 430 1538 ν’.
473 1483 534 1537 Εἰ
570 1482 629 1536 δέ
656 1498 722 1551 γε
766 1483 842 1554 μὴ
889 1479 1163 1552 σωφρονεῖ
1197 1478 1259 1533 τὸ
1287 1477 1606 1543 ἀντίπαλον,
1637 1474 1752 1528 ἀλλ’
1786 1472 1887 1527 αὑ·

295 1575 380 1630 τοὶ
406 1576 504 1647 τῆς
532 1575 751 1638 ἀδικίας
796 1571 1155 1644 ἀπάρξονται,
1181 1570 1280 1644 τὴν
1307 1570 1584 1642 ἡμετέραν
1615 1564 1887 1636 κατατρέ-

296 1685 484 1742 χοντες
513 1669 638 1738 γῆν,
669 1667 790 1722 τότε
836 1667 946 1738 ἄρα
993 1653 1223 1729 δικαίως
1276 1664 1457 1728 αἰτίας
1489 1659 1884 1734 προκειμένης,

297 1761 374 1828 ὡς
400 1761 498 1816 καὶ
526 1759 713 1815 ἀδίκου
747 1759 989 1831 πολέμου
1018 1757 1171 1830 παρά
1199 1756 1309 1810 τῶν
1337 1756 1618 1820 ἐναντίων,
1648 1753 1890 1823 ἀπαρχὸο

300 1852 466 1925 μένου
495 1848 812 1923 θαρσαλέως
836 1849 930 1903 καὶ
968 1849 1066 1902 σὺν
1095 1845 1377 1918 προθυμίᾳ
1407 1843 1502 1898 τοῦ
1539 1842 1681 1897 κατά
1708 1841 1889 1895 αὑτῶν

297 1919 535 2017 ἐγχείρει
568 1919 845 2014 πολέμου,
885 1938 961 2002 ὼς
995 1938 1220 1990 ἐκείνων
1250 1936 1350 2000 τὰς
1394 1935 1568 1997 αἰτίας
1603 1948 1887 2004 παρασχο-
1921 1919 1963 1976 Β

300 2039 497 2111 μένων,
535 2035 633 2091 καὶ
692 2033 911 2095 ἀδίκους
958 2033 1146 2102 χεῖρας
1204 2029 1346 2082 κατά
1395 2027 1507 2081 τῶν
1557 2024 1889 2095 ὑποχειρίων

297 2131 457 2203 ἡμῶν
504 2127 819 2202 ἀραμένων,
861 2126 956 2180 καὶ
990 2123 1184 2196 θάρρει
1234 2122 1358 2175 τότε
1407 2122 1483 2184 ὼς
1528 2120 1623 2173 καὶ
1658 2121 1750 2171 τὸν
1790 2117 1891 2185 τῆς

296 2223 641 2294 δικαιοσύνης
682 2222 816 2276 Θεὸν
845 2219 986 2284 ἕξεις
1021 2217 1235 2289 βοηθὸν,
1283 2215 1528 2278 καὶτοὺς
1552 2212 1693 2284 ὑπὲρ
1732 2209 1890 2264 ἀδελο

300 2321 416 2393 φῶν
462 2319 854 2390 ἀναδεχόμενος
906 2317 1124 2384 ἀγῶνας
1173 2312 1520 2383 πανστρατιᾷ
1558 2310 1658 2381 τὴν
1733 2308 1892 2378 νίκην

299 2416 460 2482 ἕξεις.
492 2413 593 2466 Διά
647 2409 803 2466 τοῦτο
834 2406 928 2463 οὖν
959 2405 1384 2481 προτρεπόμεθα
1423 2405 1524 2476 τὴν
1559 2403 1657 2474 σὴν
1687 2400 1893 2463 ἐνδοξό-

300 2525 441 2582 τητα
473 2507 562 2561 διὰ
602 2503 820 2559 πάντων
873 2503 1210 2557 ἀποσκοπεῖν
1245 2497 1460 2562 δικαίας
1489 2495 1763 2550 ποιεῖσθαι
1793 2492 1895 2557 τὰς

303 2599 478 2674 ἀρχὰς
530 2596 624 2652 τοῦ
665 2596 925 2665 πολέμου,
986 2595 1079 2649 καὶ
1124 2592 1248 2647 τότε
1297 2591 1397 2656 τὰς
1433 2592 1622 2661 χεῖρας
1651 2585 1897 2650 ὁπλίζειν

302 2695 445 2750 κατὰ
475 2691 586 2746 τῶν
622 2689 974 2745 ἀδικούντων.

374 2794 477 2842 vat’.
510 2784 615 2841 Διά
648 2784 870 2838 πάντων
906 2779 1079 2836 δὲκαὶ
1117 2781 1176 2834 ἐν
1206 2779 1382 2834 ἀπασι
1417 2777 1703 2848 κρείττονα
1735 2790 1897 2828 σεαυ-

302 2880 395 2936 τὸν
427 2879 537 2934 τῶν
569 2876 900 2950 ὑποχειρίων
929 2873 1205 2941 ἀναδεῖξαι
1237 2871 1582 2942 διαγωνίξου,
1627 2870 1722 2924 καὶ
1758 2867 1900 2923 κατὰ

307 2973 605 3046 ἐξαίρετον,
639 2971 718 3034 εἰς
747 2985 808 3023 τε
831 2967 931 3039 τὴν
961 2968 1041 3031 εἰς
1067 2966 1203 3020 Θεὸν
1247 2965 1455 3030 πίστιν,
1494 2965 1589 3017 καῖ
1613 2963 1714 3033 τὴν
1741 2960 1897 3015 εὐσέ-

307 3062 480 3130 ϐειαν,
511 3062 727 3126 καὶτὰς
764 3061 962 3124 λοιπὰς
1003 3058 1223 3131 ἀρετάς.
1258 3058 1384 3121 Τοῖς
1415 3056 1524 3129 γὰρ
1567 3055 1674 3110 τῶν
1704 3053 1902 3126 ἀρχόν-

305 3171 412 3215 των
440 3159 750 3230 φρονήμασι
778 3153 922 3224 φιλεῖ
952 3170 1070 3216 πως
1105 3150 1536 3205 συνδιατίθεσθαι
1570 3147 1631 3202 τὸ
1665 3147 1904 3218 ἀρχόμε-

308 3269 420 3320 νον,
457 3250 533 3315 ὡς
590 3249 658 3304 ἂν
695 3246 839 3300 κατὰ
880 3246 979 3314 τὴν
1003 3242 1308 3315 παροιμίαν
1337 3241 1416 3314 μὴ
1457 3241 1645 3312 ἔλαφοι
1673 3239 1902 3294 λεόντων

307 3345 570 3417 ἄρχωσιν,
601 3341 739 3397 ἀλλά
756 3339 975 3403 λέοντες
1002 3336 1243 3406 ἐλάφων.

378 3434 477 3508 νβ’.
513 3435 621 3489 Καὶ
650 3431 824 3486 ταῦτα
872 3431 971 3501 μέν
1003 3446 1110 3495 τοι,
1142 3422 1187 3482 ὧ
1216 3427 1512 3499 στρατηγέ,
1551 3427 1627 3490 ὡς
1678 3427 1738 3479 ἐν
1772 3443 1909 3502 συν-ε

310 3525 432 3602 ὄψει
460 3529 561 3600 τῆς
591 3524 879 3600 βασιλικῆς
918 3521 1077 3594 ἡμῶν
1115 3521 1412 3586 διατάξεως
1439 3519 1902 3591 παραγγέλματα,

312 3625 457 3695 ἅπερ
508 3623 569 3675 τὸ
601 3621 699 3691 τῆς
730 3616 1024 3686 συντομίας
1072 3613 1332 3686 χρειῶδες
1377 3613 1472 3666 ἐπὶ
1506 3613 1750 3675 πλείονος
1804 3611 1906 3664 οὑκ

311 3719 376 3787 ἐᾷ
407 3710 884 3786 παρεκτείνεσθαι.
909 3709 1132 3776 Ἔξεστι
1157 3706 1214 3761 δέ
1242 3723 1324 3760 σοι
1345 3707 1466 3774 ταῖς
1492 3722 1550 3758 τε
1587 3704 1717 3775 παρ’
1747 3701 1906 3774 ἡμῶν

317 3808 424 3879 ἰδίᾳ
457 3803 798 3866 ἐκτεθείσαις
833 3799 1082 3872 γνώμαις
1123 3799 1184 3852 ἐν
1226 3796 1402 3868 τούτῳ
1434 3795 1511 3867 τῷ
1540 3796 1903 3864 συντάγματι,

315 3901 411 3955 καὶ
443 3896 670 3968 προσέτι
705 3897 825 3959 ταῖς
851 3893 994 3948 κατὰ
1026 3890 1228 3952 πλάτος
1255 3887 1744 3960 συνηθροισμέναις
1775 3887 1906 3957 ἡμῖν

315 3997 374 4050 ἐν
407 3997 474 4064 τῇ
500 3992 833 4063 παραλλήλῳ
873 3988 984 4043 τῶν
1011 3986 1289 4041 τακτικῶν
1316 3981 1620 4054 μονοῦἰδλῳ
1652 3980 1763 4051 (l7)
1807 3980 1907 4052 τὴν

317 4087 529 4140 ἐκεῖθεν
553 4086 665 4140 τῶν
697 4082 1048 4156 ζητουμένων
1083 4078 1311 4134 πλείονα
1357 4076 1453 4129 καὶ
1499 4073 1776 4148 ἀρκοῦσαν
1810 4089 1910 4127 πο-

322 4180 576 4254 ρίσασθαι
599 4179 892 4250 ὠφέλειαν.

389 4279 488 4342 νγ’.
525 4272 744 4325 Τούτων
791 4268 884 4322 οὑν
937 4268 1196 4339 ἐχόμενος
1247 4265 1454 4332 αὔξειν,
1484 4263 1580 4317 καὶ
1616 4253 1911 4342 προστιθέ-

321 4383 411 4421 ναι
442 4365 554 4428 τοῖς
581 4364 805 4433 ἀγαθοῖς
837 4361 1019 4432 ἔργοις
1069 4359 1476 4432 προθυμήθητι,
1509 4355 1586 4418 ὡς
1610 4355 1676 4408 ἂν
1711 4352 1910 4406 πολλα-

321 4458 638 4523 πλασιάζων
674 4460 742 4528 τῇ
792 4454 1056 4526 σπουδαίᾳ
1091 4471 1184 4506 σου
1219 4451 1415 4525 γνώμῃ
1443 4449 1515 4502 τὰ
1552 4446 1909 4515 κελευόμενα,

323 4553 514 4623 πρῶτα
543 4551 645 4621 μὲν
673 4547 802 4602 Θεὸν
825 4549 951 4620 ἐξῃς
975 4547 1267 4615 ἐπαινέτην
1287 4544 1396 4597 τῶν
1422 4540 1696 4613 πράξεων,
1721 4537 1913 4590 ἔπειτα

1987 643 2094 697 bus
2117 655 2316 696 manus
2349 639 2656 706 attulerint,
2693 639 2883 694 eadem
2927 638 3017 692 illa
3052 637 3176 708 ipsi,
3230 635 3274 690 si
3304 634 3444 689 nihil
3474 634 3576 688 ad-

1982 749 2204 790 versum
2241 733 2396 802 regni
2433 733 2608 786 nostri
2638 733 2916 802 subjectos
2947 729 3242 802 patrarint,
3273 725 3368 783 sed
3399 725 3579 796 pacati

1985 828 2213 891 fuerint,
2268 827 2365 882 tibi
2415 825 2675 881 inferenti
2724 825 2928 880 bellum
2969 820 3414 893 exprobrabunt.
3472 817 3581 871 Par

1983 935 2070 979 est
2090 922 2235 976 enim
2259 935 2380 984 nos,
2411 919 2502 989 qui
2553 933 2679 971 cum
2714 917 2973 972 omnibus
3018 913 3360 976 hominibus,
3401 925 3580 981 quan-

1985 1023 2104 1070 tum
2136 1014 2191 1067 itt
2213 1012 2375 1067 nobis
2406 1021 2512 1077 est,
2541 1025 2729 1080 pacem
2756 1009 3012 1072 facimus,
3048 1023 3172 1062 cunt
3207 1005 3275 1062 iis
3308 1004 3400 1075 qui
3429 1014 3580 1057 tran-

1984 1107 2142 1180 quilli
2179 1120 2303 1162 esse
2344 1103 2554 1168 volunt,
2605 1111 2660 1157 et
2709 1103 2916 1157 nullam
2969 1100 3228 1170 injuriam
3283 1097 3441 1152 nobis
3482 1109 3582 1151 nec

1985 1199 2256 1272 subjectis
2287 1196 2498 1253 nostris
2527 1194 2733 1251 inferre
2767 1206 3038 1251 conantur
3074 1193 3224 1262 (quia
3253 1205 3444 1260 pacein
3471 1203 3581 1241 cae-

1991 1290 2128 1349 teris
2170 1289 2336 1344 rebus
2385 1286 2645 1341 omnibus
2686 1285 3122 1356 anteponimus),
3151 1296 3339 1354 pacem
3372 1277 3580 1333 consti-

1988 1395 2162 1445 tuere,
2190 1390 2245 1435 et
2266 1395 2296 1434 a
2326 1378 2470 1434 bello
2499 1379 2805 1434 abstinere.

2057 1477 2148 1533 50.
2185 1473 2283 1528 Sin
2315 1471 2632 1527 immodesti
2665 1471 2854 1525 hostes
2885 1476 2940 1524 et
2966 1467 3297 1538 injuriarum
3329 1472 3580 1519 auctores

1987 1571 2213 1636 fuerint,
2245 1579 2491 1625 nostram
2541 1565 2867 1640 populantes
2915 1572 3140 1624 terrain,
3179 1570 3293 1613 tum
3344 1557 3580 1625 cumju-

1988 1677 2070 1725 sta
2094 1663 2421 1720 defendendi
2450 1675 2620 1717 causa
2648 1660 2806 1716 nobis
2836 1655 3181 1729 proponitur,
3231 1664 3284 1709 et
3314 1651 3579 1723 injustum

1987 1760 2186 1816 bellum
2221 1759 2290 1813 ab
2314 1755 2651 1812 adversariis
2686 1754 2942 1816 infertur,
2981 1748 3322 1805 confidenter
3359 1755 3414 1798 et
3459 1745 3581 1798 ani-

1990 1860 2146 1903 mose
2191 1846 2412 1916 suscipe
2463 1845 2668 1899 bellum
2718 1851 2911 1898 contra
2958 1856 3056 1896 eos
3108 1838 3273 1908 hujus
3297 1836 3583 1906 injustitia:

1995 1949 2272 2006 auctores,
2300 1950 2355 1992 et
2381 1937 2650 1992 violentas
2692 1949 2890 1991 manus
2923 1931 3186 1999 subjectis
3215 1930 3416 1985 nostris
3456 1925 3584 1981 affe-

1993 2045 2182 2090 rentes
2214 2051 2230 2088 :
2264 2034 2468 2086 bonum
2521 2037 2638 2084 tum
2676 2029 2815 2084 habe
2861 2027 3130 2091 animum,
3169 2032 3223 2078 et
3275 2023 3580 2091 adjutorctn

1994 2127 2208 2195 justum
2238 2121 2466 2176 habebis
2491 2119 2682 2183 Deum,
2712 2129 2765 2172 et
2787 2133 2884 2188 pro
2917 2115 3183 2171 fratribus
3211 2114 3326 2168 tuis
3346 2111 3585 2182 pericula

1995 2216 2224 2272 subiens
2260 2216 2490 2271 omnino
2519 2212 2860 2283 splendidam
2877 2209 3164 2264 victoriam
3201 2205 3447 2260 habebis.
3478 2203 3586 2257 Ita-

1993 2325 2100 2380 que
2130 2309 2236 2364 hoc
2262 2308 2582 2380 dignitatem
2631 2313 2777 2358 tuam
2825 2300 3234 2372 imperatoriam
3279 2311 3585 2368 precamur,

1993 2411 2056 2456 ut
2081 2401 2369 2476 diligenter
2398 2398 2716 2453 consideres
2752 2410 2974 2450 causam
3014 2393 3164 2456 belli,
3198 2401 3251 2445 et
3298 2405 3363 2445 ex
3407 2389 3579 2458 justis

1995 2493 2170 2549 initiis
2199 2491 2398 2546 bellum
2446 2500 2692 2552 moveto,
2719 2497 2772 2542 et
2810 2495 2998 2542 contra
3049 2482 3289 2540 nefarios
3338 2481 3590 2538 homines

1995 2580 2168 2637 aciein
2201 2588 2351 2633 tuan)
2387 2589 2546 2649 teque
2577 2584 2816 2630 armato.

2068 2762 2158 2822 5i.
2198 2763 2436 2819 Omnino
2470 2760 2634 2833 igitur
2656 2757 2712 2815 in
2741 2757 3001 2814 omnibus
3044 2756 3281 2829 teipsum
3314 2754 3584 2826 subjectis

2000 2861 2110 2916 tuis
2169 2857 2452 2913 meliorem
2502 2853 2886 2910 demonstrare
2921 2851 3256 2914 contendas,
3296 2857 3352 2902 et
3394 2845 3502 2902 ﬁde
3531 2844 3590 2902 in

1999 2951 2194 3015 Deum,
2224 2948 2427 3019 pietate
2465 2960 2530 3000 ac
2560 2941 2787 3013 reliquis
2821 2940 3117 2996 virtutibus
3138 2939 3423 2995 eximium.
3456 2935 3582 2992 Nan:

1999 3044 2067 3100 ad
2113 3044 2424 3114 principum
2473 3039 2716 3093 virorum
2748 3034 3106 3106 cogitationes
3141 3033 3275 3088 solet
3313 3047 3372 3088 se
3413 3029 3594 3097 subje—

2001 3145 2214 3191 ctorutn
2267 3131 2565 3189 multitudo
2619 3127 3064 3194 accommodare,
3123 3137 3206 3191 ut,
3242 3125 3398 3195 juxta
3439 3132 3595 3178 vetus

2008 3228 2384 3300 proverbium,
2419 3241 2530 3282 non
2559 3223 2707 3281 cervi
2740 3221 2994 3278 leonibus
3015 3220 3308 3291 imperent,
3360 3217 3454 3273 sed
3485 3216 3598 3271 leo-

2009 3340 2106 3379 nes
2131 3323 2330 3379 cervis.

2074 3416 2166 3471 52.
2200 3415 2328 3471 Haec
2357 3414 2478 3480 tibi,
2514 3416 2832 3487 imperator,
2856 3412 3048 3486 paucis
3083 3423 3192 3463 uno
3233 3405 3338 3462 sub
3374 3413 3596 3476 aspectu

2005 3509 2142 3579 regii
2194 3508 2369 3563 nostri
2419 3509 2659 3563 inStituti
2711 3515 2980 3579 praecepta
3029 3501 3431 3560 conclusimus,
3475 3511 3599 3567 quae

2007 3600 2123 3654 haec
2156 3609 2346 3654 nostra
2394 3598 2679 3655 brevitatis
2710 3598 2994 3652 institutio
3021 3593 3208 3648 fusius
3241 3588 3462 3644 dilatari
3487 3601 3596 3640 non

2005 3695 2230 3765 patitur.
2282 3693 2492 3748 Licebit
2542 3706 2720 3746 autem
2767 3688 3066 3761 inquirenti
3123 3686 3215 3742 tibi
3259 3700 3327 3739 ex
3371 3682 3440 3738 iis
3478 3693 3602 3752 qua:

2009 3788 2111 3842 hoc
2143 3796 2330 3841 nostro
2368 3786 2510 3840 libro
2555 3785 2816 3841 clausulis
2861 3789 3192 3846 tractantur,
3242 3787 3295 3833 et
3335 3784 3601 3847 praeterea

2007 3896 2073 3934 ex
2109 3878 2177 3934 iis
2199 3894 2322 3948 quae
2351 3877 2548 3933 diffuse
2574 3893 2604 3932 a
2630 3877 2791 3932 nobis
2818 3875 2874 3930 in
2914 3875 3054 3929 libro
3081 3872 3172 3942 qui
3207 3871 3274 3925 de
3317 3878 3600 3937 compara—

2009 3973 2158 4028 tione
2191 3971 2459 4026 faetorum
2485 3970 2808 4026 militarium
2835 3969 2976 4022 inter
3030 3982 3089 4022 se
3118 3964 3465 4032 conscriptus
3495 3967 3599 4025 est,

2009 4066 2276 4136 majorem
2299 4073 2355 4120 et
2387 4063 2694 4120 uberiorem
2726 4062 3018 4116 utilitatem
3046 4057 3348 4129 percipere.

2085 4254 2176 4308 55.
2208 4251 2263 4306 In
2297 4268 2396 4306 uas
2425 4264 2514 4306 res
2553 4247 2844 4316 diligenter
2877 4241 3156 4306 incumbe,
3180 4249 3235 4295 et
3269 4251 3473 4292 conare
3497 4235 3600 4289 ista

2015 4345 2372 4416 amplificare.
2413 4352 2468 4398 et
2512 4341 2579 4397 ad
2643 4355 2733 4395 res
2778 4346 2962 4409 gestas
3012 4345 3133 4389 tuas
3177 4331 3495 4402 adjungere.
3546 4335 3607 4380 ut

2015 4455 2140 4494 cum
2178 4437 2348 4493 animi
2381 4433 2814 4506 promptitudine
2847 4430 3242 4502 praeceptorum
3270 4421 3604 4495 magnitudi-

2017 4547 2137 4586 nem
2158 4529 2526 4600 superaveris,
2547 4527 2782 4597 pritnutn
2806 4524 2973 4579 Deum
2992 4521 3260 4593 optimum
3283 4517 3605 4579 maximum,

323 4615 379 4699 δέ
409 4645 503 4699 καὶ
534 4615 594 4696 τὸ
645 4615 921 4711 ἡμέτερον
951 4641 1172 4711 κράτος,
1203 4635 1343 4707 γέρα
1364 4635 1474 4688 τῶν
1488 4634 1684 4686 ’πόνων
1713 4628 1899 4694 ἐπάξια

2020 4623 2218 4679 deinde
2253 4622 2522 4691 tneipsutn
2561 4633 2784 4689 quoque
2835 4616 3176 4670 laudatorem
3217 4626 3398 4666 rerum
3429 4615 3608 4678 gesta-

327 4739 373 4792 δ’
400 4737 603 4809 ἀμφοῖν
630 4731 1010 4804 κομιζόμενος.

835 4902 1147 4958 ΔΙΑΤΑΞΙΣ
1174 4901 1228 4954 Γν
1261 4898 1396 4972 (te).

548 4999 690 5069 Περί
718 4996 826 5052 τοῦ
854 4995 980 5062 πῶς
1003 4995 1119 5066 χρὴ
1135 4994 1547 5061 βουλεύεσθαι
1570 4989 1705 5061 (i9).

401 5086 631 5163 Ἐπειδὴ
669 5090 726 5146 δὲ
765 5089 872 5161 πρὸ
915 5089 1097 5159 πάσης
1151 5083 1404 5156 πράξεως
1435 5082 1629 5154 βουλὴν
1667 5078 1920 5152 ἡγεῖσθαι

333 5187 509 5261 χρεών
533 5204 547 5218 ο
595 5185 864 5254 διοίκησις
906 5180 1017 5252 γὰρ
1049 5177 1482 5251 ἁπροὸοὑλευτος
1504 5176 1606 5229 οὑκ
1645 5172 1917 5243 ἀσφαλὴς,

335 5285 438 5339 κᾶν
471 5283 538 5337 ἐκ
578 5278 673 5333 τοὺ
711 5273 1060 5349 παραχρῆμά
1092 5289 1176 5336 τις
1221 5271 1359 5341 αὑχῇ
1401 5267 1660 5330 πολλάκις
1716 5281 1919 5335 κατορ-

2021 4733 2144 4772 rum
2177 4716 2406 4779 habeas,
2433 4721 2489 4767 et
2521 4711 2824 4767 mercedem
2855 4708 3139 4763 laboribus
3162 4704 3270 4759 tuis
3299 4703 3522 4774 dignam
3540 4699 3609 4755 ab

2025 4818 2261 4878 utroque
2285 4813 2549 4876 reportes.

2514 4887 2976 4950 CONSTITUTIO
3012 4886 3103 4942 ΙΙΙ.

2313 4988 2588 5056 Quomodo
2612 4986 2891 5041 consilium
2928 4981 3242 5050 capiendum
3271 4978 3364 5035 sit.

2100 5083 2150 5138 1.
2183 5081 2412 5140 Omnem
2465 5079 2737 5135 actionem
2797 5075 3087 5131 consilium
3135 5078 3352 5127 anteeat
3382 5086 3395 5123 :
3427 5069 3619 5125 incon-

2028 5176 2170 5230 sulta
2201 5173 2349 5229 enim
2371 5186 2556 5227 rerum
2576 5168 2829 5225 traCtatio
2859 5165 3005 5222 haud
3039 5163 3175 5220 satis
3201 5170 3320 5218 tuta
3347 5170 3452 5216 est.
3480 5158 3615 5214 Nam

2028 5281 2346 5338 quanquam
2377 5262 2652 5319 interdum
2687 5261 2810 5332 quis
2838 5259 3107 5331 glorietur
3133 5270 3214 5322 se,
3263 5254 3422 5325 quasi
3453 5252 3618 5309 simul

1881 5399 2093 5459 NOTAS

411 5517 522 5588 (Π)

614 5514 720 5566 Ἐν
751 5504 824 5578 τῇ
865 5503 1236 5578 παραλλήλῳ
1266 5501 1386 5578 τῶν
1415 5495 1715 5578 matrimi)!
1731 5512 1918 5566 μονο-

2016 5497 2101 5553 lus
2134 5497 2401 5551 hactenus
2433 5503 2665 5564 quartus
2692 5492 2817 5558 fuit,
2846 5499 2901 5564 et
2929 5499 3162 5564 quartus
3207 5488 3336 5541 item
3383 5483 3605 5564 tertius.

582 5555 919 5654 Ergoal‘ium
946 5555 1518 5654 'adbuqsingularem
1548 5555 1916 5654 ,Tacticorum
2018 5567 2309 5622 Manifesta
2360 5555 2635 5620 confusio.
2675 5555 2920 5654 ,ΝοεἸίιι
2945 5555 3228 5643 ὀι-([ἰηειη
3274 5555 3618 5654 restituimtlis

342 5661 543 5716 librum

344 5804 496 5854 tiatto
524 5815 539 5862 ;
574 5796 667 5852 sed
703 5799 804 5848 hoc
834 5806 898 5844 or

372 5921 377 5949 ³
405 5921 536 6016 (ιθ)
564 5921 701 6007 Περὶ
726 5934 834 5991 τοῦ
864 5921 988 5997 πῶς
1032 5930 1147 5999 χρὴ
1170 5921 1598 5995 βουλεύεσθαι.
1664 5921 1760 5978 Hic
1783 5922 1914 5977 titu-

576 5640 688 5710 LeB
723 5653 814 5707 hic
839 5645 1192 5716 conscripsit,
1220 5640 1314 5714 qui
1332 5643 1589 5716 nondum
1640 5640 1919 5716 inventus.

414 5709 672 5797 ἱῐέῐιισο
703 5729 870 5793 caput
899 5709 1156 5845 gnat-turn
1178 5709 1277 5771 est
1329 5714 1383 5769 in
1427 5709 1619 5768 codice
1678 5709 1921 5762 Lauren-

414 5815 538 5845 nm:
574 5796 667 5845 sed
703 5799 804 5845 hoc
834 5806 898 5844 or
941 5790 1028 5844 ine
1052 5803 1175 5843 esse
1224 5784 1476 5845 sivinius,
1535 5782 1607 5836 ob
1658 5785 1921 5844 rationes,

942 5790 1028 5844 ine
1052 5803 1175 5843 esse
1224 5784 1476 5848 sivinius,
1535 5782 1607 5836 ob
1658 5785 1921 5844 rationes,

345 5850 776 5944 qitais__.ife_tirs.ias
803 5862 982 5943 affet},
1027 5861 1155 5944 licet
1187 5855 1561 5944 pott‘pl'uvjlt‘nt
1621 5850 1920 5944 faciendas.

2022 5650 2338 5708 utrumque,
2369 5643 2644 5708 praeeunte
2675 5633 3017 5708 ipsoLeoue
3069 5632 3126 5687 iit
3179 5631 3478 5708 prooemio,
3524 5627 3615 5708 ubi

2022 5695 2509 5774 tit'ulort'ttn'lt'ujus
2545 5707 2630 5761 sui
2656 5695 2838 5775 operis
2878 5695 3390 5775 cattalogu_nf_p0ttit.
3419 5695 3502 5775 _F.t
3537 5695 3619 5749 fa-

2023 5783 2126 5835 cile
2161 5794 2261 5833 nos
2293 5770 2441 5833 recte
2469 5784 2635 5847 atque
2661 5770 2857 5833 ordine
2899 5770 3097 5832 fecisse
3118 5771 3386 5845 judicabit
3419 5770 3614 5834 lector,

2028 5852 2117 5908 cui
2152 5848 2358 5921 aliquid
2387 5847 2624 5906 cerebri.
