4086 6326
275 287 398 353 £97
1401 259 1734 352 TACTICA.
1760 319 1828 329 —-
1857 292 2366 354 CONSTITUTIO
2411 296 2506 355 tv.
3463 301 3568 364 cas

260 423 380 476 you
414 410 521 462 καὶ
553 407 932 470 κατασκεύαζε
957 406 1036 478 τῷ
1064 408 1348 480 πράγματι
1379 409 1599 472 οἰκεῖον,
1637 408 1776 479 πλὴν
1808 409 1883 479 μὴ

1994 418 2093 470 est.
2143 409 2222 463 rei
2271 408 2528 465 idoneum
2560 409 2715 481 elige.
2745 408 2853 465 Sed
2895 413 2963 466 de
3005 426 3070 468 ea
3115 411 3326 470 referas
3366 430 3475 471 non
3515 417 3584 474 ad

264 502 375 558 ἐπὶ
406 504 504 557 σοὶ
538 503 682 575 μόνῳ
718 503 960 576 άνάφερε
987 502 1086 573 τὴν
1139 508 1205 556 πε
1215 504 1270 573 pl.
1300 502 1508 555 τούτων
1532 502 1739 573 κρίσιν,
1767 503 1884 557 ἀλλ’

1994 501 2227 570 teipsum
2277 501 2479 565 solum,
2514 501 2610 556 sed
2665 503 2833 557 etiam
2883 503 2951 559 ad
3005 519 3221 570 omnes,
3259 507 3358 577 qui
3399 517 3582 564 tecum

266 593 375 646 ἐπὶ
406 581 626 658 πάντας
647 594 775 658 τοὺς
801 594 1194 658 κοινωνοῦντας
1222 594 1299 666 τῷ
1325 594 1616 666 πράγματι
1638 593 1758 663 ἅμα
1781 609 1884 646 σοι.

271 687 397 740 Καὶ
449 688 510 741 τί
559 688 660 759 μὲν
712 688 832 742 δέον
882 705 943 741 σε
998 689 1205 760 πρᾶξαι
1264 689 1500 741 σκέπτου
1530 727 1544 751 ,
1589 687 1686 740 καὶ
1749 685 1889 756 μετὰ

266 773 559 834 πλειόνων
605 780 886 852 βουλεύου,
930 781 966 836 ἃ
997 781 1054 835 δὲ
1087 782 1294 852 πρᾶξαι
1323 779 1613 851 βουλεύσῃ,
1652 779 1749 832 σὺν
1771 778 1888 832 Eli-

264 888 427 941 γοις.
463 870 578 944 Τὴν
619 873 676 927 δὲ
709 873 966 928 καλλίονα
1013 875 1240 944 γνώμην
1266 870 1656 941 ἐπιλεξάμενος
1689 873 1886 941 κάτεχε

266 966 448 1036 παρὰ
480 967 710 1037 σεαυτῷ,
741 966 830 1021 ἵνα
865 967 939 1037 μὴ
971 967 1083 1029 τοῖς
1111 964 1380 1030 ἐναντίοις
1425 965 1745 1036 καταφανὴς
1795 965 1888 1016 καὶ

265 1056 336 1112 εὖ
376 1059 776 1122 ἐπιϐούλευτος
806 1059 1090 1134 γενέσθαι.

1993 592 2210 648 consilii
2246 593 2540 663 participes
2577 593 2816 659 fuerant,
2865 605 2920 651 et
2960 597 3092 667 quid
3135 597 3282 653 facto
3331 615 3470 670 opus
3513 602 3586 658 sit

1993 699 2117 740 cum
2152 684 2344 739 multis
2367 684 2645 739 delibera:
2677 701 2801 756 quae
2819 702 2951 741 vero
2985 703 3147 758 agere
3169 691 3433 753 volueris,
3457 706 3586 747 cum

1994 779 2186 849 paucis
2236 775 2608 847 communica,
2659 790 2712 835 et
2766 781 2859 836 ubi
2903 784 3175 852 optimum
3220 799 3288 839 ex
3325 786 3585 843 omnibus

1994 872 2291 927 consilium
2326 873 2557 943 ceperis,
2597 874 2740 945 apud
2776 883 2827 930 te
2865 877 3044 930 solum
3093 885 3236 942 tene,
3278 893 3347 933 ne
3393 879 3587 936 adver-

1994 966 2155 1023 sariis
2178 967 2283 1023 hoc
2306 966 2597 1034 indicetur,
2630 969 2686 1023 et
2717 967 2935 1025 insidiis
2960 969 3176 1026 illorum
3207 981 3486 1043 appetere.

353 1151 460 1208 ια’.
505 1153 587 1206 Τὰ
634 1154 689 1207 δὲ
742 1153 1047 1224 πράγματα
1098 1152 1352 1217 πλείονας
1405 1151 1704 1224 χορηγοῦσι
1759 1149 1891 1213 τοὺς

270 1246 535 1310 σκοποὺς
579 1245 731 1309 ἴσως.
769 1245 868 1309 Τίς
909 1244 1233 1315 περίστασις
1278 1247 1342 1298 ὲκ
1377 1246 1594 1299 πάντων
1636 1243 1750 1298 τῶν
1795 1261 1891 1314 με-

272 1337 401 1408 ρῶν
481 1338 692 1408 φανερὰ
739 1336 974 1407 γένηται
1024 1339 1139 1400 τοῖς
1202 1338 1663 1409 συνκεκλημένοις
1716 1337 1777 1390 ὲν
1821 1337 1888 1407 τῇ

272 1427 460 1502 βουλῇ
493 1427 912 1500 συμϐαλλομένη
942 1432 1008 1502 τῇ
1043 1430 1239 1501 γνώμῃ
1267 1429 1371 1499 τῆς
1403 1429 1736 1500 συμϐουλῆς.

356 1605 455 1678 ιβ’.
489 1608 706 1672 Πάντας
733 1609 788 1662 δὲ
816 1608 919 1680 χρὴ
945 1610 1130 1680 ῥέπειν
1173 1613 1266 1664 καὶ
1297 1609 1614 1680 συντρέχειν
1651 1609 1730 1672 είς
1766 1608 1891 1678 φιλ-

273 1697 475 1772 αλήθη
530 1703 621 1754 καὶ
663 1701 845 1772 ἅπαθῆ
893 1703 1212 1774 συζὴτησιν,
1263 1703 1357 1756 καὶ
1401 1701 1748 1774 κηδεμονίαν,
1795 1701 1891 1754 καὶ

275 1790 562 1862 πρόνοιαν
582 1791 676 1846 τοῦ
701 1794 1154 1863 συγκαλέσαντος.

363 1965 464 2036 ιγ’.
503 1967 669 2032 Τέλος
710 1967 771 2022 δέ
812 1968 912 2040 τῆς
947 1967 1142 2039 βουλῆς
1187 1967 1330 2022 ἔστω
1366 1983 1449 2023 σοι
1495 1970 1557 2022 τὸ
1597 1968 1890 2040 εὑρεθῆναι

277 2061 372 2124 είς
389 2060 630 2131 πράξεις
661 2063 757 2116 καὶ
784 2063 902 2126 πῶς
941 2063 1193 2136 πράξεις,
1229 2064 1325 2118 καὶ
1348 2064 1476 2129 ποῦ,
1505 2063 1602 2117 καὶ
1640 2064 1794 2127 πότε,
1842 2065 1894 2116 εί

283 2153 372 2226 μὴ
399 2154 648 2226 πράξῃς,
671 2154 768 2210 καὶ
799 2155 892 2210 διὰ
917 2155 971 2209 τί
1001 2156 1109 2228 ἄρα
1135 2157 1195 2210 οὐ
1228 2156 1481 2228 πράξεις.

359 2245 452 2301 ιδ’.
499 2249 588 2302 Ἐν
613 2243 694 2313 οἷς
723 2248 781 2303 δὲ
813 2247 1045 2320 βουλεύῃ
1083 2249 1177 2303 καί
1213 2251 1271 2304 ἐν
1309 2252 1422 2314 τοῖς
1451 2249 1786 2322 ἐμπίπτουσι
1821 2251 1889 2322 τῇ

284 2337 469 2412 βουλῇ
496 2343 719 2405 σκοποῖς
750 2340 1066 2412 συντρέχειν
1089 2341 1172 2394 δεῖ
1195 2340 1314 2413 ἅμα
1339 2343 1434 2396 καὶ
1454 2342 1517 2395 τὸ
1547 2343 1773 2396 δυνατὸν
1799 2345 1893 2397 καὶ

282 2427 354 2482 τὸ
387 2429 678 2501 συμφέρον
697 2445 716 2460 ο
745 2427 953 2483 τούτων
975 2431 1086 2502 γὰρ
1111 2425 1250 2485 εἶναι
1283 2430 1359 2502 μὴ
1385 2432 1701 2502 δυναμένων
1727 2433 1892 2487 ἀσθε-

282 2520 398 2592 νὴς
429 2522 470 2593 ἠ
508 2520 672 2592 βουλὴ
702 2521 800 2576 καὶ
841 2522 1049 2594 ματαία
1077 2523 1310 2577 αὐτόθεν
1341 2522 1478 2577 οὖσα
1525 2528 1890 2593 κατανοετται,

287 2611 393 2666 καὶ
425 2611 705 2684 ὥσπερέν
738 2612 860 2684 sua»:
881 2615 916 2684 ὴ
945 2614 1116 2684 αὐτῆς
1132 2615 1328 2683 ἀλογία
1367 2615 1642 2684 βλέπεται.

373 2788 464 2845 ιε’.
493 2789 559 2845 El
585 2790 797 2864 γὰρμὴ
829 2792 1101 2864 συμφέρει
1142 2809 1225 2847 σοι
1252 2794 1390 2867 ὅπερ
1421 2793 1491 2855 ἂν
1517 2797 1802 2872 βουλεύσῃ,
1833 2800 1893 2855 οὑ

295 2879 472 2952 μόνον
513 2881 619 2936 οὐκ
658 2881 989 2955 ὠφελήσεις,
1031 2885 1173 2938 ἀλλὰ.
1205 2887 1405 2955 μᾶλλον
1434 2890 1528 2942 καὶ
1553 2889 1794 2960 βλάψεις.
1832 2894 1895 2946 Ei

290 2974 342 3050 δ’
366 2969 442 3030 αὖ
478 2973 642 3032 πάλιν
663 2975 729 3031 οὐ
759 2974 986 3032 δύνασαι
1033 2977 1103 3030 τὰ
1135 2976 1496 3048 βουλευθέντα
1534 2981 1758 3054 πρᾶξαι,
1787 3002 1894 3055 μα-

2062 1146 2148 1201 ll.
2179 1147 2286 1202 Res
2318 1147 2450 1216 ipsae
2484 1148 2728 1204 diversas
2758 1157 2812 1204 et
2844 1149 3111 1219 plurimas
3162 1166 3308 1222 saepe
3339 1152 3583 1209 aﬁerunt

1998 1240 2330 1306 sententias;
2371 1240 2621 1296 fortassis
2647 1253 2828 1297 autem
2860 1245 3068 1314 quaevis
3107 1260 3195 1300 res
3219 1245 3586 1301 circumstans

1997 1331 2148 1385 omni
2177 1347 2242 1386 ex
2273 1341 2427 1401 parte
2455 1334 2746 1388 manifesta
2784 1334 2896 1401 ﬁet,
2925 1335 2973 1389 si
3021 1335 3254 1406 singulae
3305 1338 3586 1392 consulto-

1987 1437 2118 1490 .rnm
2148 1425 2434 1479 sententiae
2465 1425 2611 1480 inter
2647 1426 3062 1481 deliberandum
3103 1429 3155 1482 in
3192 1444 3361 1484 unum
3402 1429 3588 1486 confe-

2001 1525 2207 1571 rantur.

2070 1607 2155 1663 12.
2193 1607 2395 1664 Omnes
2437 1623 2620 1666 autem
2652 1611 2849 1666 debent
2889 1613 2997 1667 huc
3056 1623 3304 1684 spectare
3345 1624 3399 1670 et
3452 1632 3585 1672 con-

1999 1701 2186 1755 venire
2254 1702 2322 1755 ad
2372 1703 2579 1756 salvam
2643 1713 2805 1772 atque
2864 1705 3088 1760 illaesam
3170 1708 3582 1764 multitudinem

1916 1787 1961 1843 Β
1991 1800 2452 1864 conservandam,
2478 1809 2532 1853 et
2570 1801 2636 1853 ad
2671 1816 2859 1855 curam
2922 1796 3406 1874 provisionemquc
3440 1805 3582 1875 ejus,

1992 1891 2086 1958 qtti
2120 1905 2216 1944 eos
2253 1892 2578 1946 convocavit
2611 1893 3041 1961 suscipiendam.

2065 1980 2152 2036 15.
2189 1982 2341 2038 Finis
2367 1985 2585 2040 consilii
2618 1986 2692 2041 sit
2715 1986 2832 2050 tibi,
2881 1999 2937 2042 ut
2974 2001 3278 2059 cOgnoscas
3316 1993 3369 2046 in
3421 1993 3584 2049 rebus

1993 2076 2266 2145 gerendis,
2300 2076 2395 2132 ubi
2423 2088 2477 2132 et
2497 2080 2720 2149 quando
2741 2083 3032 2151 agendum,
3059 2084 3141 2138 vel
3175 2101 3281 2139 non
3313 2088 3584 2156 agendum

1993 2167 2085 2234 sit,
2119 2177 2174 2223 et
2206 2185 2315 2240 qua
2344 2172 2410 2226 de
2434 2187 2602 2227 causa
2639 2173 2878 2244 quidque
2908 2175 3201 2246 agendum.

2063 2261 2153 2315 14.
2186 2259 2246 2317 In
2271 2262 2667 2320 deliberatione
2691 2273 2804 2331 tua,
2835 2276 2887 2321 et
2909 2267 2971 2320 in
2992 2269 3250 2325 omnibus
3274 2274 3584 2339 sententiis,

1992 2369 2117 2424 quae
2158 2354 2214 2409 in
2266 2355 2724 2412 deliberationem
2770 2360 3020 2423 veniunt,
3075 2363 3268 2418 adesse
3319 2365 3434 2420 haec
3475 2366 3586 2420 duo

1993 2456 2208 2516 oportet
2248 2463 2455 2518 :posse
2502 2448 2633 2503 illud
2687 2449 2826 2514 ﬁeri,
2884 2461 3048 2522 atque
3075 2453 3206 2509 utile
3257 2471 3415 2525 esse;
3471 2459 3587 2515 haec

1992 2539 2137 2593 enim
2169 2541 2301 2604 duo,
2325 2541 2370 2596 si
2426 2556 2533 2595 non
2563 2541 2765 2606 adsint,
2811 2543 3088 2600 inﬁrmum
3137 2551 3424 2604 consilium
3465 2569 3587 2608 esse

1993 2639 2043 2686 et
2077 2635 2428 2688 temerarium
2481 2637 2665 2691 statim
2729 2636 3186 2708 deprehenditur,
3248 2645 3406 2713 quasi
3459 2655 3588 2703 ante

1993 2723 2183 2780 oculos
2207 2724 2352 2779 illius
2383 2724 2575 2780 vitium
2615 2728 2879 2783 cernitur.

2067 2817 2154 2871 15.
2192 2816 2250 2870 Si
2291 2817 2435 2872 enim
2477 2817 2670 2872 inutile
2719 2820 2791 2874 sit
2853 2821 2922 2875 de
2971 2839 3082 2892 quo
3133 2824 3423 2893 deliberas,
3478 2845 3588 2886 non

1995 2909 2158 2964 modo
2184 2910 2647 2977 commodaberis,
2681 2925 2872 2966 verum
2909 2915 3076 2968 etiam
3106 2915 3339 2973 laederis.
3373 2919 3430 2974 Si
3459 2937 3589 2976 vero

1995 3014 2106 3055 non
2133 3010 2369 3070 possunt
2394 3001 2463 3057 de
2487 3001 2690 3071 quibus
2713 3002 3078 3059 deliberatum
3109 3017 3192 3061 est
3228 3010 3438 3078 perfici,
3472 3012 3590 3067 ina~

291 3066 432 3124 ταία
476 3067 514 3139 ἠ
549 3065 833 3138 διάσκεψις
869 3069 949 3133 είς
993 3068 1223 3142 ἀνόητον
1256 3071 1416 3136 τέλος
1439 3071 1527 3126 διὰ
1553 3073 1658 3146 τὴν
1693 3076 1893 3130 ἀδυνα-

301 3159 441 3188 ..ι-..
482 3159 808 3188 ..---..-,τ.--
881 3160 1131 3188 unm-..
1161 3162 1215 3188 ιιι
1244 3164 1349 3188 me
1395 3165 1729 3188 ωλι----η-
1804 3170 1849 3188 ν.

1999 3091 2082 3146 nis
2113 3091 2229 3146 haec
2257 3090 2629 3146 consideratio
2660 3093 2728 3146 ad
2781 3097 3134 3150 temerarimn
3164 3102 3398 3165 exitum,
3438 3100 3587 3172 quod

300 3159 441 3231 μίαν
482 3159 832 3216 καταντῶσα.
879 3160 1134 3216 Μάλιστα
1158 3162 1217 3216 δὲ
1244 3164 1352 3236 χρὴ
1393 3165 1756 3233 φυλάττεσθαι
1795 3170 1894 3234 τὰς

297 3253 618 3326 προχείρως
676 3253 1059 3325 ἐμφερομένας
1088 3256 1144 3310 ἐν
1173 3258 1285 3320 τοῖς
1328 3257 1618 3330 πράγμασι
1664 3260 1890 3331 βλάϐας,

297 3348 401 3402 καὶ
459 3345 569 3416 γὰρ
622 3348 673 3404 oi
723 3348 908 3402 πολλοὶ
947 3348 1156 3420 ἕτοιμοί
1190 3350 1296 3405 είσι
1324 3354 1446 3416 ταῖς
1489 3353 1590 3424 μὲν
1617 3357 1894 3426 φροντίσιν

300 3439 638 3511 ιῠφραὶνιιν
675 3439 926 3510 ἑαυτοὺς,
953 3441 1020 3495 τὸ
1050 3441 1113 3496 δὲ
1141 3442 1541 3517 ἐμπίπτονιτῆς
1585 3444 1788 3519 βλάϐης
1819 3448 1894 3520 μὴ

301 3533 668 3605 προϐλέπειν.

378 3715 480 3783 ις’.
500 3715 915 3789 Χρησιμωτάτη
930 3714 1023 3770 οὖν
1055 3716 1204 3770 ἐστιν
1225 3717 1462 3782 ἐνταῦθα
1489 3721 1531 3790 ἡ
1556 3721 1896 3792 πανταχόθεν

303 3809 660 3882 περίσκεψις,
713 3808 808 3862 καὶ
872 3808 1092 3863 πάντων
1136 3808 1247 3865 τῶν
1287 3810 1530 3864 δυνατῶν
1579 3813 1836 3881 γενέσθαι
1865 3816 1894 3867 ὁ

303 3904 442 3975 περὶ
477 3901 574 3975 τὴν
611 3901 806 3972 σκέψιν
858 3901 1290 3973 ἀναλογισμόςν
1324 3903 1396 3956 οὐι
1442 3906 1552 3975 γὰρ
1595 3904 1896 3978 προδώσεις

305 3992 506 4048 ἑαυτὸν
554 3992 858 4065 προπετείᾳ
885 3993 1085 4066 τυφλῇ,
1123 3993 1246 4048 οὐδὲ
1274 3997 1396 4060 ταῖς
1426 3995 1745 4066 ἐπιθυμίαις
1784 3998 1896 4052 τῶν

312 4085 571 4158 πράξεων
604 4085 941 4157 γλυκόμενος
967 4088 1047 4155 εἰς
1080 4086 1384 4160 προδήλους
1409 4088 1691 4154 κινδύνους
1719 4091 1896 4162 ἐμπέο

311 4194 437 4254 “119-

387 4269 480 4336 ιζ’.
524 4271 694 4326 Πάλιν
743 4270 801 4326 δὲ
840 4271 902 4325 τὸ
931 4270 1110 4326 δειλὸν
1156 4271 1256 4326 καὶ
1299 4271 1537 4342 Θάρσους
1586 4274 1757 4343 χωρὶς
1795 4275 1896 4329 οὐκ

312 4365 466 4417 ἐστιν
492 4363 730 4428 ἀϐλαϐές
751 4379 772 4398 ο
819 4362 1158 4433 φοϐούμενος
1181 4362 1290 4433 γάρ
1312 4364 1380 4417 τὰ
1403 4364 1572 4432 ἄλογα
1600 4366 1897 4436 παραπτώ-

2000 3183 2053 3239 id
2086 3183 2204 3239 ﬁeri
2235 3185 2386 3238 nullo
2409 3185 2568 3239 modo
2599 3194 2695 3239 aut
2716 3184 2799 3240 via
2823 3195 3026 3256 potest,
3066 3192 3384 3246 necessario
3417 3196 3588 3263 ρει·ιίδ
3617 3218 3622 3222 >

2001 3285 2113 3332 net.
2141 3275 2199 3332 In
2238 3277 2430 3348 primis
2455 3289 2637 3332 autem
2677 3279 2852 3334 vitare
2878 3291 3090 3349 oportet
3120 3297 3214 3338 eas
3238 3282 3574 3343 offensiones

2000 3385 2124 3440 quae
2157 3370 2212 3425 in
2245 3379 2500 3439 promptu
2546 3381 2676 3425 sunt
2708 3389 2722 3426 :
2759 3370 2954 3440 vulgus
2983 3372 3131 3426 enim
3182 3373 3468 3431 hominum
3507 3394 3590 3434 so-

2000 3461 2074 3516 let
2115 3476 2300 3517 rerum
2350 3461 2659 3516 futurarum
2697 3463 3124 3533 cogitationibus
3176 3466 3388 3536 seipsos
3437 3470 3588 3524 oble-

2001 3559 2170 3613 ctare,
2223 3549 2554 3605 offensiones
2595 3560 2780 3606 autem
2834 3552 3257 3610 circumstantes
3307 3560 3589 3627 providere

2003 3656 2110 3694 non
2137 3639 2296 3693 solet.

2075 3734 2160 3787 16.
2196 3733 2497 3788 Utilissima
2539 3742 2721 3789 autem
2762 3743 2846 3787 est
2888 3734 2942 3788 in
2976 3751 3166 3792 omnes
3207 3748 3390 3807 partes
3413 3740 3587 3796 animi

2003 3826 2161 3897 quasi
2182 3825 2488 3890 excultatio,
2508 3835 2562 3879 et
2589 3841 2779 3880 eorum
2809 3841 2930 3894 quae
2957 3828 3063 3881 ulla
3082 3829 3294 3884 ratione
3328 3831 3441 3884 ﬁeri
3467 3848 3590 3902 pos-

2004 3928 2133 3975 sunt
2165 3919 2216 3973 in
2256 3918 2672 3973 considerandis
2703 3920 2866 3974 rebus
2901 3921 3254 3989 pertractatio
3291 3941 3303 3976 :
3339 3923 3412 3976 ita
3434 3926 3586 3980 enim

2003 4015 2095 4068 lict
2119 4022 2177 4067 ut
2209 4026 2387 4080 neque
2423 4013 2652 4081 teipsum
2684 4011 2852 4066 nimis
2891 4028 3049 4066 caecae
3085 4015 3375 4067 temeritati
3420 4031 3589 4086 expo-

2003 4121 2124 4167 nas.
2165 4119 2265 4158 ncc
2301 4119 2493 4178 rursus
2518 4105 2685 4157 nimia
2719 4121 2902 4158 rerum
2942 4105 3239 4174 cupiditate
3272 4109 3504 4175 illectus,
3531 4110 3585 4163 in

2003 4198 2351 4254 manifestum
2376 4197 2591 4265 aliquod
2620 4197 2914 4252 discrimen
2951 4199 3183 4253 incidas.

2071 4291 2156 4344 17.
2183 4290 2396 4343 Rursus
2426 4289 2587 4342 timor
2613 4289 2820 4357 absque
2847 4289 2954 4342 ulla
2979 4289 3208 4344 audacia
3244 4305 3275 4344 a
3310 4291 3444 4345 vitio
3476 4306 3588 4345 non

2004 4384 2156 4438 abest
2184 4402 2197 4437 :
2223 4391 2278 4438 et
2319 4381 2415 4450 qui
2446 4381 2673 4450 quosvis
2710 4384 3034 4435 temerarios
3086 4395 3251 4437 casus
3305 4382 3586 4448 formidat,

317 4473 490 4526 ματα,
557 4456 652 4513 καὶ
699 4455 772 4509 τά
828 4454 1048 4511 ἐναντία
1117 4472 1217 4521 σοι,
1252 4455 1511 4510 δοκοῦντα
1566 4459 1893 4528 παραλόγως

2008 4487 2210 4532 temere
2240 4489 2382 4544 διξερε
2416 4474 2682 4528 adversus
2710 4474 2953 4542 seipsum
2995 4472 3166 4528 multa
3201 4473 3353 4540 facit,
3383 4487 3439 4530 et
3466 4491 3590 4546 quae

313 4545 864 4617 πραγματευόμενος,
921 4544 1184 4608 πολλάκις
1229 4545 1338 4600 τῶν
1386 4548 1773 4634 συμφερόντων
1810 4568 1892 4607 σοι

1995 4582 2060 4621 ex
2118 4582 2217 4621 usu
2278 4578 2382 4620 suo
2424 4574 2554 4617 sunt
2604 4562 2848 4634 negligit,
2915 4572 2973 4618 et
3027 4563 3097 4619 ab
3139 4564 3364 4621 utilibus
3423 4544 3591 4624 rebus

314 4637 665 4709 πραγμάτων.
695 4637 1117 4709 κατημέλησας,
1151 4639 1250 4692 καὶ
1289 4641 1391 4710 τῆς
1421 4631 1621 4695 ἀὐτῶν
1653 4643 1900 4716 ἀπέστης

316 4728 592 4800 πράξεως.

389 4818 481 4892 ιη’.
522 4818 678 4877 Οὕτω
707 4821 807 4891 μὲν
853 4815 946 4875 οὖν
988 4839 1072 4876 σοι
1104 4822 1194 4878 διὰ
1223 4822 1502 4896 βραχέων,
1529 4819 1575 4878 ὦ
1599 4843 1898 4899 στρατηγε,

319 4914 446 4984 περὶ
477 4912 674 4986 βουλῆς
713 4913 1095 4981 διεξελθόντες,
1128 4913 1259 4986 ἐξῆς
1283 4916 1498 4988 καὶτῆς
1532 4917 1641 4974 τῶν
1677 4919 1900 4990 πολεμι-

321 5005 430 5060 κῶν
465 5003 643 5078 ἔργων
679 5022 740 5066 τε
787 5009 882 5058 καὶ
939 5005 1193 5077 πράξεων
1220 5009 1487 5079 τακτικῆς
1516 5008 1895 5080 ἀπαρξόμεθα.

893 5116 1205 5170 ΔΙΑΤΑΞΙΣ
1237 5115 1314 5172 Δ’.

390 5232 530 5302 Περὶ
561 5230 903 5300 διαιρέσεως
931 5233 1226 5300 στρατοῦς
1264 5234 1358 5286 καὶ
1402 5235 1820 5302 καταστάσεως

945 5303 1274 5370 ἀρχόντων.

394 5394 463 5452 α’.
491 5394 801 5465 Κελεύομεν
852 5395 1030 5448 τοίνυν
1065 5397 1133 5466 τῇ
1187 5399 1255 5465 σῇ
1289 5396 1602 5468 ἐνδοξὸτητιμ
1623 5399 1774 5453 κατὰ.
1805 5400 1903 5470 τὴν

328 5495 529 5550 ἆνωθεν
570 5494 666 5563 καὶ
711 5493 772 5559 ἐξ
828 5494 1007 5565 ἀρχῆς
1049 5493 1340 5565 συνήθειαν
1383 5495 1508 5558 τοὺς
1568 5497 1904 5566 στρατιώτας

331 5588 568 5650 καὶτοὺς
593 5586 868 5657 ἄρχοντας
902 5585 1084 5642 αὐτῶν
1123 5584 1499 5651 ἐπιλέξασθαι,
1531 5585 1626 5651 οὓς
1664 5587 1729 5642 ἂν
1761 5589 1905 5642 δοκι-

334 5680 512 5753 μάοῃς
548 5681 764 5745 ἱκανοὺς
813 5675 953 5735 εἶναι
986 5681 1124 5752 προς
1170 5679 1270 5752 τὴν
1300 5680 1396 5734 τοῦ
1429 5681 1673 5751 πολέμου
1691 5686 1897 5755 χρείαν.

344 5767 564 5844 Ἐκλέξῃ
607 5773 663 5826 δὲ
700 5771 1037 5845 στρατιώτας
1067 5776 1174 5828 ἀπὸ
1211 5775 1416 5840 παντὸς
1457 5773 1554 5830 τοῦ
1583 5776 1688 5831 ὑπὸ
1719 5777 1779 5830 σέ
1814 5778 1901 5831 θέ-

1994 4658 2358 4729 suscipiendis
2387 4657 2668 4711 abhorret.

2067 4838 2154 4892 18.
2204 4835 2361 4891 Brevi
2418 4835 2602 4903 igitur,
2642 4851 2675 4888 υ
2711 4835 3035 4904 imperator,
3076 4849 3202 4890 cum
3235 4835 3303 4890 de
3349 4837 3585 4890 consilio

2005 4929 2268 4999 capiendo
2293 4927 2714 4998 disputavimus,
2761 4936 2932 4981 restat
2966 4937 3025 4980 ut
3063 4928 3128 4983 de
3175 4928 3340 4983 rebus
3377 4928 3590 4985 bellicis

2006 5030 2060 5077 ct
2097 5021 2424 5076 militaribus
2454 5020 2763 5074 actionibus
2802 5019 2964 5074 verba
3011 5019 3300 5081 faciamus.

2499 5133 2631 5190 CUN
2643 5131 2964 5188 STITUTIO
3007 5133 3096 5188 ιν.

2078 5251 2155 5306 De
2176 5250 2435 5304 divisione
2459 5249 2748 5315 exercitus,
2780 5256 2829 5302 et
2853 5248 3240 5302 constituendis
3274 5249 3520 5305 duabus.

2083 5412 2132 5466 1.
2165 5410 2521 5480 Praecipimus
2548 5409 2713 5480 igitur
2735 5407 2990 5479 dignitati
3023 5419 3128 5463 tttte
3159 5417 3240 5476 ut,
3289 5426 3388 5480 pro
3423 5420 3593 5466 vetcrt

2008 5517 2166 5556 more
2205 5500 2708 5570 consuetudineque
2741 5507 2858 5565 tua,
2887 5499 3085 5553 milites
3123 5507 3178 5553 et
3211 5500 3378 5556 duces
3417 5517 3484 5556 ex
3526 5502 3594 5558 iis

2006 5592 2197 5662 eligas,
2225 5607 2362 5662 quos
2385 5593 2452 5646 ad
2486 5592 2617 5647 belli
2657 5606 2818 5648 usum
2845 5590 3083 5647 maxime
3114 5589 3347 5647 idoneos
3374 5593 3596 5662 judica-

2007 5683 2175 5738 veris.
2212 5684 2289 5737 Ex
2325 5685 2475 5738 omni
2511 5683 2715 5740 ditione
2743 5685 2846 5741 sub
2882 5694 3036 5739 tuum
3065 5683 3356 5756 imperium
3406 5686 3596 5756 subje-

1952 5767 1956 5771 ’
2010 5784 2098 5832 cta
2127 5775 2331 5834 milites
2361 5777 2528 5849 eliges
2562 5793 2742 5849 neque
2769 5777 3166 5846 adolescentes,
3201 5790 3383 5850 neque
3410 5792 3613 5843 senes,.
