4086 6326
524 263 634 328 699

1810 256 2083 317 [ΕΘΝῐὲ
2114 256 2576 319 rnnosorm
2621 225 2624 228 ’

3708 268 3822 331 700

525 374 620 430 sed
654 374 848 441 fortes,
875 375 1155 442 robustos,
1181 376 1414 438 alacres,
1449 374 1670 439 divites,
1701 383 1758 428 ut
1785 373 1836 426 in
1861 374 2107 441 expedito

2223 389 2412 442 ματος,
2444 387 2581 442 μητε
2607 373 2822 436 παῖδας,
2863 375 3000 444 μήτε
3028 376 3311 446 γέροντας,
3345 375 3478 428 ἀλλὰ
3509 377 3816 446 ἀνδρείους,

522 476 576 520 et
605 467 892 534 procinctu
935 482 1059 522 cum
1088 469 1219 533 sint,
1261 468 1314 522 id
1349 477 1456 530 est,
1495 468 1551 521 in
1584 466 1804 532 castris,
1838 475 1892 520 et
1925 465 1976 518 in
2000 466 2118 534 ipso

523 567 668 613 coetu
702 573 766 612 ac
803 559 1156 616 multitudine
1185 560 1485 625 exercitus,
1533 559 1680 629 quod
1719 559 1882 613 hodie
1912 555 2118 612 Fossa-

525 661 637 706 tum
666 652 1025 722 appellamus.
1059 653 1127 708 ad
1163 669 1274 708 rem
1311 653 1575 724 privatam
1628 666 1784 706 suam
1824 659 1879 704 et
1932 649 2120 704 dome-

522 746 714 800 sticam
734 745 891 813 quasi
925 745 1176 800 militiam
1211 729 1520 814 occupatos
1541 744 1691 797 domi
1721 743 1958 797 habeant
1979 741 2118 796 alios

523 837 812 907 agricolas,
853 846 908 890 et
936 847 997 891 ut
1026 847 1386 901 armaturam,
1432 844 1631 890 caetera
1667 849 1789 904 quae
1818 833 1972 888 militi
2021 846 2120 887 ne-

519 930 759 984 cessaria
795 938 945 992 sunt,
973 929 1400 984 subministrare
1431 928 1644 997 possint
1672 943 1688 991 ;
1730 935 1786 980 et
1819 936 1879 978 ut
1913 924 2118 978 liberas

519 1021 732 1077 interea
761 1023 903 1078 aedes
933 1023 1003 1077 ab
1034 1023 1181 1078 omni
1207 1024 1312 1078 alia
1338 1024 1552 1093 publica
1570 1022 1835 1077 servitute
1856 1021 2115 1074 habeant.

519 1110 779 1166 Nostrum
831 1113 978 1167 enim
1012 1115 1454 1168 commilitonem
1489 1113 1635 1178 (nam
1671 1113 1752 1168 sic
1799 1128 1923 1166 eum
1952 1128 2115 1168 voca-

521 1219 667 1266 mus,
695 1203 789 1274 qui
821 1219 920 1273 pro
949 1214 1143 1259 nostro
1176 1220 1348 1275 regno
1398 1215 1450 1258 et
1477 1204 1724 1261 Romano
1754 1206 1858 1258 hoc
1881 1205 2115 1273 imperio

521 1305 805 1350 strenuum
847 1311 906 1352 se
952 1298 1005 1350 in
1056 1297 1201 1351 bello
1243 1297 1496 1368 gesserit)
1541 1299 1825 1362 nolumus,
1875 1307 1934 1352 ut
1988 1300 2115 1355 ullae

518 1388 786 1459 cujusque
812 1389 956 1444 modi
990 1390 1242 1445 servituti
1271 1391 1378 1446 nisi
1425 1391 1632 1445 tributo
1661 1393 1880 1461 publico
1939 1392 2114 1460 subji-

517 1483 713 1536 ciatur.
760 1508 766 1513 -

589 1661 644 1716 ‘2.
695 1659 979 1716 Dividatur
1029 1661 1196 1732 igitur
1243 1662 1537 1716 universus
1587 1661 1691 1716 sub
1735 1661 1969 1730 imperio
2013 1672 2108 1717 tuo

518 1754 790 1808 exercitus
827 1754 880 1808 in
913 1763 1178 1824 tagmata,
1231 1753 1346 1809 sive
1378 1752 1580 1818 banda,
1612 1753 1665 1808 id
1709 1763 1811 1818 est,
1858 1755 2112 1809 cohortes

519 1846 799 1912 diversas;
823 1861 902 1900 ea:
921 1861 1143 1915 quoque
1161 1845 1474 1900 tribuantur
1489 1845 1545 1897 in
1582 1845 1976 1909 contubernia;
2000 1844 2114 1900 haec

519 1954 586 1992 ex
613 1939 855 2009 quinque
878 1939 1011 1993 viris
1031 1937 1423 2001 coniiciuntur,
1463 1945 1627 2007 atque
1646 1938 1812 1991 etiam
1839 1937 2110 1991 interdum

517 2046 586 2086 ex
629 2032 818 2086 decem
857 2031 1010 2099 viris,
1058 2045 1182 2100 qua:
1237 2030 1460 2086 decuria
1521 2030 1859 2100 appellatur,
1919 2031 2111 2100 sicque

515 2123 736 2178 decuria
767 2121 1040 2179 interdum
1088 2137 1260 2177 unum
1308 2121 1733 2178 contubernium
1776 2133 1881 2188 est,
1937 2122 2110 2177 inter-

519 2217 648 2272 dum
681 2217 811 2272 duo.

589 2310 644 2365 3.
672 2310 860 2380 Itaque
889 2309 1162 2365 exercitus
1193 2308 1250 2363 in
1298 2308 1559 2364 cohortes
1604 2317 1661 2361 et
1699 2306 1953 2362 decurias
1983 2305 2110 2361 uni-

517 2416 710 2456 versus
757 2401 1152 2472 perscribatur.
1211 2400 1588 2456 Prmﬁciantur
1637 2399 1746 2454 illis
1797 2400 1964 2454 duces
2014 2414 2112 2468 per

516 2493 717 2556 banda,
761 2503 813 2548 et
848 2493 1108 2562 drungos,
1155 2498 1209 2545 et
1249 2500 1477 2555 turmas,
1511 2500 1564 2545 et
1603 2505 1699 2559 per
1747 2489 1882 2543 alias
1921 2488 2114 2559 praeie-

515 2599 719 2651 cturas,
757 2587 850 2656 qui
887 2583 1450 2640 accommodatissimi
1496 2592 1646 2650 sunt,
1698 2593 1752 2638 et
1783 2585 1876 2652 qui
1915 2582 2108 2636 ﬁdeles

518 2688 667 2746 sunt,
695 2689 751 2733 et
781 2678 1029 2733 benevoli
1075 2686 1261 2732 nostro
1292 2676 1421 2731 huic
1470 2674 1719 2729 liomano
1770 2675 2020 2743 imperio,
2051 2683 2112 2729 et

514 2777 609 2844 qui
631 2773 798 2828 fortes
841 2787 965 2828 esse
1002 2771 1405 2827 existimantur.
1441 2767 1585 2822 Nihil
1615 2767 1872 2836 prohibet
1895 2775 2104 2832 autem,

513 2860 731 2938 quiu‘et
775 2867 1078 2937 locupletes
1125 2864 1442 2933 c0piosique
1480 2863 1757 2926 homines,
1801 2869 1856 2914 et
1899 2861 1991 2930 qui
2019 2877 2112 2930 ge-

514 2977 645 3014 nere
675 2971 838 3028 atque
869 2961 1042 3013 animi
1099 2959 1302 3012 virtute
1333 2956 1546 3010 nobiles
1571 2964 1722 3018 sunt,
1757 2953 1924 3009 duces
1955 2954 2104 3009 ﬁant.

514 3049 910 3122 lugenuitatem
944 3053 1092 3106 enim
1131 3052 1387 3115 habeant,
1442 3058 1504 3103 ut
1536 3049 1591 3102 in
1638 3047 1758 3116 ipso
1789 3049 1947 3117 quasi
1973 3050 2106 3102 arti-

513 3146 640 3200 culo
683 3146 945 3216 tetnporis
979 3146 1246 3215 imperata
1295 3142 1538 3207 iaciant;
1581 3143 1973 3198 abundantiam
2016 3158 2113 3197 au—

514 3249 624 3292 tem
655 3238 1000 3305 divitiarum,
1045 3247 1104 3292 ut
1157 3237 1371 3307 possint
1406 3235 1675 3291 militibus
1707 3251 1740 3290 e
1763 3234 1936 3304 copiis
1995 3236 2111 3290 suis

515 3331 790 3385 interdum
821 3331 1028 3400 aliquid
1060 3329 1504 3385 subministrare.
1540 3328 1752 3383 Etenim
1785 3345 1990 3400 parvus
2014 3331 2102 3386 hic

513 3435 792 3494 sumptus,
817 3425 863 3480 si
890 3440 920 3478 a
949 3424 1207 3487 ducibus,
1238 3433 1294 3478 et
1324 3423 1596 3492 prafectis
1622 3438 1750 3493 erga
1779 3424 1984 3480 milites
2003 3424 2109 3480 sibi

514 3519 795 3588 subiectos
847 3518 939 3572 ﬁat
966 3560 981 3585 ,
1029 3516 1320 3572 benevolos
1356 3517 1536 3572 reddit
1559 3528 1614 3572 et
1646 3517 1856 3572 amicos
1889 3518 2018 3578 illis.
2052 3528 2105 3572 et

517 3610 573 3664 in
641 3608 968 3678 periculosis
1001 3609 1414 3665 discriminibus
1443 3609 1513 3664 ad
1567 3609 1732 3664 vitam
1769 3609 2105 3680 profunden-

515 3702 583 3756 da
593 3719 642 3758 m
680 3719 742 3773 pa
753 3712 898 3758 ratos
927 3704 1074 3758 facit.

589 3891 642 3944 ι.
704 3889 810 3944 Alii
868 3889 1034 3958 igitur
1085 3904 1150 3943 ex
1211 3888 1278 3945 iis
1332 3889 1426 3959 qui
1480 3890 1897 3946 honoratissimi
1953 3902 2100 3957 sunt,

517 3999 831 4037 assessorcs
867 3983 1214 4050 imperatoris
1255 3982 1402 4049 sint;
1437 3984 1528 4037 alii
1563 3997 1748 4039 autem
1801 3985 2004 4050 adsint,
2049 3993 2103 4039 et

517 4075 814 4146 participes
847 4076 1092 4131 universi
1123 4077 1366 4138 Consilii,
1401 4077 1652 4145 sociique
1688 4093 1855 4146 saepe,
1887 4078 1933 4131 si
1968 4091 2101 4132 usus

519 4171 591 4222 ita
626 4168 786 4231 ferat,
843 4168 1009 4221 etiam
1053 4168 1408 4222 secretissuni
1452 4178 1508 4220 et
1557 4167 1922 4222 occultissimi
1969 4182 2102 4223 con-

519 4261 628 4316 silii
667 4262 798 4316 sint.
833 4259 1111 4315 Interdum
1141 4262 1284 4314 enim
1323 4261 1557 4314 fortasse
1589 4260 1777 4324 etiam,
1815 4261 1909 4331 qui
1957 4261 2098 4331 opti-

517 4370 640 4409 mus
673 4364 775 4415 est,
802 4353 1004 4424 cogitat
1031 4368 1214 4407 secum
1243 4352 1374 4422 quid
1411 4353 1542 4407 utile
1573 4353 1665 4416 sit,
1694 4362 1748 4407 et
1789 4354 1916 4421 hoc,
1947 4354 2096 4424 quod

2229 465 2500 533 ἰσχυροὺς,
2539 465 2865 535 εὐρώστους,
2902 467 3195 536 εὐψύχους,
3229 466 3516 538 εὐπόρους,
3553 468 3694 521 ὥστε
3711 470 3822 524 αὐ-

2221 559 2368 620 τοὺς,
2421 560 2478 610 ὲν
2522 557 2601 627 τῷ
2646 556 2931 627 causam,
2969 559 3137 628 ἤγουν
3166 562 3225 613 ὲν
3274 562 3340 630 τῇ
3386 565 3682 632 συναγωγῇ
3714 562 3822 616 τοῦ

2224 649 2493 716 φοσσάτου
2541 651 2620 708 είς
2668 651 2769 720 τὴν
2822 650 2959 704 ίδίαν
3007 651 3298 720 στρατείαν
3346 652 3818 723 ἀσχολουμένους,

2223 736 2366 808 ἔχειν
2394 739 2452 790 ὲν
2477 742 2589 801 τοῖς
2620 739 2773 801 ἰδίοις
2803 740 2976 802 οἴκοις
2999 742 3219 810 ἐτέρους
3251 742 3378 805 τοὺς
3402 741 3818 812 γεωργοῦντας,

2222 831 2319 884 καὶ
2352 831 2423 883 τὰ
2459 831 2596 902 πρὸς
2623 833 2971 903 ἀπαρτισμὸν
3020 832 3298 898 ἐξόπλισιν
3342 834 3434 888 τοῦ
3474 835 3820 906 στρατιώτου

2221 926 2479 994 χορηγεῖν
2508 924 2863 994 δυναμένους,
2911 925 3156 995 δηλονότι
3207 926 3525 997 ἐλευθέρους
3569 928 3698 991 τοὺς
3730 927 3823 980 οτ-

2222 1035 2351 1082 κους
2396 1019 2618 1088 ἔχοντας
2671 1019 2782 1073 τῶν
2834 1019 3012 1071 ἄλλων
3055 1019 3246 1072 πασῶν
3278 1019 3372 1072 τοῦ
3409 1019 3671 1091 δημοσίου
3701 1021 3824 1074 δου-

2219 1109 2399 1163 λειῶν.
2441 1112 2517 1164 Οὐ
2564 1111 2674 1180 γάρ
2701 1109 3007 1180 βουλόμεθα
3044 1110 3134 1163 τὸν
3179 1111 3449 1180 ἡμέτερον
3475 1109 3822 1181 συστρατιώ-

2218 1219 2320 1272 την
2361 1203 2557 1273 (οὕτως
2601 1204 2712 1274 γάρ
2740 1201 2852 1272 ἐγὼ
2905 1202 3054 1256 καλῶ
3085 1202 3176 1257 τὸν
3205 1201 3514 1274 ἀριστεύειν
3545 1202 3819 1273 μέλλοντα

2219 1296 2360 1367 ὑπέρ
2388 1313 2448 1348 τε
2495 1296 2597 1365 τῆς
2639 1297 2796 1368 ἡμῶν
2829 1296 3130 1366 βασιλείας,
3184 1294 3278 1349 καὶ
3319 1296 3417 1364 τῆς
3459 1296 3817 1365 φιλοχρίστου

2217 1388 2327 1441 τῶν
2360 1389 2648 1458 Ῥωμαίων
2671 1389 2968 1452 πολιτείας,
2987 1390 3044 1442 ὲν
3057 1391 3169 1451 τοῖς
3185 1391 3326 1440 κατὰ
3351 1388 3477 1441 πόλε
3489 1405 3589 1457 μον
3605 1389 3817 1458 ἔργοις)

2217 1483 2357 1554 πλὴν
2415 1484 2574 1553 μόνον
2604 1482 2699 1536 τοῦ
2733 1483 2992 1554 δημοσίου
3035 1481 3224 1545 τέλους
3275 1482 3439 1557 ἑτέρᾳ
3486 1481 3816 1534 ὑποκεῖσθαι

2218 1576 2510 1648 οίᾳδήποτε
2540 1575 2776 1647 δουλείᾳ.

2289 1667 2352 1739 β’.
2412 1668 2740 1740 Διαιρεὶσθω
2789 1668 2968 1720 τοίνυν
2997 1670 3023 1719 ὁ
3058 1669 3165 1729 πᾶς
3214 1666 3318 1719 ὑπὸ
3366 1668 3424 1718 σὲ
3461 1667 3693 1738 στρατδς
3735 1673 3814 1732 εἰς

2213 1762 2494 1829 τάγματα,
2541 1762 2711 1831 ἤγουν
2763 1761 2831 1813 τὰ
2876 1761 3142 1828 λεγόμενα
3203 1760 3371 1828 βάνδα
3408 1759 3664 1828 διάφορα,
3717 1764 3815 1814 καὶ

2215 1853 2294 1904 ἔτι
2327 1852 2749 1923 ὐποδιαιρείσθω
2780 1853 2860 1914 είς
2891 1851 3210 1920 δεκαρχίας.
3240 1849 3345 1902 Καὶ
3376 1855 3812 1920 καταστήτῳταν

2215 1946 2292 2005 εἰς
2322 1944 2388 1996 τὰ
2413 1944 2679 2013 λεγόμενα
2719 1942 3127 2012 κοντουὸέρνια.
3178 1940 3364 1994 Ταῦτα
3385 1940 3442 1992 δὲ
3467 1940 3811 2007 γινέσθωσαν

2215 2035 2309 2089 καὶ
2364 2033 2474 2087 ἀπὸ
2527 2033 2688 2086 πέντε
2753 2033 3020 2094 πολλάκις
3071 2032 3165 2084 καὶ
3216 2030 3325 2082 ἀπὸ
3381 2029 3517 2083 δέκα
3573 2030 3810 2100 ἀνδρῶν,

2213 2128 2383 2198 ἠγουν
2443 2126 2587 2180 κατά
2645 2125 2966 2196 δεκαρχίαν,
3021 2125 3054 2195 ἢ
3109 2122 3169 2176 ἓν
3231 2121 3720 2194 κοντουρὸέρνιον,
3774 2123 3807 2194 ἢ

2213 2217 2329 2274 δύο.

2285 2309 2355 2380 γ’.
2384 2310 2495 2364 Καὶ
2515 2311 2543 2363 ὁ
2575 2310 2674 2380 μὲν
2701 2308 2934 2380 στρατὸς
2966 2308 3088 2371 ὅλος
3137 2305 3460 2378 διαιρείσθω
3507 2306 3683 2371 οὕτως
3727 2307 3810 2370 είς

2216 2404 2498 2474 τάγματα,
2530 2403 2625 2455 καλ⁸
2653 2406 2732 2464 εἰς
2754 2402 3073 2472 δεκαρχίας.
3093 2401 3510 2468 Ἑπιστήτωσαν
3539 2400 3597 2452 δὲ
3623 2402 3809 2463 αὐτοῖς

2216 2499 2477 2568 ἄρχοντες
2509 2496 2654 2550 κατὰ
2688 2495 2876 2566 βάνδα,
2917 2495 3013 2548 καὶ
3041 2493 3340 2564 δρούγγους
3369 2535 3383 2561 ,
3413 2495 3506 2546 καὶ
3535 2496 3805 2562 τούρμας,

2213 2591 2306 2643 καὶ
2335 2589 2433 2653 τὰς
2450 2576 2629 2651 ’ἄλλας
2656 2587 2884 2650 δεούσας
2933 2585 3126 2657 ἀρχάς.
3157 2586 3206 2638 οἱ
3247 2585 3573 2638 ἱκανώτατοι
3599 2626 3611 2649 ,
3642 2587 3808 2656 ἡγουν

2213 2681 2327 2733 ὅσοι
2350 2681 2445 2734 καὶ
2481 2679 2664 2732 πιστοὶ
2694 2677 2790 2732 καὶ
2812 2676 3156 2746 εὐγνώμονες
3175 2677 3452 2746 φαίνονται
3480 2679 3545 2746 τῇ
3582 2678 3810 2746 Ῥωμαῖ-

2213 2778 2281 2844 κῇ
2308 2773 2554 2843 πολιτείᾳ
2575 2771 2756 2843 ἡμῶν,
2784 2771 3193 2841 μαρτυροῦνται
3215 2771 3272 2822 δὲ
3298 2770 3395 2823 καὶ
3419 2770 3808 2841 ἀνδρειότεροι.

2212 2868 2376 2920 Οὐδὲν
2414 2866 2468 2920 δὲ
2499 2865 2699 2919 κωλύει
2735 2867 2825 2920 καὶ
2859 2863 3277 2935 εὐπορωτάτους
3308 2864 3506 2927 αὐτοὺς
3527 2861 3673 2916 εἶναι
3714 2862 3807 2917 καὶ

2210 2961 2451 3029 εὐγενεῖς
2475 2959 2617 3013 κατά
2641 2975 2698 3012 τε
2724 2959 2785 3012 τὸ
2814 2959 2994 3027 γένος,
3019 2959 3113 3010 καὶ
3127 2957 3226 3028 τὴν
3249 2956 3348 3026 τῆς
3371 2957 3549 3027 ψυχῆς
3576 2957 3805 3028 ἀρετήν.

2215 3054 2326 3125 Τὴν
2365 3055 2464 3122 μὲν
2491 3055 2772 3122 εὐγένειαν
2808 3053 2975 3124 ἔχειν,
3012 3053 3100 3106 ἵνα
3128 3046 3230 3106 ὦσι
3277 3053 3558 3123 πρόχειροι
3595 3055 3653 3105 ὲν
3684 3052 3808 3117 ὀξύ-

2220 3163 2342 3215 τητι
2382 3145 2475 3197 τοῦ
2512 3144 2707 3217 καιροῦ
2744 3147 2872 3217 περὶ
2904 3146 3003 3210 τὰς
3050 3145 3414 3215 κελευομένας
3441 3145 3630 3209 αὐτοῖς
3675 3146 3810 3215 πρά-

2221 3237 2354 3304 ξεις.
2381 3239 2491 3308 Τὴν
2523 3239 2578 3291 δὲ
2598 3240 2879 3311 εὐπορίαν,
2905 3240 2994 3293 ἶνα
3019 3239 3278 3293 δύνωνται
3302 3242 3415 3301 τοῖς
3449 3240 3809 3311 στρατιώταις

2218 3333 2282 3384 ὲκ
2330 3329 2648 3400 περιουσίας
2684 3331 2968 3396 πολλάκις,
3008 3333 3057 3383 εί
3104 3331 3310 3401 δεήσει,
3363 3335 3642 3402 χορηγεῖν.
3700 3335 3810 3387 Καὶ

2217 3425 2326 3496 γάρ
2353 3423 2509 3496 ὀλίγη
2553 3424 2692 3495 τάχα
2723 3425 2962 3495 χορηγία
2986 3425 3095 3479 ἀπὸ
3117 3426 3226 3478 τῶν
3270 3425 3589 3496 ἡγουμένων
3615 3426 3810 3498 ἀρχόνο

2215 3535 2323 3570 των
2355 3517 2491 3588 πρὸς
2523 3518 2649 3581 τοὺς
2679 3517 3158 3587 ὐποτακτομένους
3185 3517 3445 3587 γινομένη
3476 3515 3811 3571 εὐνούστατα

2214 3613 2307 3664 καὶ
2334 3610 2486 3681 φιλίᾳ
2513 3611 2651 3681 πρὸς
2680 3609 2880 3674 αὐτοὺς
2917 3591 3330 3681 παρασκευάζει
3357 3609 3428 3663 τὰ
3459 3608 3667 3681 πλήθη,
3715 3610 3810 3665 καὶ

2215 3703 2676 3771 συναγωνίζεσθαι
2715 3704 2877 3775 μέχρι
2921 3704 3018 3758 καὶ
3043 3705 3234 3766 τέλους
3283 3706 3342 3758 ἐν
3369 3705 3485 3768 τοῖς
3536 3703 3614 3768 ὡς
3659 3705 3809 3772 εἰκὸς

2212 3798 2547 3870 ἐμπίπτουσι
2579 3797 2869 3862 κινδύνοις.

2281 3888 2344 3940 δ’.
2385 3890 2448 3942 Οί
2472 3888 2529 3942 δὲ
2557 3888 2804 3958 μείζονες
2832 3887 3012 3942 αὐτῶν
3035 3889 3128 3941 καὶ
3153 3889 3514 3958 ἐντιμώτατοι
3554 3891 3652 3944 καὶ
3686 3909 3810 3944 συν-

2209 3979 2420 4050 εδρεύοι
2470 3981 2550 4052 τῷ
2606 3981 2920 4053 στρατηγῷ.
2954 3982 3018 4034 Οἱ
3073 3982 3130 4033 δὲ
3183 3983 3278 4036 καὶ
3330 3983 3656 4053 παρέσονται
3712 3983 3808 4037 καὶ

2211 4073 2498 4144 μεθέξουσι
2536 4075 2633 4127 σὺν
2654 4074 2815 4145 ἀὐτῷ
2842 4076 3022 4145 πάσης
3054 4075 3247 4146 βουλῆς
3283 4077 3377 4128 καὶ
3410 4077 3805 4148 κοινωνήσουσί

2207 4183 2310 4220 που
2340 4169 2433 4220 καὶ
2477 4167 2704 4237 γνώμης
2731 4168 2779 4222 εἰ
2813 4168 2967 4238 τύχοι
3004 4169 3102 4224 καὶ
3136 4171 3470 4240 ἀπορρήτου,
3523 4172 3618 4224 καὶ
3665 4188 3804 4242 κρυ-

2206 4260 2350 4330 πτῆς
2370 4277 2384 4290 ο
2420 4261 2514 4314 καὶ
2545 4261 2653 4330 γάρ
2675 4278 2758 4323 τις
2782 4262 2924 4330 τάχα
2947 4261 3040 4314 καὶ
3063 4262 3282 4332 ἄριστος
3307 4262 3381 4314 ὦν
3406 4264 3576 4316 ὲννοεί
3611 4264 3713 4332 μέν
3751 4281 3804 4316 τι

2205 4353 2509 4423 χρήσιμον·
2545 4351 2780 4420 βεϐαίως
2822 4352 2876 4404 δὲ
2920 4353 2988 4404 τὰ
3031 4353 3228 4406 ἑαυτοῦ
3271 4354 3432 4421 μόνας
3474 4353 3799 4406 οἰκειοῦται*

516 4450 634 4516 ipse
663 4447 953 4510 invenerit,
983 4446 1103 4500 sine
1133 4445 1242 4499 ulla
1280 4446 1621 4500 dubitatione
1657 4445 1926 4516 optimum
1971 4461 2095 4502 esse

2214 4445 2394 4516 γνώμη
2431 4446 2538 4514 γὰρ
2568 4447 2599 4514 ἡ
2638 4444 2803 4514 βουλὴ
2836 4447 3040 4515 ἑκάστη
3069 4463 3082 4476 ·
3124 4447 3156 4515 ἡ
3199 4447 3297 4517 μὲν
3326 4446 3635 4517 ἀϐοήθητος
3667 4443 3804 4500 οῦσα

514 4549 687 4608 putat.
722 4537 1006 4592 Sententia
1037 4537 1204 4604 enim,
1235 4545 1291 4592 et
1318 4537 1612 4592 consilium
1639 4538 2098 4609 uniuscujusque,

515 4632 562 4686 si
600 4616 906 4702 singulare,
946 4641 1000 4685 et
1060 4630 1225 4686 unius
1275 4629 1453 4685 solum
1511 4629 1752 4684 hominis
1809 4629 1997 4696 fuerit,
2044 4632 2099 4685 in

514 4738 678 4778 suum
741 4722 917 4792 ipsius
974 4721 1260 4776 inventum
1315 4720 1492 4774 solum
1539 4721 1815 4785 intuetur;
1864 4720 2099 4775 aliorum

2208 4538 2338 4606 περὶ
2367 4535 2467 4605 τὴν
2503 4535 2640 4588 ίδίαν
2677 4535 2894 4607 εῦρεσιν
2934 4539 3104 4606 μόνην
3143 4537 3465 4602 ἀποϐλέπει,
3511 4538 3544 4608 ἡ
3576 4539 3687 4593 ὑπὸ
3715 4538 3807 4592 καὶ

2206 4627 2384 4682 ἄλλων
2447 4623 2674 4678 πολλῶν
2713 4628 3121 4697 μαρτυρηθείσα
3171 4627 3459 4681 πιστοῦται
3520 4629 3615 4680 καὶ
3672 4630 3807 4682 ἀνασ-

2208 4719 2458 4789 φαίνεται
2491 4718 2657 4788 μηδὲν
2685 4718 2882 4787 ἔχουσα
2913 4719 3200 4791 σφαλερόν.

513 4827 694 4871 autem
750 4817 1032 4870 hominum
1071 4817 1385 4880 consilium,
1456 4817 1503 4872 si
1567 4817 1932 4888 adjungatur,
1995 4816 2345 4873 examinatur
2389 4818 2494 4871 hoc
2555 4817 2867 4882 consilium,
2937 4829 2989 4872 et
3034 4821 3196 4889 quale
3246 4822 3316 4876 sit
3381 4821 3663 4886 elucescit,
3749 4832 3806 4878 et

513 4912 681 4967 semel
713 4927 742 4964 a
775 4911 1026 4981 pluribus
1056 4913 1439 4982 approbatum,
1474 4913 1610 4967 nihil
1657 4913 1929 4968 lubricum
1969 4923 2064 4970 aut
2101 4929 2305 4984 anceps
2339 4917 2625 4968 continere
2681 4915 2946 4969 creditur.

585 5009 637 5063 5.
705 5007 809 5060 Par
869 5016 954 5062 est
1011 5007 1178 5079 igitur
1255 5010 1505 5078 quemvis
1563 5010 1953 5080 imperatorem
2014 5011 2097 5082 (ut

515 5115 735 5154 rursum
771 5099 869 5153 tibi
900 5099 1105 5153 eisdem
1141 5099 1206 5153 de
1249 5101 1411 5154 rebus
1451 5100 1858 5171 praecipiamus)
1918 5114 2098 5170 neque

513 5197 587 5250 ita
620 5195 808 5249 animo
842 5195 1053 5248 incerto
1099 5208 1242 5256 esse,
1294 5204 1352 5246 ut
1396 5194 1512 5263 ipse
1554 5193 1656 5248 sibi
1715 5194 1819 5261 ipsi
1871 5196 2097 5248 omnino

509 5289 737 5353 diﬂldat,
797 5294 976 5358 neque
1013 5293 1205 5344 contra
1258 5287 1330 5341 ita
1384 5285 1676 5357 praefracto
1725 5294 1780 5341 et
1832 5287 2096 5358 singulari

494 5384 718 5450 animo,
766 5390 828 5436 ut
857 5381 994 5436 nolit
1022 5380 1089 5436 ad
1125 5381 1351 5436 honesta
1386 5382 1622 5435 aliorum
1650 5380 1882 5435 consilia
1920 5389 2099 5434 atten-

509 5478 659 5532 dere.
692 5472 928 5531 Necesse
957 5483 1039 5530 εει
1062 5474 1208 5529 enim
1249 5474 1331 5530 vel
1367 5483 1427 5528 ut
1457 5474 1704 5530 omnium
1752 5474 2019 5540 consiliis,
2051 5474 2098 5541 si

510 5582 569 5623 se
594 5567 707 5630 dct,
736 5575 791 5621 et
820 5563 956 5620 nihil
975 5564 1215 5636 sibiipse
1245 5565 1470 5631 tribuat,
1500 5580 1878 5636 saepenumero
1898 5565 1952 5620 in
1981 5579 2101 5620 cre-

511 5659 639 5714 bras
665 5656 997 5713 oﬂ‘ensiones
1044 5657 1294 5714 incidat:
1330 5658 1412 5713 vel
1463 5660 1507 5713 si
1550 5657 1675 5713 aliis
1734 5656 1886 5712 nullo
1937 5658 2101 5712 modo

513 5754 744 5820 nitatur,
768 5751 862 5809 sed
892 5752 998 5809 sibi
1037 5753 1138 5810 soli
1177 5752 1328 5821 ﬁdat,
1363 5753 1599 5824 turpiter
1635 5767 1791 5827 saepe
1839 5751 2100 5830 prolaba:

2263 5018 2323 5065 ε’.
2363 5012 2579 5081 Πρέπον
2609 5011 2701 5066 οῦν
2729 5015 2875 5066 ἐστιν
2905 5007 3046 5066 εἶναι
3087 5013 3178 5066 τὸν
3211 5013 3543 5084 στρατηγὸν,
3578 5013 3665 5066 ἵνα
3710 5013 3804 5068 καὶ

2194 5105 2358 5158 πάλιν
2437 5124 2519 5159 σοι
2583 5107 2845 5175 περὶτῶν
2905 5107 3083 5159 αὐτῶν
3139 5107 3599 5176 παραινέσωμενο
3661 5111 3804 5178 μήτε

2194 5199 2368 5263 οὕτως
2403 5200 2635 5254 ἄστατον
2659 5199 2756 5270 τὴν
2778 5200 3017 5254 διάνοιαν
3061 5198 3148 5252 ἵνα
3180 5200 3342 5261 αὐτὸς
3375 5199 3557 5269 ἑαυτῴ
3595 5218 3803 5254 παντε-

2194 5291 2301 5353 λῶς
2347 5293 2571 5363 ἐπιστῇ,
2619 5294 2756 5362 μήτε
2809 5291 2982 5352 οὕτως
3009 5291 3216 5361 αὐθάδη
3253 5293 3345 5345 καὶ
3377 5293 3692 5363 μονότατον,
3724 5295 3802 5358 ώς

2199 5382 2274 5452 μὴ
2305 5381 2591 5453 βούλεσθαι
2631 5382 2762 5454 παρ’
2794 5383 3000 5453 ἑτέρων
3033 5383 3252 5438 κάλλιόν
3291 5401 3343 5436 τι
3370 5384 3562 5456 νοηθὲν
3585 5385 3804 5456 ἀναμα·

2208 5473 2342 5528 θεῖν.
2387 5474 2626 5548 Ἀνάγκη
2669 5474 2779 5546 γὰρ
2818 5475 2982 5528 αὐτὸν
3019 5475 3052 5547 ἦ
3087 5479 3224 5530 πᾶσι
3275 5478 3387 5541 τοῖς
3431 5476 3613 5540 ἄλλοις
3661 5478 3806 5531 κατὰ

2209 5566 2388 5620 πάντα
2421 5567 2782 5638 προσέχοντα,
2830 5567 2925 5621 καὶ
2955 5569 3095 5623 κατά
3127 5568 3338 5640 μηδένα
3371 5567 3552 5640 ἑαυτῷ
3579 5569 3805 5623 πιστιύο

2207 5678 2358 5726 οντα,
2407 5660 2668 5724 πολλάκις
2713 5659 2886 5714 πολλά
2940 5664 3036 5714 καὶ
3081 5658 3381 5731 ἀσύμφορα
3421 5659 3800 5732 πράττεσθαι·

2209 5753 2242 5825 ἢ
2297 5752 2432 5824 μηδὲ
2478 5753 2678 5822 ὀλίγων
2732 5751 3022 5818 ἀκούοντα,
3071 5751 3249 5806 πάντα
3292 5752 3338 5805 δ’
3394 5751 3574 5820 ἑαυτῷ
3632 5765 3806 5804 κατα.
