4078 6306
226 303 347 369 701

1337 302 1383 361 Τ
1388 301 1740 364 ACTICA.-—
1760 300 2264 363 CONSTITUTIO
2305 302 2404 363 IV.

3402 307 3504 369 702

225 412 585 477 πιστεύοντα,
625 412 793 466 πολλά
834 410 1094 474 πολλάκις
1139 410 1234 463 καὶ
1269 409 1482 480 μεγάλα
1521 409 1824 484 διαμαρτά-

1937 418 2037 463 tur.
2057 408 2254 463 Restat
2278 408 2391 478 jam
2420 418 2478 463 ut
2512 409 2689 479 primo
2720 410 2816 464 tibi
2851 412 3097 466 omnium
3118 412 3501 483 pt-azl‘ectorum

225 524 379 560 νειν.
419 503 637 558 Τούτων
667 504 723 557 δὲ
753 504 924 566 οὕτως
971 503 1225 573 ἑχόντων,
1285 502 1554 572 πρότερον
1604 504 1701 571 μὲν
1742 501 1827 566 ἑξ-

222 596 584 668 ονομάσομέν
616 614 699 649 σοι
716 596 912 660 ,ἁπλῶς
934 596 1062 659 τοὺς
1081 596 1514 664 καθισταμένους
1536 594 1825 666 ἄρχοντας,

224 686 348 743 εἷθ’
396 688 569 753 οὓτως
605 690 701 743 καὶ
734 691 801 743 τὰ
848 690 1213 761 γνωρίσματα
1244 688 1448 751 αὑτῶν,
1496 687 1573 751 ὡς
1614 691 1673 741 ὲν
1706 706 1830 743 συν-

222 781 397 852 τόμῳ
421 781 618 844 εἰπεῖν,
648 781 1022 853 διορισὸμεθα.
1044 826 1047 829 .

311 880 394 939 ς’.
433 874 632 945 Πρώτη
661 873 872 945 κεφαλὴ
906 876 934 927 6
959 876 1282 947 στρατηγὸς,
1311 877 1403 929 καὶ
1436 875 1573 944 μετὰ
1596 873 1757 928 αὑτὸν
1780 874 1830 927 οἱ

230 964 542 1037 μεράρχαι,
587 968 681 1019 καὶ
719 966 1093 1037 τουρμάρχαι,
1145 963 1264 1020 εἶτα
1290 968 1670 1037 δρουγγάριοι,
1709 961 1827 1018 εἶτα

226 1057 506 1127 κόμητες,
536 1056 711 1127 ἤγουν
743 1058 792 1108 οἱ
827 1056 935 1109 τῶν
966 1057 1275 1128 λεγομένων
1316 1058 1521 1128 βάνδων
1548 1058 1825 1129 ἄρχοντες.

223 1148 379 1202 Εἶτα
425 1154 473 1202 oi
528 1149 835 1219 κένταρχοι,
895 1147 1093 1221 ἐφεξῆς
1146 1150 1196 1202 οἱ
1248 1151 1527 1222 δέκαρχοι,
1577 1151 1744 1222 ἤγουν
1779 1149 1829 1201 οἱ

221 1242 452 1313 πρῶτοι
500 1241 607 1294 τῶν
649 1242 956 1313 λεγομένων
1000 1242 1193 1297 ἀκιῶν.
1239 1239 1373 1296 Εἶτα
1414 1245 1462 1295 οἱ
1512 1243 1826 1311 πένταρχοι,

222 1336 330 1385 καὶ
365 1333 495 1401 ἑξῆς
547 1335 595 1386 οἱ
630 1335 951 1404 τετράρχαι,
978 1334 1174 1398 οἵτινες
1207 1335 1325 1397 καὶ,
1355 1335 1443 1388 διὰ
1476 1334 1537 1387 τὸ
1567 1333 1829 1404 ἐσχάτους

218 1424 330 1477 τοῦ
366 1425 548 1496 στίχου
576 1426 669 1477 τοῦ
698 1424 838 1478 κατὰ
867 1425 927 1479 τὸ
957 1424 1118 1495 βάθος
1142 1426 1261 1497 ἦτοι
1290 1426 1352 1479 τὸ
1387 1426 1562 1495 πάχος
1593 1425 1695 1495 τῆς
1724 1442 1831 1478 πα-

225 1515 525 1589 ρατάξεως
551 1517 849 1571 τάσσεσθαι
883 1518 1101 1581 αὐτοὺς,
1136 1518 1233 1572 καὶ
1261 1518 1487 1589 οὑραγοὶ
1515 1517 1827 1572 ἐκαλοῦντο.

232 1609 302 1661 Ὀ
333 1610 448 1679 γάρ
482 1608 710 1679 ἔσχατος
738 1609 833 1662 τοῦ
881 1610 1003 1662 ὅλου
1046 1609 1254 1681 στίχου,
1300 1611 1466 1681 ἡγουν
1499 1610 1601 1679 τῆς
1643 1609 1827 1673 άκίας,

1933 503 2251 573 simpliciter
2270 505 2489 558 nomina
2516 521 2924 573 recenseam'us,
2949 509 3144 565 deinde
3162 520 3322 568 notas
3342 528 3507 584 quas-

1932 588 2058 643 dam
2093 590 2313 646 illorutn
2348 608 2513 662 quam
2550 595 2901 664 paucissimis
2933 600 3291 668 exponamus.

2002 867 2057 923 6.
2095 866 2271 937 Caput
2320 867 2486 939 igitur
2534 868 2782 923 omnium
2832 870 3127 940 imperator
3171 872 3275 930 erit
3318 891 3334 930 :
3386 888 3509 947 post

1933 960 2086 1014 illum
2118 960 2440 1024 hierarclne,
2475 961 2525 1015 id
2562 972 2665 1023 est,
2692 972 2998 1017 turmarum
3038 966 3278 1034 praefecti
3317 984 3341 1022 .:
3392 979 3507 1026 tum

1931 1051 2239 1121 drungarii,
2277 1052 2327 1105 id
2360 1062 2464 1116 est,
2498 1053 2705 1107 tribuni
2742 1071 2755 1108 :
2797 1055 2994 1110 deinde
3024 1058 3279 1124 comites,
3313 1059 3367 1115 id
3398 1070 3507 1128 εει,

1933 1144 2237 1199 bandorum
2266 1145 2380 1199 sive
2410 1147 2719 1200 cohortium
2752 1146 2995 1217 praefecti
3032 1167 3044 1203 :
3081 1159 3204 1219 post
3237 1152 3337 1208 hos
3376 1169 3509 1210 cen-

1934 1238 2197 1300 turiones,
2236 1236 2434 1291 deinde
2468 1238 2685 1304 decani,
2723 1240 2776 1294 id
2826 1252 2927 1307 est,
2961 1243 3052 1311 qui
3085 1245 3329 1313 praefecti
3372 1263 3507 1303 cnn-

1933 1328 2318 1383 tubcrniorutn
2348 1339 2477 1385 sunt
2512 1348 2527 1383 :
2574 1332 2771 1388 deinde
2800 1334 3072 1402 quintani,
3105 1340 3382 1407 quartani,
3414 1342 3510 1410 qui

1931 1420 2196 1489 quoniam
2246 1422 2419 1475 ultimi
2476 1423 2529 1476 in
2577 1424 2941 1479 contubernio
2982 1442 3077 1481 seu
3123 1410 3313 1487 ordine
3351 1434 3510 1503 juxta

1932 1512 2275 1579 altitudinem
2324 1515 2407 1569 vel
2446 1515 2789 1572 latitudinem
2841 1519 3123 1576 instructae
3157 1523 3293 1579 aciei
3339 1526 3510 1580 collo—

1933 1614 2149 1671 cantur,
2183 1607 2430 1675 οὐραγοί,
2474 1608 2525 1662 id
2564 1618 2668 1675 est,
2701 1610 2935 1665 caudani
2964 1611 3081 1667 sive
3114 1615 3364 1672 ultimani
3412 1634 3512 1675 no-

220 1700 309 1764 ὡς
360 1701 457 1753 ἐπὶ
503 1702 604 1770 τῆς
646 1701 811 1771 οὐρᾶς
844 1703 1015 1772 αὑτῆς
1047 1703 1218 1768 οὕτως
1247 1704 1484 1760 ἵσταται.
1530 1704 1637 1757 Καὶ
1665 1694 1828 1757 αὗται

1937 1698 2232 1752 minantur.
2270 1697 2524 1755 Extrema
2576 1701 2720 1755 enim
2772 1704 2940 1757 totius
2990 1706 3339 1764 contubernii
3383 1727 3511 1781 pars

223 1794 339 1865 μὲν
372 1796 429 1846 αἱ
457 1796 740 1863 ὀνομασίαι
784 1796 891 1848 τῶν
934 1795 1232 1866 ἀρχόντων.
1273 1797 1392 1851 Εἰσὶ
1424 1796 1479 1850 δὲ
1521 1795 1615 1850 καὶ
1650 1796 1825 1866 ἕτεροι

1937 1790 2091 1859 quasi
2119 1790 2292 1844 cauda
2343 1793 2583 1861 corpori,
2636 1794 2715 1849 sic
2769 1810 2833 1849 ea
2889 1798 3099 1868 reliquo
3150 1804 3511 1860 contubernio

222 1887 359 1940 καθ’
395 1888 627 1941 ἕκαστον
651 1888 858 1955 τάγμα,
900 1889 1018 1958 ἦτοι
1063 1890 1251 1958 βάνδον
1292 1889 1675 1959 διωρισμένοι,
1720 1883 1832 1941 οἷον

223 1976 584 2048 βανδοφόροι,
614 1980 981 2047 σαλπιγκταὶ,
1010 1980 1178 2049 ἠγουν
1211 1980 1616 2051 βουκινάτορες,
1665 1978 1829 2050 θερα-

223 2071 463 2131 πευταὶ,
491 2071 685 2141 ἰατροὶ,
715 2071 810 2125 καὶ
831 2072 1107 2126 διποτάτοι
1139 2072 1274 2143 (20),
1317 2073 1412 2126 ml.
1456 2074 1828 2143 μανδάτωρες,

225 2164 329 2216 καὶ
380 2165 843 2235 παρακλήτορες,
896 2168 945 2220 οἱ
984 2166 1071 2221 διὰ
1117 2168 1292 2237 λόγων
1335 2166 1696 2237 διεγείροντες
1741 2164 1832 2218 τὸν

225 2254 475 2324 στρατὸν
509 2255 644 2325 πρὸς
672 2256 794 2320 τοὺς
824 2256 1040 2326 ἀγῶνάς
1062 2275 1076 2288 ·
1097 2258 1191 2321 οὓς
1214 2258 1264 2310 οἱ
1292 2256 1399 2329 πρὸ
1430 2259 1462 2324 ή
1474 2256 1612 2327 μῶν,
1640 2254 1833 2309 νεώτε-

227 2362 319 2416 ροι
359 2345 421 2399 δὲ
448 2346 556 2399 τῶν
589 2348 785 2413 ἄλλων,
837 2351 1111 2415 τακτικοὶ,
1155 2350 1453 2420 Ῥωμαϊστὶ
1478 2348 1833 2415 καντάτωρας

224 2434 509 2488 ἐκάλουν·
551 2436 643 2488 καὶ
692 2436 869 2508 ἕτεροί
908 2457 1051 2503 τινες
1094 2441 1232 2509 πρὸς
1273 2441 1374 2503 τὰς
1414 2438 1834 2501 ἀνακυπτούσας

226 2527 438 2598 χρείας
486 2529 888 2599 ἀφωρισμένοι,
919 2526 1030 2585 οἷον
1067 2533 1385 2604 αρίὸωνες,
1427 2533 1521 2586 καὶ
1560 2532 1609 2583 οἱ
1634 2531 1830 2585 λοιποί.

226 2617 431 2672 Ταῦτα
472 2618 583 2690 γὰρ
612 2624 679 2692 τῇ
710 2621 806 2674 νῦν
845 2623 1088 2695 πολιτείᾳ
1122 2611 1449 2696 γνωρίζεται
1486 2626 1555 2678 τὰ
1592 2624 1835 2693 ὀνόματα

227 2711 347 2765 τῶν
373 2710 626 2768 παλαιῶν
654 2713 1006 2785 σιγηθέντων,
1031 2718 1175 2790 ειπερ
1202 2720 1343 2773 κατὰ
1379 2719 1563 2791 χώραν
1586 2720 1831 2790 ὑπομνή-

233 2819 433 2874 σομεν.

305 2987 377 3051 ζ’.
418 2985 738 3059 Στρατηγὺς
780 2987 961 3043 τοίνυν
1001 2991 1469 3061 προσαγορεύεται
1499 2993 1527 3044 ὀ
1562 2991 1655 3044 τοῦ
1690 3009 1834 3047 παν-

233 3077 331 3141 τὸς
371 3076 615 3150 στρατοῦ
654 3080 951 3150 κορυφαῖος
992 3098 1053 3132 τε
1102 3082 1195 3133 καὶ
1232 3080 1479 3150 ἡγεμών.
1534 3081 1837 3153 Ὑποστρά-

219 3162 409 3241 ’τηγος
459 3171 545 3235 δὲ,
574 3174 602 3226 6
648 3172 746 3242 τὴν
795 3173 1055 3242 δευτέραν
1096 3173 1270 3243 τούτῳ
1315 3173 1470 3238 τάξιν
1517 3176 1828 3259 ἐκπληρῷν.

248 3262 666 3333 Ὑπολαμϐάνω
694 3264 751 3317 δὲ
775 3262 849 3326 ὡς
876 3265 923 3317 οἱ
977 3264 1326 3334 παλαιότεροι
1350 3266 1506 3334 ἡμῶν
1532 3266 1836 3337 ὑποστρατ-

238 3356 414 3426 ήγους
436 3354 540 3427 μὲν
557 3356 785 3409 ἐκάλουν
806 3357 930 3419 τοὺς
957 3361 1317 3428 στρατηγοὺς,
1344 3358 1431 3411 διὸ.
1454 3360 1514 3411 τὸ
1530 3359 1834 3428 στρατηγὸν

243 3449 514 3503 ἁπάντων
551 3449 711 3519 κῦρις
747 3444 885 3502 εἶναι
921 3448 1013 3502 τὸν
1060 3450 1305 3519 βασιλέα,
1346 3452 1410 3503 ἐκ
1460 3451 1750 3521 προσώπου
1780 3450 1837 3502 δὲ

218 3540 414 3594 -αὑτοῦ
446 3536 590 3594 εῖναι
628 3541 750 3594 καθ’
784 3542 1013 3595 ἕκαστον
1048 3542 1190 3612 Θέμα
1233 3543 1325 3596 τὸν
1369 3542 1693 3614 στρατηγόν.
1726 3540 1838 3596 Καὶ

243 3635 335 3689 διὰ
364 3636 466 3706 τὴν
501 3635 756 3704 τοιαύτην
798 3637 978 3688 αἰτίαν
1017 3637 1045 3688 6
1083 3636 1392 3707 στρατηγὸς
1423 3636 1838 3705 ὑποστράτηγος

244 3729 539 3793 ἐκαλεῖτο,
578 3729 880 3800 στρατηγὸς
919 3729 975 3782 δὲ
1018 3730 1223 3799 κυρίως
1254 3729 1470 3796 ἐλέγετο
1506 3731 1535 3783 6
1567 3732 1630 3781 ὲκ
1659 3744 1834 3799 ,προσ-

245 3819 402 3873 ώπου
462 3820 731 3892 βασιλέως
768 3822 862 3873 ἐπὶ
915 3821 1134 3875 πάντων
1176 3821 1391 3891 κεφαλὴ
1434 3820 1838 3891 ἀποστελλόμε-

246 3930 362 3979 νος,
390 3914 536 3986 ἕχων
562 3914 1012 3985 ὑποστρατήγους
1048 3915 1177 3978 τοὺς
1207 3914 1315 3967 τῶν
1350 3914 1602 3986 θεμάτων
1635 3929 1835 3984 στρατ-

249 4006 444 4077 ηγούς.
491 4008 668 4079 Ὅπερ
692 4009 839 4063 ἐστὶν
868 4008 1111 4079 ἄριστον.
1172 4011 1177 4016 ’

322 4097 395 4170 η’.
435 4098 555 4153 Νῦν
588 4098 649 4151 δὲ
690 4100 1103 4168 ὑποστράτηγος
1147 4098 1209 4152 οὑ
1256 4096 1583 4168 γνωρίζεται
1612 4097 1660 4148 εἰ
1686 4095 1759 4165 μή
1785 4112 1839 4147 τι

250 4191 630 4262 ὁκαλούμενος
658 4190 961 4262 μεράρχης,
991 4191 1086 4244 καὶ
1107 4190 1462 4260 τουρμάρχης
1491 4188 1638 4242 ἔστιν
1673 4188 1838 4241 ὄποτε

252 4282 595 4354 καλούμενος
624 4282 926 4353 μεράρχης,
967 4283 1085 4353 ἢτοι
1116 4283 1144 4335 6
1169 4283 1262 4335 τοῦ
1310 4280 1509 4352 μέρους
1537 4280 1636 4350 τῆς
1664 4279 1840 4351 ἀρχῆς

254 4375 279 4425 ὲ
288 4374 787 4444 μπεπιστευμένος.

328 4559 395 4616 θ’.
431 4562 805 4633 Δρουγγάριος
833 4561 889 4616 δὲ
915 4561 1134 4630 λέγεται
1166 4563 1194 4615 6
1230 4562 1359 4633 μιᾶς
1396 4561 1587 4631 μοίρας
1633 4560 1838 4631 ἄρχων,

256 4653 380 4722 ἥτις
431 4655 540 4707 ὑπὸ
591 4651 685 4706 τοῦ
747 4653 947 4724 μέρους
1001 4652 1095 4707 τοῦ
1151 4655 1497 4725 τουρμάρχου
1553 4652 1840 4706 τάσσεται.

258 4743 442 4814 Μέρος
470 4743 581 4815 γάρ
610 4746 759 4797 ὲστιν
779 4746 813 4815 ή
841 4744 1055 4814 τοὺρμα
1079 4743 1140 4797 τὸ
1160 4745 1226 4797 ὲκ
1246 4742 1413 4814 τριῶν
1438 4741 1645 4814 μοιρῶν
1672 4742 1842 4812 ἦγουν

260 4836 547 4905 δρούγγων
588 4836 942 4906 συγκείμενον
989 4835 1282 4907 ἄθροισμα.
1338 4836 1519 4906 Μοῖρα
1560 4833 1619 4886 δέ
1671 4835 1840 4897 ἐστιν,

264 4926 385 4995 ἦτοι
432 4926 719 4998 δροῦγγος,
759 4928 821 4981 τὸ
857 4928 923 4979 ἐκ
960 4927 1260 4998 ταγμάτων
1306 4927 1427 4997 ἦτοι
1469 4923 1678 4997 ἀνδρῶν
1730 4923 1841 4977 τῶν

265 5015 575 5090 λεγομένων
595 5020 852 5092 κομήτων
876 5019 1232 5091 συγκείμενον
1262 5017 1486 5089 πλῆθος.

340 5192 392 5247 ι’.
435 5196 629 5268 Κόμης
671 5196 729 5249 δέ
777 5196 948 5260 ἐστιν,
991 5195 1021 5248 6
1052 5193 1145 5248 τοῦ
1195 5193 1314 5257 ἑνὸς
1353 5192 1665 5264 τάγματος,
1722 5192 1841 5259 ἦτοι

272 5284 482 5353 βάνδου,
516 5288 914 5359 ἀφηγούμενος.

346 5376 435 5432 ια’.
454 5381 761 5453 Κένταρχος
772 5381 830 5433 δέ
847 5381 1013 5445 ἐστιν,
1028 5381 1057 5434 6
1072 5378 1264 5434 ἑκατὸν
1276 5378 1485 5451 ἀνδρῶν
1496 5377 1703 5451 ἄρχων,
1723 5379 1844 5450 ἢτοι

274 5468 688 5546 ἑκατόνταρχος,
724 5474 873 5538 ὅστις
907 5473 1002 5528 καὶ
1036 5472 1142 5528 ὑπὸ
1177 5472 1271 5526 τὸν
1310 5471 1523 5543 κόμητα
1561 5472 1838 5531 τέτακται.

1933 1882 2193 1938 adhaeret.
2250 1884 2431 1953 Atque
2480 1885 2585 1939 ista
2642 1888 3023 1956 praefectorum
3078 1904 3207 1948 sunt
3261 1897 3507 1953 nomina.

1935 1974 2071 2029 Sunt
2127 1989 2308 2032 autem
2368 1990 2422 2035 et
2472 1980 2561 2034 alii
2615 1980 2669 2035 in
2729 1998 3057 2055 unaquaque
3118 1988 3344 2045 cohorte
3398 1996 3511 2046 sive

1934 2068 2114 2122 bando
2149 2069 2387 2138 pra-fecti
2421 2074 2685 2142 separati,
2731 2084 2790 2130 ut
2822 2077 3186 2149 bandophori,
3241 2084 3511 2141 tubicines

1934 2161 2048 2215 sive
2101 2161 2503 2232 buccinatores,
2549 2166 2880 2235 administri,
2938 2172 3231 2240 despotati,
3281 2177 3512 2233 manda-

1936 2263 2098 2317 torcs,
2130 2262 2183 2308 et
2214 2256 2616 2321 cohortatores,
2648 2262 2741 2331 qui
2790 2265 3039 2319 oratione
3076 2282 3175 2322 sua
3210 2268 3410 2326 milites
3442 2272 3512 2329 ad

1932 2348 2187 2415 prcelium
2217 2350 2478 2417 excitent,
2510 2368 2648 2421 quos
2678 2366 2802 2412 ante
2850 2373 2948 2413 nos
2994 2362 3326 2421 recentiores
3374 2369 3512 2424 artis

1936 2442 2191 2497 militaris
2218 2445 2398 2514 periti,
2434 2446 2623 2502 Latine
2649 2440 2959 2508 cantatores
2988 2456 3258 2513 vocabant
3287 2477 3302 2515 :
3334 2470 3388 2515 et
3417 2463 3514 2518 alii

1934 2543 2194 2600 praeterea
2229 2536 2291 2587 ad
2330 2551 2464 2591 usus
2510 2553 2693 2593 rerum
2748 2553 3093 2614 emergentes
3137 2549 3381 2615 quotidie
3426 2567 3533 2607 se-.

1937 2627 2131 2692 parati,
2190 2638 2247 2679 nt
2298 2629 2582 2685 scribones
2638 2648 2655 2686 :
2712 2633 2829 2688 haec
2875 2636 3023 2690 enim
3085 2640 3352 2696 vocabula
3411 2644 3516 2699 hoc

1936 2723 2181 2787 tempore
2209 2719 2259 2771 in
2284 2719 2387 2775 hac
2420 2723 2729 2793 reipublicae
2768 2726 2944 2783 forma
2978 2730 3179 2787 usitata
3212 2741 3266 2787 ει
3299 2744 3514 2806 recepta

1937 2819 2091 2876 sunt,
2123 2812 2367 2880 antiquis
2406 2817 2705 2882 vocabulis,
2741 2822 3207 2889 quemadmodum
3243 2841 3345 2881 suo
3391 2828 3515 2883 loco

1938 2900 2204 2965 dicemus,
2236 2919 2374 2973 pene
2401 2907 2699 2976 abrogatis.

2010 2993 2063 3046 7.
2133 2995 2437 3065 Imperator
2503 3000 2671 3069 igitur
2728 3002 3053 3073 appellatur,
3106 3009 3200 3078 qui
3257 3011 3516 3068 universo

1939 3080 2199 3136 exercitui
2235 3094 2450 3153 praeest,
2487 3096 2542 3141 et
2590 3089 3007 3148 administrator
3059 3095 3206 3152 illius
3246 3101 3517 3171 quasique

1940 3176 2138 3242 przesul
2167 3185 2271 3230 est.
2312 3175 2575 3249 Princeps
2624 3192 2829 3248 autem,
2877 3186 2973 3253 qui
3027 3190 3339 3257 proximum
3390 3195 3519 3250 huic

1938 3268 2114 3322 locum
2148 3278 2314 3325 tenet.
2348 3272 2616 3331 Existimo
2647 3286 2794 3334 certe
2822 3281 3184 3349 majoreseos
3206 3302 3345 3355 quos
3373 3304 3519 3345 nunc

1938 3360 2207 3445 principes
2277 3364 2650 3432 appellamus,
2708 3369 3066 3439 imperatores
3145 3376 3274 3431 olim
3338 3394 3519 3433 nomt~

1941 3472 2101 3511 nasse
2131 3476 2143 3512 ι
2178 3459 2307 3528 quia
2359 3460 2613 3530 princeps
2664 3464 3100 3538 uniuscujusque
3142 3470 3366 3527 ditionis
3406 3489 3520 3528 suae

1939 3550 2095 3618 quasi
2127 3550 2426 3621 imperator
2455 3562 2561 3619 εει,
2598 3564 2652 3610 ct
2681 3556 2781 3612 hac
2814 3557 2880 3613 de
2911 3574 3078 3615 causa
3114 3563 3366 3635 princeps
3408 3566 3517 3621 im-

1939 3652 2156 3711 perator
2186 3646 2510 3714 appellatur.
2545 3648 2849 3719 imperator
2878 3662 3059 3710 autem
3088 3657 3259 3724 probe
3292 3660 3518 3729 dicitur,

1940 3735 2036 3804 qui
2066 3750 2096 3790 a
2134 3752 2279 3808 rege,
2313 3749 2373 3794 ut
2405 3742 2651 3799 omnium
2698 3755 2863 3815 caput
2912 3748 3006 3814 sit,
3041 3750 3296 3816 mittitur,
3325 3753 3429 3809 sub
3459 3769 3521 3812 se

1942 3827 2216 3900 principes
2257 3831 2485 3889 habens.

2014 4091 2066 4146 8.
2092 4090 2249 4149 Nunc
2284 4106 2462 4150 autem
2494 4097 2678 4154 nullus
2699 4101 2954 4171 princeps
2980 4102 3033 4157 in
3070 4102 3212 4159 bello
3232 4110 3522 4178 cognosci-

1943 4190 2053 4249 tur,
2072 4183 2177 4239 nisi
2211 4185 2303 4253 qui
2342 4190 2661 4249 merarchaa.
2688 4190 2739 4245 id
2771 4201 2875 4255 est,
2909 4195 3144 4261 pra-fecti
3169 4208 3378 4261 turmae,
3405 4201 3521 4257 sive

1948 4276 2280 4332 lurmarchze
2306 4286 2593 4334 vocantur.
2619 4279 2957 4339 Turmarcha
2994 4296 3185 4341 turmae
3212 4288 3521 4358 praefectus,

1944 4366 2037 4436 qui
2087 4367 2217 4421 olim
2264 4370 2548 4425 merarcha
2585 4373 2884 4427 vocabatur
2930 4392 2946 4430 :
2980 4376 3025 4431 is
3056 4378 3276 4448 μέρους,
3332 4380 3383 4434 id
3415 4390 3519 4449 est,

1874 4485 1926 4544 υ
1956 4466 2147 4511 turma:
2191 4457 2304 4511 sive
2330 4459 2502 4526 partis
2528 4458 2759 4529 imperio
2787 4465 3139 4533 praeponitur.

2019 4548 2075 4603 9.
2140 4547 2478 4619 Drungarius
2538 4551 2655 4605 sive
2705 4554 2961 4610 tribunus
3002 4555 3227 4626 dicitur,
3283 4560 3377 4631 qui
3426 4564 3521 4618 uni

1948 4639 2135 4711 μοίρᾳ,
2185 4640 2237 4693 id
2295 4649 2406 4707 est,
2465 4641 2749 4710 particulae
2806 4646 2919 4700 sive
2976 4648 3190 4702 cohorti
3256 4650 3525 4707 milliaria

1945 4738 2165 4801 praeest.
2205 4730 2411 4801 Μέρος,
2444 4732 2495 4785 id
2524 4743 2628 4800 est,
2658 4748 2788 4802 pars
2816 4751 2936 4805 qua:
2968 4738 3134 4793 etiam
3168 4748 3347 4794 turma
3384 4741 3525 4798 dici-

1945 4832 2057 4887 tur,
2087 4838 2153 4876 ex
2190 4823 2365 4877 tribus
2392 4824 2634 4893 μοίραις,
2664 4826 2717 4879 id
2748 4836 2851 4891 est,
2884 4829 3171 4897 particulis
3205 4830 3523 4889 sivc'drun-

1951 4914 2032 4984 gis
2088 4914 2403 4968 coniicitur.
2457 4915 2639 4987 Μοῖρα
2689 4929 2907 4983 autem,
2956 4920 3006 4974 id
3059 4931 3175 4988 est,
3219 4927 3522 4994 particula,

1952 5006 2067 5061 sive
2089 5006 2355 5074 drungus,
2386 5015 2551 5062 estex
2580 5009 2644 5063 iis
2674 5010 3118 5085 hominibus,qni
3147 5019 3371 5074 comites
3400 5036 3525 5077 esse

1952 5100 2227 5164 dicuntur,
2253 5099 2486 5155 conﬂata
2517 5102 2829 5158 multitudo.

2026 5193 2115 5249 10.
2160 5194 2355 5249 Comes
2385 5203 2470 5248 est
2504 5194 2666 5249 unius
2696 5197 2963 5265 cohortis,
3008 5202 3125 5259 sive
3160 5203 3346 5268 bandi,
3386 5220 3524 5274 pra:-

1950 5284 2146 5342 fectus.

2025 5380 2113 5436 Η.
2152 5379 2415 5435 Centurio
2457 5389 2542 5436 est
2585 5382 2679 5452 qui
2720 5394 2940 5439 centum
2988 5384 3121 5441 viris
3170 5396 3389 5457 praeest,
3430 5388 3521 5459 qui

1953 5472 2056 5529 sub
2084 5471 2338 5530 comitem
2372 5474 2656 5546 subjectus
2683 5484 2786 5532 est.

1814 5604 2042 5664 NOTAE.

351 5745 463 5819 (90)
488 5753 812 5810 Διποτὰτοι.
841 5754 898 5811 in
937 5754 1103 5811 Cllecl
1140 5754 1328 5813 codice
1353 5761 1491 5823 erat,
1533 5753 1828 5810 δεσποτάτο

1937 5769 1946 5809 ι
1974 5750 2224 5809 Palatino
2253 5751 2685 5834 δεσποτάμοιτοι.
2726 5752 3033 5825 Utrumque
3061 5754 3384 5811 mendosum
3417 5763 3523 5813 est.
