4086 6326
556 304 670 375 ⁸703

1804 313 2081 378 LEONIS
2110 312 2572 377 PHILOSOPHI

3738 321 3860 385 7M

631 430 722 486 12.
764 430 1013 487 Decanus
1064 441 1151 488 est
1193 432 1286 504 qui
1336 442 1535 504 praeest
1580 433 1768 489 decem
1809 435 2128 490 militibus:

2314 431 2400 503 ιβ’.
2444 433 2719 504 Δέκαρχος
2750 432 2807 486 δέ
2840 434 3020 499 ἐστιν,
3056 434 3086 487 ὀ
3116 430 3228 490 τῶν
3256 433 3390 489 δέκα
3448 432 3689 506 πρῶτος·
3739 432 3861 487 ὥσ-

554 522 1018 595 quemadmodum
1045 525 1369 594 quintanus,
1398 526 1497 596 qui
1522 526 1789 597 quinque,
1813 528 1911 597 qui
1945 528 1999 582 in
2028 543 2144 581 me-

2256 542 2355 599 περ
2393 527 2489 583 καὶ
2527 528 2839 599 πεντάρχης
2877 528 2906 581 6
2932 527 3043 581 τῶν
3120 529 3311 596 πέντε,
3350 528 3502 593 ὅστις
3531 531 3627 583 καί
3664 528 3858 601 giae;

554 615 647 670 dio
674 614 1041 671 contubernio
1070 618 1449 674 constituitur.

628 706 719 761 i3.
760 705 1078 774 Quartanus
1108 720 1209 770 est.
1238 711 1332 781 qui
1360 721 1416 767 et
1432 722 1619 768 custos
1645 711 2140 784 dicitur,obpay6;,

556 797 609 855 id
641 809 746 863 est,
777 802 1064 855 caudanus
1106 802 1223 857 sive
1276 803 1596 870 ultimanus,
1641 816 1696 859 et
1755 814 2036 860 extremus
2088 806 2144 860 in

557 890 926 946 contubernio
982 899 1114 950 stat.
1183 893 1475 964 Copiosior
1546 895 1691 949 enim
1763 896 2144 966 prmfectorum

494 1054 498 1055 ν
556 982 756 1038 divisio
800 983 985 1053 plures
1027 983 1083 1038 in
1126 986 1373 1040 exercitu
1416 996 1668 1041 strenuos
1713 988 1863 1042 viros
1912 987 2142 1055 indicat,

558 1075 744 1145 plures
774 1077 973 1131 milites
1020 1078 1231 1132 alacres
1274 1086 1388 1132 tum
1441 1078 1507 1133 ad
1558 1079 1716 1134 facile
1756 1080 2146 1152 obtemperan-

558 1169 712 1231 dum,
740 1180 854 1221 tum
885 1168 952 1222 ad
983 1168 1249 1237 imperata
1282 1170 1529 1225 facienda
1562 1181 1805 1241 praestat.

632 1262 723 1315 H.
763 1257 830 1314 Et
861 1261 1272 1332 bandophorus,
1303 1263 1356 1318 id
1383 1272 1468 1318 est
1497 1264 1750 1334 signifer,
1780 1265 1873 1337 qui
1925 1265 2143 1337 signum

556 1354 801 1411 cohortis
832 1356 948 1411 sive
982 1356 1144 1410 bandi
1179 1365 1378 1427 gestat.

631 1466 718 1521 15.
762 1466 1039 1538 Despotati
1072 1460 1493 1538 appellabantur
1519 1468 1650 1522 olim
1689 1469 1785 1539 qui
1824 1485 1970 1524 nunc
2009 1467 2146 1524 scri—

559 1559 731 1614 bones
762 1559 848 1613 vel
898 1560 1143 1631 chirurgi
1183 1560 1443 1615 dicuntur
1472 1560 1576 1627 illi
1630 1561 1802 1616 aciem
1856 1570 2147 1630 sequentes

557 1654 833 1706 sauciatos
867 1652 924 1705 in
953 1652 1151 1721 proelio
1173 1660 1392 1719 curant,
1420 1652 1890 1723 quemadmodum
1924 1653 2144 1719 medici,

556 1752 612 1799 et
639 1743 706 1798 ad
742 1744 1035 1799 sanitatem
1067 1754 1347 1800 revocant.
1615 1792 1618 1795 Α

629 1839 717 1896 16.
756 1839 1104 1896 Mandatores
1137 1848 1296 1906 sunt,
1316 1839 1412 1910 qui
1444 1838 1704 1895 mandata
1736 1852 1768 1893 a
1798 1837 2144 1911 principibus

556 1932 625 1989 ad
663 1932 866 1987 milites
897 1933 1055 1987 facile
1078 1932 1386 2003 perferunt.

629 2024 722 2079 17.
762 2023 1075 2096 Lochagus,
1117 2024 1171 2078 id
1216 2034 1322 2091 est,
1354 2023 1624 2095 manipuli
1658 2022 1973 2095 praefectus,
2003 2023 2143 2078 dici-

557 2128 650 2175 tur
682 2117 894 2188 primus
926 2120 980 2172 in
1024 2118 1389 2174 contubernio
1434 2116 1593 2188 juxta
1641 2117 2014 2183 altitudinem,
2050 2116 2143 2187 qui

555 2218 613 2265 et
646 2208 935 2282 primanus
962 2221 1016 2265 et
1050 2220 1275 2281 prazstes
1307 2210 1537 2266 dicitur.

631 2301 720 2357 18.
766 2300 1129 2359 Secundanus
1158 2312 1262 2367 est,
1293 2304 1384 2373 qui
1426 2305 1703 2360 secundus
1738 2313 1824 2361 est
1852 2303 1906 2359 in
1940 2314 2141 2360 contu-

556 2392 774 2459 bernio,
800 2392 896 2465 qui
924 2402 978 2449 et
1015 2394 1235 2448 substes
1262 2394 1485 2449 dicitur.
1896 2459 1901 2465 γ

635 2485 721 2542 19.
759 2484 1057 2543 Caudanus
1087 2497 1172 2543 est
1204 2486 1300 2558 qui
1354 2485 1406 2541 in
1452 2496 1699 2545 extrema
1748 2496 1902 2559 parte
1944 2494 2145 2543 contu-

559 2581 759 2646 bernii,
784 2581 837 2635 id
862 2588 967 2644 est,
995 2579 1047 2634 in
1072 2584 1245 2634 cauda
1273 2579 1483 2635 ordinis
1518 2590 1649 2636 stat.

627 2670 718 2726 20.
774 2667 1042 2728 Cursores
1089 2668 1354 2726 dicuntur
1403 2673 1492 2728 vel
1539 2685 2000 2745 propugnatores,
2049 2679 2145 2748 qui

555 2764 734 2820 aciem
762 2765 1095 2820 antecedunt
1125 2764 1177 2818 in
1211 2765 1335 2820 belli
1373 2763 1897 2834 conﬂictationibus,
1948 2782 2001 2822 et
2049 2769 2145 2844 qui

558 2859 614 2913 in
670 2857 948 2931 fugientes
1000 2858 1185 2913 hostes
1240 2858 1391 2911 omni
1453 2858 1811 2915 dimicatione
1858 2860 2145 2928 invadunt,

556 2966 700 3024 quos
734 2960 937 3007 vocant
974 2951 1305 3022 proclastas.

626 3044 718 3100 2i.
779 3040 1114 3102 Defensores
1156 3046 1283 3101 sive
1323 3044 1643 3101 subsidiarii
1692 3053 1827 3102 sunt
1866 3045 1963 3116 qui
2009 3046 2147 3102 istos

2248 621 2466 675 ἵσταται
2495 622 2593 691 τῆς
2624 621 2788 685 ἁκίας
2826 620 2962 691 (21).

2320 708 2409 782 ιγ’.
2449 712 2769 785 Τετράρχης
2798 713 2856 767 δέ
2890 714 3060 779 ἐστιν,
3087 709 3117 768 6
3145 714 3239 768 καὶ
3270 713 3465 783 φύλαξ,
3486 715 3516 769 6
3541 714 3859 786 λεγόμενος

2245 804 2501 878 οὐραγὸς,
2554 812 2649 859 καὶ
2693 806 3005 870 τελευταῖος
3052 806 3343 877 ἱστάμενος
3387 808 3491 878 τῆς
3534 807 3719 872 ἀκίας.
3784 800 3860 862 *0

2247 897 2357 967 γὰρ
2407 898 2744 970 πυκνότερος
2796 896 2905 952 τῶν
2978 901 3263 971 ἀρχόντων
3320 900 3683 971 διαμερισμὸς
3750 900 3863 955 καὶ

2250 989 2497 1053 πλείονας
2521 991 2755 1045 δεικνύει
2784 992 2911 1056 τοὺς
2933 993 3219 1061 γενναίους
3243 993 3338 1046 καὶ
3360 993 3643 1063 ἀνδρείους
3670 1011 3862 1067 στρα-

2250 1081 2472 1148 τιώτας,
2506 1083 2601 1137 καὶ
2642 1082 2883 1154 εὐχερῶς
2917 1082 3216 1140 ὑπακούειν
3258 1084 3351 1139 καὶ
3396 1085 3639 1139 ἐκτελεῖν
3696 1088 3867 1141 ποιεῖ

2247 1173 2318 1227 τὰ
2344 1174 2699 1244 κελευόμενα.

2324 1263 2406 1318 ιδ’.
2448 1261 2558 1319 Καὶ
2596 1260 2922 1337 βανδοφόρος
2966 1265 3064 1338 μέν
3109 1260 3277 1332 ἐστιν,
3322 1267 3352 1320 6
3385 1267 3446 1321 τὸ
3473 1269 3703 1340 σημεῖον
3750 1268 3861 1322 τοῦ

2250 1353 2443 1427 βάνδου
2475 1356 2782 1429 βαστάζων.

2321 1465 2403 1525 ιε’.
2443 1469 2772 1524 Δεσωτάτοι
2810 1468 2869 1522 δὲ
2913 1470 3389 1541 προσηγορεύοντο
3438 1472 3613 1527 πάλαι
3648 1475 3703 1527 oi
3750 1470 3861 1529 νῦν

2246 1563 2529 1633 λεγόμενοι
2557 1562 2859 1634 σκρίὸωνες
2891 1564 3026 1635 (‘22),
3051 1564 3252 1628 οἵτινες
3299 1566 3858 1635 παρακολουθοῦντες

2249 1659 2317 1728 τῇ
2347 1654 2651 1728 παρατάξει
2684 1656 2816 1721 τοὺς
2851 1658 2911 1711 ὲν
2950 1660 3018 1729 τῇ
3056 1658 3209 1731 μάχῃ
3238 1660 3586 1730 τραυματίας
3621 1661 3857 1730 γινομέ-

2177 1780 2225 1842 B
2251 1767 2376 1814 νους
2396 1750 2875 1820 ἀναλαμϐάνονται
2906 1751 2983 1816 ὡς
3011 1753 3206 1823 ἰατροὶ,
3238 1753 3336 1807 καὶ
3370 1754 3817 1824 περιποιοῦνται.

2324 1838 2423 1906 ις’.
2461 1841 2831 1911 Μανδάτωρες
2855 1842 2912 1896 δέ
2936 1844 3097 1907 εἰσιν,
3131 1844 3181 1897 oi.
3216 1843 3287 1897 τὰ
3323 1843 3570 1913 μανδάτα
3599 1845 3710 1898 ἀπὸ
3730 1846 3855 1899 τῶν

2251 1934 2528 2005 ἀρχόντων
2547 1936 2686 2006 πρὸς
2704 1936 2831 1999 τοὺς
2852 1933 3192 2007 στρατιώτας
3213 1936 3379 2004 ὀξέως
3404 1937 3854 2007 διακομίζοντες.

2326 2024 2410 2091 ιζ’.
2462 2027 2711 2098 Δοχαγὸς
2754 2028 2811 2081 δὲ
2848 2024 3072 2097 ’λέγεται
3122 2028 3151 2080 6
3198 2029 3421 2099 πρῶτος
3471 2029 3570 2083 τοῦ
3629 2031 3850 2100 στίχου,

2252 2117 2419 2188 ἦγουν
2449 2118 2543 2171 τοῦ
2573 2118 2785 2190 ὀρδίνου
2814 2121 2957 2173 κατὰ
2980 2119 3043 2173 τὸ
3063 2118 3246 2189 βάθος,
3280 2121 3309 2174 6
3338 2121 3498 2186 αὐτὸς
3530 2122 3589 2176 δὲ
3623 2122 3852 2190 λέγεται

2250 2211 2348 2262 καὶ
2374 2210 2599 2279 πρῖμος,
2630 2209 2725 2262 καὶ
2756 2212 3077 2281 ἐπιστάτης.

2328 2299 2417 2371 ιη’.
2454 2300 2747 2365 Σεκοῦνδος
2797 2301 2855 2354 δὲ
2901 2300 3142 2369 λέγεται,
3172 2294 3203 2354 6
3228 2300 3479 2373 δεύτερος
3510 2302 3608 2372 τῆς
3638 2304 3809 2367 dicta;
3828 2339 3849 2367 ,

2251 2394 2279 2447 6
2299 2392 2593 2463 λεγόμενος
2630 2392 2950 2463 ἐπιστάτης.

2326 2483 2411 2540 ιϐ’.
2447 2486 2693 2555 Οὐραγὸς
2722 2485 2779 2539 δὲ
2802 2486 2975 2540 ὀπίσω
3012 2485 3108 2541 τοῦ
3139 2487 3262 2540 ὅλου
3309 2488 3493 2559 στίχου
3530 2489 3709 2560 {your
3740 2487 3850 2560 τῆς

2250 2578 2422 2651 οὐρᾶς
2449 2580 2541 2632 τοῦ
2571 2574 2784 2648 όρόἱνου
2815 2575 3125 2648 ἱστάμενος.

2324 2669 2392 2727 κ’.
2434 2670 2767 2742 Κούρσωρες
2812 2670 2869 2725 δὲ
2908 2670 3182 2741 λέγονται,
3229 2672 3401 2743 ἤγουν
3438 2672 3741 2743 πρόμαχοι,
3790 2672 3848 2727 οἱ

2252 2764 2649 2835 προτρέχοντες
2683 2763 2785 2834 τῆς
2834 2763 3196 2833 παρατάξεως
3241 2766 3299 2816 ὲν
3344 2766 3410 2834 τῇ
3457 2765 3705 2836 συμϐολῇ
3743 2766 3845 2821 τοῦ

2253 2858 2517 2927 πολέμου,
2546 2857 2643 2925 καὶ
2678 2858 2790 2921 τοῖς
2818 2857 3112 2925 φεύγουσιν
3137 2856 3352 2927 ἐχθροῖς
3383 2856 3554 2921 ὀξέως
3600 2858 3847 2912 ἐπιτιθέο

2254 2968 2427 3022 μενοι,
2461 2948 2556 3014 οὒς
2584 2948 2809 3004 καλοῦσι
2839 2948 3215 3021 προκλάστας.

2322 3051 2432 3102 κα’.
2469 3045 2795 3115 Διφένσορες
2832 3042 2910 3106 δὲ,
2940 3043 2989 3096 οί
3028 3043 3239 3107 τούτοις
3276 3043 3376 3114 μὲν
3410 3042 3847 3097 ἐπακολουθοῦν-

555 3146 885 3211 sequuntur,
917 3153 1026 3191 non
1055 3147 1236 3192 tamen
1268 3146 1572 3194 excurrunt
1592 3148 1648 3193 et
1673 3140 1921 3194 ordinem
1952 3147 2007 3192 et
2032 3148 2144 3193 sta-

2256 3155 2364 3202 τες,
2397 3136 2470 3209 μὴ
2502 3137 2856 3208 ἐκτρέχοντες
2886 3135 2945 3189 δὲ
2970 3135 3069 3191 καὶ
3095 3135 3315 3200 λύοντες
3349 3136 3451 3206 τὴν
3490 3134 3666 3202 τάξιν,
3701 3136 3846 3191 ἀλλὰ

557 3233 764 3286 tionem
822 3245 980 3286 suam
1028 3230 1327 3294 deserunt,
1391 3229 1488 3285 sed
1544 3229 1712 3285 simul
1756 3239 1811 3284 et
1853 3229 2146 3286 confertim

556 3320 843 3377 ambulant
901 3319 969 3373 ad
1027 3318 1417 3374 vindicandam
1467 3327 1674 3375 sortem
1720 3335 2051 3385 cursorum,
2099 3318 2148 3374 si

557 3416 701 3471 forte
738 3415 887 3477 illos,
934 3412 1083 3484 quod
1132 3429 1236 3467 usu
1281 3412 1469 3468 venire
1520 3412 1843 3482 plerumque
1894 3412 2058 3477 solet,
2090 3411 2148 3466 in

558 3510 745 3582 fugam
790 3510 929 3563 verti
962 3506 1267 3576 contingat,
1300 3520 1439 3576 quos
1477 3504 1601 3577 jure
1628 3504 1755 3576 quis
1780 3506 2024 3561 vindices
2051 3518 2149 3558 vo-

556 3610 733 3657 caret.

626 3692 719 3749 2‘2.
762 3690 1060 3758 Censores,
1082 3686 1176 3761 qui
1207 3688 1417 3745 fossata
1467 3687 1586 3745 sive
1628 3697 1819 3744 castra
1868 3696 2150 3745 metantur

556 3794 613 3843 et
644 3782 1010 3848 constituunt,
1044 3797 1184 3853 quos
1219 3793 1633 3837 mensuratores
1681 3781 1796 3839 sive
1842 3789 2149 3841 mctatores

555 3886 779 3934 νοουιιι.

629 3971 720 4026 23.
760 3970 1154 4025 Anticensores
1206 3968 1322 4023 sive
1362 3977 1663 4022 mctatores
1700 3967 1840 4023 alios
1874 3968 2143 4038 quosdam

556 4064 768 4134 antiqui
802 4062 1037 4120 Romani
1071 4060 1437 4132 appellabant,
1461 4076 1601 4130 quos
1620 4075 1787 4128 nunc,
1810 4061 2145 4125 utarbitror,

555 4176 683 4216 eum
740 4158 1231 4215 mensuratoribus
1288 4154 1731 4223 confundentes,
1786 4156 1937 4211 nullo
1995 4167 2147 4211 certo

557 4251 781 4305 nomine
806 4248 1101 4319 appellant.
1128 4246 1218 4300 Isti
1247 4245 1301 4300 in
1323 4245 1526 4300 castris
1551 4245 1837 4301 movendis
1862 4256 2143 4309 anteeant,

557 4352 611 4396 et
642 4342 877 4397 idoneas.
914 4342 1030 4395 vias
1074 4340 1306 4408 locaque
1351 4334 1651 4407 exquirunt
1695 4338 1765 4392 ad
1815 4347 1997 4393 castra
2048 4354 2147 4408 po-

558 4437 758 4500 nenda,
786 4450 960 4503 eaque
986 4433 1170 4503 qualia
1199 4442 1325 4490 esse
1354 4431 1556 4489 debeat
1587 4431 1898 4485 advertunt.

629 4620 722 4676 21.
767 4616 1129 4679 Scultatores,
1183 4613 1236 4668 id
1292 4622 1400 4677 est,
1460 4614 1855 4681 speculatores,
1912 4614 2004 4683 qui
2061 4630 2149 4668 res

561 4714 803 4770 hostium
839 4710 1142 4779 exquirunt
1169 4717 1223 4762 et
1260 4715 1510 4761 narrant.

629 4799 1218 4871 25.’Πλαγιοιρύλακες,
1258 4798 1309 4853 id
1344 4808 1453 4862 est,
1468 4797 1739 4853 laterones
1758 4802 1871 4851 sive
1900 4798 2150 4863 laterani,

2253 3222 2706 3297 συντεταγμένοις
2753 3226 3191 3297 περιπατοῦντες
3235 3226 3372 3296 πρὸς
3407 3228 3694 3299 ἐκδίκησιν
3731 3229 3846 3281 τῶν

2248 3318 2611 3389 κουρσὼρων,
2642 3317 2800 3389 εἴπερ
2846 3316 2961 3389 (25)
2995 3317 3224 3383 αὐτοὺς,
3248 3317 3327 3380 ὠς
3356 3318 3523 3383 είκὸς,
3558 3319 3843 3389 τραπῆναι

2250 3410 2471 3481 συμϐῇο
2537 3409 2745 3481 οὕσπερ
2805 3410 3032 3474 δικαίως
3087 3409 3153 3465 ἄν
3213 3427 3300 3475 τις
3364 3411 3653 3466 καλέσειεν
3700 3410 3844 3467 ινδι-

2248 3520 2378 3567 κους
2404 3502 2545 3575 (ει).

2322 3681 2430 3753 κβπ
2479 3682 2771 3755 Μίνσωρες
2821 3680 2935 3753 (9.5)
2984 3681 3041 3735 δὲ
3087 3681 3341 3751 λέγονται
3371 3682 3421 3735 ot
3464 3681 3534 3736 τὰ
3580 3681 3842 3753 άπληκτα

2250 3778 2372 3851 ἦτοι
2417 3777 2474 3831 οἱ
2511 3777 2583 3830 τὰ
2625 3778 2871 3846 φοσσάτα
2926 3776 3252 3848 μετροῦντες
3302 3776 3400 3831 καὶ
3448 3776 3839 3845 καθιστῶντες,

2251 3870 2344 3933 οὓς
2378 3870 2808 3941 μινσωράτωρας
2828 3868 2923 3922 νῦν
2948 3869 3229 3923 καλοῦσιν.

2322 3962 2431 4033 κγ’.
2476 3963 2889 4034 Ἀντικένσορας
2913 3963 2969 4031 δὲ
2987 3964 3179 4027 ἄλλους
3205 3963 3355 4023 τινας
3381 3964 3569 4032 ἔλεγον
3592 3964 3644 4017 οἱ
3668 3963 3840 4019 πάλαι

2264 4058 2543 4125 Ῥωμαῖοι,
2586 4055 2706 4122 οὓς,
2736 4056 2812 4121 ὡς
2842 4058 3234 4129 ὑπολαμϐάνω,
3275 4059 3373 4113 νῦν
3405 4065 3517 4121 τοῖς
3558 4059 3842 4129 μινσωρά-

2250 4166 2418 4220 τωρσι
2461 4150 2883 4214 συντάσσοντες,
2927 4150 3073 4215 ἰδίως
3120 4151 3223 4203 οὐκ
3257 4150 3637 4221 ὀνομάζουσιν.
3681 4144 3841 4204 Οὗτοι

2249 4241 2309 4295 δέ
2342 4243 2487 4295 εἰσιν
2510 4242 2559 4295 ot
2588 4240 2956 4312 προλαϐόντες
2991 4244 3051 4294 ὲν
3075 4245 3193 4306 ταῖς
3232 4242 3585 4313 ὁδοιπορίαις,
3618 4242 3714 4294 καὶ
3740 4242 3841 4304 τάς

2252 4333 2564 4403 ἐπιτηδείας
2601 4334 2753 4398 ὁδοὺς
2784 4334 2882 4388 καὶ
2919 4335 3044 4398 τοὺς
3088 4335 3285 4388 τόπους
3320 4333 3741 4404 ἀνερευνῶντες,
3781 4336 3840 4387 ἐν

2251 4422 2332 4488 οἷς
2379 4425 2450 4479 τὰ
2496 4425 2751 4489 ἄπληκτα
2810 4425 3058 4492 γίνεσθαι
3117 4425 3428 4492 ὀφείλουσι,
3485 4426 3581 4479 καὶ
3635 4426 3840 4490 ταύτας

2176 4524 2229 4581 D
2254 4518 2435 4572 ὁποῖαί
2468 4520 2573 4571 εἰσι
2603 4518 3022 4581 κατανοοῦντες.

2320 4605 2422 4664 κδ’.
2462 4611 2888 4682 Σκουλκάτωρες
2912 4611 2969 4665 δὲ
2998 4613 3048 4665 οἰ
3078 4611 3416 4666 κατάσκοποι
3438 4610 3717 4679 λέγονται,
3757 4609 3838 4662 οἴ-

2247 4723 2395 4770 τινες
2428 4704 2792 4777 μανθάνοντες
2814 4705 2883 4759 τὰ
2909 4706 3018 4760 τῶν
3048 4706 3285 4778 ἐχθρῶν,
3313 4706 3779 4775 ἀπαγγέλλουσιν.

2319 4796 2418 4854 κε’.
2471 4797 2924 4867 Πλαγιοφύλακες
2974 4796 3031 4852 δέ
3079 4800 3239 4863 εἰσιν,
3286 4800 3337 4851 ei
3388 4798 3525 4869 πρὸς
3586 4798 3839 4869 φυλακὴν

559 4896 656 4967 qui
686 4896 753 4948 ad
791 4895 1035 4949 laterum
1066 4890 1379 4947 custodiam
1426 4890 1618 4959 prima:
1658 4888 1797 4944 aciei
1846 4891 2144 4945 constitue«

2256 4886 2357 4939 τῶν
2384 4885 2631 4955 πλαγίων
2659 4885 2761 4957 τῆς
2784 4884 3007 4957 πρώτης
3028 4884 3233 4950 τάξεως
3263 4887 3611 4957 τασσόμενοι.

559 4990 785 5045 bantur.

627 5080 717 5133 26.
754 5078 1084 5134 Cornistites
1114 5085 1264 5139 sunt,
1292 5076 1392 5146 qui
1407 5075 1477 5131 ad
1507 5088 1717 5131 cornua
1749 5073 1993 5135 hostium
2034 5074 2149 5131 clr-

559 5172 876 5229 cumdanda
894 5170 1136 5226 eoustitu
1147 5178 1336 5222 untur.

2326 5078 2441 5146 κς’.
2494 5081 2936 5153 ’Υπερκερασταὶ
2965 5082 3043 5148 δὲ,
3075 5082 3125 5134 οἱ
3158 5083 3292 5154 πρὸς
3330 5084 3390 5139 τὸ
3428 5084 3745 5156 περιλαϐεῖν
3778 5084 3839 5139 τὸ

2256 5169 2365 5225 τῶν
2392 5170 2672 5240 πολεμίων
2691 5172 2868 5243 κέρας
2890 5173 3243 5243 τασσόμενοι.

2104 5310 2343 5371 ΝΟΤίΕ.

631 5434 744 5504 (2|)
784 5433 898 5501 Τῆς
940 5433 1137 5497 ἁκιάς.
1179 5432 1365 5504 Codex
1400 5429 1681 5485 Palatinus
1724 5430 1812 5504 bic
1838 5432 1992 5488 valde
2015 5448 2141 5487 cor-

562 5502 761 5575 ruptus
810 5516 914 5567 est,
968 5514 1051 5575 uti
1090 5514 1144 5557 et
1176 5503 1539 5563 Pistorianus,
1584 5504 1681 5575 qui
1726 5502 1888 5575 habet
1920 5504 2137 5575 κακίας.

559 5570 666 5630 Alii
720 5577 978 5638 ἁκακίας.
1021 5574 1272 5629 Occurrit
1317 5588 1535 5642 quoque
1582 5574 1779 5626 iterum
1836 5570 1978 5643 §55.
2030 5574 2136 5630 Sed

557 5646 940 5717 corrigendum
989 5645 1091 5699 hoc
1146 5646 1328 5709 modo,
1380 5658 1490 5712 quo
1550 5643 1711 5697 dixi:
1755 5657 1881 5697 nam
1931 5645 2138 5701 ἀκακία

2256 5643 2538 5717 κίνσωρεςε
2571 5643 2717 5716 quoa
2752 5663 2860 5702 non
2891 5648 3159 5716 improbo.
3198 5646 3502 5717 Hesychius

559 5717 717 5771 lunae
739 5718 883 5771 aliud
912 5726 1015 5771 est.

632 5735 646 5771 ι
689 5736 717 5771 e
739 5734 883 5771 alllltl
912 5734 1015 5771 esu

630 5734 742 5860 (ξὲ)
775 5792 1135 5856 Σκρίμωνες.
1158 5787 1363 5845 ’ἓργίιιρ
1397 5784 1720 5860 σκρίϐωνες.

2468 5436 2654 5511 ἕπερ
2682 5434 3346 5511 αὑτούς-.-ᾐτίὶκεῂλιιιη
3365 5438 3527 5511 ὅπερ.

2324 5506 2435 5575 (⁸2.4)
2468 5506 2801 5571 Ἐνδίκους.
2832 5507 3024 5561 Scribe
3051 5508 3319 5570 ἐκδίκους.

2316 5576 2430 5645 (ἳὸ)
2454 5578 2784 5644 Μίνσωρες.
2814 5576 2873 5630 In
2908 5579 3072 5630 Checi
3128 5583 3320 5633 COIIICB
3378 5580 3594 5634 videtur
3659 5578 3837 5639 fuisse

2289 5645 2538 5720 Ev_awp§;:
2571 5647 2720 5720 quod
2752 5663 2860 5720 noti
2891 5648 3159 5720 improbo.
3198 5646 3502 5720 Hesychius
3533 5652 3835 5720 κηνσίτωρ,

2240 5716 2268 5767 6
2290 5715 2387 5785 τὴν
2410 5718 2513 5785 γῆν
2546 5715 2785 5787 μετρῶν.
2819 5717 2883 5770 Et
2920 5715 3164 5773 Isidorus
3198 5721 3252 5773 in
3280 5715 3493 5777 Classis
3523 5737 3538 5773 :
3576 5715 3830 5779 διασειό-

2240 5802 2344 5850 res,
2376 5787 2413 5837 Α
2421 5786 2793 5856 grimensbres.
