4086 6326
376 397 492 466 705

1471 389 1805 451 TACTICA.
1849 413 1918 425 --
1953 387 2458 453 CONSTITUTIO
2490 389 2586 451 ιν.

456 509 561 576 κζ’.
599 509 842 582 Ἐνεδροι
883 508 962 577 δέ,
1012 508 1068 562 oi
1117 505 1252 580 πρὸς
1290 505 1358 561 τὰ
1401 504 1770 576 ἐγκρύμματα
1820 505 1961 558 κατὰ

2129 506 2217 560 27.
2275 503 2491 561 Insidiae
2541 503 2917 572 nominantur,
2963 504 3059 576 qui
3118 503 3173 561 in
3224 503 3454 562 occultis
3499 504 3636 561 locis

382 604 480 673 τῆς
502 602 864 675 παρατάξεως
896 600 1006 655 τῶν
1038 599 1248 670 ἐχθρῶν
1285 597 1718 668 ἐτοιμαζόμενοι.

453 702 563 767 κη’.
601 695 1001 764 Νωτοφύλακες
1044 693 1102 748 δὲ
1130 694 1180 746 οἱ
1242 691 1421 745 ὀπίσω
1460 693 1561 762 τῆς
1604 687 1965 762 παρατάξεως

383 787 568 859 πάσης
594 787 916 856 τασσόμενοι
949 786 1296 856 περιπατεῖν.

455 876 560 933 κθ’.
610 880 720 933 Kal.
775 876 994 931 τοῦλδόν
1044 879 1195 930 ἐστιν
1249 876 1285 948 ἡ
1329 873 1610 944 άποσκευὴ
1657 875 1756 930 καὶ
1803 873 1965 944 χρεία

391 971 542 1023 πᾶσα
591 970 700 1023 τῶν
753 967 1124 1038 στρατιωτῶν,
1183 965 1428 1020 τουτέστι
1485 964 1672 1028 παῖδές
1731 981 1820 1027 τε.
1875 964 1966 1018 καὶ

388 1061 676 1132 ὓποζύγια.
702 1065 797 1116 καὶ
827 1061 894 1115 τὰ
919 1059 1082 1114 λοιπὰ
1106 1059 1242 1124 ζῶα,
1269 1058 1361 1114 καὶ
1383 1060 1489 1113 εἴτι
1517 1058 1705 1127 ἕτερον
1733 1057 1966 1129 πρᾶγμα

384 1152 524 1225 πρὸς
555 1149 858 1223 ὑπηρεσίαν
887 1150 980 1203 τοῦ
1012 1148 1282 1218 φοσσάτου
1313 1147 1656 1221 ἐπισύρεται.

453 1242 517 1300 λ’.
561 1245 719 1300 Ἐστι
748 1243 804 1297 δέ
829 1246 864 1315 ἡ
888 1242 980 1297 τοῦ
1014 1240 1321 1314 στρατηγοῦ
1348 1240 1674 1312 προέλευσις
1705 1238 1786 1303 είς
1812 1255 1966 1301 τινας

384 1339 649 1409 ἄρχοντας
676 1336 1052 1407 διαιρουμένη,
1082 1328 1196 1388 οἷον
1221 1334 1314 1387 τόν
1332 1349 1389 1386 τε
1406 1331 1622 1404 κόμητα
1651 1330 1748 1402 τῆς
1766 1331 1968 1400 κόρτης

384 1429 576 1496 αὐτοϋ,
609 1429 701 1485 καὶ
735 1428 828 1482 τὸν
857 1426 950 1482 τοῦ
993 1427 1226 1497 θέματος
1263 1426 1603 1496 δομέστικον,
1649 1424 1745 1476 καὶ
1779 1421 1966 1487 ἁπλῶς

384 1524 581 1583 εἰπεῖν,
623 1523 702 1584 είς
745 1521 874 1584 τοὺς
913 1519 1131 1581 λοιποὺς
1167 1516 1230 1582 ἐξ
1265 1516 1420 1579 ἔθους
1466 1516 1565 1585 τῆς
1595 1513 1968 1585 προελεύσεως

382 1610 551 1666 αὐτοῦ
609 1610 923 1682 ὑπηρέτας.
978 1608 1074 1672 οὓς
1156 1607 1418 1680 περισσὸν
1489 1605 1771 1679 ἡγούμεθα
1832 1621 1966 1658 κατ-

384 1705 662 1773 αριθμεῖν.

456 1788 559 1848 λα’.
606 1792 665 1845 '0
715 1794 822 1862 γὰρ
864 1793 1298 1862 πρωτονοτάριος
1343 1789 1436 1844 τοῦ
1479 1789 1745 1861 θέματος,
1801 1789 1896 1842 καὶ
1937 1789 1966 1842 6

2063 596 2326 652 adversus
2357 595 2597 651 hostium
2628 595 2800 651 aciem
2828 606 3112 666 parantur.

2132 688 2224 744 28.
2265 686 2589 757 Tergistites
2617 696 2768 753 sunt,
2799 689 2893 758 qui
2919 696 2980 743 ut
3008 695 3136 757 post
3187 687 3360 744 aciem
3415 689 3639 748 univer-

2064 795 2178 836 sam
2209 789 2357 845 cant,
2387 781 2814 836 constituuntur.

2131 873 2224 928 29.
2285 872 2544 937 Tuldum,
2597 873 2714 929 sive
2759 873 3176 942 impedimenta,
3207 887 3294 931 est
3341 886 3640 946 apparatus

2064 969 2356 1025 universus
2430 975 2485 1024 et
2563 967 2820 1024 utensilia
2900 969 3159 1037 militum,
3211 978 3273 1024 ut
3343 972 3521 1041 pueri,
3585 981 3642 1026 et

2060 1060 2329 1130 iumenta,
2383 1061 2699 1132 reliquaque
2727 1060 3050 1124 animantia,
3081 1064 3167 1118 vel
3213 1063 3259 1118 si
3299 1065 3441 1133 quod
3489 1064 3639 1120 aliud

2063 1149 2490 1208 instrumentum
2531 1153 2597 1206 ad
2631 1168 2788 1208 usum
2824 1160 3158 1208 castrensem
3197 1153 3532 1223 adiungitur.

2133 1244 2225 1298 '50.
2263 1243 2548 1314 Expeditio
2578 1263 2796 1316 quoque
2821 1249 3094 1303 exercitus
3123 1247 3176 1303 iu
3204 1248 3468 1318 quasdam
3504 1262 3642 1317 pra:-

2067 1335 2312 1394 fecturas
2341 1337 2652 1393 dividitur:
2695 1350 2756 1395 ut
2790 1340 2845 1395 in
2882 1340 3127 1396 cohortis
3169 1342 3447 1407 comitem,
3485 1352 3538 1397 et
3583 1343 3637 1396 in

2063 1429 2379 1485 domesticae
2407 1431 2636 1487 ditionis
2667 1433 2945 1508 comitem,
2971 1443 3026 1488 ct
3052 1435 3280 1488 omnino
3312 1434 3367 1489 in
3394 1434 3638 1505 reliquos

2065 1530 2343 1579 consuetae
2378 1523 2746 1593 expeditionis
2784 1523 3157 1591 administros,
3187 1540 3326 1596 quos
3352 1541 3637 1583 recensere

2066 1629 2532 1684 supervacaneum
2564 1625 2670 1671 est.

2134 1787 2226 1846 31.
2264 1785 2683 1844 Protonotarius
2719 1787 2946 1845 ditionis
2971 1799 3025 1845 et
3054 1791 3442 1856 chartularius,
3476 1805 3642 1862 atque

385 1884 808 1957 χαρτουλάριος,
856 1884 1077 1955 προσέτι
1116 1883 1174 1937 δὲ
1217 1883 1312 1936 καὶ
1351 1885 1380 1936 6
1423 1881 1693 1953 πραίτωρ,
1741 1882 1904 1953 ἧγουν
1938 1879 1966 1932 6

2071 1880 2229 1935 etiam
2265 1890 2464 1951 praeter
2495 1880 2610 1936 sive
2640 1881 2866 1937 ditionis
2911 1898 3025 1937 suae
3059 1883 3250 1950 judex,
3296 1884 3432 1940 alter
3471 1886 3640 1940 urba-

382 1977 478 2031 τοῦ
517 1976 754 2049 θέματος
790 1977 1068 2049 δικαστής.
1121 1976 1181 2032 ’0
1229 1977 1329 2047 μὲν
1372 1975 1471 2046 τῆς
1519 1974 1804 2046 πολιτικῆς
1849 1975 1966 2030 ἐστι

381 2069 706 2140 διοικήσεως
744 2071 772 2123 6
808 2069 1014 2141 ἄρχων,
1062 2068 1090 2120 6
1123 2067 1179 2121 δὲ
1215 2066 1352 2138 πρὸς
1393 2067 1494 2140 τὴν
1528 2066 1620 2120 τοῦ
1658 2064 1965 2136 στρατηγοῦ

383 2161 750 2232 καταγραφήν
779 2160 892 2231 (26)
927 2176 987 2214 τε
1023 2159 1116 2214 καὶ
1162 2157 1520 2229 ἀναζήτησιν.
1574 2158 1632 2212 '0
1675 2157 1732 2212 δὲ
1756 2156 1858 2221 τὰς
1892 2157 1969 2210 δίο

384 2270 491 2317 κας
520 2252 626 2306 τῶν
649 2251 1019 2321 δικαζομένων
1049 2251 1276 2316 διαλύει,
1307 2249 1401 2314 οὓς
1435 2252 1485 2304 εί
1539 2248 1736 2319 καὶτῷ
1769 2264 1967 2320 στρατ-

387 2344 508 2417 ηγῷ
547 2346 602 2399 ἐν
643 2362 785 2401 τισιν
836 2344 1241 2399 ὑποτάσσεσθαι
1286 2341 1413 2415 χρὴ,
1446 2341 1563 2396 ἀλλ’
1602 2338 1697 2396 οὖν
1723 2342 1852 2404 τοὺς
1883 2340 1969 2394 λό-

387 2454 521 2506 γους
559 2438 670 2490 τῶν
715 2437 898 2491 ίδικῶν
944 2435 1123 2490 αὐτῶν
1164 2435 1484 2505 διοικήσεων
1513 2433 1650 2505 πρὸς
1683 2434 1784 2506 τὴν
1813 2431 1967 2504 βασις

385 2529 536 2586 λεῖαν
570 2531 730 2602 ἡμῶν
770 2531 1004 2602 ἀφορᾷν,
1046 2527 1188 2582 ὥστε
1223 2526 1291 2580 δι’
1335 2527 1515 2580 αὐτῶν
1548 2525 1839 2597 μανθάνειν
1870 2525 1970 2589 τάς

388 2641 448 2677 τε
475 2622 584 2676 τῶν
615 2621 909 2676 πολιτικῶν
939 2621 1032 2674 κα).
1054 2621 1163 2674 τῶν
1195 2618 1602 2689 στρατιωτικῶν
1627 2620 1970 2690 πραγμάτων

389 2716 755 2780 καταστάσεις
785 2714 880 2768 καὶ
904 2712 1203 2784 διοικήσεις
1230 2712 1634 2782 ἀσφαλέστερον
1657 2711 1966 2782 ἡγούμεθα.

459 2802 562 2875 λβ’.
603 2803 708 2858 Τὸν
746 2804 844 2874 μὲν
887 2801 1017 2874 γοῦν
1058 2802 1287 2872 στρατὸν
1320 2800 1463 2866 ὅλον,
1499 2793 1544 2852 ὦ
1567 2798 1861 2870 πρατηγέ,
1891 2797 1973 2852 δι-

391 2898 643 2970 αιρήσεις
674 2897 756 2960 είς
792 2895 1028 2966 διάφορα
1064 2894 1355 2964 τάγματα,
1401 2892 1496 2946 καὶ
1532 2890 1848 2959 ἐπιστήσεις
1877 2889 1973 2942 a6-

391 2989 529 3062 τοῖς,
573 2987 650 3048 ὥς
686 2987 922 3058 εἴρηται,
955 2984 1226 3057 ἄρχοντας
1259 2982 1577 3056 φρονίμους,
1620 2981 1718 3035 καὶ
1757 2980 1971 3052 ἀνδρεί-

390 3098 508 3147 ους,
535 3080 627 3135 καλ
661 3078 1006 3150 προσφόρους
1038 3076 1241 3138 αὐτοῖς.

459 3168 563 3241 λγ’.
603 3172 741 3224 Ἀπὸ
766 3171 823 3224 δέ
849 3169 943 3223 τοῦ
975 3170 1255 3239 τάγματος
1287 3167 1405 3239 ἦτοι
1450 3165 1643 3238 βάνδου
1681 3165 1808 3229 τοὺς
1838 3165 1972 3219 ἐκα-

391 3266 696 3336 τοντάρχας
733 3262 847 3336 (27)
889 3261 1161 3330 ἐπιλέγων
1207 3259 1508 3332 φρονίμους
1551 3258 1648 3312 κα)⁸
1690 3257 1970 3326 γενναίους

394 3360 477 3422 είς
522 3356 805 3429 ἀνδρείαν·
848 3350 970 3409 εἶτα
1012 3356 1160 3421 τοὺς,
1203 3354 1297 3408 καὶ
1342 3351 1480 3424 μετὰ
1523 3353 1651 3414 τοὺς
1674 3349 1972 3420 δεκάρχους

395 3452 488 3505 καὶ
512 3449 712 3513 αὐτοὺς
740 3447 1021 3517 γενναίους
1053 3447 1149 3500 καὶ
1178 3443 1520 3515 αὐτόχειρας,
1552 3443 1599 3496 εἰ
1630 3441 1855 3495 δυνατὸν
1892 3439 1970 3505 δέ,

393 3543 490 3598 καὶ
514 3540 756 3607 τοξεύειν
785 3539 1016 3602 εἰδότας.
1060 3537 1172 3592 Καὶ
1202 3535 1340 3607 μετὰ
1367 3536 1491 3598 τοὺς
1519 3533 1823 3603 όεκάρχους
1845 3534 1972 3595 τοὺς

393 3622 704 3702 πεντάρχας
732 3627 826 3683 καὶ
855 3628 1164 3698 τετράρχας
1183 3624 1406 3696 ὁμοίως.
1438 3623 1550 3677 Καὶ
1571 3623 1693 3678 τότε
1716 3622 1842 3686 τοὺς
1868 3621 1973 3691 φύ-

392 3724 568 3786 λακας
616 3721 726 3775 τῶν
767 3720 975 3785 ἀκιῶν,
1019 3719 1187 3789 ἦγουν
1220 3715 1331 3770 τῶν
1378 3715 1523 3769 κατά
1559 3714 1621 3767 τὸ
1661 3713 1834 3783 πάχος
1876 3713 1974 3782 τῆς

396 3814 756 3886 παρατάξεως
793 3810 1043 3882 όρδίνων,
1087 3808 1137 3862 οἳ
1184 3809 1279 3862 καὶ
1325 3805 1610 3879 δεκαρχίαι
1658 3805 1970 3869 καλοῦνται,

399 3910 496 3964 δύο
536 3910 645 3963 ἀπὸ
678 3907 914 3976 ἑκάστης
957 3903 1118 3966 ἀκίας
1152 3902 1290 3972 (28),
1315 3900 1392 3964 ὡς
1417 3899 1664 3969 γίνεσθαι
1696 3900 1822 3962 τοὺς
1853 3901 1971 3951 ἐπι-

393 4001 617 4066 λέκτους
653 4001 892 4068 ἑκάστης
921 3997 1084 4060 ἀκίας
1123 3994 1323 4064 ἄνδρας
1362 3989 1426 4048 ε’.
1464 3992 1574 4047 Καί
1611 3990 1736 4055 τοὺς
1766 3989 1975 4061 ἀπομέ-

393 4111 583 4156 νοντας
609 4091 914 4163 όρδινεῦσαι
939 4089 1016 4153 είς
1048 4087 1149 4151 τὰς
1174 4086 1337 4148 ἀκίας
1366 4083 1629 4146 παλαιούς
1664 4099 1724 4136 τε
1764 4084 1858 4135 καὶ
1886 4081 1974 4136 νέ-

391 4203 488 4251 ους
533 4187 909 4256 ἀναμίκτους,
961 4181 1076 4234 ὅσοι
1121 4180 1188 4233 ἄν
1231 4179 1339 4230 είοι
1383 4175 1611 4230 κατὰτὸ
1641 4174 1838 4246 μέτρον
1878 4171 1972 4227 τοῦ

395 4277 634 4348 πλήθους
660 4276 754 4330 τοῦ
785 4272 1040 4344 στρατοῦ.
1201 4282 1208 4288 ’

463 4367 558 4424 λδ¹.
592 4370 806 4439 Στήσας
835 4366 891 4419 δὲ
917 4367 1010 4419 καὶ
1028 4364 1251 4429 τούτους
1276 4363 1672 4435 ἁπομένοντας,
1703 4359 1825 4412 τότε
1848 4357 1976 4421 τοὺς

395 4462 714 4524 ἐπιλέκτους
758 4457 1016 4512 ἐπίϐαλλε
1060 4457 1200 4511 κατὰ
1257 4455 1519 4526 διαφορὰν
1548 4454 1686 4523 πρὸς
1722 4451 1821 4523 τὴν
1853 4452 1976 4506 ἐκά-

397 4569 524 4607 στου
552 4550 840 4619 ποιότητα,
865 4547 1035 4619 ἧγουν
1075 4545 1236 4615 φύσιν
1284 4546 1378 4599 καὶ
1418 4543 1667 4612 δύναμιν,
1691 4541 1816 4605 τοὺς
1868 4539 1968 4611 μὲν

394 4645 708 4717 κρείττονας
738 4641 1073 4714 ἐμπροσθεν,
1102 4640 1227 4702 τοὺς
1264 4639 1321 4692 δὲ
1352 4637 1573 4701 λοιποὺς
1601 4635 1812 4703 ἀλόγως
1853 4634 1975 4688 ὄπι-

396 4735 522 4790 σθέν
546 4750 607 4787 τε
633 4734 728 4788 καὶ
755 4731 843 4786 διὰ
879 4731 1068 4802 μέσου.

464 4827 560 4882 λε’.
599 4824 706 4880 Δύο
735 4823 793 4879 δὲ
828 4825 1188 4895 μανδάτωρας
1215 4820 1527 4892 ἀγρύπνους
1556 4819 1649 4871 καὶ
1682 4817 1977 4889 φρονίμους

2067 1987 2263 2028 narum
2297 1988 2478 2027 rerum
2511 1972 2974 2029 administrationi
3004 1975 3097 2045 qui
3127 1985 3343 2044 praeest,
3381 1977 3520 2031 alter
3547 1978 3642 2048 qui

2067 2060 2344 2115 exercitus
2395 2059 2753 2130 descriptioni
2813 2072 2868 2117 et
2928 2061 3270 2132 inquisitioni
3321 2066 3641 2134 praeﬁcitur.

2068 2149 2169 2208 Hic
2211 2153 2616 2208 controversias
2665 2168 2877 2220 eorum,
2904 2155 2995 2223 qui
3032 2156 3084 2208 in
3124 2155 3214 2225 jus
3245 2159 3491 2223 veniunt,
3526 2159 3645 2216 dis-

2068 2246 2254 2302 solvit.
2298 2246 2461 2310 Istos,
2496 2261 2806 2317 quanquam
2855 2248 3168 2318 imperatori
3200 2248 3254 2303 in
3291 2251 3478 2306 multis
3514 2253 3646 2310 obe-

2067 2339 2189 2394 dire
2224 2347 2458 2410 oportet,
2500 2348 2682 2394 tamen
2726 2340 2871 2410 quod
2913 2341 2979 2394 ad
3029 2343 3364 2412 privatarum
3415 2359 3644 2403 suarum

2069 2431 2605 2487 administrationum
2683 2433 2922 2487 rationes
2983 2443 3232 2502 Spectat,
3280 2436 3350 2491 ad
3413 2453 3642 2509 regnum

2070 2536 2320 2579 nostrum
2348 2525 2624 2594 pertinere
2656 2526 2929 2591 volumus,
2972 2534 3031 2579 ut
3069 2541 3137 2580 ex
3181 2541 3247 2581 eo
3302 2529 3544 2586 civilium
3589 2541 3648 2588 et

2071 2615 2389 2672 bellicarum
2427 2633 2612 2673 rerum
2650 2617 3183 2675 administrationem
3216 2630 3272 2676 et
3299 2624 3648 2681 constitutio-

2072 2721 2195 2762 nem
2230 2706 2402 2764 tutius
2430 2722 2850 2778 cognoscamus.

2142 2800 2233 2856 52.
2303 2797 2627 2855 Universum
2701 2799 2868 2868 igitur
2921 2801 3228 2856 exercitum
3297 2802 3351 2857 in
3428 2804 3646 2862 diversa

2073 2892 2310 2964 agmina,
2335 2892 2385 2947 id
2404 2902 2507 2957 est,
2535 2891 2813 2959 cohortes,
2835 2891 3152 2963 imperator,
3184 2895 3418 2962 divides,
3445 2907 3499 2953 et
3541 2901 3649 2957 illis

2074 2983 2348 3052 priuetpes
2400 2981 2684 3051 praeﬁcies,
2732 2983 3046 3052 prudentes,
3100 2983 3290 3055 lortes,
3341 2998 3506 3060 atque
3557 3007 3650 3046 ac-

2074 3075 2450 3130 commodatos
2482 3075 2609 3131 illis.

2147 3166 2238 3221 53.
2280 3166 2357 3222 Ex
2407 3181 2739 3238 unaquaque
2788 3167 3016 3225 cohorte
3059 3168 3174 3225 sive
3226 3171 3405 3228 hantlo
3452 3187 3646 3232 centu-

2075 3255 2261 3312 riones
2323 3256 2484 3328 elige,
2537 3259 2850 3327 prudentes,
2904 3262 3075 3316 fortes
3129 3273 3293 3333 atque
3322 3272 3576 3324 strenuos
3630 3287 3646 3323 :

2074 3347 2272 3402 deinde
2320 3348 2579 3417 decanos,
2629 3365 2831 3421 eosque
2882 3361 3137 3409 strenuos
3183 3365 3350 3426 atque
3397 3358 3650 3424 invictos,

2072 3447 2127 3493 et
2157 3439 2199 3492 si
2233 3439 2286 3492 id
2322 3438 2434 3494 ﬁeri
2469 3450 2666 3510 potest,
2709 3442 3034 3511 sagittarum
3079 3444 3463 3514 jaciendarum
3507 3452 3653 3521 peri-

2075 3538 2181 3586 tos.
2221 3528 2352 3585 Post
2383 3531 2649 3600 decanos,
2678 3532 2974 3603 quintanos
3015 3546 3428 3611 quartanosque
3472 3559 3489 3596 :
3534 3551 3648 3598 tum

2069 3626 2418 3688 (contubernii
2443 3628 2718 3692 custodes,
2745 3628 2798 3682 id
2831 3637 2935 3692 est,
2963 3644 3059 3685 eos
3087 3633 3177 3700 qui
3207 3634 3272 3687 ad
3307 3635 3648 3694 altitudinetn

2075 3719 2422 3775 contubemii
2471 3721 2888 3777 custodiendam
2936 3725 3217 3778 constituti
3269 3737 3417 3792 sunt,
3460 3733 3551 3800 qui
3583 3747 3650 3788 ex

2073 3811 2305 3881 singulis
2332 3811 2713 3868 contuberniis
2754 3813 2862 3867 duo
2909 3820 3063 3876 sunt,
3119 3821 3178 3867 ut
3214 3831 3282 3869 ex
3323 3832 3653 3892 unoquoque

2074 3905 2438 3961 contubernio
2473 3905 2574 3961 viri
2619 3906 2816 3962 delecti
2863 3907 3108 3978 quinque
3143 3908 3273 3962 sint.
3305 3908 3410 3966 Eos
3456 3910 3548 3982 qui
3594 3913 3651 3966 in

2075 3995 2451 4050 contuberniis
2499 4006 2708 4052 restant
2748 3996 2830 4053 sic
2874 3997 3112 4066 instrue,
3182 4008 3243 4056 ut
3303 4017 3464 4057 senes
3519 4002 3653 4059 ado-

2083 4086 2456 4159 lescentesque
2507 4088 2674 4145 simtu
2723 4105 2823 4160 pro
2871 4093 3085 4148 ratione
3113 4103 3170 4149 et
3205 4110 3436 4151 numero
3491 4110 3652 4152 exer-

2075 4176 2221 4231 citus
2247 4177 2324 4231 tui
2357 4178 2497 4233 inter
2521 4192 2582 4233 se
2613 4179 2940 4250 conjungas.

2146 4355 2234 4409 ⁸54.
2296 4352 2399 4410 Ubi
2453 4356 2589 4412 istos
2646 4355 2715 4411 ad
2767 4357 2914 4412 hunc
2978 4358 3200 4413 modum
3268 4363 3647 4428 constitueris,

2077 4447 2247 4504 lectos
2277 4462 2342 4503 ac
2372 4448 2582 4504 nobiles
2617 4450 2712 4520 qui
2753 4457 2963 4506 restant
2993 4452 3140 4506 varie
3186 4452 3524 4521 distribuito,
3552 4474 3650 4528 pro

2079 4539 2512 4610 uniuscujusque
2551 4541 2816 4612 dignitate
2860 4558 2955 4599 seu
2988 4543 3038 4598 vi
3070 4553 3124 4598 et
3157 4554 3374 4610 natura,
3407 4549 3646 4620 optimos

2082 4633 2256 4704 primo
2303 4634 2446 4699 loco,
2483 4634 2726 4705 reliquos
2764 4634 3025 4706 permiste
3075 4645 3192 4692 tun:
3238 4648 3484 4695 extremo
3531 4651 3647 4700 tum

2077 4726 2257 4782 medio
2287 4727 2338 4780 in
2366 4723 2508 4781 loco.
2550 4764 2552 4768 τ

2146 4818 2238 4874 55.
2295 4816 2485 4890 Itaque
2530 4818 2882 4876 mandatores
2926 4821 3210 4892 vigilantes
3250 4834 3305 4880 et
3352 4800 3650 4896 prudentes

3527 390 3636 456 ’ἵθὸ
3722 436 3724 438 τ

396 4920 712 4992 ἐπιλεγῆναι
749 4918 886 4981 δέον,
933 4917 1028 4971 καὶ
1073 4915 1166 4969 δύο
1201 4914 1562 4986 βανδοφόρους
1597 4911 1706 4965 ἀπὸ
1744 4911 1969 4964 ἐκάστου

2077 4908 2275 4980 eligere
2321 4919 2576 4980 oportet,
2629 4918 2685 4966 et
2712 4912 3118 4983 haudopltoros,
3170 4915 3286 4971 sive
3331 4917 3647 4987 signiferos,

393 5012 695 5079 τάγματος.
735 5007 848 5076 Τὴν
878 5005 937 5059 δέ
978 5004 1232 5074 τοιαύτην
1278 5001 1537 5072 ἐπιλογὴν
1579 5000 1674 5053 καὶ
1710 4997 1969 5071 ὀρδινείαν

2079 5014 2340 5072 praeterea
2369 5005 2505 5059 duos
2530 5019 2596 5059 ex
2625 5020 2953 5075 unaquaque
2979 5008 3224 5063 cohorte.
3266 5009 3418 5067 Talis
3465 5023 3647 5067 autem

397 5100 670 5155 ποιεῖσθαι
705 5097 764 5152 ἐν
799 5099 911 5161 τοῖς
942 5095 1393 5168 κοντου6ερνίοις,
1436 5091 1714 5147 τουτέστιν
1757 5091 1815 5144 ἐν
1851 5091 1969 5153 ταῖς

2077 5093 2320 5150 delectus
2345 5094 2398 5148 iu
2427 5096 2800 5153 contuberniis
2823 5098 3168 5157 adhibendus
3197 5113 3301 5157 est.

396 5193 599 5256 ἀκίαις.

464 5285 574 5352 λς’.
614 5285 726 5338 Kal.
762 5283 910 5349 ἔνθα,
937 5282 1020 5347 ὡς
1063 5280 1230 5347 εἰκὸς,
1274 5279 1462 5343 παῖδες
1511 5277 1614 5332 οὐκ
1659 5275 1800 5340 εἰσὶ,
1847 5274 1969 5336 τοὺς

2148 5273 2239 5330 56.
2280 5271 2384 5329 Ubi
2412 5274 2563 5344 pueri
2590 5275 2723 5331 nulli
2757 5287 2908 5345 sunt,
2935 5279 3033 5344 ibi,
3066 5281 3527 5346 quemadmodum
3554 5299 3654 5353 par

398 5375 816 5448 ὑποδεεστέρους
877 5373 986 5428 τῶν
1040 5371 1384 5444 στρατιωτῶν
1432 5372 1511 5436 είς
1562 5369 1631 5424 τὰ
1687 5368 1969 5440 σαγμάρια

2078 5376 2185 5432 est,
2212 5382 2277 5421 ex
2308 5367 2666 5425 debilioribus
2695 5369 2963 5428 militibus
3004 5374 3070 5428 ad
3119 5374 3507 5446 impedimenta
3555 5392 3654 5431 eu-

396 5470 699 5542 άφορίζειν,
744 5468 1021 5521 τουτέστιν
1058 5468 1138 5532 εἰς
1181 5465 1305 5538 τρία
1347 5463 1382 5535 ἦ
1427 5463 1509 5527 εἰς
1551 5463 1794 5527 τέσσαρα
1835 5476 1969 5528 σαγ⁶

2080 5457 2361 5514 stodienda
2388 5459 2656 5516 delectent
2679 5461 2854 5518 virum
2876 5474 3137 5531 unum,et
3164 5467 3329 5521 alium
3352 5467 3649 5543 (quemdam

1933 5604 2167 5662 ΝΟΤΕ.

469 5705 580 5775 ('26)
603 5773 627 5784 ~
647 5702 758 5758 Τοῦ
789 5701 1131 5772 στρατηγοῦ
1179 5699 1590 5770 καταγῬαφήν.
1639 5694 1856 5767 Scribe,
1881 5695 1976 5750 τοῦ

401 5792 1124 5919 αῗὲἶῖυ’ἒέίατοντάρχαςο
1164 5843 1539 5911 Seribchatur,
1576 5841 1861 5912 ἐκτάρχαι.
1915 5848 1921 5853 ’

639 5944 908 6003 Ρηιιοι..
944 5941 1059 6001 (iu.
1095 5935 1285 6002 CVII.

2446 5965 2450 5970 ·
3259 5937 3337 5996 23

2156 5697 2269 5771 (28)
2307 5697 2607 5783 Ἐκάστῃς
2641 5700 2840 5770 deduc,
2886 5701 3261 5771 Scribebatur,
3298 5707 3343 5760 ἐ,
3389 5704 3650 5773 ἀκακίας.

2085 5782 2142 5826 ιιι
2173 5786 2336 5842 supra
2368 5787 2576 5828 monur.
