  <div class='ocr_page' id='page_1' title='image "/cluster/home/n/w/nwhite01/storage/ocr_20150623/107/mdp.39015028571910/397.png"; bbox 0 0 4078 6306; ppageno 0'>
   <div class='ocr_carea' id='block_1_1' title="bbox 500 366 607 436">
    <p class='ocr_par' dir='ltr' id='par_1_1' title="bbox 500 366 607 436">
     <span class='ocr_line' id='line_1_1' title="bbox 500 366 607 436; baseline 0.019 -2"><span class='ocrx_word' id='word_1_1' title='bbox 500 366 607 436; x_wconf 77' lang='lat'><strong>707</strong></span> 
     </span>
    </p>
   </div>
   <div class='ocr_carea' id='block_1_2' title="bbox 1762 363 2530 431">
    <p class='ocr_par' dir='ltr' id='par_1_2' title="bbox 1762 363 2530 431">
     <span class='ocr_line' id='line_1_2' title="bbox 1762 363 2530 431; baseline -0.005 0"><span class='ocrx_word' id='word_1_2' title='bbox 1762 365 2039 431; x_wconf 72' lang='lat' dir='ltr'><strong>LEONIS</strong></span> <span class='ocrx_word' id='word_1_3' title='bbox 2070 363 2530 430; x_wconf 85' lang='lat' dir='ltr'><strong>PHILOSOPHI</strong></span> 
     </span>
    </p>
   </div>
   <div class='ocr_carea' id='block_1_3' title="bbox 3665 364 3774 432">
    <p class='ocr_par' dir='ltr' id='par_1_3' title="bbox 3665 364 3774 432">
     <span class='ocr_line' id='line_1_3' title="bbox 3665 364 3774 432; baseline 0 0"><span class='ocrx_word' id='word_1_4' title='bbox 3665 364 3774 432; x_wconf 78' lang='lat'><strong>708</strong></span> 
     </span>
    </p>
   </div>
   <div class='ocr_carea' id='block_1_4' title="bbox 502 477 2060 563">
    <p class='ocr_par' dir='ltr' id='par_1_4' title="bbox 502 484 2060 563">
     <span class='ocr_line' id='line_1_4' title="bbox 502 484 2060 563; baseline -0.007 -16"><span class='ocrx_word' id='word_1_5' title='bbox 502 489 824 563; x_wconf 88' lang='lat' dir='ltr'><strong>prudentem</strong></span> <span class='ocrx_word' id='word_1_6' title='bbox 871 486 1102 543; x_wconf 76' lang='lat' dir='ltr'><strong>militem</strong></span> <span class='ocrx_word' id='word_1_7' title='bbox 1153 500 1220 543; x_wconf 89' lang='lat' dir='ltr'><strong>ac</strong></span> <span class='ocrx_word' id='word_1_8' title='bbox 1279 485 1535 542; x_wconf 89' lang='lat' dir='ltr'><strong>idoneum</strong></span> <span class='ocrx_word' id='word_1_9' title='bbox 1595 485 1814 557; x_wconf 84' lang='lat' dir='ltr'><strong>signum</strong></span> <span class='ocrx_word' id='word_1_10' title='bbox 1859 484 2060 554; x_wconf 67' lang='lat' dir='ltr'><strong>aliquot</strong></span> 
     </span>
    </p>
   </div>
   <div class='ocr_carea' id='block_1_5' title="bbox 2160 477 3770 563">
    <p class='ocr_par' dir='ltr' id='par_1_5' title="bbox 2186 477 3770 554">
     <span class='ocr_line' id='line_1_5' title="bbox 2186 477 3770 554; baseline 0.001 -18"><span class='ocrx_word' id='word_1_11' title='bbox 2186 481 2358 554; x_wconf 89' lang='grc' dir='ltr'>μάρια</span> <span class='ocrx_word' id='word_1_12' title='bbox 2413 482 2582 554; x_wconf 85' lang='grc' dir='ltr'>ἄνδρα</span> <span class='ocrx_word' id='word_1_13' title='bbox 2622 479 2737 546; x_wconf 74' lang='grc' dir='ltr'>ἕνα,</span> <span class='ocrx_word' id='word_1_14' title='bbox 2783 479 2876 535; x_wconf 69' lang='grc' dir='ltr'>καὶ</span> <span class='ocrx_word' id='word_1_15' title='bbox 2914 478 3104 551; x_wconf 76' lang='grc' dir='ltr'>ἕτερόν</span> <span class='ocrx_word' id='word_1_16' title='bbox 3145 496 3266 535; x_wconf 81' lang='grc' dir='ltr'>τινα</span> <span class='ocrx_word' id='word_1_17' title='bbox 3310 477 3423 534; x_wconf 75' lang='grc' dir='ltr'><strong>τῶν</strong></span> <span class='ocrx_word' id='word_1_18' title='bbox 3468 479 3770 554; x_wconf 78' lang='grc' dir='ltr'>ἐλλογίμων</span> 
     </span>
    </p>
   </div>
   <div class='ocr_carea' id='block_1_6' title="bbox 501 573 2134 653">
    <p class='ocr_par' dir='ltr' id='par_1_6' title="bbox 501 573 2134 653">
     <span class='ocr_line' id='line_1_6' title="bbox 501 573 2134 653; baseline -0.002 -17"><span class='ocrx_word' id='word_1_19' title='bbox 501 588 806 653; x_wconf 73' lang='lat' dir='ltr'><strong>gestantem</strong></span> <span class='ocrx_word' id='word_1_20' title='bbox 838 573 1362 648; x_wconf 77' lang='lat' dir='ltr'><strong>designabis,&#39;quem</strong></span> <span class='ocrx_word' id='word_1_21' title='bbox 1391 576 1625 644; x_wconf 88' lang='lat' dir='ltr'><strong>tuldum,</strong></span> <span class='ocrx_word' id='word_1_22' title='bbox 1646 577 1698 633; x_wconf 89' lang='lat' dir='ltr'><strong>id</strong></span> <span class='ocrx_word' id='word_1_23' title='bbox 1716 586 1820 642; x_wconf 89' lang='lat' dir='ltr'><strong>est,</strong></span> <span class='ocrx_word' id='word_1_24' title='bbox 1850 591 2071 647; x_wconf 81' lang='lat' dir='ltr'><strong>sagma-</strong></span> <span class='ocrx_word' id='word_1_25' title='bbox 2126 628 2134 633; x_wconf 92' lang='lat'><strong>.</strong></span> 
     </span>
    </p>
   </div>
   <div class='ocr_carea' id='block_1_7' title="bbox 499 670 1497 741">
    <p class='ocr_par' dir='ltr' id='par_1_7' title="bbox 499 670 1497 741">
     <span class='ocr_line' id='line_1_7' title="bbox 499 670 1497 741; baseline -0.002 -14"><span class='ocrx_word' id='word_1_26' title='bbox 499 676 580 729; x_wconf 88' lang='lat' dir='ltr'><strong>ria</strong></span> <span class='ocrx_word' id='word_1_27' title='bbox 611 673 728 730; x_wconf 83' lang='lat' dir='ltr'><strong>sive</strong></span> <span class='ocrx_word' id='word_1_28' title='bbox 758 670 1145 741; x_wconf 89' lang='lat' dir='ltr'><strong>impedimenta</strong></span> <span class='ocrx_word' id='word_1_29' title='bbox 1168 679 1497 740; x_wconf 76' lang='lat' dir='ltr'><strong>sequentur.</strong></span> 
     </span>
    </p>
   </div>
   <div class='ocr_carea' id='block_1_8' title="bbox 567 850 2075 922">
    <p class='ocr_par' dir='ltr' id='par_1_8' title="bbox 567 850 2075 922">
     <span class='ocr_line' id='line_1_8' title="bbox 567 850 2075 922; baseline 0 -14"><span class='ocrx_word' id='word_1_30' title='bbox 567 853 657 908; x_wconf 81' lang='lat'><strong>&#39;57.</strong></span> <span class='ocrx_word' id='word_1_31' title='bbox 725 850 1103 908; x_wconf 84' lang='lat' dir='ltr'><strong>Contubernia</strong></span> <span class='ocrx_word' id='word_1_32' title='bbox 1153 850 1342 906; x_wconf 86' lang='lat' dir='ltr'><strong>omnia</strong></span> <span class='ocrx_word' id='word_1_33' title='bbox 1393 850 1699 916; x_wconf 83' lang='lat' dir='ltr'><strong>describes,</strong></span> <span class='ocrx_word' id='word_1_34' title='bbox 1752 862 1806 907; x_wconf 90' lang='lat' dir='ltr'><strong>et</strong></span> <span class='ocrx_word' id='word_1_35' title='bbox 1852 869 1975 922; x_wconf 87' lang='lat' dir='ltr'><strong>qu:e</strong></span> <span class='ocrx_word' id='word_1_36' title='bbox 2019 854 2075 908; x_wconf 88' lang='lat' dir='ltr'><strong>in</strong></span> 
     </span>
    </p>
   </div>
   <div class='ocr_carea' id='block_1_9' title="bbox 497 942 2074 1014">
    <p class='ocr_par' dir='ltr' id='par_1_9' title="bbox 497 942 2074 1014">
     <span class='ocr_line' id='line_1_9' title="bbox 497 942 2074 1014; baseline -0.001 -14"><span class='ocrx_word' id='word_1_37' title='bbox 497 944 684 1000; x_wconf 79' lang='lat' dir='ltr'><strong>dextra</strong></span> <span class='ocrx_word' id='word_1_38' title='bbox 713 943 977 1010; x_wconf 73' lang='lat' dir='ltr'><strong>cohortis,</strong></span> <span class='ocrx_word' id='word_1_39' title='bbox 1013 957 1245 1014; x_wconf 63' lang='lat' dir='ltr'><strong>quaeque</strong></span> <span class='ocrx_word' id='word_1_40' title='bbox 1273 950 1329 998; x_wconf 85' lang='lat' dir='ltr'><strong>et</strong></span> <span class='ocrx_word' id='word_1_41' title='bbox 1367 949 1503 1012; x_wconf 90' lang='lat' dir='ltr'><strong>quot</strong></span> <span class='ocrx_word' id='word_1_42' title='bbox 1539 942 1592 997; x_wconf 92' lang='lat' dir='ltr'><strong>in</strong></span> <span class='ocrx_word' id='word_1_43' title='bbox 1629 943 1762 997; x_wconf 73' lang='lat' dir='ltr'><strong>lzeva</strong></span> <span class='ocrx_word' id='word_1_44' title='bbox 1803 945 1933 998; x_wconf 78' lang='lat' dir='ltr'><strong>[iant</strong></span> <span class='ocrx_word' id='word_1_45' title='bbox 1981 959 2074 999; x_wconf 82' lang='lat' dir='ltr'><strong>as-</strong></span> 
     </span>
    </p>
   </div>
   <div class='ocr_carea' id='block_1_10' title="bbox 497 1039 758 1110">
    <p class='ocr_par' dir='ltr' id='par_1_10' title="bbox 497 1039 758 1110">
     <span class='ocr_line' id='line_1_10' title="bbox 497 1039 758 1110; baseline -0.011 -14"><span class='ocrx_word' id='word_1_46' title='bbox 497 1039 758 1110; x_wconf 81' lang='lat' dir='ltr'><strong>signabis.</strong></span> 
     </span>
    </p>
   </div>
   <div class='ocr_carea' id='block_1_11' title="bbox 566 1131 2073 1203">
    <p class='ocr_par' dir='ltr' id='par_1_11' title="bbox 566 1131 2073 1203">
     <span class='ocr_line' id='line_1_11' title="bbox 566 1131 2073 1203; baseline 0.001 -15"><span class='ocrx_word' id='word_1_47' title='bbox 566 1134 655 1188; x_wconf 75' lang='lat'><strong>38.</strong></span> <span class='ocrx_word' id='word_1_48' title='bbox 697 1131 1072 1196; x_wconf 79' lang='lat' dir='ltr'><strong>Contubernia</strong></span> <span class='ocrx_word' id='word_1_49' title='bbox 1103 1133 1158 1186; x_wconf 91' lang='lat' dir='ltr'><strong>in</strong></span> <span class='ocrx_word' id='word_1_50' title='bbox 1208 1132 1452 1203; x_wconf 90' lang='lat' dir='ltr'><strong>quinque</strong></span> <span class='ocrx_word' id='word_1_51' title='bbox 1491 1132 1576 1186; x_wconf 86' lang='lat' dir='ltr'><strong>vel</strong></span> <span class='ocrx_word' id='word_1_52' title='bbox 1622 1133 1834 1198; x_wconf 81' lang='lat' dir='ltr'><strong>decem,</strong></span> <span class='ocrx_word' id='word_1_53' title='bbox 1880 1143 1972 1188; x_wconf 84' lang='lat' dir='ltr'><strong>aut</strong></span> <span class='ocrx_word' id='word_1_54' title='bbox 2019 1137 2073 1190; x_wconf 87' lang='lat' dir='ltr'><strong>in</strong></span> 
     </span>
    </p>
   </div>
   <div class='ocr_carea' id='block_1_12' title="bbox 495 1209 2071 1296">
    <p class='ocr_par' dir='ltr' id='par_1_12' title="bbox 495 1209 2071 1296">
     <span class='ocr_line' id='line_1_12' title="bbox 495 1209 2071 1296; baseline 0 -16"><span class='ocrx_word' id='word_1_55' title='bbox 495 1235 732 1296; x_wconf 90' lang='lat' dir='ltr'><strong>quatuor</strong></span> <span class='ocrx_word' id='word_1_56' title='bbox 762 1225 847 1278; x_wconf 80' lang='lat' dir='ltr'><strong>vel</strong></span> <span class='ocrx_word' id='word_1_57' title='bbox 888 1209 1034 1281; x_wconf 58' lang='lat' dir='ltr'><strong>octo&#39;</strong></span> <span class='ocrx_word' id='word_1_58' title='bbox 1058 1224 1140 1278; x_wconf 89' lang='lat' dir='ltr'><strong>vel</strong></span> <span class='ocrx_word' id='word_1_59' title='bbox 1176 1224 1410 1279; x_wconf 86' lang='lat' dir='ltr'><strong>sedecim</strong></span> <span class='ocrx_word' id='word_1_60' title='bbox 1443 1224 1770 1295; x_wconf 75' lang='lat' dir='ltr'><strong>distingues,</strong></span> <span class='ocrx_word' id='word_1_61' title='bbox 1805 1226 2071 1294; x_wconf 86' lang='lat' dir='ltr'><strong>quemad-</strong></span> 
     </span>
    </p>
   </div>
   <div class='ocr_carea' id='block_1_13' title="bbox 495 1316 2075 1386">
    <p class='ocr_par' dir='ltr' id='par_1_13' title="bbox 495 1316 2075 1386">
     <span class='ocr_line' id='line_1_13' title="bbox 495 1316 2075 1386; baseline 0 -14"><span class='ocrx_word' id='word_1_62' title='bbox 495 1317 719 1373; x_wconf 87' lang='lat' dir='ltr'><strong>modum</strong></span> <span class='ocrx_word' id='word_1_63' title='bbox 751 1316 1085 1371; x_wconf 74' lang='lat' dir='ltr'><strong>intellexeris</strong></span> <span class='ocrx_word' id='word_1_64' title='bbox 1112 1330 1210 1385; x_wconf 84' lang='lat' dir='ltr'><strong>pro</strong></span> <span class='ocrx_word' id='word_1_65' title='bbox 1242 1321 1487 1386; x_wconf 87' lang='lat' dir='ltr'><strong>tempore</strong></span> <span class='ocrx_word' id='word_1_66' title='bbox 1521 1316 1625 1378; x_wconf 86' lang='lat' dir='ltr'><strong>hoc</strong></span> <span class='ocrx_word' id='word_1_67' title='bbox 1657 1316 1788 1371; x_wconf 90' lang='lat' dir='ltr'><strong>utile</strong></span> <span class='ocrx_word' id='word_1_68' title='bbox 1820 1331 1961 1383; x_wconf 89' lang='lat' dir='ltr'><strong>esse,</strong></span> <span class='ocrx_word' id='word_1_69' title='bbox 2014 1319 2075 1373; x_wconf 83' lang='lat' dir='ltr'><strong>nt</strong></span> 
     </span>
    </p>
   </div>
   <div class='ocr_carea' id='block_1_14' title="bbox 492 1409 2073 1483">
    <p class='ocr_par' dir='ltr' id='par_1_14' title="bbox 492 1409 2073 1483">
     <span class='ocr_line' id='line_1_14' title="bbox 492 1409 2073 1483; baseline 0.001 -16"><span class='ocrx_word' id='word_1_70' title='bbox 492 1410 893 1467; x_wconf 89' lang='lat' dir='ltr'><strong>consuetudine</strong></span> <span class='ocrx_word' id='word_1_71' title='bbox 919 1411 1155 1482; x_wconf 85' lang='lat' dir='ltr'><strong>quadam</strong></span> <span class='ocrx_word' id='word_1_72' title='bbox 1201 1409 1478 1481; x_wconf 82' lang='lat' dir='ltr'><strong>conjuncti</strong></span> <span class='ocrx_word' id='word_1_73' title='bbox 1509 1409 1937 1467; x_wconf 84' lang='lat' dir='ltr'><strong>contubernales</strong></span> <span class='ocrx_word' id='word_1_74' title='bbox 1973 1428 2073 1483; x_wconf 91' lang='lat' dir='ltr'><strong>pro</strong></span> 
     </span>
    </p>
   </div>
   <div class='ocr_carea' id='block_1_15' title="bbox 490 1502 2072 1576">
    <p class='ocr_par' dir='ltr' id='par_1_15' title="bbox 490 1502 2072 1576">
     <span class='ocr_line' id='line_1_15' title="bbox 490 1502 2072 1576; baseline -0.001 -13"><span class='ocrx_word' id='word_1_75' title='bbox 490 1521 552 1563; x_wconf 90' lang='lat' dir='ltr'><strong>se</strong></span> <span class='ocrx_word' id='word_1_76' title='bbox 579 1515 773 1560; x_wconf 88' lang='lat' dir='ltr'><strong>mutuo</strong></span> <span class='ocrx_word' id='word_1_77' title='bbox 804 1504 860 1559; x_wconf 90' lang='lat' dir='ltr'><strong>in</strong></span> <span class='ocrx_word' id='word_1_78' title='bbox 893 1505 1090 1576; x_wconf 77' lang='lat' dir='ltr'><strong>proelio</strong></span> <span class='ocrx_word' id='word_1_79' title='bbox 1118 1503 1402 1570; x_wconf 89' lang='lat' dir='ltr'><strong>dimicent,</strong></span> <span class='ocrx_word' id='word_1_80' title='bbox 1434 1510 1488 1558; x_wconf 90' lang='lat' dir='ltr'><strong>et</strong></span> <span class='ocrx_word' id='word_1_81' title='bbox 1523 1502 1589 1558; x_wconf 90' lang='lat' dir='ltr'><strong>ad</strong></span> <span class='ocrx_word' id='word_1_82' title='bbox 1621 1504 1862 1574; x_wconf 85' lang='lat' dir='ltr'><strong>pericula</strong></span> <span class='ocrx_word' id='word_1_83' title='bbox 1893 1507 2072 1562; x_wconf 80' lang='lat' dir='ltr'><strong>susei-</strong></span> 
     </span>
    </p>
   </div>
   <div class='ocr_carea' id='block_1_16' title="bbox 491 1596 2069 1672">
    <p class='ocr_par' dir='ltr' id='par_1_16' title="bbox 491 1596 2069 1672">
     <span class='ocr_line' id='line_1_16' title="bbox 491 1596 2069 1672; baseline -0.001 -16"><span class='ocrx_word' id='word_1_84' title='bbox 491 1599 687 1672; x_wconf 88' lang='lat' dir='ltr'><strong>pienda</strong></span> <span class='ocrx_word' id='word_1_85' title='bbox 723 1598 898 1670; x_wconf 76' lang='lat' dir='ltr'><strong>magis</strong></span> <span class='ocrx_word' id='word_1_86' title='bbox 940 1598 1270 1655; x_wconf 76' lang='lat' dir='ltr'><strong>excitentur.</strong></span> <span class='ocrx_word' id='word_1_87' title='bbox 1314 1596 1528 1652; x_wconf 85' lang='lat' dir='ltr'><strong>Habeat</strong></span> <span class='ocrx_word' id='word_1_88' title='bbox 1561 1613 1783 1669; x_wconf 90' lang='lat' dir='ltr'><strong>quoque</strong></span> <span class='ocrx_word' id='word_1_89' title='bbox 1831 1598 2069 1669; x_wconf 77' lang='lat' dir='ltr'><strong>aliquem</strong></span> 
     </span>
    </p>
   </div>
   <div class='ocr_carea' id='block_1_17' title="bbox 491 1690 2073 1761">
    <p class='ocr_par' dir='ltr' id='par_1_17' title="bbox 491 1690 2073 1761">
     <span class='ocr_line' id='line_1_17' title="bbox 491 1690 2073 1761; baseline -0.001 -13"><span class='ocrx_word' id='word_1_90' title='bbox 491 1707 840 1748; x_wconf 87' lang='lat' dir='ltr'><strong>communem</strong></span> <span class='ocrx_word' id='word_1_91' title='bbox 874 1691 1018 1747; x_wconf 90' lang='lat' dir='ltr'><strong>inter</strong></span> <span class='ocrx_word' id='word_1_92' title='bbox 1048 1706 1109 1747; x_wconf 88' lang='lat' dir='ltr'><strong>se</strong></span> <span class='ocrx_word' id='word_1_93' title='bbox 1141 1706 1299 1747; x_wconf 89' lang='lat' dir='ltr'><strong>usum</strong></span> <span class='ocrx_word' id='word_1_94' title='bbox 1326 1690 1760 1761; x_wconf 89' lang='lat' dir='ltr'><strong>unumquodque</strong></span> <span class='ocrx_word' id='word_1_95' title='bbox 1778 1693 2073 1747; x_wconf 82' lang='lat' dir='ltr'><strong>contuber-</strong></span> 
     </span>
    </p>
   </div>
   <div class='ocr_carea' id='block_1_18' title="bbox 490 1783 1814 1854">
    <p class='ocr_par' dir='ltr' id='par_1_18' title="bbox 490 1783 1814 1854">
     <span class='ocr_line' id='line_1_18' title="bbox 490 1783 1814 1854; baseline 0 -14"><span class='ocrx_word' id='word_1_96' title='bbox 490 1786 667 1852; x_wconf 91' lang='lat' dir='ltr'><strong>nium,</strong></span> <span class='ocrx_word' id='word_1_97' title='bbox 693 1783 1155 1854; x_wconf 82' lang='lat' dir='ltr'><strong>quemadmodum</strong></span> <span class='ocrx_word' id='word_1_98' title='bbox 1191 1793 1349 1839; x_wconf 89' lang='lat' dir='ltr'><strong>antea</strong></span> <span class='ocrx_word' id='word_1_99' title='bbox 1376 1783 1814 1854; x_wconf 79' lang='lat' dir='ltr'><strong>explanavimus.</strong></span> 
     </span>
    </p>
   </div>
   <div class='ocr_carea' id='block_1_19' title="bbox 521 1875 2144 1944">
    <p class='ocr_par' dir='ltr' id='par_1_19' title="bbox 521 1875 2144 1944">
     <span class='ocr_line' id='line_1_19' title="bbox 521 1875 2144 1944; baseline 0 -11"><span class='ocrx_word' id='word_1_100' title='bbox 521 1875 650 1934; x_wconf 78' lang='lat'><strong>-&#39;59.</strong></span> <span class='ocrx_word' id='word_1_101' title='bbox 712 1877 1016 1933; x_wconf 84' lang='lat' dir='ltr'><strong>Prudenter</strong></span> <span class='ocrx_word' id='word_1_102' title='bbox 1070 1888 1253 1932; x_wconf 89' lang='lat' dir='ltr'><strong>autem</strong></span> <span class='ocrx_word' id='word_1_103' title='bbox 1316 1875 1512 1932; x_wconf 82' lang='lat' dir='ltr'><strong>feceris</strong></span> <span class='ocrx_word' id='word_1_104' title='bbox 1569 1877 1614 1932; x_wconf 87' lang='lat' dir='ltr'><strong>si</strong></span> <span class='ocrx_word' id='word_1_105' title='bbox 1683 1876 1891 1934; x_wconf 62' lang='lat' dir='ltr'><strong>altrices</strong></span> <span class='ocrx_word' id='word_1_106' title='bbox 1940 1893 2064 1933; x_wconf 86' lang='lat' dir='ltr'><strong>curn</strong></span> <span class='ocrx_word' id='word_1_107' title='bbox 2099 1883 2144 1944; x_wconf 79' lang='grc' dir='ltr'>Β</span> 
     </span>
    </p>
   </div>
   <div class='ocr_carea' id='block_1_20' title="bbox 487 1969 2065 2042">
    <p class='ocr_par' dir='ltr' id='par_1_20' title="bbox 487 1969 2065 2042">
     <span class='ocr_line' id='line_1_20' title="bbox 487 1969 2065 2042; baseline 0 -14"><span class='ocrx_word' id='word_1_108' title='bbox 487 1973 706 2038; x_wconf 81' lang='lat' dir='ltr'><strong>amicis,</strong></span> <span class='ocrx_word' id='word_1_109' title='bbox 742 1971 941 2026; x_wconf 82' lang='lat' dir='ltr'><strong>fratres</strong></span> <span class='ocrx_word' id='word_1_110' title='bbox 973 1986 1100 2026; x_wconf 88' lang='lat' dir='ltr'><strong>cum</strong></span> <span class='ocrx_word' id='word_1_111' title='bbox 1133 1969 1414 2034; x_wconf 90' lang='lat' dir='ltr'><strong>fratribus,</strong></span> <span class='ocrx_word' id='word_1_112' title='bbox 1443 1971 1608 2040; x_wconf 87' lang='lat' dir='ltr'><strong>idque</strong></span> <span class='ocrx_word' id='word_1_113' title='bbox 1635 1971 1688 2024; x_wconf 92' lang='lat' dir='ltr'><strong>in</strong></span> <span class='ocrx_word' id='word_1_114' title='bbox 1726 1969 1842 2040; x_wconf 87' lang='lat' dir='ltr'><strong>ipsa</strong></span> <span class='ocrx_word' id='word_1_115' title='bbox 1885 1971 2065 2042; x_wconf 64' lang='lat' dir='ltr'><strong>praelii</strong></span> 
     </span>
    </p>
   </div>
   <div class='ocr_carea' id='block_1_21' title="bbox 486 2063 2067 2135">
    <p class='ocr_par' dir='ltr' id='par_1_21' title="bbox 486 2063 2067 2135">
     <span class='ocr_line' id='line_1_21' title="bbox 486 2063 2067 2135; baseline -0.001 -15"><span class='ocrx_word' id='word_1_116' title='bbox 486 2068 604 2121; x_wconf 86' lang='lat' dir='ltr'><strong>acie</strong></span> <span class='ocrx_word' id='word_1_117' title='bbox 639 2066 989 2135; x_wconf 89' lang='lat' dir='ltr'><strong>potissimum</strong></span> <span class='ocrx_word' id='word_1_118' title='bbox 1031 2063 1386 2133; x_wconf 80' lang='lat' dir='ltr'><strong>conjunxeris</strong></span> <span class='ocrx_word' id='word_1_119' title='bbox 1418 2081 1433 2117; x_wconf 74' lang='grc' dir='ltr'><strong>ε</strong></span> <span class='ocrx_word' id='word_1_120' title='bbox 1467 2063 1690 2133; x_wconf 89' lang='lat' dir='ltr'><strong>quando</strong></span> <span class='ocrx_word' id='word_1_121' title='bbox 1732 2063 1877 2117; x_wconf 89' lang='lat' dir='ltr'><strong>enim</strong></span> <span class='ocrx_word' id='word_1_122' title='bbox 1920 2066 2067 2135; x_wconf 79' lang='lat' dir='ltr'><strong>peri-</strong></span> 
     </span>
    </p>
   </div>
   <div class='ocr_carea' id='block_1_22' title="bbox 485 2158 2068 2231">
    <p class='ocr_par' dir='ltr' id='par_1_22' title="bbox 485 2158 2068 2231">
     <span class='ocr_line' id='line_1_22' title="bbox 485 2158 2068 2231; baseline -0.001 -15"><span class='ocrx_word' id='word_1_123' title='bbox 485 2161 698 2216; x_wconf 88' lang='lat' dir='ltr'><strong>clitanti</strong></span> <span class='ocrx_word' id='word_1_124' title='bbox 723 2160 1006 2231; x_wconf 80' lang='lat' dir='ltr'><strong>proximus</strong></span> <span class='ocrx_word' id='word_1_125' title='bbox 1033 2159 1330 2213; x_wconf 84' lang='lat' dir='ltr'><strong>admodum</strong></span> <span class='ocrx_word' id='word_1_126' title='bbox 1362 2158 1577 2212; x_wconf 90' lang='lat' dir='ltr'><strong>amicus</strong></span> <span class='ocrx_word' id='word_1_127' title='bbox 1600 2165 1701 2221; x_wconf 86' lang='lat' dir='ltr'><strong>est,</strong></span> <span class='ocrx_word' id='word_1_128' title='bbox 1735 2171 1957 2213; x_wconf 90' lang='lat' dir='ltr'><strong>necesse</strong></span> <span class='ocrx_word' id='word_1_129' title='bbox 1983 2168 2068 2215; x_wconf 88' lang='lat' dir='ltr'><strong>est</strong></span> 
     </span>
    </p>
   </div>
   <div class='ocr_carea' id='block_1_23' title="bbox 486 2249 2065 2325">
    <p class='ocr_par' dir='ltr' id='par_1_23' title="bbox 486 2249 2065 2325">
     <span class='ocr_line' id='line_1_23' title="bbox 486 2249 2065 2325; baseline -0.001 -16"><span class='ocrx_word' id='word_1_130' title='bbox 486 2271 586 2325; x_wconf 88' lang='lat' dir='ltr'><strong>pro</strong></span> <span class='ocrx_word' id='word_1_131' title='bbox 619 2269 705 2321; x_wconf 84' lang='lat' dir='ltr'><strong>eo,</strong></span> <span class='ocrx_word' id='word_1_132' title='bbox 736 2268 896 2323; x_wconf 89' lang='lat' dir='ltr'><strong>quem</strong></span> <span class='ocrx_word' id='word_1_133' title='bbox 919 2253 1148 2307; x_wconf 86' lang='lat' dir='ltr'><strong>charum</strong></span> <span class='ocrx_word' id='word_1_134' title='bbox 1184 2250 1400 2316; x_wconf 83' lang='lat' dir='ltr'><strong>habeat,</strong></span> <span class='ocrx_word' id='word_1_135' title='bbox 1426 2249 1729 2305; x_wconf 85' lang='lat' dir='ltr'><strong>animosius</strong></span> <span class='ocrx_word' id='word_1_136' title='bbox 1757 2257 1918 2320; x_wconf 88' lang='lat' dir='ltr'><strong>atque</strong></span> <span class='ocrx_word' id='word_1_137' title='bbox 1948 2253 2065 2307; x_wconf 91' lang='lat' dir='ltr'><strong>ala-</strong></span> 
     </span>
    </p>
   </div>
   <div class='ocr_carea' id='block_1_24' title="bbox 486 2344 2065 2416">
    <p class='ocr_par' dir='ltr' id='par_1_24' title="bbox 486 2344 2065 2416">
     <span class='ocr_line' id='line_1_24' title="bbox 486 2344 2065 2416; baseline -0.003 -11"><span class='ocrx_word' id='word_1_138' title='bbox 486 2351 635 2406; x_wconf 89' lang='lat' dir='ltr'><strong>crius</strong></span> <span class='ocrx_word' id='word_1_139' title='bbox 664 2349 908 2404; x_wconf 89' lang='lat' dir='ltr'><strong>dimicet.</strong></span> <span class='ocrx_word' id='word_1_140' title='bbox 941 2347 1090 2402; x_wconf 81' lang='lat' dir='ltr'><strong>Alter</strong></span> <span class='ocrx_word' id='word_1_141' title='bbox 1119 2357 1301 2401; x_wconf 80' lang='lat' dir='ltr'><strong>autem</strong></span> <span class='ocrx_word' id='word_1_142' title='bbox 1333 2345 1462 2416; x_wconf 88' lang='lat' dir='ltr'><strong>quia</strong></span> <span class='ocrx_word' id='word_1_143' title='bbox 1516 2360 1623 2400; x_wconf 86' lang='lat' dir='ltr'><strong>non</strong></span> <span class='ocrx_word' id='word_1_144' title='bbox 1671 2344 1899 2400; x_wconf 87' lang='lat' dir='ltr'><strong>reddere</strong></span> <span class='ocrx_word' id='word_1_145' title='bbox 1941 2362 2065 2414; x_wconf 72' lang='lat' dir='ltr'><strong>gra-</strong></span> 
     </span>
    </p>
   </div>
   <div class='ocr_carea' id='block_1_25' title="bbox 486 2436 2063 2511">
    <p class='ocr_par' dir='ltr' id='par_1_25' title="bbox 486 2436 2063 2511">
     <span class='ocr_line' id='line_1_25' title="bbox 486 2436 2063 2511; baseline -0.004 -13"><span class='ocrx_word' id='word_1_146' title='bbox 486 2445 617 2498; x_wconf 87' lang='lat' dir='ltr'><strong>tiam</strong></span> <span class='ocrx_word' id='word_1_147' title='bbox 645 2442 762 2496; x_wconf 83' lang='lat' dir='ltr'><strong>viro</strong></span> <span class='ocrx_word' id='word_1_148' title='bbox 785 2455 884 2511; x_wconf 92' lang='lat' dir='ltr'><strong>pro</strong></span> <span class='ocrx_word' id='word_1_149' title='bbox 908 2456 966 2496; x_wconf 91' lang='lat' dir='ltr'><strong>se</strong></span> <span class='ocrx_word' id='word_1_150' title='bbox 988 2447 1097 2494; x_wconf 85' lang='lat' dir='ltr'><strong>tam</strong></span> <span class='ocrx_word' id='word_1_151' title='bbox 1131 2439 1345 2494; x_wconf 75' lang='lat' dir='ltr'><strong>fortiter</strong></span> <span class='ocrx_word' id='word_1_152' title='bbox 1377 2437 1742 2509; x_wconf 78' lang='lat' dir='ltr'><strong>propugnanti</strong></span> <span class='ocrx_word' id='word_1_153' title='bbox 1770 2436 2063 2506; x_wconf 85' lang='lat' dir='ltr'><strong>erubescit,</strong></span> 
     </span>
    </p>
   </div>
   <div class='ocr_carea' id='block_1_26' title="bbox 484 2529 2065 2599">
    <p class='ocr_par' dir='ltr' id='par_1_26' title="bbox 484 2529 2065 2599">
     <span class='ocr_line' id='line_1_26' title="bbox 484 2529 2065 2599; baseline -0.002 -11"><span class='ocrx_word' id='word_1_154' title='bbox 484 2535 632 2588; x_wconf 90' lang='lat' dir='ltr'><strong>hunc</strong></span> <span class='ocrx_word' id='word_1_155' title='bbox 688 2531 1085 2587; x_wconf 85' lang='lat' dir='ltr'><strong>benemeritum</strong></span> <span class='ocrx_word' id='word_1_156' title='bbox 1138 2530 1389 2585; x_wconf 77' lang='lat' dir='ltr'><strong>deserere</strong></span> <span class='ocrx_word' id='word_1_157' title='bbox 1443 2539 1497 2583; x_wconf 89' lang='lat' dir='ltr'><strong>et</strong></span> <span class='ocrx_word' id='word_1_158' title='bbox 1544 2529 1892 2599; x_wconf 80' lang='lat' dir='ltr'><strong>tergiversari</strong></span> <span class='ocrx_word' id='word_1_159' title='bbox 1946 2529 2065 2586; x_wconf 89' lang='lat' dir='ltr'><strong>sine</strong></span> 
     </span>
    </p>
   </div>
   <div class='ocr_carea' id='block_1_27' title="bbox 485 2628 1144 2698">
    <p class='ocr_par' dir='ltr' id='par_1_27' title="bbox 485 2628 1144 2698">
     <span class='ocr_line' id='line_1_27' title="bbox 485 2628 1144 2698; baseline -0.003 -19"><span class='ocrx_word' id='word_1_160' title='bbox 485 2628 685 2682; x_wconf 90' lang='lat' dir='ltr'><strong>rubore</strong></span> <span class='ocrx_word' id='word_1_161' title='bbox 712 2640 820 2680; x_wconf 89' lang='lat' dir='ltr'><strong>non</strong></span> <span class='ocrx_word' id='word_1_162' title='bbox 844 2633 1043 2696; x_wconf 88' lang='lat' dir='ltr'><strong>potest.</strong></span> <span class='ocrx_word' id='word_1_163' title='bbox 1141 2696 1144 2698; x_wconf 10' lang='grc' dir='ltr'><strong>γ</strong></span> 
     </span>
    </p>
   </div>
   <div class='ocr_carea' id='block_1_28' title="bbox 553 2716 2060 2786">
    <p class='ocr_par' dir='ltr' id='par_1_28' title="bbox 553 2716 2060 2786">
     <span class='ocr_line' id='line_1_28' title="bbox 553 2716 2060 2786; baseline -0.001 -13"><span class='ocrx_word' id='word_1_164' title='bbox 553 2719 644 2774; x_wconf 75' lang='grc'><strong>40.</strong></span> <span class='ocrx_word' id='word_1_165' title='bbox 709 2717 1086 2773; x_wconf 87' lang='lat' dir='ltr'><strong>Contubernia</strong></span> <span class='ocrx_word' id='word_1_166' title='bbox 1137 2725 1343 2780; x_wconf 84' lang='lat' dir='ltr'><strong>autem,</strong></span> <span class='ocrx_word' id='word_1_167' title='bbox 1397 2723 1455 2770; x_wconf 91' lang='lat' dir='ltr'><strong>ut</strong></span> <span class='ocrx_word' id='word_1_168' title='bbox 1509 2716 1620 2786; x_wconf 91' lang='lat' dir='ltr'><strong>jam</strong></span> <span class='ocrx_word' id='word_1_169' title='bbox 1683 2716 2060 2786; x_wconf 70' lang='lat' dir='ltr'><strong>praediximus,</strong></span> 
     </span>
    </p>
   </div>
   <div class='ocr_carea' id='block_1_29' title="bbox 480 2808 2064 2884">
    <p class='ocr_par' dir='ltr' id='par_1_29' title="bbox 480 2808 2064 2884">
     <span class='ocr_line' id='line_1_29' title="bbox 480 2808 2064 2884; baseline -0.002 -18"><span class='ocrx_word' id='word_1_170' title='bbox 480 2821 768 2884; x_wconf 82' lang='lat' dir='ltr'><strong>propterea</strong></span> <span class='ocrx_word' id='word_1_171' title='bbox 811 2827 840 2866; x_wconf 93' lang='lat' dir='ltr'><strong>a</strong></span> <span class='ocrx_word' id='word_1_172' title='bbox 874 2808 1309 2882; x_wconf 84' lang='lat' dir='ltr'><strong>provectioribus</strong></span> <span class='ocrx_word' id='word_1_173' title='bbox 1338 2809 1501 2863; x_wconf 88' lang='lat' dir='ltr'><strong>simul</strong></span> <span class='ocrx_word' id='word_1_174' title='bbox 1532 2816 1586 2865; x_wconf 88' lang='lat' dir='ltr'><strong>et</strong></span> <span class='ocrx_word' id='word_1_175' title='bbox 1611 2808 1929 2879; x_wconf 87' lang='lat' dir='ltr'><strong>junioribus</strong></span> <span class='ocrx_word' id='word_1_176' title='bbox 1959 2810 2064 2864; x_wconf 88' lang='lat' dir='ltr'><strong>mi-</strong></span> 
     </span>
    </p>
   </div>
   <div class='ocr_carea' id='block_1_30' title="bbox 480 2899 2062 2976">
    <p class='ocr_par' dir='ltr' id='par_1_30' title="bbox 480 2899 2062 2976">
     <span class='ocr_line' id='line_1_30' title="bbox 480 2899 2062 2976; baseline -0.001 -15"><span class='ocrx_word' id='word_1_177' title='bbox 480 2907 675 2962; x_wconf 85' lang='lat' dir='ltr'><strong>litibus</strong></span> <span class='ocrx_word' id='word_1_178' title='bbox 710 2905 824 2960; x_wconf 86' lang='lat' dir='ltr'><strong>ﬁeri</strong></span> <span class='ocrx_word' id='word_1_179' title='bbox 857 2911 1095 2976; x_wconf 89' lang='lat' dir='ltr'><strong>oportet,</strong></span> <span class='ocrx_word' id='word_1_180' title='bbox 1122 2910 1182 2957; x_wconf 93' lang='lat' dir='ltr'><strong>ut</strong></span> <span class='ocrx_word' id='word_1_181' title='bbox 1226 2917 1294 2957; x_wconf 88' lang='lat' dir='ltr'><strong>ne</strong></span> <span class='ocrx_word' id='word_1_182' title='bbox 1322 2899 1690 2973; x_wconf 64' lang='lat' dir='ltr'><strong>provectiores</strong></span> <span class='ocrx_word' id='word_1_183' title='bbox 1723 2918 1819 2973; x_wconf 87' lang='lat' dir='ltr'><strong>per</strong></span> <span class='ocrx_word' id='word_1_184' title='bbox 1853 2904 2062 2973; x_wconf 86' lang='lat' dir='ltr'><strong>seipsos</strong></span> 
     </span>
    </p>
   </div>
   <div class='ocr_carea' id='block_1_31' title="bbox 480 2995 2062 3067">
    <p class='ocr_par' dir='ltr' id='par_1_31' title="bbox 480 2995 2062 3067">
     <span class='ocr_line' id='line_1_31' title="bbox 480 2995 2062 3067; baseline -0.003 -12"><span class='ocrx_word' id='word_1_185' title='bbox 480 2998 732 3055; x_wconf 84' lang='lat' dir='ltr'><strong>collocati</strong></span> <span class='ocrx_word' id='word_1_186' title='bbox 787 2997 996 3052; x_wconf 88' lang='lat' dir='ltr'><strong>debiles</strong></span> <span class='ocrx_word' id='word_1_187' title='bbox 1050 3005 1214 3066; x_wconf 88' lang='lat' dir='ltr'><strong>atque</strong></span> <span class='ocrx_word' id='word_1_188' title='bbox 1271 2995 1573 3051; x_wconf 86' lang='lat' dir='ltr'><strong>imbecilles</strong></span> <span class='ocrx_word' id='word_1_189' title='bbox 1632 2996 1759 3060; x_wconf 84' lang='lat' dir='ltr'><strong>sint,</strong></span> <span class='ocrx_word' id='word_1_190' title='bbox 1810 2995 2062 3067; x_wconf 85' lang='lat' dir='ltr'><strong>juniores</strong></span> 
     </span>
    </p>
   </div>
   <div class='ocr_carea' id='block_1_32' title="bbox 478 3087 2063 3160">
    <p class='ocr_par' dir='ltr' id='par_1_32' title="bbox 478 3087 2063 3160">
     <span class='ocr_line' id='line_1_32' title="bbox 478 3087 2063 3160; baseline -0.003 -12"><span class='ocrx_word' id='word_1_191' title='bbox 478 3101 689 3159; x_wconf 89' lang='lat' dir='ltr'><strong>autem,</strong></span> <span class='ocrx_word' id='word_1_192' title='bbox 727 3104 922 3160; x_wconf 87' lang='lat' dir='ltr'><strong>nempe</strong></span> <span class='ocrx_word' id='word_1_193' title='bbox 973 3102 1153 3144; x_wconf 88' lang='lat' dir='ltr'><strong>rerum</strong></span> <span class='ocrx_word' id='word_1_194' title='bbox 1191 3087 1453 3159; x_wconf 87' lang='lat' dir='ltr'><strong>imperiti,</strong></span> <span class='ocrx_word' id='word_1_195' title='bbox 1501 3088 1935 3159; x_wconf 87' lang='lat' dir='ltr'><strong>perturbatiores</strong></span> <span class='ocrx_word' id='word_1_196' title='bbox 1976 3103 2063 3143; x_wconf 87' lang='lat' dir='ltr'><strong>re-</strong></span> 
     </span>
    </p>
   </div>
   <div class='ocr_carea' id='block_1_33' title="bbox 2183 567 3773 646">
    <p class='ocr_par' dir='ltr' id='par_1_33' title="bbox 2183 567 3773 646">
     <span class='ocr_line' id='line_1_33' title="bbox 2183 567 3773 646; baseline 0 -18"><span class='ocrx_word' id='word_1_197' title='bbox 2183 574 2244 640; x_wconf 80' lang='grc' dir='ltr'>έξ</span> <span class='ocrx_word' id='word_1_198' title='bbox 2282 575 2461 631; x_wconf 88' lang='grc' dir='ltr'>αὐτῶν</span> <span class='ocrx_word' id='word_1_199' title='bbox 2514 574 2862 646; x_wconf 79' lang='grc' dir='ltr'><strong>στρατιωτῶν</strong></span> <span class='ocrx_word' id='word_1_200' title='bbox 2890 571 3165 645; x_wconf 79' lang='grc' dir='ltr'>χρήσιμον</span> <span class='ocrx_word' id='word_1_201' title='bbox 3207 573 3346 644; x_wconf 86' lang='grc' dir='ltr'><strong>μετά</strong></span> <span class='ocrx_word' id='word_1_202' title='bbox 3400 574 3655 645; x_wconf 77' lang='grc' dir='ltr'>σημείου,</span> 
     </span>
    </p>
   </div>
   <div class='ocr_carea' id='block_1_34' title="bbox 2180 666 3766 739">
    <p class='ocr_par' dir='ltr' id='par_1_34' title="bbox 2180 666 3766 739">
     <span class='ocr_line' id='line_1_34' title="bbox 2180 666 3766 739; baseline 0.004 -20"><span class='ocrx_word' id='word_1_203' title='bbox 2180 683 2285 720; x_wconf 85' lang='grc' dir='ltr'>τινι</span> <span class='ocrx_word' id='word_1_204' title='bbox 2311 667 2372 719; x_wconf 81' lang='grc' dir='ltr'>τὸ</span> <span class='ocrx_word' id='word_1_205' title='bbox 2401 667 2521 722; x_wconf 81' lang='grc' dir='ltr'>ὅλον</span> <span class='ocrx_word' id='word_1_206' title='bbox 2548 666 2769 722; x_wconf 78' lang='grc' dir='ltr'>τοῦλδον</span> <span class='ocrx_word' id='word_1_207' title='bbox 2808 667 2977 737; x_wconf 68' lang='grc' dir='ltr'>ἤγουν</span> <span class='ocrx_word' id='word_1_208' title='bbox 3013 667 3082 721; x_wconf 82' lang='grc' dir='ltr'>τά</span> <span class='ocrx_word' id='word_1_209' title='bbox 3119 669 3406 739; x_wconf 84' lang='grc' dir='ltr'>σαγμάρια</span> <span class='ocrx_word' id='word_1_210' title='bbox 3449 670 3766 725; x_wconf 80' lang='grc' dir='ltr'><strong>ἀκολουθεῖν</strong></span> 
     </span>
    </p>
   </div>
   <div class='ocr_carea' id='block_1_35' title="bbox 2179 760 2507 828">
    <p class='ocr_par' dir='ltr' id='par_1_35' title="bbox 2179 760 2507 828">
     <span class='ocr_line' id='line_1_35' title="bbox 2179 760 2507 828; baseline 0.015 -17"><span class='ocrx_word' id='word_1_211' title='bbox 2179 760 2507 828; x_wconf 81' lang='grc' dir='ltr'><strong>ὀφείλουσιν.</strong></span> 
     </span>
    </p>
   </div>
   <div class='ocr_carea' id='block_1_36' title="bbox 2249 849 3770 924">
    <p class='ocr_par' dir='ltr' id='par_1_36' title="bbox 2249 849 3770 924">
     <span class='ocr_line' id='line_1_36' title="bbox 2249 849 3770 924; baseline 0.004 -21"><span class='ocrx_word' id='word_1_212' title='bbox 2249 851 2346 915; x_wconf 79' lang='grc' dir='ltr'>λζ’.</span> <span class='ocrx_word' id='word_1_213' title='bbox 2397 853 2636 924; x_wconf 87' lang='grc' dir='ltr'>Ὀρίσεις</span> <span class='ocrx_word' id='word_1_214' title='bbox 2673 852 2731 906; x_wconf 76' lang='grc' dir='ltr'>δὲ</span> <span class='ocrx_word' id='word_1_215' title='bbox 2774 854 2869 906; x_wconf 83' lang='grc' dir='ltr'><strong>καὶ</strong></span> <span class='ocrx_word' id='word_1_216' title='bbox 2914 853 3015 917; x_wconf 78' lang='grc' dir='ltr'><strong>τὰς</strong></span> <span class='ocrx_word' id='word_1_217' title='bbox 3069 854 3230 916; x_wconf 86' lang='grc' dir='ltr'>άκίας</span> <span class='ocrx_word' id='word_1_218' title='bbox 3277 849 3441 908; x_wconf 80' lang='grc' dir='ltr'>πόσαι</span> <span class='ocrx_word' id='word_1_219' title='bbox 3494 856 3590 908; x_wconf 74' lang='grc' dir='ltr'><strong>καὶ</strong></span> <span class='ocrx_word' id='word_1_220' title='bbox 3619 861 3770 909; x_wconf 82' lang='grc' dir='ltr'>ποῖαι</span> 
     </span>
    </p>
   </div>
   <div class='ocr_carea' id='block_1_37' title="bbox 2177 944 3770 1016">
    <p class='ocr_par' dir='ltr' id='par_1_37' title="bbox 2177 944 3770 1016">
     <span class='ocr_line' id='line_1_37' title="bbox 2177 944 3770 1016; baseline 0.004 -20"><span class='ocrx_word' id='word_1_221' title='bbox 2177 944 2450 1013; x_wconf 79' lang='grc' dir='ltr'>ὀφείλουσι</span> <span class='ocrx_word' id='word_1_222' title='bbox 2482 944 2629 1011; x_wconf 74' lang='grc' dir='ltr'>δεξιὰ</span> <span class='ocrx_word' id='word_1_223' title='bbox 2663 944 2758 1000; x_wconf 81' lang='grc' dir='ltr'>τοῦ</span> <span class='ocrx_word' id='word_1_224' title='bbox 2793 945 2985 1016; x_wconf 81' lang='grc' dir='ltr'>βάνδου</span> <span class='ocrx_word' id='word_1_225' title='bbox 3020 947 3337 1012; x_wconf 77' lang='grc' dir='ltr'><strong>τάσσεσθαι,</strong></span> <span class='ocrx_word' id='word_1_226' title='bbox 3373 950 3465 1002; x_wconf 77' lang='grc' dir='ltr'><strong>καὶ</strong></span> <span class='ocrx_word' id='word_1_227' title='bbox 3489 950 3650 1003; x_wconf 72' lang='grc' dir='ltr'>πόσαι</span> <span class='ocrx_word' id='word_1_228' title='bbox 3671 950 3770 1003; x_wconf 72' lang='grc' dir='ltr'><strong>καὶ</strong></span> 
     </span>
    </p>
   </div>
   <div class='ocr_carea' id='block_1_38' title="bbox 2177 1039 2841 1112">
    <p class='ocr_par' dir='ltr' id='par_1_38' title="bbox 2177 1039 2841 1112">
     <span class='ocr_line' id='line_1_38' title="bbox 2177 1039 2841 1112; baseline 0.011 -22"><span class='ocrx_word' id='word_1_229' title='bbox 2177 1041 2328 1093; x_wconf 84' lang='grc' dir='ltr'>ποῖαι</span> <span class='ocrx_word' id='word_1_230' title='bbox 2354 1039 2622 1112; x_wconf 83' lang='grc' dir='ltr'>ἀριστερὰ</span> <span class='ocrx_word' id='word_1_231' title='bbox 2651 1039 2816 1095; x_wconf 77' lang='grc' dir='ltr'>αὐτοῦ</span> <span class='ocrx_word' id='word_1_232' title='bbox 2828 1083 2841 1097; x_wconf 97' lang='grc'><strong>.</strong></span> 
     </span>
    </p>
   </div>
   <div class='ocr_carea' id='block_1_39' title="bbox 2247 1133 3768 1208">
    <p class='ocr_par' dir='ltr' id='par_1_39' title="bbox 2247 1133 3768 1208">
     <span class='ocr_line' id='line_1_39' title="bbox 2247 1133 3768 1208; baseline 0.004 -23"><span class='ocrx_word' id='word_1_233' title='bbox 2247 1133 2347 1201; x_wconf 80' lang='grc' dir='ltr'>λη’.</span> <span class='ocrx_word' id='word_1_234' title='bbox 2389 1134 2583 1200; x_wconf 82' lang='grc' dir='ltr'><strong>Τάξεις</strong></span> <span class='ocrx_word' id='word_1_235' title='bbox 2615 1135 2672 1188; x_wconf 81' lang='grc' dir='ltr'><strong>δὲ</strong></span> <span class='ocrx_word' id='word_1_236' title='bbox 2699 1134 2796 1189; x_wconf 73' lang='grc' dir='ltr'>καὶ</span> <span class='ocrx_word' id='word_1_237' title='bbox 2816 1134 2884 1187; x_wconf 84' lang='grc' dir='ltr'>τά</span> <span class='ocrx_word' id='word_1_238' title='bbox 2913 1134 3301 1206; x_wconf 81' lang='grc' dir='ltr'>κοντουσέρνια</span> <span class='ocrx_word' id='word_1_239' title='bbox 3331 1133 3364 1208; x_wconf 75' lang='grc' dir='ltr'>ἢ</span> <span class='ocrx_word' id='word_1_240' title='bbox 3407 1141 3544 1190; x_wconf 68' lang='grc' dir='ltr'>κατά</span> <span class='ocrx_word' id='word_1_241' title='bbox 3576 1139 3768 1202; x_wconf 76' lang='grc' dir='ltr'>πέντε,</span> 
     </span>
    </p>
   </div>
   <div class='ocr_carea' id='block_1_40' title="bbox 2175 1222 3767 1303">
    <p class='ocr_par' dir='ltr' id='par_1_40' title="bbox 2175 1222 3767 1303">
     <span class='ocr_line' id='line_1_40' title="bbox 2175 1222 3767 1303; baseline 0.008 -26"><span class='ocrx_word' id='word_1_242' title='bbox 2175 1222 2250 1286; x_wconf 77' lang='grc' dir='ltr'><strong>ὡς</strong></span> <span class='ocrx_word' id='word_1_243' title='bbox 2291 1224 2526 1297; x_wconf 81' lang='grc' dir='ltr'>εἴρηται,</span> <span class='ocrx_word' id='word_1_244' title='bbox 2581 1228 2613 1298; x_wconf 80' lang='grc' dir='ltr'>ἢ</span> <span class='ocrx_word' id='word_1_245' title='bbox 2665 1227 2800 1281; x_wconf 85' lang='grc' dir='ltr'>δέκα</span> <span class='ocrx_word' id='word_1_246' title='bbox 2848 1227 3069 1300; x_wconf 79' lang='grc' dir='ltr'>ἄνδρας,</span> <span class='ocrx_word' id='word_1_247' title='bbox 3121 1229 3154 1298; x_wconf 84' lang='grc' dir='ltr'>ἢ</span> <span class='ocrx_word' id='word_1_248' title='bbox 3210 1230 3350 1282; x_wconf 86' lang='grc' dir='ltr'>κατά</span> <span class='ocrx_word' id='word_1_249' title='bbox 3396 1231 3685 1303; x_wconf 77' lang='grc' dir='ltr'>τέσσαρας.</span> <span class='ocrx_word' id='word_1_250' title='bbox 3727 1229 3767 1302; x_wconf 78' lang='grc' dir='ltr'>ἦ</span> 
     </span>
    </p>
   </div>
   <div class='ocr_carea' id='block_1_41' title="bbox 2175 1317 3770 1395">
    <p class='ocr_par' dir='ltr' id='par_1_41' title="bbox 2175 1317 3770 1395">
     <span class='ocr_line' id='line_1_41' title="bbox 2175 1317 3770 1395; baseline 0.003 -24"><span class='ocrx_word' id='word_1_251' title='bbox 2175 1318 2339 1388; x_wconf 82' lang='grc' dir='ltr'>ὀκτὼ,</span> <span class='ocrx_word' id='word_1_252' title='bbox 2464 1321 2595 1374; x_wconf 83' lang='grc' dir='ltr'>δέκα</span> <span class='ocrx_word' id='word_1_253' title='bbox 2634 1320 2714 1387; x_wconf 80' lang='grc' dir='ltr'>ἒξ,</span> <span class='ocrx_word' id='word_1_254' title='bbox 2756 1320 2832 1385; x_wconf 79' lang='grc' dir='ltr'>ὡς</span> <span class='ocrx_word' id='word_1_255' title='bbox 2864 1322 2929 1376; x_wconf 80' lang='grc' dir='ltr'>ἂν</span> <span class='ocrx_word' id='word_1_256' title='bbox 2959 1321 3250 1391; x_wconf 82' lang='grc' dir='ltr'><strong>γινώσκεις</strong></span> <span class='ocrx_word' id='word_1_257' title='bbox 3279 1320 3343 1375; x_wconf 82' lang='grc' dir='ltr'><strong>τὸ</strong></span> <span class='ocrx_word' id='word_1_258' title='bbox 3389 1323 3533 1377; x_wconf 83' lang='grc' dir='ltr'><strong>κατά</strong></span> <span class='ocrx_word' id='word_1_259' title='bbox 3573 1323 3770 1395; x_wconf 77' lang='grc' dir='ltr'>καιρὸν</span> 
     </span>
    </p>
   </div>
   <div class='ocr_carea' id='block_1_42' title="bbox 2175 1410 3770 1486">
    <p class='ocr_par' dir='ltr' id='par_1_42' title="bbox 2175 1410 3770 1486">
     <span class='ocr_line' id='line_1_42' title="bbox 2175 1410 3770 1486; baseline 0.004 -23"><span class='ocrx_word' id='word_1_260' title='bbox 2175 1411 2467 1483; x_wconf 85' lang='grc' dir='ltr'>χρήσιμον,</span> <span class='ocrx_word' id='word_1_261' title='bbox 2509 1412 2595 1466; x_wconf 83' lang='grc' dir='ltr'>ἴνα</span> <span class='ocrx_word' id='word_1_262' title='bbox 2633 1414 2698 1484; x_wconf 82' lang='grc' dir='ltr'><strong>τῇ</strong></span> <span class='ocrx_word' id='word_1_263' title='bbox 2745 1411 3005 1485; x_wconf 79' lang='grc' dir='ltr'>συνηθείᾳ</span> <span class='ocrx_word' id='word_1_264' title='bbox 3069 1410 3453 1483; x_wconf 78' lang='grc' dir='ltr'>δεσμούμενοι,</span> <span class='ocrx_word' id='word_1_265' title='bbox 3490 1411 3632 1486; x_wconf 80' lang='grc' dir='ltr'>ὑπὲρ</span> <span class='ocrx_word' id='word_1_266' title='bbox 3669 1415 3770 1470; x_wconf 78' lang='grc' dir='ltr'>ἀλ-</span> 
     </span>
    </p>
   </div>
   <div class='ocr_carea' id='block_1_43' title="bbox 2171 1501 3768 1579">
    <p class='ocr_par' dir='ltr' id='par_1_43' title="bbox 2171 1501 3768 1579">
     <span class='ocr_line' id='line_1_43' title="bbox 2171 1501 3768 1579; baseline 0.004 -23"><span class='ocrx_word' id='word_1_267' title='bbox 2171 1501 2348 1575; x_wconf 85' lang='grc' dir='ltr'>λήλων</span> <span class='ocrx_word' id='word_1_268' title='bbox 2376 1505 2434 1558; x_wconf 82' lang='grc' dir='ltr'><strong>έν</strong></span> <span class='ocrx_word' id='word_1_269' title='bbox 2475 1507 2594 1570; x_wconf 89' lang='grc' dir='ltr'>ταῖς</span> <span class='ocrx_word' id='word_1_270' title='bbox 2638 1506 2842 1578; x_wconf 84' lang='grc' dir='ltr'>μάχαις</span> <span class='ocrx_word' id='word_1_271' title='bbox 2881 1505 3298 1575; x_wconf 71' lang='grc' dir='ltr'>ἀγωνιζόμενοι,</span> <span class='ocrx_word' id='word_1_272' title='bbox 3357 1505 3768 1579; x_wconf 68' lang='grc' dir='ltr'>χρησιμώτερον.</span> 
     </span>
    </p>
   </div>
   <div class='ocr_carea' id='block_1_44' title="bbox 2171 1594 3768 1674">
    <p class='ocr_par' dir='ltr' id='par_1_44' title="bbox 2171 1594 3768 1674">
     <span class='ocr_line' id='line_1_44' title="bbox 2171 1594 3768 1674; baseline 0.005 -25"><span class='ocrx_word' id='word_1_273' title='bbox 2171 1594 2312 1667; x_wconf 80' lang='grc' dir='ltr'>πρὸς</span> <span class='ocrx_word' id='word_1_274' title='bbox 2363 1596 2614 1669; x_wconf 76' lang='grc' dir='ltr'>ἀνδρείαν</span> <span class='ocrx_word' id='word_1_275' title='bbox 2656 1598 2944 1668; x_wconf 82' lang='grc' dir='ltr'><strong>γένωνται.</strong></span> <span class='ocrx_word' id='word_1_276' title='bbox 2988 1598 3175 1670; x_wconf 73' lang='grc' dir='ltr'>Ἐχειν</span> <span class='ocrx_word' id='word_1_277' title='bbox 3219 1599 3279 1654; x_wconf 83' lang='grc' dir='ltr'>δὲ</span> <span class='ocrx_word' id='word_1_278' title='bbox 3328 1599 3528 1664; x_wconf 79' lang='grc' dir='ltr'>αὐτοὺς</span> <span class='ocrx_word' id='word_1_279' title='bbox 3577 1603 3768 1674; x_wconf 78' lang='grc' dir='ltr'>κοινὴν</span> 
     </span>
    </p>
   </div>
   <div class='ocr_carea' id='block_1_45' title="bbox 2173 1689 3764 1767">
    <p class='ocr_par' dir='ltr' id='par_1_45' title="bbox 2173 1689 3764 1767">
     <span class='ocr_line' id='line_1_45' title="bbox 2173 1689 3764 1767; baseline 0.004 -25"><span class='ocrx_word' id='word_1_280' title='bbox 2173 1689 2269 1744; x_wconf 75' lang='grc' dir='ltr'><strong>καὶ</strong></span> <span class='ocrx_word' id='word_1_281' title='bbox 2304 1691 2403 1761; x_wconf 77' lang='grc' dir='ltr'>τὴν</span> <span class='ocrx_word' id='word_1_282' title='bbox 2443 1691 2639 1763; x_wconf 82' lang='grc' dir='ltr'>χρείαν</span> <span class='ocrx_word' id='word_1_283' title='bbox 2669 1690 2794 1746; x_wconf 77' lang='grc' dir='ltr'>καθ’</span> <span class='ocrx_word' id='word_1_284' title='bbox 2823 1692 3054 1746; x_wconf 73' lang='grc' dir='ltr'>ἕκαστον</span> <span class='ocrx_word' id='word_1_285' title='bbox 3084 1690 3519 1763; x_wconf 65' lang='grc' dir='ltr'>κοπουῦέρνιον,</span> <span class='ocrx_word' id='word_1_286' title='bbox 3549 1693 3625 1758; x_wconf 84' lang='grc' dir='ltr'>ὡς</span> <span class='ocrx_word' id='word_1_287' title='bbox 3658 1695 3764 1767; x_wconf 62' lang='grc' dir='ltr'>ήδη</span> 
     </span>
    </p>
   </div>
   <div class='ocr_carea' id='block_1_46' title="bbox 2172 1782 2676 1858">
    <p class='ocr_par' dir='ltr' id='par_1_46' title="bbox 2172 1782 2676 1858">
     <span class='ocr_line' id='line_1_46' title="bbox 2172 1782 2676 1858; baseline 0.012 -23"><span class='ocrx_word' id='word_1_288' title='bbox 2172 1782 2676 1858; x_wconf 77' lang='grc' dir='ltr'>προδιωρισάμεθα.</span> 
     </span>
    </p>
   </div>
   <div class='ocr_carea' id='block_1_47' title="bbox 2244 1875 3757 1954">
    <p class='ocr_par' dir='ltr' id='par_1_47' title="bbox 2244 1875 3757 1954">
     <span class='ocr_line' id='line_1_47' title="bbox 2244 1875 3757 1954; baseline 0.005 -24"><span class='ocrx_word' id='word_1_289' title='bbox 2244 1875 2342 1933; x_wconf 79' lang='grc' dir='ltr'>λθ’.</span> <span class='ocrx_word' id='word_1_290' title='bbox 2376 1878 2786 1950; x_wconf 80' lang='grc' dir='ltr'>Φρονιμώτερον</span> <span class='ocrx_word' id='word_1_291' title='bbox 2801 1877 2856 1933; x_wconf 78' lang='grc' dir='ltr'>δὲ</span> <span class='ocrx_word' id='word_1_292' title='bbox 2879 1879 3147 1950; x_wconf 83' lang='grc' dir='ltr'>ποιήσεις,</span> <span class='ocrx_word' id='word_1_293' title='bbox 3171 1880 3267 1937; x_wconf 75' lang='grc' dir='ltr'><strong>ἐὰν</strong></span> <span class='ocrx_word' id='word_1_294' title='bbox 3296 1881 3488 1954; x_wconf 77' lang='grc' dir='ltr'>τάξῃς,</span> <span class='ocrx_word' id='word_1_295' title='bbox 3514 1881 3757 1953; x_wconf 78' lang='grc' dir='ltr'>εἰτύχοι,</span> 
     </span>
    </p>
   </div>
   <div class='ocr_carea' id='block_1_48' title="bbox 2174 1970 3760 2046">
    <p class='ocr_par' dir='ltr' id='par_1_48' title="bbox 2174 1970 3760 2046">
     <span class='ocr_line' id='line_1_48' title="bbox 2174 1970 3760 2046; baseline 0.004 -22"><span class='ocrx_word' id='word_1_296' title='bbox 2174 1970 2439 2040; x_wconf 74' lang='grc' dir='ltr'>ἀδελφοὺς</span> <span class='ocrx_word' id='word_1_297' title='bbox 2463 1972 2603 2040; x_wconf 82' lang='grc' dir='ltr'>μετὰ</span> <span class='ocrx_word' id='word_1_298' title='bbox 2630 1971 2899 2041; x_wconf 75' lang='grc' dir='ltr'>ἀδελφῶν,</span> <span class='ocrx_word' id='word_1_299' title='bbox 2936 1972 3028 2026; x_wconf 74' lang='grc' dir='ltr'>καὶ</span> <span class='ocrx_word' id='word_1_300' title='bbox 3049 1972 3238 2042; x_wconf 86' lang='grc' dir='ltr'>φίλους</span> <span class='ocrx_word' id='word_1_301' title='bbox 3268 1975 3406 2044; x_wconf 82' lang='grc' dir='ltr'>μετά</span> <span class='ocrx_word' id='word_1_302' title='bbox 3435 1975 3627 2044; x_wconf 87' lang='grc' dir='ltr'>φίλων,</span> <span class='ocrx_word' id='word_1_303' title='bbox 3658 1974 3760 2046; x_wconf 84' lang='grc' dir='ltr'>μά-</span> 
     </span>
    </p>
   </div>
   <div class='ocr_carea' id='block_1_49' title="bbox 2169 2063 3760 2142">
    <p class='ocr_par' dir='ltr' id='par_1_49' title="bbox 2169 2063 3760 2142">
     <span class='ocr_line' id='line_1_49' title="bbox 2169 2063 3760 2142; baseline 0.004 -26"><span class='ocrx_word' id='word_1_304' title='bbox 2169 2063 2325 2118; x_wconf 89' lang='grc' dir='ltr'>λιστα</span> <span class='ocrx_word' id='word_1_305' title='bbox 2360 2065 2418 2118; x_wconf 79' lang='grc' dir='ltr'>ἐν</span> <span class='ocrx_word' id='word_1_306' title='bbox 2465 2067 2587 2128; x_wconf 82' lang='grc' dir='ltr'>ταῖς</span> <span class='ocrx_word' id='word_1_307' title='bbox 2628 2065 2728 2135; x_wconf 77' lang='grc' dir='ltr'>τῆς</span> <span class='ocrx_word' id='word_1_308' title='bbox 2773 2063 2952 2138; x_wconf 84' lang='grc' dir='ltr'>μάχης</span> <span class='ocrx_word' id='word_1_309' title='bbox 2999 2066 3393 2138; x_wconf 80' lang='grc' dir='ltr'>παρατάξεσιν.</span> <span class='ocrx_word' id='word_1_310' title='bbox 3434 2069 3605 2124; x_wconf 83' lang='grc' dir='ltr'>Ὅταν</span> <span class='ocrx_word' id='word_1_311' title='bbox 3650 2071 3760 2142; x_wconf 87' lang='grc' dir='ltr'><strong>γάρ</strong></span> 
     </span>
    </p>
   </div>
   <div class='ocr_carea' id='block_1_50' title="bbox 2169 2155 3758 2232">
    <p class='ocr_par' dir='ltr' id='par_1_50' title="bbox 2169 2155 3758 2232">
     <span class='ocr_line' id='line_1_50' title="bbox 2169 2155 3758 2232; baseline 0.006 -23"><span class='ocrx_word' id='word_1_312' title='bbox 2169 2158 2286 2210; x_wconf 67' lang='grc' dir='ltr'>ἐστι</span> <span class='ocrx_word' id='word_1_313' title='bbox 2336 2155 2415 2229; x_wconf 82' lang='grc' dir='ltr'>τῷ</span> <span class='ocrx_word' id='word_1_314' title='bbox 2469 2157 2834 2212; x_wconf 77' lang='grc' dir='ltr'>κινδυνεύοντι</span> <span class='ocrx_word' id='word_1_315' title='bbox 2892 2160 2921 2213; x_wconf 87' lang='grc' dir='ltr'><strong>ό</strong></span> <span class='ocrx_word' id='word_1_316' title='bbox 2983 2159 3214 2230; x_wconf 82' lang='grc' dir='ltr'>πλησίον</span> <span class='ocrx_word' id='word_1_317' title='bbox 3270 2161 3758 2232; x_wconf 74' lang='grc' dir='ltr'>προσφιλέστατος,</span> 
     </span>
    </p>
   </div>
   <div class='ocr_carea' id='block_1_51' title="bbox 2168 2249 3758 2329">
    <p class='ocr_par' dir='ltr' id='par_1_51' title="bbox 2168 2249 3758 2329">
     <span class='ocr_line' id='line_1_51' title="bbox 2168 2249 3758 2329; baseline 0.006 -26"><span class='ocrx_word' id='word_1_318' title='bbox 2168 2249 2384 2322; x_wconf 82' lang='grc' dir='ltr'>ἀνάγκη</span> <span class='ocrx_word' id='word_1_319' title='bbox 2415 2251 2508 2306; x_wconf 85' lang='grc' dir='ltr'>τὸν</span> <span class='ocrx_word' id='word_1_320' title='bbox 2549 2251 2851 2320; x_wconf 82' lang='grc' dir='ltr'>ἀγαπῶντα</span> <span class='ocrx_word' id='word_1_321' title='bbox 2898 2251 3406 2326; x_wconf 84' lang='grc' dir='ltr'>φιλοκινδυνὸτερον</span> <span class='ocrx_word' id='word_1_322' title='bbox 3462 2255 3606 2329; x_wconf 66' lang='grc' dir='ltr'>ὑπὲρ</span> <span class='ocrx_word' id='word_1_323' title='bbox 3661 2256 3758 2312; x_wconf 69' lang='grc' dir='ltr'><strong>τοῦ</strong></span> 
     </span>
    </p>
   </div>
   <div class='ocr_carea' id='block_1_52' title="bbox 2169 2341 3762 2422">
    <p class='ocr_par' dir='ltr' id='par_1_52' title="bbox 2169 2341 3762 2422">
     <span class='ocr_line' id='line_1_52' title="bbox 2169 2341 3762 2422; baseline 0.006 -26"><span class='ocrx_word' id='word_1_324' title='bbox 2169 2341 2398 2412; x_wconf 87' lang='grc' dir='ltr'>πλησίον</span> <span class='ocrx_word' id='word_1_325' title='bbox 2445 2345 2542 2398; x_wconf 71' lang='grc' dir='ltr'><strong>καὶ</strong></span> <span class='ocrx_word' id='word_1_326' title='bbox 2599 2343 2923 2415; x_wconf 79' lang='grc' dir='ltr'>φιλουμένου</span> <span class='ocrx_word' id='word_1_327' title='bbox 2967 2346 3352 2415; x_wconf 76' lang='grc' dir='ltr'>ἀγωνίζεσθαι.</span> <span class='ocrx_word' id='word_1_328' title='bbox 3413 2350 3525 2404; x_wconf 84' lang='grc' dir='ltr'><strong>Καὶ</strong></span> <span class='ocrx_word' id='word_1_329' title='bbox 3567 2350 3631 2422; x_wconf 79' lang='grc' dir='ltr'>δή</span> <span class='ocrx_word' id='word_1_330' title='bbox 3671 2366 3762 2414; x_wconf 87' lang='grc' dir='ltr'><strong>τις</strong></span> 
     </span>
    </p>
   </div>
   <div class='ocr_carea' id='block_1_53' title="bbox 2168 2433 3758 2513">
    <p class='ocr_par' dir='ltr' id='par_1_53' title="bbox 2168 2433 3758 2513">
     <span class='ocr_line' id='line_1_53' title="bbox 2168 2433 3758 2513; baseline 0.005 -25"><span class='ocrx_word' id='word_1_331' title='bbox 2168 2435 2483 2508; x_wconf 85' lang='grc' dir='ltr'>αἰδούμενος</span> <span class='ocrx_word' id='word_1_332' title='bbox 2509 2438 2582 2507; x_wconf 80' lang='grc' dir='ltr'>μὴ</span> <span class='ocrx_word' id='word_1_333' title='bbox 2614 2436 2906 2492; x_wconf 82' lang='grc' dir='ltr'>ἀποδοῦναι</span> <span class='ocrx_word' id='word_1_334' title='bbox 2935 2440 3099 2511; x_wconf 82' lang='grc' dir='ltr'>χάριν</span> <span class='ocrx_word' id='word_1_335' title='bbox 3122 2439 3200 2512; x_wconf 83' lang='grc' dir='ltr'>τῷ</span> <span class='ocrx_word' id='word_1_336' title='bbox 3229 2441 3367 2513; x_wconf 83' lang='grc' dir='ltr'>φίλῳ</span> <span class='ocrx_word' id='word_1_337' title='bbox 3393 2433 3469 2497; x_wconf 77' lang='grc' dir='ltr'>ὧν</span> <span class='ocrx_word' id='word_1_338' title='bbox 3495 2442 3758 2511; x_wconf 77' lang='grc' dir='ltr'>πέπονθε,</span> 
     </span>
    </p>
   </div>
   <div class='ocr_carea' id='block_1_54' title="bbox 2171 2528 3758 2608">
    <p class='ocr_par' dir='ltr' id='par_1_54' title="bbox 2171 2528 3758 2608">
     <span class='ocr_line' id='line_1_54' title="bbox 2171 2528 3758 2608; baseline 0.006 -27"><span class='ocrx_word' id='word_1_339' title='bbox 2171 2528 2326 2598; x_wconf 83' lang='grc' dir='ltr'>φίλον</span> <span class='ocrx_word' id='word_1_340' title='bbox 2388 2531 2704 2601; x_wconf 79' lang='grc' dir='ltr'>αἰσχύνεται</span> <span class='ocrx_word' id='word_1_341' title='bbox 2765 2532 3089 2586; x_wconf 79' lang='grc' dir='ltr'>καταλιπεῖν</span> <span class='ocrx_word' id='word_1_342' title='bbox 3136 2533 3230 2585; x_wconf 80' lang='grc' dir='ltr'>τὸν</span> <span class='ocrx_word' id='word_1_343' title='bbox 3287 2534 3758 2608; x_wconf 69' lang='grc' dir='ltr'>εὐεργετήσαντα,</span> 
     </span>
    </p>
   </div>
   <div class='ocr_carea' id='block_1_55' title="bbox 2169 2621 3245 2696">
    <p class='ocr_par' dir='ltr' id='par_1_55' title="bbox 2169 2621 3245 2696">
     <span class='ocr_line' id='line_1_55' title="bbox 2169 2621 3245 2696; baseline 0.004 -22"><span class='ocrx_word' id='word_1_344' title='bbox 2169 2623 2263 2674; x_wconf 70' lang='grc' dir='ltr'><strong>καὶ</strong></span> <span class='ocrx_word' id='word_1_345' title='bbox 2294 2621 2507 2692; x_wconf 81' lang='grc' dir='ltr'>πρῶτος</span> <span class='ocrx_word' id='word_1_346' title='bbox 2536 2621 2702 2676; x_wconf 74' lang='grc' dir='ltr'>αὐτοῦ</span> <span class='ocrx_word' id='word_1_347' title='bbox 2741 2621 3012 2693; x_wconf 84' lang='grc' dir='ltr'>ἄρξασθαι</span> <span class='ocrx_word' id='word_1_348' title='bbox 3042 2625 3245 2696; x_wconf 83' lang='grc' dir='ltr'>φυγῆς.</span> 
     </span>
    </p>
   </div>
   <div class='ocr_carea' id='block_1_56' title="bbox 2242 2713 3764 2790">
    <p class='ocr_par' dir='ltr' id='par_1_56' title="bbox 2242 2713 3764 2790">
     <span class='ocr_line' id='line_1_56' title="bbox 2242 2713 3764 2790; baseline 0.005 -22"><span class='ocrx_word' id='word_1_349' title='bbox 2242 2720 2314 2784; x_wconf 88' lang='grc' dir='ltr'>μ’.</span> <span class='ocrx_word' id='word_1_350' title='bbox 2374 2713 2458 2766; x_wconf 85' lang='grc' dir='ltr'>Τά</span> <span class='ocrx_word' id='word_1_351' title='bbox 2514 2713 2568 2766; x_wconf 85' lang='grc' dir='ltr'>δὲ</span> <span class='ocrx_word' id='word_1_352' title='bbox 2619 2714 3027 2786; x_wconf 76' lang='grc' dir='ltr'>κοντουόέρνια,</span> <span class='ocrx_word' id='word_1_353' title='bbox 3083 2717 3160 2780; x_wconf 84' lang='grc' dir='ltr'><strong>ῶς</strong></span> <span class='ocrx_word' id='word_1_354' title='bbox 3209 2717 3312 2789; x_wconf 72' lang='grc' dir='ltr'>ἤδη</span> <span class='ocrx_word' id='word_1_355' title='bbox 3363 2719 3614 2790; x_wconf 70' lang='grc' dir='ltr'>εἴπομεν,</span> <span class='ocrx_word' id='word_1_356' title='bbox 3670 2720 3764 2776; x_wconf 69' lang='grc' dir='ltr'>διὰ</span> 
     </span>
    </p>
   </div>
   <div class='ocr_carea' id='block_1_57' title="bbox 2164 2806 3759 2882">
    <p class='ocr_par' dir='ltr' id='par_1_57' title="bbox 2164 2806 3759 2882">
     <span class='ocr_line' id='line_1_57' title="bbox 2164 2806 3759 2882; baseline 0.005 -23"><span class='ocrx_word' id='word_1_357' title='bbox 2164 2806 2325 2861; x_wconf 80' lang='grc' dir='ltr'>τοῦτο</span> <span class='ocrx_word' id='word_1_358' title='bbox 2340 2806 2448 2859; x_wconf 80' lang='grc' dir='ltr'><strong>ἀπὸ</strong></span> <span class='ocrx_word' id='word_1_359' title='bbox 2472 2807 2721 2861; x_wconf 87' lang='grc' dir='ltr'>παλαιῶν</span> <span class='ocrx_word' id='word_1_360' title='bbox 2740 2808 2831 2861; x_wconf 73' lang='grc' dir='ltr'>καὶ</span> <span class='ocrx_word' id='word_1_361' title='bbox 2853 2809 2988 2862; x_wconf 88' lang='grc' dir='ltr'>νέων</span> <span class='ocrx_word' id='word_1_362' title='bbox 3016 2810 3365 2881; x_wconf 71' lang='grc' dir='ltr'>στρατιωτῶν</span> <span class='ocrx_word' id='word_1_363' title='bbox 3383 2810 3465 2864; x_wconf 84' lang='grc' dir='ltr'><strong>δεῖ</strong></span> <span class='ocrx_word' id='word_1_364' title='bbox 3483 2812 3759 2882; x_wconf 85' lang='grc' dir='ltr'>γίνεσθαι,</span> 
     </span>
    </p>
   </div>
   <div class='ocr_carea' id='block_1_58' title="bbox 2167 2893 3758 2977">
    <p class='ocr_par' dir='ltr' id='par_1_58' title="bbox 2167 2893 3758 2977">
     <span class='ocr_line' id='line_1_58' title="bbox 2167 2893 3758 2977; baseline 0.006 -26"><span class='ocrx_word' id='word_1_365' title='bbox 2167 2893 2254 2952; x_wconf 78' lang='grc' dir='ltr'>ἵνα</span> <span class='ocrx_word' id='word_1_366' title='bbox 2311 2898 2445 2970; x_wconf 83' lang='grc' dir='ltr'>μηδὲ</span> <span class='ocrx_word' id='word_1_367' title='bbox 2531 2900 2580 2952; x_wconf 84' lang='lat' dir='ltr'><strong>el</strong></span> <span class='ocrx_word' id='word_1_368' title='bbox 2653 2899 2873 2954; x_wconf 72' lang='grc' dir='ltr'>παλαιοὶ</span> <span class='ocrx_word' id='word_1_369' title='bbox 2938 2900 3059 2956; x_wconf 86' lang='grc' dir='ltr'>καθ’</span> <span class='ocrx_word' id='word_1_370' title='bbox 3128 2896 3361 2972; x_wconf 81' lang='grc' dir='ltr'>ὲαυτούς</span> <span class='ocrx_word' id='word_1_371' title='bbox 3427 2907 3758 2977; x_wconf 81' lang='grc' dir='ltr'>τασσόμενοι</span> 
     </span>
    </p>
   </div>
   <div class='ocr_carea' id='block_1_59' title="bbox 2165 2991 3756 3071">
    <p class='ocr_par' dir='ltr' id='par_1_59' title="bbox 2165 2991 3756 3071">
     <span class='ocr_line' id='line_1_59' title="bbox 2165 2991 3756 3071; baseline 0.006 -25"><span class='ocrx_word' id='word_1_372' title='bbox 2165 2991 2409 3056; x_wconf 83' lang='grc' dir='ltr'>ἀσθενεῖς</span> <span class='ocrx_word' id='word_1_373' title='bbox 2441 2993 2546 3046; x_wconf 80' lang='grc' dir='ltr'>εἱσι</span> <span class='ocrx_word' id='word_1_374' title='bbox 2581 2993 2676 3047; x_wconf 77' lang='grc' dir='ltr'>καὶ</span> <span class='ocrx_word' id='word_1_375' title='bbox 2707 2993 2978 3062; x_wconf 85' lang='grc' dir='ltr'>ἀδύνατοι,</span> <span class='ocrx_word' id='word_1_376' title='bbox 3025 2996 3161 3068; x_wconf 80' lang='grc' dir='ltr'>μηδὲ</span> <span class='ocrx_word' id='word_1_377' title='bbox 3209 2999 3258 3052; x_wconf 84' lang='lat' dir='ltr'><strong>ol</strong></span> <span class='ocrx_word' id='word_1_378' title='bbox 3327 2997 3586 3071; x_wconf 80' lang='grc' dir='ltr'>νεώτεροι</span> <span class='ocrx_word' id='word_1_379' title='bbox 3618 2999 3756 3054; x_wconf 74' lang='grc' dir='ltr'>ἄτα-</span> 
     </span>
    </p>
   </div>
   <div class='ocr_carea' id='block_1_60' title="bbox 2165 3084 3758 3165">
    <p class='ocr_par' dir='ltr' id='par_1_60' title="bbox 2165 3084 3758 3165">
     <span class='ocr_line' id='line_1_60' title="bbox 2165 3084 3758 3165; baseline 0.008 -29"><span class='ocrx_word' id='word_1_380' title='bbox 2165 3101 2286 3137; x_wconf 82' lang='grc' dir='ltr'>κτοι</span> <span class='ocrx_word' id='word_1_381' title='bbox 2314 3084 2613 3156; x_wconf 85' lang='grc' dir='ltr'>εὑρεθῶσιν</span> <span class='ocrx_word' id='word_1_382' title='bbox 2640 3085 2715 3150; x_wconf 85' lang='grc' dir='ltr'>ὡς</span> <span class='ocrx_word' id='word_1_383' title='bbox 2767 3087 3078 3161; x_wconf 80' lang='grc' dir='ltr'>ἀπείρατοι.</span> <span class='ocrx_word' id='word_1_384' title='bbox 3105 3090 3168 3144; x_wconf 77' lang='grc' dir='ltr'>Οἱ</span> <span class='ocrx_word' id='word_1_385' title='bbox 3195 3092 3295 3161; x_wconf 83' lang='grc' dir='ltr'>μὲν</span> <span class='ocrx_word' id='word_1_386' title='bbox 3325 3094 3433 3165; x_wconf 90' lang='grc' dir='ltr'><strong>γάρ</strong></span> <span class='ocrx_word' id='word_1_387' title='bbox 3455 3096 3504 3147; x_wconf 89' lang='grc' dir='ltr'><strong>εί</strong></span> <span class='ocrx_word' id='word_1_388' title='bbox 3537 3095 3630 3148; x_wconf 80' lang='grc' dir='ltr'><strong>καὶ</strong></span> <span class='ocrx_word' id='word_1_389' title='bbox 3663 3111 3758 3163; x_wconf 83' lang='grc' dir='ltr'>γε-</span> 
     </span>
    </p>
   </div>
   <div class='ocr_carea' id='block_1_61' title="bbox 476 3177 2060 3273">
    <p class='ocr_par' dir='ltr' id='par_1_61' title="bbox 476 3182 2052 3254">
     <span class='ocr_line' id='line_1_61' title="bbox 476 3182 2052 3254; baseline -0.003 -14"><span class='ocrx_word' id='word_1_390' title='bbox 476 3186 780 3254; x_wconf 87' lang='lat' dir='ltr'><strong>periantur.</strong></span> <span class='ocrx_word' id='word_1_391' title='bbox 813 3182 897 3237; x_wconf 87' lang='lat' dir='ltr'><strong>Illi</strong></span> <span class='ocrx_word' id='word_1_392' title='bbox 940 3183 1085 3236; x_wconf 90' lang='lat' dir='ltr'><strong>enim</strong></span> <span class='ocrx_word' id='word_1_393' title='bbox 1122 3196 1436 3252; x_wconf 89' lang='lat' dir='ltr'><strong>quanquam</strong></span> <span class='ocrx_word' id='word_1_394' title='bbox 1473 3196 1632 3236; x_wconf 86' lang='lat' dir='ltr'><strong>senes</strong></span> <span class='ocrx_word' id='word_1_395' title='bbox 1682 3189 1832 3246; x_wconf 87' lang='lat' dir='ltr'><strong>sunt,</strong></span> <span class='ocrx_word' id='word_1_396' title='bbox 1871 3192 2052 3236; x_wconf 78' lang='lat' dir='ltr'><strong>tamen</strong></span> 
     </span>
    </p>
   </div>
   <div class='ocr_carea' id='block_1_62' title="bbox 2160 3177 3756 3273">
    <p class='ocr_par' dir='ltr' id='par_1_62' title="bbox 2170 3177 3756 3253">
     <span class='ocr_line' id='line_1_62' title="bbox 2170 3177 3756 3253; baseline 0.009 -24"><span class='ocrx_word' id='word_1_397' title='bbox 2170 3177 2332 3244; x_wconf 78' lang='grc' dir='ltr'>ραιοὶ,</span> <span class='ocrx_word' id='word_1_398' title='bbox 2372 3178 2507 3233; x_wconf 87' lang='grc' dir='ltr'>ἀλλά</span> <span class='ocrx_word' id='word_1_399' title='bbox 2550 3180 2995 3252; x_wconf 87' lang='grc' dir='ltr'>πεπειραμένοι,</span> <span class='ocrx_word' id='word_1_400' title='bbox 3039 3183 3088 3236; x_wconf 76' lang='lat' dir='ltr'><strong>oi</strong></span> <span class='ocrx_word' id='word_1_401' title='bbox 3131 3182 3188 3237; x_wconf 86' lang='grc' dir='ltr'>δὲ</span> <span class='ocrx_word' id='word_1_402' title='bbox 3239 3185 3289 3237; x_wconf 85' lang='grc' dir='ltr'><strong>εί</strong></span> <span class='ocrx_word' id='word_1_403' title='bbox 3333 3187 3426 3239; x_wconf 80' lang='grc' dir='ltr'>καὶ</span> <span class='ocrx_word' id='word_1_404' title='bbox 3469 3185 3756 3253; x_wconf 73' lang='grc' dir='ltr'>νεάζοντες</span> 
     </span>
    </p>
   </div>
   <div class='ocr_carea' id='block_1_63' title="bbox 474 3271 2056 3345">
    <p class='ocr_par' dir='ltr' id='par_1_63' title="bbox 474 3271 2056 3345">
     <span class='ocr_line' id='line_1_63' title="bbox 474 3271 2056 3345; baseline -0.001 -16"><span class='ocrx_word' id='word_1_405' title='bbox 474 3273 824 3345; x_wconf 81' lang='lat' dir='ltr'><strong>experientes</strong></span> <span class='ocrx_word' id='word_1_406' title='bbox 850 3279 980 3328; x_wconf 82' lang='lat' dir='ltr'><strong>sunt</strong></span> <span class='ocrx_word' id='word_1_407' title='bbox 1006 3291 1019 3326; x_wconf 86' lang='lat'><strong>:</strong></span> <span class='ocrx_word' id='word_1_408' title='bbox 1049 3271 1281 3340; x_wconf 88' lang='lat' dir='ltr'><strong>juvenes</strong></span> <span class='ocrx_word' id='word_1_409' title='bbox 1309 3281 1516 3335; x_wconf 89' lang='lat' dir='ltr'><strong>autem,</strong></span> <span class='ocrx_word' id='word_1_410' title='bbox 1549 3287 1862 3342; x_wconf 86' lang='lat' dir='ltr'><strong>quanquam</strong></span> <span class='ocrx_word' id='word_1_411' title='bbox 1886 3271 2056 3329; x_wconf 85' lang='lat' dir='ltr'><strong>fortes</strong></span> 
     </span>
    </p>
   </div>
   <div class='ocr_carea' id='block_1_64' title="bbox 475 3364 1820 3435">
    <p class='ocr_par' dir='ltr' id='par_1_64' title="bbox 475 3364 1820 3435">
     <span class='ocr_line' id='line_1_64' title="bbox 475 3364 1820 3435; baseline -0.003 -12"><span class='ocrx_word' id='word_1_412' title='bbox 475 3375 626 3432; x_wconf 78' lang='lat' dir='ltr'><strong>sunt,</strong></span> <span class='ocrx_word' id='word_1_413' title='bbox 658 3375 840 3421; x_wconf 90' lang='lat' dir='ltr'><strong>tamen</strong></span> <span class='ocrx_word' id='word_1_414' title='bbox 880 3364 1174 3420; x_wconf 86' lang='lat' dir='ltr'><strong>inscientes</strong></span> <span class='ocrx_word' id='word_1_415' title='bbox 1205 3373 1370 3435; x_wconf 88' lang='lat' dir='ltr'><strong>atque</strong></span> <span class='ocrx_word' id='word_1_416' title='bbox 1402 3365 1642 3435; x_wconf 82' lang='lat' dir='ltr'><strong>imperiti</strong></span> <span class='ocrx_word' id='word_1_417' title='bbox 1670 3374 1820 3420; x_wconf 87' lang='lat' dir='ltr'><strong>sunt.</strong></span> 
     </span>
    </p>
   </div>
   <div class='ocr_carea' id='block_1_65' title="bbox 545 3459 2054 3529">
    <p class='ocr_par' dir='ltr' id='par_1_65' title="bbox 545 3459 2054 3529">
     <span class='ocr_line' id='line_1_65' title="bbox 545 3459 2054 3529; baseline -0.003 -13"><span class='ocrx_word' id='word_1_418' title='bbox 545 3461 635 3516; x_wconf 75' lang='grc'><strong>41.</strong></span> <span class='ocrx_word' id='word_1_419' title='bbox 668 3459 1004 3514; x_wconf 88' lang='lat' dir='ltr'><strong>Cohortibus</strong></span> <span class='ocrx_word' id='word_1_420' title='bbox 1028 3459 1191 3529; x_wconf 78' lang='lat' dir='ltr'><strong>igitur</strong></span> <span class='ocrx_word' id='word_1_421' title='bbox 1216 3459 1331 3515; x_wconf 86' lang='lat' dir='ltr'><strong>sive</strong></span> <span class='ocrx_word' id='word_1_422' title='bbox 1353 3459 1545 3515; x_wconf 86' lang='lat' dir='ltr'><strong>bandis</strong></span> <span class='ocrx_word' id='word_1_423' title='bbox 1567 3460 1632 3514; x_wconf 90' lang='lat' dir='ltr'><strong>ad</strong></span> <span class='ocrx_word' id='word_1_424' title='bbox 1659 3459 1802 3515; x_wconf 86' lang='lat' dir='ltr'><strong>hunc</strong></span> <span class='ocrx_word' id='word_1_425' title='bbox 1835 3459 2054 3514; x_wconf 91' lang='lat' dir='ltr'><strong>modum</strong></span> 
     </span>
    </p>
   </div>
   <div class='ocr_carea' id='block_1_66' title="bbox 473 3551 2056 3623">
    <p class='ocr_par' dir='ltr' id='par_1_66' title="bbox 473 3551 2056 3623">
     <span class='ocr_line' id='line_1_66' title="bbox 473 3551 2056 3623; baseline -0.001 -15"><span class='ocrx_word' id='word_1_426' title='bbox 473 3552 824 3617; x_wconf 87' lang='lat' dir='ltr'><strong>distributis,</strong></span> <span class='ocrx_word' id='word_1_427' title='bbox 883 3551 1125 3623; x_wconf 74' lang='lat' dir='ltr'><strong>praefecti</strong></span> <span class='ocrx_word' id='word_1_428' title='bbox 1182 3551 1291 3608; x_wconf 88' lang='lat' dir='ltr'><strong>illis</strong></span> <span class='ocrx_word' id='word_1_429' title='bbox 1353 3551 1446 3622; x_wconf 88' lang='lat' dir='ltr'><strong>qui</strong></span> <span class='ocrx_word' id='word_1_430' title='bbox 1497 3554 1727 3607; x_wconf 88' lang='lat' dir='ltr'><strong>comites</strong></span> <span class='ocrx_word' id='word_1_431' title='bbox 1790 3562 2056 3607; x_wconf 75' lang='lat' dir='ltr'><strong>vocantur</strong></span> 
     </span>
    </p>
   </div>
   <div class='ocr_carea' id='block_1_67' title="bbox 473 3645 2055 3718">
    <p class='ocr_par' dir='ltr' id='par_1_67' title="bbox 473 3645 2055 3718">
     <span class='ocr_line' id='line_1_67' title="bbox 473 3645 2055 3718; baseline -0.001 -15"><span class='ocrx_word' id='word_1_432' title='bbox 473 3647 708 3718; x_wconf 74' lang='lat' dir='ltr'><strong>eligendi</strong></span> <span class='ocrx_word' id='word_1_433' title='bbox 741 3655 871 3702; x_wconf 88' lang='lat' dir='ltr'><strong>sunt</strong></span> <span class='ocrx_word' id='word_1_434' title='bbox 903 3664 918 3700; x_wconf 90' lang='lat'><strong>:</strong></span> <span class='ocrx_word' id='word_1_435' title='bbox 950 3654 1006 3700; x_wconf 90' lang='lat' dir='ltr'><strong>et</strong></span> <span class='ocrx_word' id='word_1_436' title='bbox 1039 3659 1489 3716; x_wconf 89' lang='lat' dir='ltr'><strong>unamquamque</strong></span> <span class='ocrx_word' id='word_1_437' title='bbox 1517 3645 1798 3701; x_wconf 87' lang='lat' dir='ltr'><strong>cohortem</strong></span> <span class='ocrx_word' id='word_1_438' title='bbox 1830 3660 1894 3701; x_wconf 84' lang='lat' dir='ltr'><strong>ex</strong></span> <span class='ocrx_word' id='word_1_439' title='bbox 1924 3645 2055 3700; x_wconf 85' lang='lat' dir='ltr'><strong>viris</strong></span> 
     </span>
    </p>
   </div>
   <div class='ocr_carea' id='block_1_68' title="bbox 478 3738 2058 3810">
    <p class='ocr_par' dir='ltr' id='par_1_68' title="bbox 478 3738 2058 3810">
     <span class='ocr_line' id='line_1_68' title="bbox 478 3738 2058 3810; baseline 0.001 -15"><span class='ocrx_word' id='word_1_440' title='bbox 478 3740 737 3796; x_wconf 85' lang='lat' dir='ltr'><strong>trecentis</strong></span> <span class='ocrx_word' id='word_1_441' title='bbox 772 3741 951 3795; x_wconf 90' lang='lat' dir='ltr'><strong>media</strong></span> <span class='ocrx_word' id='word_1_442' title='bbox 1003 3739 1241 3810; x_wconf 88' lang='lat' dir='ltr'><strong>quadam</strong></span> <span class='ocrx_word' id='word_1_443' title='bbox 1295 3739 1506 3794; x_wconf 86' lang='lat' dir='ltr'><strong>ratione</strong></span> <span class='ocrx_word' id='word_1_444' title='bbox 1548 3739 1824 3794; x_wconf 83' lang='lat' dir='ltr'><strong>conﬁcies.</strong></span> <span class='ocrx_word' id='word_1_445' title='bbox 1873 3738 2058 3809; x_wconf 79' lang='lat' dir='ltr'><strong>Neque</strong></span> 
     </span>
    </p>
   </div>
   <div class='ocr_carea' id='block_1_69' title="bbox 474 3833 2058 3907">
    <p class='ocr_par' dir='ltr' id='par_1_69' title="bbox 474 3833 2058 3907">
     <span class='ocr_line' id='line_1_69' title="bbox 474 3833 2058 3907; baseline -0.001 -17"><span class='ocrx_word' id='word_1_446' title='bbox 474 3833 726 3907; x_wconf 76' lang='lat' dir='ltr'><strong>quamvis</strong></span> <span class='ocrx_word' id='word_1_447' title='bbox 756 3835 1028 3905; x_wconf 81' lang='lat' dir='ltr'><strong>ingentem</strong></span> <span class='ocrx_word' id='word_1_448' title='bbox 1062 3833 1266 3890; x_wconf 86' lang='lat' dir='ltr'><strong>habeas</strong></span> <span class='ocrx_word' id='word_1_449' title='bbox 1290 3836 1615 3894; x_wconf 77' lang='lat' dir='ltr'><strong>exercitum.</strong></span> <span class='ocrx_word' id='word_1_450' title='bbox 1641 3834 1764 3903; x_wconf 91' lang='lat' dir='ltr'><strong>plus</strong></span> <span class='ocrx_word' id='word_1_451' title='bbox 1793 3833 2058 3904; x_wconf 79' lang='lat' dir='ltr'><strong>quadrin-</strong></span> 
     </span>
    </p>
   </div>
   <div class='ocr_carea' id='block_1_70' title="bbox 474 3924 2055 3997">
    <p class='ocr_par' dir='ltr' id='par_1_70' title="bbox 474 3924 2055 3997">
     <span class='ocr_line' id='line_1_70' title="bbox 474 3924 2055 3997; baseline 0.001 -16"><span class='ocrx_word' id='word_1_452' title='bbox 474 3928 653 3997; x_wconf 76' lang='lat' dir='ltr'><strong>gentis</strong></span> <span class='ocrx_word' id='word_1_453' title='bbox 687 3927 826 3981; x_wconf 85' lang='lat' dir='ltr'><strong>viris.</strong></span> <span class='ocrx_word' id='word_1_454' title='bbox 852 3926 911 3981; x_wconf 92' lang='lat' dir='ltr'><strong>in</strong></span> <span class='ocrx_word' id='word_1_455' title='bbox 962 3924 1191 3982; x_wconf 87' lang='lat' dir='ltr'><strong>cohorte</strong></span> <span class='ocrx_word' id='word_1_456' title='bbox 1241 3924 1537 3982; x_wconf 89' lang='lat' dir='ltr'><strong>collocabis</strong></span> <span class='ocrx_word' id='word_1_457' title='bbox 1588 3944 1601 3980; x_wconf 92' lang='lat'><strong>:</strong></span> <span class='ocrx_word' id='word_1_458' title='bbox 1647 3942 1821 3997; x_wconf 87' lang='lat' dir='ltr'><strong>neque</strong></span> <span class='ocrx_word' id='word_1_459' title='bbox 1875 3927 2055 3982; x_wconf 86' lang='lat' dir='ltr'><strong>minus</strong></span> 
     </span>
    </p>
   </div>
   <div class='ocr_carea' id='block_1_71' title="bbox 472 4019 1814 4092">
    <p class='ocr_par' dir='ltr' id='par_1_71' title="bbox 472 4019 1814 4092">
     <span class='ocr_line' id='line_1_71' title="bbox 472 4019 1814 4092; baseline -0.004 -13"><span class='ocrx_word' id='word_1_460' title='bbox 472 4023 746 4090; x_wconf 85' lang='lat' dir='ltr'><strong>ducentis,</strong></span> <span class='ocrx_word' id='word_1_461' title='bbox 775 4020 1293 4092; x_wconf 88' lang='lat' dir='ltr'><strong>quantuluscunque</strong></span> <span class='ocrx_word' id='word_1_462' title='bbox 1321 4019 1488 4077; x_wconf 89' lang='lat' dir='ltr'><strong>fuerit</strong></span> <span class='ocrx_word' id='word_1_463' title='bbox 1515 4021 1814 4076; x_wconf 84' lang='lat' dir='ltr'><strong>exercitus.</strong></span> 
     </span>
    </p>
   </div>
   <div class='ocr_carea' id='block_1_72' title="bbox 539 4179 2052 4272">
    <p class='ocr_par' dir='ltr' id='par_1_72' title="bbox 539 4179 2052 4272">
     <span class='ocr_line' id='line_1_72' title="bbox 539 4179 2052 4272; baseline -0.005 -14"><span class='ocrx_word' id='word_1_464' title='bbox 539 4202 632 4258; x_wconf 67' lang='grc'><strong>42.</strong></span> <span class='ocrx_word' id='word_1_465' title='bbox 673 4203 811 4259; x_wconf 84' lang='lat' dir='ltr'><strong>istas</strong></span> <span class='ocrx_word' id='word_1_466' title='bbox 842 4200 1098 4258; x_wconf 85' lang='lat' dir='ltr'><strong>cohortes</strong></span> <span class='ocrx_word' id='word_1_467' title='bbox 1126 4198 1488 4272; x_wconf 77' lang='lat' dir='ltr'><strong>cengregabis</strong></span> <span class='ocrx_word' id='word_1_468' title='bbox 1521 4199 1578 4254; x_wconf 92' lang='lat' dir='ltr'><strong>in</strong></span> <span class='ocrx_word' id='word_1_469' title='bbox 1621 4201 1882 4255; x_wconf 86' lang='lat' dir='ltr'><strong>cohortes</strong></span> <span class='ocrx_word' id='word_1_470' title='bbox 1928 4179 2052 4253; x_wconf 83' lang='lat' dir='ltr'><strong>mil-</strong></span> 
     </span>
    </p>
   </div>
   <div class='ocr_carea' id='block_1_73' title="bbox 468 4291 2048 4368">
    <p class='ocr_par' dir='ltr' id='par_1_73' title="bbox 468 4291 2048 4368">
     <span class='ocr_line' id='line_1_73' title="bbox 468 4291 2048 4368; baseline -0.005 -14"><span class='ocrx_word' id='word_1_471' title='bbox 468 4292 658 4354; x_wconf 91' lang='lat' dir='ltr'><strong>liarias</strong></span> <span class='ocrx_word' id='word_1_472' title='bbox 687 4311 827 4368; x_wconf 87' lang='lat' dir='ltr'><strong>quas</strong></span> <span class='ocrx_word' id='word_1_473' title='bbox 875 4294 1140 4365; x_wconf 82' lang='lat' dir='ltr'><strong>drungos,</strong></span> <span class='ocrx_word' id='word_1_474' title='bbox 1183 4292 1536 4358; x_wconf 85' lang='lat' dir='ltr'><strong>chiliarchas,</strong></span> <span class='ocrx_word' id='word_1_475' title='bbox 1579 4291 1696 4348; x_wconf 87' lang='lat' dir='ltr'><strong>sive</strong></span> <span class='ocrx_word' id='word_1_476' title='bbox 1741 4291 1960 4364; x_wconf 85' lang='grc' dir='ltr'>μοίρας,</span> <span class='ocrx_word' id='word_1_477' title='bbox 1996 4291 2048 4346; x_wconf 90' lang='lat' dir='ltr'><strong>id</strong></span> 
     </span>
    </p>
   </div>
   <div class='ocr_carea' id='block_1_74' title="bbox 467 4383 2052 4460">
    <p class='ocr_par' dir='ltr' id='par_1_74' title="bbox 467 4383 2052 4460">
     <span class='ocr_line' id='line_1_74' title="bbox 467 4383 2052 4460; baseline -0.004 -14"><span class='ocrx_word' id='word_1_478' title='bbox 467 4400 582 4456; x_wconf 85' lang='lat' dir='ltr'><strong>est,</strong></span> <span class='ocrx_word' id='word_1_479' title='bbox 639 4388 966 4460; x_wconf 84' lang='lat' dir='ltr'><strong>particulas,</strong></span> <span class='ocrx_word' id='word_1_480' title='bbox 1021 4386 1291 4442; x_wconf 84' lang='lat' dir='ltr'><strong>vocabant</strong></span> <span class='ocrx_word' id='word_1_481' title='bbox 1346 4383 1580 4454; x_wconf 84' lang='lat' dir='ltr'><strong>antiqui,</strong></span> <span class='ocrx_word' id='word_1_482' title='bbox 1631 4398 1863 4456; x_wconf 89' lang='lat' dir='ltr'><strong>quorum</strong></span> <span class='ocrx_word' id='word_1_483' title='bbox 1915 4398 2052 4455; x_wconf 67' lang='lat' dir='ltr'><strong>prae-</strong></span> 
     </span>
    </p>
   </div>
   <div class='ocr_carea' id='block_1_75' title="bbox 470 4475 2048 4549">
    <p class='ocr_par' dir='ltr' id='par_1_75' title="bbox 470 4475 2048 4549">
     <span class='ocr_line' id='line_1_75' title="bbox 470 4475 2048 4549; baseline -0.004 -11"><span class='ocrx_word' id='word_1_484' title='bbox 470 4484 641 4540; x_wconf 81' lang='lat' dir='ltr'><strong>fectos</strong></span> <span class='ocrx_word' id='word_1_485' title='bbox 669 4482 918 4537; x_wconf 86' lang='lat' dir='ltr'><strong>tribunos</strong></span> <span class='ocrx_word' id='word_1_486' title='bbox 946 4480 1059 4535; x_wconf 84' lang='lat' dir='ltr'><strong>sive</strong></span> <span class='ocrx_word' id='word_1_487' title='bbox 1086 4475 1416 4534; x_wconf 76' lang='lat' dir='ltr'><strong>chiliarchas</strong></span> <span class='ocrx_word' id='word_1_488' title='bbox 1449 4485 1503 4532; x_wconf 90' lang='lat' dir='ltr'><strong>et</strong></span> <span class='ocrx_word' id='word_1_489' title='bbox 1529 4477 1859 4549; x_wconf 82' lang='lat' dir='ltr'><strong>drungarios</strong></span> <span class='ocrx_word' id='word_1_490' title='bbox 1887 4492 2048 4532; x_wconf 83' lang='lat' dir='ltr'><strong>voca-</strong></span> 
     </span>
    </p>
   </div>
   <div class='ocr_carea' id='block_1_76' title="bbox 466 4575 617 4630">
    <p class='ocr_par' dir='ltr' id='par_1_76' title="bbox 466 4575 617 4630">
     <span class='ocr_line' id='line_1_76' title="bbox 466 4575 617 4630; baseline -0.013 0"><span class='ocrx_word' id='word_1_491' title='bbox 466 4575 617 4630; x_wconf 91' lang='lat' dir='ltr'><strong>bant.</strong></span> 
     </span>
    </p>
   </div>
   <div class='ocr_carea' id='block_1_77' title="bbox 535 4752 2045 4827">
    <p class='ocr_par' dir='ltr' id='par_1_77' title="bbox 535 4752 2045 4827">
     <span class='ocr_line' id='line_1_77' title="bbox 535 4752 2045 4827; baseline 0.001 -17"><span class='ocrx_word' id='word_1_492' title='bbox 535 4756 622 4810; x_wconf 68' lang='grc'><strong>45.</strong></span> <span class='ocrx_word' id='word_1_493' title='bbox 668 4755 778 4809; x_wconf 81' lang='lat' dir='ltr'><strong>has</strong></span> <span class='ocrx_word' id='word_1_494' title='bbox 811 4755 975 4824; x_wconf 70' lang='lat' dir='ltr'><strong>igitur</strong></span> <span class='ocrx_word' id='word_1_495' title='bbox 1005 4753 1260 4808; x_wconf 90' lang='lat' dir='ltr'><strong>cohortes</strong></span> <span class='ocrx_word' id='word_1_496' title='bbox 1304 4752 1592 4808; x_wconf 87' lang='lat' dir='ltr'><strong>milliarias</strong></span> <span class='ocrx_word' id='word_1_497' title='bbox 1641 4752 1759 4808; x_wconf 88' lang='lat' dir='ltr'><strong>sive</strong></span> <span class='ocrx_word' id='word_1_498' title='bbox 1802 4755 2045 4827; x_wconf 76' lang='lat' dir='ltr'><strong>diungos</strong></span> 
     </span>
    </p>
   </div>
   <div class='ocr_carea' id='block_1_78' title="bbox 461 4845 2041 4917">
    <p class='ocr_par' dir='ltr' id='par_1_78' title="bbox 461 4845 2041 4917">
     <span class='ocr_line' id='line_1_78' title="bbox 461 4845 2041 4917; baseline 0 -15"><span class='ocrx_word' id='word_1_499' title='bbox 461 4846 710 4902; x_wconf 89' lang='lat' dir='ltr'><strong>conferes</strong></span> <span class='ocrx_word' id='word_1_500' title='bbox 750 4848 803 4900; x_wconf 91' lang='lat' dir='ltr'><strong>in</strong></span> <span class='ocrx_word' id='word_1_501' title='bbox 827 4855 1011 4917; x_wconf 87' lang='lat' dir='ltr'><strong>partes</strong></span> <span class='ocrx_word' id='word_1_502' title='bbox 1047 4845 1161 4900; x_wconf 88' lang='lat' dir='ltr'><strong>sive</strong></span> <span class='ocrx_word' id='word_1_503' title='bbox 1195 4853 1430 4910; x_wconf 84' lang='lat' dir='ltr'><strong>turmas,</strong></span> <span class='ocrx_word' id='word_1_504' title='bbox 1456 4854 1510 4900; x_wconf 92' lang='lat' dir='ltr'><strong>et</strong></span> <span class='ocrx_word' id='word_1_505' title='bbox 1536 4855 1810 4915; x_wconf 67' lang='lat' dir='ltr'><strong>prmerunt</strong></span> <span class='ocrx_word' id='word_1_506' title='bbox 1842 4846 1948 4901; x_wconf 81' lang='lat' dir='ltr'><strong>illis</strong></span> <span class='ocrx_word' id='word_1_507' title='bbox 1976 4861 2041 4902; x_wconf 77' lang='lat' dir='ltr'><strong>ex</strong></span> 
     </span>
    </p>
   </div>
   <div class='ocr_carea' id='block_1_79' title="bbox 461 4940 2045 5010">
    <p class='ocr_par' dir='ltr' id='par_1_79' title="bbox 461 4940 2045 5010">
     <span class='ocr_line' id='line_1_79' title="bbox 461 4940 2045 5010; baseline -0.001 -13"><span class='ocrx_word' id='word_1_508' title='bbox 461 4941 727 4998; x_wconf 90' lang='lat' dir='ltr'><strong>electione</strong></span> <span class='ocrx_word' id='word_1_509' title='bbox 759 4949 947 4995; x_wconf 89' lang='lat' dir='ltr'><strong>nostra</strong></span> <span class='ocrx_word' id='word_1_510' title='bbox 1004 4940 1149 5009; x_wconf 81' lang='lat' dir='ltr'><strong>regia</strong></span> <span class='ocrx_word' id='word_1_511' title='bbox 1186 4940 1506 5005; x_wconf 68' lang='lat' dir='ltr'><strong>merarchaa,</strong></span> <span class='ocrx_word' id='word_1_512' title='bbox 1556 4955 1695 5010; x_wconf 90' lang='lat' dir='ltr'><strong>quos</strong></span> <span class='ocrx_word' id='word_1_513' title='bbox 1731 4955 1878 4995; x_wconf 90' lang='lat' dir='ltr'><strong>nunc</strong></span> <span class='ocrx_word' id='word_1_514' title='bbox 1931 4949 2045 4996; x_wconf 83' lang='lat' dir='ltr'><strong>tur--</strong></span> 
     </span>
    </p>
   </div>
   <div class='ocr_carea' id='block_1_80' title="bbox 463 5032 2042 5104">
    <p class='ocr_par' dir='ltr' id='par_1_80' title="bbox 463 5032 2042 5104">
     <span class='ocr_line' id='line_1_80' title="bbox 463 5032 2042 5104; baseline -0.001 -15"><span class='ocrx_word' id='word_1_515' title='bbox 463 5035 734 5104; x_wconf 80' lang='lat' dir='ltr'><strong>marches,</strong></span> <span class='ocrx_word' id='word_1_516' title='bbox 780 5033 831 5088; x_wconf 88' lang='lat' dir='ltr'><strong>id</strong></span> <span class='ocrx_word' id='word_1_517' title='bbox 868 5041 987 5101; x_wconf 88' lang='lat' dir='ltr'><strong>est,</strong></span> <span class='ocrx_word' id='word_1_518' title='bbox 1031 5042 1336 5088; x_wconf 83' lang='lat' dir='ltr'><strong>turmarum</strong></span> <span class='ocrx_word' id='word_1_519' title='bbox 1374 5032 1658 5104; x_wconf 82' lang='lat' dir='ltr'><strong>praefectos</strong></span> <span class='ocrx_word' id='word_1_520' title='bbox 1687 5033 2042 5104; x_wconf 88' lang='lat' dir='ltr'><strong>appellamus.</strong></span> 
     </span>
    </p>
   </div>
   <div class='ocr_carea' id='block_1_81' title="bbox 461 5103 2038 5196">
    <p class='ocr_par' dir='ltr' id='par_1_81' title="bbox 461 5103 2038 5196">
     <span class='ocr_line' id='line_1_81' title="bbox 461 5103 2038 5196; baseline -0.001 -16"><span class='ocrx_word' id='word_1_521' title='bbox 461 5103 588 5182; x_wconf 70' lang='lat' dir='ltr'><strong>illos</strong></span> <span class='ocrx_word' id='word_1_522' title='bbox 618 5125 936 5196; x_wconf 84' lang='lat' dir='ltr'><strong>prudentes,</strong></span> <span class='ocrx_word' id='word_1_523' title='bbox 983 5126 1278 5192; x_wconf 86' lang='lat' dir='ltr'><strong>modestos,</strong></span> <span class='ocrx_word' id='word_1_524' title='bbox 1328 5137 1581 5181; x_wconf 88' lang='lat' dir='ltr'><strong>strenuos</strong></span> <span class='ocrx_word' id='word_1_525' title='bbox 1629 5141 1751 5180; x_wconf 88' lang='lat' dir='ltr'><strong>esse</strong></span> <span class='ocrx_word' id='word_1_526' title='bbox 1803 5135 2038 5196; x_wconf 84' lang='lat' dir='ltr'><strong>oportet,</strong></span> 
     </span>
    </p>
   </div>
   <div class='ocr_carea' id='block_1_82' title="bbox 458 5219 2036 5290">
    <p class='ocr_par' dir='ltr' id='par_1_82' title="bbox 458 5219 2036 5290">
     <span class='ocr_line' id='line_1_82' title="bbox 458 5219 2036 5290; baseline 0 -18"><span class='ocrx_word' id='word_1_527' title='bbox 458 5223 823 5290; x_wconf 75' lang='lat' dir='ltr'><strong>experientes,</strong></span> <span class='ocrx_word' id='word_1_528' title='bbox 857 5229 912 5275; x_wconf 91' lang='lat' dir='ltr'><strong>cl</strong></span> <span class='ocrx_word' id='word_1_529' title='bbox 945 5219 1253 5274; x_wconf 86' lang='lat' dir='ltr'><strong>litterarum</strong></span> <span class='ocrx_word' id='word_1_530' title='bbox 1293 5219 1549 5286; x_wconf 89' lang='lat' dir='ltr'><strong>scientes,</strong></span> <span class='ocrx_word' id='word_1_531' title='bbox 1590 5228 1755 5289; x_wconf 83' lang='lat' dir='ltr'><strong>atque</strong></span> <span class='ocrx_word' id='word_1_532' title='bbox 1799 5235 1924 5274; x_wconf 85' lang='lat' dir='ltr'><strong>eum</strong></span> <span class='ocrx_word' id='word_1_533' title='bbox 1984 5221 2036 5273; x_wconf 94' lang='lat' dir='ltr'><strong>in</strong></span> 
     </span>
    </p>
   </div>
   <div class='ocr_carea' id='block_1_83' title="bbox 455 5311 2032 5382">
    <p class='ocr_par' dir='ltr' id='par_1_83' title="bbox 455 5311 2032 5382">
     <span class='ocr_line' id='line_1_83' title="bbox 455 5311 2032 5382; baseline 0.002 -20"><span class='ocrx_word' id='word_1_534' title='bbox 455 5311 651 5380; x_wconf 90' lang='lat' dir='ltr'><strong>primis</strong></span> <span class='ocrx_word' id='word_1_535' title='bbox 700 5311 792 5379; x_wconf 86' lang='lat' dir='ltr'><strong>qui</strong></span> <span class='ocrx_word' id='word_1_536' title='bbox 841 5311 1029 5366; x_wconf 63' lang='lat' dir='ltr'><strong>taedia:</strong></span> <span class='ocrx_word' id='word_1_537' title='bbox 1075 5321 1267 5365; x_wconf 74' lang='lat' dir='ltr'><strong>turma:</strong></span> <span class='ocrx_word' id='word_1_538' title='bbox 1296 5318 1508 5381; x_wconf 59' lang='lat' dir='ltr'><strong>praeest,</strong></span> <span class='ocrx_word' id='word_1_539' title='bbox 1539 5327 1701 5377; x_wconf 85' lang='lat' dir='ltr'><strong>quem</strong></span> <span class='ocrx_word' id='word_1_540' title='bbox 1734 5313 2032 5382; x_wconf 86' lang='lat' dir='ltr'><strong>principem</strong></span> 
     </span>
    </p>
   </div>
   <div class='ocr_carea' id='block_1_84' title="bbox 457 5399 2032 5474">
    <p class='ocr_par' dir='ltr' id='par_1_84' title="bbox 457 5399 2032 5474">
     <span class='ocr_line' id='line_1_84' title="bbox 457 5399 2032 5474; baseline 0.001 -18"><span class='ocrx_word' id='word_1_541' title='bbox 457 5404 816 5472; x_wconf 67' lang='lat' dir='ltr'><strong>appellamus,</strong></span> <span class='ocrx_word' id='word_1_542' title='bbox 845 5399 1064 5473; x_wconf 60' lang='lat' dir='ltr'><strong>qui&#39;ubi</strong></span> <span class='ocrx_word' id='word_1_543' title='bbox 1123 5418 1262 5474; x_wconf 83' lang='lat' dir='ltr'><strong>Opus</strong></span> <span class='ocrx_word' id='word_1_544' title='bbox 1302 5412 1407 5469; x_wconf 87' lang='lat' dir='ltr'><strong>est,</strong></span> <span class='ocrx_word' id='word_1_545' title='bbox 1446 5405 1793 5472; x_wconf 75' lang='lat' dir='ltr'><strong>imperatoris</strong></span> <span class='ocrx_word' id='word_1_546' title='bbox 1850 5406 2032 5459; x_wconf 85' lang='lat' dir='ltr'><strong>locum</strong></span> 
     </span>
    </p>
   </div>
   <div class='ocr_carea' id='block_1_85' title="bbox 458 5498 1125 5570">
    <p class='ocr_par' dir='ltr' id='par_1_85' title="bbox 458 5498 1125 5570">
     <span class='ocr_line' id='line_1_85' title="bbox 458 5498 1125 5570; baseline -0.001 -20"><span class='ocrx_word' id='word_1_547' title='bbox 458 5498 507 5550; x_wconf 88' lang='lat' dir='ltr'><strong>in</strong></span> <span class='ocrx_word' id='word_1_548' title='bbox 539 5499 797 5553; x_wconf 83' lang='lat' dir='ltr'><strong>onmibus</strong></span> <span class='ocrx_word' id='word_1_549' title='bbox 831 5498 1125 5570; x_wconf 79' lang='lat' dir='ltr'><strong>supplebit.</strong></span> 
     </span>
    </p>
   </div>
   <div class='ocr_carea' id='block_1_86' title="bbox 520 5674 2030 5748">
    <p class='ocr_par' dir='ltr' id='par_1_86' title="bbox 520 5674 2030 5748">
     <span class='ocr_line' id='line_1_86' title="bbox 520 5674 2030 5748; baseline 0.003 -19"><span class='ocrx_word' id='word_1_550' title='bbox 520 5674 612 5730; x_wconf 70' lang='grc'><strong>44.</strong></span> <span class='ocrx_word' id='word_1_551' title='bbox 654 5675 764 5732; x_wconf 85' lang='lat' dir='ltr'><strong>llas</strong></span> <span class='ocrx_word' id='word_1_552' title='bbox 802 5677 965 5748; x_wconf 81' lang='lat' dir='ltr'><strong>igitur</strong></span> <span class='ocrx_word' id='word_1_553' title='bbox 1001 5688 1112 5734; x_wconf 82' lang='lat' dir='ltr'><strong>tres</strong></span> <span class='ocrx_word' id='word_1_554' title='bbox 1151 5687 1364 5734; x_wconf 88' lang='lat' dir='ltr'><strong>turmas</strong></span> <span class='ocrx_word' id='word_1_555' title='bbox 1410 5680 1749 5734; x_wconf 85' lang='lat' dir='ltr'><strong>constituere</strong></span> <span class='ocrx_word' id='word_1_556' title='bbox 1793 5685 2030 5748; x_wconf 85' lang='lat' dir='ltr'><strong>oportet,</strong></span> 
     </span>
    </p>
   </div>
   <div class='ocr_carea' id='block_1_87' title="bbox 449 5771 2030 5843">
    <p class='ocr_par' dir='ltr' id='par_1_87' title="bbox 449 5771 2030 5843">
     <span class='ocr_line' id='line_1_87' title="bbox 449 5771 2030 5843; baseline 0.004 -21"><span class='ocrx_word' id='word_1_557' title='bbox 449 5784 682 5838; x_wconf 82' lang='lat' dir='ltr'><strong>qnarum</strong></span> <span class='ocrx_word' id='word_1_558' title='bbox 717 5771 945 5840; x_wconf 82' lang='lat' dir='ltr'><strong>singulis</strong></span> <span class='ocrx_word' id='word_1_559' title='bbox 976 5784 1249 5842; x_wconf 71' lang='lat' dir='ltr'><strong>pra-erunt</strong></span> <span class='ocrx_word' id='word_1_560' title='bbox 1277 5773 1628 5838; x_wconf 63' lang='lat' dir='ltr'><strong>tut-marches,</strong></span> <span class='ocrx_word' id='word_1_561' title='bbox 1650 5774 2030 5843; x_wconf 83' lang='lat' dir='ltr'><strong>unusquisque</strong></span> 
     </span>
    </p>
   </div>
   <div class='ocr_carea' id='block_1_88' title="bbox 450 5865 2028 5937">
    <p class='ocr_par' dir='ltr' id='par_1_88' title="bbox 450 5865 2028 5937">
     <span class='ocr_line' id='line_1_88' title="bbox 450 5865 2028 5937; baseline 0.005 -23"><span class='ocrx_word' id='word_1_562' title='bbox 450 5870 639 5916; x_wconf 71' lang='lat' dir='ltr'><strong>turmae</strong></span> <span class='ocrx_word' id='word_1_563' title='bbox 670 5879 780 5918; x_wconf 67' lang='lat' dir='ltr'><strong>sua:</strong></span> <span class='ocrx_word' id='word_1_564' title='bbox 818 5865 1126 5935; x_wconf 54' lang='lat' dir='ltr'><strong>prtcl‘ectus,</strong></span> <span class='ocrx_word' id='word_1_565' title='bbox 1167 5878 1220 5921; x_wconf 81' lang='grc' dir='ltr'><strong>ιιι</strong></span> <span class='ocrx_word' id='word_1_566' title='bbox 1257 5866 1328 5923; x_wconf 89' lang='lat' dir='ltr'><strong>sit</strong></span> <span class='ocrx_word' id='word_1_567' title='bbox 1377 5867 1628 5922; x_wconf 80' lang='lat' dir='ltr'><strong>universa</strong></span> <span class='ocrx_word' id='word_1_568' title='bbox 1676 5868 2028 5937; x_wconf 76' lang='lat' dir='ltr'><strong>imperatoris</strong></span> 
     </span>
    </p>
   </div>
   <div class='ocr_carea' id='block_1_89' title="bbox 2165 3271 3163 3346">
    <p class='ocr_par' dir='ltr' id='par_1_89' title="bbox 2165 3271 3163 3346">
     <span class='ocr_line' id='line_1_89' title="bbox 2165 3271 3163 3346; baseline 0.008 -24"><span class='ocrx_word' id='word_1_569' title='bbox 2165 3271 2259 3324; x_wconf 78' lang='grc' dir='ltr'><strong>καὶ</strong></span> <span class='ocrx_word' id='word_1_570' title='bbox 2287 3271 2541 3344; x_wconf 87' lang='grc' dir='ltr'>ἀνδρεῖοι,</span> <span class='ocrx_word' id='word_1_571' title='bbox 2580 3272 2714 3327; x_wconf 83' lang='grc' dir='ltr'><strong>ἀλλά</strong></span> <span class='ocrx_word' id='word_1_572' title='bbox 2743 3273 2968 3346; x_wconf 77' lang='grc' dir='ltr'>ἄπειροί</span> <span class='ocrx_word' id='word_1_573' title='bbox 2997 3277 3163 3330; x_wconf 85' lang='grc' dir='ltr'>εἰσιν.</span> 
     </span>
    </p>
   </div>
   <div class='ocr_carea' id='block_1_90' title="bbox 2234 3447 3750 3532">
    <p class='ocr_par' dir='ltr' id='par_1_90' title="bbox 2234 3447 3750 3532">
     <span class='ocr_line' id='line_1_90' title="bbox 2234 3447 3750 3532; baseline 0.013 -31"><span class='ocrx_word' id='word_1_574' title='bbox 2234 3457 2343 3519; x_wconf 79' lang='grc' dir='ltr'>μα’.</span> <span class='ocrx_word' id='word_1_575' title='bbox 2397 3449 2582 3512; x_wconf 73' lang='grc' dir='ltr'>Οὕτως</span> <span class='ocrx_word' id='word_1_576' title='bbox 2637 3447 2730 3504; x_wconf 78' lang='grc' dir='ltr'><strong>οὖν</strong></span> <span class='ocrx_word' id='word_1_577' title='bbox 2781 3453 2890 3506; x_wconf 89' lang='grc' dir='ltr'><strong>τῶν</strong></span> <span class='ocrx_word' id='word_1_578' title='bbox 2937 3454 3265 3526; x_wconf 84' lang='grc' dir='ltr'>ταγμάτων,</span> <span class='ocrx_word' id='word_1_579' title='bbox 3320 3459 3490 3530; x_wconf 67' lang='grc' dir='ltr'>ἤγουν</span> <span class='ocrx_word' id='word_1_580' title='bbox 3543 3460 3750 3532; x_wconf 81' lang='grc' dir='ltr'>βάνδων</span> 
     </span>
    </p>
   </div>
   <div class='ocr_carea' id='block_1_91' title="bbox 2158 3543 3745 3630">
    <p class='ocr_par' dir='ltr' id='par_1_91' title="bbox 2158 3543 3745 3630">
     <span class='ocr_line' id='line_1_91' title="bbox 2158 3543 3745 3630; baseline 0.009 -34"><span class='ocrx_word' id='word_1_581' title='bbox 2158 3543 2570 3614; x_wconf 84' lang='grc' dir='ltr'>διαιρουμένων,</span> <span class='ocrx_word' id='word_1_582' title='bbox 2607 3544 2690 3615; x_wconf 77' lang='grc' dir='ltr'><strong>ἐφ’</strong></span> <span class='ocrx_word' id='word_1_583' title='bbox 2726 3546 2896 3600; x_wconf 78' lang='grc' dir='ltr'>ἑαυτά</span> <span class='ocrx_word' id='word_1_584' title='bbox 2943 3549 3051 3619; x_wconf 80' lang='grc' dir='ltr'><strong>χρὴ</strong></span> <span class='ocrx_word' id='word_1_585' title='bbox 3097 3549 3388 3630; x_wconf 77' lang='grc' dir='ltr'>ἐπιστῆναι</span> <span class='ocrx_word' id='word_1_586' title='bbox 3425 3555 3613 3621; x_wconf 74' lang='grc' dir='ltr'>αὐτοῖς</span> <span class='ocrx_word' id='word_1_587' title='bbox 3651 3559 3745 3630; x_wconf 77' lang='grc' dir='ltr'><strong>ἄρ·</strong></span> 
     </span>
    </p>
   </div>
   <div class='ocr_carea' id='block_1_92' title="bbox 2160 3639 3742 3713">
    <p class='ocr_par' dir='ltr' id='par_1_92' title="bbox 2160 3639 3742 3713">
     <span class='ocr_line' id='line_1_92' title="bbox 2160 3639 3742 3713; baseline 0.011 -26"><span class='ocrx_word' id='word_1_588' title='bbox 2160 3653 2350 3707; x_wconf 83' lang='grc' dir='ltr'>χοντας</span> <span class='ocrx_word' id='word_1_589' title='bbox 2397 3639 2521 3701; x_wconf 76' lang='grc' dir='ltr'>τοὺς</span> <span class='ocrx_word' id='word_1_590' title='bbox 2569 3639 2897 3710; x_wconf 85' lang='grc' dir='ltr'>λεγομένους</span> <span class='ocrx_word' id='word_1_591' title='bbox 2949 3639 3230 3713; x_wconf 81' lang='grc' dir='ltr'>κόμητας,</span> <span class='ocrx_word' id='word_1_592' title='bbox 3291 3647 3644 3705; x_wconf 74' lang='grc' dir='ltr'>συνίστασθαι</span> <span class='ocrx_word' id='word_1_593' title='bbox 3689 3651 3742 3704; x_wconf 73' lang='grc' dir='ltr'>δὲ</span> 
     </span>
    </p>
   </div>
   <div class='ocr_carea' id='block_1_93' title="bbox 2157 3728 3740 3809">
    <p class='ocr_par' dir='ltr' id='par_1_93' title="bbox 2157 3728 3740 3809">
     <span class='ocr_line' id='line_1_93' title="bbox 2157 3728 3740 3809; baseline 0.011 -28"><span class='ocrx_word' id='word_1_594' title='bbox 2157 3728 2388 3784; x_wconf 76' lang='grc' dir='ltr'>ἕκαστον</span> <span class='ocrx_word' id='word_1_595' title='bbox 2430 3731 2617 3799; x_wconf 86' lang='grc' dir='ltr'>τάγμα</span> <span class='ocrx_word' id='word_1_596' title='bbox 2659 3732 2769 3786; x_wconf 81' lang='grc' dir='ltr'><strong>ἀπὸ</strong></span> <span class='ocrx_word' id='word_1_597' title='bbox 2815 3735 3028 3804; x_wconf 83' lang='grc' dir='ltr'>ἀνδρῶν</span> <span class='ocrx_word' id='word_1_598' title='bbox 3079 3739 3406 3809; x_wconf 80' lang='grc' dir='ltr'>τριακοσίων</span> <span class='ocrx_word' id='word_1_599' title='bbox 3466 3742 3607 3796; x_wconf 73' lang='grc' dir='ltr'>κατὰ</span> <span class='ocrx_word' id='word_1_600' title='bbox 3651 3743 3740 3799; x_wconf 68' lang='grc' dir='ltr'>τὸν</span> 
     </span>
    </p>
   </div>
   <div class='ocr_carea' id='block_1_94' title="bbox 2161 3821 3743 3908">
    <p class='ocr_par' dir='ltr' id='par_1_94' title="bbox 2161 3821 3743 3908">
     <span class='ocr_line' id='line_1_94' title="bbox 2161 3821 3743 3908; baseline 0.011 -35"><span class='ocrx_word' id='word_1_601' title='bbox 2161 3821 2328 3892; x_wconf 87' lang='grc' dir='ltr'>μέσον</span> <span class='ocrx_word' id='word_1_602' title='bbox 2359 3824 2578 3894; x_wconf 82' lang='grc' dir='ltr'>τρόπον.</span> <span class='ocrx_word' id='word_1_603' title='bbox 2620 3826 2775 3896; x_wconf 83' lang='grc' dir='ltr'>Μήτε</span> <span class='ocrx_word' id='word_1_604' title='bbox 2817 3827 2874 3880; x_wconf 80' lang='grc' dir='ltr'><strong>δὲ</strong></span> <span class='ocrx_word' id='word_1_605' title='bbox 2917 3829 3078 3884; x_wconf 86' lang='grc' dir='ltr'>πλέον</span> <span class='ocrx_word' id='word_1_606' title='bbox 3118 3833 3489 3901; x_wconf 82' lang='grc' dir='ltr'>τετρακοσίων</span> <span class='ocrx_word' id='word_1_607' title='bbox 3536 3837 3743 3908; x_wconf 86' lang='grc' dir='ltr'>ἀνδρῶν</span> 
     </span>
    </p>
   </div>
   <div class='ocr_carea' id='block_1_95' title="bbox 2159 3913 3744 3999">
    <p class='ocr_par' dir='ltr' id='par_1_95' title="bbox 2159 3913 3744 3999">
     <span class='ocr_line' id='line_1_95' title="bbox 2159 3913 3744 3999; baseline 0.011 -32"><span class='ocrx_word' id='word_1_608' title='bbox 2159 3913 2218 3968; x_wconf 85' lang='grc' dir='ltr'>τὸ</span> <span class='ocrx_word' id='word_1_609' title='bbox 2258 3914 2445 3986; x_wconf 86' lang='grc' dir='ltr'>τάγμα</span> <span class='ocrx_word' id='word_1_610' title='bbox 2493 3917 2639 3987; x_wconf 78' lang='grc' dir='ltr'>ἐχειν</span> <span class='ocrx_word' id='word_1_611' title='bbox 2684 3917 2898 3990; x_wconf 85' lang='grc' dir='ltr'>ὁρίσῃς,</span> <span class='ocrx_word' id='word_1_612' title='bbox 2953 3921 3055 3977; x_wconf 82' lang='grc' dir='ltr'>κᾶν</span> <span class='ocrx_word' id='word_1_613' title='bbox 3103 3923 3246 3976; x_wconf 87' lang='grc' dir='ltr'>πάνυ</span> <span class='ocrx_word' id='word_1_614' title='bbox 3292 3925 3459 3980; x_wconf 72' lang='grc' dir='ltr'>πολὺν</span> <span class='ocrx_word' id='word_1_615' title='bbox 3516 3932 3744 3999; x_wconf 79' lang='grc' dir='ltr'>στρατὸν</span> 
     </span>
    </p>
   </div>
   <div class='ocr_carea' id='block_1_96' title="bbox 2159 4005 3739 4082">
    <p class='ocr_par' dir='ltr' id='par_1_96' title="bbox 2159 4005 3739 4082">
     <span class='ocr_line' id='line_1_96' title="bbox 2159 4005 3739 4082; baseline 0.013 -25"><span class='ocrx_word' id='word_1_616' title='bbox 2159 4005 2313 4078; x_wconf 78' lang='grc' dir='ltr'>ἔχῃς,</span> <span class='ocrx_word' id='word_1_617' title='bbox 2354 4012 2490 4076; x_wconf 79' lang='grc' dir='ltr'>μήτε</span> <span class='ocrx_word' id='word_1_618' title='bbox 2525 4009 2786 4064; x_wconf 79' lang='grc' dir='ltr'>ὑποκάτω</span> <span class='ocrx_word' id='word_1_619' title='bbox 2819 4010 2928 4064; x_wconf 84' lang='grc' dir='ltr'><strong>τῶν</strong></span> <span class='ocrx_word' id='word_1_620' title='bbox 2973 4013 3286 4082; x_wconf 85' lang='grc' dir='ltr'>διακοσίων,</span> <span class='ocrx_word' id='word_1_621' title='bbox 3321 4017 3423 4072; x_wconf 84' lang='grc' dir='ltr'><strong>κάν</strong></span> <span class='ocrx_word' id='word_1_622' title='bbox 3449 4020 3600 4076; x_wconf 78' lang='grc' dir='ltr'>ἐστιν</span> <span class='ocrx_word' id='word_1_623' title='bbox 3630 4023 3739 4077; x_wconf 77' lang='grc' dir='ltr'>ὀλί-</span> 
     </span>
    </p>
   </div>
   <div class='ocr_carea' id='block_1_97' title="bbox 2157 4099 2987 4170">
    <p class='ocr_par' dir='ltr' id='par_1_97' title="bbox 2157 4099 2987 4170">
     <span class='ocr_line' id='line_1_97' title="bbox 2157 4099 2987 4170; baseline 0.006 -21"><span class='ocrx_word' id='word_1_624' title='bbox 2157 4113 2250 4164; x_wconf 86' lang='grc' dir='ltr'><strong>γος</strong></span> <span class='ocrx_word' id='word_1_625' title='bbox 2279 4099 2307 4150; x_wconf 91' lang='grc' dir='ltr'>ὀ</span> <span class='ocrx_word' id='word_1_626' title='bbox 2338 4102 2584 4170; x_wconf 86' lang='grc' dir='ltr'>στρατός,</span> <span class='ocrx_word' id='word_1_627' title='bbox 2984 4158 2987 4160; x_wconf 97' lang='lat'><em>_</em></span> 
     </span>
    </p>
   </div>
   <div class='ocr_carea' id='block_1_98' title="bbox 2233 4192 3737 4280">
    <p class='ocr_par' dir='ltr' id='par_1_98' title="bbox 2233 4192 3737 4280">
     <span class='ocr_line' id='line_1_98' title="bbox 2233 4192 3737 4280; baseline 0.011 -34"><span class='ocrx_word' id='word_1_628' title='bbox 2233 4192 2340 4264; x_wconf 82' lang='grc' dir='ltr'>μβ’.</span> <span class='ocrx_word' id='word_1_629' title='bbox 2373 4192 2556 4247; x_wconf 83' lang='grc' dir='ltr'>Ταῦτα</span> <span class='ocrx_word' id='word_1_630' title='bbox 2577 4195 2634 4249; x_wconf 82' lang='grc' dir='ltr'>δὲ</span> <span class='ocrx_word' id='word_1_631' title='bbox 2661 4194 2728 4250; x_wconf 83' lang='grc' dir='ltr'><strong>τὰ</strong></span> <span class='ocrx_word' id='word_1_632' title='bbox 2751 4197 3008 4269; x_wconf 85' lang='grc' dir='ltr'>τάγματα</span> <span class='ocrx_word' id='word_1_633' title='bbox 3036 4201 3282 4268; x_wconf 82' lang='grc' dir='ltr'>συνάξεις</span> <span class='ocrx_word' id='word_1_634' title='bbox 3309 4205 3387 4269; x_wconf 83' lang='grc' dir='ltr'><strong>είς</strong></span> <span class='ocrx_word' id='word_1_635' title='bbox 3411 4205 3737 4280; x_wconf 82' lang='grc' dir='ltr'>χιλιαρχίας,</span> 
     </span>
    </p>
   </div>
   <div class='ocr_carea' id='block_1_99' title="bbox 2155 4287 3738 4374">
    <p class='ocr_par' dir='ltr' id='par_1_99' title="bbox 2155 4287 3738 4374">
     <span class='ocr_line' id='line_1_99' title="bbox 2155 4287 3738 4374; baseline 0.013 -37"><span class='ocrx_word' id='word_1_636' title='bbox 2155 4287 2276 4357; x_wconf 75' lang='grc' dir='ltr'>ἢτοι</span> <span class='ocrx_word' id='word_1_637' title='bbox 2307 4287 2501 4358; x_wconf 84' lang='grc' dir='ltr'>μοίρας</span> <span class='ocrx_word' id='word_1_638' title='bbox 2529 4290 2622 4354; x_wconf 81' lang='grc' dir='ltr'>τὰς</span> <span class='ocrx_word' id='word_1_639' title='bbox 2671 4290 2972 4363; x_wconf 86' lang='grc' dir='ltr'>λεγομένας</span> <span class='ocrx_word' id='word_1_640' title='bbox 3011 4295 3331 4366; x_wconf 86' lang='grc' dir='ltr'>δρούγγους.</span> <span class='ocrx_word' id='word_1_641' title='bbox 3367 4301 3478 4354; x_wconf 79' lang='lat' dir='ltr'><strong>Kal</strong></span> <span class='ocrx_word' id='word_1_642' title='bbox 3512 4304 3738 4374; x_wconf 78' lang='grc' dir='ltr'>ἐπιστή-</span> 
     </span>
    </p>
   </div>
   <div class='ocr_carea' id='block_1_100' title="bbox 2157 4381 3741 4465">
    <p class='ocr_par' dir='ltr' id='par_1_100' title="bbox 2157 4381 3741 4465">
     <span class='ocr_line' id='line_1_100' title="bbox 2157 4381 3741 4465; baseline 0.013 -33"><span class='ocrx_word' id='word_1_643' title='bbox 2157 4397 2271 4444; x_wconf 90' lang='grc' dir='ltr'>σεις</span> <span class='ocrx_word' id='word_1_644' title='bbox 2317 4381 2501 4444; x_wconf 83' lang='grc' dir='ltr'>αὐτοῖς</span> <span class='ocrx_word' id='word_1_645' title='bbox 2560 4386 2863 4457; x_wconf 83' lang='grc' dir='ltr'>μοιράρχας</span> <span class='ocrx_word' id='word_1_646' title='bbox 2911 4391 3251 4460; x_wconf 84' lang='grc' dir='ltr'>χρησίμους,</span> <span class='ocrx_word' id='word_1_647' title='bbox 3298 4392 3599 4465; x_wconf 85' lang='grc' dir='ltr'>ἀνδρείους,</span> <span class='ocrx_word' id='word_1_648' title='bbox 3645 4400 3741 4453; x_wconf 77' lang='grc' dir='ltr'>καὶ</span> 
     </span>
    </p>
   </div>
   <div class='ocr_carea' id='block_1_101' title="bbox 2157 4477 3740 4564">
    <p class='ocr_par' dir='ltr' id='par_1_101' title="bbox 2157 4477 3740 4564">
     <span class='ocr_line' id='line_1_101' title="bbox 2157 4477 3740 4564; baseline 0.013 -37"><span class='ocrx_word' id='word_1_649' title='bbox 2157 4477 2415 4546; x_wconf 78' lang='grc' dir='ltr'>φρονήσει</span> <span class='ocrx_word' id='word_1_650' title='bbox 2451 4478 2545 4530; x_wconf 73' lang='grc' dir='ltr'><strong>καὶ</strong></span> <span class='ocrx_word' id='word_1_651' title='bbox 2575 4478 2819 4551; x_wconf 73' lang='grc' dir='ltr'>εὐταξία,</span> <span class='ocrx_word' id='word_1_652' title='bbox 2862 4482 2911 4535; x_wconf 88' lang='grc' dir='ltr'><strong>εί</strong></span> <span class='ocrx_word' id='word_1_653' title='bbox 2940 4481 3190 4550; x_wconf 82' lang='grc' dir='ltr'>δυνατὸν,</span> <span class='ocrx_word' id='word_1_654' title='bbox 3229 4487 3324 4541; x_wconf 79' lang='grc' dir='ltr'><strong>καὶ</strong></span> <span class='ocrx_word' id='word_1_655' title='bbox 3353 4491 3606 4564; x_wconf 76' lang='grc' dir='ltr'>εὐγενείᾳ</span> <span class='ocrx_word' id='word_1_656' title='bbox 3645 4496 3740 4548; x_wconf 85' lang='grc' dir='ltr'>καὶ</span> 
     </span>
    </p>
   </div>
   <div class='ocr_carea' id='block_1_102' title="bbox 2082 4567 3736 4654">
    <p class='ocr_par' dir='ltr' id='par_1_102' title="bbox 2082 4567 3736 4654">
     <span class='ocr_line' id='line_1_102' title="bbox 2082 4567 3736 4654; baseline 0.013 -37"><span class='ocrx_word' id='word_1_657' title='bbox 2082 4581 2129 4638; x_wconf 77' lang='lat' dir='ltr'><strong>D</strong></span> <span class='ocrx_word' id='word_1_658' title='bbox 2159 4567 2390 4640; x_wconf 79' lang='grc' dir='ltr'>εὐπορίᾳ</span> <span class='ocrx_word' id='word_1_659' title='bbox 2414 4568 2794 4640; x_wconf 82' lang='grc' dir='ltr'>διαφέροντας,</span> <span class='ocrx_word' id='word_1_660' title='bbox 2820 4573 2945 4639; x_wconf 74' lang='grc' dir='ltr'>τοὺς</span> <span class='ocrx_word' id='word_1_661' title='bbox 2967 4572 3291 4648; x_wconf 75' lang='grc' dir='ltr'>λεγομένους</span> <span class='ocrx_word' id='word_1_662' title='bbox 3318 4578 3736 4654; x_wconf 85' lang='grc' dir='ltr'>δρουγγαρίους,</span> 
     </span>
    </p>
   </div>
   <div class='ocr_carea' id='block_1_103' title="bbox 2151 4657 3349 4733">
    <p class='ocr_par' dir='ltr' id='par_1_103' title="bbox 2151 4657 3349 4733">
     <span class='ocr_line' id='line_1_103' title="bbox 2151 4657 3349 4733; baseline 0.013 -24"><span class='ocrx_word' id='word_1_663' title='bbox 2151 4657 2246 4722; x_wconf 70' lang='grc' dir='ltr'><strong>οὓς</strong></span> <span class='ocrx_word' id='word_1_664' title='bbox 2279 4676 2409 4713; x_wconf 88' lang='grc' dir='ltr'>ποτε</span> <span class='ocrx_word' id='word_1_665' title='bbox 2438 4661 2746 4733; x_wconf 81' lang='grc' dir='ltr'>χιλιάρχους</span> <span class='ocrx_word' id='word_1_666' title='bbox 2774 4666 3001 4721; x_wconf 74' lang='grc' dir='ltr'>ἐκάλουν</span> <span class='ocrx_word' id='word_1_667' title='bbox 3033 4667 3083 4722; x_wconf 76' lang='grc' dir='ltr'><strong>οἱ</strong></span> <span class='ocrx_word' id='word_1_668' title='bbox 3113 4670 3349 4725; x_wconf 87' lang='grc' dir='ltr'>παλαιοί.</span> 
     </span>
    </p>
   </div>
   <div class='ocr_carea' id='block_1_104' title="bbox 2223 4750 3735 4838">
    <p class='ocr_par' dir='ltr' id='par_1_104' title="bbox 2223 4750 3735 4838">
     <span class='ocr_line' id='line_1_104' title="bbox 2223 4750 3735 4838; baseline 0.013 -35"><span class='ocrx_word' id='word_1_669' title='bbox 2223 4750 2333 4822; x_wconf 84' lang='grc' dir='ltr'>μγ’.</span> <span class='ocrx_word' id='word_1_670' title='bbox 2373 4752 2482 4817; x_wconf 87' lang='grc' dir='ltr'><strong>Τάς</strong></span> <span class='ocrx_word' id='word_1_671' title='bbox 2514 4755 2571 4808; x_wconf 82' lang='grc' dir='ltr'>δὲ</span> <span class='ocrx_word' id='word_1_672' title='bbox 2598 4757 2790 4830; x_wconf 89' lang='grc' dir='ltr'>μοίρας</span> <span class='ocrx_word' id='word_1_673' title='bbox 2828 4758 3055 4827; x_wconf 80' lang='grc' dir='ltr'>ταύτας,</span> <span class='ocrx_word' id='word_1_674' title='bbox 3090 4762 3209 4834; x_wconf 70' lang='grc' dir='ltr'>ἤτοι</span> <span class='ocrx_word' id='word_1_675' title='bbox 3240 4764 3365 4828; x_wconf 83' lang='grc' dir='ltr'>τοὺς</span> <span class='ocrx_word' id='word_1_676' title='bbox 3410 4766 3735 4838; x_wconf 86' lang='grc' dir='ltr'>δρούγγους,</span> 
     </span>
    </p>
   </div>
   <div class='ocr_carea' id='block_1_105' title="bbox 2152 4845 3735 4933">
    <p class='ocr_par' dir='ltr' id='par_1_105' title="bbox 2152 4845 3735 4933">
     <span class='ocr_line' id='line_1_105' title="bbox 2152 4845 3735 4933; baseline 0.014 -38"><span class='ocrx_word' id='word_1_677' title='bbox 2152 4845 2432 4911; x_wconf 82' lang='grc' dir='ltr'>συντάξεις</span> <span class='ocrx_word' id='word_1_678' title='bbox 2458 4850 2537 4911; x_wconf 85' lang='grc' dir='ltr'><strong>είς</strong></span> <span class='ocrx_word' id='word_1_679' title='bbox 2573 4851 2740 4922; x_wconf 83' lang='grc' dir='ltr'>μέρη,</span> <span class='ocrx_word' id='word_1_680' title='bbox 2772 4852 2940 4923; x_wconf 73' lang='grc' dir='ltr'>ἤγουν</span> <span class='ocrx_word' id='word_1_681' title='bbox 2972 4853 3241 4926; x_wconf 78' lang='grc' dir='ltr'>τούρμας,</span> <span class='ocrx_word' id='word_1_682' title='bbox 3278 4860 3371 4912; x_wconf 73' lang='grc' dir='ltr'>καὶ</span> <span class='ocrx_word' id='word_1_683' title='bbox 3411 4861 3735 4933; x_wconf 78' lang='grc' dir='ltr'>ἐπιστήσον-</span> 
     </span>
    </p>
   </div>
   <div class='ocr_carea' id='block_1_106' title="bbox 2149 4939 3728 5026">
    <p class='ocr_par' dir='ltr' id='par_1_106' title="bbox 2149 4939 3728 5026">
     <span class='ocr_line' id='line_1_106' title="bbox 2149 4939 3728 5026; baseline 0.015 -39"><span class='ocrx_word' id='word_1_684' title='bbox 2149 4953 2238 4989; x_wconf 85' lang='grc' dir='ltr'><strong>ται</strong></span> <span class='ocrx_word' id='word_1_685' title='bbox 2286 4939 2470 5002; x_wconf 84' lang='grc' dir='ltr'>αὐτοῖς</span> <span class='ocrx_word' id='word_1_686' title='bbox 2509 4941 2704 5016; x_wconf 80' lang='grc' dir='ltr'>γνώμῃ</span> <span class='ocrx_word' id='word_1_687' title='bbox 2757 4945 2860 5016; x_wconf 86' lang='grc' dir='ltr'><strong>τῆς</strong></span> <span class='ocrx_word' id='word_1_688' title='bbox 2901 4945 3182 5018; x_wconf 85' lang='grc' dir='ltr'>βασιλείας</span> <span class='ocrx_word' id='word_1_689' title='bbox 3229 4951 3384 5022; x_wconf 73' lang='grc' dir='ltr'>ἡμῶν</span> <span class='ocrx_word' id='word_1_690' title='bbox 3433 4957 3728 5026; x_wconf 83' lang='grc' dir='ltr'>μεράρχαι,</span> 
     </span>
    </p>
   </div>
   <div class='ocr_carea' id='block_1_107' title="bbox 2150 5029 3730 5121">
    <p class='ocr_par' dir='ltr' id='par_1_107' title="bbox 2150 5029 3730 5121">
     <span class='ocr_line' id='line_1_107' title="bbox 2150 5029 3730 5121; baseline 0.015 -39"><span class='ocrx_word' id='word_1_691' title='bbox 2150 5030 2200 5082; x_wconf 91' lang='grc' dir='ltr'><strong>οί</strong></span> <span class='ocrx_word' id='word_1_692' title='bbox 2227 5029 2512 5102; x_wconf 83' lang='grc' dir='ltr'>λεγόμενοί</span> <span class='ocrx_word' id='word_1_693' title='bbox 2557 5053 2688 5090; x_wconf 87' lang='grc' dir='ltr'>ποτε</span> <span class='ocrx_word' id='word_1_694' title='bbox 2721 5041 2817 5093; x_wconf 74' lang='grc' dir='ltr'>καὶ</span> <span class='ocrx_word' id='word_1_695' title='bbox 2865 5041 3254 5115; x_wconf 81' lang='grc' dir='ltr'>στρατηλάται,</span> <span class='ocrx_word' id='word_1_696' title='bbox 3288 5045 3385 5101; x_wconf 74' lang='grc' dir='ltr'>νῦν</span> <span class='ocrx_word' id='word_1_697' title='bbox 3415 5049 3472 5102; x_wconf 81' lang='grc' dir='ltr'>δὲ</span> <span class='ocrx_word' id='word_1_698' title='bbox 3510 5051 3579 5121; x_wconf 74' lang='grc' dir='ltr'><strong>τῇ</strong></span> <span class='ocrx_word' id='word_1_699' title='bbox 3606 5067 3730 5105; x_wconf 72' lang='grc' dir='ltr'>συν-</span> 
     </span>
    </p>
   </div>
   <div class='ocr_carea' id='block_1_108' title="bbox 2150 5123 3729 5214">
    <p class='ocr_par' dir='ltr' id='par_1_108' title="bbox 2150 5123 3729 5214">
     <span class='ocr_line' id='line_1_108' title="bbox 2150 5123 3729 5214; baseline 0.015 -40"><span class='ocrx_word' id='word_1_700' title='bbox 2150 5123 2309 5196; x_wconf 74' lang='grc' dir='ltr'>ηθείᾳ</span> <span class='ocrx_word' id='word_1_701' title='bbox 2325 5125 2649 5197; x_wconf 85' lang='grc' dir='ltr'>καλούμενοι</span> <span class='ocrx_word' id='word_1_702' title='bbox 2672 5132 3037 5206; x_wconf 83' lang='grc' dir='ltr'>τουρμάρχαι.</span> <span class='ocrx_word' id='word_1_703' title='bbox 3060 5137 3168 5192; x_wconf 80' lang='grc' dir='ltr'>Καὶ</span> <span class='ocrx_word' id='word_1_704' title='bbox 3186 5139 3411 5204; x_wconf 81' lang='grc' dir='ltr'>τούτους</span> <span class='ocrx_word' id='word_1_705' title='bbox 3429 5144 3729 5214; x_wconf 76' lang='grc' dir='ltr'>φρονίμους</span> 
     </span>
    </p>
   </div>
   <div class='ocr_carea' id='block_1_109' title="bbox 2147 5216 3721 5306">
    <p class='ocr_par' dir='ltr' id='par_1_109' title="bbox 2147 5216 3721 5306">
     <span class='ocr_line' id='line_1_109' title="bbox 2147 5216 3721 5306; baseline 0.015 -40"><span class='ocrx_word' id='word_1_706' title='bbox 2147 5216 2242 5268; x_wconf 75' lang='grc' dir='ltr'>καὶ</span> <span class='ocrx_word' id='word_1_707' title='bbox 2270 5216 2566 5283; x_wconf 81' lang='grc' dir='ltr'>εὐτάκτους</span> <span class='ocrx_word' id='word_1_708' title='bbox 2597 5216 2758 5287; x_wconf 73' lang='grc' dir='ltr'>εῖναι,</span> <span class='ocrx_word' id='word_1_709' title='bbox 2797 5227 2892 5279; x_wconf 72' lang='grc' dir='ltr'><strong>καὶ</strong></span> <span class='ocrx_word' id='word_1_710' title='bbox 2920 5227 3231 5300; x_wconf 75' lang='grc' dir='ltr'>ἐναρέτους,</span> <span class='ocrx_word' id='word_1_711' title='bbox 3277 5232 3371 5284; x_wconf 75' lang='grc' dir='ltr'><strong>καὶ</strong></span> <span class='ocrx_word' id='word_1_712' title='bbox 3407 5231 3721 5306; x_wconf 72' lang='grc' dir='ltr'>ἐμπείρους,</span> 
     </span>
    </p>
   </div>
   <div class='ocr_carea' id='block_1_110' title="bbox 2145 5307 3725 5395">
    <p class='ocr_par' dir='ltr' id='par_1_110' title="bbox 2145 5307 3725 5395">
     <span class='ocr_line' id='line_1_110' title="bbox 2145 5307 3725 5395; baseline 0.014 -35"><span class='ocrx_word' id='word_1_713' title='bbox 2145 5308 2192 5360; x_wconf 83' lang='grc' dir='ltr'><strong>εί</strong></span> <span class='ocrx_word' id='word_1_714' title='bbox 2218 5307 2463 5376; x_wconf 86' lang='grc' dir='ltr'>δυνατὸν,</span> <span class='ocrx_word' id='word_1_715' title='bbox 2491 5312 2702 5379; x_wconf 87' lang='grc' dir='ltr'>είδότας</span> <span class='ocrx_word' id='word_1_716' title='bbox 2732 5316 2826 5369; x_wconf 74' lang='grc' dir='ltr'><strong>καὶ</strong></span> <span class='ocrx_word' id='word_1_717' title='bbox 2854 5317 3180 5390; x_wconf 86' lang='grc' dir='ltr'>γράμματα,</span> <span class='ocrx_word' id='word_1_718' title='bbox 3230 5323 3326 5376; x_wconf 78' lang='grc' dir='ltr'><strong>καὶ</strong></span> <span class='ocrx_word' id='word_1_719' title='bbox 3366 5324 3602 5395; x_wconf 85' lang='grc' dir='ltr'>μάλιστα</span> <span class='ocrx_word' id='word_1_720' title='bbox 3634 5329 3725 5382; x_wconf 76' lang='grc' dir='ltr'>τὸν</span> 
     </span>
    </p>
   </div>
   <div class='ocr_carea' id='block_1_111' title="bbox 2142 5397 3721 5488">
    <p class='ocr_par' dir='ltr' id='par_1_111' title="bbox 2142 5397 3721 5488">
     <span class='ocr_line' id='line_1_111' title="bbox 2142 5397 3721 5488; baseline 0.015 -39"><span class='ocrx_word' id='word_1_721' title='bbox 2142 5397 2235 5451; x_wconf 77' lang='grc' dir='ltr'>τοῦ</span> <span class='ocrx_word' id='word_1_722' title='bbox 2297 5400 2463 5470; x_wconf 84' lang='grc' dir='ltr'>μέσου</span> <span class='ocrx_word' id='word_1_723' title='bbox 2519 5405 2719 5477; x_wconf 82' lang='grc' dir='ltr'>μέρους</span> <span class='ocrx_word' id='word_1_724' title='bbox 2781 5408 2873 5462; x_wconf 84' lang='grc' dir='ltr'><strong>τὸν</strong></span> <span class='ocrx_word' id='word_1_725' title='bbox 2940 5410 3234 5483; x_wconf 86' lang='grc' dir='ltr'>λεγόμενον</span> <span class='ocrx_word' id='word_1_726' title='bbox 3291 5416 3721 5488; x_wconf 82' lang='grc' dir='ltr'>ὑποστράτηγον,</span> 
     </span>
    </p>
   </div>
   <div class='ocr_carea' id='block_1_112' title="bbox 2148 5492 3723 5583">
    <p class='ocr_par' dir='ltr' id='par_1_112' title="bbox 2148 5492 3723 5583">
     <span class='ocr_line' id='line_1_112' title="bbox 2148 5492 3723 5583; baseline 0.015 -41"><span class='ocrx_word' id='word_1_727' title='bbox 2148 5492 2451 5559; x_wconf 81' lang='grc' dir='ltr'>ὀφείλοντα,</span> <span class='ocrx_word' id='word_1_728' title='bbox 2483 5499 2531 5550; x_wconf 85' lang='grc' dir='ltr'>εἰ</span> <span class='ocrx_word' id='word_1_729' title='bbox 2553 5500 2709 5567; x_wconf 87' lang='grc' dir='ltr'>χρεία</span> <span class='ocrx_word' id='word_1_730' title='bbox 2739 5500 2983 5571; x_wconf 85' lang='grc' dir='ltr'>γένηται,</span> <span class='ocrx_word' id='word_1_731' title='bbox 3026 5506 3083 5557; x_wconf 80' lang='grc' dir='ltr'>ἐν</span> <span class='ocrx_word' id='word_1_732' title='bbox 3114 5508 3246 5560; x_wconf 81' lang='grc' dir='ltr'>πᾶσι</span> <span class='ocrx_word' id='word_1_733' title='bbox 3273 5507 3364 5562; x_wconf 77' lang='grc' dir='ltr'><strong>τὸν</strong></span> <span class='ocrx_word' id='word_1_734' title='bbox 3400 5510 3494 5563; x_wconf 82' lang='grc' dir='ltr'>τοῦ</span> <span class='ocrx_word' id='word_1_735' title='bbox 3526 5528 3723 5583; x_wconf 85' lang='grc' dir='ltr'>στρατ-</span> 
     </span>
    </p>
   </div>
   <div class='ocr_carea' id='block_1_113' title="bbox 2146 5586 2874 5665">
    <p class='ocr_par' dir='ltr' id='par_1_113' title="bbox 2146 5586 2874 5665">
     <span class='ocr_line' id='line_1_113' title="bbox 2146 5586 2874 5665; baseline 0.016 -27"><span class='ocrx_word' id='word_1_736' title='bbox 2146 5586 2282 5655; x_wconf 82' lang='grc' dir='ltr'>ηγοῦ</span> <span class='ocrx_word' id='word_1_737' title='bbox 2309 5589 2473 5643; x_wconf 82' lang='grc' dir='ltr'>τόπον</span> <span class='ocrx_word' id='word_1_738' title='bbox 2506 5592 2874 5665; x_wconf 83' lang='grc' dir='ltr'>ἀναπληροῦν.</span> 
     </span>
    </p>
   </div>
   <div class='ocr_carea' id='block_1_114' title="bbox 2219 5680 3724 5768">
    <p class='ocr_par' dir='ltr' id='par_1_114' title="bbox 2219 5680 3724 5768">
     <span class='ocr_line' id='line_1_114' title="bbox 2219 5680 3724 5768; baseline 0.015 -37"><span class='ocrx_word' id='word_1_739' title='bbox 2219 5680 2322 5749; x_wconf 82' lang='grc' dir='ltr'>μδ’.</span> <span class='ocrx_word' id='word_1_740' title='bbox 2359 5685 2540 5738; x_wconf 79' lang='grc' dir='ltr'>Ταῦτα</span> <span class='ocrx_word' id='word_1_741' title='bbox 2571 5685 2626 5738; x_wconf 85' lang='grc' dir='ltr'>δὲ</span> <span class='ocrx_word' id='word_1_742' title='bbox 2652 5689 2717 5740; x_wconf 75' lang='grc' dir='ltr'>τά</span> <span class='ocrx_word' id='word_1_743' title='bbox 2751 5693 2891 5761; x_wconf 88' lang='grc' dir='ltr'>μέρη</span> <span class='ocrx_word' id='word_1_744' title='bbox 2937 5691 3064 5761; x_wconf 86' lang='grc' dir='ltr'>τρία</span> <span class='ocrx_word' id='word_1_745' title='bbox 3097 5697 3380 5764; x_wconf 77' lang='grc' dir='ltr'>συστῆναι,</span> <span class='ocrx_word' id='word_1_746' title='bbox 3425 5698 3510 5768; x_wconf 77' lang='grc' dir='ltr'><strong>ἐφ’</strong></span> <span class='ocrx_word' id='word_1_747' title='bbox 3546 5691 3591 5768; x_wconf 80' lang='grc' dir='ltr'>ᾧ</span> <span class='ocrx_word' id='word_1_748' title='bbox 3632 5703 3724 5756; x_wconf 82' lang='grc' dir='ltr'>καὶ</span> 
     </span>
    </p>
   </div>
   <div class='ocr_carea' id='block_1_115' title="bbox 2142 5779 3722 5856">
    <p class='ocr_par' dir='ltr' id='par_1_115' title="bbox 2142 5779 3722 5856">
     <span class='ocr_line' id='line_1_115' title="bbox 2142 5779 3722 5856; baseline 0.013 -28"><span class='ocrx_word' id='word_1_749' title='bbox 2142 5779 2291 5846; x_wconf 83' lang='grc' dir='ltr'>τρεῖς</span> <span class='ocrx_word' id='word_1_750' title='bbox 2356 5779 2748 5851; x_wconf 80' lang='grc' dir='ltr'>ἐπιστήσονται</span> <span class='ocrx_word' id='word_1_751' title='bbox 2797 5785 3164 5856; x_wconf 85' lang='grc' dir='ltr'>τουρμάρχαι,</span> <span class='ocrx_word' id='word_1_752' title='bbox 3212 5783 3292 5852; x_wconf 68' lang='grc' dir='ltr'>εἷς</span> <span class='ocrx_word' id='word_1_753' title='bbox 3328 5789 3556 5856; x_wconf 74' lang='grc' dir='ltr'>ἕκαστος</span> <span class='ocrx_word' id='word_1_754' title='bbox 3592 5791 3722 5848; x_wconf 73' lang='grc' dir='ltr'>ἰδίου</span> 
     </span>
    </p>
   </div>
   <div class='ocr_carea' id='block_1_116' title="bbox 2144 5869 3721 5958">
    <p class='ocr_par' dir='ltr' id='par_1_116' title="bbox 2144 5869 3721 5958">
     <span class='ocr_line' id='line_1_116' title="bbox 2144 5869 3721 5958; baseline 0.014 -38"><span class='ocrx_word' id='word_1_755' title='bbox 2144 5869 2347 5944; x_wconf 85' lang='grc' dir='ltr'>μέρους</span> <span class='ocrx_word' id='word_1_756' title='bbox 2388 5875 2593 5945; x_wconf 82' lang='grc' dir='ltr'>ἄρχων,</span> <span class='ocrx_word' id='word_1_757' title='bbox 2633 5874 2773 5930; x_wconf 80' lang='grc' dir='ltr'>ὥστε</span> <span class='ocrx_word' id='word_1_758' title='bbox 2821 5873 2961 5932; x_wconf 77' lang='grc' dir='ltr'>εἷναι</span> <span class='ocrx_word' id='word_1_759' title='bbox 2997 5881 3093 5934; x_wconf 79' lang='grc' dir='ltr'>τοῦ</span> <span class='ocrx_word' id='word_1_760' title='bbox 3133 5881 3333 5948; x_wconf 75' lang='grc' dir='ltr'>παντὸς</span> <span class='ocrx_word' id='word_1_761' title='bbox 3365 5885 3596 5957; x_wconf 82' lang='grc' dir='ltr'>στρατοῦ</span> <span class='ocrx_word' id='word_1_762' title='bbox 3623 5887 3721 5958; x_wconf 65' lang='grc' dir='ltr'><strong>τὴν</strong></span> 
     </span>
    </p>
   </div>
  </div>
