4078 6306
308 403 419 467 709

1383 400 1715 462 TACTICA.
1768 425 1838 438 --
1873 397 2377 463 CONSTITUTIO
2411 398 2508 462 IV.

3453 401 3562 470 710

309 515 597 586 ἀνωτάτην
619 511 816 585 τομὴν,
848 510 975 583 τρία
1014 510 1156 584 μέρη
1201 512 1487 585 ἰσάριθμα,
1527 515 1696 585 ἦγουν
1735 513 1896 585 τούρ.

1999 515 2271 570 exercitus
2303 515 2387 570 sui
2423 514 2620 570 divisio
2664 514 2718 569 in
2772 523 2884 572 tres
2932 516 3170 586 aequales
3223 525 3406 586 partes
3449 519 3565 576 sive

313 627 442 682 μας,
496 607 745 662 τουτέστι
798 605 987 676 μέσον,
1038 604 1259 676 ἄριστόν
1287 606 1400 674 (29)
1443 623 1500 660 τε
1553 606 1649 660 καὶ
1693 606 1885 670 δεξιόν.

307 703 496 756 Ταῦτα
526 701 796 768 ποιεῖτὴν
845 698 1027 751 πᾶσαν
1057 698 1156 771 τὴν
1202 698 1309 753 ὑπὸ
1339 698 1418 769 τῷ
1463 698 1755 771 στρατηγῷ
1801 717 1891 752 τε-

302 793 606 864 ταγμένην.

379 884 482 955 με’.
513 885 635 958 Χρὴ
655 885 732 949 δὲ,
767 885 842 950 ὡς
875 883 1111 958 εἴρηται,
1139 883 1215 954 μὴ
1246 881 1433 953 τάγμα
1461 882 1624 936 πλέον
1657 883 1766 937 τῶν
1800 902 1891 937 τε·

303 977 617 1048 τρακοσίων
677 977 890 1050 ἀνδρῶν
937 976 1182 1047 γίνεσθαι
1212 1015 1228 1041 ,
1279 977 1445 1048 ῆγουν
1488 976 1548 1030 τὸ
1580 975 1674 1030 τοῦ
1719 978 1890 1049 κόμη·

303 1089 397 1134 τος
420 1071 530 1142 ('50)
555 1070 744 1140 βάνδον
760 1085 775 1102 ο
800 1073 938 1142 μήτε
954 1068 1216 1141 δροῦγγον
1238 1069 1399 1122 πλέον
1429 1068 1537 1122 τῶν
1555 1070 1889 1140 τρισχιλίωνο

305 1162 449 1234 μήτε
479 1161 718 1233 τοῦρμαν
738 1161 898 1216 πλέον
925 1161 1034 1216 τῶν
1058 1161 1249 1227 ἑξάκις
1273 1159 1488 1233 χιλίων.

381 1354 502 1426 pg’.
525 1354 585 1409 El
630 1353 687 1408 δὲ
721 1351 902 1424 συμσῇ
956 1350 1120 1405 πλέον
1163 1349 1259 1404 τοῦ
1283 1348 1566 1421 λεχθέντος
1591 1347 1790 1422 μέτρου
1817 1344 1891 1402 εἷ-

304 1466 398 1503 ναι
429 1448 522 1502 τὸν
565 1444 816 1517 στρατὸν,
869 1443 1089 1498 κάλλιόν
1138 1443 1285 1496 ἐστιν
1318 1440 1516 1507 ἔξωθεν
1543 1440 1652 1493 τῶν
1687 1441 1892 1511 μερῶν,

308 1543 427 1613 ῆτοι
455 1539 563 1595 τῶν
582 1537 932 1609 τουρμαχιῶν
960 1536 1092 1606 (51),
1123 1537 1180 1590 ἐν
1196 1535 1424 1606 δευτέρᾳ
1443 1534 1597 1601 τάξει
1627 1532 1894 1587 καθίσταο

307 1635 454 1700 σθαι,
506 1633 674 1706 ῆγουν
705 1631 765 1684 ὲν
789 1633 853 1699 τῇ
889 1629 1114 1683 ὄπισθεν
1171 1628 1274 1698 τῆς
1337 1627 1625 1697 προμάχου
1687 1624 1896 1691 τάξεως

310 1727 628 1799 παραταγῇ,
659 1726 716 1778 ὲν
745 1721 1082 1794 ὑποόοηθείᾳ
1112 1721 1206 1776 καὶ
1235 1721 1314 1784 τίς
1343 1719 1588 1791 φυλακὴν
1613 1718 1722 1772 τῶν
1757 1717 1896 1771 πλα-

303 1821 445 1889 γίων
479 1819 683 1891 μερῶν,
702 1820 798 1872 καὶ
830 1817 910 1882 είς
934 1813 1342 1885 νωτοφύλακας,
1385 1813 1484 1867 καὶ
1534 1813 1616 1876 είς
1645 1811 1890 1883 ἐνέδρας,

308 1912 429 1983 ῆτοι
473 1908 881 1982 ἑγκρύμματα,
930 1909 1024 1963 καὶ
1078 1909 1159 1973 είς
1212 1905 1517 1971 κυκλώσεις
1571 1904 1680 1960 τῶν
1731 1905 1892 1958 πολε-

307 2005 472 2077 μίων.

384 2096 490 2169 μζ.
517 2096 630 2178 καὶ
680 2096 820 2169 μήτε
845 2093 945 2160 τὰς
971 2092 1238 2166 τοὺρμας,
1271 2109 1408 2164 μητε
1437 2092 1562 2156 τοὺς
1593 2090 1890 2163 δροόγγους

313 2190 566 2259 μείζονας
617 2189 811 2255 ποιεῖν,
871 2187 960 2242 ἵνα
997 2187 1073 2260 μὴ
1102 2188 1178 2253 ὡς
1219 2185 1430 2258 μεγάλα
1486 2185 1579 2238 καὶ
1615 2185 1709 2238 ἐπὶ
1755 2184 1892 2238 πολὺ

307 2285 662 2355 ἐκτεινόμενα
689 2281 888 2353 ἀπειθῆ
909 2281 1045 2352 πρὸς
1067 2281 1135 2337 τὰ
1162 2279 1619 2353 παραγγέλματα,
1647 2279 1741 2333 καὶ
1764 2293 1895 2346 συγ·

311 2396 445 2449 κεχυ
453 2378 588 2449 μένα
616 2375 936 2447 εὑρεθῶσιν.

387 2553 500 2627 μη’.
536 2555 698 2611 Ἀλλά
746 2556 843 2609 καὶ
870 2554 1058 2627 ἕτερόν
1101 2571 1184 2608 σοι
1228 2554 1500 2626 χρήσιμον
1556 2553 1894 2624 παραινέσω,

310 2650 453 2704 (Ima
500 2649 578 2721 μὴ
605 2648 786 2704 πάντα.
814 2648 882 2700 τὰ
907 2646 1163 2717 τάγματα
1191 2645 1312 2716 ἦτοι
1369 2644 1536 2716 βάνδα
1570 2643 1897 2716 ἐπιτηδεύῃς

313 2741 532 2804 πάντως
557 2743 647 2794 [σα
681 2741 878 2793 ποιεῖν’
915 2737 1002 2792 ἵνα
1035 2738 1108 2810 μὴ
1125 2740 1189 2791 ὲκ
1221 2736 1316 2791 τοῦ
1341 2737 1578 2810 ἀριθμοῦ
1613 2738 1720 2792 τῶν
1770 2737 1898 2808 βάν-

313 2835 422 2890 δων
471 2832 835 2905 εὐαρίθμητος
883 2833 996 2896 τοῖς
1029 2832 1248 2902 ἐχθροῖς
1285 2832 1312 2885 ό
1340 2831 1569 2903 στρατὸς
1602 2830 1714 2903 ('52)
1740 2831 1900 2903 γένη-

314 2928 590 2998 ται,ὄπερ
614 2925 877 2988 πολλάκις
917 2924 1162 2994 μεγάλας
1195 2922 1449 2995 προξενεῖ
1517 2923 1614 2988 τὰς
1667 2922 1896 2994 βλάϐας.

325 3019 490 3074 Ἀλλά
536 3016 695 3072 τοῦτο
740 3015 1050 3087 φυλάττειν,
1089 3015 1224 3088 μηδὲ
1254 3015 1360 3069 τῶν
1387 3012 1432 3068 υ⁹
1458 3014 1689 3087 ἀνδρῶν,
1719 3014 1794 3078 ὡς
1823 3015 1900 3067 al—

315 3129 513 3184 πομεν,
547 3112 728 3175 πλέον,
758 3109 893 3182 μηδὲ
917 3109 1024 3162 τῶν
1051 3108 1340 3163 διακοσίων
1367 3107 1574 3180 ἀνδρῶν
1598 3097 1900 3177 όλιγώτερα

315 3207 571 3276 γενέσθαι
603 3205 765 3261 αὐτά.

394 3299 501 3372 μθ’.
555 3300 647 3354 Διὸ
696 3299 955 3362 πολλάκις
1002 3297 1099 3352 καὶ
1145 3295 1487 3350 καθέκαστον
1533 3292 1742 3363 τάγμα,
1802 3291 1898 3344 ἐὰν

315 3393 414 3448 δύο
464 3393 630 3466 βάνδα
693 3389 1048 3464 εὐτρεπίζῃς,
1115 3386 1510 3458 ἀναφαίνεσθαι
1560 3387 1762 3458 (53)ὲν
1820 3382 1899 3456 τῷ

319 3487 497 3558 καιρῷ
516 3487 616 3558 τῆς
639 3487 731 3540 τοῦ
759 3485 1004 3557 πολέμου
1045 3481 1324 3554 συμϐολῆς
1371 3481 1471 3536 οὐκ
1521 3479 1794 3552 ἄχρηστον
1820 3479 1902 3543 είς

317 3580 380 3632 τὸ
407 3578 749 3648 καταπλῆξαι
815 3581 943 3641 τοὺς
988 3573 1304 3644 πολεμίους.
1355 3572 1474 3642 Χρή
1516 3570 1572 3624 δὲ
1605 3567 1904 3641 άφορισθῆ·

320 3692 409 3729 ναι
459 3675 567 3728 άπὸ
620 3673 853 3727 ἑκάστου
908 3669 1096 3741 βάνδου
1124 3668 1205 3731 εἰς
1227 3665 1328 3730 τὰς
1361 3663 1663 3732 ἀναγκαίας
1692 3661 1900 3733 χρείας,

317 3769 398 3833 ὡς
423 3767 663 3839 εἴρηται,
722 3765 850 3827 τοὺς
890 3761 1244 3832 μανδάτωρας
1277 3757 1613 3828 ἀγρύπνους,
1650 3753 1747 3808 καὶ
1774 3769 1903 3805 συν-

322 3861 499 3928 ετοὶις,
527 3860 623 3914 καὶ
658 3857 913 3930 γοργοὺς,
952 3853 1046 3908 καὶ
1079 3851 1376 3923 εὐφώνους,
1411 3849 1641 3914 εἰδότας,
1667 3849 1715 3901 εί
1739 3847 1903 3900 δυνα-

320 3956 435 4019 τὸν,
457 3953 552 4009 καὶ
575 3952 857 4023 διαφόροις
885 3946 1162 4018 γλώσσαις
1192 3945 1377 3999 καλεῖν
1413 3943 1550 4014 (54).

392 4046 458 4104 ν’.
493 4049 608 4102 Καὶ
656 4045 1084 4117 βουκινάτωρας,
1141 4041 1337 4104 οἵτινες
1377 4039 1435 4092 ἐν
1473 4035 1651 4108 καιρῷ
1684 4037 1752 4089 τὰ
1782 4053 1906 4089 συν-

325 4139 433 4211 ήθη
465 4138 809 4205 σαλπίζουσι.
863 4135 1246 4205 Σαμιάτωρας,
1280 4129 1620 4198 τοξοποιοὺς,
1672 4144 1902 4197 σαγγιτ-

327 4234 596 4298 τοποιοὺς,
635 4232 728 4286 καὶ
755 4231 881 4295 τοὺς
913 4228 1134 4293 λοιποὺς
1155 4226 1293 4298 πρὸς,
1336 4225 1435 4295 τὴν
1462 4221 1521 4289 ἐξ
1552 4221 1705 4285 ἔθους
1723 4220 1907 4274 διατύε

329 4341 450 4379 πωσ
455 4343 524 4380 ιν.

399 4511 498 4562 ναθ.
524 4501 954 4577 Προσαφορίτεις
993 4500 1049 4554 δὲ
1098 4499 1192 4554 καί
1243 4516 1393 4561 τινας
1437 4499 1563 4561 τοὺς
1598 4495 1912 4565 ὀφείλοντας

1993 614 2223 669 turmas,
2253 611 2306 661 in
2335 606 2605 674 dextram,
2639 607 2874 662 mediam
2897 617 2953 663 et
2981 608 3280 663 sinistram.
3313 607 3436 664 llaec
3463 612 3564 666 tria

1993 698 2302 752 universam
2334 700 2509 754 aciem
2549 699 2850 767 continent,
2886 715 3009 770 quae
3059 701 3165 756 sub
3214 701 3566 772 imperatoris

1992 790 2332 845 dominatum
2367 792 2674 861 subjicitur.

2060 879 2150 935 45.
2210 879 2436 951 Oportet
2479 881 2685 952 igitur,
2738 883 3199 953 quemadmodum
3247 886 3567 953 praedictum

1992 984 2099 1042 est,
2150 992 2329 1046 neque
2382 978 2660 1032 cohortem
2721 979 2836 1033 sive
2879 978 3116 1033 bandum
3171 981 3392 1037 comitis
3444 981 3567 1051 plus

1993 1070 2403 1141 quadringentis
2450 1079 2664 1135 tenere,
2702 1088 2881 1143 neque
2929 1073 3208 1129 cohortem
3255 1073 3565 1130 miliiariam

1994 1162 2108 1217 sive
2129 1163 2401 1234 drungum
2438 1151 2558 1233 plus
2594 1165 2768 1221 tribus
2813 1165 3078 1232 millibus,
3113 1181 3293 1238 neque
3331 1177 3567 1223 turmam

1994 1254 2118 1324 plus
2151 1270 2244 1310 sex
2280 1255 2540 1311 millibus.

2059 1348 2148 1403 46.
2192 1347 2250 1403 Si
2292 1363 2420 1404 vero
2466 1348 2747 1420 contingat
2792 1348 3056 1418 majorem
3103 1366 3393 1408 numerum
3444 1367 3572 1409 esse

1995 1441 2269 1495 exercitus
2294 1456 2457 1512 quam
2484 1441 2802 1511 prredictum
2825 1451 2930 1508 est,
2960 1443 3230 1513 optimum
3263 1459 3384 1500 esse
3414 1453 3569 1500 extra

1997 1539 2206 1600 turmas
2242 1547 2366 1586 eum
2404 1532 2457 1586 in
2496 1534 2738 1588 secunda
2778 1537 2918 1602 acie,
2956 1535 3008 1590 id
3041 1546 3147 1604 est,
3173 1546 3297 1608 post
3336 1538 3568 1608 primam

1992 1625 2169 1680 aciem
2195 1625 2249 1679 in
2279 1624 2542 1682 subsidiis
2568 1626 2861 1694 collocare,
2891 1629 2976 1683 vel
3013 1629 3079 1684 ad
3119 1630 3347 1685 laterum
3379 1638 3568 1686 custo-

1997 1718 2138 1784 dias,
2169 1719 2235 1773 ad
2272 1720 2594 1791 tergistites,
2631 1721 2698 1777 ad
2735 1722 2988 1792 insidias,
3023 1722 3091 1779 ad
3115 1723 3432 1781 obsidiones
3470 1724 3570 1781 ho-

1996 1810 2164 1867 stium
2196 1811 2514 1869 transferre.

2056 2098 2147 2154 47.
2181 2099 2367 2170 Neque
2413 2101 2578 2173 igitur
2622 2111 2838 2169 turmae,
2871 2120 3049 2176 neque
3091 2105 3312 2177 drungi,
3358 2106 3410 2162 id
3459 2115 3568 2173 est,

1995 2191 2249 2250 cohortes
2298 2195 2613 2261 milliaria},
2653 2197 2890 2266 majores
2940 2200 3047 2254 sint
3106 2201 3190 2255 vel
3239 2201 3374 2256 ﬁant
3404 2217 3570 2272 quant

1997 2284 2310 2353 praedictum
2339 2295 2440 2352 est,
2467 2296 2639 2354 utne,
2667 2289 2711 2343 si
2744 2289 2798 2343 in
2821 2289 3056 2359 aliquem
3082 2290 3347 2361 majorem
3377 2308 3572 2346 nume—

1995 2390 2116 2429 rum
2159 2377 2574 2444 producantur,
2601 2381 2785 2438 miaus
2841 2370 3156 2436 obedientes
3197 2381 3481 2452 imperatis
3518 2392 3574 2438 et

1998 2470 2426 2541 perturbatiorcs
2452 2471 2820 2528 inveniantur.

2065 2562 2154 2617 48.
2176 2566 2351 2635 Atque
2377 2565 2483 2621 hoc
2514 2565 2608 2621 tibi
2638 2570 3111 2639 pernecessarium
3145 2585 3270 2628 esse
3290 2571 3569 2636 existimo.

1997 2659 2058 2705 ut
2106 2653 2289 2707 omnia
2334 2653 2510 2709 banda
2569 2657 2684 2711 sive
2714 2659 2967 2714 cohortes
3012 2676 3361 2732 nequaquam
3418 2663 3569 2732 pari:

1997 2755 2228 2796 numero
2260 2742 2404 2797 inter
2429 2758 2487 2798 se
2509 2741 2704 2809 facias,
2735 2761 2804 2801 ne
2833 2756 2945 2802 tum
2978 2750 3333 2806 numerabilis
3361 2751 3577 2806 exerci-

1999 2842 2086 2890 tus
2117 2844 2243 2892 tuus
2275 2836 2565 2892 confestim
2602 2836 2715 2902 liat,
2753 2853 2875 2908 quae
2908 2854 2997 2895 res
3029 2840 3395 2897 maximorum
3431 2857 3576 2912 saepe

1999 2921 2266 2976 malorum
2288 2938 2452 2980 causa
2479 2933 2584 2979 est.
2611 2923 2728 2982 Hoc
2759 2940 2941 2983 tamen
2972 2929 3360 3001 perdiligenter
3389 2933 3576 2988 obser-

1999 3015 2238 3070 vandum
2269 3025 2372 3086 est,
2405 3026 2465 3073 ut
2489 3033 2558 3073 ne
2580 3019 2764 3089 plures
2786 3022 3221 3092 quadringentis,
3245 3039 3421 3094 neque
3443 3040 3576 3095 pau-

2001 3106 2179 3166 ciores
2212 3108 2463 3166 ducentis
2495 3113 2547 3167 in
2580 3113 2759 3169 bando
2789 3115 2905 3170 sive
2938 3116 3163 3172 cohorte
3209 3118 3572 3173 collocentur.

2073 3292 2163 3348 49.
2195 3293 2377 3361 Quare
2401 3311 2846 3368 unamquamque
2873 3299 3156 3354 cohortem
3182 3299 3227 3355 si
3250 3299 3388 3356 duas
3408 3316 3577 3373 appa-

2003 3399 2127 3439 rere
2194 3383 2384 3448 l'acias,
2415 3402 2658 3457 persaepe
2699 3388 2792 3443 ubi
2840 3389 3237 3460 conﬂigendum
3267 3406 3390 3445 cum
3422 3390 3578 3447 hoste

2003 3472 2189 3536 fuerit,
2225 3490 2332 3529 non
2365 3475 2558 3530 inutile
2581 3478 2647 3530 ad
2673 3476 3205 3546 perterrefaciendos
3233 3477 3579 3532 adversarios

2003 3565 2129 3620 erit.
2160 3561 2388 3635 Oportet
2414 3575 2596 3620 autem
2622 3565 2694 3620 ab
2717 3580 3047 3636 unoquoque
3077 3564 3255 3621 bando
3281 3566 3348 3621 ad
3385 3582 3576 3622 neces-

2002 3655 2178 3712 sarios
2223 3671 2356 3711 usus
2401 3655 2663 3726 separari,
2700 3663 2759 3710 ut
2799 3655 3010 3711 dictum
3061 3666 3168 3720 est,
3225 3657 3578 3715 mandatorcs

2003 3748 2314 3819 vigilantes,
2347 3749 2666 3819 prudentes,
2703 3765 2878 3816 acres,
2906 3749 3143 3811 vocales.
3167 3759 3222 3805 et
3243 3751 3289 3808 si
3317 3749 3432 3807 ﬁeri
3458 3765 3582 3822 [δοες

2005 3843 2096 3907 sit,
2131 3842 2428 3897 multarum
2465 3842 2777 3914 linguarum
2802 3842 3197 3914 intelligentes.

2075 4023 2166 4080 50.
2201 4023 2266 4079 Et
2298 4024 2678 4089 buccinatores
2703 4039 2922 4094 quoque
2958 4023 3074 4095 qui,
3111 4023 3330 4094 quando
3363 4024 3581 4081 occasio

2007 4111 2130 4181 fert,
2151 4112 2538 4167 buccinabunt.
2555 4112 2910 4180 Samiatcres,
2929 4113 2981 4168 id
2998 4121 3103 4180 est,
3122 4113 3212 4184 qui
3231 4129 3423 4170 omnes
3435 4115 3583 4172 acies

2009 4203 2213 4261 ferreas
2244 4214 2539 4259 exacuunt.
2573 4203 2780 4260 Fahros
2810 4207 3112 4272 arcuarios,
3144 4215 3200 4261 et
3245 4206 3582 4278 sagittarios,

2007 4297 2356 4368 reliquosque
2388 4296 2485 4379 qui
2509 4297 2575 4353 ad
2609 4312 2790 4353 rerum
2819 4308 3208 4356 consuetarum
3237 4299 3581 4359 eﬂ‘ectionem

2011 4388 2312 4458 pertinent.

2081 4479 2169 4534 5|.
2203 4478 2518 4537 Constitues
2556 4482 2718 4536 etiam
2761 4480 2855 4551 qui
2900 4494 2991 4538 res
3034 4481 3269 4540 amissas
3299 4482 3582 4541 collecturi

327 4600 396 4653 τὰ
421 4572 910 4669 εὑρισκόμενατῶν
932 4590 1321 4662 ἀπολλυμένων
1353 4588 1626 4658 συνάγειν,
1662 4586 1756 4641 καὶ
1773 4587 1898 4639 ἁπο-

2010 4581 2065 4626 ει
2088 4572 2327 4627 dominis
2353 4573 2468 4628 suis
2497 4572 2806 4628 rcstituturi
2838 4572 2969 4631 sint.

325 4692 525 4747 διδόναι
554 4691 666 4753 τοῖς
701 4689 910 4759 κυρίοις
940 4686 1140 4740 αὐτῶν.

401 4783 499 4854 νβ.
531 4783 741 4853 Ὥσπερ
772 4780 828 4833 δὲ
869 4779 961 4834 επὶ
988 4777 1084 4832 τοῦ
1115 4775 1334 4831 τούλδου
1363 4774 1474 4829 τῶν
1522 4768 1906 4842 καόαλλαρίων

330 4878 628 4946 ἀναγκαῖον
668 4873 848 4942 όρίσαι
870 4873 997 4936 τοὺς
1036 4870 1357 4942 ὀφείλοντας
1379 4867 1667 4936 ἐπιστῆναι
1704 4867 1905 4934 ἄρχον-

331 4987 450 5036 τας,
503 4967 674 5030 οὕτως
723 4965 816 5020 καὶ
845 4966 939 5019 ἐπὶ
992 4963 1086 5017 τοῦ
1114 4963 1333 5016 τούλδου
1368 4961 1484 5033 ῆτοι
1529 4958 1636 5012 τῶν
1663 4955 1908 5027 άμαξίων

331 5063 433 5133 τῆς
467 5059 696 5129 πεζικῆς
756 5057 965 5122 τάξεως
997 5056 1283 5126 άφορίσεις
1321 5053 1496 5117 τινάς,
1531 5048 1611 5114 οἷς
1633 5050 1908 5120 ὀφείλουσι

334 5154 621 5210 πείθεσθαι
654 5155 704 5208 οἱ
733 5153 827 5206 τοῦ
849 5151 1148 5221 λεγομένου
1181 5148 1444 5217 καραγοῦ.

403 5247 506 5318 νγ’.
548 5245 808 5319 Καραγδς
850 5245 960 5316 γὰρ
989 5245 1209 5312 λέγεται
1242 5245 1270 5296 ό
1299 5242 1384 5295 διὰ
1412 5240 1523 5295 τῶν
1565 5237 1791 5310 άμαξῶν
1818 5235 1914 5288 κα)⁹

334 5338 600 5410 τριϐόλων
650 5338 748 5392 καὶ
797 5336 906 5389 τῶν
960 5335 1136 5390 ἄλλων
1169 5333 1427 5405 μηχανῶν
1453 5333 1738 5401 γινόμενος
1760 5343 1915 5398 περιο

335 5430 563 5506 ορισμὺς
591 5429 673 5495 είς
701 5427 1006 5498 ἀσφάλειαν
1030 5426 1125 5481 τοῦ
1156 5424 1415 5498 στρατοῦ.

2085 4777 2174 4833 52.
2201 4775 2669 4845 Quemadmodum
2701 4777 2850 4832 enim
2896 4778 2966 4833 ad
3013 4780 3401 4850 impedimenta
3432 4785 3591 4855 cqui-

2013 4881 2129 4928 tum
2154 4870 2505 4944 gubernanda
2531 4869 2769 4941 prrelecti
2798 4871 3168 4927 constituendi
3202 4883 3372 4942 sunt,
3413 4876 3492 4932 sic
3522 4877 3588 4932 ad

2013 4964 2398 5034 impedimenta
2449 4963 2782 5032 pedestrium
2825 4962 2992 5033 eliges
3019 4964 3287 5035 quosdam
3310 5005 3326 5031 ,
3364 4968 3587 5037 quibus,

2016 5057 2107 5129 qui
2141 5057 2207 5112 ad
2242 5073 2499 5126 caragum
2532 5058 2827 5126 pertinent,
2855 5058 3176 5113 obedientes
3201 5060 3335 5115 sint.

2089 5237 2180 5292 55.
2210 5237 2459 5309 Caragus
2509 5236 2712 5292 dicitur
2753 5251 2819 5293 ex
2865 5237 3038 5293 carris
3082 5248 3133 5295 ct
3169 5239 3380 5296 bellicis
3431 5240 3591 5296 rebus

2023 5330 2254 5386 munitio
2279 5329 2351 5387 ad
2379 5330 2678 5386 exercitum
2710 5328 3133 5385 defendendum.

1818 5558 2054 5617 ΝΟΤᾸΕ.

416 5687 530 5760 (29)
559 5687 784 5753 Μέσον,
816 5686 1082 5760 ὀξριστόξ,
1131 5682 1571 5760 δεῖ-διιεξμέσον,
1600 5681 1903 5760 ἀριστερόν.

419 5750 674 5832 (ab/Ion“:
705 5750 982 5832 κδμῄιός.
1023 5755 1114 5810 Sic
1142 5758 1311 5809 codex
1340 5750 1698 5810 Pistortanus.
1720 5750 1907 5808 Recte.

345 5827 721 5890 Scribebatnr.
753 5828 847 5882 τοῦ
880 5829 1110 5898 κόσμου.

419 5901 532 5975 (31)
568 5897 962 5972 Τουρμαχιῶν.
993 5894 1189 5954 Scribe
1227 5894 1608 5968 τουρμαρχῶν.

2089 5677 2202 5750 (32)
2229 5677 2416 5750 Codex
2437 5676 2843 5750 Laurentianus
2875 5675 3037 5750 habet
3066 5678 3365 5749 στρατηγός

2092 5746 2204 5819 (55)
2229 5749 2363 5805 Cod.
2397 5748 2559 5802 Laur.
2587 5746 3020 5819 ἀναδείκνυσθαι.

2097 5816 2207 5889 (54)
2235 5819 2471 5874 Καλεῐν.
2525 5819 2585 5875 In
2639 5816 2952 5873 Pistoriano
3010 5817 3201 5877 codice
3247 5823 3371 5876 erat
3421 5819 3592 5874 λαεϊρ,

2031 5893 2226 5950 Scribe
2254 5890 2454 5948 λαλεῖν.
