4086 6326
543 366 645 447 711
691 337 693 340 ⁴
1799 365 2073 435 LEONIS
2107 358 2570 426 PHILOSOPHI
3668 354 3828 425 71,2

610 485 701 543 54.
731 481 791 541 In
816 493 1145 553 unaquaque
1180 487 1361 534 turma
1400 490 1571 539 unum
1622 490 1897 532 summum
1926 475 2107 546 raragi
2142 488 2189 543 Α

2285 468 2381 537 νε.
2418 468 2674 537 Καικαθ¹
2701 468 2932 524 ἕκαστον
2971 467 3157 541 μέρος,
3193 467 3283 525 ἴνα
3312 464 3527 541 πρῶτοι
3555 466 3666 540 ('55)
3705 467 3832 521 τὸν

542 575 857 647 praefectum
889 587 1011 630 esse
1043 580 1281 642 oportet,
1309 577 1365 624 et
1391 568 1605 639 signum
1647 566 1891 638 aliquod,
1920 582 2113 638 quem-

2221 564 2403 636 άρχειν
2435 563 2740 641 όφεξλοντα,
2790 563 2890 627 ,καὶ
2937 564 3163 634 σημεῖον
3182 560 3260 627 ὡς
3283 563 3376 617 ἐπὶ
3417 564 3528 617 τῶν
3582 565 3834 621 irruit-nr

542 665 837 723 admodum
884 663 942 719 in
992 661 1167 732 equis,
1202 660 1281 715 sic
1312 659 1365 712 in
1408 657 1586 713 bobus
1624 657 1919 726 unicuique
1940 652 2112 710 ordini

2218 652 2483 720 ἐντιθέναι
2506 654 2587 716 εἰς
2616 653 2715 717 τὰς
2742 650 2871 722 βοῦς
2890 651 3019 705 ἴδιον
3066 652 3300 707 ἑκάστου
3329 653 3591 725 ἀριθμοῦ,
3625 655 3723 709 ἵνα
3742 655 3831 709 ἐκ

543 755 819 827 privatum
860 752 1130 816 adhiberi,
1155 761 1218 807 ut
1256 749 1416 805 facile
1448 748 1707 819 cognosci
1748 756 1802 804 et
1838 746 2047 803 adverti
2081 759 2116 801 a

2218 744 2316 816 τῆς
2352 743 2521 817 χρόας
2560 744 2657 799 τοῦ
2707 742 2935 815 σημείου
2964 744 3199 816 φανεραὶ
3223 746 3338 811 τοίς
3364 744 3515 811 ίδίοις
3560 745 3831 803 ἑκάστου

546 847 663 903 suis
693 846 924 918 possint.

2214 836 2475 905 γίνωνται
2503 836 2639 906 (56).

616 937 707 993 55.
746 936 892 993 Bene
925 944 1108 991 autem
1135 933 1401 1005 pedestris
1441 933 1575 991 aciei
1618 930 1949 988 mentionem
1981 927 2115 984 ieci-

2287 925 2379 997 νεή.
2408 926 2605 991 Καλῶς
2622 926 2680 980 δὲ
2706 925 2802 981 καὶ
2830 926 2929 997 τῆς
2955 927 3190 1000 πεζικῆς
3209 928 3419 995 τάξεως
3441 929 3833 1004 ἑπεμνήσθηθ

546 1044 692 1085 mus.
721 1030 947 1098 Oportet
976 1038 1158 1083 autem
1190 1027 1352 1098 huius
1379 1026 1701 1084 divisionem
1735 1023 1939 1090 facere,
1974 1031 2030 1078 et
2061 1021 2115 1077 in

2220 1036 2340 1102 μεν.
2392 1021 2485 1085 Δεῖ
2536 1020 2646 1090 γὰρ
2671 1021 2766 1075 καὶ
2788 1022 2996 1092 ταύτης
3024 1022 3126 1095 τὴν
3152 1022 3420 1094 διαίρεσιν
3449 1024 3826 1098 ὑπογράψαι,

546 1136 607 1176 ea
638 1119 926 1192 praefectos
970 1125 1025 1174 et
1057 1120 1223 1175 duces
1259 1117 1495 1189 majores
1543 1127 1600 1173 et
1639 1116 1881 1171 minores
1909 1112 2116 1170 consti-

2221 1112 2315 1168 καὶ
2350 1113 2476 1178 τοὺς
2515 1115 2573 1168 ὲν
2596 1113 2734 1186 αὐτῇ
2791 1114 3161 1185 τασσομένους
3197 1115 3467 1188 ἄρχοντάς
3490 1133 3555 1171 τε
3584 1118 3685 1173 καὶ
3716 1116 3834 1173 ἄλ·-

545 1222 720 1279 tuere,
739 1221 794 1270 et
824 1213 1045 1269 illorum
1066 1226 1286 1283 quoque
1313 1212 1532 1266 nomina
1555 1224 1901 1281 percensere.
1922 1221 2118 1277 quem-

2219 1204 2345 1270 λους
2370 1207 2643 1278 ἡγεμόνας
2668 1207 2898 1279 μικρούς
2926 1224 2987 1261 τε
3010 1208 3106 1264 καὶ
3138 1209 3407 1279 μεγάλους
3436 1212 3832 1282 καταστῆσαι,

549 1305 842 1362 admodum
884 1304 953 1360 ab
977 1304 1219 1375 antiquis
1254 1304 1330 1358 rei
1369 1303 1621 1358 militaris
1666 1300 1856 1373 peritis
1901 1299 2121 1368 accepi-

2221 1299 2315 1355 καὶ
2358 1299 2454 1365 τὰς
2493 1299 2671 1354 αὐτῶν
2700 1299 2939 1373 δηλῶσαι
2986 1302 3306 1373 ὀνομασίας,
3337 1302 3414 1366 ώς
3445 1303 3579 1376 περὶ
3629 1303 3834 1375 αὐτῆς

546 1415 695 1465 mus,
728 1408 783 1455 et
810 1397 1274 1469 quemadmodum
1325 1397 1661 1451 recentiores
1696 1409 1849 1463 suam
1873 1392 2119 1464 ipsorum

2219 1392 2285 1445 ὲκ
2305 1391 2414 1445 τῶν
2460 1392 2704 1446 παλαιῶν
2740 1392 3021 1448 τακτικῶν
3063 1376 3471 1466 παρελάϐομεν,
3530 1396 3628 1450 καὶ
3650 1395 3735 1461 ὡς
3764 1397 3830 1461 οξ

548 1490 885 1546 instruenda:
930 1489 1071 1546 aciei
1114 1489 1349 1544 formam
1387 1498 1442 1544 et
1469 1486 1914 1544 constitutionem
1962 1483 2122 1541 nobis

2220 1483 2473 1554 νεώτεροι
2506 1484 2699 1557 μέχρις
2734 1483 2895 1555 ἡμῶν
2923 1485 3023 1556 τὴν
3046 1485 3228 1543 αὐτῶν
3256 1486 3475 1556 ἔκταξιν
3492 1488 3587 1550 καὶ
3636 1488 3833 1547 κατάφ

550 1584 910 1655 reliquerunt.

2224 1590 2411 1627 στασιν
2439 1574 2654 1643 παρεπέ
2661 1574 2892 1645 μψαντο.

622 1676 715 1731 56.
746 1676 970 1747 Antiqui
993 1675 1140 1732 enim
1172 1676 1519 1734 multitudine
1544 1674 1826 1740 hominum
1856 1687 1920 1729 ea
1949 1673 2125 1728 abun-

2291 1662 2398 1731 νς’.
2422 1667 2486 1721 Oi
2506 1666 2605 1739 μὲν
2636 1665 2744 1738 γὰρ
2761 1668 2977 1740 ἀρχαῖοι
3002 1669 3138 1725 πολὺ
3169 1668 3374 1740 πλῆθος
3396 1670 3614 1742 ἔχοντες
3634 1688 3829 1745 στρα-

556 1768 761 1823 dabant
796 1769 889 1839 qui
937 1768 1066 1824 olim
1115 1771 1341 1837 armati,
1384 1786 1531 1827 nunc.
1574 1767 1774 1825 scutati
1807 1775 2119 1823 vocantur:
2152 1825 2169 1839 ,

2222 1759 2509 1829 τευμάτων
2556 1761 2687 1814 ποτὲ
2712 1762 3023 1833 λεγομένων
3076 1763 3335 1829 ὁπλιτῶν,
3368 1761 3463 1819 νῦν
3491 1764 3549 1818 δὲ
3568 1763 3828 1820 σκουτά·

554 1825 867 1930 quanquam
900 1861 1003 1917 hoc
1035 1876 1232 1917 nomen
1268 1825 1488 1933 propter
1517 1875 1773 1934 magnam
1808 1859 1886 1915 rei
1921 1850 2124 1915 milita-
2152 1825 2167 1885 Ῑ

2223 1825 2336 1906 των
2355 1854 2726 1925 καλουμένων,
2769 1825 2970 1927 μᾶλλον
2993 1857 3052 1912 δὲ
3089 1859 3185 1923 καὶ
3215 1825 3384 1914 αὐτοῦ
3410 1858 3506 1914 τοῦ
3540 1859 3828 1932 ὀνόματος

554 1952 637 2009 ris
674 1962 838 2023 atque
870 1953 1156 2010 industria:
1195 1954 1405 2011 bellicae
1445 1954 1827 2025 negligentiam
1875 1966 2014 2023 pene
2057 1951 2126 2008 ab

2225 1941 2316 1997 διὰ
2361 1941 2461 2014 τὴν
2507 1942 2651 2011 ἄγαν
2696 1945 2795 2015 τῆς
2849 1948 3118 2017 τακτικῆς
3150 1947 3380 2018 μελέτης
3408 1948 3508 2003 καὶ
3552 1948 3827 2027 πράξεως

556 2045 816 2100 omnibus
849 2046 1150 2116 ignoretur.
1182 2044 1386 2102 Horum
1447 2046 1615 2117 igitur
1652 2053 1990 2101 scutatorum
2032 2058 2129 2100 co-

2227 2036 2489 2108 ἀμέλειαν
2554 2038 2705 2108 παρὰ
2744 2040 2942 2111 μικρὸν
2971 2041 3124 2111 παρὰ
3168 2042 3387 2096 πάντων
3407 2043 3822 2114 ἀγνοουμένου.

558 2137 747 2195 hortes
794 2154 861 2193 ex
902 2138 1139 2194 sedecim
1190 2139 1569 2195 contuberniis
1619 2137 1910 2204 faciebant,
1936 2137 1990 2192 id
2020 2145 2125 2203 est,

2228 2128 2393 2183 Ταῦτ’
2449 2129 2543 2184 οὖν
2592 2132 2663 2185 τὰ
2719 2133 2974 2202 τάγματα
3023 2133 3131 2187 τῶν
3184 2134 3503 2189 σκουτάτων
3561 2135 3675 2189 άπὸ
3730 2151 3807 2201 ις

557 2244 626 2285 ex
650 2229 1061 2286 viris'ducentis
1094 2237 1147 2286 et
1177 2230 1573 2302 quinquaginta
1614 2245 1731 2296 sex,
1755 2245 1924 2286 unum
1960 2229 2131 2300 quod-

2229 2221 2401 2276 ἀκιῶν
2459 2223 2677 2278 ἐποίουν
2733 2224 2941 2295 ἀνδρῶν
3007 2222 3150 2290 σνς’,
3220 2226 3499 2281 τουτέστιν
3566 2227 3823 2296 ἑκάστην

558 2335 666 2392 que
691 2320 1109 2377 contubernium
1129 2322 1373 2377 virorum
1393 2322 1649 2391 sedecim,
1667 2322 1930 2393 quadrata
1954 2320 2130 2377 forma

2231 2312 2393 2368 άκίαν
2463 2314 2675 2384 ἀνδρῶν
2740 2314 2805 2380 ιζ’
2851 2314 3061 2388 (57-38)
3125 2314 3231 2370 ὑπὸ
3298 2316 3631 2389 τετραγώνῳ
3695 2317 3828 2389 άριο

559 2421 616 2468 et
642 2427 891 2469 numero.
914 2412 1195 2469 Invenitur
1216 2422 1396 2469 autem
1424 2413 1479 2468 in
1507 2412 1612 2468 illis
1635 2413 1870 2484 phalanx
1892 2412 2129 2483 peditum

2232 2403 2355 2478 θμῷ
2383 2422 2401 2440 ο
2456 2407 2770 2478 εὑρίσκεται
2842 2406 2902 2462 δὲ
2960 2408 3192 2474 ἐκείνοις
3255 2410 3283 2481 ἡ
3340 2408 3557 2479 φάλαγξ
3623 2410 3825 2474 πεζῶν

564 2512 758 2576 quater
798 2504 948 2562 mille
997 2509 1295 2576 nonaginta
1340 2519 1470 2571 sex,
1503 2520 1669 2577 quam
1712 2512 1911 2562 vocant
1956 2505 2131 2560 aciem

2233 2495 2443 2569 ἀνδρῶν
2479 2497 2929 2571 τετρακισχιλίων
2973 2500 3298 2572 ἐνενήκοντα
3336 2499 3421 2567 ἓξ,
3468 2501 3538 2573 ἢν
3577 2500 3826 2555 ἐκάλουν

566 2598 897 2685 pedestrem.
929 2608 985 2655 et
1012 2597 1329 2670 praefectum
1357 2598 1575 2655 illorum
1601 2598 2011 2671 imperatorem.

2235 2587 2603 2659 στρατηγίαν·
2639 2589 2734 2646 καὶ
2773 2588 2867 2643 τὸν
2895 2589 3098 2663 ταύτης
3126 2590 3430 2663 ἡγούμενον
3456 2592 3576 2663 (’59)
3612 2608 3824 2664 στρατ-

2238 2681 2393 2737 ηγόν.

1878 2701 1881 2705 ’
2238 2699 2393 2737 ηγον.

1878 2701 1881 2705 ’
2238 2698 2246 2735 1

633 2778 723 2832 57.
756 2775 1054 2831 Perlectam
1080 2787 1259 2831 autem
1294 2774 1466 2831 aciem
1497 2773 1773 2831 faciebant
1800 2789 1869 2831 ex
1890 2774 2135 2831 cohorti-

2312 2698 2393 2737 ον.

2238 2698 2404 2840 “vf.
2428 2774 2541 2847 Τὴν
2567 2774 2625 2829 δὲ
2652 2775 2864 2830 τελείαν
2909 2777 3217 2849 παράταξιν
3258 2779 3475 2835 ἐποίουν
3513 2779 3826 2853 ταγμάτων

563 2868 669 2924 bus
703 2868 986 2939 sexaginta
1028 2877 1298 2939 quatuor,
1342 2866 1719 2923 contuberniis
1758 2866 1909 2923 mille
1944 2866 2136 2937 viginti

2239 2864 2333 2933 ξδ’,
2362 2866 2537 2923 άκιῶν
2594 2866 2781 2939 χιλίων
2804 2867 2906 2937 κδ’,
2934 2868 3145 2943 ἀνδρῶν
3186 2871 3396 2945 μυρίων
3430 2871 3827 2945 ἑξακισχιλίων

562 2969 832 3033 quatuor,
895 2961 1179 3017 hominum
1238 2960 1476 3017 sedecim
1508 2960 1751 3016 millibus
1802 2967 1887 3015 ter
1916 2968 2135 3016 centum

2237 2957 2604 3030 τετρακοσίων
2654 2958 2766 3032 (40)
2823 2958 2928 3013 1:8"
2983 2960 3159 3032 ψιλῶν
3211 2961 3301 3027 δὲ,
3351 2962 3463 3027 τῶν
3498 2962 3827 3036 λεγομάνων

563 3055 839 3127 octoginta
875 3063 1129 3125 quatuor.
1162 3053 1321 3110 Levis
1365 3062 1659 3109 armaturae
1703 3060 1884 3109 autem
1906 3094 1920 3118 ,
1951 3061 2011 3108 ut
2045 3068 2139 3109 sa-

2241 3049 2675 3121 σαγιττατόρων,
2708 3050 2803 3106 καὶ
2852 3052 3184 3107 ἀκοντιστῶν
3214 3093 3230 3119 ,
3274 3053 3370 3108 καὶ
3420 3053 3825 3125 σφενδονιστῶν

564 3148 933 3218 gittariorum,
977 3146 1367 3219 iaculatorum,
1399 3145 1762 3212 funditorum,
1793 3154 1919 3202 octo
1965 3145 2177 3226 millia,

2239 3140 2449 3214 ἀνδρῶν
2495 3140 2917 3212 ὀκτακισχιλίων
2971 3142 3167 3199 ἑκατὸν
3204 3146 3529 3217 ἐνενήκοντα
3574 3146 3708 3216 δύο,
3758 3148 3824 3219 ἦ·

564 3250 784 3298 centum
830 3240 1127 3312 nonaginta
1155 3240 1285 3308 duo,
1314 3250 1373 3295 ut
1400 3240 1549 3296 acies
1577 3239 1711 3297 levis
1737 3248 2033 3296 armaturae
2057 3237 2142 3294 di-

2239 3249 2372 3303 γουν
2421 3233 2679 3305 ἡμίσειαν
2706 3232 2815 3287 τῶν
2842 3233 3015 3305 ψιλῶν
3043 3231 3183 3290 εῖναι
3212 3236 3311 3310 τὴν
3339 3237 3494 3305 τάξιν
3517 3238 3627 3294 τῶν
3656 3239 3824 3311 λεγο-

566 3332 732 3389 midia
776 3333 848 3390 sit
897 3333 1031 3390 aciei
1074 3340 1412 3389 scutatorum
1465 3330 1551 3388 vel
1596 3329 1778 3403 gravis
1825 3337 2136 3387 armaturae.

2242 3325 2419 3406 μένων
2449 3324 2704 3395 ὁπλιτῶν,
2736 3325 2856 3398 ἦτοι
2903 3329 3232 3395 σκουτάτων,
3265 3329 3372 3383 τῶν
3402 3330 3462 3385 δὲ
3505 3332 3603 3387 σὺν
3630 3335 3824 3401 αὐτοῖς

566 3423 824 3495 Equitum
860 3434 1038 3481 autem
1062 3423 1154 3494 qui
1185 3438 1309 3479 cum
1349 3421 1436 3478 his
1472 3422 1844 3489 instruuntur,
1882 3431 1938 3477 et
1969 3420 2139 3492 pede-

2238 3418 2744 3493 παρατασσομένων
2775 3420 3009 3488 ἱππέων,
3034 3422 3153 3494 ἦτοι
3185 3421 3509 3494 συμμίκτων
3525 3426 3593 3496 τῇ
3616 3422 3817 3497 πεζικῇ

567 3517 669 3574 stri
730 3516 867 3573 aciei
918 3516 1332 3582 admiscentur,
1382 3521 1577 3585 quater
1631 3514 1782 3569 mille
1841 3513 2141 3585 nonaginta

2238 3512 2393 3593 τάξει
2453 3511 2668 3583 ἀνδρῶν
2714 3512 3097 3584 καθαλλαρίων
3152 3515 3606 3588 τετρακισχιλίων
3635 3518 3820 3588 ἐνενή-

569 3624 666 3667 sex
702 3627 717 3665 :
749 3618 802 3666 et
835 3610 1067 3666 istorum
1100 3607 1390 3680 praefectus
1415 3606 1698 3663 dicebatur
1730 3607 2047 3678 imperator.

2242 3624 2409 3663 κοντα
2439 3604 2519 3672 ἓξ.
2568 3604 2682 3661 Καὶ
2730 3605 2936 3661 τούτων
2983 3605 3289 3679 ἡγούμενος
3338 3606 3560 3678 ἐλέγετο
3619 3623 3821 3678 στρατ-

2240 3701 2397 3775 ηγός.

640 3793 730 3850 58.
766 3794 834 3849 Et
875 3795 977 3850 ista
1019 3792 1241 3864 quidem
1283 3791 1351 3848 ad
1398 3793 1547 3847 hunc
1579 3789 1799 3845 modum
1827 3787 2143 3859 partieban-

2312 3801 2416 3866 νη¹.
2445 3795 2555 3852 Καὶ
2572 3794 2747 3851 ταῦτα
2772 3795 2870 3867 μὲν
2894 3790 3147 3864 ὲμὲριζον
3171 3790 3362 3856 οὓτως.
3385 3792 3467 3845 Τὰ
3487 3791 3544 3846 δὲ
3562 3792 3818 3863 τάγματα

570 3900 682 3944 tur.
710 3888 975 3945 Cohortes
1016 3895 1355 3944 scutatorum
1396 3886 1451 3941 in
1492 3884 1672 3940 fronte
1702 3898 1801 3954 pro
1818 3883 1994 3954 prima
2023 3881 2144 3937 acie

2241 3885 2350 3943 τῶν
2380 3887 2692 3945 σκουτάτων
2717 3887 3030 3961 ἔμπροσθεν
3060 3885 3139 3950 είς
3160 3886 3446 3957 πρόμαχον
3478 3882 3633 3949 τάξιν
3678 3899 3819 3955 παρ-

569 3992 761 4037 eontra
785 3982 970 4037 hostes
1004 3978 1369 4044 collocabant,
1401 3986 1455 4033 et
1485 3977 1631 4032 hanc
1673 3976 1729 4031 in
1753 3983 1989 4046 quatuor
2015 3988 2143 4045 par-

2245 3979 2471 4036 έτασσον
2499 3981 2642 4039 κατὰ
2667 3981 2779 4036 τῶν
2806 3978 3087 4043 ἐναντίων,
3115 3978 3211 4032 καὶ
3237 3978 3443 4049 ταύτην
3476 3980 3557 4041 είς
3577 3976 3817 4049 τέσσαρα

570 4087 653 4131 tes
680 4075 792 4130 sive
810 4082 1020 4129 turmas
1045 4071 1379 4141 dividebant,
1397 4072 1667 4137 dextram,
1691 4068 1995 4134 sinistram,
2012 4066 2144 4122 dex-

2249 4073 2413 4145 μέρη,
2430 4074 2519 4129 ἵνα
2538 4074 2757 4129 ἐποίουν
2777 4072 2967 4140 δεξιὸν,
2984 4068 3294 4144 ἀριστερὸν,
3320 4070 3606 4144 ἀριστερὸν
3628 4070 3812 4143 μέσον,

570 4177 712 4229 tram
743 4167 1003 4231 mediam,
1035 4163 1312 4222 sinistram
1343 4162 1602 4219 mediam.

824 4167 1003 4231 :diam,
1035 4163 1312 4222 sinistram
1343 4162 1602 4219 mediam.
2244 4162 2437 4231 δεξιόν.

643 4261 732 4317 59.
764 4259 924 4315 Levis
953 4264 1247 4314 armatura:
1269 4255 1547 4321 cohortes,
1582 4254 1709 4326 quia
1742 4263 1926 4311 truces
1950 4262 2005 4319 et
2027 4252 2143 4326 agis

2316 4254 2413 4310 νθ’.
2445 4257 2526 4311 Τὰ
2550 4258 2608 4313 δὲ
2634 4256 2744 4311 τῶν
2784 4255 2955 4327 ψιλῶν
3009 4257 3268 4327 τάγματα
3310 4254 3420 4310 ἴδια
3463 4254 3552 4310 διὰ
3581 4254 3642 4309 τὸ
3692 4271 3818 4327 γορ-

571 4350 653 4406 les
677 4356 854 4415 erant,
872 4347 957 4403 vel
982 4355 1113 4402 ante
1136 4361 1329 4402 omnes
1356 4344 1702 4401 collocabant
1722 4345 1788 4399 ad
1812 4359 2146 4416 persequen-

2244 4348 2377 4417 γοὺς
2421 4344 2561 4404 εἷναι
2609 4350 2705 4404 καὶ
2758 4350 3028 4423 ἐλαφροὺς
3069 4352 3444 4425 ῆέμπροσθεν
3471 4353 3553 4415 είς
3599 4350 3811 4405 ἑπιδίω-

570 4440 673 4497 dos
688 4439 896 4504 hostes,
921 4438 1006 4495 vel
1024 4437 1092 4493 ad
1116 4437 1286 4493 latera
1309 4436 1683 4508 obliquabant,
1725 4436 1806 4492 vel
1839 4436 1905 4492 ad
1934 4444 2144 4507 tergum
2180 4515 2183 4517 ί

2201 4515 2207 4517 ἓ
2248 4438 2330 4507 ξιν
2355 4441 2463 4495 τῶν
2506 4442 2716 4515 ἐχθρῶν
2774 4442 3020 4510 ἔτασσον,
3050 4444 3083 4517 ἢ
3138 4446 3221 4509 είς
3255 4442 3543 4515 πλάγια,ῆ
3576 4438 3673 4496 εει
3727 4439 3814 4495 τοῦ

572 4532 764 4604 prima:
782 4533 921 4588 aciei
943 4529 1372 4604 constituebant,
1392 4530 1499 4596 vel,
1522 4529 1981 4601 quemadmodum
2014 4546 2147 4591 usus
2178 4515 2185 4572 1

2206 4516 2223 4570 ⁵
2252 4531 2423 4588 νώτου
2451 4535 2550 4606 τῆς
2576 4535 2801 4607 πρώτης
2835 4514 3212 4609 παρατάξεως,
3238 4537 3273 4608 ἦ
3304 4537 3381 4600 ῶς
3407 4534 3567 4607 χρεία
3598 4532 3819 4607 ἀπῄτει,

574 4626 858 4697 poscebat,
892 4623 1297 4691 describebant,
1330 4623 1399 4680 de
1424 4623 1627 4694 quibus
1666 4618 1962 4693 separatim
1993 4620 2148 4679 dieeo

1993 4620 2148 4679 dieeo
2255 4626 2386 4698 περὶ
2411 4618 2489 4683 ὧν
2519 4629 2578 4682 ἐν
2604 4628 2682 4700 τῷ
2703 4628 2996 4700 ἁρμόζοντι
3017 4629 3165 4699 τόπῳ
3193 4628 3302 4701 (41)
3324 4626 3576 4701 ἐροῦμεν,

574 4735 720 4776 mus.

647 4812 739 4869 ϐυ.
777 4812 1001 4882 Equites
1029 4811 1087 4867 in
1127 4811 1265 4867 duas
1295 4819 1506 4866 turmas
1538 4808 1651 4864 sive
1695 4817 1878 4880 partes
1905 4806 2152 4864 dividen-

2329 4804 2393 4873 ξ’.
2425 4806 2565 4871 Τοὺς
2598 4806 2656 4861 δὲ
2684 4806 3083 4878 καϐαλλαρίους
3141 4808 3220 4871 είς
3247 4806 3340 4860 δύο
3392 4805 3535 4879 μέρη
3572 4803 3829 4878 διαχωρί-

576 4916 680 4972 tes,
696 4907 761 4961 ad
792 4907 960 4961 latera
987 4904 1253 4977 pedestris
1275 4903 1409 4960 aciei
1440 4902 1801 4968 collocabant,
1825 4916 2018 4972 nempe
2048 4902 2149 4957 ad-

2257 4898 2439 4964 Cowsc
2485 4898 2598 4969 (ιῖ)
2654 4901 2792 4954 κατὰ
2818 4902 2886 4953 τὰ
2914 4900 3115 4968 πλάγια
3166 4899 3267 4982 τῆς
3302 4898 3409 4952 τῶν
3440 4896 3621 4962 πεζῶν
3647 4914 3829 4969 παρα-

579 5001 788 5071 iutores
817 5008 872 5053 et
892 4997 1179 5067 expeditos
1211 4996 1528 5053 iucursores
1557 4995 1821 5051 hostium.

2257 4988 2462 5054 τάξεως
2515 4988 2737 5075 ἔταττον
2795 4990 3022 5071 βοηθοὺς
3084 4992 3176 5044 καὶ
3198 4990 3363 5056 ὀξέως
3417 4988 3828 5062 ἐπιτιθεμένους

2256 5082 2368 5143 τοῖς
2391 5080 2674 5145 ἐναντίοις.

648 5179 741 5234 61.
770 5176 841 5233 Ut
862 5176 1047 5248 igitur,
1075 5190 1145 5232 ne
1168 5174 1355 5231 omnia
1371 5171 1745 5245 percensendo
1772 5170 1937 5226 nimis
1967 5169 2149 5226 curio-

2329 5169 2429 5237 ξα’.
2457 5171 2577 5228 ’Ὶνα
2630 5172 2723 5239 οὖν
2769 5172 2846 5245 μὴ
2876 5172 2999 5227 καθ’
3023 5173 3253 5230 ἕκαστον
3302 5174 3479 5246 λέγων
3521 5175 3618 5231 ἐπὶ
3644 5174 3831 5247 λεπτῷ

581 5286 680 5326 sus
714 5272 841 5335 sim,
869 5268 1087 5332 locbon,
1127 5267 1179 5322 id
1220 5273 1325 5333 est,
1359 5263 1797 5334 manipulorum,
1838 5268 1894 5315 et
1920 5259 2151 5327 τάξεων,

2256 5262 2368 5319 τῶν
2396 5280 2457 5317 τε
2487 5263 2662 5336 λόχων
2702 5268 2797 5320 καὶ
2825 5266 2933 5321 τῶν
2961 5268 3170 5336 τάξεων
3195 5270 3288 5324 καὶ
3312 5269 3420 5324 τῶν
3449 5268 3830 5342 ἐφισταμένων

657 5555 768 5625 (55)
798 5554 933 5625 ’ξινᾳ
956 5547 1207 5625 ζερῶτοις.
1247 5548 1590 5625 Sgribejfya
1633 5565 1721 5625 π..
1957 5614 1972 5625 ⁸
2100 5617 2123 5625 _

2353 5550 2443 5621 4ο)
2478 5547 2899 5625 Τετρακοσίων.
2936 5550 2995 5602 In
3033 5546 3200 5603 Checi
3232 5547 3422 5605 codice
3445 5545 3659 5602 videtur
3691 5543 3834 5601 fuis-

659 5613 770 5695 (56)
799 5622 935 5679 Cod.
967 5613 1130 5677 Laur.
1160 5621 1246 5674 ἴνα
1270 5613 1372 5673 ὦσι
1398 5618 1607 5689 εὔδηλοι
1641 5620 1733 5673 καὶ
1752 5614 1983 5689 φανεραὶ
2038 5617 2153 5680 τοῖς
2262 5636 2272 5676 ε

1116 5659 1130 5677 ,
1160 5621 1246 5674 ἴνα
1270 5613 1372 5673 ὦσι
1398 5618 1607 5689 εὔδηλοι
1641 5620 1733 5673 καὶ
1752 5614 1983 5689 φανεραὶ
2038 5617 2153 5680 τοῖς
2262 5635 2351 5695 βε,
2370 5613 2726 5695 ςλριαρςοᾲίῳν,

589 5689 763 5757 ίδίὸιςξ
830 5762 857 5763 ,ν
944 5762 947 5763 ν
1055 5761 1067 5763 _
1130 5760 1151 5763 Α
1266 5759 1293 5763 __
1349 5760 1374 5763 ξ
1447 5759 1479 5763 __
1596 5760 1603 5763 _

2335 5691 2448 5763 (ιζ)
2480 5690 2614 5763 god.
2637 5691 2812 5763 _Laur.
2838 5691 2991 5763 nardi
3021 5689 3223 5763 χώραν.

658 5762 869 5835 ίῦἳνοῦβ)
901 5832 912 5835 Α
939 5760 1200 5835 ’ᾼνδρῶν
1229 5759 1320 5835 ιζ’.Δ
1344 5759 1552 5835 scribe,
1568 5760 1638 5835 ﬁ.
1675 5765 1769 5823 ις’.
1833 5829 1845 5835 _
1891 5828 1919 5835 _

1505 5760 1638 5835 e,_d.
1675 5765 1769 5823 ις’.
1833 5829 1845 5835 _
1891 5828 1919 5835 _
2336 5759 2447 5835 (42)
2471 5759 2605 5824 Cod.
2634 5760 2801 5818 Laur.
2830 5759 3117 5819 διελόντεεζ

659 5828 766 5905 (59)
802 5828 936 5891 Cbtl.
969 5828 1134 5888 Laur.
1159 5832 1251 5887 xui
1276 5832 1366 5885 τὸν
1392 5831 1752 5901 ἐφιστάμενον
1787 5828 1976 5900 αὐτῆς.
