4086 6326
251 338 394 405 713

1407 345 1759 410 TACTICA.‘
1778 358 1848 384 τ·-
1885 336 2397 411 CONSTITUTIO
2441 348 2542 414 IV.

3486 341 3595 415 ’114

251 452 493 518 αὐτοῖς
534 451 658 507 τότε
700 451 979 525 ἀρχόντων
999 453 1308 524 ὀνομασίας
1350 454 1445 510 διὰ
1477 457 1580 530 τὴν
1600 457 1697 512 νῦν
1728 459 1911 514 αὐτῶν

2022 461 2068 518 id
2091 460 2489 529 est,acierum,
2527 470 2580 517 et
2606 474 2790 517 eorur:
2831 460 2928 532 qui
2959 459 3023 518 iis
3057 468 3303 532 praesunt
3347 465 3597 529 nomina,

257 544 665 616 ἀχρηστίαν,
723 547 818 600 καὶ
875 546 1027 617 παρὰ
1097 548 1232 601 πᾶσι
1283 548 1399 613 τοῖς
1452 551 1910 623 στρατευομένοις

275 637 521 708 σχεδόν
550 655 653 692 που
674 637 853 691 αὐτῶν
874 639 1146 709 ἀσάφειαν
1167 640 1259 694 καὶ
1281 641 1684 712 ἀκαταληψίαν,
1709 645 1805 698 καὶ
1823 645 1912 700 ἴνα

264 730 360 800 μὴ
397 730 672 801 ἀκαίρως
701 729 1034 801 δαπανῶμεν
1079 731 1173 785 τὸν
1218 731 1435 804 καιρὸν,
1472 734 1582 790 τῶν
1617 736 1913 806 ἀναγκαιο-

257 819 484 889 τέρων
518 822 598 886 ὡς
638 823 989 893 σαφεστέρων
1041 823 1139 876 καὶ
1191 826 1620 897 συντομωτέρων
1650 829 1911 902 ἐπιλήψο-

267 928 418 981 μεν-
447 915 679 969 Ἐκεῖνα
699 915 798 985 μὲν
816 915 947 987 γάρ,
966 915 1041 981 ὡς
1059 915 1226 984 ἔοικε,
1244 919 1312 972 τά
1322 935 1380 971 τε
1399 919 1510 974 τῶν
1526 921 1912 994 κναὸαλλαρίων

261 1003 666 1078 διατάγματα
688 1008 782 1062 καὶ
809 1006 877 1061 τά
908 1008 1017 1062 τῶν
1036 1007 1236 1075 πεζῶν,
1259 1009 1499 1081 πλήθους
1519 1007 1588 1082 ἦν
1617 1015 1904 1084 στρατιᾶς.

261 1094 443 1151 ὥστε
519 1100 616 1154 καὶ
666 1099 957 1164 τοσούτους
988 1101 1085 1156 καὶ
1115 1103 1396 1172 γενναίους
1444 1104 1587 1158 κατά
1649 1105 1911 1178 ἀνδρείαν

267 1190 672 1265 εὑρίσκεσθαι
705 1192 1065 1266 στρατιώτας.

361 1371 485 1442 εἶδ’.
516 1373 632 1428 Νῦν
655 1375 735 1439 δὲ,
768 1366 814 1430 ὧ
841 1375 1136 1450 στρατηγὲ,
1190 1375 1392 1448 ὀλίγων
1422 1378 1535 1452 (45)
1568 1378 1763 1447 ὄντων,
1816 1383 1911 1436 καὶ

279 1466 450 1536 μηδὲ
521 1468 636 1523 ῖσον
690 1469 925 1539 ἐχόντων
948 1469 1012 1523 τὸ
1053 1471 1275 1542 μέτρον,
1308 1472 1512 1542 μᾶλλον
1560 1473 1617 1528 δὲ
1649 1473 1744 1529 καὶ
1775 1475 1911 1530 πολὺ

274 1555 565 1625 ἔλαττον,
601 1559 703 1616 οὐκ
743 1561 903 1614 ἔστιν’
935 1559 1159 1615 εὔκολον
1192 1563 1304 1632 (46)
1326 1602 1341 1628 ,
1388 1564 1571 1634 ὁρίσαι
1607 1565 1669 1619 τὸ
1710 1565 1917 1638 μέτρον

275 1650 394 1704 τοῦ
455 1651 768 1722 τάγματος,
809 1652 933 1707 οὔτε
966 1655 1026 1709 ὲν
1075 1658 1191 1719 τοῖς
1227 1653 1640 1731 καὸαλλαρίοις,
1699 1657 1823 1713 οὔτε
1853 1660 1912 1713 ὲν

278 1743 529 1808 πεζοῖς,
559 1743 647 1799 ῖνα
675 1742 774 1815 μὴ,
805 1743 883 1807 ὡς
913 1745 1082 1810 εἰκὸς,
1107 1747 1141 1817 ἢ
1169 1747 1588 1818 περισσεύοντες
1614 1749 1709 1803 τοῦ
1738 1751 1909 1805 ποσοῦ

2015 558 2306 622 propterea
2339 551 2488 621 quod
2515 566 2582 606 ex
2615 565 2716 606 usu
2750 550 2974 605 militari
2997 551 3110 620 jam
3144 563 3522 616 excesserunt,
3545 563 3602 610 et

2015 643 2145 712 quia
2175 642 2386 698 incerta
2417 650 2582 712 atque
2611 641 3188 711 incomprehensibilia
3230 644 3489 698 omnibus
3518 645 3599 699 vi-

2014 734 2094 790 ris
2115 734 2448 791 militaribus
2469 737 2696 798 suut,‘et
2724 744 2783 790 ut
2812 751 2878 790 ne
2903 742 3119 805 tempus
3145 734 3380 791 inaniter
3405 751 3603 792 consu-

2020 843 2259 894 mamus,
2289 827 2795 898 praetermittamus,
2824 838 2877 883 et
2913 829 3026 884 haec
3056 843 3179 898 qua:
3203 829 3375 899 magis
3409 844 3603 886 neces-

2015 919 2162 976 saria
2197 920 2264 974 ad
2299 935 2458 974 usum
2491 926 2640 984 sunt,
2676 927 2731 974 et
2767 919 2832 974 ad
2863 918 3308 989 cognoscendum
3340 918 3599 983 certiora,

2013 1023 2069 1070 et
2116 1013 2290 1083 magis
2341 1013 2772 1082 compendiaria,
2821 1026 3145 1082 pereequar.
3197 1009 3305 1065 lllte
3343 1009 3488 1064 enim
3542 1018 3601 1063 ut

2020 1106 2240 1161 videtur
2271 1104 2513 1176 equitum
2549 1104 2698 1158 acies
2738 1113 2904 1174 atque
2950 1103 3219 1174 peditum,
3254 1117 3356 1173 pro
3389 1102 3604 1157 ratione

2014 1197 2382 1254 multitudinis
2415 1197 2648 1253 militum
2691 1197 2926 1260 fuerant,
2991 1210 3122 1251 cum
3172 1204 3252 1251 tot
3285 1195 3509 1254 strenui
3538 1209 3604 1250 ac

2016 1289 2187 1346 fortes
2221 1289 2598 1344 invenirentur
2632 1289 2861 1344 milites.

2084 1381 2173 1438 62.
2210 1379 2366 1436 Nunc
2389 1395 2538 1446 vero,
2570 1381 2890 1449 imperator,
2927 1393 3054 1433 cum
3077 1375 3260 1433 multo
3297 1376 3588 1447 pauciores

2012 1477 2124 1533 sint
2163 1476 2365 1530 milites
2393 1476 2446 1529 in
2492 1475 2736 1531 exercitu
2771 1487 2936 1544 quam
2975 1472 3104 1527 olim
3144 1471 3382 1536 fuerant,
3414 1481 3468 1525 et
3493 1485 3603 1525 non

2014 1573 2176 1629 modo
2208 1587 2315 1628 non
2345 1572 2634 1641 aequalem,
2671 1569 2763 1624 sed
2797 1569 2961 1623 etiam
2999 1567 3160 1637 longe
3199 1564 3465 1620 minorem
3501 1565 3602 1618 ba-

2012 1664 2175 1720 beant
2205 1676 2513 1724 numerum,
2537 1659 2758 1714 diiﬁcile
2795 1669 2878 1712 est
2915 1656 3144 1711 delinire
3175 1670 3468 1709 numerum
3506 1667 3602 1708 co-

2014 1756 2188 1812 hortis
2217 1765 2332 1809 tum
2359 1755 2651 1825 equestris,
2683 1763 2798 1806 tum
2826 1750 3117 1820 pedestris,
3158 1763 3226 1802 ne
3260 1747 3304 1801 si
3333 1745 3602 1803 excedant

283 1835 416 1889 τῶν
489 1842 614 1902 σνς’
648 1836 862 1908 ἀνδρῶν
901 1837 1217 1908 ἀρχήσωσιν
1281 1838 1417 1908 (45),
1483 1838 1744 1911 ἢπάλιν,
1805 1843 1906 1896 ἐὰν

2022 1864 2307 1904 numerum
2347 1847 2706 1903 ducentorum
2743 1843 3140 1915 quinquaginta
3189 1857 3283 1897 sex
3324 1842 3599 1906 virorum,

285 1926 573 2000 ἀκαίρως
623 1929 803 1994 ἄλλοις
833 1930 1111 2000 τάγμασιν
1148 1931 1546 2004 προστεθῶσιν,
1576 1932 1652 1998 ὡς
1693 1933 1915 1989 ἄτακτοι

295 2019 630 2088 ἀνωφελεῖς
661 2020 976 2091 εὑρεθῶσιν.

374 2110 496 2182 ξγ’.
542 2112 704 2168 Ἀλλά
755 2117 823 2168 τὰ
867 2113 964 2185 μὲν
1019 2114 1281 2187 τάγματα
1340 2119 1517 2172 ποιεῖν
1568 2118 1649 2182 είς
1687 2119 1917 2174 ἕκαστον

292 2205 559 2279 ἀριθμὸν
601 2206 678 2269 ὡς
729 2205 1036 2277 ἀπαντήσει
1087 2202 1249 2276 ἡτοῦ
1304 2208 1556 2281 ,πλήθους
1611 2209 1773 2282 χρεία
1820 2211 1917 2266 καὶ

291 2299 366 2352 τὸ
398 2297 584 2352 ποσὸν
622 2299 732 2352 τῶν
761 2300 1074 2369 προσόντων
1111 2299 1346 2372 ἀνδρῶν,
1379 2301 1524 2357 κατὰ
1561 2300 1661 2372 τὴν
1689 2302 1918 2374 δύναμιν

294 2390 404 2447 τοῦ
440 2392 596 2447 κατὰ
626 2393 716 2447 τὸν
751 2393 942 2464 καιρὸν
971 2394 1364 2466 εὑρισκομένου
1402 2395 1554 2450 λαοῦ.
1584 2396 1696 2450 Καὶ
1726 2394 1919 2468 βάνδον

296 2483 463 2557 ἔχειν
491 2484 627 2539 ἴδιον
656 2481 887 2538 ἕκαστον
918 2484 1099 2538 αὐτῶν
1143 2485 1236 2540 καὶ
1264 2487 1500 2558 ἄρχοντα
1527 2487 1647 2558 ἦτοι
1700 2488 1919 2559 κόμητα

300 2581 578 2650 γενναῖον
614 2579 710 2634 καὶ
739 2579 1014 2652 φρόνιμον
1066 2579 1159 2634 καὶ
1187 2579 1433 2653 ἀνδρεῖον
1466 2585 1560 2634 καὶ
1586 2581 1730 2637 κατὰ
1758 2584 1917 2654 χεῖρα

303 2670 605 2744 μάχεσθαι
635 2670 962 2741 δυνάμενον.

385 2762 490 2832 ξδ’.
550 2766 663 2830 Τὰς
725 2766 910 2838 μέντοι
971 2766 1136 2832 ἀκίας
1197 2765 1430 2822 ἑκάστου
1491 2767 1772 2837 τάγματος
1809 2768 1920 2823 τῶν

305 2857 519 2924 πεζῶν
583 2859 1031 2932 παραφυλάττειν
1088 2861 1197 2915 ἀπὸ
1257 2857 1331 2926 ις’
1381 2861 1603 2933 ,ἀνδρῶν
1650 2859 1921 2933 ὀρδινεύεο

311 2949 454 3005 σθαι
516 2953 599 3016 εἰς
657 2951 754 3006 τὸν
807 2952 909 3023 τῆς
963 2952 1146 3024 μάχης
1209 2954 1475 3024 κάματον,
1535 2953 1635 3025 τὴν
1695 2953 1754 3007 δὲ
1811 2971 1918 3007 πα-

313 3043 559 3115 ράταξιν
614 3043 835 3113 πρδςτὸ
865 3042 1030 3117 μέρος
1089 3045 1184 3099 τοῦ
1233 3045 1627 3117 εὑρισκομένου
1669 3045 1905 3116 στρατοῦ

312 3139 538 3194 ποιεῖν.

389 3227 492 3296 ξδ’.
527 3229 756 3304 ταύτην
792 3231 851 3286 δὲ
878 3232 960 3298 είς
1010 3232 1252 3303 τέσσαρα
1312 3232 1404 3286 ῖσα
1457 3231 1599 3302 μέρη
1656 3230 1913 3302 διαχωρί-
1943 3199 1985 3258 c

317 3321 441 3389 ζειν
479 3322 546 3393 ἐξ
577 3324 720 3380 ὅσων
760 3326 1052 3398 ἀπαντήσῃ
1106 3323 1404 3396 ταγμάτων
1462 3324 1556 3377 καὶ
1610 3322 1806 3386 ἁκιῶν,
1833 3323 1913 3387 ὡς

317 3414 552 3488 εἴρηταί
591 3417 818 3488 μοικαὶ
871 3418 1102 3483 ἄνωθεν,
1155 3417 1435 3472 τουτέστιν
1495 3419 1575 3481 εἰς
1629 3415 1821 3483 δεξιὸν,
1849 3409 1912 3471 οὗ

316 3508 494 3581 ἄρχει
517 3511 546 3565 ὁ
561 3508 732 3578 δεξιὸς
757 3511 1059 3583 μεράρχης,
1079 3511 1198 3583 ἤτοι
1217 3509 1610 3582 στρατηλάτης,
1628 3509 1688 3563 ὃν
1713 3525 1916 3580 τουρμ-

321 3599 512 3673 άρχην
561 3601 865 3672 καλοῦμεν,
901 3605 982 3666 είς
1018 3601 1310 3674 ἀριστερὸν
1341 3595 1401 3656 οὗ
1451 3601 1610 3673 ἄρχει
1642 3603 1672 3656 δ
1711 3601 1914 3656 εὐώνυ-

329 3709 437 3766 μσς
501 3696 878 3769 τουρμάρχης,
913 3695 1008 3750 καὶ
1054 3696 1134 3760 είς
1167 3696 1236 3749 τὰ
1265 3695 1432 3767 ἔτερα
1460 3695 1556 3749 δύο
1585 3696 1727 3767 μέσα
1761 3696 1906 3769 μέρη

325 3784 559 3856 ὁμοίως,
586 3787 645 3839 έν
669 3780 751 3850 οἷς
782 3786 997 3841 ἵσταται
1015 3786 1112 3841 καὶ⁸
1138 3785 1200 3840 τὸ
1217 3785 1314 3840 τοῦ
1344 3785 1653 3859 στρατηγοῦ
1679 3787 1889 3858 βάνδον.

403 3877 518 3942 ξςν.
547 3875 678 3932 Δέον
706 3877 763 3932 δέ
814 3878 963 3932 ἐστιν
997 3879 1062 3932 ὲκ
1101 3875 1366 3949 περισσοῦ
1428 3877 1529 3947 τῆς
1560 3876 1924 3948 παρατάξεως

333 3969 632 4041 φυλάττειν
685 3968 902 4039 ὀλίγους
955 3970 1051 4026 καὶ
1099 3969 1431 4033 σκουτάτους
1493 3969 1588 4024 καὶ
1639 3968 1828 4039 ψιλοὺς
1859 3970 1924 4021 ὲν

338 4061 698 4134 ὕποὸοηθείᾳ,
727 4065 822 4118 καὶ
876 4061 1116 4133 ἄρχοντα
1165 4061 1312 4133 ἔχειν
1373 4061 1503 4115 ἴδιον
1535 4061 1569 4126 ἢ
1603 4062 1756 4132 παρὰ
1821 4061 1916 4117 σοῦ

336 4156 466 4210 τότε
523 4153 945 4226 καθιστάμενον,
1002 4155 1093 4210 ἵνα
1152 4153 1249 4208 ὲάν
1332 4153 1494 4225 χρεία
1557 4153 1784 4226 γένηται
1841 4157 1921 4218 εἰς

336 4247 409 4302 τὰ
461 4248 609 4319 ἄκρα
659 4249 761 4320 τῆς
810 4247 1181 4319 παρατάξεως
1230 4246 1427 4312 ἔξωθεν
1489 4245 1596 4300 τῶν
1655 4245 1930 4302 καϐαλλα-

342 4342 675 4415 ρίων,ἢεξς
731 4344 830 4408 τάς
902 4342 1137 4414 ἁμάξας,
1195 4341 1229 4414 ἦ
1287 4343 1369 4406 εἰς
1431 4341 1651 4413 ἐτέρους
1707 4341 1928 4407 τόπους,

345 4435 487 4505 μετὰ
518 4434 626 4489 τῶν
661 4435 806 4489 ἰδίων
829 4435 1009 4489 αὐτῶν
1059 4434 1336 4506 ἀρχόντων
1369 4432 1755 4505 συντρέχοντες
1799 4431 1932 4504 βοη-

344 4524 539 4582 θῶσιν.

416 4617 516 4686 ξζν.
555 4619 677 4692 Χρὴ
706 4621 763 4675 δὲ
815 4620 910 4674 ἐὰν
959 4617 1287 4691 ὁλιγὼτερος
1345 4620 1567 4693 ὑπάρχῃ
1618 4620 1649 4674 ὁ
1691 4620 1926 4691 στρατὸς

2019 1941 2184 1998 otiosi
2219 1941 2363 2000 sint,
2404 1940 2482 1993 vel
2522 1945 2712 1994 rursus
2742 1938 2787 1991 si
2837 1939 2900 1989 ad
2941 1935 3080 1991 alias
3107 1935 3362 1991 cohortes
3407 1933 3604 2002 adjun—

2022 2041 2241 2104 gautur,
2290 2032 2447 2102 quasi
2485 2029 2778 2084 inordinati
2811 2028 3012 2082 milites
3065 2026 3283 2080 inutiles
3312 2024 3602 2080 exsistant.

2089 2123 2178 2180 63.
2210 2124 2464 2178 Cohortis
2505 2132 2610 2176 tua:
2639 2136 2923 2175 numerum
2956 2119 3128 2173 facias
3153 2131 3252 2187 pro
3282 2117 3602 2171 multitudi-

2020 2215 2106 2271 nis
2127 2225 2232 2270 tuaa
2252 2215 2479 2278 ratione,
2494 2223 2547 2268 et
2565 2212 2968 2266 multitudinem
2987 2208 3233 2264 virorum
3255 2210 3603 2278 praesentium

2020 2326 2118 2379 pro
2139 2310 2334 2366 virtute
2361 2319 2417 2364 et
2434 2307 2752 2364 fortitudine
2779 2306 3012 2360 militum
3039 2314 3256 2360 tuorum
3311 2305 3602 2360 collocato.

2021 2403 2464 2474 Unumquodque
2507 2413 2688 2456 autem
2740 2398 2978 2454 baudum
3001 2436 3019 2464 ,
3047 2398 3163 2454 sive
3206 2398 3431 2465 cohors,
3461 2413 3603 2469 prro--

2021 2495 2219 2552 fectum
2245 2510 2404 2550 suum
2429 2494 2682 2548 comitem
2701 2491 2898 2546 habeat
2919 2499 3231 2552 strenuum,
3255 2491 3600 2558 prudentem,

2020 2589 2215 2645 fortem
2266 2598 2321 2644 et
2357 2587 2610 2642 manibus
2641 2583 2909 2642 consertis
2939 2584 3004 2637 ad
3032 2581 3410 2653 prteliandum
3441 2581 3602 2638 habi—

2021 2682 2160 2736 lem.
2308 2745 2315 2753 _

2088 2775 2178 2830 65.
2213 2774 2588 2832 Contubernia
2622 2789 2753 2829 vero
2788 2773 3000 2844 singula
3033 2772 3279 2845 peditum
3307 2769 3604 2841 diligenter

2018 2867 2311 2924 observare
2350 2875 2590 2936 oportet,
2625 2876 2683 2920 ut
2712 2881 2778 2921 ex
2830 2867 3064 2922 sedecim
3107 2863 3423 2920 horninibus
3473 2861 3608 2917 fiant

2019 2961 2085 3015 ad
2129 2960 2348 3016 labores
2383 2960 2557 3030 protlii
2602 2959 2986 3030 suscipiendos
3023 2958 3262 3013 idoneis.
3294 2953 3600 3009 Numerum

2019 3057 2202 3104 autem
2250 3048 2387 3104 aciei
2427 3063 2525 3119 pro
2578 3049 2788 3104 ratione
2816 3045 3095 3103 exercitus
3136 3053 3189 3100 et
3236 3041 3604 3098 multitudinis

2024 3141 2101 3196 tui
2134 3140 2328 3196 facias.

2079 3234 2168 3290 65.
2202 3233 2353 3289 llanc
2387 3249 2517 3288 vero
2544 3232 2718 3287 aciem
2741 3247 2805 3287 ex
2837 3241 3191 3303 quotcunque
3219 3227 3382 3284 fuerit
3411 3226 3606 3281 cohnr-

2022 3327 2170 3382 tibus
2196 3335 2251 3382 et
2272 3326 2665 3393 contuberniis,
2693 3325 2745 3380 iu
2777 3335 3014 3396 quatuor
3071 3324 3154 3394 (ut
3188 3337 3354 3391 supra
3399 3319 3606 3374 dictum

2020 3416 2124 3487 est)
2165 3426 2375 3472 turmas
2417 3416 2597 3472 divide
2632 3431 2648 3472 :
2690 3418 2742 3470 in
2775 3417 3044 3480 dextram,
3073 3412 3162 3469 cui
3188 3419 3387 3483 praeest
3418 3410 3610 3464 dexter

2023 3511 2370 3578 turmarcha;
2402 3511 2454 3565 iu
2479 3510 2691 3578 laevam,
2726 3509 2815 3564 cui
2850 3509 3017 3563 ltevus
3049 3504 3359 3562 turmarcha
3392 3520 3406 3558 :
3438 3497 3496 3557 et
3553 3502 3606 3554 in

2020 3603 2158 3658 duas
2182 3604 2387 3658 n'iedias
2416 3611 2646 3669 turmas,
2680 3604 2733 3657 in
2759 3602 2960 3673 quibus
2989 3600 3093 3655 erit
3121 3595 3470 3669 imperatoris
3509 3609 3607 3649 eo-

2015 3696 2145 3754 bore
2174 3699 2287 3754 sive
2314 3699 2574 3754 bandum.
3430 3687 3432 3689 ά

2103 3876 2193 3932 66.
2227 3876 2434 3932 Praeter
2477 3873 2742 3942 integram
2792 3872 2932 3924 hanc
2980 3870 3152 3924 aciem
3191 3871 3406 3937 oportet
3444 3864 3609 3920 etiam

2028 3983 2233 4040 paucos
2258 3966 2522 4038 quosdam
2554 3965 2752 4019 habere
2773 3973 3014 4018 scutatos
3045 3971 3099 4015 et
3128 3961 3315 4015 velites
3338 3958 3394 4013 in
3423 3958 3604 4013 subsi-

2025 4059 2154 4122 diis,
2183 4059 2275 4129 qui
2309 4058 2505 4113 ducem
2551 4071 2716 4110 suum
2751 4050 3501 4125 peculiarem,habeant,abs
3540 4062 3592 4107 te

2028 4150 2192 4204 etiam
2218 4150 2589 4220 designatum,
2613 4153 2677 4200 ut
2705 4145 2749 4201 si
2792 4143 3013 4216 quando
3036 4159 3175 4213 opus
3205 4142 3386 4206 fuerit,
3421 4139 3474 4194 in
3508 4154 3605 4195 ex—

2029 4243 2217 4298 tremis
2233 4243 2344 4298 oris
2362 4245 2636 4296 instructae
2652 4237 2787 4295 aciei
2809 4246 2963 4292 extra
2985 4237 3196 4306 equites
3221 4235 3352 4300 sint,
3370 4233 3453 4288 vel
3474 4231 3615 4289 inter

2031 4352 2238 4398 carros,
2267 4345 2362 4391 aut
2394 4335 2516 4390 aliis
2549 4334 2604 4388 in
2654 4332 2794 4390 locis
2828 4345 2953 4388 cum
2985 4329 3219 4386 ducibus
3257 4335 3606 4385 excurrentes

2033 4446 2191 4501 opem
2218 4431 2421 4483 ferant.

2107 4607 2199 4662 67.
2216 4604 2442 4674 Oportet
2469 4611 2673 4668 autem,
2699 4602 2742 4659 si
2767 4602 2945 4658 minor
2967 4612 3229 4659 numerus
3251 4599 3442 4672 viginti
3476 4617 3614 4673 qua-

347 4680 712 4784 xS'V—thtd'suiv
765 4712 971 4780 πεζῶν,
1002 4680 1077 4785 μί]
1107 4680 1281 4764 ποιεῖν
1336 4680 1584 4785 τέσσαρα
1641 4680 1781 4786 μέρῆ
1829 4680 1918 4784 τὴν

2035 4711 2158 4758 tuor
2188 4701 2431 4756 miliibus
2459 4699 2705 4770 peditum
2738 4699 2828 4764 sit,
2859 4699 3173 4753 universam
3216 4698 3388 4752 aciem
3421 4697 3478 4753 in
3503 4706 3614 4753 tres

350 4805 676 4876 παράταξιν,
743 4806 882 4861 ἀλλὰ
907 4809 1055 4877 τρία,
1083 4806 1140 4859 ἑν
1169 4803 1248 4877 τῷ
1277 4805 1428 4877 μέσῳ
1460 4805 1517 4860 δὲ
1551 4808 1706 4879 μέρει
1731 4807 1929 4860 τάσσε-

351 4895 472 4952 σθαι
492 4897 555 4951 τδ
578 4898 668 4952 τοῦ
703 4898 1009 4970 στρατηγοῦ
1052 4897 1263 4970 βάνδον,
1320 4891 1476 4968 ᾧτινι
1511 4900 1608 4952 καὶ
1644 4897 1929 4953 πείθεσθαι

349 4987 418 5041 τά
453 4975 612 5044 λοιπά
643 4989 808 5060 βάνδα
835 4990 1166 5060 ὀφείλουσιν.
1746 4985 1749 4988 ’

420 5078 526 5153 ξη’.
553 5082 824 5153 Πρότερον
850 5082 906 5136 δὲ
945 5084 1202 5154 χωρίσεις
1227 5085 1308 5148 είς
1335 5083 1545 5153 ψιλοὺς,
1570 5083 1694 5146 τοὺς
1724 5080 1932 5146 εἰδότας

351 5171 618 5240 τοξεῦσαι,
647 5174 682 5245 ἢ
734 5175 829 5228 καὶ
877 5175 1067 5247 μαθεῖν
1107 5174 1488 5246 δυναμένους,
1543 5175 1775 5247 γοργοὺς
1834 5176 1930 5229 καί

353 5267 668 5338 νεωτέρους,
722 5270 940 5332 ἱκανοὺς
998 5269 1182 5342 πηδᾷν
1205 5272 1349 5325 ὅπου
1374 5271 1676 5340 βούλονται,
1709 5270 1804 5324 ἐὰν
1831 5270 1932 5340 μὲν

337 5356 490 5431 ,ὑπὲρ
543 5359 645 5424 τάς
671 5358 749 5414 κδ’
778 5360 1024 5431 χιλιάδας
1072 5364 1201 5429 eiei,
1244 5364 1305 5417 τὸ
1350 5365 1521 5437 ἥμισυ
1562 5362 1748 5436 μέρος,
1798 5364 1846 5416 εί
1875 5361 1932 5416 δὲ

355 5445 659 5523 ὀλιγώτεροι
680 5450 790 5506 τῶν
821 5449 899 5505 κδ’
928 5451 1183 5524 χιλιάδων
1217 5453 1346 5519 εἰσὶ,
1368 5454 1429 5509 τὸ
1467 5453 1651 5525 τρίτον
1683 5453 1846 5524 μέρος
1873 5453 1930 5508 ὲν

358 5537 568 5614 ἑκάστῳ
612 5542 996 5617 ἀριθμῷιιιίαὶ
1041 5545 1166 5599 τότε
1193 5544 1571 5618 ὀρδινευθῆναι
1599 5545 1822 5614 αὐτοὺς,
1850 5542 1928 5609 ὥς

2039 4791 2215 4848 solum
2263 4799 2491 4845 turmas-
2517 4788 2789 4855 dividere,
2844 4798 2898 4844 et
2948 4791 3003 4845 in
3043 4788 3224 4843 media
3269 4787 3613 4858 imperatoris

2036 4886 2272 4940 bandum
2310 4885 2425 4940 sive
2463 4883 2747 4939 cohortem
2787 4882 3050 4938 collocari
3077 4891 3330 4953 Oportet,
3383 4883 3471 4936 cui
3509 4897 3586 4938 (ιω
3676 4938 3679 4940 ,

2037 4991 2162 5035 tera.
2184 4981 2360 5034 bauda
2384 4981 2663 5036 obetliant.

2103 5074 2190 5130 68.
2225 5072 2382 5128 Prius
2420 5081 2604 5129 autem
2645 5069 2859 5128 divides
2902 5068 3093 5124 velites
3131 5068 3184 5122 in
3229 5068 3501 5133 homines,
3530 5069 3616 5125 vel

2035 5167 2324 5238 sagittandi
2375 5171 2594 5238 peritos,
2630 5165 2710 5222 vel
2759 5174 2904 5221 certe
2934 5163 3140 5219 habiles
3178 5163 3242 5218 ad
3267 5163 3614 5228 discendum,

2037 5258 2084 5314 si
2131 5259 2223 5329 qui
2275 5270 2459 5314 truces
2498 5265 2720 5328 aspectu
2779 5265 2834 5310 et
2869 5253 3118 5322 iuniores
3156 5251 3382 5317 fuerint,
3419 5260 3473 5307 et
3521 5255 3616 5323 qui

2038 5367 2135 5423 per
2157 5350 2337 5405 omnia
2363 5349 2612 5415 loca,ubi
2649 5348 2836 5411 velint,
2871 5348 3071 5401 saltare
3111 5348 3349 5416 possint.
3389 5345 3446 5400 Si
3469 5346 3618 5401 enim

2038 5458 2205 5514 supra
2227 5441 2416 5514 viginti
2451 5450 2689 5512 quatuor
2715 5440 2882 5495 millia
2909 5437 3135 5504 fuerint,
3165 5437 3451 5493 dimidiam
3488 5437 3610 5493 illo-

2035 5552 2156 5591 rum
2182 5545 2391 5607 partem
2429 5534 2600 5606 eliges
2630 5549 2645 5587 :
2679 5532 2766 5591 sin
2793 5532 3081 5603 pauciores
3127 5527 3351 5597 fuerint,
3395 5527 3618 5585 tertiam

1885 5655 2116 5716 NOTAE.

425 5750 537 5895 (45g
556 5750 694 5809 Cod.
731 5751 895 5809 Laur.
924 5753 1326 5829 εὐαριθμήτων.

425 5822 517 5892 (44
558 5823 696 5881 Cod.
724 5823 896 5882 Laur.
927 5825 1170 5895 εὐχερές.

425 5822 537 5895 (44)
558 5823 696 5881 Cod.
724 5823 896 5882 Laur.
927 5822 1170 5900 εὐχερές.

2109 5749 2222 5822 (45)
2253 5747 2267 5767 ’
2283 5746 2682 5818 Apyio‘tww.
2703 5740 2917 5811 Scribe,
2947 5739 3292 5814 ἁργήσωσιν.
