4078 6306
432 215 543 286 ’115

1691 225 1965 288 LEONIS
2003 223 2458 293 PHILOSOPHI

3563 228 3674 292 716

437 338 872 410 uniuscujusque
905 339 1117 396 numeri
1151 349 1360 413 partem
1403 355 1672 407 assumes,
1704 353 1760 398 et
1795 344 1918 400 illos
1953 345 1984 399 ii

2112 365 2216 402 που
2247 351 2342 404 καὶ
2359 348 2614 419 ἀνωτέρω
2636 345 2985 418 εἴπομενηείς
3003 345 3318 418 δεκαρχίας,
3341 347 3432 400 καὶ⁸
3451 346 3676 416 ἐπιστῆ-

435 431 688 488 dccurias
719 433 838 488 sive
868 435 1247 501 contubernia,
1283 443 1343 490 ut
1383 449 1510 491 ante
1540 437 1740 491 dictum
1774 446 1881 501 est,
1917 437 2002 493 di-

435 524 606 591 vides,
649 524 862 597 illisque
894 525 1131 582 decanos
1158 525 1334 584 bonos
1367 536 1531 599 atque
1567 527 1792 585 idoneos
1826 533 2004 600 praell-

434 619 568 684 cies,
617 634 893 689 unumque
939 620 1108 675 etiam
1144 624 1387 678 omnium
1444 621 1640 678 ducem
1687 621 2002 695 praefectum

435 712 840 780 sagittariorum
875 714 1210 770 nominabis.

495 803 585 859 69.
615 803 964 873 Reliquarum
998 807 1227 861 duarum
1262 807 1493 876 partium
1516 808 1826 874 dimidium,
1851 817 2004 865 octo-

433 893 606 948 decim
635 894 876 948 virorum
904 884 1178 951 seniorum
1209 897 1391 963 simul,
1422 907 1475 952 et
1503 897 1779 968 iuniorum
1812 910 2003 955 contu-

432 985 622 1039 bernia
652 986 882 1052 dividas,
907 995 960 1041 et
993 988 1133 1045 duos
1161 1003 1225 1044 ex
1256 989 1324 1044 iis
1345 991 1668 1058 octodecim,
1705 991 1798 1061 qui
1843 991 1998 1048 debi-

431 1076 625 1132 lissimi
658 1088 805 1142 sunt,
833 1095 929 1136 seu
970 1082 1153 1150 potius
1190 1097 1402 1147 omnes,
1438 1082 1530 1152 qui
1568 1097 1733 1153 supra
1763 1084 1998 1139 sedecim

429 1179 576 1233 sunt,
591 1169 655 1224 ad
668 1185 853 1225 carros
865 1171 1208 1242 reliquasque
1219 1173 1459 1228 sarcinas
1472 1174 1768 1230 servandas
1781 1189 1998 1244 operam

427 1273 632 1314 navare
664 1270 879 1330 oportet
912 1280 928 1317 :
959 1263 1193 1319 sedecim
1247 1273 1429 1320 autem
1487 1265 1725 1334 reliquos
1776 1266 1828 1319 in
1879 1265 1999 1322 acie

428 1351 750 1417 consistere,
787 1361 842 1408 et
871 1369 1103 1424 praeesse
1131 1355 1238 1410 illis
1265 1357 1633 1427 manipulares
1661 1359 1850 1426 duces,
1879 1360 1995 1415 sive

425 1443 665 1500 decanos
699 1454 912 1516 Oportet
935 1457 1196 1504 strenuos
1216 1459 1379 1520 atque
1408 1450 1656 1506 idoneos.

490 1622 580 1678 70.
601 1622 738 1680 Octo
761 1640 890 1680 vero
920 1641 984 1680 ex
1016 1626 1138 1682 istis
1158 1627 1418 1695 sedecim,
1443 1628 1536 1699 qui
1562 1628 1818 1685 meliores
1843 1637 1990 1696 sunt,

425 1717 632 1785 primos
686 1727 740 1771 et
798 1725 1105 1787 postremos
1169 1713 1509 1775 contubernii
1563 1721 1678 1777 sive
1730 1723 1992 1791 manipuli

421 1805 758 1862 constituere
798 1817 1031 1877 oportet.
1065 1809 1202 1863 Nam
1250 1810 1483 1866 sedecim
1527 1811 1768 1866 virorum
1797 1821 1995 1867 contu-

425 1894 701 1961 bernium,
751 1897 1086 1967 manipulum
1131 1899 1338 1968 antiqui
1380 1909 1730 1956 vocaveruut.
1771 1901 1993 1957 Consti-

425 1996 576 2042 tuere
606 1998 785 2043 autem
827 2003 922 2043 eos
968 1999 1183 2059 oportet
1224 1991 1278 2045 in
1312 1991 1509 2061 primo,
1544 1993 1599 2046 in
1644 1993 1902 2059 secundo,
1935 1992 1989 2047 in

425 2077 602 2143 tertio,
626 2079 678 2133 in
711 2089 906 2150 quarto
935 2081 1075 2146 loco,
1093 2081 1146 2135 in
1167 2098 1275 2148 xvr,
1307 2082 1360 2137 in
1385 2099 1474 2148 xv,
1495 2083 1549 2137 in
1580 2099 1691 2149 nv,
1711 2083 1766 2138 in
1796 2099 1914 2147 xm,
1935 2093 1993 2138 ut

422 2169 708 2226 altitudine
729 2172 795 2228 ad
818 2182 1053 2243 quatuor
1076 2175 1357 2230 hominum
1388 2192 1677 2231 numerum
1699 2177 1990 2246 descripta,

423 2262 672 2320 ﬁrmetur
704 2273 816 2319 tum
850 2266 1003 2323 frons
1035 2277 1148 2323 tum
1193 2271 1388 2334 cauda,
1438 2270 1492 2325 id
1534 2279 1643 2336 est,
1684 2279 1990 2327 extremum

420 2371 638 2427 agmen.
675 2356 889 2428 Reliqui
923 2375 1055 2416 vero
1106 2369 1232 2417 octo
1274 2362 1660 2419 imbecilliores
1711 2364 1765 2418 in
1810 2363 1991 2419 medio

419 2446 730 2504 collocandi
758 2460 914 2506 sunt.

493 2742 586 2800 7i.
609 2741 748 2800 istos
773 2744 1011 2800 sedecim
1041 2745 1353 2802 nominabis
1378 2746 1605 2818 seorsim
1634 2761 1732 2817 per
1760 2746 1987 2817 primos,

418 2845 475 2892 et
503 2839 793 2903 secundos,
817 2838 897 2893 vel
929 2853 1023 2908 per
1042 2840 1309 2909 praestites
1341 2849 1395 2895 ct
1427 2841 1637 2896 astites.
1661 2837 1779 2894 Duo
1806 2848 1988 2895 autem

417 2943 486 2984 ex
509 2929 616 2984 illis
643 2929 947 2986 binomines
975 2941 1157 2994 erunt.
1187 2941 1243 2988 et
1271 2932 1481 3002 primus
1511 2933 1730 3003 quidem
1760 2931 1984 2988 vocabi-

2107 459 2194 495 ναι
2229 442 2411 506 αὐτοῖς
2430 442 2700 513 δεκάρχας
2728 439 3052 512 χρησίμως,
3079 440 3173 494 καὶ
3198 439 3434 511 ἄρχοντα
3458 439 3556 494 ἕνα
3582 439 3676 492 τὸν

2103 533 2397 605 λεγόμενον
2428 533 2944 608 άρχισαγιττάτωρα
3007 530 3141 603 (46),
3171 533 3337 602 ἥγουν
3393 530 3672 606 άρχιτοξόι

2101 641 2226 696 την.

2177 801 2272 868 ξθ’.
2305 803 2380 856 Τὸ
2428 801 2487 857 δὲ
2525 801 2688 874 μόνον
2739 802 2982 874 δίμοιρον
3027 799 3193 873 μέρος
3244 800 3280 872 ἢ
3343 799 3516 870 ἥμισυ
3557 799 3672 854 διαο

2104 895 2331 972 μερίσαι
2371 896 2452 959 είς
2499 897 2661 960 άκίας
2692 894 2800 948 άπὸ
2831 892 3044 967 ἀνδρῶν
3103 889 3174 964 ιη’
3209 891 3457 947 παλαιιῖιν
3483 909 3545 946 τε
3577 893 3670 947 καὶ

2099 987 2259 1043 νέων.
2319 987 2497 1042 ⁹Διιίαι
2525 987 2582 1042 δὲ
2611 986 2884 1057 λέγονται,
2912 985 2988 1052 ὥς
3015 1004 3106 1058 μοι
3140 985 3377 1058 εἴρηται,
3403 986 3472 1040 τὰ
3513 984 3666 1056 λεγό-

2103 1098 2240 1152 μενα
2290 1081 2676 1151 κοντου6ἐρνια
2722 1079 2857 1149 (47).
2915 1081 3027 1133 Καὶ
3073 1081 3201 1141 τοὺς
3233 1078 3331 1150 μὲν
3358 1077 3452 1132 δύο
3492 1077 3671 1132 αὐτῶν

2097 1175 2225 1239 τοὺς
2248 1174 2686 1245 ὑποδεεστέρους,
2726 1174 2843 1245 ἢτοι
2872 1173 2998 1237 τοὺς
3034 1171 3291 1236 πλείονας
3331 1171 3438 1225 τῶν
3462 1167 3560 1236 ις’,
3591 1171 3671 1235 εις

2097 1266 2199 1330 τάς
2219 1266 2435 1336 ἁμάξας
2456 1267 2549 1320 καὶ
2573 1265 2790 1337 ἐτέρας,
2811 1265 2886 1328 ὡς
2912 1262 3282 1335 είκὸς,εχρείας
3304 1260 3668 1333 ἀσχολεῖσθαι,

2097 1360 2224 1423 τοὺς
2249 1359 2304 1413 δὲ
2341 1355 2417 1421 ις’
2447 1358 2698 1413 ἵστασθαι
2720 1360 2777 1413 ὲν
2809 1360 2876 1430 τῇ
2903 1355 3229 1428 παρατάξει,
3260 1356 3357 1410 καὶ
3384 1354 3670 1426 ἐπιστῆναι.

2097 1451 2282 1513 αὐτοῖς
2312 1451 2438 1514 τοὺς
2485 1449 2830 1520 λοχαγωγοὺς
2876 1447 2988 1520 (48)
3014 1446 3339 1519 λεγομένους
3387 1445 3672 1515 γενναίους

2097 1545 2191 1599 καὶ
2217 1544 2540 1615 χρησίμους.

2165 1644 2229 1694 o’.
2275 1637 2378 1703 Ἐκ,
2420 1636 2627 1690 τούτων
2664 1636 2721 1688 δὲ
2759 1635 2872 1689 τῶν
2902 1633 2977 1700 ις’
3005 1633 3453 1704 χρησιμωτέρους
3484 1637 3534 1702 η’
3565 1629 3667 1700 ἔμ-

2024 1688 2067 1744 Β
2534 1688 2756 1782 ὄπισθεν
2803 1729 2902 1798 τῆς
2933 1688 3119 1788 "diu;
3178 1688 3299 1794 ἦτοι
3325 1688 3450 1777 ’τοῦἷ

2092 1823 2452 1891 καταστῆσαι.
2505 1821 2618 1891 Τὴν
2670 1820 2777 1892 γὰρ
2824 1819 2933 1872 τῶν
2959 1817 3032 1882 ις’
3055 1818 3267 1889 ἀνδρῶν
3321 1817 3484 1870 άκίαν
3505 1815 3662 1886 λόχον

2093 1914 2319 1969 ἐκάλουν
2345 1915 2397 1968 οἱ
2426 1913 2665 1968 παλαιοί.
2693 1913 2895 1983 Στῆσαι
2926 1912 2984 1966 δὲ
3005 1912 3202 1976 αὑτοὺς
3231 1911 3311 1973 εἰς
3333 1910 3427 1963 τὸν
3449 1907 3666 1980 πρῶτον

2091 2007 2286 2070 τόπον,
2336 2005 2433 2060 καὶ
2488 2004 2570 2069 είς
2623 2003 2714 2058 τὸν
2770 2002 3044 2072 δεύτερον,
3081 2001 3178 2055 καὶ
3214 2002 3298 2065 είς
3343 2000 3437 2053 τὸν
3459 1998 3665 2070 τρίτον,

2095 2097 2190 2151 καὶ
2209 2096 2291 2159 είς
2333 2095 2427 2150 τὸν
2459 2093 2741 2165 τέταρτον,
2773 2094 2868 2148 καὶ
2888 2093 2966 2157 είς
2988 2091 3079 2145 τὸν
3105 2089 3410 2156 ἐξδέκατον,
3447 2087 3544 2142 καὶ
3573 2086 3665 2141 τὸν

2092 2186 2704 2252 πεντεκαιδέκατον,καὶ
2735 2187 2817 2249 είς
2847 2186 2938 2240 τὸν
2961 2182 3554 2257 τεσσαρεσκαιδέκατον
3569 2183 3664 2234 καὶ

2090 2284 2171 2346 είς
2234 2280 2323 2334 τὸν
2370 2277 2834 2351 τρισκαιδέκατον,
2879 2277 2968 2331 ἵνα
3022 2276 3117 2332 καὶ
3175 2277 3342 2347 μέχρι
3382 2272 3670 2344 τεσσάρων

2089 2373 2300 2444 ἀνδρῶν
2344 2370 2704 2445 μεριζομένου
2744 2369 2837 2424 τοῦ
2872 2368 3090 2438 βάθους,
3138 2368 3257 2439 ἦτοι
3298 2365 3393 2420 τοῦ
3460 2365 3661 2434 πάχους

2089 2466 2190 2533 τῆς
2227 2465 2406 2528 ἁκίας,
2433 2465 2492 2517 ὲν
2513 2462 2739 2533 δυνάμει
2779 2460 3014 2532 ὑπάρχει
3043 2461 3077 2533 ἡ
3114 2459 3253 2530 οὐρά
3290 2456 3462 2526 αὑτῆς
3486 2454 3662 2510 καὶτὸ

2092 2560 2366 2632 μέτωπον.
2423 2557 2560 2620 Τοὺς
2580 2555 2637 2610 δὲ
2660 2555 2879 2619 λοιποὺς
2937 2553 3063 2618 τοὺς
3137 2551 3552 2622 ὑποδεεστέρους
3603 2549 3668 2603 ἐν

2087 2651 2166 2722 τῷ
2191 2652 2341 2724 μέσῳ
2368 2650 2542 2721 αὐτῆς
2565 2649 2744 2714 τάξαι.

2158 2743 2255 2799 oa'.
2315 2742 2549 2805 Τούτους
2573 2741 2630 2796 δὲ
2659 2741 2786 2803 τοὺς
2841 2736 2916 2806 ις’
2954 2738 3220 2810 ὀνομάσαι
3272 2737 3371 2794 ενα
3402 2738 3536 2812 παρ’
3562 2738 3659 2792 ἕνα

2087 2838 2195 2894 ἀπὺ
2223 2837 2465 2908 πρίμων,
2491 2834 2588 2890 καὶ
2610 2833 2933 2896 σεκούνδων,
2963 2834 3082 2904 ἦτοι
3110 2831 3512 2904 πρωτοστατῶν
3545 2829 3658 2902 (49)

2088 2934 2182 2988 καὶ
2208 2930 2535 2987 ἐπιστατῶν.
2567 2930 2706 2993 Τοὺς
2731 2929 2788 2981 δὲ
2813 2928 2908 2981 δύο
2939 2929 2997 2980 ὲν
3023 2928 3208 2993 αὐτοῖς
3241 2927 3352 3004 άπὸ
3391 2925 3486 2981 δύο
3513 2925 3662 2996 Ξχειν

418 3027 508 3074 tur
553 3021 840 3091 lochagus,
876 3023 992 3077 sive
1036 3023 1395 3093 manipularis
1441 3024 1546 3077 dux
1603 3024 1833 3092 primus,
1870 3023 1984 3077 sive

2087 3026 2388 3095 ὀνομάτων,
2435 3022 2531 3077 καὶ
2563 3021 2655 3075 τδν
2717 3023 2814 3090 μὲν
2841 3020 3060 3090 πρῶτον
3114 3019 3398 3074 καλεῖσθαι
3429 3016 3659 3089 λοχαγὸν

416 3119 789 3180 protostatcs;
826 3112 965 3167 alter
1000 3123 1183 3168 autem
1244 3114 1526 3169 vocabitur
1580 3114 1886 3169 decarclms
1933 3120 1984 3170 et

2089 3117 2183 3171 real.
2227 3114 2654 3186 πρωτοστάτην,
2698 3112 2790 3168 τὸν
2839 3112 2897 3165 δὲ
2940 3112 3192 3182 δεύτερον
3238 3111 3511 3184 δεκάρχην
3565 3109 3661 3165 καὶ

417 3202 690 3258 secundus
729 3204 847 3259 sive
888 3212 1055 3268 astes,
1087 3213 1141 3259 et
1167 3205 1422 3275 deinceps
1459 3205 1732 3270 similiter,
1775 3215 1834 3260 ut
1866 3204 1987 3259 uni-

417 3307 570 3347 versa
597 3294 744 3350 acies
798 3309 864 3350 ex
909 3297 1242 3367 praestitibus
1275 3305 1330 3353 et
1368 3297 1620 3353 astitibus
1661 3296 1963 3353 instruatur

492 3384 579 3439 72.
614 3384 684 3442 Ut
728 3396 909 3441 autem
941 3387 1163 3442 obedire
1197 3386 1415 3444 facilius
1442 3389 1674 3457 possint,
1699 3398 1753 3442 et
1791 3387 1985 3442 idonee

417 3478 561 3532 inter
587 3492 644 3532 se
667 3477 869 3541 vivere,
904 3480 1098 3534 melius
1139 3489 1226 3534 est
1270 3481 1397 3536 illos
1430 3481 1484 3534 in
1516 3480 1624 3534 duo
1647 3481 1825 3534 solum
1853 3494 1986 3533 coa-

413 3568 664 3624 tubernia
701 3569 960 3638 dividere,
1001 3580 1060 3625 ut
1087 3572 1247 3642 primi
1288 3576 1402 3628 sive
1440 3573 1710 3643 praestites
1731 3572 1983 3628 sintcum

413 3659 672 3731 praefecto
721 3664 1078 3733 manipulari,
1129 3667 1352 3720 secundi
1407 3674 1586 3720 autem
1653 3667 1738 3721 vel
1795 3665 1984 3720 astites

413 3753 523 3807 sint
563 3767 688 3808 cum
731 3755 968 3826 decano;
1011 3757 1084 3812 ita
1132 3756 1226 3814 ﬁet
1275 3767 1352 3823 ut,
1393 3772 1706 3828 quanquam
1750 3758 1804 3814 in
1856 3760 1985 3814 vita:

377 3832 379 3834 ’
411 3844 562 3898 cultu
597 3857 942 3915 separantur,
973 3848 1027 3902 in
1059 3848 1177 3904 acie
1206 3857 1386 3903 tamen
1419 3848 1667 3914 adunati,
1698 3849 1789 3905 isti
1824 3849 1980 3905 sede-

412 3934 520 3990 cim
561 3935 794 3993 concilio
823 3937 1186 4008 mandataque
1215 3939 1575 4007 manipularis
1610 3939 1848 4010 praefecti
1881 3939 1976 3995 ob-

412 4017 734 4096 temperent.
769 4025 883 4084 Hoc
905 4029 1068 4086 modo
1095 4031 1242 4088 acies
1278 4033 1484 4102 optime
1516 4042 1895 4100 conservatur,
1925 4044 1984 4090 et

409 4117 488 4176 illi
520 4119 776 4178 facillime
799 4124 1114 4181 obedientes
1144 4137 1326 4184 erunt.

479 4299 570 4354 73.
608 4297 751 4356 Utile
779 4312 960 4357 autem
989 4310 1094 4368 est,
1129 4305 1176 4359 si
1208 4304 1259 4359 id
1297 4305 1411 4361 fieri
1447 4312 1642 4376 potest,
1666 4321 1770 4362 non
1800 4308 1976 4364 solum

2086 3206 2373 3263 σεκοῢνδον
2398 3208 2564 3278 ἦγουν
2589 3205 2906 3275 ἐπιστάτην,
2937 3203 3079 3258 ὥστε
3117 3199 3263 3259 εῖναι
3284 3202 3377 3258 τὸν
3402 3202 3524 3256 δλον
3549 3200 3664 3256 στί-

2085 3319 2188 3374 χον
2215 3301 2281 3355 ἐκ
2305 3299 2698 3370 πρωτοστατῶν
2726 3298 2819 3354 καὶ
2848 3296 3153 3352 ἐπιστατῶν
3180 3294 3561 3368 συγκείμενον.

2154 3390 2252 3462 οβ’.
2286 3392 2405 3446 Ἵνα
2447 3389 2504 3445 δὲ
2531 3389 2625 3443 καὶ
2663 3387 2928 3461 ἄρχεσθαι
2982 3386 3218 3451 εὐκόλως
3243 3386 3531 3448 δύνωνται,
3563 3384 3660 3440 καὶ

2085 3484 2433 3557 ἁρμοζόντως
2491 3482 2798 3551 συνδιάγειν
2856 3479 3111 3552 ἀλλήλοις
3137 3517 3155 3545 ,
3219 3477 3442 3534 κάλλιόν
3509 3479 3668 3532 ἔστιν

2087 3576 2288 3646 μᾶλλον
2318 3572 2540 3636 τούτους
2567 3573 2649 3637 είς
2675 3571 2772 3626 δύο
2799 3571 2936 3642 μόνα
2975 3569 3360 3640 κοντουσέρνια
3386 3567 3660 3638 γίνεσθαι,

2085 3668 2171 3721 ἵνα
2198 3669 2251 3720 oi
2292 3667 2391 3737 μὲν
2441 3664 2648 3737 πρίμου
2691 3664 2862 3736 ἤγουν
2881 3663 2931 3716 οἱ
2958 3661 3339 3734 πρωτοστάται
3389 3655 3496 3716 ὦσι
3521 3660 3657 3732 μετά

2081 3760 2176 3833 τοῦ
2226 3759 2479 3831 λοχαγοῦ,
2527 3758 2578 3811 oi
2620 3757 2675 3811 δὲ
2719 3754 2994 3811 σεκοῦνδοι
3043 3754 3213 3826 ἤγουν
3255 3755 3305 3809 oi
3363 3755 3660 3808 ἐπιστάται

2085 3851 2224 3923 μετὰ
2271 3850 2364 3904 τοῦ
2416 3848 2700 3919 δεκάρχου,
2729 3846 2870 3901 οὑτω
2925 3845 3112 3916 μέντοι
3144 3843 3312 3912 ὥστε,
3359 3845 3468 3899 κᾶν
3493 3845 3552 3899 ἒν
3583 3845 3656 3915 τῇ

2082 3942 2325 4011 διαγωγῇ
2351 3938 2690 4010 διαιρῶνται,
2721 3935 2836 3992 ἀλλ’
2859 3935 2955 3991 οὖν
2986 3937 3046 3990 ὲν
3083 3938 3151 4008 τῇ
3177 3935 3341 4001 τάξει.
3383 3933 3656 4006 ἡνωμέναι

2081 4033 2229 4096 ὅντες
2260 4032 2311 4085 οἱ
2338 4029 2413 4096 ις’
2440 4033 2506 4101 τῇ
2536 4029 2696 4101 βουλῇ
2732 4029 2828 4083 καὶ
2851 4027 3044 4103 γνώμῃ
3091 4027 3187 4082 τοῦ
3242 4026 3477 4096 λοχαγοῦ
3527 4025 3642 4078 πεί-

2081 4125 2302 4180 θωνται.
2337 4110 2628 4178 ¹Ἐντεῦθεν
2658 4121 2768 4193 γὰρ
2805 4123 2899 4175 καὶ
2924 4122 2957 4192 ἡ
2989 4120 3143 4188 τάξις
3173 4118 3523 4190 φυλάσσεται,
3552 4115 3648 4172 καὶ

2081 4215 2318 4279 εὐκόλως
2348 4213 2612 4286 ἄρχεσθαι
2631 4212 2908 4268 δύνανται.

2151 4306 2250 4376 ογ’.
2319 4307 2604 4376 Χρήσιμον
2636 4305 2692 4359 δέ
2731 4306 2901 4368 ἐστιν,
2956 4301 3052 4358 ἐὰν
3091 4302 3340 4373 δέχηται,
3381 4303 3460 4375 μὴ
3493 4303 3657 4374 μόνον

407 4391 712 4448 secundum
761 4394 1039 4465 virtutem,
1079 4396 1164 4451 vel
1202 4398 1576 4453 strenuitatem
1623 4399 1971 4469 unumquod-

2087 4398 2223 4452 κατὰ
2272 4395 2533 4466 ποιότητα
2572 4396 2738 4466 ἤγουν
2770 4392 3032 4465 εὐψυχίαν
3068 4391 3364 4464 όρδινεύειν
3404 4393 3533 4457 τοὺς
3574 4389 3650 4459 ις’

406 4499 514 4554 que
573 4486 991 4542 contubernium
1051 4497 1388 4545 scutatorum
1438 4490 1718 4557 ordinare,
1782 4505 1972 4547 verum

405 4577 568 4632 etiam
596 4577 751 4647 juxta
778 4588 1014 4646 aetatem,
1047 4590 1106 4635 ut
1141 4584 1511 4653 provectiores
1543 4594 1720 4649 aetate,
1745 4585 1789 4641 si
1818 4594 1974 4640 antem

407 4679 702 4735 ponantur,
734 4672 908 4742 magis
941 4681 1222 4741 parentem
1273 4683 1436 4744 atque
1489 4676 1831 4732 obedientem
1858 4692 1971 4733 ma-

405 4760 652 4831 nipulum
687 4762 904 4817 faciant.
936 4762 1004 4819 Ut
1037 4779 1167 4818 vero
1193 4781 1259 4819 ne
1287 4767 1479 4821 omnia
1501 4766 1585 4820 vel
1619 4767 1685 4821 ad
1733 4767 1970 4822 strenui-

405 4863 592 4918 tatem,
627 4855 709 4911 vel
750 4856 816 4911 ad
852 4864 1067 4912 aetatem
1117 4857 1417 4914 referamus
1439 4900 1453 4922 ,
1490 4870 1704 4930 oportet
1749 4875 1844 4916 eos
1871 4862 1970 4931 qui

403 4945 698 5002 alacriores
733 4956 785 5002 et
813 4948 1189 5017 generosiores
1222 4959 1369 5012 sunt.
1395 4951 1449 5005 in
1481 4949 1657 5006 fronte
1696 4959 1750 5007 et
1773 4952 1969 5019 cauda,

404 5037 458 5094 id
482 5046 586 5105 est,
618 5048 860 5096 extremo
890 5043 1263 5106 contubernio,
1295 5042 1674 5098 imbecilliores
1704 5054 1883 5098 autem
1914 5045 1966 5099 in

405 5128 606 5196 medio,
638 5134 1100 5202 quemadmodum
1132 5136 1509 5206 praediximus,
1543 5137 1824 5193 collocari.

475 5224 561 5282 74.
602 5225 894 5299 Propterea
939 5239 1120 5285 autem
1170 5231 1382 5302 antiqui
1434 5245 1503 5287 ex
1546 5232 1781 5289 sedecim
1828 5232 1960 5290 viris

2081 4489 2205 4543 καθ’
2251 4489 2486 4559 ἑκάστην
2516 4485 2674 4542 ἀκίαν
2708 4485 2820 4538 τῶν
2850 4485 3184 4552 σκουτάτων,
3218 4483 3356 4538 ἀλλὰ
3384 4485 3477 4538 καὶ
3510 4483 3653 4538 κατὰ

2079 4582 2329 4655 ἠλικίαν·
2370 4581 2460 4636 ’ίνα
2502 4581 2551 4641 qi
2583 4579 2912 4651 μακρότεροι
2950 4577 3262 4649 ἔμπροσθεν
3324 4579 3647 4648 τασσόμενοι

2077 4674 2474 4742 εὑτακτοτέραν
2501 4671 2601 4742 τὴν
2628 4669 2933 4742 παράταξιν
2975 4669 3354 4734 ἀποδείξωσιν.
3380 4669 3445 4724 El
3476 4670 3532 4722 δὲ
3570 4669 3651 4740 μὴ

2077 4768 2296 4822 ἃπαντα
2343 4764 2481 4835 πρὸς
2512 4762 2730 4833 ἡλικίαν
2782 4762 2878 4816 καὶ
2901 4761 3151 4834 ἀνδρείαν
3184 4762 3426 4828 πάντως,
3463 4763 3539 4826 ὥς
3568 4763 3646 4816 εί-

2077 4876 2272 4932 πομεν,
2331 4858 2459 4919 τοὺς
2505 4854 2902 4924 εὐψυχοτέρους
2943 4855 3038 4908 καὶ
3074 4856 3480 4926 γενναιοτέρους
3515 4854 3645 4908 ἑκάο

2078 4968 2211 5021 στης
2239 4947 2400 5010 ἁκίας
2421 4945 2538 5000 δέον
2565 4946 2710 4997 ἐστὶν
2740 4942 2954 5006 είςτοίις
2976 4941 3284 5014 ἔμπροσθεν
3312 4943 3648 5013 καὶὺπισθεν

2076 5042 2276 5106 τόπους
2289 5036 2604 5093 τάσσεσθαν
2625 5036 2749 5098 τοὺς
2768 5034 2826 5087 δὲ
2848 5034 3269 5107 ὑποδεεστέρους
3297 5037 3375 5100 εἰς
3395 5036 3457 5090 τδ
3481 5035 3646 5107 μέσον

2075 5134 2279 5198 αὐτῶν,
2315 5132 2434 5187 καθ’
2489 5131 2550 5184 ὃν
2579 5129 2885 5203 εἰρήκαμεν
2913 5129 3135 5201 τρόπον.

2135 5226 2230 5284 06'.
2260 5228 2424 5280 Ὥστε
2460 5220 2555 5279 οὖν
2582 5223 2671 5278 διὰ
2720 5221 2880 5276 τοῦτο
2926 5222 3024 5276 καὶ
3057 5223 3105 5276 oi
3150 5223 3366 5294 ἀρχαῖοι
3415 5222 3524 5278 ἀπὸ
3558 5219 3634 5289 ις’

1915 5363 2149 5422 NOTAE.

473 5454 588 5527 (46)
612 5455 1197 5531 Ἀρχισαγιττάτωρα.
1263 5459 1638 5528 Scribebatur,
1673 5463 1965 5536 άρχισαγι·

683 5598 798 5673 ιιι-[αι
826 5598 894 5653 δὲ
922 5601 1200 5670 λέγονται
1236 5602 1308 5658 τὰ
1353 5603 1647 5673 λεγόμενα
1700 5623 1949 5662 κον-του-

403 5667 621 5739 δέρνια.
683 5669 802 5727 llaec
847 5687 875 5725 a
903 5667 1084 5745 gloSsa
1133 5688 1255 5731 esse
1306 5667 1524 5740 censeo,
1567 5692 1742 5749 neque
1788 5679 1952 5741 Circei

2073 5485 2201 5540 item
2228 5483 2397 5538 codex
2438 5483 2706 5553 agnoscit.

2140 5554 2253 5634 (ῥὲ)
2289 5552 2435 5634 739g
2471 5545 2874 5634 Ξοχαηιιτοιξς.
2893 5551 3135 5634 __Scribe,.
3169 5549 3295 5614 τοὺς
3327 5545 3640 5634 ,λοχαγοῦςο

2134 5623 2244 5699 (49)
2301 5623 2738 5696 Πρωτοστατῶι·
2787 5624 2998 5690 Scribe,
3033 5623 3417 5697 πορωστατιῖιν.
