4086 6326
460 312 574 384 717
1550 337 1887 402 manca.
1925 365 1995 377 —
2030 340 2540 424 CONSTITUTIO
2578 349 2648 412 v.
3125 416 3131 421 _
3602 350 3715 419 '118
3757 313 3761 317 ’

450 428 671 546 inﬁmiin
698 434 880 501 πιζῶν
903 437 964 493 τὸ
984 438 1147 510 βάθος
1178 444 1287 498 τῶν
1314 445 1488 502 ἁκιῶν
1526 450 1646 521 ἦτοι
1676 452 1784 505 τῶν
1813 452 2007 522 ὀρδίνω

2111 458 2414 527 ,ρθάὶιὶὺιιε
2458 461 2871 519 contubernium
2920 464 2973 519 iu
3024 465 3215 521 militia
3261 467 3715 546 designaverunt;

454 521 748 628 ῶρισαν.ιν
780 531 899 615 ταίς
934 532 1156 601 μάχαις,
1180 535 1371 609 ἐπειδὴ
1404 540 1498 594 καὶ
1526 541 1587 594 τὸ
1616 541 1813 613 μέτρον
1834 521 2007 616 ἅρκοῦ

2144 521 2157 527 -
3273 521 3483 541 ηνο--μ
3528 521 3568 525 --
3593 521 3713 546 ην.

2140 550 2402 618 quoniam
2423 552 2511 608 hic
2536 568 2797 612 numerus
2824 564 2937 612 tum
2970 556 3199 616 idoneus
3230 567 3313 614 est
3338 575 3499 628 quem
3534 571 3716 620 trans-

454 616 625 713 ἑστι-ν,
657 617 794 691 ὅπερ
836 622 1185 695 ὑπερόαίνειν
1214 631 1276 682 οὺ
1300 631 1427 703 χρὴ,
1468 633 1565 686 καὶ
1587 636 1644 688 ὲν
1671 638 1793 698 ταῖς
1828 638 2007 707 χρείαι

2142 644 2219 696 ire
2256 657 2365 698 non
2398 654 2631 713 Oportet,
2665 656 2776 702 tum
2806 647 2862 704 in
2897 650 3047 706 omni
3090 651 3314 707 militari
3341 667 3444 708 usu
3476 652 3634 710 facile
3661 666 3718 713 et

453 706 734 816 ευτάκτως
758 713 880 816 ὶκαὶ
939 717 1221 789 συντόμως
1252 722 1562 794 μερίζεται,
1588 727 1683 781 καὶ
1708 706 2007 785 λεπτυνετα

2142 733 2291 789 nullo
2323 737 2545 808 negotio
2567 737 2851 807 dividitur,
2891 750 2946 797 et
2985 752 3204 799 secatur
3238 759 3412 816 usque
3440 746 3508 801 ad
3543 762 3713 803 unum

457 798 654 900 μέχρις
694 802 837 901 ἑνὸς-
868 806 1083 901 ἀνδρός.
1124 811 1379 901 Τοσαῦτα
1412 817 1513 885 μὲν
1542 818 1636 873 οὖν
1660 822 1751 873 καὶ
1776 823 1905 891 περὶ
1935 823 2003 893 τῆ

2140 827 2345 887 virum.
2377 827 2555 898 Atque
2600 830 2715 886 haec
2756 832 2976 901 quidem
3024 834 3092 890 de
3135 836 3408 892 exercitus
3442 837 3716 895 divisione

451 896 551 942 τοῦ
610 896 842 964 στρατοῦ
901 898 1219 970 διαιρέσεῶς
1256 922 1314 957 τε
1351 908 1444 960 καὶ
1499 912 1910 979 καταστάσεως,
1942 932 2007 970 κα

2138 929 2189 975 et
2219 896 2631 988 constitutione,
2664 934 2719 979 et
2763 896 2830 980 de
2863 927 3091 982 ducibus
3136 927 3264 982 huic
3298 929 3564 998 praefer-tis
3596 940 3711 988 tum

450 979 565 1034 τῶν
581 981 680 1084 ini.
700 985 902 1041 τούτων
926 992 1281 1063 τεταγμένων
1312 997 1593 1069 ἀρχόντων
1622 1004 1839 1075 μικρῶν
1858 1022 1916 1059 τε
1941 1024 2007 1061 κα

2137 1011 2467 1083 majoribus,
2495 1022 2607 1071 tum
2649 1017 2971 1084 minoribus,
3004 1033 3033 1073 a
3065 1017 3224 1074 nobis
3250 1018 3397 1076 dicta
3437 1022 3570 1079 sint.

455 1074 710 1144 μεγάλων
751 1078 1156 1153 διωρισάμεθα.

1012 1180 1331 1236 ΔΙΑΤΑΞΙΣ
1379 1182 1461 1238 E".

1046 1272 1188 1341 Περὶ
1210 1272 1435 1331 ὃπλων.

522 1351 597 1409 α’.
653 1355 965 1431 Κελεὺομεν
1032 1364 1217 1432 μέντοι
1272 1367 1368 1420 νῦν
1410 1371 1476 1441 τῇ
1518 1370 1675 1441 ὑμῶν
1709 1372 2035 1447 ἑνδοξότητι,

448 1448 560 1502 τῶν
608 1453 689 1516 είς
754 1454 881 1519 τοὺς
961 1458 1236 1528 πολέμους
1300 1465 1684 1520 συντεινόντων
1732 1469 1914 1523 ὅπλων
1969 1486 2031 1523 τε

448 1542 546 1594 καὶ
597 1543 918 1599 ἅποσκιυῶν
976 1548 1182 1633 πεζικῇ
1210 1569 1271 1606 τε
1299 1555 1395 1607 καὶ
1434 1557 1814 1631 κασαλλαρικῇ
1859 1578 2030 1633 στρα-

444 1635 539 1705 τιᾷ
594 1637 899 1707 φροντίσαι,
954 1627 1095 1698 ῶστὲ
1144 1644 1324 1701 ταῦτα
1370 1649 1650 1721 διαμένειν
1684 1627 2030 1723 διδιᾶλειτέτα,

444 1728 542 1781 καὶ
600 1730 737 1799 πρὸς
796 1734 896 1805 τὴν
961 1739 1401 1809 κατεπείγουσαν
1458 1743 1537 1815 τῷ
1593 1747 1775 1819 καιρῴ
1834 1750 2029 1820 χρείαν

441 1820 659 1895 ῑτοιμα.
1450 1844 1452 1847 '

514 1917 581 1990 β’.
621 1917 794 1974 Τοῦτο
818 1920 876 1975 δὲ
899 1925 1091 1989 ποιεῖν,
1113 1925 1177 1980 τὸ
1226 1928 1325 1997 μὲν
1364 1928 1456 1983 διὰ
1498 1929 1593 1985 σοῦ
1634 1933 1823 1999 αὑτοῦ,
1874 1938 1935 1992 τὺ
1968 1939 2026 1993 δὲ

437 2010 533 2065 διὰ
587 2012 698 2067 τῶν
732 2014 837 2069 ὑπὸ
882 2015 945 2069 σὲ
993 2018 1274 2090 ἀρχόντων
1344 2025 1557 2096 μικρῶν
1607 2030 1703 2082 καὶ
1748 2031 2021 2100 μεγάλων,

436 2104 521 2167 εις
568 2104 784 2161 ὅπλισιν
814 2108 911 2163 καὶ
933 2109 1245 2183 ὑπηρεσίαν
1271 2114 1368 2170 τοῦ
1396 2117 1500 2172 ὑπὸ
1524 2119 1586 2173 τὸ
1616 2121 1710 2175 σὺν
1740 2121 1883 2193 θέμα
1917 2142 2024 2196 μα-

348 2251 353 2259 .
434 2200 601 2272 χίμου
636 2204 892 2276 στρατοῦ.

508 2298 577 2362 γ’.
612 2289 739 2349 Οἷον
792 2295 1021 2369 τοξάρια
1061 2299 1199 2370 μετὰ
1260 2300 1541 2375 θηκαρίων
1574 2307 1777 2376 αὐτῶν,
1821 2313 2023 2383 σαγίτ-

433 2401 537 2450 τας
565 2386 703 2456 μετὰ
728 2389 1068 2461 κουκούρων,
1108 2393 1314 2447 σπαθία
1366 2397 1702 2470 ἠκονημένα,
1736 2405 1829 2458 καὶ
1855 2424 2021 2461 σεσαο

438 2476 709 2546 μιωμὲνα,
766 2480 1091 2549 σκουτάρια,
1119 2484 1213 2537 καὶ
1240 2484 1403 2557 ἕτερα
1450 2491 1748 2565 σκουτάρια
1782 2498 2016 2566 μεγάλα,

432 2572 581 2646 ὅπερ
630 2575 883 2646 λέγονται
925 2578 1131 2652 θυρεοὶ,
1156 2581 1322 2653 ἔτερα
1348 2588 1747 2659 σκουταρίσκια
1776 2592 1888 2646 τῶν
1922 2612 2018 2647 πε»-

432 2665 545 2733 ζῶν
593 2668 666 2723 τά
710 2687 844 2726 ποτε
886 2668 1155 2741 λεγόμενα
1208 2675 1402 2731 πέλται
1434 2718 1451 2746 ,
1535 2680 1702 2752 ἕτερα
1794 2689 2020 2740 σκουτά-

435 2776 529 2832 ρια
554 2760 749 2835 σιδηρᾶ
805 2764 1113 2836 στρογγύλα
1186 2773 1597 2841 σεσαμιωμένα,
1640 2778 1897 2848 κοντάρια
1933 2798 2020 2849 μι-

437 2852 551 2919 κρὰ
632 2851 941 2925 ὀκτάπηχα.
991 2850 1172 2909 Ἦσαν
1227 2857 1286 2911 δέ
1365 2875 1498 2913 ποτε
1564 2860 1861 2930 Ῥωμαίοις
1922 2870 2018 2921 καὶ

428 2943 707 2999 Μακεδόσι
733 2946 993 3017 κοντάρια
1011 2947 1140 3018 ἄχρι
1162 2949 1353 3020 πηχῶν
1378 2950 1474 3016 ις’,
1496 2952 1639 3025 ἅπερ
1667 2957 1700 3025 ἡ
1731 2956 1826 3010 νῦν
1856 2960 2016 3031 χρεία

428 3037 533 3091 οὐκ
583 3038 821 3093 ἀπαιτεῖ.
857 3040 931 3091 Τὸ
960 3041 1070 3111 γὰρ
1122 3042 1264 3097 κατὰ
1311 3044 1412 3115 τὴν
1443 3046 1678 3118 ἑκάστην
1707 3048 1819 3102 τῶν
1849 3069 2015 3121 μετα-

426 3126 818 3201 χειριζομένων
871 3129 1104 3201 δύναμιν
1130 3134 1296 3189 ὅπλον
1319 3136 1632 3209 σύμμετρόν
1660 3157 1720 3193 τε
1747 3142 1842 3196 καὶ
1872 3145 2001 3215 χρή-
2026 3166 2067 3224 ο

433 3239 619 3295 σιμον,
659 3224 924 3295 ῥιπτάρια
981 3226 1117 3297 (50),
1153 3226 1437 3298 τζικούρια
1467 3232 1561 3286 καὶ
1588 3231 1755 3306 ἕτερα
1786 3236 2001 3301 τζικούι

427 3328 521 3385 ρια
569 3313 910 3387 ἀμφίστομα,
959 3317 1047 3385 ἐφ’
1100 3318 1219 3382 ἐνὸς
1277 3320 1480 3391 μέρους
1545 3324 1708 3377 οἱονεὶ
1753 3327 2000 3393 σπαθίον,

429 3402 577 3473 μετὰ
602 3404 713 3458 τῶν
743 3404 1026 3477 θηρακίων
1050 3409 1232 3465 αὐτῶν
1263 3409 1605 3481 δερματίνων
1640 3416 1734 3469 καὶ
1794 3416 2001 3487 βαστα-

420 3495 580 3565 γίων,
645 3501 1016 3570 παραμήρια,
1096 3500 1376 3573 μαχαίρας
1424 3504 1668 3575 μεγάλας
1744 3511 2001 3577 μονοστό-

422 3603 578 3657 μους.

486 3678 551 3736 δ’.
570 3679 816 3752 Δωρίκια
835 3679 1057 3754 μέχριῘς
1076 3680 1481 3755 ἀ]στραγάλων,
1503 3688 1883 3762 ἀναωρὸμενα
1912 3692 2004 3748 διὰ

416 3770 633 3843 λωρίων
686 3774 780 3826 καὶ
811 3774 1153 3844 κρικελλίων,
1190 3776 1327 3846 μετὰ
1360 3778 1469 3831 τῶν
1511 3778 1788 3853 θηκαρίων
1823 3784 2001 3837 αὐτῶν

412 3861 774 3935 δερματίνων,
819 3867 913 3919 καὶ
955 3867 1003 3919 εί
1036 3867 1260 3922 δυνατὸν
1297 3868 1473 3923 πάντα
1502 3871 1809 3929 ἁλυσίδετα.
1844 3876 1906 3928 Εἰ
1944 3875 2000 3929 δὲ

418 3958 496 4027 μή
537 3973 624 4026 γε,
659 3958 780 4011 τινὰ
802 3957 981 4012 αὐτῶν
1011 3960 1105 4013 καὶ
1132 3959 1217 4013 διὰ
1249 3961 1542 4033 κερατίνης
1573 3962 1763 4037 ὕληςῆ
1801 3964 1998 4035 βουϐα-

410 4046 582 4103 λικῶν
626 4049 914 4120 δερμάτων
973 4049 1317 4120 καταξήρων,
1385 4052 1691 4126 ὲπιλωρικὰ
1777 4058 1989 4127 ἱμάτια,

410 4139 662 4195 χλιδάνια
694 4139 910 4211 σιδηρᾶ,
940 4140 974 4214 ἢ
1013 4144 1107 4195 καὶ
1148 4141 1207 4207 ἐξ
1238 4142 1434 4212 ἐτέρας
1468 4144 1621 4216 ὕλης,
1653 4146 1731 4211 ὡς
1758 4147 1995 4220 εἴρηται,

408 4230 674 4295 κασσίδας
700 4230 911 4296 τελείας
932 4248 949 4266 ο
991 4233 1315 4304 ποδόψελλα,
1368 4235 1690 4309 χειρόψελλα
1715 4239 1928 4311 σιδηρᾶ,
1959 4241 1993 4313 ἢ

408 4320 512 4377 καὶ
546 4321 607 4387 ἐξ
639 4321 832 4393 ἑτέρας
854 4322 1011 4393 ὕλης,
1038 4323 1126 4377 διὰ
1153 4325 1280 4389 τοὺς
1307 4325 1382 4397 μὴ
1406 4325 1629 4398 ἔχοντας
1660 4332 1997 4403 περιτραχή-

406 4411 496 4466 λια
527 4413 831 4476 ἀλυσίδετα,
859 4414 1078 4484 σιδηρᾶ,
1110 4414 1462 4486 ἑνδεδυμένα,
1487 4417 1689 4472 ἔσωθεν
1714 4421 1822 4475 ἀπὸ
1847 4422 1995 4493 ἐρίου

409 4506 499 4558 καὶ
528 4504 728 4573 ἔξωθεν
761 4504 930 4559 λίνου.
961 4506 1209 4577 Νευρικά
1238 4508 1306 4561 τὰ
1336 4508 1444 4562 ἀπὸ
1478 4510 1811 4566 κενδούκλων
1851 4515 1996 4582 γινὸο
2025 4539 2073 4596 D

411 4613 577 4666 μενα,
627 4600 724 4653 καὶ
779 4597 919 4652 αὐτὰ
975 4600 1095 4653 ἀντὶ
1128 4599 1398 4670 λωρικίων
1443 4605 1555 4667 τοῖς
1590 4605 1664 4676 μὴ
1698 4604 1879 4675 ἔχουσι
1910 4626 1992 4661 σι-

407 4690 571 4760 δηρᾶ.
605 4691 915 4745 Κένδουκλα
948 4692 1156 4761 φαρδέα
1209 4694 1460 4748 ὲνδύοντα
1513 4696 1603 4749 τὸν
1654 4699 1993 4769 στρατιώτην

409 4783 548 4851 μετά
576 4783 684 4837 τῶν
717 4784 916 4838 ὅπλων.
956 4784 1274 4855 Σωληνὰρια
1306 4786 1442 4856 μετὰ
1474 4788 1686 4858 μικρῶν
1722 4792 1992 4858 σαγιττῶν

408 4874 502 4927 καὶ
565 4874 879 4946 κουκοὺρων
931 4876 1111 4929 αὐτῶν
1163 4878 1493 4945 σφενδοὸόλα
1520 4896 1533 4909 ·
1596 4880 1990 4951 σελ).οπούγγια

413 4964 625 5033 μεγάλα
646 4981 659 4995 ο
704 4966 1013 5036 πυρέκϐολα
1035 4968 1129 5021 καὶ
1161 4967 1331 5032 ὖσκας
1364 4969 1512 5040 (51)·
1538 4970 1818 5041 λωρὸσοκα
1841 4990 1853 5003 ·
1898 4974 1997 5028 πέ-

403 5057 524 5112 διλα
570 5057 822 5129 σεληναῖα
857 5058 1054 5130 σιδηρᾶ
1094 5062 1233 5129 μετὰ
1267 5062 1516 5132 καρφίων
1552 5063 1731 5116 αὐτῶν
1756 5080 1771 5095 ο
1824 5065 1991 5135 ρινία,

406 5148 632 5202 σουόλία
671 5150 784 5221 (52)
815 5167 828 5179 '
865 5150 1226 5222 προμετώπια
1255 5152 1459 5220 ἵππων,
1497 5154 1765 5226 στηθάρια
1809 5156 1995 5210 ἵππων

400 5240 436 5311 ἢ
492 5240 707 5313 σιδηρᾶ,
772 5241 882 5297 ἀπὸ
944 5241 1245 5298 κενδούκων
1270 5260 1286 5275 ο
1352 5246 1751 5319 περιτραχήλια
1813 5248 2003 5303 ἵππων

400 5330 622 5399 ὁμοίως.

2636 1187 3098 1248 CONSTITUTIO
3140 1190 3207 1249 ν.

2548 1280 2623 1337 De
2679 1293 2946 1353 apparatu
2996 1302 3291 1344 armorum.

2206 1374 2259 1428 Ι.
2286 1372 2607 1431 Mandamus
2640 1376 2890 1445 dignitati
2928 1387 3035 1434 tuae
3067 1389 3126 1434 ut
3148 1397 3365 1438 omnem
3387 1392 3707 1454 apparatum

2136 1466 2388 1521 bellicum
2434 1467 2505 1522 ad
2532 1468 2816 1538 pedestres
2843 1479 2894 1525 et
2938 1483 3219 1543 equestres
3247 1480 3434 1547 copias
3467 1486 3712 1549 spectan-

2137 1567 2241 1612 tem
2276 1572 2521 1626 accures,
2560 1569 2620 1615 ut
2667 1560 2877 1633 integra
2929 1564 3267 1637 minimeque
3322 1568 3531 1623 defecta
3576 1568 3708 1634 sint,

2135 1652 2229 1708 sed
2270 1652 2337 1708 ad
2372 1667 2591 1710 omnem
2624 1643 3088 1725 opportunitatem
3130 1676 3414 1733 usumquae
3448 1662 3705 1719 bellicum

2136 1757 2346 1813 parata.

2197 1914 2251 1970 2.
2317 1914 2434 1971 Hoc
2496 1924 2680 1973 autem
2751 1918 2951 1989 partim
3014 1935 3111 1991 per
3185 1924 3443 1994 teipsum,
3504 1929 3703 1997 partim

2127 2020 2223 2076 per
2267 2007 2551 2078 praefectos
2625 2017 2750 2065 tuos
2808 2019 2923 2065 tum
2987 2013 3247 2082 majores,
3288 2024 3403 2071 tum
3464 2019 3704 2075 minores

2126 2098 2347 2168 eﬂicies,
2403 2099 2468 2155 ad
2501 2100 2743 2157 universi
2780 2106 3053 2161 exercitus
3115 2107 3209 2178 qui
3240 2109 3341 2164 sub
3371 2110 3577 2168 ditione
3613 2122 3705 2169 tua

2126 2200 2230 2257 est,
2256 2201 2589 2248 armaturam
2618 2204 2671 2250 et
2697 2198 3167 2265 praeparationem.

2191 2282 2247 2338 5.
2288 2284 2466 2339 Arcus
2497 2299 2621 2339 cum
2658 2287 2861 2357 corytis
2913 2288 3050 2354 suis,
3086 2292 3312 2361 sagittas
3361 2307 3486 2348 cum
3531 2310 3703 2351 cucu-

2125 2374 2224 2439 ris,
2282 2376 2507 2443 spathas
2578 2385 2797 2441 acutas,
2851 2386 2903 2432 et
2935 2380 3213 2435 samiatas.
3261 2382 3449 2447 Scuta,
3508 2399 3705 2454 nempe

2124 2474 2277 2521 scuta
2310 2465 2540 2533 majora,
2563 2480 2685 2535 qua:
2717 2467 2894 2521 thurei
2922 2469 3283 2537 appellantur,
3310 2481 3364 2526 et
3405 2480 3560 2527 scuta
3595 2471 3701 2526 mi-

2122 2572 2260 2613 nora
2297 2559 2559 2626 peditum,
2593 2574 2716 2627 quae
2765 2559 2942 2628 peltae,
2983 2560 3036 2615 id
3080 2568 3186 2628 est,
3211 2572 3373 2617 cetras
3400 2564 3697 2620 nominan-

2123 2661 2210 2705 tur
2234 2667 2250 2717 ;
2274 2660 2331 2706 et
2359 2660 2515 2707 scuta
2538 2652 2785 2721 quaedam
2810 2652 2955 2709 ferro
2982 2655 3215 2710 rotundo
3238 2656 3486 2727 signata;
3515 2658 3699 2715 hastas

2120 2758 2315 2814 parvas
2342 2751 2603 2815 praeterea
2637 2754 2761 2799 octo
2792 2745 3127 2802 cubitorum.
3161 2747 3330 2804 Erant
3375 2760 3557 2806 autem
3587 2751 3699 2807 Ro-

2121 2837 2298 2893 manis
2347 2845 2404 2892 et
2456 2836 2841 2894 Macedonibus
2888 2839 3058 2895 hasta:
3102 2840 3338 2895 sedecim
3386 2842 3696 2899 cubitorum

2121 2930 2482 3001 longitudine,
2512 2945 2649 3000 quas
2699 2945 2845 2984 nunc
2890 2946 3021 2985 usus
3066 2941 3254 2987 noster
3297 2947 3405 2987 non
3442 2934 3692 3004 requirit,

2118 3022 2209 3076 sed
2240 3021 2449 3091 singula
2473 3022 2585 3090 jam
2617 3036 2714 3090 pro
2740 3022 2944 3077 utentis
2980 3022 3184 3085 viribus
3225 3038 3287 3077 ac
3324 3024 3518 3078 robore
3541 3039 3696 3080 arma

2116 3122 2239 3182 apta
2283 3121 2447 3183 atque
2488 3112 2682 3167 idonea
2726 3113 2887 3178 ﬁunt,
2916 3113 3203 3180 rhictaria,
3246 3116 3473 3171 tzicuria
3504 3116 3695 3171 biden-

2114 3204 2211 3271 tia,
2243 3204 2414 3260 altera
2463 3220 2527 3259 ex
2579 3213 2727 3275 parte
2770 3206 3026 3261 habentia
3060 3207 3230 3262 aciem
3270 3210 3426 3277 quasi
3463 3210 3689 3280 spatha),
3780 3260 3783 3263 γ

2113 3297 2283 3350 altera
2342 3311 2407 3351 ex
2465 3308 2620 3367 parte
2652 3298 2820 3367 quasi
2854 3298 3024 3364 hastre
3074 3300 3380 3368 cuspidem,
3404 3317 3528 3355 cum
3558 3302 3679 3355 the~

2112 3391 2193 3445 cis
2216 3406 2283 3444 ex
2310 3390 2562 3460 pellibus,
2585 3401 2639 3447 et
2662 3391 2924 3463 bastagia,
2951 3392 3255 3460 lemoralia,
3278 3393 3330 3449 id
3354 3402 3458 3461 est,
3480 3394 3696 3464 gladios

2112 3496 2343 3551 magnos
2377 3498 2543 3537 unam
2575 3484 2753 3539 solum
2781 3484 2955 3539 aciem
2994 3485 3287 3541 habentes.

2178 3674 2233 3730 4.
2264 3674 2479 3741 Lorica,
2509 3675 2560 3730 id
2590 3683 2693 3738 est,
2714 3675 2882 3746 galeae
2908 3688 3081 3745 usque
3110 3674 3176 3729 ad
3203 3673 3451 3745 jugulum
3488 3676 3688 3732 demis-

2107 3782 2183 3823 sa:
2212 3767 2341 3824 loris
2366 3767 2665 3838 etlannulis
2703 3782 2828 3822 cum
2859 3768 3035 3823 thccis
3062 3768 3323 3823 coriaccis
3361 3785 3376 3835 ;
3404 3776 3458 3823 et
3490 3768 3536 3823 si
3570 3769 3686 3823 ﬁeri

2109 3870 2308 3932 potest,
2339 3860 2523 3915 omnia
2569 3860 2682 3916 sint
2716 3867 2964 3915 catenata
3003 3876 3019 3927 ;
3067 3860 3151 3916 sin
3189 3861 3391 3925 minus,
3436 3861 3686 3931 quaedam

2104 3968 2171 4007 ex
2215 3953 2321 4007 illis
2355 3967 2555 4006 cornea
2589 3952 2772 4023 aliqua
2804 3952 3057 4017 materia,
3085 3953 3167 4005 vel
3208 3951 3431 4007 siccatis
3465 3952 3688 4007 bubalo—

2107 4059 2228 4097 rum
2255 4042 2488 4113 pellibus
2520 4042 2727 4113 junctis
2756 4060 2773 4107 ;
2810 4041 3180 4113 superloricas
3211 4051 3409 4106 vestes,
3451 4041 3683 4099 clibania

2104 4133 2302 4201 ferrea,
2329 4134 2415 4189 vel
2442 4150 2506 4189 ex
2538 4135 2641 4190 alia
2668 4134 2944 4204 quapiam,
2970 4143 3029 4188 ut
3064 4134 3271 4189 dictum
3298 4142 3403 4199 est,
3431 4135 3680 4190 materia.

2102 4227 2357 4284 Cassides
2387 4227 2649 4299 integras,
2678 4228 2948 4293 manicas,
2988 4240 3182 4282 ocreas
3220 4227 3444 4295 ferreas,
3486 4229 3570 4284 vel
3614 4244 3681 4285 ex

2103 4321 2209 4376 alia
2247 4321 2528 4392 quapiam,
2561 4329 2622 4375 ut
2649 4319 2858 4375 dictum
2888 4329 2993 4385 est,
3036 4320 3286 4384 materia,
3318 4329 3534 4391 propter
3562 4336 3679 4390 eos,

2102 4414 2195 4484 qui
2232 4428 2338 4468 non
2376 4412 2575 4468 habent
2596 4411 2825 4469 collaria
2856 4420 3106 4468 catenata
3138 4410 3505 4477 ferrea,tecta
3532 4414 3679 4471 intus

2102 4506 2247 4572 lana,
2290 4506 2425 4563 loris
2472 4506 2620 4573 lino;
2674 4496 2873 4561 nerves
2910 4513 2965 4560 et
3008 4504 3121 4559 lora
3156 4518 3186 4557 a
3222 4504 3525 4566 cetlduclis,
3558 4520 3679 4575 qua

2099 4607 2157 4655 et
2189 4599 2304 4668 ipsa
2344 4599 2452 4653 sint
2487 4597 2765 4667 galearum
2800 4597 2934 4663 vice,
2969 4596 3037 4650 iis
3070 4595 3164 4666 qui
3198 4596 3374 4650 ferrea
3414 4595 3675 4651 cenducla

2102 4708 2210 4747 non
2241 4692 2461 4748 habent.
2484 4690 2698 4746 Fardea
2734 4690 2926 4745 induat
2959 4689 3116 4744 miles
3145 4704 3272 4745 cum
3303 4689 3490 4755 armis,
3538 4690 3678 4746 sole-

2099 4787 2252 4841 naria
2287 4802 2409 4841 cum
2445 4784 2626 4855 parvis
2651 4783 2884 4855 sagittis,
2922 4792 2975 4837 et
3002 4782 3221 4837 cucuris
3244 4782 3377 4851 ipsis
3408 4800 3424 4848 ;
3458 4781 3676 4851 fundas,

2098 4877 2437 4949 sell0pungia
2471 4892 2691 4946 magna,
2724 4875 3032 4945 pyrecbola,
3064 4874 3114 4929 id
3146 4883 3249 4940 est,
3282 4874 3458 4945 ignem
3487 4875 3673 4945 jacen-

2096 4971 2192 5035 tia,
2227 4971 2391 5035 iscas,
2425 4970 2729 5035 lorosacca,
2768 4971 2962 5041 pedila,
3000 4970 3050 5024 id
3081 4977 3184 5037 est,
3215 4971 3426 5026 calceos
3459 4970 3676 5027 lunatos

2095 5064 2302 5120 ferreos
2332 5080 2455 5119 cum
2483 5063 2615 5133 ipsis
2637 5065 2905 5134 carphiis;
2936 5064 3136 5131 rhinia,
3166 5063 3371 5134 suglia,
3396 5064 3672 5131 frontalia,

2095 5171 2363 5226 equorum
2407 5156 2704 5226 pectoralia
2737 5156 2935 5220 ferrea,
2967 5157 3051 5212 vel
3092 5172 3122 5210 a
3168 5155 3449 5213 cenduclis
3482 5155 3619 5212 facta
3655 5196 3670 5223 ,

2096 5257 2151 5303 et
2172 5264 2442 5319 equorum
2479 5249 2700 5304 collaria
2730 5248 3000 5305 similiter.

1952 5434 2180 5493 NOTJE.

473 5520 587 5591 (50)
630 5519 951 5592 Ῥιπτὰρια.
983 5525 1042 5581 1η
1094 5528 1286 5584 codice
1335 5529 1501 5585 Checi
1554 5530 1767 5584 videtur
1816 5531 1987 5589 fuisse

401 5592 680 5716 aucupi-at.
714 5592 821 5649 Sed
857 5596 1121 5668 ριπτὰρια
1152 5600 1345 5657 melius
1364 5610 1469 5657 est.
1492 5600 1625 5656 Vide
1649 5601 1983 5659 Glossarium

457 5667 652 5716 maltu.
692 5672 747 5716 et
779 5674 1051 5716 nostrum.

456 5662 652 5731 igaltii,
692 5672 747 5717 et
779 5662 1051 5721 nolstrum'.

469 5732 584 5814 ςδι)
614 5733 987 5814 Ιζυ-ρέκϐολα,
1010 5736 1109 5791 καὶ
1128 5738 1344 5814 ὖσξιας.
1370 5740 1747 5814 Scribebatur,
1767 5744 1972 5814 παρέκ-

399 5802 678 5881 ρολα,⁷κα“ι
699 5804 916 5881 ζσακας.
948 5802 1337 5881 constantinus
1372 5812 1423 5865 in
1454 5813 1675 5865 Tacu'cis
1704 5802 1977 5881 ίῖφὲνδοτ

400 5872 530 5929 me
588 5874 820 5947 μεγάλα,
872 5878 1200 5949 πυρέκόολα,
1253 5881 1344 5937 καὶ
1400 5883 1581 5937 ὖσκαι.
1633 5881 1750 5939 Jam
1807 5872 1972 5955 ἶὸσκα,

718 6050 761 6080 ν

2092 5544 2173 5588 est
2203 5534 2399 5602 fomesL
2421 5531 2791 5602 ignitabulum.
2832 5529 3029 5585 Suidas
3059 5548 3071 5583 :
3108 5529 3271 5596 ὖσκα,
3303 5532 3549 5602 ὀψάριον,
3572 5531 3669 5587 καὶ

2091 5603 2246 5671 ξύλον
2278 5607 2333 5658 ὲν
2367 5597 2409 5671 ᾧ
2435 5601 2667 5655 ἅπτεται
2695 5601 2826 5670 πῦρ.

2160 5676 2269 5746 (52)
2346 5673 2628 5746 Σουδαία.
2690 5673 2744 5727 In
2768 5671 2964 5746 codice
2988 5672 3149 5746 Checi
3184 5672 3661 5746 _videtur_fuisse

2082 5742 2329 5875 Scopae,
2360 5753 2414 5802 ct
2442 5745 2523 5801 sic
2552 5758 2767 5815 semper
2801 5743 3063 5800 scribitur
3097 5745 3150 5799 in
3174 5743 3385 5801 Glossis
3436 5742 3658 5801 Graeco-

2123 5835 2181 5873 ar
2220 5832 2357 5873 aris.

2123 5832 2357 5873 arbarts.
