4086 6326
507 325 610 395 123

1736 319 2014 383 LEONIS
2051 315 2512 381 PHILOSOPHI

3666 307 3772 373 72L

577 437 634 492 ι.
668 433 724 492 Si
758 433 868 492 ﬂeri
887 441 1085 507 potest,
1115 433 1350 490 habeant
1370 431 1629 497 clibauia.
1652 447 1803 502 quos.
1825 432 2078 487 thoraces
2104 485 2105 490 η

2248 428 2311 484 δ’.
2335 429 2396 482 Εἰ
2462 424 2688 482 δυνατὸν
2721 424 2780 481 δὲ
2813 422 2908 480 καὶ
2935 421 3192 495 θώρακας
3228 421 3396 493 ἔχειν,
3432 419 3631 486 οἵτινες
3671 439 3772 476 κα·-

507 537 724 595 vocant,
765 543 970 600 eosque
1021 527 1261 584 illustres
1317 540 1382 582 ac
1428 525 1787 598 splendidos;
1836 532 1893 580 et
1926 523 2084 578 ποδό-

505 622 697 696 oena.
728 630 784 679 et
814 621 1233 694 πτερνιστῆρας,
1263 635 1384 691 quae
1412 635 1589 677 ocrea:
1619 621 1997 686 nominantur,
2027 627 2085 675 et

509 716 890 789 superlorlcas,
923 715 970 772 si
999 715 1220 787 quando
1250 729 1386 785 opus
1415 713 1555 783 illis,
1587 713 1842 771 induant.

582 894 636 950 5.
661 893 862 950 Omnes
894 903 1076 951 autem
1107 892 1569 951 adolescentiores
1591 872 1884 950 homauos
1911 909 2091 966 usque

512 992 580 1044 ad
645 987 1005 1060 quadraginta
1080 1003 1350 1044 annorum
1425 973 1682 1051 atatem,
1768 1003 2086 1059 quanquam

513 1097 705 1153 parum
773 1082 857 1138 vel
911 1081 1046 1138 nihil
1097 1081 1275 1138 sciant
1316 1081 1637 1153 sagittarum
1683 1081 2086 1152 jaciendarum,

515 1192 697 1248 coges,
737 1193 921 1233 arcum
973 1187 1030 1233 et
1088 1177 1402 1248 pharetram
1458 1186 1674 1248 gestare
1719 1194 1734 1232 :
1798 1186 2089 1248 postquam

515 1268 658 1323 enim
679 1283 770 1324 ars
789 1268 1070 1339 sagittaria
1093 1277 1403 1338 contempta
1429 1276 1724 1339 spretaque
1751 1283 1875 1324 esse
1901 1267 2086 1339 coepit,

517 1360 800 1430 permultae
836 1359 1100 1415 Romanis
1131 1359 1458 1415 offensiones
1489 1359 1844 1415 accedebant.

590 1449 644 1508 6.
687 1449 902 1506 Habeas
930 1451 1094 1506 etiam
1118 1451 1305 1507 hastas
1347 1451 1508 1516 duas,
1540 1461 1599 1506 ut
1628 1454 1797 1507 altera
1833 1451 2094 1508 deﬁcien-

521 1551 596 1609 te,
658 1543 828 1599 altera
872 1543 1054 1600 statim
1081 1543 1159 1597 uti
1196 1545 1394 1614 possis.
1450 1544 1884 1616 lmperitioribus
1930 1560 2093 1602 arcus

2184 517 2402 571 λοῦνται
2421 514 2516 570 νῦν
2537 513 2813 578 κλιϐάνια,
2837 511 2933 567 καὶ
2960 512 3102 566 αὐτὰ
3128 509 3359 564 στιλπνὰ
3395 509 3492 562 καὶ
3525 507 3770 579 λαμπρά.

2186 609 2299 665 Kal.
2321 606 2741 681 περικνημίδας,
2768 604 2927 660 ἅτινα
2947 604 3169 672 λέγεται
3197 602 3295 657 νῦν
3328 599 3646 667 ποδόψελλα,
3683 602 3776 655 καὶ

2187 702 2592 774 πτερνιστῆρας
2624 699 2832 754 ἐνίοτε·
2891 697 3039 771 ἔχειν
3095 696 3154 751 δέ
3205 694 3305 751 καί
3337 692 3646 766 ἐπιλώρικα
3687 692 3776 747 ὅτε

2186 792 2346 864 χρεία
2369 791 2763 862 ἐπενδυόμενα.

2257 892 2324 942 ε’.
2343 885 2556 949 Πάντας
2571 884 2629 939 δέ
2644 885 2772 948 τοὺς
2791 881 3096 953 νεωτέρους
3116 875 3428 947 Ῥωμαίους
3445 876 3574 948 ἄχρι
3586 891 3782 931 τεσσα-

2189 980 2429 1052 ράκοντα
2452 978 2589 1034 ἐτῶν
2609 973 3044 1046 ἀναγκάζεσθαι,
3063 975 3173 1028 εἴτε
3193 969 3396 1045 [κατὰ]
3420 969 3578 1040 λόγον
3603 969 3782 1025 οἴδασι

2187 1071 2442 1138 τοξεῦσαι
2468 1071 2579 1126 εἴτε
2607 1071 2703 1126 καὶ
2732 1069 2995 1141 μετρίως,
3029 1064 3126 1122 τοῦ
3152 1066 3376 1128 πάντως
3402 1062 3784 1134 τοξοφάρετρα

2189 1169 2403 1240 φορεῖν.
2434 1168 2547 1238 Τῆς
2577 1167 2689 1236 γάρ
2721 1162 2939 1230 τοξείας
2965 1158 3252 1225 παντελῶς
3283 1156 3657 1231 ἀμεληθείσης
3687 1155 3784 1210 καὶ

2189 1263 2562 1334 διαπεσούσης
2599 1263 2659 1316 ἐν
2689 1261 2803 1326 τοῖς
2837 1257 3130 1330 Ῥωμαίοις
3167 1256 3239 1310 τά
3283 1253 3456 1309 πολλά
3481 1251 3578 1308 νῦν
3623 1250 3784 1306 εῑωθα

2193 1358 2490 1430 σφάλματα
2519 1355 2791 1426 γίνεσθαι.

2264 1456 2339 1514 ς’.
2381 1449 2569 1518 Ἔχειν
2595 1444 2654 1499 δέ
2686 1443 2782 1498 καὶ
2811 1440 3076 1514 κοντάρια
3118 1438 3235 1502 δύο,
3273 1437 3362 1492 ἶνα
3380 1433 3479 1490 τοῦ
3525 1433 3667 1502 ἐνὸς,
3705 1432 3785 1498 ὥς

2191 1543 2363 1610 είκδς,
2399 1538 2762 1612 ἀστοχοῦντος
2816 1537 2914 1611 ἔχῃ
2945 1538 3008 1592 τὸ
3035 1534 3167 1591 ἀλλο
3195 1537 3276 1599 είς
3319 1535 3538 1606 χρῆσιν,
3566 1531 3692 1594 τοὺς
3722 1528 3786 1585 δέ

521 1632 911 1690 imbecilliores
935 1632 1065 1690 dato
1093 1650 1110 1701 ;
1138 1649 1452 1704 quanquam
1483 1634 1627 1689 enim
1662 1635 1891 1705 sagittas
1907 1634 2094 1705 jacere

2206 1635 2581 1706 ὶπειροτέρους
2604 1629 2933 1703 ἁπαλώτερα
2956 1630 3103 1701 ἔχειν
3131 1626 3380 1697 τοξάρια.
3403 1625 3524 1679 Κᾶν
3549 1622 3658 1693 γὰρ
3684 1620 3787 1674 οὐκ

521 1722 793 1790 nesciunt,
818 1732 1060 1795 tempore
1090 1733 1273 1780 tamen
1316 1724 1529 1782 discere
1557 1727 1924 1794 conabuntur,
1947 1727 2092 1798 quod

2206 1729 2371 1783 olidam
2394 1725 2666 1794 τοξεύειν,
2689 1722 2770 1796 τῷ
2795 1723 2975 1795 χρόνῳ
2995 1718 3377 1792 ἐπιτηδεύουσι
3407 1715 3626 1788 μαθεῖν,
3649 1714 3796 1784 ὅπερ

523 1814 582 1872 in
610 1816 802 1885 primis
839 1816 1181 1873 conducibile
1210 1827 1313 1874 est.

2206 1821 2305 1875 τῶν
2334 1819 2675 1890 ἀναγκαίων.
3296 1874 3298 1876 τ

592 1872 649 1960 ἦ.
686 1906 741 1961 Si
769 1906 822 1962 id
855 1872 1170 1963 commode
1347 1916 1545 1975 potest,
1573 1907 1860 1976 rhictaria,
1894 1908 1948 1964 id
1986 1919 2094 1978 est,

2211 1872 2429 1981 mirati
2559 1872 2785 1966 δυνατὸν
2819 1907 2917 1963 καλ⁸
2941 1906 3167 1962 ἀκόντια
3202 1874 3323 1977 ἦτοι
3355 1902 3611 1976 ρικτάρια
3643 1898 3797 1972 ἔχειν

519 1995 704 2070 jacula
731 1997 788 2054 in
821 1997 1008 2055 hostes
1034 1999 1351 2071 conjiciant.
1387 1998 1639 2071 Equitem
1664 2000 1829 2072 igitur
1858 2000 1926 2056 ad
1951 2001 2098 2058 hunc

2206 2005 2306 2072 Eo);
2328 2005 2442 2068 δύο,
2467 2003 2556 2058 ἵνα
2591 2003 2655 2058 ἐν
2680 1999 2861 2072 καιρῷ
2895 1999 2990 2053 καὶ
3032 1997 3296 2070 ἀκοντίσῃ
3327 1995 3472 2050 κατὰ
3503 1992 3603 2048 τοῦ
3634 1990 3793 2048 πολε·-

524 2090 750 2148 tnodum
782 2092 1048 2149 armabis.

2206 2098 2353 2170 μίου.
2383 2095 2496 2152 Καὶ
2538 2095 2631 2151 τὸν
2675 2093 2776 2167 μέν
2815 2094 2990 2148 ίππέα
3034 2087 3375 2161 στρατιώτην
3421 2085 3597 2150 οὕτως
3643 2082 3792 2138 ὁπλί-

1022 2229 1025 2232 .
2201 2206 2341 2252 σεις.

597 2269 654 2327 8.
691 2269 829 2343 Equi
877 2281 1101 2338 autem,
1150 2270 1245 2329 sed
1295 2271 1673 2343 praefectorum
1727 2272 2105 2344 potissimum,

2268 2278 2343 2355 η’.
2376 2279 2517 2344 Τοὺς
2539 2278 2597 2333 δὲ
2621 2278 2823 2342 ίππους
2844 2276 2942 2334 καὶ
2974 2276 3212 2350 μάλιστα
3237 2274 3346 2331 τῶν
3373 2271 3791 2346 ἀρχόντων,,καῑ

526 2363 975 2436 reliquorumque
1030 2367 1296 2422 lectorum
1345 2366 1612 2432 virorum,
1665 2368 1993 2437 pectoralia,
2049 2377 2104 2424 et

2206 2375 2315 2428 τῶν
2343 2371 2544 2426 λοιπῶν
2587 2369 2919 2436 ἐπιλέκτων,
2950 2365 3316 2441 πμμετὼπια
3343 2365 3512 2439 ἔχειν,
3541 2364 3640 2422 καὶ
3665 2380 3794 2436 m-

528 2450 781 2507 frontalia
799 2453 878 2508 vel
896 2453 1090 2520 ferrea,
1107 2452 1188 2508 vel
1202 2468 1266 2508 ex
1289 2454 1566 2509 cenduclis
1582 2453 1725 2509 facta
1745 2455 1999 2521 habeant,
2019 2457 2105 2512 vei

2206 2466 2389 2538 θάρια,
2431 2463 2466 2535 ἢ
2512 2463 2731 2535 σιδηρᾶ,
2759 2464 2795 2535 ἢ
2839 2461 2949 2516 ἀπὸ
2998 2459 3359 2527 κενδούκλων,
3398 2452 3511 2514 οἷον
3545 2456 3787 2527 νευρικά.

528 2557 652 2614 quae
680 2559 746 2598 ex
774 2544 954 2600 nervis
983 2543 1310 2607 efﬁciuntur.
1343 2553 1398 2600 et
1432 2554 1688 2616 tegantur
1725 2558 1946 2617 pectora
1981 2548 2104 2604 illo-

2206 2556 2318 2613 Καὶ
2344 2553 2642 2610 σκέπεσθαι
2674 2553 2742 2608 τά
2773 2553 2944 2625 στήθη
2973 2550 3221 2616 καὶτοὺς
3259 2549 3563 2622 τραχήλους
3587 2547 3790 2613 αὐτῶν,

530 2650 676 2702 rum,
695 2643 749 2689 et
768 2635 926 2698 colla,
949 2635 992 2691 si
1009 2635 1124 2691 fieri
1150 2638 1340 2707 possit,
1357 2647 1409 2691 et
1425 2647 1642 2692 ventres
1660 2653 1754 2707 per
1773 2654 1936 2708 parva
1956 2655 2105 2709 quae-

2206 2651 2256 2704 εί
2293 2648 2540 2712 δυνατὸν,
2573 2648 2670 2702 καὶ
2701 2645 2803 2711 τὰς
2845 2645 3056 2709 κοιλίας
3099 2643 3190 2698 διὰ
3230 2643 3445 2715 μικρῶν
3474 2644 3794 2714 ἀποκρεμα-

530 2729 656 2783 dam
706 2739 1170 2799 apocremasmata
1199 2745 1413 2798 eorum,
1449 2747 1571 2799 quae
1614 2731 1802 2789 [eletra
1842 2735 2103 2792 sellarum

2208 2744 2432 2816 σμάτων
2461 2742 2568 2796 ἀπὸ
2594 2741 2704 2795 τῶν
2754 2739 3074 2813 λεγομένων
3098 2736 3416 2810 ἀφελέτρων
3441 2736 3545 2808 τῆς
3579 2736 3792 2802 σέλὶας.

528 2820 820 2888 dicuntur;
876 2837 906 2876 a
957 2824 1170 2894 magnis
1235 2823 1380 2880 enim
1438 2841 1581 2896 saepe
1623 2826 1881 2896 periculis
1935 2844 2105 2899 equos

2207 2837 2479 2906 Μεγάλων
2501 2834 2610 2907 γάρ
2636 2832 2812 2889 ταῦτα
2842 2831 3110 2887 κινδύνων
3139 2831 3406 2896 πολλάκις
3429 2830 3558 2895 τοὺς
3592 2827 3796 2892 ἵππους

530 2912 786 2978 liberant,
831 2923 993 2986 atque
1044 2917 1182 2972 adeo
1211 2916 1361 2988 ipsos
1391 2921 1628 2989 equites.
1661 2917 1788 2977 Haec
1819 2922 1872 2976 in
1914 2925 2105 2994 primis

2206 2929 2554 2995 διασώζουσι,
2574 2928 2670 2984 καὶ
2690 2926 2756 2983 δι’
2777 2927 2960 2982 αὐτῶν
2980 2926 3108 2990 τοὺς
3127 2925 3218 2980 ἐπ’
3236 2924 3419 2980 αὐτῶν
3439 2922 3796 2996 ὀχουμένους.

532 3005 767 3062 habeant
797 3006 897 3073 illi,
928 3008 1022 3078 qui
1052 3017 1281 3068 caeteros
1317 3010 1374 3067 in
1405 3012 1550 3068 bello
1583 3022 1867 3080 anteeant.

2209 3021 2396 3078 Ταῦτα
2421 3022 2479 3077 δὲ
2502 3021 2649 3092 ἔχειν
2679 3021 2776 3076 καὶ
2809 3019 3046 3092 μάλιστα
3073 3018 3201 3082 τοὺς
3225 3015 3704 3090 προτασσομὲνους
3736 3015 3803 3071 ἐν

599 3183 654 3243 9.
708 3186 773 3242 Et
809 3187 956 3242 sella:
1005 3187 1241 3245 habeant
1278 3191 1500 3262 episelia
1549 3192 1760 3249 hirsuta
1793 3202 1850 3250 et
1891 3209 2105 3267 magna.

2208 3114 2487 3264 deﬁgi
2513 3205 2571 3260 αἱ
2606 3203 2792 3260 σέλλαι
2817 3202 2876 3258 δὲ
2907 3203 3181 3276 ἐχέτωσαν
3209 3201 3489 3256 ἐπισέλλια
3507 3199 3678 3255 δασέα
3702 3198 3814 3254 καὶ

532 3275 710 3336 Frena
739 3288 921 3336 autem
951 3281 1169 3337 illorum
1209 3281 1400 3339 idonea
1436 3285 1549 3341 sint
1570 3294 1625 3341 et
1655 3285 1840 3344 fortia.

606 3459 694 3514 10.
734 3460 814 3514 Ad
865 3461 1025 3518 sellas
1065 3463 1204 3520 duas
1235 3463 1441 3523 ferreas
1487 3467 1663 3524 scalas
1690 3477 1745 3524 et
1775 3468 2108 3536 lorosocum,

533 3559 592 3606 et
619 3551 877 3621 pedilum,
903 3565 959 3609 et
986 3555 1408 3628 sellopungium,
1441 3568 1503 3614 ut
1533 3575 1644 3630 quo
1675 3569 1918 3634 tempore
1941 3563 2110 3618 advo-

533 3655 692 3702 catur
726 3647 922 3717 aliquis
946 3648 1194 3706 suﬂicere
1222 3663 1499 3722 sumptum
1529 3653 1762 3709 duorum
1808 3665 1900 3710 aut
1943 3656 2109 3712 trium

534 3737 748 3793 dierum
789 3741 998 3810 possit;
1045 3753 1098 3798 et
1130 3744 1315 3814 tuphia
1348 3745 1414 3800 ad
1457 3747 1814 3817 opistbelinas
1848 3758 2110 3820 quatuor,

534 3840 590 3886 et
621 3833 915 3898 verticalia,
953 3837 1076 3907 equi
1108 3838 1378 3908 tuphium,
1410 3848 1463 3896 et
1487 3841 1740 3899 similiter
1764 3842 2110 3918 ὐπογήνειον,

536 3923 592 3980 id
621 3933 725 3991 est,
753 3938 1143 3986 summentum.

607 4018 693 4074 11.
742 4018 978 4078 Omnino
1019 4032 1200 4079 autem
1233 4027 1470 4096 equitem
1521 4027 1721 4084 habere
1764 4039 1980 4100 Oportet
2013 4032 2108 4086 tzi-

536 4125 724 4168 curem
776 4114 1110 4186 ancipitem,
1165 4133 1331 4173 unam
1393 4120 1567 4175 aciem
1627 4119 1803 4178 instar
1867 4123 2113 4194 cuspidis

535 4205 710 4261 hastae
740 4206 977 4278 longam,
1005 4217 1062 4265 et
1092 4220 1308 4267 acutam
1338 4211 1391 4267 in
1423 4212 1558 4269 sella
1587 4227 1716 4269 cum
1741 4213 1896 4271 theca
1926 4215 2110 4272 coria-

535 4310 631 4352 cea
663 4297 1012 4367 pendentem.

609 4389 699 4445 12.
721 4387 914 4448 Vestes
933 4393 1317 4459 militum,sive
1336 4395 1449 4451 sint
1465 4395 1643 4462 linem,
1657 4395 1774 4452 sive
1791 4395 2114 4461 laneasive

535 4497 603 4537 ex
642 4481 748 4537 alia
778 4485 1028 4550 materia,
1059 4486 1198 4541 latas
1229 4501 1355 4543 esse
1380 4496 1611 4557 oportet,
1648 4497 1707 4544 ut
1744 4490 1812 4544 ad
1855 4490 2111 4563 equitan-

537 4575 666 4632 dum
695 4592 802 4634 nou
855 4578 1240 4649 impediantur,
1290 4590 1343 4636 et
1402 4588 1582 4652 tegant
1628 4592 1888 4653 praeterea
1935 4597 2114 4658 genua

537 4669 781 4739 illorum,
802 4682 857 4728 et
881 4672 1054 4744 magis
1077 4674 1259 4730 decori
1289 4674 1439 4731 ﬁant.
2037 4676 2040 4678 ⁷

612 4849 702 4904 15.
739 4847 964 4919 Oportet
984 4865 1116 4905 vero
1145 4850 1406 4906 cenducla
1429 4850 1632 4907 habere
1659 4850 1768 4908 lata
1796 4853 2116 4922 admodum,

539 4959 662 5016 qua:
692 4944 926 4998 habeant
960 4945 1122 4999 etiam
1155 4945 1387 5000 manicia
1423 4945 1554 5013 lata,
1590 4953 1651 5001 ut
1674 4961 1798 5002 cum
1826 4960 2116 5005 armantur

541 5039 641 5104 illi,
678 5047 735 5093 et
765 5046 978 5108 gestant
1013 5039 1180 5094 zabas
1215 5048 1377 5110 atque
1415 5055 1596 5108 arcus,
1630 5040 1701 5105 si,
1756 5044 2115 5111 quemadmo-

541 5128 670 5183 dum
722 5143 865 5197 saepe
916 5128 997 5195 lit,
1035 5129 1316 5199 contingat
1358 5130 1597 5201 pluviam
1634 5147 1778 5196 esse,
1801 5139 1896 5186 aut
1931 5146 2113 5187 aerem

543 5219 905 5274 humidiorem
938 5257 954 5283 ,
1003 5235 1224 5274 currum
1280 5235 1441 5276 suum
1502 5231 1848 5289 conservent,
1903 5229 1958 5278 et
2004 5237 2116 5278 non

546 5312 934 5382 impediantur,
992 5312 1108 5368 sive
1138 5313 1410 5379 arcubus,
1446 5315 1562 5371 sive
1598 5316 1772 5371 scutis
1815 5315 1890 5370 uti
1930 5316 2117 5372 volue-

547 5405 677 5460 rint.
737 5404 877 5461 Sunt
909 5420 1038 5461 vero
1067 5406 1229 5462 etiam
1271 5407 1537 5462 cenduela
1569 5409 1625 5463 in
1646 5405 2119 5478 explorationibus

546 5505 605 5554 et
632 5498 827 5570 vigiliis
862 5499 1265 5570 pernecessaria
1305 5516 1320 5566 ;
1361 5515 1470 5556 non
1503 5509 1766 5571 apparent
1791 5500 1935 5555 enim
1971 5498 2121 5554 zabae

2215 3298 2445 3372 μεγάλα,
2472 3297 2569 3354 καὶ
2591 3296 2662 3352 τὰ
2682 3295 2974 3369 χαλινάρια
3007 3293 3191 3350 αὐτῶν
3219 3294 3502 3366 ἐπιτήδεια
3526 3292 3807 3360 εστωσαν,

2211 3393 2307 3448 καὶ
2335 3390 2555 3463 ίσχυρά.

2282 3485 2339 3543 ι’.
2362 3488 2458 3552 Εἰς
2481 3487 2540 3542 δὲ
2566 3485 2666 3550 τάς
2700 3485 2892 3550 σέλλας
2919 3484 3025 3550 τὰς
3054 3483 3149 3538 δύο
3185 3482 3415 3556 σιδηρᾶς
3441 3481 3672 3548 σκάλας,
3703 3481 3809 3538 και

2209 3577 2523 3651 λωρόσακον
2546 3578 2682 3649 (62),
2710 3578 2806 3632 καὶ
2835 3577 3110 3643 πέδικλον,
3146 3577 3242 3631 καὶ
3288 3574 3718 3648 σελλοπούγγην,
3741 3577 3802 3630 ἐν

2209 3663 2254 3740 ᾧ
2281 3669 2458 3741 καιρῷ
2492 3670 2784 3733 καλοῦντος
2812 3667 3037 3724 δυνατόν
3066 3669 3183 3723 ἐστι
3227 3667 3324 3723 καὶ
3351 3669 3519 3740 τριῶν
3545 3669 3578 3741 ἦ
3604 3667 3800 3723 τεσσά-

2216 3780 2323 3834 ρων
2351 3762 2575 3834 ἡμερῶν
2600 3763 2848 3834 δαπάνην
2870 3762 3142 3833 χωρῆσαι.
3164 3761 3275 3815 Καὶ
3294 3760 3494 3830 τουφία
3522 3759 3581 3815 δέ
3601 3761 3684 3825 εἰς
3703 3759 3807 3825 τὰς

2211 3853 2589 3919 όπισθελλίνας
2643 3855 2908 3925 τέσσαρα.
2947 3854 3058 3908 Kai.
3105 3852 3425 3924 κορυφάδην
3474 3849 3572 3905 τοῦ
3628 3851 3812 3906 ἵπποιο

2210 3948 2400 4015 τουφὶν
2426 3945 2563 4016 (65),
2593 3945 2690 3998 ttat
2709 3944 3035 4016 ὐπογήνειον
3063 3943 3291 4015 ὁμοίως.

2287 4033 2382 4092 ια’.
2419 4036 2644 4098 Πάντως
2689 4033 2747 4088 δέ
2792 4033 2939 4104 ἔχειν
2981 4031 3064 4087 δεῖ
3105 4032 3200 4086 τὸν
3242 4029 3608 4103 καδαλλάριον
3637 4045 3806 4100 στραο

2209 4125 2412 4196 τιώτην
2431 4125 2527 4180 καὶ
2545 4123 2824 4194 τξικοῦριν
2849 4121 3127 4193 δίστομον,
3150 4121 3213 4175 τὸ
3241 4119 3303 4174 ἐν
3330 4119 3508 4190 στόμα
3537 4117 3695 4185 τάξιν
3721 4118 3802 4185 ξί-

2211 4235 2346 4288 φους
2398 4215 2686 4286 κονταρίου
2731 4215 2943 4287 μακρὸν
3006 4214 3106 4268 καὶ
3156 4210 3251 4278 ὀξὺ
3276 4250 3294 4277 ,
3339 4211 3806 4285 ἀποκρεμάμενον

2215 4310 2357 4382 μετά
2377 4309 2641 4380 θηκαρίου
2663 4306 2989 4380 δερματίνου
3017 4306 3076 4359 ἐν
3095 4305 3163 4375 τῇ
3195 4303 3384 4376 uiua.

2285 4400 2375 4473 ιβ’.
2405 4401 2487 4455 Τά
2514 4399 2569 4453 δὲ
2599 4398 2790 4470 ἱμάτια
2839 4397 2947 4450 τῶν
2994 4394 3367 4466 στρατιωτῶν,
3400 4393 3513 4448 εἴτε
3556 4392 3681 4448 λινᾶ
3723 4395 3803 4451 εί.

2214 4491 2322 4558 civ,
2343 4492 2456 4546 εἴτε
2489 4491 2547 4559 ἐξ
2574 4491 2746 4560 ἐρίου,
2782 4489 2815 4560 ἦ
2850 4488 3044 4560 ἐτέρας
3081 4487 3236 4558 ὕλης,
3258 4487 3472 4541 πλατέα
3516 4486 3602 4540 δεῖ
3637 4482 3808 4550 εἶναι,

2217 4585 2303 4639 Eva
2331 4585 2388 4639 ἐν
2417 4582 2495 4655 τῷ
2525 4580 2944 4637 καδαλλικεύειν
2973 4580 3050 4652 μὴ
3070 4579 3496 4651 ἐμποδίζωνται,
3545 4580 3684 4635 ἀλλὰ
3710 4579 3804 4635 καὶ

2218 4676 2532 4727 σκέπωνται
2554 4671 2622 4726 δι’
2645 4671 2828 4726 αὐτῶν
2844 4670 2914 4725 τά
2938 4669 3143 4739 γόνατα
3172 4669 3375 4736 αὐτῶν,
3400 4669 3494 4723 καὶ
3532 4667 3705 4742 εὖσχη
3715 4687 3804 4742 μοι

2218 4764 2540 4836 φαίνωνται.

2293 4854 2382 4924 ιγ’.
2414 4854 2536 4926 Χρὴ
2557 4853 2614 4907 δὲ
2635 4853 2730 4910 καὶ
2751 4852 3047 4907 κένδουκλα
3073 4849 3220 4923 ἔχειν
3245 4850 3454 4906 πλατέα
3482 4849 3626 4905 πάνυ
3648 4851 3807 4926 ἔχονμ-

2215 4965 2285 5002 τα
2312 4949 2538 5018 μανίκια
2561 4947 2789 5011 πλατέα,
2825 4945 2912 4999 ἵνα
2936 4946 2994 4997 ἐν
3017 4941 3096 5015 τῷ
3123 4943 3448 5015 όπλισθῆναι
3478 4943 3679 5007 αὐτοὺς
3709 4947 3806 5000 καὶ

2217 5043 2404 5112 φορεῖν
2432 5041 2530 5102 τὰς
2549 5036 2724 5102 ζώνας
2748 5036 2840 5092 καὶ
2860 5034 2931 5089 τὰ
2948 5035 3198 5106 τοξάρια,
3227 5034 3344 5100 ἐὰν,
3371 5033 3447 5099 ὡς
3467 5033 3637 5102 εἰκὸς,
3661 5052 3803 5107 συμ-

2217 5131 2286 5202 δῇ
2335 5129 2533 5200 βροχὴν
2579 5128 2856 5197 γενέσθαι,
2895 5124 2928 5196 ἢ
2959 5125 3256 5197 ὑγρότερον
3289 5126 3383 5180 τὸν
3421 5125 3562 5197 ἀέρα
3608 5125 3678 5180 ἐκ
3705 5125 3806 5195 τῆς

2216 5223 2434 5294 δρόσου,
2471 5220 2761 5293 φοροῦντες
2803 5218 2943 5274 αὐτὰ
2977 5218 3166 5272 ἐπάνω
3206 5218 3320 5270 τῶν
3349 5217 3530 5282 ζασῶν
3568 5219 3803 5272 καὶτῶν

2217 5314 2484 5384 τοξαρίων
2510 5312 2821 5382 φυλάττωσι
2863 5311 2925 5363 τὸ
2964 5310 3118 5380 ἅρμα
3147 5308 3350 5375 αὐτῶν,
3377 5308 3473 5362 καὶ
3501 5308 3602 5362 οὐκ
3633 5308 3804 5379 ἐμπο-

2217 5406 2491 5473 δίζωνται,
2534 5406 2644 5460 εῐτε
2679 5407 2794 5469 τοῖς
2825 5402 3119 5474 τοξαρίοις,
3159 5402 3271 5457 εῐτε
3305 5402 3418 5465 τοῖς
3459 5401 3802 5473 σκουταρίοις

2228 5498 2408 5554 αὐτῶν
2439 5497 2742 5570 βουληθῶσι
2781 5495 3115 5570 χρήσασθαι.
3152 5494 3340 5549 Ἔστιν
3381 5493 3437 5549 δέ
3483 5492 3578 5548 καὶ
3624 5493 3802 5560 ἄλλως

2051 5627 2288 5687 NOTE.

623 5732 736 5802 (62)
789 5738 1166 5800 Λωρόσακον.
1198 5728 1420 5798 Scribe,
1458 5726 1791 5802 Λωρόσοκον,
1855 5727 1940 5786 vel
1989 5725 2350 5799 λωρόσοκκον.

631 5801 742 5875 (63)
785 5804 1029 5873 Τουφίν.
1050 5803 1424 5868 Scribebatur,
1456 5801 1671 5873 τουρὸν.
