4078 6306
1482 391 1816 456 TACTICA.
1863 417 1918 426 -—
1951 391 2456 453 CONSTITUTIO
2496 392 2572 452 VI
3569 393 3674 460 730

422 397 534 463 729

424 515 522 567 καὶ
548 511 658 575 τοῖς
687 507 899 580 ἐχθροῖς
931 507 1183 582 ἄχρηστά
1210 509 1317 565 εἱσι
1347 526 1360 544 ι
1389 507 1632 581 βερίττας
1663 508 1801 581 (75).
1833 509 1868 563 ἃ
1903 509 1979 560 ).ἑ‹

2097 509 2253 563 rittas
2296 516 2501 572 autem,
2527 522 2650 578 quae
2691 505 2976 575 rhictaria,
3010 507 3062 563 id
3109 515 3217 574 est,
3267 510 3372 567 tela
3417 510 3671 568 dicuntur

421 603 906 674 γεταιρικτάρια,
960 603 1088 667 τοὺς
1152 603 1398 674 ἀπείρως
1452 601 1591 672 πρὸς
1635 602 1735 671 τὴν
1782 601 1979 666 τοξεεαη

2095 616 2190 656 eos
2222 600 2422 655 habere
2457 609 2692 670 oportet,
2716 600 2809 670 qui
2836 601 2909 655 rei
2937 602 3230 671 saginat-iac
3259 603 3490 672 imperiti
3516 611 3668 670 sunt,

423 695 669 763 ἔχοντας,
695 695 843 765 ἢκαὶ
872 694 1248 765 λειπομένους,
1287 695 1362 757 ὡς
1393 695 1560 758 είκδς,
1594 694 1786 759 τόξων.
1811 695 1994 764 Ἐχειν

420 786 477 839 δὲ
504 789 595 839 καὶ
619 786 918 858 σκουτάρια
948 787 1142 858 μικρά,
1163 786 1493 858 στρογγύλα,
1528 786 1879 856 σφενδοϐόλα,
1899 786 1996 841 καὶ

421 878 704 948 τζικούρια
725 879 887 949 ὅμοια
916 879 1026 932 τῶν
1053 879 1363 950 εἰρημένων
1387 875 1874 948 ἀναδασταζόμενα
1902 876 1994 931 καὶ

420 968 558 1022 αὐτὰ
587 970 666 1032 είς
695 969 932 1040 θηκάρια
965 969 1282 1040 δερμάτινα.
1314 970 1396 1024 Τά
1422 970 1480 1024 δὲ
1516 969 1706 1040 ἱμάτια
1743 970 1852 1024 τῶν
1890 985 1991 1022 πε-

421 1062 529 1127 ζῶν
563 1063 817 1117 ἁπάντων
839 1065 1080 1116 ἔστωσαν
1112 1063 1272 1116 κονδά
1297 1064 1461 1133 μέχρι
1490 1063 1599 1115 τῶν
1622 1062 1864 1130 γονάτων
1891 1061 1990 1115 αὐ·-

417 1153 551 1218 τῶν,
587 1154 681 1206 ἐὰν
711 1154 933 1209 δυνατὸν
965 1155 1160 1218 αὐτοὺς
1190 1154 1334 1225 ἔχειν
1359 1155 1455 1208 καὶ
1483 1154 1804 1224 έπιλώρικα.
1823 1154 1905 1207 Τά
1934 1153 1992 1207 δὲ

421 1245 746 1317 ὑποδήματα
772 1247 951 1300 αὐτῶν
984 1247 1096 1316 (76)
1141 1246 1216 1318 μὴ
1257 1245 1400 1317 ἔχειν
1431 1246 1610 1311 ὀξείας
1657 1245 1989 1317 ἔμπροσθεν.

430 1338 753 1407 Ἀναγκαῖον
797 1339 850 1392 δὲ
891 1339 1007 1411 (77)
1044 1341 1138 1394 καὶ
1177 1339 1376 1408 ὀλίγοις
1416 1342 1626 1412 μικροῖς
1663 1340 1814 1410 ἥλοις
1853 1339 1987 1392 καϐ-

420 1430 686 1501 ηλοῦσθαι
712 1432 871 1496 αὐτὰ,
896 1433 1064 1503 ἦγουν
1110 1432 1365 1502 καρφίοις
1404 1432 1556 1503 (78),
1600 1433 1737 1504 πρὸς
1770 1431 1990 1484 πλείονα

420 1522 747 1593 ὑπουργίαν·
776 1524 1023 1595 χρήσιμα
1045 1524 1154 1595 γὰρ
1185 1523 1354 1576 ταῦτα
1373 1563 1387 1589 ,
1417 1525 1513 1577 καὶ
1542 1524 1599 1577 ὲν
1629 1526 1750 1584 ταῖς
1779 1524 1985 1576 660m!)-

419 1614 564 1686 ρίαις
587 1614 840 1686 μάλιστα.
878 1614 988 1667 Καὶ
1015 1614 1112 1678 τὰς
1146 1615 1348 1685 κουρὰς
1390 1614 1445 1667 δὲ
1477 1614 1654 1668 αὐτῶν
1684 1615 1879 1677 κοντὰς
1907 1614 1990 1682 γί-

416 1711 623 1773 νεσθαι,
653 1710 746 1762 καὶ
773 1707 848 1780 μὴ
877 1710 1095 1779 ἀφεῖναι
1117 1710 1301 1775 αὐτοῖς
1333 1709 1540 1772 τελείας
1573 1709 1767 1780 τρίχας
1795 1709 1988 1780 χρήσι-

414 1805 520 1883 μόν
553 1806 722 1858 ἐστιν.

2093 701 2258 762 atque
2289 693 2454 747 etiam
2494 706 2613 755 eos,
2644 692 2739 761 qui
2761 693 2998 748 arcubus
3036 694 3379 749 deﬁciuntur.
3420 695 3669 754 llabeant

2091 784 2257 837 etiam
2285 782 2494 839 scutula
2525 797 2689 854 parva
2723 776 2983 852 rotunda,
3023 784 3326 848 fundibula.
3358 797 3408 842 et
3441 789 3664 844 tzicnria

2093 877 2369 947 prmdictis
2397 875 2588 932 formis
2617 877 2844 944 similia,
2873 894 2979 949 qua
3010 879 3174 933 etiam
3200 880 3374 935 thecis
3403 883 3667 937 coriaceis

2093 977 2391 1038 gestemur.
2417 966 2613 1024 Vestes
2645 969 2888 1038 peditum
2943 969 3188 1024 omnium
3220 971 3330 1025 sint
3378 973 3585 1035 condas,
3610 970 3664 1025 id

2093 1069 2199 1122 est,
2233 1070 2462 1115 attonsa:
2490 1075 2661 1130 usque
2695 1060 2759 1115 ad
2791 1076 2963 1131 genua
3007 1062 3246 1126 illorum,
3274 1070 3328 1116 et
3380 1062 3424 1117 si
3461 1062 3512 1118 id
3547 1063 3666 1124 ﬁeri

2091 1160 2288 1222 potest,
2319 1153 2652 1223 superlorica
2683 1152 2937 1208 habeant.
2972 1154 3153 1209 Calcei
3186 1155 3402 1209 illorum
3448 1154 3665 1225 fastigia

2091 1255 2216 1300 ante
2251 1246 2560 1300 acuminata
2607 1261 2676 1302 ne
2716 1247 2969 1302 habeant.
2999 1246 3378 1303 Necessarium
3415 1264 3546 1304 vero
3581 1259 3667 1304 est

2090 1337 2281 1407 paucis
2335 1340 2659 1407 quibusdam
2716 1341 2944 1395 clavulis
2995 1339 3198 1394 firmari
3246 1342 3480 1405 calceos,
3526 1359 3665 1412 quns

2090 1430 2310 1499 carpltia
2343 1431 2647 1501 appellant;
2697 1433 2762 1486 ad
2798 1435 2983 1488 varios
3009 1435 3154 1488 enim
3211 1449 3344 1487 usus
3376 1433 3506 1488 illud
3532 1435 3666 1488 utile

2089 1533 2193 1585 est.
2226 1532 2279 1576 et
2310 1523 2364 1578 in
2421 1526 2612 1593 primis
2646 1525 2710 1579 ad
2749 1527 2940 1580 itinera
2985 1526 3251 1581 facienda.
3301 1527 3370 1582 Et
3413 1528 3664 1584 caesaries

2089 1613 2303 1669 illorum
2341 1618 2548 1680 condar,
2585 1618 2634 1671 id
2662 1628 2764 1679 est.
2793 1629 3020 1672 attonsa:
3057 1619 3205 1678 fiant.
3230 1628 3324 1673 aut
3347 1622 3509 1674 etiam
3541 1635 3666 1691 per-

2089 1707 2327 1774 mittere,
2365 1719 2423 1761 ut
2469 1710 2616 1764 nullo
2664 1713 2826 1764 modo
2871 1710 3078 1766 crinem
3128 1711 3383 1778 habeant,
3426 1713 3663 1773 fortasse

2090 1813 2196 1852 unu
2234 1799 2423 1854 inutile
2449 1811 2551 1856 est.

484 1915 588 1981 κζ’.
621 1917 766 1972 Ἀλλ’
797 1917 942 1975 οὕτω
982 1918 1080 1989 μὲν
1107 1922 1234 1983 τοὺς
1278 1920 1478 1985 πεζοὺς
1514 1920 1854 1991 στρατιώτας
1897 1921 1979 1972 ὲν-

2157 1906 2248 1962 27.
2290 1907 2356 1961 Et
2377 1911 2582 1978 pedites
2609 1914 2824 1981 quidem
2866 1916 2931 1970 ad
2983 1918 3130 1973 hunc
3162 1919 3386 1974 modum
3420 1935 3659 1990 appara-

410 2010 592 2073 δύσεις
627 2011 720 2064 καὶ
750 2012 1109 2083 περιφράξεις
1134 2011 1201 2066 δι’
1232 2012 1413 2066 ὅπλων
1441 2027 1458 2046 ν
1495 2013 1631 2081 πρὸς
1660 2012 1717 2064 δὲ
1749 2012 1847 2081 τὴν
1880 2013 1986 2064 ὐπ-

411 2103 642 2175 ηρεσίαν
665 2103 845 2158 αὐτῶν
881 2103 973 2157 καὶ
995 2105 1240 2176 φυλακὴν
1281 2103 1498 2175 ἁμάξας
1541 2103 1985 2175 παρασκευάσεις

409 2194 691 2259 εὐσταλεῖς
732 2197 902 2268 ἧγουν
934 2197 1174 2266 ἐλαφρὰς
1218 2196 1314 2251 καὶ
1347 2195 1553 2267 γοργᾶς
1592 2195 1733 2249 κατά
1783 2190 1984 2266 δεκαρ-

413 2286 559 2358 χίαν,
591 2287 713 2359 ἦτοι
738 2286 1140 2360 κοντουόέρνιν,
1174 2289 1301 2359 μίαν
1326 2289 1418 2342 καὶ
1449 2286 1525 2359 μὴ
1555 2287 1740 2353 πλέον,
1789 2288 1874 2341 ἵνα
1908 2288 1982 2358 μὴ

409 2375 598 2430 πολλοὶ
628 2377 708 2439 είς
742 2377 881 2431 αὐτὰ
945 2377 1329 2448 ἀσχολούμενοι
1385 2378 1650 2449 ἀργῶσιν.
1680 2376 1884 2447 Ἐχέτω
1925 2377 1982 2431 δὲ

409 2467 617 2537 ἑκάστη
649 2467 759 2521 τῶν
791 2467 1015 2540 ἁμαξῶν
1067 2467 1415 2541 χειρόμυλον,
1469 2468 1680 2540 ἀξίνην,
1737 2470 1979 2535 πέλεκιν,

401 2555 740 2628 σκέπαρνον,
777 2559 1012 2629 πριόνιν,
1045 2559 1251 2630 ὀρυγας
1305 2557 1424 2625 δύο,
1462 2559 1695 2630 σφύραν,
1744 2561 1982 2630 πτυάρια

407 2647 523 2716 δύο,
558 2648 790 2718 κοφίνιν,
826 2650 1056 2713 κιλίκια,
1090 2652 1362 2719 φαλκίαν,
1401 2650 1725 2723 τζικούρια,
1755 2651 1982 2721 βαρδού·

408 2757 524 2805 κια,
554 2740 858 2811 ματζούκια
889 2743 1044 2810 (ἴσως
1074 2745 1168 2796 καὶ
1194 2743 1400 2797 τούτων
1445 2742 1603 2814 χρεία
1626 2744 1847 2815 γένηται
1868 2747 1980 2808 τοῖς

416 2829 824 2900 στρατιώταις),
860 2831 1145 2900 τριϐόλους
1177 2832 1574 2902 ἀναδεδεμένας
1620 2832 1730 2906 (79)
1776 2833 1862 2888 διά
1891 2834 1980 2887 λε·-

407 2918 560 2997 mth
599 2921 1004 2992 σφηκωμάτων,
1034 2924 1129 2975 καὶ
1159 2923 1218 2974 ὲν
1245 2922 1418 2994 ἤλωσι
1450 2922 1654 2995 σιδηρῷ
1695 2923 1804 2994 (80)
1842 2926 1978 2979 ἀπο-

405 3010 781 3081 κρατουμένας
803 3051 818 3076 ,
855 3011 942 3064 διὰ
980 3012 1043 3064 τὸ
1085 3011 1316 3080 ἑτοίμως
1360 3013 1758 3081 συναγαγέσθαι
1789 3014 1975 3077 αὑτάς,

417 3101 644 3172 Ἑτέρας
676 3105 893 3175 ἀμάξας
913 3104 1143 3176 ἐχούσας
1166 3106 1576 3178 τοξοϐολίστρας
1597 3111 1692 3162 καὶ
1719 3109 1978 3176 σαγίττας

408 3195 611 3262 αὐτῶν,
644 3196 740 3249 καὶ
773 3195 1088 3267 βαλίστρας,
1119 3197 1237 3266 ἤτοι
1269 3198 1589 3267 μαγγανικὰ
1613 3199 1678 3254 τά
1708 3201 1978 3273 λεγόμενα

405 3288 680 3342 ἀλακάτια
706 3288 1050 3360 στρεφόμενα
1079 3288 1382 3355 κύκλωθεν,
1421 3291 1517 3343 καὶ
1546 3294 1976 3366 μαγγαναρίους,

404 3378 797 3450 λεπτουργοπ,
853 3377 1097 3449 χαλκεῖς,
1150 3380 1245 3433 καὶ
1294 3377 1505 3443 τούτοις
1552 3381 1682 3433 ἴδιον
1742 3379 1979 3452 ἄρχοντα

403 3472 717 3542 ἐπιστῆσαι.

476 3596 586 3658 κη’.
625 3586 852 3659 Ἐτέρας
901 3586 1120 3658 ἁμάξας
1181 3587 1458 3660 φερούσας
1503 3589 1564 3643 τὺ
1625 3588 1978 3661 ἀρμαμέντον

403 3683 638 3738 ἑκάστου
671 3679 906 3751 ἀριθμοῦ
941 3680 1052 3733 τῶν
1082 3681 1450 3752 στρατιωτῶν.
1498 3683 1723 3753 Ἐτέρας
1761 3681 1976 3753 ἀμάξας

402 3774 479 3838 ῶς
516 3775 649 3828 δέκα
683 3775 715 3846 ἢ
750 3776 845 3827 καὶ
879 3773 1053 3826 εἴκοσι
1077 3771 1192 3844 (Si)
1230 3773 1604 3844 βασταζούσας
1634 3774 1847 3838 πιστὸν,
1879 3775 1976 3826 καὶ

405 3867 770 3936 παξιμάδιον,
824 3868 919 3920 καλ⁵
985 3866 1286 3934 σαγίττας,
1334 3865 1429 3920 καὶ
1486 3863 1713 3936 τοξάρια
1763 3868 1830 3920 ὲκ
1875 3882 1975 3918 πε-

404 3957 619 4030 ρισσοῦ.

473 4073 576 4127 κΘ¹.
611 4072 841 4134 Ἵππους
877 4067 1280 4140 σαγματαρίους
1308 4067 1381 4138 ,ἢ
1422 4066 1692 4137 ὑποζύγια
1739 4107 1757 4133 ,
1789 4068 1838 4121 εί
1873 4065 1974 4138 μὲν

402 4165 674 4236 ἐνδέχεται
701 4205 717 4232 ,
744 4162 867 4217 καθ’
899 4149 1130 4214 ἕκαστον
1164 4158 1538 4231 κοντουόἑρνιν
1558 4199 1573 4224 ,
1618 4162 1668 4212 εἰ
1696 4159 1752 4212 δὲ
1787 4160 1928 4230 μήγε
1953 4199 1969 4226 ,

402 4256 484 4317 είς
509 4255 578 4306 τὰ
605 4251 698 4306 δύο
729 4250 1112 4320 κοντου6ἐρνια
1147 4248 1264 4313 ἕνα,
1302 4249 1386 4302 ἴνα
1428 4250 1478 4301 εί
1523 4250 1749 4320 γένηται
1779 4251 1970 4320 καιρὸς

405 4343 741 4419 χωρισθῆναι
765 4343 892 4406 τοὺς
905 4340 1103 4405 πεζοὺς
1125 4342 1189 4395 ὲκ
1217 4342 1322 4394 τῶν
1348 4340 1573 4412 ἁμαξῶν
1594 4382 1609 4407 ,
1641 4342 1736 4395 καὶ
1761 4358 1968 4412 προκα-

399 4436 655 4492 ταλαϐεῖν
680 4435 866 4503 τόπον,
900 4433 1190 4505 βαστάζειν
1219 4433 1363 4487 ὀκτὼ
1392 4434 1425 4504 ἢ
1459 4435 1588 4488 δέκα
1618 4433 1842 4505 ἡμερῶν
1871 4433 1968 4487 δα-

2087 1998 2192 2062 bis,
2231 2009 2286 2054 et
2309 2003 2477 2056 annis
2509 2013 2682 2072 teges:
2713 2007 2792 2061 Ad
2831 2025 2985 2062 usum
3017 2010 3232 2066 illorum
3279 2022 3329 2066 et
3369 2027 3662 2068 conserva-

2091 2091 2291 2144 tionem
2323 2108 2509 2148 carros
2568 2097 2788 2153 habebis
2819 2102 3116 2170 expeditos,
3164 2105 3333 2172 agiles
3367 2114 3420 2158 et
3449 2105 3659 2170 ﬁrmos,

2088 2183 2380 2254 unicuique
2411 2187 2646 2243 decuria:
2693 2191 2807 2244 sive
2843 2194 3203 2249 contubernio
3248 2211 3438 2260 unum,
3467 2205 3520 2251 et
3553 2211 3659 2253 non

2086 2277 2288 2346 plures,
2323 2285 2382 2332 ut
2405 2283 2643 2336 nemulti
2675 2283 2728 2337 in
2759 2283 2864 2339 illis
2896 2287 3145 2356 occupati
3169 2289 3426 2344 otientur.
3454 2288 3663 2346 Habeat

2082 2379 2264 2424 autem
2299 2374 2676 2444 unusquisque
2705 2392 2904 2431 earrus
2939 2379 3134 2432 molam
3177 2381 3538 2447 manuariam,
3567 2397 3662 2437 se-

2083 2459 2282 2525 curim,
2328 2461 2555 2529 asciam,
2611 2465 2869 2534 prionim,
2921 2466 2973 2519 id
3030 2477 3136 2531 cst,
3185 2484 3413 2533 serram,
3460 2483 3663 2542 orugas

2083 2547 2241 2616 duas,
2272 2551 2546 2617 malleum,
2588 2555 2817 2624 ptyaria,
2860 2556 2974 2611 sive
3003 2573 3211 2613 vannos
3260 2558 3422 2625 duos,
3467 2559 3662 2630 cophi-

2083 2656 2208 2695 uam
2236 2642 2493 2708 ciliciam,
2525 2645 2818 2715 phalciam,
2858 2647 3110 2711 tzicuria,
3135 2649 3414 2714 barducia,
3447 2663 3660 2707 matzu-

2081 2729 2228 2797 chia,
2277 2730 2532 2789 fortassis
2575 2735 2736 2788 etiam
2788 2735 2934 2804 (nam
2986 2737 3179 2791 horum
3228 2753 3362 2794 usus
3396 2740 3660 2796 militibus

2082 2822 2355 2879 interdum
2398 2824 2524 2896 est),
2577 2827 2805 2882 tribulas
2863 2829 3044 2898 parvis
3104 2832 3431 2899 quibusdam
3471 2832 3662 2890 fasciis

2083 2914 2296 2987 ligatas,
2327 2928 2382 2973 et
2417 2918 2571 2974 clavo
2605 2917 2783 2975 ferreo
2825 2921 3218 2990 appendentes,
3269 2933 3328 2978 ut
3369 2924 3528 2980 facile
3563 2925 3665 2980 ad-

2077 3011 2205 3068 duci
2239 3013 2494 3084 possint;
2545 3015 2684 3070 alios
2712 3030 2910 3070 currus
2955 3017 3289 3085 sagittarios,
3314 3019 3407 3088 qui
3433 3019 3660 3089 sagittas

2077 3102 2277 3166 ferant,
2303 3113 2355 3157 et
2374 3106 2715 3175 mangauica,
2737 3106 3113 3171 sivebalistas,
3139 3123 3261 3176 qua:
3290 3108 3516 3163 alacatia
3553 3124 3658 3162 no-

2081 3192 2388 3259 minantur,
2435 3193 2763 3257 orbiculam,
2806 3205 2860 3250 et
2901 3196 3309 3263 manganarios,
3351 3197 3655 3262 calatores,

2081 3278 2264 3334 fabros
2296 3282 2545 3346 aerarios,
2572 3291 2625 3337 et
2660 3281 2780 3338 istis
2802 3282 3130 3354 peculiarem
3182 3284 3416 3355 aliquem
3462 3285 3660 3355 pracfe-

2077 3375 2224 3429 Ctum
2271 3368 2491 3439 eligere.

2147 3567 2405 3625 28.Alios
2433 3583 2640 3633 carros.
2662 3569 2755 3641 qui
2780 3569 3214 3640 uniuscujusque
3251 3581 3652 3631 armamentum

2078 3656 2254 3714 ferant
2301 3672 2400 3728 pro
2445 3674 2675 3715 numero
2728 3660 2982 3728 militum,
3029 3663 3165 3718 alios
3213 3678 3402 3719 carros
3438 3665 3650 3733 decem,

2076 3753 2161 3808 vel
2226 3752 2435 3823 viginzi,
2495 3753 2587 3822 qui
2639 3753 2817 3808 ferant
2870 3755 3097 3824 pictum,
3149 3756 3540 3828 paximadium,
3595 3760 3650 3815 id

2074 3855 2179 3910 est,
2229 3863 2425 3917 panem
2481 3847 2807 3915 biscoctum,
2859 3851 3118 3922 sagittas,
3172 3861 3226 3905 et
3280 3865 3442 3908 arcus
3494 3868 3651 3909 cum-

2073 3943 2276 4012 plures.

2141 4061 2231 4115 29.
2273 4060 2351 4115 Ex
2389 4061 2564 4131 equis,
2613 4059 2695 4115 vel
2734 4058 3003 4128 iumentis
3045 4057 3415 4128 sagmatariis.
3469 4059 3524 4115 id
3560 4069 3648 4117 est

2078 4152 2417 4216 sarcinariis,
2435 4154 2477 4207 si
2503 4153 2616 4207 fieri
2637 4160 2829 4220 potest,
2855 4153 2908 4206 in
2941 4167 3267 4221 unoquoque
3288 4154 3648 4209 contubernio

2078 4261 2269 4309 unum,
2302 4246 2385 4299 sin
2411 4247 2608 4310 minus,
2641 4247 2856 4300 duobus
2886 4245 3255 4301 contuberniis
3285 4261 3474 4314 unum,
3509 4257 3568 4301 ut
3597 4246 3645 4302 si

2079 4337 2296 4394 occasio
2326 4338 2530 4407 qumvis
2554 4338 2647 4392 ﬁat
2671 4337 3092 4406 scparaudorum
3140 4337 3377 4407 peditum
3409 4354 3440 4393 a
3465 4340 3646 4394 curri-

2085 4429 2208 4492 bus,
2249 4437 2303 4483 et
2352 4429 2682 4499 anticipandi
2731 4430 2856 4493 loci,
2908 4429 3106 4485 vehant
3147 4444 3334 4484 secum
3384 4440 3508 4485 octo
3558 4435 3643 4488 vel

400 4530 600 4601 πάνην,
650 4528 745 4582 καὶ
789 4526 1101 4581 ἀκολουθεῖν
1155 4528 1346 4598 μέχρις
1392 4521 1452 4582 οὗ
1486 4529 1871 4599 ’ὲπιφθάσωσιν
1911 4529 1967 4584 al

2080 4522 2256 4577 decem
2315 4520 2525 4575 dierum
2590 4524 2844 4577 idoneum
2912 4531 3298 4588 commeatum,
3347 4523 3521 4579 donec
3573 4541 3644 4580 eo

401 4619 610 4691 ἅμαξαι
635 4620 937 4692 ἀργότερον
965 4619 1388 4690 περιπατοῦσαι.

463 4825 530 4880 λ’.
563 4826 678 4879 Οὔκ
719 4827 992 4897 ἄχρηστον
1035 4826 1091 4878 δέ
1129 4843 1221 4895 μοι
1256 4825 1404 4879 δοκεῖ
1438 4825 1827 4898 μνημονεῦσαι,
1866 4829 1971 4882 κᾶν

396 4919 456 4972 ἐν
498 4918 698 4990 μικρῷ,
729 4920 822 4971 καὶ
852 4918 951 4986 τῆς
975 4916 1206 4987 ἀρχαίας
1235 4917 1499 4981 ὁπλίσεως
1529 4919 1636 4970 τῶν
1664 4919 1846 4983 πεζῶν
1877 4923 1969 4973 καὶ

398 5013 506 5069 τῶν
539 5013 920 5083 καϐαλλαρίων
940 5051 957 5077 ,
990 5010 1174 5076 καθὼς
1215 5011 1468 5075 Αἰλίανός
1494 5029 1553 5065 τε
1584 5016 1681 5066 καὶ
1709 5015 1758 5066 οἱ
1789 5013 1964 5067 λοιποὶ

395 5106 503 5159 τῶν
527 5105 802 5160 τακτικῶν
835 5107 1171 5174 συγγραφεῖς
1198 5103 1602 5174 ύπηγόρευσαν.
1663 5104 1820 5175 Παρὰ
1856 5107 1964 5176 γάρ

393 5197 505 5259 τοῖς
530 5195 779 5264 ἀρχαίοις
819 5194 918 5263 τὴν
964 5193 1065 5264 μὲν
1092 5193 1322 5264 ἱππικὴν
1341 5193 1492 5258 τάξιν
1535 5196 1614 5259 εἰς
1646 5195 1740 5248 δύο
1777 5195 1964 5266 διαφοο

399 5285 498 5357 ρὰς
558 5287 825 5340 όπλίσεων
874 5287 1092 5340 ἐποίουν
1142 5286 1192 5339 οἱ
1248 5286 1591 5357 στρατηγοὶ,
1665 5288 1795 5359 μίαν
1865 5288 1966 5359 μὲν

2001 4591 2048 4650 θ
2071 4631 2290 4674 currus.
2321 4614 2414 4685 qui
2438 4614 2644 4671 tardius
2678 4615 2971 4685 procedere
3001 4615 3199 4681 solent,
3234 4624 3422 4684 postea
3451 4616 3518 4672 ad
3545 4631 3638 4676 eos

2000 4716 2001 4719 ‘
2067 4707 2404 4780 perveniant.

2137 4822 2227 4877 50.
2258 4821 2369 4877 Non
2405 4822 2597 4877 inutile
2625 4837 2754 4877 vero
2779 4821 2910 4875 mihi
2945 4821 3155 4876 videtur
3187 4823 3374 4893 paucis
3400 4824 3640 4894 antiqua:

2065 4925 2355 4971 armatum
2385 4916 2635 4981 formam,
2675 4913 2818 4983 quod
2862 4914 2926 4969 ad
2955 4915 3164 4984 equites
3197 4925 3249 4970 et
3275 4915 3479 4985 pedites
3510 4932 3637 4987 per-

2072 5009 2229 5071 tinet,
2261 5022 2582 5073 memorare,
2615 5006 3074 5077 quemadmodum
3117 5007 3384 5075 lElianus,
3413 5019 3464 5064 et
3507 5010 3637 5065 reli-

2070 5101 2164 5171 qui
2199 5101 2276 5155 rei
2306 5101 2557 5156 militaris
2596 5100 2889 5169 scriptores
2937 5101 3212 5156 memoria:
3258 5102 3634 5171 prodiderunt.

2071 5193 2225 5261 Apud
2255 5194 2510 5264 antiquos
2555 5194 2698 5247 enim
2742 5202 3049 5262 equestrem
3096 5192 3268 5247 aciem
3311 5193 3522 5249 duabus
3546 5196 3634 5250 dio

2071 5285 2245 5340 Versis
2283 5284 2575 5340 armaturis
2610 5284 2955 5350 muniebant;
2997 5283 3219 5339 alteram
3260 5294 3436 5341 autem
3481 5293 3636 5341 cata-

1917 5425 2146 5487 ΝΟΤᾸΕ.

390 5557 435 5612 λ’
544 5565 602 5636 μζ
628 5561 917 5629 σαγιττῶν,
947 5562 1038 5615 ἐπὶ
1075 5561 1183 5616 τῶν
1227 5563 1392 5629 ὤμων
1451 5561 1959 5636 άναϐασταζὸμενα,

395 5630 727 5698 σωληνάρια,
747 5642 852 5685 etc.

611 5697 902 5772 Βίρίτῖας·
935 5697 1145 5772 Scribe.
1173 5701 1464 5772 βηρύττας.

613 5769 1417 5843 ’Υποδήματωνδεινίἰιεῦίιιυτ,
1447 5771 1834 5843 ὑποδείγματα.

464 5838 579 5912 (77)
642 5838 975 5911 Ἀναγκαῐν.
1019 5842 1393 5912 Scribebatur,
1433 5838 1769 5918 ἀναγκαίοις,

2142 5563 2252 5635 (78)
2293 5567 2537 5635 Καρθαίᾳ.
2574 5561 2946 5635 Scribelmtur,
2973 5556 3203 5635 καιρερίειιΓ

2278 5626 2757 5708 ’ᾼᾼνὶίᾷεδεμέναςε
2781 5626 3151 5708 Scribebatur.
3173 5626 3629 5708 άναρεδειγμένοι.

2158 5698 2248 5789 ἕρ)
2288 5706 2396 5789 ,Ἑν
2421 5698 2613 5789 item
2630 5700 2914 5789 ,σιδηρῷι
2935 5698 3380 5789 δεξξυθιξ-Υ,ᾒέίεέ
3396 5698 3629 5789 sive:

2158 5768 2246 5840 8|)
2288 5774 2382 5840 Ὠς
2443 5768 2588 5828 δέκα
2623 5773 2659 5841 ἢ
2709 5768 2806 5826 καί
2859 5770 3072 5826 εἴκοσι.
3130 5768 3631 5839 8οι³ἱὶιεὺδῐιιτζὼς

2059 5846 2116 5900 δέ
2148 5845 2243 5900 καῖ
2265 5845 2456 5900 εἴκοσι.
