4086 6326
482 412 585 480 731
1689 414 1966 478 LEONIS
1990 413 2451 479 PHlLOSOPHI
3686 413 3838 483 732

482 533 792 603 phrartum,
837 530 893 588 id
929 539 1034 598 est,
1078 532 1366 589 loricatum
1406 532 1769 604 appellabant,
1830 535 2055 589 alteram

2163 534 2551 605 κατάφρακτον
2587 534 2890 611 λεγομένην
2912 573 2931 608 ,
2993 535 3090 593 και
3118 536 3219 611 τὴν
3251 534 3451 607 ἑτέραν
3479 537 3545 595 οὗ
3580 538 3833 593 κατά·

481 634 665 680 autem
709 638 819 680 non
864 622 1294 695 cataphractum,
1334 624 1390 681 id
1440 633 1544 690 est,
1608 640 1716 680 non
1771 624 2061 681 loricatvm
2164 642 2428 696 φρακτον.

482 718 755 773 dicebant.

552 808 642 864 3i.
674 808 977 865 Armahant
1013 816 1193 864 autem
1239 807 1650 879 cataphractum
1696 808 1936 878 equitem
1961 823 2064 863 un-

480 901 646 971 dique
672 909 788 957 tum
820 902 1021 973 ipsum,
1047 911 1161 955 tum
1198 916 1401 971 equum
1431 900 1593 955 etiam
1622 899 1853 965 loriciis,
1882 900 1931 955 id
1957 908 2060 964 est,

481 992 689 1064 galeis;
739 992 1023 1060 clibaneis,
1075 992 1126 1048 id
1177 1000 1282 1055 est.
1320 991 1674 1049 thoracibus:
1719 993 2061 1063 parameriis,

2243 803 2346 860 λα’.
2387 804 2648 871 Ὠπλιζον
2705 806 2764 860 δὲ
2796 803 2891 861 τὸν
2925 807 3024 880 μὲν
3052 809 3442 880 κατάφρακτον
3473 810 3739 868 καδαλλ
3751 811 3829 866 ἀ-

2169 912 2285 967 ριον
2306 898 2669 969 πανταχόθεν,
2689 898 2850 954 αὐτόν
2879 916 2939 954 τε
2970 900 3063 955 καὶ
3093 901 3184 956 τόν
3221 902 3390 957 ἵππον
3417 904 3624 961 αὑτοῦ.
3672 906 3828 959 Καὶ

2161 989 2252 1044 τὸν
2285 988 2385 1059 μὲν
2406 989 2572 1062 ἄνδρα
2599 990 2900 1063 λωρικίοις,
2926 992 3020 1047 καὶ
3040 993 3398 1069 κλιϐανίοιςῆ
3425 996 3740 1069 σιδηροῖς,
3773 996 3819 1069 ἧ

480 1085 538 1143 id
574 1092 660 1141 est
710 1084 1018 1153 machaeris,
1063 1084 1145 1141 vel
1182 1083 1401 1148 ferreis,
1438 1084 1625 1140 veLex
1677 1085 1937 1140 cornibus
1982 1084 2055 1139 in-

2163 1082 2230 1136 ἐκ
2255 1086 2500 1156 κεράτων
2533 1085 2975 1158 ἐπιπλεγμένοις,
3020 1089 3116 1142 καὶ
3168 1090 3570 1163 παραμικρίοις
3620 1091 3820 1164 (82).

479 1179 664 1237 textis.
701 1176 883 1249 Equos
924 1179 1242 1235 muniebant
1272 1178 1589 1234 lateralibus
1619 1187 1675 1233 et
1716 1177 2055 1246 frontalibus,

2163 1176 2303 1240 Τοὺς
2347 1177 2405 1231 δὲ
2452 1177 2652 1242 ἵππους
2692 1180 3075 1251 κατέφραττον
3119 1182 3620 1254 παραπλευριδίοις
3681 1184 3819 1238 καὶ

480 1271 537 1328 id
595 1280 702 1336 est,
752 1270 944 1337 latera,
1001 1279 1054 1327 et
1111 1272 1310 1342 capita,
1358 1281 1412 1326 et
1469 1272 1711 1327 cervices
1769 1286 2055 1342 equorum,

2163 1269 2642 1339 προμετωπιδίοις,
2669 1269 2840 1342 ἠγουν
2870 1271 2937 1326 τὰ
2958 1271 3191 1342 πλευρὰ,
3223 1275 3318 1328 καὶ
3339 1272 3438 1339 τὰς
3474 1276 3811 1346 κεφαλὰς,

479 1362 794 1420 thoracibus
836 1371 892 1418 et
934 1362 1121 1419 loricis
1180 1372 1236 1419 et
1301 1364 1405 1419 alia
1451 1371 1601 1420 certa
1641 1364 1868 1420 materia
1913 1373 2055 1436 tege-

2163 1359 2403 1424 καὶτοὺς
2433 1362 2743 1434 τραχήλους
2770 1362 2882 1416 τῶν
2906 1363 3091 1418 ἵππων
3125 1364 3214 1419 διὰ
3244 1364 3543 1423 κλιϐανίων
3570 1367 3606 1439 ἢ
3651 1368 3811 1422 λω-

478 1453 633 1511 hant.
2165 1452 2376 1523 ρικίων,
2411 1453 2444 1526 ἢ
2472 1453 2642 1526 ἄλλης
2673 1454 2805 1522 ὕλης
2851 1456 3215 1514 κατέσκεπον.

547 1545 640 1602 '52.
672 1544 752 1602 Ex
776 1545 843 1603 iis
863 1547 1141 1613 omnibus,
1168 1546 1259 1619 qui
1290 1546 1374 1602 vel
1414 1548 1777 1619 cataphracti,
1825 1548 1911 1606 vel
1949 1564 2055 1605 non

2233 1545 2338 1617 λβ’.
2377 1547 2598 1604 Τούτων
2624 1548 2683 1603 δὲ
2717 1550 2939 1605 πάντων
2970 1549 3079 1604 τῶν
3103 1567 3164 1605 τε
3193 1553 3606 1624 καταφράκτων
3660 1571 3806 1607 κα-

477 1639 817 1711 catapbracti
846 1650 997 1704 sunt,
1031 1641 1123 1695 alii
1150 1640 1368 1711 quidem
1406 1642 1680 1698 habebant
1704 1642 1974 1708 eontaria,
2006 1643 2055 1699 id

2163 1638 2472 1711 6αλλαρίων
2513 1639 2610 1695 καὶ
2656 1642 2765 1695 τῶν
2818 1642 2895 1715 μὴ
2925 1646 3334 1717 καταφράκτων
3368 1647 3419 1699 oi
3449 1646 3554 1717 μὲν
3601 1645 3800 1719 εἶχον

483 1739 568 1787 est
590 1769 608 1798 ,
652 1731 858 1799 hastas,
889 1747 1026 1804 quas
1052 1748 1200 1789 nunc
1232 1734 1484 1788 menanla
1522 1743 1741 1799 vocant,
1772 1749 1893 1803 quae
1927 1733 2055 1790 olim

2163 1734 2447 1804 κοντάρια,
2491 1734 2541 1787 οι
2578 1733 2638 1789 δέ
2665 1733 2736 1788 τὰ
2762 1733 3032 1806 λεγόμενα
3067 1737 3163 1791 νῦν
3194 1738 3439 1808 μέναυλα
3463 1778 3481 1804 ,
3517 1740 3680 1812 άπερ
3727 1740 3797 1794 οἱ

477 1824 687 1895 antiqui
712 1825 937 1882 lonchas
964 1826 1342 1890 nominabant,
1375 1825 1470 1897 qui
1497 1827 1829 1897 cataphracti
1859 1843 2055 1885 manus

2163 1826 2379 1897 ἀρχαῖοι
2411 1825 2611 1898 λόγχας
2659 1826 2910 1883 ἐκάλουν.
2962 1829 3174 1893 Οῖτινες
3236 1831 3333 1884 καὶ
3365 1830 3791 1904 κατάφρακτοι

476 1932 606 1974 cum
637 1916 793 1974 hoste
809 1919 1197 1982 conserebant,
1226 1916 1321 1973 alii
1351 1888 1533 1973 autem
1562 1888 1778 1972 exitibus
1800 1916 2055 1987 iaculan-

2344 1888 2886 1990 xsi'pac‘auvwanov
2905 1923 3019 1985 τοῖς
3048 1888 3350 1993 πολεμίοις,
3380 1925 3430 1978 οί
3455 1888 3792 1998 δι’μακρό-

476 2020 583 2076 tes,
619 2027 762 2083 quos
805 2020 1002 2067 vocant
1038 2010 1421 2075 acrobolistas,
1468 2010 1531 2066 ‘id
1587 2021 1694 2074 est,
1726 2011 2055 2080 iaculatores

2163 2009 2253 2063 θεν
2286 2006 2430 2082 ἦσαν
2455 2012 2853 2081 ἀκοντίζοντες,
2878 2011 2974 2079 οὓς
2994 2013 3092 2073 καὶ
3113 2013 3299 2085 ἔλεγον
3326 2014 3783 2086 άκροὸολιστάς.

476 2100 758 2157 velitares.
775 2099 881 2168 Qui
907 2114 1036 2157 vero
1053 2101 1237 2157 hastas
1261 2100 1550 2166 habebant,
1576 2101 1649 2156 illi
1670 2110 1837 2163 certe.
1872 2117 2055 2172 quem-

2163 2102 2282 2157 Τῶν
2302 2103 2359 2157 δὲ
2383 2103 2452 2158 τὰ
2480 2106 2763 2177 κοντάρια,
2792 2105 2825 2177 ἢ
2854 2106 2955 2171 τὰς
2990 2106 3193 2178 λόγχας
3223 2107 3455 2179 ἐχόντων
3475 2148 3493 2175 ,
3525 2108 3724 2180 οἱμὲν
3756 2146 3782 2176 ,

476 2195 774 2251 admodum
809 2195 1014 2251 dictum
1056 2203 1162 2260 est,
1196 2210 1319 2252 cum
1370 2194 1623 2252 hostibus
1672 2196 2055 2267 conﬂigebant,

2163 2194 2234 2259 ὡς
2260 2195 2500 2267 εἴρηται,
2534 2191 2679 2269 ἦσαν
2706 2199 2757 2251 οί
2807 2200 2920 2263 τοῖς
2954 2197 3238 2271 πολεμίοις
3264 2200 3725 2273 συμπλεκόμενοι
3750 2221 3786 2269 ,-

477 2288 729 2345 cominus
753 2288 922 2344 hastis
952 2294 1274 2358 pugnantes.
1312 2285 1392 2341 Ex
1424 2289 1489 2344 iis
1521 2297 1704 2343 autem
1731 2291 1825 2359 qui
1859 2288 2054 2359 [ιι-ωηο

2163 2291 2257 2346 καὶ
2311 2291 2541 2363 πλησίον
2569 2291 2661 2346 διὰ
2691 2292 2800 2347 τῶν
2831 2293 3076 2364 δοράτων
3112 2295 3235 2366 ἦτοι
3283 2294 3395 2350 τῶν
3439 2296 3778 2367 κονταρίων

476 2379 863 2450 conﬂigebant,
924 2380 1016 2435 alii
1068 2378 1312 2446 thureos,
1361 2378 1416 2434 id
1461 2386 1569 2442 est,
1617 2389 1772 2435 scuta
1823 2382 2055 2448 oblonga

2164 2386 2487 2456 μαχόμενοι.
2513 2385 2732 2440 Τούτων
2759 2384 2817 2439 δέ
2864 2385 2976 2441 τῶν
3007 2386 3479 2460 συμπλεκομένων
3498 2390 3565 2461 τῇ
3594 2389 3771 2463 μάχῃ

476 2487 673 2545 magna
702 2471 995 2539 habebant,
1016 2471 1111 2527 alii
1138 2472 1256 2526 sine
1279 2471 1451 2527 scutis
1472 2470 1606 2528 solis
1633 2472 1804 2530 hastis
1829 2474 2055 2545 proelia-

2163 2475 2207 2529 οί
2268 2477 2366 2547 μὲν
2435 2476 2661 2548 θυρεοὺς
2708 2473 2897 2548 εἶχον,
2958 2477 3082 2549 ἦτοι
3138 2479 3439 2550 σκουτάρια
3491 2480 3765 2550 ἐπιμήκη

476 2566 701 2631 bantur,
743 2572 797 2619 et
827 2563 902 2618 illi
928 2563 1145 2635 quidem
1183 2562 1564 2634 thureOphori,
1617 2562 1671 2619 id
1709 2572 1816 2630 est,
1859 2567 2055 2622 scutati

2163 2570 2392 2641 μεγάλα,
2430 2570 2481 2623 oi
2523 2569 2582 2623 δὲ
2605 2570 2779 2642 χωρὶς
2805 2571 2912 2624 τῶν
2943 2571 3155 2643 θυρεῶν
3189 2571 3373 2641 μόνοις
3411 2573 3526 2637 τοῖς
3550 2588 3767 2627 κοντα-

485 2656 933 2721 noniinabantur,
954 2655 1010 2711 hi
1040 2670 1173 2711 vero
1197 2654 1434 2713 hastati:
1472 2671 1597 2713 nam
1621 2658 1927 2713 contarium
1960 2658 2055 2713 ba-

2163 2665 2295 2736 ρίοις
2319 2664 2431 2735 (83)
2449 2665 2738 2735 ἐμάχοντο.
2755 2665 2864 2718 Καὶ
2884 2665 2934 2719 οἱ
2956 2665 3055 2736 μὲν
3071 2665 3366 2721 ἐκαλοῦντο
3387 2664 3755 2738 θυρεοφόροι,

474 2759 618 2807 stam
647 2748 990 2821 appellabant

2163 2757 2204 2811 οί
2258 2754 2316 2810 δέ
2369 2755 2512 2821 ίδίως
2567 2755 2926 2826 δορατοφόροι
2957 2772 2974 2789 ’
3037 2758 3169 2831 δόρυ
3216 2758 3328 2831 γὰρ
3352 2758 3437 2813 τὸ
3485 2759 3759 2833 κοντάριν

2152 2846 2362 2915 ἔλεγον.

2226 2938 2328 3010 λγ’.
2372 2940 2793 3013 Ἀκροϐολιστὰς
2820 2944 2880 2998 δέ
2909 2942 3019 2998 τῶν
3047 2941 3434 3015 καϐαλλαρίων
3458 2940 3695 2997 ἐκάλουν
3724 2982 3747 3009 ,

2152 3033 2324 3103 ἤγουν
2350 3032 2478 3098 τοὺς
2506 3034 2781 3105 μακρόθεν
2809 3035 3106 3107 βάλλοντας
3145 3050 3206 3087 τε
3253 3034 3352 3088 καὶ
3377 3034 3747 3106 μαχομένους.

541 2954 631 3010 33.
660 2952 885 3025 Equites
914 2950 1292 3022 acroholistas,
1326 2951 1379 3008 id
1423 2960 1528 3019 est,
1579 2950 1913 3023 iaculatores
1934 3022 1935 3025 η
1958 2966 2054 3006 ve-

473 3047 683 3111 litares,
720 3045 811 3117 qui
836 3046 1054 3101 eminus
1085 3042 1290 3100 feriunt
1336 3052 1390 3100 et
1429 3044 1771 3116 proeliantur,
1801 3045 1891 3099 alii
1930 3044 2047 3100 rbi-

470 3140 681 3203 ctariis,
712 3137 766 3194 id
796 3147 901 3204 est,
946 3137 1149 3209 iaculis
1190 3137 1505 3204 utebantur,
1552 3137 1643 3192 alii
1690 3137 1967 3192 arcubus:
1997 3144 2054 3191 et

2163 3122 2373 3177 Τούτων
2411 3123 2466 3177 δὲ
2495 3124 2545 3178 οἱ
2591 3124 2689 3194 μὲν
2718 3126 2988 3197 δορατίοις
3041 3125 3211 3196 ἤγουν
3251 3124 3562 3196 ρικταρίοις
3611 3124 3746 3176 ἐκὲο

470 3233 564 3288 alii
587 3246 653 3287 ex
698 3230 803 3287 illis
832 3229 1049 3286 eminus
1087 3228 1457 3299 coniicichant
1486 3228 1696 3291 hastas,
1720 3230 1811 3283 alii
1852 3228 2054 3284 diri-cie

2163 3231 2380 3286 χρηντο,
2420 3217 2469 3269 οἱ
2500 3215 2555 3270 δέ
2599 3216 2799 3281 τόξοις.
2861 3216 2974 3271 Καὶ
3002 3218 3054 3271 οί
3085 3217 3185 3289 μὲν
3233 3216 3415 3270 αὐτῶν
3464 3215 3744 3289 μακρόθεν

469 3322 850 3397 procedentes,
888 3322 979 3377 alii
1019 3322 1525 3386 circumcursando,
1568 3336 1707 3392 quos
1751 3321 2049 3391 hippacon—

2163 3309 2418 3382 ἔρριπτον
2444 3308 2511 3362 τά
2535 3311 2815 3381 ρικτάρια,
2850 3310 2883 3380 ἢ
2918 3310 3006 3363 ἐπ’
3039 3308 3258 3373 εὐθείας
3293 3309 3407 3382 (84)
3431 3310 3743 3381 ἐρχόμενοι,

469 3417 655 3483 ιίευιε,
702 3415 755 3470 id
795 3423 901 3481 est,
946 3424 1228 3485 equestres
1271 3415 1606 3484 iaculatores
1653 3414 1927 3479 dixerunt,
1958 3413 2050 3468 alii

2163 3401 2191 3472 ἢ
2226 3400 2410 3471 κύκλῳ
2438 3401 2872 3473 περιτρέχοντες.
2895 3400 3002 3466 Οὓς
3027 3401 3262 3455 ἐκάλουν
3294 3402 3740 3464 ίπποκοντιστάς.

467 3508 712 3565 arcubus
738 3505 1025 3571 feriebant,
1058 3522 1198 3579 quos
1246 3508 1627 3575 ἱπποτοξότας,
1660 3506 1710 3563 id
1749 3518 1849 3573 est,
1884 3522 2054 3577 eque-

2163 3494 2224 3546 Ol.
2258 3493 2316 3547 δὲ
2344 3496 2458 3559 τοῖς
2490 3494 2665 3561 τόξοις
2695 3493 2920 3548 ἔϐαλλον
2944 3533 2960 3559 ,
2990 3493 3083 3558 οὒς
3111 3495 3341 3561 ἐκάλουν
3364 3495 3742 3560 ἱπποτοξότας.

469 3611 612 3658 stres
639 3600 974 3671 sagittarios.
1008 3600 1241 3666 Quidam
1273 3614 1339 3654 ex
1376 3599 1485 3655 illis
1512 3599 1782 3670 expeditis
1829 3609 1881 3653 et
1911 3599 2049 3654 veli-

472 3692 685 3749 taribus
734 3691 934 3761 iaculis
1000 3694 1314 3757 utebantur,
1364 3701 1419 3746 et
1472 3707 1596 3746 cum
1651 3691 1817 3747 semel
1886 3700 2051 3760 atque

471 3785 670 3841 iterum
693 3783 917 3854 iaculati
967 3781 1192 3849 iuerint,
1236 3783 1303 3839 de
1351 3791 1551 3838 caetero
1597 3781 1896 3852 conﬂigunt
1924 3795 2050 3836 cum

472 3876 749 3943 hostibus,
798 3876 881 3931 vel
938 3876 1129 3941 hastis,
1182 3891 1320 3946 quas
1362 3876 1635 3930 habebant
1691 3875 1921 3938 relictis,
1967 3874 2053 3929 vel

468 3969 742 4042 expeditis
770 3967 989 4039 iaculis,
1022 3968 1102 4022 vel
1152 3962 1367 4038 spathis
1413 3967 1527 4022 suis
1560 3975 1809 4021 utentes:
1837 3976 1890 4018 et
1916 3964 2053 4020 istos

467 4064 743 4122 vocabant
792 4062 1001 4119 velites.
1034 4061 1265 4129 Quidam
1305 4076 1371 4116 ex
1421 4060 1527 4116 illis
1581 4074 1803 4116 secures
1851 4074 2049 4129 parvas

469 4157 738 4221 ferebant,
774 4156 944 4211 aciein
980 4155 1217 4224 undique
1247 4163 1482 4219 acutam,
1519 4152 1675 4223 quasi
1699 4150 1890 4205 dentes
1920 4165 2047 4204 cum

470 4258 815 4305 exacuuntur
854 4248 1136 4303 habentes.
1177 4245 1242 4301 Et
1277 4253 1585 4316 equestrem
1629 4245 1804 4299 aciem
1834 4245 2049 4314 (quem-

474 4342 771 4398 admodum
803 4340 995 4412 paucis
1015 4338 1301 4410 complecti
1353 4336 1527 4410 potui)
1557 4337 1624 4393 ad
1656 4338 1803 4392 hunc
1827 4336 2051 4391 modum
2105 4390 2107 4393 ,

474 4434 767 4490 armabaut
796 4432 1024 4503 antiqui.

544 4530 637 4585 54.
674 4525 985 4582 Pedestrem
1035 4525 1208 4580 aciem
1248 4524 1316 4581 ab
1351 4522 1592 4594 antiquis
1628 4522 1711 4578 sic
1740 4520 2053 4577 invenimus

2160 3584 2317 3650 Τινὲς
2345 3585 2404 3640 δὲ
2431 3586 2611 3641 αὐτῶν
2656 3588 2916 3658 ἐλαφροῖς
2969 3586 3277 3659 κονταρίοις
3332 3587 3599 3659 ἐχρῶντο,
3648 3590 3743 3643 καὶ

2162 3680 2292 3751 μίαν
2328 3680 2361 3752 ἢ
2390 3680 2650 3751 δευτέραν
2684 3679 3240 3751 προεξακοντίσαντες
3284 3682 3347 3735 τὸ
3383 3682 3571 3736 λοιπὸν
3616 3699 3745 3736 συν-

2159 3772 2452 3827 επλέκοντο
2478 3774 2591 3837 τοῖς
2633 3771 2934 3843 πολεμίοις,
2986 3773 3019 3845 ἢ
3050 3776 3161 3836 τοῖς
3187 3774 3459 3849 δορατίοις
3483 3770 3566 3838 οἷς
3596 3771 3740 3846 εἶχον

2159 3866 2640 3938 ἀπολειπομένοις,
2666 3868 2837 3939 ἧγουν
2860 3869 2973 3932 τοῖς
3004 3866 3259 3941 ἐλαφροῖς
3310 3870 3620 3942 κονταρίοις
3645 3908 3663 3933 .
3704 3870 3738 3942 ἢ

2157 3963 2275 4025 τοῖς
2316 3961 2568 4025 σπαθίοις
2637 3962 2821 4016 αὐτῶν
2864 3961 3277 4034 διαχρώμενοι,
3351 3964 3450 4019 καὶ
3513 3964 3741 4027 τούτους

2159 4053 2389 4109 ἐκάλουν
2440 4052 2731 4126 ἐλαφρούς.
2789 4054 2947 4119 Τινὲς
2992 4054 3050 4109 δὲ
3100 4055 3285 4110 αὐτῶν
3332 4056 3433 4111 καὶ
3484 4056 3739 4121 πελέκεις

2162 4149 2397 4222 μικροὺς
2437 4149 2636 4220 ἔφερον
2670 4149 3011 4220 πανταχόθεν
3044 4148 3273 4220 ἐχούσας
3308 4148 3534 4214 ἀκωκὰς
3562 4150 3740 4215 ὀξείας

2156 4242 2235 4307 ὡς
2288 4241 2512 4305 ὀδόντας
2557 4241 2953 4312 ἠκονημένους.
3006 4243 3121 4298 Καὶ
3180 4243 3283 4316 τὴν
3329 4244 3740 4318 καϐαλλαρικὴν

2159 4338 2312 4403 τάξιν
2342 4336 2520 4401 οὕτως
2552 4335 2789 4404 ὥπλιζον
2840 4338 2889 4389 ol
2934 4336 3201 4406 παλαιοὶ,
3232 4339 3359 4395 ὅσον
3387 4340 3448 4393 ἐν
3485 4339 3742 4413 συντόμῳ

2159 4432 2356 4486 εἰπεῖν.

2230 4525 2326 4582 λδ’.
2351 4526 2463 4598 Τὴν
2496 4527 2554 4582 δὲ
2580 4526 2811 4598 πεζικὴν
2839 4525 2993 4599 παρὰ
3018 4524 3119 4599 τὴν
3144 4523 3256 4579 τῶν
3301 4523 3547 4596 ἀρχαίων
3587 4524 3744 4592 τάξιν

470 4620 809 4690 descriptam
848 4632 992 4675 esse.
1031 4615 1090 4672 In
1141 4627 1251 4674 tres
1297 4620 1441 4671 enim
1492 4626 1673 4687 partes
1711 4615 1898 4686 copias
1927 4629 2055 4671 suas

2163 4617 2333 4684 οὕτως
2352 4618 2605 4692 εὕρομεν.
2632 4620 2846 4694 Τριχῶς
2871 4620 2969 4690 μὲν
2990 4618 3100 4690 γὰρ
3127 4618 3301 4691 αὐτῆς
3317 4616 3629 4690 διεμέριζον
3644 4617 3744 4690 τὴν

471 4711 807 4776 dividebant,
833 4708 1288 4780 quemadmodum
1321 4726 1350 4762 ει
1382 4708 1539 4763 nobis
1568 4708 1820 4777 superius
1845 4720 2053 4761 memo-

473 4814 655 4861 ratum
698 4813 782 4860 est
821 4812 918 4858 :et
954 4803 1208 4873 primam,
1243 4817 1462 4874 gravem
1514 4810 1871 4866 armaturam,
1916 4801 2053 4854 alte-

471 4913 590 4961 ram
620 4896 879 4968 peltastas
922 4895 1039 4950 sive
1073 4904 1331 4961 cetratos,
1365 4895 1578 4950 tertiam
1610 4893 1781 4949 levem
1810 4904 2051 4947 armatu-

473 5006 593 5049 ram
653 4992 941 5046 vocabant.
994 4988 1063 5043 Et
1118 4989 1299 5060 gravis
1365 4998 1657 5043 armaturae
1708 4985 2054 5040 Macedonico

475 5097 629 5139 more
651 5081 1113 5152 pomlcrosissima
1162 5096 1313 5136 arma
1364 5079 1563 5146 fecere,
1594 5078 2053 5152 quemadmodum

472 5173 779 5231 Alexander
804 5169 1027 5226 Macedo
1066 5170 1246 5228 facere
1271 5171 1501 5226 solebat.

546 5266 639 5323 35.
697 5264 910 5321 Etenim
958 5275 1112 5321 scuta
1158 5264 1587 5321 illisl'aeiebant
1631 5263 1889 5333 rotunda,
1933 5281 2054 5320 ma-

479 5375 608 5432 gna,
648 5358 905 5430 oblonga,
936 5374 1056 5430 qua:
1078 5358 1300 5414 thureos
1325 5358 1689 5428 appellabant,
1722 5368 1778 5413 et
1811 5359 2059 5415 machae-

476 5471 565 5510 ras
599 5469 737 5525 quas
768 5452 1071 5524 parameria
1109 5451 1474 5523 appellabant,
1520 5464 1575 5507 et
1627 5451 1835 5517 loricia,
1867 5452 1918 5508 id
1963 5462 2053 5508 est

2154 4714 2392 4780 ὅπλισιν,
2436 4715 2514 4779 ὡς
2563 4714 2824 4784 ἀνωτέρω
2876 4713 3095 4784 εἴρηται
3133 4712 3289 4782 ἡμῖν.
3341 4712 3452 4765 Καὶ
3488 4709 3590 4781 τὴν
3642 4710 3743 4782 μὲν

2154 4805 2384 4862 ἐκάλουν
2405 4806 2631 4871 ὁπλίτας
2656 4848 2672 4875 ,
2715 4808 2815 4877 τὴν
2842 4805 2900 4859 δέ
2926 4804 3233 4870 πελταστάς
3254 4846 3271 4873 ,
3310 4806 3412 4875 τὴν
3441 4805 3499 4859 δέ
3524 4804 3738 4875 ψιλούς.

2154 4895 2267 4950 Καὶ
2295 4895 2393 4968 τὴν
2427 4895 2528 4966 μὲν
2554 4894 2663 4949 τῶν
2695 4894 3006 4965 λεγομένων
3026 4893 3262 4947 ὁπλιτῶν
3286 4892 3597 4966 βαρυτάτην
3636 4911 3744 4947 πα-

2165 4987 2232 5058 ρὰ
2263 4987 2468 5051 πάντας
2499 4987 2626 5051 τοὺς
2648 4985 2849 5051 πεζοὺς
2870 4986 3112 5049 ἐποίουν,
3150 4983 3293 5038 κατὰ
3319 4985 3410 5040 τὸν
3435 4985 3739 5040 Μακεδονι-

2162 5079 2256 5133 κὸν
2286 5081 2507 5151 τρόπον,
2530 5078 2699 5151 ἤγουν
2727 5078 2850 5133 καθ’
2880 5077 2939 5133 ὃν
2962 5076 3317 5148 Ἀλέξανδρος
3344 5078 3373 5131 ό
3420 5076 3529 5133 τῶν
3551 5078 3743 5133 Μακε-

2160 5168 2325 5223 δόνων
2347 5170 2640 5240 ἐχρήσατο.

2231 5262 2328 5319 λε’.
2380 5264 2490 5317 Καὶ
2514 5263 2621 5334 γὰρ
2656 5259 2957 5334 σκουτάρια
2998 5258 3215 5315 ἐποίουν
3260 5259 3444 5325 αὐτοῖς
3480 5260 3741 5333 στρογγύο

2160 5356 2229 5411 λα
2257 5355 2468 5428 μεγάλα
2497 5356 2803 5427 παραμήκη
2828 5395 2844 5420 ,
2889 5354 2925 5410 ἃ
2964 5354 3151 5426 ἐλεγον
3189 5354 3440 5426 θυρεοὺς,
3488 5356 3585 5410 καὶ
3630 5373 3739 5427 μα-

2165 5449 2361 5521 χαίρας
2392 5488 2407 5511 .
2470 5448 2641 5520 ἦγουν
2693 5447 3070 5519 παραμήρια,
3144 5445 3241 5501 καὶ
3291 5445 3593 5519 θώρακας,
3645 5450 3741 5502 καὶ

476 5549 678 5621 galeas,
713 5558 767 5603 et
816 5547 1071 5615 clibauia,
1104 5546 1162 5605 id
1197 5556 1280 5603 est
1317 5547 1585 5612 thoraces,
1615 5558 1671 5602 et
1696 5545 1961 5615 cassides,
1992 5555 2053 5602 et

2163 5540 2379 5615 κράνη,
2418 5539 2588 5610 ἧγουν
2625 5538 2902 5613 λωρίκια,
2970 5538 3065 5592 καὶ
3115 5537 3368 5594 κλιϐάνια
3422 5540 3579 5614 (85),
3636 5538 3736 5595 καὶ

851 5731 1128 5803 μικρίοις.
1167 5730 1391 5803 Scribe,
1423 5730 1813 5803 παραμηρίοις.

551 5803 662 5872 (83)
696 5802 913 5871 Μόνοις
976 5805 1099 5870 τοῖς
1148 5802 1513 5871 xor-rapiam.
1555 5802 1943 5869 Seribebatur,
1992 5818 2052 5873 μ.

483 5879 847 5945 σκουταρίοις.
1232 5944 1235 5945 7
1350 5944 1353 5945 7
1640 5943 1647 5945 7
1738 5944 1741 5945 7
1850 5942 1861 5945 _
1920 5944 1923 5945 7

555 5945 670 6020 (84)
692 5942 771 6007 ’Ἦ
804 5948 896 6006 ἐπ’
932 5949 1185 6017 εὐθείας.
1220 5944 1591 6013 Scribebatur,
1624 5943 1658 6016 ἢ
1697 5942 2014 6011 εὐπαθείας.

554 5730 667 5803 (82)
691 5735 853 5804 nam

2008 5636 2241 5697 NOTAE.

2240 5727 2353 5800 (85)
2393 5728 2501 5800 Kal
2531 5725 2821 5800 θώρακας,
2844 5726 2940 5781 καὶ
2960 5725 3171 5795 κράνη,
3218 5725 3412 5800 diva
3468 5727 3739 5797 λωρίκια,

2170 5796 2292 5854 ,καὶ
2322 5796 2616 5869 κλιὸἁνια.
2659 5798 2838 5854 Locus
2863 5807 3160 5869 corruptus
3197 5796 3304 5854 est.
3356 5796 3629 5866 Restituti,
3674 5815 3738 5853 ac.

2159 5872 2280 5997 leeégo
2314 5888 2330 5927 :
2361 5868 2634 5942 θώρακας,
2663 5870 2830 5943 ἤγουν
2862 5867 3113 5942 λωρίκξα,
3148 5870 3242 5925 καὶ
3266 5871 3466 5942 κράνη,
3501 5869 3595 5924 καὶ
3627 5870 3740 5926 κλι-

2236 5958 2341 5998 Via.
