4078 6306
284 438 395 509 733

1364 450 1700 514 TACTICA.
1740 475 1808 488 --
1837 448 2337 513 CONSTITUTIO
2362 449 2495 513 VII.

3418 451 3524 515 736.

285 552 570 618 κάσσιδας,
614 554 705 608 καὶ
734 556 1041 625 μανικέλια,
1074 559 1171 615 καὶ
1194 558 1531 631 χαλκότουὼ
1557 599 1574 624 ,
1619 558 1766 630 ἅπερ
1795 559 1843 611 οἱ

1976 560 2274 626 nanicellia,
2310 569 2365 614 et
2394 556 2738 624 chalcotuba,
2779 571 2903 629 quae
2944 556 3155 628 antiqui
3198 556 3523 628 pericnemi-

283 647 506 700 παλαιοὶ
542 646 939 718 περικνημίδας
977 649 1238 704 ἐκάλουν·
1294 651 1392 707 καὶ
1430 650 1688 720 κοντὰρια
1738 667 1845 719 μα-

288 737 541 808 κρότερα.
593 739 733 803 Τοὺς
767 740 869 812 μὲν
896 740 990 795 οὖν
1035 742 1261 808 ὁπλίτας
1302 743 1627 815 λεγομένους
1674 742 1846 805 οὕτως

286 823 539 894 ὥπλιζον.

355 920 463 985 λς’.
484 922 621 987 Τοὺς
640 922 695 976 δὲ
716 921 903 993 ψιλοὺς
921 926 1135 980 πάντων
1160 927 1294 997 ὲλαφ
1304 926 1498 998 ροτάτῃ
1523 924 1755 988 ὥπλιζον
1782 924 1847 992 τῇ

283 1016 606 1085 παρασκευῇ
629 1030 644 1044 °
675 1014 798 1069 οὕτε
825 1017 936 1087 γὰρ
971 1016 1223 1089 θώρακας
1242 1059 1256 1082 ,
1284 1020 1451 1090 ἧγουν
1497 1016 1749 1071 κλιόἀνια
1772 1054 1786 1080 ,
1816 1014 1850 1086 ἢ

1948 652 2068 718 das,
2103 652 2152 705 id
2200 660 2305 716 est,
2344 651 2540 707 o'creas
2584 664 2766 706 teneas
2818 651 3198 712 nominabant,
3244 664 3297 708 et
3341 653 3528 711 hastas

1950 744 2162 815 longas.
2203 742 2272 797 Et
2298 758 2514 815 gravem
2534 752 2867 799 armaturam
2897 744 2979 798 sic
3004 746 3315 802 armabant.

2020 922 2110 978 56.
2134 922 2331 977 Levem
2365 930 2701 977 armaturam
2762 919 3041 977 levissimo
3084 922 3329 978 omnium
3359 938 3532 994 appa-

1954 1023 2076 1070 ratu
2118 1014 2370 1085 tegebant
2403 1034 2417 1070 :
2447 1028 2624 1084 neque
2662 1012 2808 1070 enim
2833 1012 3092 1079 clibania,
3126 1013 3178 1069 id
3206 1022 3315 1080 est,
3347 1016 3533 1070 thora-
3596 1035 3604 1044 σ

284 1104 517 1175 λωρίκια
542 1145 555 1168 ,
604 1103 728 1159 οὔτε
778 1108 1174 1180 περικνημίδας
1203 1151 1218 1177 ,
1253 1111 1421 1182 ἧγουν
1449 1108 1783 1178 ποδόψελλα,
1818 1105 1852 1176 ἢ

1976 1120 2067 1172 :es,
2109 1120 2284 1175 neque
2308 1104 2525 1172 loricia,
2560 1105 2611 1161 id
2633 1112 2738 1171 est,
2767 1103 3164 1176 galeas,neque
3186 1104 3532 1174 chalcotuba,

287 1196 645 1267 χαλκότουϐα,
673 1196 797 1252 οὔτε
836 1198 1084 1271 θυρεοὺς,
1109 1201 1141 1273 ἢ
1162 1201 1392 1265 ἀσπίδας
1420 1200 1663 1273 βαρείας,
1690 1200 1855 1270 ἤγουν

285 1290 357 1343 τὰ
390 1291 600 1360 μεγάλα
639 1290 956 1361 σκουτάρισι,
986 1291 1120 1347 ἀλλὰ
1173 1291 1263 1347 διὰ
1288 1294 1396 1347 τῶν
1422 1292 1692 1365 μακρόθεν
1727 1290 1857 1362 βαλ-

286 1381 536 1451 λομένων
577 1381 757 1436 ὃπλων
806 1383 1075 1454 ἐμάχοντο
1102 1424 1117 1449 ,
1169 1378 1281 1437 οἷον
1330 1384 1379 1437 οἱ
1426 1383 1770 1448 τοξεύοντες,
1822 1379 1857 1452 ἢ

296 1474 552 1544 ρικτάρια
580 1473 883 1543 ῥίπτοντες,
918 1474 952 1546 ἢ
987 1474 1166 1539 λίθους
1192 1475 1476 1547 βάλλοντες
1495 1476 1620 1538 τοὺς
1651 1473 1749 1544 μὲν
1772 1472 1859 1525 διὰ

287 1550 489 1637 χειρὸς,
514 1566 644 1630 τοὺς
669 1564 726 1618 δὲ
763 1565 853 1619 διὰ
890 1568 1197 1639 σφενδόνης.
1241 1567 1437 1633 Στολὰς
1463 1566 1521 1621 δὲ
1565 1561 1709 1635 εἶχον
1741 1579 1860 1616 στε-

291 1656 444 1728 ρεὰς,
477 1656 572 1711 καὶ
606 1657 819 1727 πηκτὰς
851 1658 973 1712 ἀντὶ
995 1657 1283 1729 λωρικίων,
1320 1661 1415 1713 καὶ
1434 1657 1743 1719 κλιϐανίων,
1768 1654 1863 1708 καὶ

286 1750 400 1804 τῶν
427 1748 626 1807 ἄλλων.

359 1843 459 1909 λζ.
496 1845 570 1897 Τὸ
593 1842 657 1897 δὲ
700 1843 810 1898 τῶν
847 1840 1166 1897 πελταστῶν
1204 1842 1493 1914 λεγόμενον
1533 1837 1704 1909 εἶδος,
1728 1841 1865 1910 ὅπερ

1957 1198 2011 1254 id
2038 1206 2141 1265 est,
2172 1213 2362 1253 ocreas
2400 1214 2601 1263 teneas,
2643 1212 2822 1268 neque
2864 1197 3113 1260 thureos.
3148 1196 3203 1253 id
3243 1205 3347 1263 est,
3377 1204 3533 1254 scuta

1957 1306 2156 1363 magna
2190 1290 2480 1355 habebant,
2510 1288 2605 1345 sed
2630 1289 2847 1345 eminus
2885 1287 3146 1358 conjectis
3176 1288 3293 1344 telis
3323 1302 3537 1358 pugna-

1959 1378 2109 1445 bant,
2150 1388 2210 1433 ut
2255 1377 2503 1449 sagittas,
2536 1376 2620 1431 vel
2659 1376 2945 1443 rhictaria,
2986 1377 3037 1431 id
3078 1385 3181 1441 est,
3223 1375 3409 1445 jacula
3453 1384 3537 1439 vel

1963 1484 2097 1527 saxa
2144 1469 2492 1541 projicientes
2528 1468 2633 1523 alia
2690 1482 2878 1531 manu,
2933 1467 3036 1522 alia
3106 1467 3310 1522 fundis.
3355 1468 3539 1524 Vestes

1966 1561 2237 1617 habebant
2260 1560 2445 1617 firmas
2466 1563 2582 1618 vice
2612 1560 2925 1617 loriciorum
2956 1571 3011 1617 et
3038 1560 3323 1616 thoracum
3354 1570 3409 1617 et
3435 1561 3544 1617 bu-

1959 1652 2222 1725 jusmodi.

2039 1845 2129 1900 37.
2179 1844 2539 1900 Peltastarum
2600 1858 2697 1900 seu
2755 1853 3086 1901 cetratorum
3132 1861 3351 1919 agmen,
3396 1848 3543 1921 quod

286 1934 341 1987 οί
367 1934 624 2006 νεώτεροι
653 1934 763 1990 τῶν
790 1934 1066 1989 τακτικῶν
1113 1934 1216 1989 οὐκ
1256 1934 1531 2007 ἐδήλωσαν
1572 1930 1748 2006 (οἶμαι
1784 1935 1864 1998 δὲ,

1976 1939 2305 2011 recentiores
2332 1937 2411 1994 rei
2443 1937 2696 1992 militaris
2715 1938 3009 2006 scriptores
3037 1944 3506 2009 pratermtserunt
3526 1962 3545 1998 ε

286 2024 366 2090 ὡς
394 2026 509 2080 ἄνω
546 2044 639 2097 μοι
676 2028 912 2098 εἴρηται,
941 2028 1058 2091 τοῖς
1093 2026 1268 2097 ψιλοῖς
1292 2026 1422 2080 αὐτὸ
1450 2025 1863 2097 συμμίξαντες),

301 2120 399 2171 καὶ
434 2117 567 2171 αὐτὸ
600 2117 699 2187 μὲν
729 2114 876 2189 εἶχεν
923 2118 1188 2189 ὁπλισμὸν
1210 2156 1227 2181 ,
1269 2116 1626 2188 ἐλαφρότερον
1661 2117 1716 2172 δὲ
1758 2116 1868 2173 τῶν

288 2208 485 2262 ἄλλων.
525 2204 653 2280 Εἶχε
680 2209 787 2280 γὰρ
815 2210 1045 2283 πέλτην,
1075 2212 1104 2265 ὅ
1132 2211 1247 2264 ἐστι
1274 2210 1593 2281 σκουτὰριον
1633 2211 1831 2281 μικρδν
1850 2249 1867 2275 ,

288 2300 385 2354 καὶ
421 2299 490 2354 τὰ
526 2299 728 2372 δόρατα
761 2301 962 2369 αὐτῶν,
1003 2302 1172 2373 ἤγουν
1207 2301 1277 2354 τὰ
1313 2302 1575 2373 κοντάρια
1602 2300 1734 2355 πολὺ
1761 2301 1869 2355 τῶν

289 2390 598 2462 λεγομένων
645 2394 920 2464 σαρισσῶν
959 2394 1109 2463 παρὰ
1140 2394 1253 2458 τοῖς
1276 2394 1525 2457 παλαιοῖς
1556 2394 1868 2465 κοντότερα.

289 2483 357 2535 Δί
382 2480 439 2534 δὲ
472 2482 728 2553 σάρισσαι
756 2478 898 2556 ἦσαν
934 2484 1191 2555 κοντάρια
1228 2484 1412 2554 μακρὰ
1432 2483 1537 2547 ἕως
1564 2483 1755 2555 πηχῶν
1785 2482 1871 2545 ιδ’,

290 2570 388 2624 καὶ
409 2570 537 2641 ἄχρι
569 2570 760 2642 πηχῶν
794 2577 891 2637 ις’.
922 2572 1110 2628 Ταῦτα
1134 2572 1191 2626 δὲ
1208 2567 1350 2643 ἦσαν
1376 2571 1611 2642 μάλιστα
1637 2574 1736 2640 τῆς
1754 2574 1876 2626 Μα-

294 2662 581 2735 κεδονικῆς
624 2663 914 2728 ὁπλίσεως.
946 2664 1156 2719 Ἐδόκει
1204 2665 1262 2720 δὲ
1312 2666 1347 2737 ή
1396 2665 1507 2719 τῶν
1559 2664 1876 2718 πελταστῶν

291 2755 507 2819 ὅπλισις
556 2756 728 2827 μέσην
762 2757 908 2829 ἔχειν
941 2757 1095 2825 τάξιν
1131 2757 1242 2812 τῶν
1297 2775 1355 2811 τε
1406 2756 1579 2828 ψιλῶν
1630 2758 1727 2812 καὶ
1766 2757 1877 2811 τῶν

296 2846 445 2912 ιδίως
490 2847 800 2921 λεγομένων
830 2849 1102 2917 ὁπλιτῶν,
1135 2849 1415 2922 βαρυτέρα
1462 2849 1563 2921 μὲν
1589 2844 1723 2904 οὖσα
1769 2849 1878 2903 τῶν

291 2938 491 3011 ψιλῶν,
524 2940 866 3012 ἐλαφροτέρα
893 2940 953 2996 δὲ
981 2942 1091 2996 τῶν
1116 2941 1376 2997 ὁπλιτῶν.

368 3032 471 3103 λη’.
502 3027 611 3087 Ἦν
634 3033 692 3087 δὲ
721 3034 874 3105 παρὰ
903 3036 1016 3099 τοῖς
1047 3034 1294 3098 ὁπλίταις
1321 3033 1414 3087 καὶ
1439 3033 1604 3096 ἀσπὶς
1626 3032 1877 3088 Μακεδο-

297 3126 424 3198 νικὴ
450 3125 624 3197 χαλκῆ
679 3127 740 3180 οὐ
790 3126 914 3181 λίαν
964 3124 1121 3198 κοίλη
1166 3126 1304 3199 (86),
1358 3126 1528 3197 ήγουν
1559 3126 1879 3199 σκουτάριον

300 3219 635 3291 στρογγύλον
669 3218 814 3299 μέγα
835 3260 852 3285 ,
908 3220 1237 3293 ἁπλωτέραν
1270 3219 1392 3291 ἕχον
1419 3220 1519 3289 τὴν
1547 3218 1835 3289 κοιλότητα
1862 3262 1875 3287 ,

296 3310 361 3364 τὸ
396 3310 454 3364 δὲ
486 3311 685 3384 μέτρον
718 3311 888 3384 αὐτῆς
912 3313 1203 3384 σπιθαμῶν
1225 3312 1293 3382 γ’.
1320 3308 1429 3367 *Ην
1458 3311 1517 3365 δὲ
1542 3311 1638 3364 καὶ
1672 3310 1870 3364 κοντα-

302 3419 421 3476 ριον
461 3404 524 3458 οὐ
573 3404 896 3476 μικρότερον
938 3408 1130 3476 πηχῶν
1159 3404 1230 3477 η’.
1282 3405 1356 3459 Τὸ
1388 3405 1446 3459 δὲ
1494 3403 1832 3475 μακρότερον
1855 3446 1870 3470 ,

306 3495 470 3567 μέχρι
512 3494 609 3550 τοῦ
645 3495 907 3551 δύνασθαι
949 3498 1122 3571 ἄνδρα
1171 3496 1480 3571 κρατοῦντα
1530 3498 1700 3552 κινεῖν
1744 3496 1876 3549 αὐτὸ

302 3590 565 3654 εὐκόλως.

373 3681 472 3737 λθ’.
518 3681 580 3736 Ἦ
610 3681 664 3737 δὲ
682 3681 1029 3754 Μακεδονικὴ
1049 3682 1263 3754 φάλαγξ
1286 3682 1490 3753 ἐκείνη,
1522 3683 1691 3754 ήγουν
1712 3682 1745 3752 ή
1770 3700 1876 3734 πα-

278 3776 561 3846 νραταγὴ,
608 3775 783 3831 ἐδόκει
822 3777 936 3840 τοῖς
980 3775 1260 3847 πολεμίοις
1316 3775 1687 3837 ἀνυπόστατος
1714 3769 1875 3841 εἶναι,

307 3867 399 3921 διὰ
425 3868 522 3940 τὴν
552 3871 613 3923 ὲν
660 3872 783 3934 ταῖς
822 3870 1009 3938 τάξεσι
1051 3869 1420 3940 κατασκευήν.
1447 3870 1661 3922 Ἰστατο
1706 3867 1816 3938 γὰρ
1851 3868 1879 3920 ό

309 3961 453 4031 ἀνὴρ
486 3958 890 4031 ἐξωπλισμένος
922 3963 981 4014 ὲν
1018 3961 1094 4033 τῷ
1125 3960 1219 4014 τοῦ
1248 3961 1456 4030 ἀγῶνος
1477 3963 1577 4031 τῆς
1606 3959 1881 4030 συμϐολῆς

312 4048 488 4119 καιρῷ
549 4050 1076 4121 καταπυκνουμένης
1141 4050 1241 4119 τῆς
1305 4050 1627 4123 παραταγῆς
1694 4051 1752 4103 ἐν
1812 4052 1879 4120 τῇ

313 4138 546 4193 ἑκάστου
579 4143 765 4195 στάσει
799 4142 884 4216 εἰς
907 4143 1104 4213 πήχεις
1131 4140 1225 4195 δύο
1255 4143 1501 4213 κατέχων
1546 4143 1645 4213 τὴν
1690 4142 1882 4212 σάρισ-

316 4248 436 4294 σαν,
467 4232 637 4303 ήγουν
670 4233 734 4286 τὸ
764 4234 977 4305 μακρὸν
1003 4234 1307 4305 κοντάριον,
1338 4234 1495 4303 ὅπερ,
1514 4233 1590 4299 ὡς
1613 4233 1713 4305 μέν
1741 4252 1883 4297 τινες

314 4321 545 4390 ἔφασαν,
580 4316 771 4394 πηχῶν
820 4324 1144 4392 ἑξκαίδεκα,
1177 4326 1318 4379 κατά
1358 4326 1417 4379 δὲ
1451 4326 1548 4397 τὴν
1602 4326 1884 4398 ἀλήθειαν,

1970 2030 2210 2085 arbitror
2231 2029 2377 2084 enim
2396 2043 2524 2083 cum
2556 2028 2660 2083 levi
2692 2040 2967 2084 armatura
2995 2031 3162 2099 abiis
3189 2033 3549 2101 scriptoribus

1969 2120 2229 2175 confusos
2258 2134 2395 2174 esse.
2437 2118 2719 2173 llabebant
2746 2129 2924 2175 autem
2967 2121 3021 2176 hi
3066 2133 3423 2189 armaturam,
3455 2125 3549 2180 sed

1970 2211 2223 2268 leviorem
2253 2211 2375 2267 aliis
2406 2226 2422 2263 ς
2458 2209 2729 2265 habebant
2756 2222 2937 2266 autem
2970 2212 3190 2281 peltam,
3223 2213 3277 2268 id
3307 2222 3554 2280 est,scu-

1969 2310 2087 2359 tum
2117 2318 2366 2375 parvum,
2400 2311 2456 2357 et
2499 2302 2707 2370 hastas,
2744 2317 2867 2372 quae
2907 2302 2979 2379 ab
3018 2305 3419 2374 antiquioribus
3460 2319 3555 2360 sa-

1972 2394 2129 2449 rissae
2154 2394 2310 2449 dicta:
2340 2400 2471 2450 sunt
2500 2411 2513 2448 :
2539 2393 2757 2449 sarissae
2786 2404 2967 2450 autem
3007 2395 3177 2450 hastae
3209 2404 3365 2450 erant
3384 2396 3555 2467 longa:

1975 2487 2245 2543 interdum
2271 2487 2683 2558 quatuordecim
2732 2487 3068 2553 cubitorum,
3100 2487 3375 2542 interdum
3404 2488 3559 2543 sede-

1976 2580 2084 2634 cim
2116 2579 2449 2635 cubitorum.
2484 2577 2613 2634 Haec
2649 2586 2768 2634 erat
2802 2578 2977 2634 forma
3018 2579 3266 2634 armandi
3305 2577 3558 2635 Macedo.

1976 2671 2122 2727 nica.
2152 2670 2517 2728 Peltastarum
2546 2680 2822 2725 armatura
2856 2670 3095 2725 medium
3120 2670 3391 2740 quoddam
3416 2669 3562 2725 inter

1979 2776 2201 2831 gravem
2241 2770 2296 2816 et
2332 2761 2506 2817 levem
2554 2771 2893 2817 armaturam
2925 2762 3164 2827 tenebat,
3194 2762 3410 2834 gravior
3432 2762 3559 2831 levi,

1984 2863 2038 2909 et
2069 2854 2240 2908 levior
2264 2853 2415 2923 gravi
2438 2862 2740 2908 armatura.

2049 3037 2139 3093 38.
2168 3036 2330 3093 Gravi
2358 3047 2650 3093 armaturae
2674 3037 2849 3094 adfuit
2877 3053 3096 3109 quoque
3123 3048 3178 3096 et
3208 3038 3359 3112 aspis
3384 3037 3567 3095 Mace-

1980 3128 2175 3182 donica
2213 3135 2375 3182 aerata
2406 3142 2517 3181 non
2561 3127 2859 3183 admodum
2893 3143 3155 3194 concava,
3200 3130 3253 3184 id
3299 3138 3404 3194 est,
3440 3145 3569 3185 scu-

1984 3230 2098 3274 tum
2128 3220 2424 3275 rolundum
2448 3234 2725 3290 magnum,
2758 3220 3147 3291 simpliciorcm
3188 3220 3396 3275 habena
3422 3223 3569 3276 cavi-

1987 3321 2173 3377 tatem,
2208 3326 2523 3367 mensuram
2570 3312 2734 3367 trium
2777 3314 3198 3382 spithamarum,
3250 3312 3304 3368 id
3334 3322 3439 3379 est,
3467 3314 3568 3369 do-

1976 3402 2274 3458 drantium.
2297 3401 2425 3457 Erat
2454 3410 2637 3459 autem
2670 3404 2823 3459 hasta
2854 3418 2961 3457 non
2994 3404 3174 3460 minor
3200 3412 3322 3460 octo
3344 3405 3567 3467 cubitis.

1977 3492 2142 3551 Hasta
2170 3494 2386 3565 longior
2415 3509 2481 3549 eo
2502 3510 2677 3567 usque
2694 3495 3140 3565 ducebatur,quo
3172 3495 3336 3553 homo
3358 3496 3569 3553 viribus

1978 3589 2095 3645 suis
2122 3587 2372 3656 expedite
2404 3602 2525 3643 eam
2563 3596 2800 3642 tractare
2829 3599 3106 3658 potuerat.

2063 3674 2153 3731 39.
2182 3675 2535 3730 Macedonica
2572 3676 2830 3746 phalanx,
2865 3677 2918 3731 id
2951 3688 3054 3746 est,
3085 3678 3254 3746 acies,
3284 3680 3570 3736 videbatur

1982 3766 2237 3823 hostibus
2274 3778 2495 3838 prepter
2528 3768 2664 3824 aciei
2704 3769 3037 3825 instruenda:
3080 3770 3305 3825 modum
3340 3772 3575 3843 inexpu-

1980 3858 2212 3929 gnabilis
2244 3874 2388 3915 esse.
2417 3858 2607 3914 Stabat
2631 3860 2775 3914 enim
2804 3861 3182 3932 unusquisque
3216 3863 3299 3916 vir
3330 3875 3575 3919 armatus

1982 3949 2103 4019 ipso
2129 3950 2461 4023 conﬂigendi
2518 3961 2779 4023 tempore,
2846 3953 3071 4009 denSata
3102 3955 3221 4011 acie
3270 3956 3337 4011 ad
3380 3973 3573 4012 unius-

1984 4038 2252 4109 cujusque
2283 4041 2598 4102 Stationem,
2639 4040 2951 4095 cubitorum
2995 4044 3229 4098 duorum
3268 4043 3449 4100 locum
3484 4062 3577 4101 oc-

1986 4146 2220 4200 cupans,
2280 4132 2567 4199 sarissam,
2622 4131 2676 4188 id
2729 4143 2832 4199 est,
2881 4132 3096 4203 longam
3145 4134 3359 4190 hastam
3409 4151 3574 4191 manu

1988 4233 2202 4288 tenens,
2236 4224 2476 4280 sedecim
2506 4236 2565 4281 ut
2595 4226 2817 4296 quidam
2876 4234 3069 4296 putant
3107 4228 3439 4295 cubitorum,
3491 4245 3577 4284 re-

1990 4330 2122 4372 vera
2148 4326 2328 4370 autem
2359 4319 2771 4386 quatuordecim
2820 4319 3153 4376 cubitorum.
3204 4320 3282 4375 Ex
3318 4323 3407 4387 iis,
3442 4337 3579 4392 qua-

318 4412 510 4483 πηχῶν
539 4413 620 4467 ιδ’.
667 4413 887 4468 Τούτων
927 4413 984 4467 δὲ
1018 4415 1279 4485 τέσσαρες
1319 4414 1417 4485 μὲν
1447 4415 1639 4485 πήχεις
1667 4415 1870 4485 ἀφαιρε

1996 4421 2121 4465 tuor
2147 4409 2454 4465 cubitorum
2480 4411 2741 4479 spatium,
2770 4427 2968 4468 manus
2994 4413 3047 4467 in
3074 4413 3430 4484 posteriorem
3455 4430 3580 4485 par-

318 4505 380 4558 τδ
405 4504 608 4576 μεταξὺ
631 4504 740 4559 τῶν
764 4506 966 4578 χειρῶν
985 4508 1067 4570 είς
1094 4505 1154 4559 τὸ
1175 4506 1371 4562 ὀπίσω.
1406 4507 1468 4559 Ol
1494 4506 1551 4559 δὲ
1594 4506 1769 4559 λοιποὶ
1798 4505 1870 4560 δέ·

1996 4509 2106 4557 tem
2155 4510 2447 4572 occupant,
2479 4502 2676 4573 reliqui
2722 4503 2911 4559 decem
2964 4506 3131 4560 cubiti
3166 4507 3220 4560 in
3250 4509 3578 4565 anteriorem

322 4613 394 4649 κα
444 4596 640 4667 πήχεις
690 4597 771 4660 εἰς
804 4596 866 4650 τὸ
906 4594 1215 4669 ἔμπροσθεν
1260 4596 1592 4650 ὲκτείνονται
1633 4596 1738 4668 πρὸ
1784 4597 1870 4649 τῶί

2000 4601 2210 4663 partem
2252 4601 2376 4648 ante
2406 4608 2636 4663 corpora
2687 4596 3108 4665 protenduntur.
3157 4599 3334 4670 Atque
3363 4600 3479 4656 haec
3514 4601 3584 4656 do

326 4688 617 4757 σωμάτων.
667 4687 920 4743 Τοσαῦτα
963 4688 1062 4759 μὲν
1099 4684 1194 4743 οὖν
1222 4690 1317 4743 κα)⁴
1349 4690 1475 4759 περὶ
1507 4691 1605 4760 τῆς
1636 4688 1758 4742 καθ’
1802 4690 1870 4742 ἒνε

2005 4695 2254 4756 separata
2304 4685 2739 4758 uniuscujusque
2783 4689 3079 4759 singularis
3135 4691 3242 4745 viri
3281 4702 3581 4761 armatura,

323 4780 488 4850 ἄνδρα
516 4780 856 4851 στρατιώτην
883 4780 1151 4843 ὁπλίσεως
1178 4780 1243 4834 ἐκ
1269 4798 1328 4833 τε
1368 4781 1477 4834 τῶν
1528 4781 1774 4834 παλαιῶν
1803 4799 1870 4835 κα

1999 4794 2066 4834 ex
2121 4778 2361 4849 antiquis
2396 4788 2451 4834 et
2497 4780 2895 4837 recentioribus
2941 4782 3021 4837 rei
3061 4782 3315 4842 militaris
3348 4784 3585 4855 scripto-

325 4870 436 4924 τῶν
464 4874 744 4944 νεωτέρων
777 4873 1051 4926 τακτικῶν
1098 4871 1489 4942 ἀναλεξάμενοι
1532 4872 1870 4943 διεταξάμεθε

1996 4873 2151 4928 ribus
2187 4874 2504 4943 collegimus
2546 4884 2599 4928 et
2636 4875 3045 4945 descripsimus,
3089 4887 3149 4932 ut
3192 4878 3422 4934 istorum
3482 4897 3581 4935 no-

327 4978 389 5017 τε
440 4964 534 5017 καὶ
582 4963 980 5034 διωρισάμεθα,
1007 4964 1093 5018 ἵνα
1148 4962 1289 5034 ἔχων
1316 4961 1497 5016 αὐτῶν
1543 4963 1644 5035 τὴν
1695 4963 1870 5032 γνῶσι

2005 4962 2178 5017 titiam
2239 4979 2363 5018 cum
2412 4962 2637 5031 habeas,
2686 4967 2829 5035 quod
2883 4968 3225 5024 conducibile
3282 4970 3378 5024 tibi
3422 4970 3583 5026 fuerit

327 5057 527 5129 ὲκλέγῃ
555 5058 617 5112 τὸ
646 5059 936 5130 χρήσιμον.

896 5148 1206 5203 ΔΙΔΤᾹΞΔΣ
1264 5146 1339 5202 Z'.

399 5243 540 5312 Περὶ
570 5241 908 5313 γυμνασίας
938 5238 1384 5310 κασαλλαρικ-ἦς
1422 5237 1522 5294 καί
1559 5236 1827 5308 πεᾶκῆς.

401 5332 448 5385 α’
510 5333 667 5404 Ἑξῆς
691 5334 747 5388 δὲ
773 5335 868 5388 καὶ
907 5335 1036 5405 περὶ
1079 5334 1181 5403 τῆς
1226 5330 1407 5385 αὐτῶν
1450 5331 1763 5401 γυμνασίας
1794 5330 1900 5401 πρὸ

2008 5056 2195 5125 eligas.

2494 5146 2957 5205 CONSTITUTIO
2999 5149 3107 5206 νη.

2261 5240 2336 5295 De
2360 5242 2732 5296 exercitatione
2754 5244 2983 5314 equestri
3005 5253 3056 5298 et
3088 5246 3339 5314 pedestri.

2078 5332 2131 5386 l.
2187 5330 2450 5401 Deinceps
2506 5331 2622 5401 jam
2673 5331 2742 5387 de
2797 5333 3189 5389 exercitatione
3237 5350 3358 5405 quae
3388 5334 3584 5391 bellica

337 5427 444 5482 τῶν
489 5426 801 5497 πολεμικῶν
851 5427 1078 5495 ἀγώνων
1138 5426 1460 5497 ὀφειλούσης
1516 5426 1763 5494 γίνεσθαι
1805 5443 1870 5495 με

2007 5424 2304 5479 certamina
2338 5423 2497 5478 debet
2538 5422 2768 5489 anteire,
2812 5438 3043 5480 numero
3070 5434 3124 5480 et
3176 5425 3441 5496 paucis,o
3483 5428 3588 5481 im-

336 5519 501 5590 τρὶως
531 5534 613 5573 σοι
663 5519 758 5573 καὶ
812 5518 1093 5589 συντόμως
1126 5516 1599 5590 ὐπαγορεύσομεν,
1631 5511 1675 5571 ὧ
1709 5534 1907 5589 στρατ-

2010 5528 2249 5587 perator,
2281 5516 2448 5572 verba
2471 5513 2696 5581 faciam,
2731 5523 2790 5571 ut
2837 5532 2931 5587 per
2965 5517 3094 5572 istas
3134 5517 3587 5574 exercitationum

334 5611 458 5683 ηγὲ,
489 5613 574 5666 ἵνα
620 5610 1161 5683 προπαρασκευάζῃς
1212 5612 1409 5675 αὐτοὺς
1459 5610 1736 5675 ἐθίζεσθαι
1770 5610 1870 5681 πρὸ

2013 5606 2437 5679 periclitatioues
2480 5606 2547 5661 ad
2602 5621 2729 5662 vera
2783 5608 3022 5679 pericula
3088 5624 3187 5679 eos
3228 5608 3590 5667 assuefacias.

1860 5723 2094 5781 ΝΟΤᾸΕ.

412 5820 527 5889 (86)
559 5819 707 5875 Αἰαν-
736 5820 1015 5889 κριληλιι
1056 5818 1223 5879 Checi
1256 5818 1445 5874 codice
1475 5818 1692 5889 videtur
1721 5816 1913 5881 fuisse,

2023 5813 2697 5889 axourépteldaasbowxi
2741 5815 2936 5887 χαλκᾶ,
2986 5815 3314 5889 στρογγύλα,
3350 5812 3585 5888 μεγάλα,

338 5890 399 5944 οὐ
423 5884 736 5961 λίανκοίλη.
764 5884 953 5948 Recte.
1011 5891 1103 5947 Sic
1147 5890 1563 5947 Constantinus.
1621 5884 1778 5958 Είχον
1826 5905 1870 5943 κι

2029 5885 2122 5940 καὶ
2137 5885 2198 5938 οὑ
2225 5885 2357 5940 πολὺ
2381 5885 2570 5954 βαθέα.
