4078 6306
551 387 658 450 135

1811 374 2087 438 LEONIS
2112 373 2575 437 PHILOSOPIII

3705 368 3826 434 736

551 492 820 568 imperitia
844 490 986 548 enim
1011 490 1076 545 ad
1104 488 1312 547 subitas
1333 499 1388 544 et
1414 488 1681 544 irruentes
1697 501 1879 544 rerum
1905 502 2126 560 aggres-

2242 485 2354 548 τοὺς
2383 484 2604 554 ἀληθεῖς
2635 481 2916 547 κινδύνους
2948 480 3035 536 διά
3064 481 3175 536 τῶν
3202 481 3261 535 ὲν
3306 481 3589 554 γυμνασίᾳ
3637 483 3826 538 κινδύ-

547 588 732 645 siones
755 599 897 640 caeca
925 590 978 638 et
1011 583 1180 637 inscia
1209 597 1331 638 esse
1363 581 1519 637 solet.

621 848 895 905 2.11icme
924 857 1016 904 aut
1041 847 1148 903 alio
1173 847 1369 918 quovis
1408 857 1680 917 tempore,
1713 845 1935 917 quando
1962 846 2134 904 inter-

551 944 744 1000 missio
797 942 922 999 belli
956 956 1065 1008 est,
1100 952 1195 996 aut
1240 941 1627 997 excursionum
1667 941 1725 995 in
1758 940 1945 996 hostili
1986 948 2130 995 terra

552 1037 841 1104 relaxatio,
923 1035 1321 1092 assuefaciendi
1370 1035 1436 1090 ad
1496 1034 1816 1105 patientiam
1876 1034 2128 1089 laborum

553 1138 684 1184 sunt
743 1129 963 1195 milites,
1021 1138 1077 1183 et
1126 1126 1371 1182 bellicosi
1417 1127 1744 1197 operosique
1800 1127 2128 1182 assiduitate

552 1220 814 1276 reddendi
840 1229 989 1289 sunt,
1025 1235 1203 1291 neque
1232 1218 1286 1273 in
1316 1218 1428 1273 otio
1484 1226 1538 1273 et
1565 1218 1770 1274 desidia
1797 1203 1919 1274 esse
1946 1219 2133 1275 sinen-

550 1312 628 1368 di.
656 1309 870 1368 Etenim
902 1313 1073 1367 otium
1104 1311 1358 1380 languida
1417 1319 1473 1366 et
1497 1311 1674 1366 soluta
1714 1309 1846 1366 facit
1875 1326 2127 1381 corpora,

552 1404 762 1460 desidia
811 1403 1034 1458 timidas
1075 1414 1130 1458 et
1169 1400 1509 1457 ell‘eminatas
1551 1403 1728 1457 reddit
1760 1411 1988 1457 mentes.
2023 1401 2128 1457 Vo-

552 1497 788 1565 luptates
840 1499 987 1550 enim
1065 1495 1311 1566 quotidie
1375 1495 1686 1550 inescantes
1761 1494 2128 1552 fortissimum

551 1601 827 1658 quemque
873 1597 1254 1657 corrumpunt.
1299 1584 1529 1652 Quando
1561 1599 1740 1641 autem
1787 1588 1947 1656 longo
1987 1600 2128 1643 tem-

550 1695 684 1750 pore
705 1681 1025 1751 interposito
1051 1679 1119 1734 ad
1149 1680 1364 1734 labores
1412 1681 1657 1745 veniunt,
1691 1696 1868 1750 neque
1897 1682 2128 1738 libenter

552 1773 850 1840 sustinent,
915 1787 1097 1843 neque
1121 1773 1213 1826 diu
1240 1773 1459 1836 durant,
1488 1772 1586 1827 sed
1619 1773 1802 1827 statim
1847 1773 2130 1846 refugiunt

2235 597 2364 634 νων.
2426 578 2501 633 Τὸ
2545 578 2655 650 γάρ
2705 577 3058 648 ἀγύμναστον
3116 575 3399 640 παντελῶς
3458 575 3673 648 ἀμαθὶς
3729 580 3826 634 καὶ

2232 672 2438 743 τυφλὸν
2464 673 2602 744 πρὸς
2618 672 2717 736 τὰς
2743 670 2947 742 ἀθρόας
2975 668 3071 724 καὶ
3092 668 3462 742 ἀμσλετήτους
3482 669 3828 743 ὲγχειρήσεις

2235 765 2577 838 εὑρίσκεται.

2306 857 2373 928 β’.
2413 859 2486 911 Ἢ
2511 857 2622 928 γὰρ
2655 859 2714 911 ὲν
2739 857 2917 928 καιρῷ
2955 857 3246 930 χειμῶνος,
3287 856 3321 929 ἢ
3354 859 3414 912 ὲν
3440 857 3613 930 ἑτέρῳ
3640 858 3828 929 καιρῷ

2233 950 2291 1005 ὲν
2396 952 2544 1004 ἐστιν
2570 951 2741 1023 ἀνοχὴ
2778 948 3042 1021 πολέμου,
3074 950 3109 1020 ἦ
3134 967 3297 1003 τινων
3318 948 3658 1004 ὲπελεύσεων
3687 951 3829 1005 κατὰ

2233 1041 2496 1112 πολεμίας
2537 1042 2642 1112 γῆς
2687 1042 2896 1105 ἄνεσις,
2941 1042 3245 1112 γυμνάζειν
3273 1057 3333 1095 σε
3362 1041 3469 1113 χρὴ
3498 1043 3568 1097 τά
3596 1044 3827 1116 στρατό·

2231 1132 2391 1199 πεδα,
2428 1132 2523 1187 καὶ
2568 1134 2742 1186 ποιεῖν
2792 1133 2920 1195 τοὺς
2962 1131 3306 1204 στρατιώτας
3348 1133 3705 1202 πολεμικοὺς,
3733 1133 3828 1187 καὶ

2231 1223 2421 1295 ῶσπερ
2475 1225 2808 1296 συντρόφους
2848 1224 2962 1280 τῶν
2997 1224 3174 1278 πόνων
3205 1224 3294 1278 διὰ
3315 1223 3412 1278 τοῦ
3448 1224 3700 1296 ἐθισμοῦ,
3732 1226 3830 1279 καὶ

2236 1318 2311 1389 μὴ
2339 1317 2505 1390 άφὶῃς
2546 1318 2745 1384 αὐτοὺς
2773 1319 2986 1388 ἀργεῖν,
3019 1319 3157 1389 μήτε
3183 1317 3477 1390 ῥᾳθυμεῖν.
3509 1319 3622 1372 Καὶ
3659 1317 3768 1389 γὰρ
3795 1321 3830 1390 ἠ

2233 1409 2400 1482 ἀργία
2457 1409 2679 1478 μαλακὰ
2730 1408 2826 1462 καὶ
2858 1408 3061 1481 ἀσθενῆ
3095 1412 3240 1464 ποιεῖ
3283 1410 3354 1462 τά
3416 1409 3667 1480 σώματα,
3701 1411 3735 1482 ὴ
3767 1410 3828 1466 δὲ

2234 1501 2478 1574 ῥᾳθυμία
2530 1501 2710 1566 δειλὰς
2760 1503 2856 1555 καὶ
2904 1502 3205 1571 ἀνάνδρους
3243 1502 3344 1567 τὰς
3369 1502 3554 1573 ψυχὰς
3586 1503 3702 1574 (87)
3729 1523 3831 1557 na-

2235 1593 2577 1666 ρασκευάζει.
2606 1595 2671 1647 Δί
2702 1596 2809 1668 γὰρ
2832 1595 3017 1667 ἡδοναὶ
3046 1596 3108 1648 τὸ
3139 1595 3262 1651 καθ’
3297 1597 3511 1667 ἡμέραν
3537 1596 3830 1663 δελεάζου-

2234 1709 2319 1745 σιν
2363 1691 2458 1745 xal
2505 1694 2891 1762 ὲντολμότατον
2943 1693 3340 1766 διαφθείρουσι.
3391 1695 3503 1748 Καὶ
3564 1694 3694 1748 ὅταν
3737 1694 3830 1747 ἐπὶ

2238 1784 2448 1856 μακρὸν
2506 1784 2700 1855 χρόνον
2747 1785 3031 1850 ἀνεθέντες
3084 1786 3249 1840 πάλιν
3306 1786 3400 1841 ἐπὶ
3445 1787 3575 1853 τοὺς
3632 1786 3829 1852 πόνους

551 1866 873 1935 priusquam
904 1865 1206 1935 periculum
1236 1866 1480 1920 labormn
1506 1866 1823 1921 bellicorum
1859 1866 2086 1922 fecerint
2112 1885 2128 1926 :

2242 1876 2486 1940 ἔλθωσιν,
2530 1877 2655 1931 οὔτε
2687 1878 2859 1948 ἡδέως
2904 1878 3150 1946 ἕξουσιν,
3176 1878 3306 1933 οὔτε
3340 1879 3433 1933 ἐπὶ
3461 1879 3596 1933 πολὺ
3629 1896 3831 1950 καρτε-

551 1959 636 2012 sin
670 1958 723 2012 in
751 1957 1051 2029 periculum
1079 1959 1350 2023 venerint,
1383 1957 1540 2014 facile
1580 1959 1778 2014 iterum
1816 1958 2129 2028 discedunt,

550 2065 732 2121 neque
775 2050 842 2105 ad
890 2049 1242 2121 perferendos
1292 2052 1529 2117 labores,
1582 2068 1758 2123 neque
1807 2053 1876 2107 ad
1948 2055 2131 2108 susci-

551 2143 747 2213 pienda
795 2143 1032 2219 pericula
1083 2143 1260 2198 idonei
1292 2153 1442 2199 sunt.
1486 2143 1666 2209 Quare
1692 2145 1897 2199 bonum
1925 2159 2026 2216 ego
2049 2144 2133 2216 ju-

550 2235 676 2289 dico
725 2235 1136 2305 imperatorem,
1171 2235 1264 2305 qui
1308 2247 1424 2290 tum
1456 2245 1745 2306 praeparat,
1790 2245 1906 2291 tum
1946 2237 2132 2308 dispo-

553 2327 638 2382 nit
661 2341 852 2384 omnes
899 2342 1008 2395 res,
1050 2328 1346 2397 omniaque
1391 2327 1605 2396 negotia
1640 2328 1708 2382 ad
1746 2345 1879 2384 usus
1906 2329 2130 2386 bellicos

552 2420 887 2491 spectantia,
935 2419 1154 2492 quando
1235 2420 1315 2477 rei
1372 2420 1580 2476 bellicae
1626 2420 1775 2476 nulla
1829 2421 2132 2477 necessitas

554 2520 730 2583 urget.
760 2510 1026 2568 Exerceto
1073 2520 1257 2567 autem
1307 2526 1404 2568 eos
1432 2511 1519 2570 his
1545 2512 1794 2570 moribus
1827 2524 1880 2569 et
1902 2512 2129 2570 institu-

551 2604 654 2661 tis:

617 2785 674 2841 3.
703 2782 971 2850 Primum,
1003 2785 1386 2856 unusquisque
1421 2785 1576 2842 miles
1605 2786 1656 2842 in
1691 2786 1878 2858 aliquo
1913 2788 2133 2857 negetio

552 2878 644 2934 sit.
670 2876 874 2933 Graves
909 2885 1114 2942 autem,
1144 2879 1198 2932 id
1245 2889 1331 2933 est
1367 2887 1613 2934 scutatos
1666 2880 1898 2951 pedites,
1930 2883 2012 2935 vel
2039 2882 2134 2952 qui

555 2970 866 3026 universam
925 2981 1259 3025 armaturam
1306 2981 1520 3042 gestant
1543 2975 1611 3028 ad
1645 2975 1925 3045 singulare
1953 2986 2134 3030 certa-

551 3082 679 3122 men
714 3081 836 3121 cum
857 3066 1029 3122 scutis
1053 3076 1107 3120 et
1147 3066 1314 3136 virgis
1351 3066 1492 3122 inter
1518 3082 1578 3123 se
1603 3084 1884 3124 exerceas.

621 3159 678 3213 4.
706 3158 788 3212 Ad
830 3158 1167 3227 conjicienda
1203 3158 1418 3213 eminus
1467 3159 1676 3228 jacula,
1707 3169 1761 3215 et
1794 3167 2133 3214 matzumar-

554 3251 770 3317 bulum,
798 3252 943 3321 quod
974 3267 1122 3306 nunc
1143 3251 1347 3305 dicitur
1371 3251 1564 3315 saliba,
1594 3254 1681 3307 vel
1717 3253 1989 3308 tzicurim.

625 3347 680 3402 5.
707 3345 904 3402 Levem
939 3353 1274 3401 armaturam
1304 3347 1608 3412 exercebis,
1638 3347 1705 3401 ad
1741 3350 1970 3421 sagittas
1993 3349 2143 3406 cele-

553 3440 693 3496 riter
741 3439 1045 3509 iaciendas,
1093 3439 1148 3493 in
1197 3439 1411 3496 hastam
1446 3442 1688 3512 aliquam
1724 3442 1892 3497 altam
1915 3443 2137 3500 eminus

554 3531 811 3586 deﬁxann

625 3622 683 3679 6.
716 3622 798 3678 Ad
825 3622 1009 3694 ja'eula
1036 3621 1256 3678 eminus
1296 3622 1661 3693 conjicienda,
1684 3633 1739 3681 et
1772 3624 1999 3685 fundas.

629 3802 683 3855 7.
721 3797 944 3871 Equites
987 3800 1270 3856 exercebis
1295 3801 1360 3856 ad
1392 3801 1622 3874 sagittas
1661 3801 1916 3858 celeriter
1936 3803 2144 3874 iacien—

556 3893 702 3948 das:
753 3893 1004 3948 celeritas
1059 3895 1202 3947 enim
1262 3905 1531 3965 praeparat
1561 3895 1848 3964 sagittam,
1883 3905 1942 3951 ut
1983 3895 2145 3954 facile

557 3996 613 4042 et
643 4000 769 4042 cum
793 3986 998 4057 impetu
1029 4001 1095 4042 ex
1137 4003 1269 4044 arcu
1315 3990 1662 4043 excutiatur:
1694 3989 1840 4058 quod
1885 4004 2145 4046 necessa-

559 4078 701 4130 rium
733 4086 851 4141 est,
904 4089 959 4133 et
1019 4079 1086 4134 iis
1138 4080 1230 4151 qui
1303 4080 1461 4151 equis
1527 4079 1802 4135 vehuntur
1855 4080 1910 4135 in
1953 4081 2146 4152 primis

559 4172 924 4230 conducibile.

626 4389 685 4446 8.
734 4390 914 4461 Atque
977 4389 1141 4444 etiam
1174 4397 1236 4443 ut
1267 4388 1494 4459 ‘pediles
1523 4387 1778 4445 similiter
1815 4388 2031 4445 eminus
2057 4387 2146 4457 ,ἰδέ

558 4485 710 4540 ciant
771 4481 1017 4553 sagittas,
1071 4482 1189 4538 sive
1252 4481 1308 4537 in
1369 4482 1608 4549 hastam,
1667 4483 1783 4538 sive
1828 4480 1884 4536 in
1909 4482 2144 4552 quodvis

561 4576 712 4632 aliud
747 4578 986 4646 signum.

632 4671 687 4724 9.
721 4667 790 4723 Ut
836 4667 1064 4739 sagittas
1115 4667 1170 4722 in
1218 4681 1410 4722 omnes
1467 4676 1648 4737 partes
1697 4681 1842 4737 equo
1891 4673 2145 4720 currente

543 4761 787 4833 ‘jaciant,
819 4769 964 4825 ante,
1006 4768 1171 4822 retro.
1224 4760 1593 4829 dextrorsum,
1631 4761 2038 4817 sinistrorsum.
2084 4758 2145 4814 ln

563 4871 769 4926 equum
795 4863 854 4908 ut
879 4853 1100 4908 exsilire
1132 4853 1364 4924 possint.

636 4945 724 5001 l0.
770 4942 839 5000 Ut
887 4945 1112 5014 sagittas
1183 4953 1437 4998 contente
1480 4943 1690 5014 jaciant
1743 4957 1810 4997 ex
1844 4957 1988 5012 equo
2016 4957 2147 4998 cur-

563 5047 742 5105 rente,
779 5053 969 5104 unam,
996 5049 1161 5109 atque
1192 5038 1320 5092 item
1366 5039 1620 5103 alteram,
1667 5044 1722 5093 et
1750 5037 2021 5092 intentum
2054 5052 2146 5090 ar-

564 5148 694 5189 eum
741 5131 1031 5188 confestim
1065 5131 1120 5185 in
1168 5141 1418 5200 corylum
1470 5139 1693 5201 ponant,
1748 5129 1795 5185 si
1839 5129 1984 5185 latus
2011 5129 2146 5185 satis

566 5231 791 5294 corylus
836 5221 1041 5277 fuerit:
1097 5221 1180 5276 sin
1216 5221 1397 5276 minus
1430 5220 1482 5274 in
1524 5222 1915 5289 setnicorytum
1945 5221 2012 5275 ad
2044 5220 2148 5275 hoc

568 5332 746 5387 ipsum
779 5325 1085 5386 opportune
1112 5312 1318 5368 factum
1365 5322 1595 5384 ponant,
1626 5323 1680 5368 et
1710 5314 1923 5369 hastam
1956 5317 2150 5367 humed

568 5408 648 5464 ris
673 5409 786 5464 suis
808 5415 1072 5478 gestatam
1105 5406 1290 5461 statim
1322 5407 1378 5461 in
1411 5422 1609 5463 manus
1639 5414 1881 5462 sumant.
1913 5405 2143 5461 Postea-

567 5514 733 5570 quam
784 5508 962 5554 autem
1009 5511 1198 5553 arcum
1243 5497 1302 5552 in
1341 5507 1535 5568 corylo
1566 5497 1838 5552 intentum
1869 5495 2145 5562 habuerit,

567 5591 971 5662 etsumpserit.
1009 5589 1248 5651 hastam,
1301 5587 1356 5643 in
1408 5587 1639 5644 humero
1692 5588 1889 5642 iterum
1931 5587 2144 5642 hastam

571 5685 756 5738 statim
784 5691 976 5754 portat,
1005 5693 1058 5738 et
1091 5696 1279 5737 arcum
1321 5679 1440 5736 sine
1475 5695 1626 5735 mora
1667 5687 1932 5735 assumat.

2242 1970 2517 2042 ρήσουσιν,
2545 1969 2661 2042 ἀλλ’
2695 1970 2898 2035 εὐθέως
2931 1970 3224 2041 φεύγουσιν
3259 1972 3392 2042 πρὶν
3441 1971 3475 2043 ἢ
3509 1971 3605 2026 καὶ
3635 1974 3831 2043 πεῖραν

2237 2059 2420 2116 λασεῖν
2454 2061 2564 2114 τῶν
2590 2061 2904 2132 πολεμικῶν
2945 2061 3142 2117 πόνων.
3188 2063 3251 2117 ΕΙ
3281 2063 3340 2117 δὲ
3374 2063 3470 2116 καὶ
3503 2065 3588 2127 είς
3635 2067 3831 2135 πεῖραν

2238 2153 2332 2206 ἐπὶ
2372 2152 2566 2226 μικρὸν
2619 2153 2870 2220 ἔλθωσιν,
2913 2155 3122 2225 ταχέως
3155 2153 3611 2226 ἁποχωρίζονται,
3647 2156 3832 2227 φέρειν

2235 2246 2365 2309 τοὺς
2393 2246 2587 2310 πόνους
2614 2245 2706 2300 καὶ
2747 2246 3031 2310 κινδύνους
3072 2247 3132 2300 ού
3172 2247 3482 2317 δυνάμενοι.
3509 2249 3710 2319 Διόπερ
3738 2251 3831 2304 καὶ

2238 2338 2441 2408 ἀγαθὸν
2472 2335 2584 2407 ἐγὼ
2608 2337 2778 2410 κρίνω
2806 2338 3135 2410 στρατηγὸν,
3169 2339 3300 2392 ὅταν
3334 2337 3405 2392 τὶ
3437 2341 3688 2411 χρήσιμα
3713 2341 3833 2396 τότε

2242 2429 2494 2496 σκευάζει
2566 2432 2664 2485 καὶ
2708 2431 2983 2486 διατάττει
3033 2432 3130 2486 καὶ
3173 2431 3311 2502 ἔργα
3359 2434 3457 2486 καὶ
3509 2435 3833 2505 πράγματα,

2238 2524 2366 2577 ὅταν
2409 2523 2470 2578 ού
2525 2524 2949 2591 κατεπείγουσιν
2997 2523 3054 2577 ai
3112 2521 3224 2576 τῶν
3269 2523 3588 2595 πολεμικῶν
3654 2525 3833 2583 πόνων

2240 2617 2499 2685 ἀνάγκαι.
2561 2615 2814 2685 Γύμναζε
2856 2615 2918 2669 δὲ
2957 2615 3053 2670 τὸν
3098 2616 3328 2687 στρατὸν
3352 2617 3621 2682 τοιούτοις
3652 2617 3836 2682 πόνοις

2240 2710 2336 2764 καὶ
2358 2708 2795 2780 ἐπιτηδεύμασιν
2830 2725 2849 2742 ⁶

2313 2809 2382 2871 γ’.
2415 2802 2639 2869 Πρῶτον
2705 2802 2804 2872 μὲν
2854 2800 2949 2854 τὸν
2994 2800 3118 2856 καθ’
3153 2801 3252 2855 ἕνα
3297 2801 3641 2872 στρατιώτην
3673 2800 3753 2865 ὡς
3782 2800 3839 2855 ὲν

2246 2895 2472 2965 μελέτῃ,
2513 2895 2636 2957 τοὺς
2691 2893 2794 2963 μὲν
2833 2893 3059 2958 ὁπλίτας
3102 2893 3434 2958 σκουτάτους
3480 2895 3643 2967 πεζῇ,
3672 2895 3839 2966 ἤγουν

2240 2989 2368 3050 τοὺς
2401 2986 2701 3057 φοροῦντας
2731 2989 2829 3056 τὴν
2865 2986 3197 3052 πανοπλίαν,
3217 2988 3298 3052 είς
3330 2990 3668 3062 μονομαχίας
3703 2988 3840 3060 μετά

2243 3079 2579 3148 σκουταρίων
2611 3080 2706 3132 καὶ
2727 3079 2963 3150 βεργίων
2994 3079 3400 3151 ἀντισαλλήλων
3434 3121 3450 3147 ,

2312 3170 2373 3226 δ’.
2409 3171 2508 3236 Εἰς
2567 3170 2632 3226 τὸ
2685 3170 2838 3242 ῥίψαι
2885 3171 3124 3242 μήκοθεν
3168 3173 3448 3244 ῥικτάρια,
3486 3173 3582 3227 καὶ
3636 3173 3840 3244 ματζυ·

2246 3264 2577 3337 μάρϐουλον,
2607 3264 2655 3320 δ’
2674 3265 2894 3332 λέγεται
2936 3263 3032 3317 νῦν
3069 3265 3287 3329 σαλίόα,
3316 3267 3410 3319 καὶ
3428 3265 3735 3339 τζικούριν.

2311 3367 2374 3414 ε’.
2413 3360 2554 3423 Τοὺς
2600 3358 2660 3412 δὲ
2709 3359 3042 3428 λεγομένους
3093 3357 3286 3427 ψιλοὺς
3335 3358 3480 3414 οὕτω
3509 3361 3836 3431 γυμνάσεις,

2243 3453 2325 3516 είς
2370 3452 2586 3519 τοξείαν
2649 3451 2915 3522 σύντομον
2963 3449 3109 3504 κατά
3133 3451 3420 3524 κονταρίου
3472 3451 3682 3524 ὑψηλοῦ
3733 3451 3840 3508 ἀπὺ

2244 3546 2635 3616 διαστήματος.

2318 3634 2394 3703 ς’.
2429 3639 2522 3702 El;
2545 3637 2606 3692 τὸ
2633 3639 2856 3713 ῥίπτειν
2881 3638 3123 3710 μήκοθεν
3161 3640 3414 3711 ρικτάριν
3441 3638 3535 3692 xa't
3562 3637 3841 3709 σφενδόὸο-

2249 3731 2366 3787 λον.

2325 3822 2391 3889 ζ’.
2428 3824 2522 3889 Εἰς
2551 3823 2816 3896 πηδήσεις
2850 3827 2945 3881 καὶ
2973 3826 3208 3897 δρόμους
3241 3825 3386 3880 κατά
3422 3841 3480 3878 τε
3505 3823 3730 3896 ὁμαλῶν
3758 3824 3846 3877 τό·

2248 3934 2365 3972 πων
2393 3917 2489 3972 καὶ
2519 3917 2846 3990 ἀνωμάλων.
2879 3920 3018 3982 Τοὺς
3038 3918 3095 3972 δὲ
3113 3917 3519 3988 καόαλλαρίους
3538 3915 3842 3986 γυμνάσεις

2247 4008 2328 4072 είς
2352 4009 2413 4061 τὸ
2441 4009 2679 4075 τοξεύειν
2702 4009 3008 4079 συντόμως.
3048 4009 3116 4063 Ἢ
3141 4010 3248 4082 γὰρ
3272 4009 3518 4080 ταχύτης
3569 4009 3667 4062 καὶ
3698 4011 3841 4062 ἑκτι-

2247 4101 2540 4157 νάσσεσθαι
2590 4101 2998 4174 παρασκευάζει
3033 4104 3135 4176 τήν
3178 4103 3445 4172 σαγίτταν
3469 4105 3568 4156 καὶ
3601 4102 3837 4173 ἰσχυρῶς

2251 4193 2563 4265 βάλλεσθαι.
2594 4197 2770 4264 Ὅπερ
2809 4195 2920 4251 τῶν
2960 4196 3276 4265 ἀναγκαίων
3316 4192 3453 4262 ἐστὶ,
3489 4197 3587 4250 καὶ
3611 4197 3724 4261 τοῖς
3751 4195 3842 4249 ἐπὶ

2258 4288 2444 4342 ἵππων
2475 4289 2793 4360 όχουμένοις
2822 4291 3114 4361 χρήσιμον.

2317 4389 2391 4453 η’.
2428 4383 2539 4435 Καὶ
2570 4381 2656 4436 ἐτι
2694 4384 2776 4445 είς
2818 4382 2879 4436 τὺ
2901 4383 3141 4450 τοξεύειν
3167 4381 3308 4454 πεζῇ
3342 4381 3450 4436 ἀπὸ
3479 4381 3844 4454 διαστήματος

2251 4475 2558 4545 συντόμως,
2599 4475 2711 4530 εἴτε
2762 4474 2904 4528 κατά
2933 4475 3241 4548 κονταρίου,
3296 4477 3410 4531 εἴτε
3465 4473 3611 4530 κατά
3657 4475 3841 4547 ἑτέρω

2177 4559 2228 4621 Ι)
2256 4570 2504 4639 σημείου.

2317 4661 2384 4716 θ’.
2410 4663 2506 4724 Εἰς
2555 4663 2614 4716 τὸ
2653 4661 2895 4728 τοξεύειν
2937 4663 3123 4718 ἐπάνω
3174 4661 3345 4717 ἵππου
3397 4663 3686 4733 τρέχοντος
3716 4675 3844 4715 συν-

2251 4755 2436 4824 τόμως
2460 4754 2793 4825 ἔμπροσθεν,
2820 4755 3065 4824 ὄπισθεν,
3116 4755 3288 4824 δεξιὰ,
3331 4755 3618 4828 ἀριστερά.
3653 4753 3743 4818 El,-
3785 4753 3847 4807 τὸ

2251 4847 2431 4919 πηδᾷν
2460 4845 2545 4915 ἐφ’
2580 4847 2804 4911 ἵππους.

2306 4944 2358 4993 ι’.
2389 4939 2482 5002 Et;
2526 4939 2587 4992 τὸ
2631 4935 2870 5002 τοξεύειν
2933 4940 3216 5010 συντόμως
3258 4939 3443 4994 ἐπάνω
3489 4937 3659 4991 ἵππου
3721 4935 3843 5009 τρέ·

2244 5021 2430 5102 χονῖιος
2463 5030 2593 5101 μίαν
2651 5029 2686 5102 ἢ
2745 5030 2844 5084 καὶ
2884 5031 3142 5104 δευτέραν
3207 5031 3491 5101 σαγίτταν,
3527 5031 3625 5085 καὶ
3653 5029 3845 5084 ἀποτί-

2246 5122 2435 5177 θεσθαι
2485 5121 2546 5175 τὸ
2602 5121 2756 5187 τόξον
2814 5121 3150 5195 τεταγμένον
3185 5123 3245 5177 ὲν
3293 5120 3373 5193 τῷ
3417 5120 3692 5192 θηκαρίῳ,
3737 5119 3836 5172 ἐὰν

2246 5215 2422 5271 πλατὺ
2466 5213 2625 5289 [ᾖ.]ἥ
2655 5217 2715 5269 ὲν
2755 5215 2898 5286 ἄλλῳ
2932 5216 3213 5287 ἡμιθηκίῳ
3260 5215 3353 5269 ἐπὶ
3379 5213 3558 5285 τούτῳ
3581 5212 3842 5283 γινομένῳ

2247 5310 2541 5379 εὐκαίρως.
2558 5309 2668 5362 Καὶ
2691 5308 3160 5380 ἐπιλαμϐάνεσθαι
3181 5306 3275 5361 τοῦ
3311 5307 3599 5378 κονταρίου
3631 5305 3723 5358 ἐπὶ
3749 5302 3842 5357 τοῦ

2250 5401 2400 5472 ὤμου
2437 5400 2862 5472 βασταζόμενον,
2899 5402 2994 5455 καὶ
3034 5397 3152 5456 εἷτα
3179 5401 3239 5454 τὸ
3280 5401 3466 5465 τόξον,
3511 5396 3841 5469 τεταγμένον

2252 5497 2311 5550 ἐν
2339 5493 2417 5566 τῷ
2464 5495 2734 5567 θηκαρίῳ,
2768 5499 2995 5567 κρατεῖν
3023 5497 3079 5551 δὲ
3123 5497 3185 5550 τδ
3217 5496 3491 5566 κοντάριν,
3540 5494 3636 5547 καὶ
3663 5491 3843 5546 συντό-

2256 5606 2372 5658 μως
2403 5587 2755 5642 ἀποτίθεσθαι
2788 5590 2922 5644 αὐτὸ
2951 5591 3010 5646 ὲν
3039 5589 3118 5663 τῷ
3173 5589 3309 5664 ὤμῳ
3333 5629 3347 5656 ,
3384 5586 3846 5659 ὲπιλαμῧάνεσθαι

2254 5681 2312 5733 δὲ
2351 5679 2448 5735 τοῦ
2474 5680 2654 5745 τόξον.

2119 5775 2351 5834 NOT/E.

637 5868 751 5940 (87)
773 5869 877 5925 Kal
905 5869 1242 5940 ἀνάνδρους
1272 5870 1378 5940 τὰς
1399 5870 1622 5942 ψυχάς.
1668 5871 2048 5941 Scribebatur,
2071 5890 2136 5928 κα

2242 5873 2394 5943 νδρας
2423 5887 2522 5932 τας
2555 5868 2813 5942 ψυχικάς.
