4086 6326
333 368 447 437 737

1431 369 1762 433 TACTICA.
1797 390 1864 404 --
1894 359 2397 424 CONSTITUTIO
2417 357 2551 421 'VII.

3488 355 3596 421 738

415 485 508 542 ια’.
552 485 650 549 Ei;
683 485 746 539 τὸ
783 485 1117 558 ἐπέρχεσθαι
1161 485 1411 558 ἀλλήλοις
1434 483 1635 556 ἄνδρας
1677 481 1793 544 δύο,
1829 474 1924 533 καὶ
1955 520 1958 531 .

2097 470 2186 525 ii.
2221 469 2291 526 Ut
2321 469 2580 524 invadant
2621 481 2678 524 se
2709 473 2902 521 mutuo
2926 463 3038 521 duo
3075 467 3202 530 viri,
3235 473 3284 520 et
3323 466 3602 536 rest-edant,

339 578 650 646 ὑποχωρεῖν
706 576 803 630 καὶ
861 578 1023 632 πάλιν
1066 576 1402 642 ἐπελαύνειν,
1455 575 1552 631 καὶ
1608 573 1922 640 ἐξελίσσειν,

338 669 486 721 κατὰ
519 666 609 719 τὸν
637 665 807 718 τύπον
833 664 928 718 τοῦ
963 664 1257 736 λεγομένου
1291 663 1756 737 παρακονταρίου.

417 782 503 852 ιβ’.
529 783 690 844 Τινάς
719 781 776 833 δὲ
807 780 984 834 αὐτῶν
1025 781 1185 834 καλόν
1212 782 1327 834 ἐστι
1359 779 1452 833 καὶ
1486 780 1544 832 ἐν
1587 778 1664 848 τῷ
1716 777 1928 830 ὁδοιπο-

345 878 462 948 ρεῖν
492 876 615 939 τοὺς
645 875 984 945 στρατιώτας
1021 871 1398 944 γυμνάζεσθαι
1424 871 1481 925 ὲν
1514 874 1580 944 τῇ
1619 871 1724 942 ἰδίᾳ
1752 869 1924 942 χώρᾳ.

341 970 441 1022 καὶ
472 968 811 1038 ἐπιτηδεύειν
847 966 989 1022 αὐτὰ
1030 965 1216 1020 ἐπάνω
1242 965 1352 1019 τῶν
1395 962 1576 1018 ἵππων
1605 965 1800 1016 ποιεῖν.
1833 961 1930 1015 Ἐκ

343 1060 536 1114 τούτου
566 1060 675 1131 γὰρ
710 1060 820 1112 καὶ»
846 1060 878 1130 ή
904 1057 1021 1123 όδδς
1049 1056 1442 1130 ἀνεμπόδιστος
1479 1056 1804 1121 ἐκτελεῖται,
1834 1053 1931 1108 καὶ

343 1155 394 1206 οἱ
432 1141 588 1206 ἵπποι
610 1153 669 1205 ού
700 1150 1097 1222 συντρίϐονται.

424 1244 512 1315 ιγ’.
557 1246 683 1298 Ἐὰν
721 1244 778 1297 δέ
813 1244 994 1315 συμϐῇ
1035 1243 1132 1298 καὶ
1161 1241 1405 1313 χρονίσαι
1433 1242 1494 1296 τὸ
1523 1240 1838 1313 στράτευμα
1875 1240 1933 1293 ἐν

349 1336 636 1406 ἐξπεδίτῳ,
675 1335 844 1406 ἤγουν
917 1334 1044 1389 ἔνθα
1104 1333 1396 1402 συνάγεται
1455 1333 1602 1386 κατὰ
1655 1331 1746 1385 τὸν
1804 1331 1933 1384 ῐδιον

346 1430 542 1500 καιρὸν
576 1428 696 1492 ὅλος
725 1429 753 1480 ό
785 1427 1036 1498 στρατὸς,
1076 1426 1150 1498 μὴ
1189 1426 1392 1497 ἀργοὺς
1412 1420 1554 1479 εἶναι
1583 1423 1673 1478 τὸν
1707 1423 1932 1488 καθένα,

347 1523 464 1577 ἀλλ’
497 1521 771 1586 ἐθίζεσθαι
805 1520 1022 1584 αὐτοὺς,
1057 1518 1132 1583 ὡς
1155 1517 1390 1589 εἴρηται,
1436 1518 1639 1572 πονεῖν.
1661 1517 1770 1570 Καὶ
1803 1515 1935 1570 ποτέ

352 1613 456 1685 μέν
485 1610 862 1682 γυμνάζεσθαι
886 1613 1068 1665 πονεῖν
1097 1610 1236 1665 κατὰ
1266 1609 1357 1664 τὸν
1390 1608 1682 1681 εἰρημένον
1711 1607 1934 1679 τρόπον,

350 1707 482 1760 ποτέ
526 1706 582 1759 δὲ
624 1706 702 1770 ὡς
758 1707 814 1759 ἐν
844 1704 1144 1778 παρατάξει
1174 1703 1268 1759 καὶ
1319 1704 1375 1756 ἐν
1422 1703 1692 1773 ἀλλήλοις
1730 1703 1860 1756 ποτὲ
1881 1702 1938 1756 δέ
1969 1733 2012 1803 Β

350 1799 432 1860 είς
476 1796 656 1850 ὅπλων
705 1796 970 1868 ἐργασίας
1012 1791 1466 1865 άπασχολεϊσθαι..
1498 1791 1566 1845 Ἦ
1608 1791 1719 1864 γὰρ
1773 1789 1941 1861 ἀργία

350 1891 415 1945 οὗ
465 1890 624 1961 μόνον
677 1891 917 1962 νωθροὺς
993 1888 1088 1943 καὶ
1139 1888 1433 1958 ἀνάνδρους
1478 1888 1641 1951 ποιεῖ,
1688 1883 1825 1939 ἀλλὰ
1851 1884 1945 1938 καὶ

351 1984 491 2039 κενά
542 2001 664 2038 τινα
723 1984 820 2037 καὶ
874 1981 1146 2052 στασιώδη
1209 1981 1438 2051 μελετᾷν
1511 1979 1708 2042 αὐτοὺς
1763 1995 1942 2050 παρα-

355 2079 610 2143 σκευάζει
642 2077 736 2131 καὶ
765 2075 1088 2147 παρεξάγει.
1111 2073 1518 2146 Γυμναζόμενοι
1548 2073 1605 2126 δέ
1633 2073 1769 2143 πρὸς
1817 2071 1946 2134 τοὺς

355 2170 636 2231 ἑκουσίους
677 2168 894 2233 πόνους,
952 2166 1188 2229 εὐκόλως
1230 2163 1337 2237 ἄρα
1366 2164 1461 2218 καὶ
1489 2164 1614 2227 τοὺς
1658 2163 1944 2226 ἀκουσίους

355 2261 686 2316 ὐπενείκωσι
717 2301 731 2326 ,
787 2260 879 2314 καὶ
925 2258 1062 2330 πρὸς
1107 2257 1177 2312 τά
1216 2254 1710 2327 παραγγελλόμενα
1761 2252 1946 2316 αὐτοῖς

358 2354 658 2408 ὑπακούειν
693 2351 999 2408 ἐθισθῶσιν.

437 2469 521 2522 ιδ’.
550 2468 660 2522 Καὶ
691 2468 749 2521 ού
787 2466 946 2538 μόνον
985 2465 1189 2520 καθένα
1236 2462 1536 2533 γυμνάσεις
1559 2461 1780 2526 αὐτοὺς,
1810 2459 1947 2518 ἀλλά

360 2559 565 2626 ἐθίσεις
597 2561 692 2614 καὶ
739 2560 970 2615 καθόλου
1005 2556 1297 2628 γινώσκειν
1325 2556 1425 2620 τὰς
1457 2556 1593 2619 ἰδίας
1616 2554 1821 2620 τάξεις,
1851 2556 1948 2608 καὶ

365 2652 553 2725 μένειν
608 2655 667 2708 ἐν
696 2653 908 2718 αὑταῖς,
939 2651 1034 2705 καὶ
1063 2653 1183 2714 ταῖς
1226 2649 1406 2720 ὕψεσι,
1444 2648 1541 2702 καὶ
1570 2649 1683 2711 τοῖς
1715 2647 1946 2718 ὀνόμασι

365 2744 619 2814 συνήθεις
677 2743 940 2814 ἀλλήλους
991 2739 1263 2812 γίνεσθαι,
1325 2740 1422 2794 καὶ
1483 2739 1566 2804 τίς
1610 2738 1948 2811 στρατιώτης

364 2835 472 2888 ὑπὸ
527 2836 650 2888 τινα
702 2835 848 2888 ἐστὶν
900 2834 1154 2906 ἄρχοντα,
1212 2833 1308 2886 καὶ
1354 2834 1411 2886 ἐν
1450 2831 1588 2904 ποίῳ
1627 2830 1825 2904 βάνδῳ,
1855 2831 1949 2885 καὶ¹

369 2927 508 3000 μετὰ
539 2928 720 2982 πόσων
743 2927 951 3001 ἀνδρῶν
979 2927 1252 2983 τάττεται.

2027 570 2083 617 et
2114 576 2307 617 rursus
2338 562 2615 631 ingruant,
2651 569 2706 614 et
2753 556 3006 613 evolvant
3031 570 3095 612 se
3127 556 3194 611 ad
3247 556 3468 612 modum
3509 572 3606 627 pa-

2027 652 2346 708 racontarii.

2099 743 2186 799 ιε.
2221 743 2362 801 Utile
2417 758 2550 799 vero
2605 750 2688 798 est
2743 741 2801 798 in
2853 741 2974 812 ipso
3003 740 3199 796 itinere
3233 738 3509 806 faciendo,
3551 750 3613 796 ιιι

2028 838 2250 908 quidam
2300 853 2368 892 ex
2421 835 2528 892 illis
2568 836 2685 891 suis
2715 834 2851 891 locis
2882 851 2942 891 se
2971 842 3287 895 exerceant,
3318 842 3374 888 et
3408 849 3611 890 conen—

2028 938 2120 985 tur
2171 930 2289 985 hac
2333 943 2400 984 ex
2455 929 2611 998 equis
2660 926 2864 983 facere.
2924 925 3040 982 Hoc
3091 925 3256 981 modo
3300 926 3478 998 ipsum
3511 929 3615 982 iter

2029 1021 2344 1093 expeditum
2373 1019 2497 1087 erit,
2529 1028 2584 1077 et
2611 1020 2738 1091 equi
2770 1018 2954 1076 minus
2978 1027 3283 1075 atterentur

2107 1224 2197 1278 15.
2235 1222 2296 1278 Si
2327 1221 2612 1293 contingat
2662 1219 2716 1276 in
2766 1217 3021 1290 expedito
3049 1214 3378 1272 commorari
3408 1217 3619 1271 exerci—

2033 1325 2171 1380 tum,
2204 1315 2259 1371 id
2309 1323 2412 1381 est,
2473 1315 2527 1368 in
2575 1326 2642 1370 eo
2690 1312 2814 1368 loco
2855 1311 2948 1367 ubi
2977 1318 3202 1367 coactus
3233 1319 3340 1374 est,
3369 1309 3516 1363 omni
3550 1323 3618 1363 eo

2035 1418 2281 1479 tempore
2336 1421 2404 1461 ne
2450 1421 2590 1462 unus
2641 1404 2861 1476 quidem
2910 1419 2978 1459 ex
3027 1403 3317 1467 militibus,
3352 1411 3618 1473 quantum

2037 1500 2152 1555 fieri
2185 1507 2388 1570 potest,
2427 1497 2637 1553 otiosus
2662 1495 2753 1562 sit,
2795 1495 2891 1552 sed
2922 1494 2988 1550 ad
3033 1494 3293 1558 laborem,
3329 1501 3388 1546 ut
3416 1491 3621 1547 dictum

2037 1603 2143 1661 est,
2204 1589 2602 1649 assuefaciendi
2657 1603 2851 1646 omnes
2901 1595 3050 1654 sunt,
3093 1597 3146 1643 et
3178 1584 3451 1641 interdum
3487 1600 3623 1656 prae-

2039 1685 2184 1742 dicto
2214 1699 2366 1740 more
2393 1681 2707 1746 exercendi,
2737 1679 3012 1734 interdum
3042 1679 3094 1732 in
3117 1677 3259 1744 acie,
3291 1685 3346 1732 et
3373 1678 3516 1731 inter
3542 1692 3621 1741 se,

2047 1779 2321 1835 interdum
2365 1778 2420 1832 in
2470 1774 2637 1831 armis
2707 1773 2821 1829 suis
2854 1771 3198 1842 detergendis
3241 1777 3295 1825 et
3332 1767 3627 1824 nitidandis

2048 1878 2407 1942 occupentur.
2470 1867 2655 1924 Otium
2700 1867 2843 1922 enim
2899 1878 3005 1919 non
3058 1864 3238 1919 solum
3289 1861 3513 1930 ignavos
3574 1866 3628 1913 et

2048 1963 2386 2019 effeminatos
2422 1959 2570 2026 facit,
2611 1958 2707 2016 sed
2741 1959 2906 2016 etiam
2935 1955 3002 2012 ad
3036 1955 3222 2012 inania
3267 1954 3516 2024 quaedam
3573 1962 3629 2006 et

2048 2054 2359 2112 turbulenta
2393 2051 2686 2124 cogitanda
2735 2051 2981 2106 animum
3026 2046 3283 2103 traducit.
3317 2045 3399 2100 Ad
3431 2044 3631 2099 volun-

2051 2135 2220 2203 tarios
2275 2145 2492 2201 labores
2540 2144 2587 2199 si
2613 2157 2672 2198 se
2707 2148 3016 2206 exerceant,
3052 2138 3213 2194 facile
3245 2137 3410 2192 etiam
3459 2134 3629 2191 coacti

2051 2243 2270 2298 labores
2304 2238 2598 2314 perferent,
2627 2245 2681 2293 et
2714 2236 2783 2293 ad
2811 2235 3079 2309 imperata
3115 2231 3365 2289 facienda
3397 2230 3634 2302 aptiores

2051 2342 2233 2390 erunt.

2122 2449 2212 2504 ιι.
2238 2447 2349 2504 Nec
2395 2445 2672 2517 sigillatim
2703 2441 2865 2498 modo
2897 2432 3184 2498 exercebis
3209 2453 3324 2504 eos,
3351 2436 3443 2495 sed
3473 2451 3636 2508 gene-

2053 2541 2211 2596 ratim
2241 2539 2404 2595 etiam
2433 2533 2785 2600 assuefacies,
2820 2540 2883 2587 ut
2924 2545 3054 2587 suas
3105 2529 3367 2585 stationes
3399 2526 3637 2598 perfecte

2053 2639 2404 2704 cognoscant,
2432 2637 2488 2686 et
2508 2629 2564 2684 in
2588 2627 2697 2682 illis
2732 2633 3139 2681 commorentur
3163 2663 3180 2690 ,
3210 2631 3264 2677 et
3296 2629 3544 2691 aspectu,
3581 2628 3638 2674 et

2054 2724 2275 2780 nomine
2324 2720 2667 2777 familiariter
2716 2733 2778 2773 se
2827 2727 3028 2772 mutuo
3076 2721 3397 2787 agnoscant,
3441 2721 3495 2768 et
3531 2712 3638 2767 sub

2053 2833 2163 2889 quo
2185 2814 2443 2888 praefecto
2472 2812 2629 2868 miles
2647 2810 3025 2880 unusquisque
3051 2807 3142 2873 sit,
3177 2806 3230 2860 in
3253 2821 3360 2876 qua
3389 2805 3638 2864 cohorte,

2052 2918 2110 2965 et
2179 2907 2381 2980 quibus
2453 2919 2579 2963 cum
2645 2903 2779 2960 vitis
2858 2901 2913 2956 in
2981 2899 3343 2957 contubernio
3406 2898 3641 2954 colloce-

2055 3017 2161 3061 lUl‘.

436 3110 519 3159 ιε’.
567 3103 864 3156 Γινώσκειν
918 3103 974 3156 δέ
1028 3102 1098 3156 τὰ
1144 3103 1269 3168 ὀξέα
1322 3103 1764 3177 παραγγέλματα
1817 3102 1954 3173 μετὰ

2129 3096 2217 3152 15.
2253 3093 2560 3166 Cognoscat
2625 3089 2789 3146 etiam
2820 3088 3071 3145 celeriter
3125 3084 3405 3150 mandata,
3461 3097 3584 3155 quae
3613 3099 3641 3137 a

368 3194 578 3260 τάξεως
633 3197 784 3267 παρὰ
837 3195 946 3250 τῶν
1000 3194 1278 3266 ἀρχόντων
1325 3196 1609 3266 γινόμενα.
1671 3193 1798 3250 Οἷον
1857 3197 1958 3259 τὰς

371 3288 647 3352 ἐκτάσεις,
697 3288 807 3341 εἴτε
861 3287 1002 3343 κατὰ
1038 3289 1263 3351 πλάτος,
1294 3287 1405 3342 εἴτε
1459 3287 1603 3342 κατὰ
1641 3287 1815 3359 μῆκος
1858 3287 1957 3358 τῆς

375 3380 760 3452 παρατάξεως.
805 3380 1040 3451 Ὁμοίως
1085 3381 1144 3434 δέ
1184 3383 1280 3435 καὶ
1320 3385 1420 3445 τὰς
1467 3380 1751 3446 συστολὰς,
1787 3381 1957 3451 ἤγουν

380 3475 627 3543 σφίγξεις
674 3475 755 3537 είς
806 3473 1103 3530 πύκνωσιν.
1159 3474 1268 3528 Καὶ
1319 3472 1418 3537 τὰς
1469 3473 1696 3540 κλίσεις,
1753 3473 1846 3527 ἐπὶ
1901 3473 1970 3526 τὰ

379 3566 667 3638 ἀριστερὰ,
709 3567 800 3619 ἐπὶ
850 3565 918 3619 τὰ
946 3565 1116 3632 δεξιὰ,
1167 3567 1260 3620 καὶ
1287 3566 1386 3631 τὰς
1413 3566 1522 3621 τῶν
1548 3566 1772 3637 όρδίνων
1805 3582 1971 3636 μετα-

382 3660 656 3732 ποιήσεις,
684 3658 754 3712 τὰ
790 3658 1137 3730 διαστήματα
1185 3657 1295 3712 τῶν
1352 3660 1593 3714 στάσεων
1642 3657 1750 3712 ἀπὺ
1780 3659 1975 3730 ἀνδρὸς

2066 3188 2336 3262 praefectis
2387 3186 2602 3242 dantur.
2660 3181 2799 3238 Cum
2853 3180 3187 3251 praecipitur,
3233 3186 3292 3233 ut
3321 3175 3640 3231 extendatur

2069 3286 2214 3342 acies
2239 3282 2356 3339 sive
2385 3279 2441 3335 in
2471 3276 2883 3348 longitudinem,
2909 3274 3049 3339 .sive
3078 3274 3133 3327 in
3164 3271 3531 3334 latitudinem,
3560 3267 3644 3322 vel

2069 3386 2131 3434 ut
2179 3382 2428 3447 cogatur,
2478 3380 2532 3429 et
2561 3368 2914 3427 contrahatur
2962 3366 3017 3422 in
3065 3365 3414 3428 densitatem,
3468 3362 3548 3416 vel
3589 3370 3644 3413 ut

2071 3465 2350 3523 inclinatio
2410 3462 2505 3518 fiat
2549 3461 2605 3514 in
2653 3461 2920 3522 dextram,
2972 3463 3067 3510 aut
3098 3454 3377 3510 sinistram
3416 3458 3648 3521 partem,

2073 3561 2155 3617 vel
2192 3567 2254 3615 ut
2277 3556 2530 3613 ordinum
2565 3550 2939 3615 commutatio,
2963 3555 3018 3604 et
3044 3545 3325 3603 intervalla
3350 3543 3649 3600 stationum

2075 3671 2102 3709 a
2132 3654 2247 3709 viro
2286 3651 2351 3706 ad
2397 3651 2572 3703 virum
2611 3643 2765 3710 ﬁant,
2809 3642 2894 3697 vel
2925 3649 2986 3695 ut
3022 3647 3287 3710 separatae
3311 3637 3650 3709 singulorum

2077 3745 2352 3817 agminum
2407 3739 2730 3802 densitates,
2786 3735 2870 3790 vel
2922 3734 3196 3799 raritates,
3253 3733 3341 3787 vel
3391 3739 3450 3786 ut
3479 3729 3651 3785 mutui

2077 3848 2361 3897 occursus,
2392 3839 2448 3887 et
2494 3825 2877 3889 discessiones,
2914 3824 3031 3880 sive
3064 3823 3500 3886 adventantium,
3535 3820 3652 3877 sive

2080 3926 2449 3983 recedentium
2479 3920 2610 3986 sint,
2642 3926 2698 3974 et
2718 3916 3229 3981 contuberniorum,
3262 3915 3378 3969 sive
3403 3913 3653 3968 ordinum

2081 4021 2223 4075 inter
2252 4033 2312 4074 se
2339 4013 2681 4088 partitiones,
2740 4008 3137 4080 separatioues,
3169 4017 3226 4063 et
3267 4006 3654 4062 instructiones

2083 4112 2233 4166 fiant.

470 4235 567 4302 ις’.
601 4237 711 4291 Καὶ
751 4210 1078 4302 κατατάξεις
1107 4237 1278 4308 αὐτὴν
1322 4238 1600 4309 φάλαγγα,
1653 4239 1821 4308 ήγουν
1883 4239 1958 4309 τὴ·

2157 4223 2244 4278 t6.
2276 4221 2377 4277 Ve.
2435 4226 2497 4274 ut
2541 4219 2806 4289 phalanx,
2865 4217 2918 4270 id
2949 4221 3054 4278 est,
3091 4211 3350 4266 universa
3386 4209 3532 4264 acies
3565 4216 3655 4264 aut

396 4297 527 4402 εληᾷ
583 4331 908 4402 παραταγὴν
937 4374 951 4397 ,
979 4297 1166 4396 νὸτάν,
1232 4297 1308 4394 ib;
1335 4297 1605 4403 'eipn'rizt',
1677 4297 1772 4384 ἐπὶ
1820 4297 1958 4401 ﬁdem

2087 4315 2140 4369 in
2175 4321 2385 4368 arctum
2419 4308 2793 4369 contrahatur,
2826 4313 2920 4360 aut
2944 4303 2998 4357 in
3031 4299 3427 4371 longitudinem
3455 4297 3651 4368 produ-

401 4422 772 4485 συστέλλεται,
807 4424 900 4475 καὶ
929 4424 1053 4475 ὅταν
1085 4423 1178 4474 ἐπὶ
1219 4422 1391 4492 μῆκος
1415 4389 1734 4486 ἐκτείνεται,
1767 4389 1860 4474 καὶ
1883 4421 1981 4491 τὴν
2017 4452 2059 4506 υ
2084 4415 2262 4470 θεων,
2318 4401 2405 4456 Vel
2465 4409 2524 4455 υι
2567 4399 2853 4462 ἀίδιοῐηοε»
2907 4395 2958 4450 id
2989 4403 3092 4459 εει»
3131 4406 3330 4460 anceps
3375 4391 3521 4446 θθίθε
3547 4389 3660 4470 ﬁat:

400 4515 699 4584 λεγομένην
729 4514 1050 4583 άντῖστομον
1078 4486 1245 4584 ἤγουν
1280 4486 1531 4581 δίστομον
1581 4511 1759 4582 μάχην
1785 4551 1800 4575 ,
1856 4486 1958 4564 ὅτά

2086 4502 2190 4556 hoc
2217 4509 2319 4561 est,
2351 4495 2571 4569 quando
2594 4491 2844 4564 οὐραγοὶ,
2884 4490 2936 4545 id
2968 4498 3051 4545 est
3079 4488 3336 4554 caudani,
3376 4497 3504 4557 post
3542 4486 3660 4541 uni.

402 4580 774 4677 ιιι-λεγόμενοι
823 4580 1070 4675 οὐραγοὶ,
1101 4580 1112 4584 ὴ
1147 4606 1264 4676 ἦτοι
1317 4606 1362 4657 οἱ
1418 4580 1806 4658 ὄπισθενητῶν
1849 4606 1954 4658 ὃλω

2087 4609 2300 4649 versam
2349 4592 2522 4645 aciem
2571 4587 2822 4644 conversi
2865 4586 3129 4640 adversus
3184 4583 3390 4644 hostes,
3428 4580 3522 4651 qui
3556 4581 3662 4635 cir-

405 4699 601 4765 dztd'w,
657 4697 1086 4769 ἐπιστρέψαντες
1128 4697 1263 4767 πρὸς
1304 4697 1430 4759 τοὺς
1474 4695 1806 4759 κυκλοῦντας
1843 4715 1958 4750 κατι

2087 4686 2422 4743 cumvallare
2463 4682 2763 4739 exercitum
2826 4688 3136 4741 conantur,
3185 4675 3344 4745 quasi
3399 4674 3664 4744 praestites

407 4794 697 4862 πρόσωπον
745 4791 1008 4861 μάχονται
1063 4791 1135 4853 ώς
1175 4790 1573 4859 πρωτοστάται,
1628 4790 1720 4842 καὶ
1765 4789 1951 4842 ὄπισθε

2089 4784 2352 4851 pugnant,
2398 4787 2451 4830 et
2483 4791 2512 4828 a
2543 4783 2694 4840 tergo
2751 4770 3003 4826 similiter
3055 4767 3342 4821 dimidium
3373 4763 3664 4833 contuber-

409 4861 587 4938 αύτῶν
655 4883 853 4954 ὁμοίως
926 4884 1110 4946 αὐτοῖς
1151 4881 1496 4952 ἀντιστρέφει
1551 4880 1610 4934 τὺ
1664 4882 1835 4952 ἥμισυ
1891 4882 1954 4952 τῆ

2090 4875 2241 4928 nium
2275 4870 2339 4925 ad
2371 4871 2492 4924 illos
2526 4871 2871 4928 convertunt,
2903 4861 2986 4916 vel
3009 4870 3067 4915 ut
3090 4861 3320 4914 istarum
3356 4865 3667 4914 commuta-

409 4978 591 5045 άκίας,
645 4979 741 5030 καὶ
796 4976 958 5030 πάλιν
988 4976 1087 5039 τὰς
1137 4978 1200 5030 ἐκ
1235 4975 1343 5027 τῶν
1370 4974 1629 5028 τοιούτων
1678 4973 1956 5046 μεταῦολῶ

2098 4966 2305 5021 tionum
2339 4959 2716 5018 inclinationes
2753 4963 2808 5010 et
2848 4953 3223 5010 traductioncs
3262 4951 3413 5006 liant.

411 5070 742 5142 ἀνακλήσεις
771 5071 866 5126 καὶ
892 5070 1383 5131 ἀποκαταστάσεις.

488 5163 574 5228 ιζ’.
594 5165 657 5216 Οἱ
684 5165 792 5233 γὰρ
808 5165 943 5230 πρὸς
961 5161 1132 5216 ταῦτα
1145 5163 1322 5216 πάντα
1344 5161 1643 5232 ἐθιζόμενοι
1672 5157 2000 5230 στρατιῶται

415 5259 503 5312 διὰ
535 5258 753 5328 τάχους,
781 5256 852 5318 ὼς
884 5257 1084 5321 είπεῖν,
1118 5257 1212 5308 καὶ
1245 5254 1540 5323 αὐτόματοι
1567 5253 1824 5323 φέρονται
1862 5251 2000 5322 πρῦς

418 5353 515 5419 τὴν
541 5350 714 5413 τάξιν.
760 5350 823 5402 Ol.
868 5347 925 5400 δὲ
953 5347 1158 5401 τούτων
1192 5346 1460 5399 άνέθιστοι
1505 5346 1598 5396 καὶ
1642 5342 1998 5406 ἀπαίδευτοι,

419 5443 506 5497 διὰ
532 5443 768 5512 ταράχου
815 5439 1034 5504 πολλοῦ,
1069 5439 1164 5494 καὶ
1201 5439 1352 5509 μόλις
1412 5432 1872 5491 ἀποκαθίστανται
1919 5435 2000 5496 είς

432 5537 518 5596 τάς
548 5534 976 5602 κατεπειγούσας
1007 5533 1106 5602 τῆς
1128 5532 1332 5598 τάξεως
1357 5528 1565 5601 χρείας.

382 3753 463 3814 εἰς
515 3751 703 3823 ἄνδρα,
754 3750 987 3816 καὶτὰς
1055 3749 1291 3823 μερικὰς
1344 3751 1523 3806 αὐτῶν
1576 3751 1884 3816 πυκνώσεις
1939 3750 1972 3821 ἢ

382 3838 702 3914 ἀραιώσεις,
739 3842 836 3897 καὶ
907 3842 1008 3905 τάς
1089 3842 1426 3915 ἀδιαλλήλων
1490 3843 1823 3912 ἀπαντήσεις
1882 3827 1978 3896 καὶ

388 3933 797 4004 ἀντιδαμάσεις,
849 3933 966 4006 ήτοι
999 3934 1310 4006 ἐρχομένων
1354 3935 1387 4005 ἢ
1425 3935 1850 4006 ἀπερχομένων,
1882 3931 1979 3988 καὶ

387 4025 488 4089 τὰς
521 4026 662 4080 κατὰ
689 4026 786 4090 τὰς
838 4025 1002 4090 άκίας
1044 4027 1212 4099 ήγουν
1255 4028 1382 4092 τοὺς
1415 4019 1656 4098 όρδίνους
1686 4027 1981 4099 διαιρέσεις

390 4119 573 4175 αὐτῶν
628 4120 723 4173 καὶ
750 4119 1105 4192 μετρισμούς.

2175 5152 2262 5205 17.
2297 5149 2400 5217 Qui
2433 5149 2497 5204 ad
2525 5149 2627 5204 ista
2664 5141 2953 5200 assuefacti
2987 5147 3115 5197 sunt
3147 5138 3370 5200 milites,
3403 5135 3671 5202 celeriter,

2105 5251 2165 5297 ut
2195 5244 2266 5296 ita
2299 5243 2498 5306 dicam,
2522 5251 2572 5295 et
2597 5254 2694 5294 sua
2720 5244 2911 5306 sponte
2936 5233 3003 5287 ad
3027 5231 3200 5286 aciem
3233 5230 3374 5283 hanc
3399 5227 3672 5282 feruntur.

2104 5337 2206 5402 Qui
2234 5337 2462 5388 istarum
2517 5345 2699 5386 rerum
2735 5326 2934 5382 insueti
2981 5324 3252 5392 rudesque
3288 5330 3436 5385 sunt,
3476 5333 3673 5390 magno

2105 5445 2228 5484 cum
2253 5428 2468 5499 negotio
2500 5436 2554 5479 et
2600 5423 2848 5479 molestia
2879 5419 2946 5474 ad
2973 5415 3314 5475 imminentia
3351 5413 3592 5484 pericula
3619 5412 3673 5463 in

2105 5522 2219 5575 acie
2255 5517 2509 5574 constitui
2538 5522 2787 5587 possunt.

2175 5633 2260 5687 18.
2304 5631 2405 5687 Ubi
2460 5629 2756 5686 exercitum
2806 5623 3077 5688 diviseris,
3116 5621 3232 5677 sine
3279 5617 3471 5674 ferreis
3510 5614 3677 5670 armis

2105 5726 2243 5780 inter
2269 5742 2328 5781 se
2355 5725 2788 5786 committantur,
2824 5719 2908 5773 vel
2933 5733 3057 5772 cum
3092 5715 3264 5769 hastis
3294 5712 3409 5765 sine
3431 5706 3679 5776 cuspide,

2106 5820 2185 5874 vel
2218 5819 2429 5890 sagittis
2468 5818 2736 5884 similiter,
2786 5816 2892 5880 vel,
2927 5823 2984 5869 ut
3032 5810 3409 5881 praediximus,
3440 5818 3537 5875 pro
3567 5799 3682 5870 gla-

3209 5901 3284 5962 21s

497 5648 584 5720 ιη’.
619 5647 952 5719 Διαμερξσας
993 5645 1050 5700 δὲ
1096 5646 1159 5698 τὸ
1210 5645 1524 5716 στράτευμα
1578 5641 1711 5712 πρὸς
1737 5637 1997 5709 ἀλλήλους

429 5741 667 5814 ἀσιδήρῳ
719 5739 864 5810 μάχῃ
899 5735 1375 5800 συμϐαλλέτωσαν,
1417 5737 1533 5807 ἦτοι
1583 5733 1668 5786 διὰ
1701 5729 1998 5800 κονταρίων

432 5833 560 5888 ἄνευ
605 5832 794 5904 ξιφῶν,
844 5831 1176 5902 ἧσαγιττῶν
1243 5832 1462 5900 ὁμοίως,
1506 5829 1561 5901 ἢ,
1618 5827 1692 5891 ὡς
1738 5826 2001 5896 εἴπομεν,

679 5933 952 5993 ΡΑτιιοι.
989 5928 1106 5990 Gn.
1143 5925 1327 5988 CVII.
2110 5951 2148 5999 φ
