4078 6306
469 273 585 341 T39

1732 262 2009 328 LEONIS
2042 261 2502 327 PHILOSOPHI

3623 259 3755 331 τω

476 388 584 444 diis
612 388 838 441 utantur
860 378 1054 451 virgis,
1102 377 1186 433 vel
1224 374 1461 431 calamos
1505 390 1606 446 pro
1642 373 1814 431 hastis
1842 374 2043 430 tradas.

2151 376 2272 430 ἀντὶ
2322 375 2567 435 σπαθίων
2621 374 2882 448 βεργίοις,
2940 377 2973 450 ἢ
3016 376 3290 452 νάρθηκας
3326 420 3342 445 ,
3388 378 3755 452 ἦιαὶάμους

475 479 574 538 Sin
603 476 789 551 glebas
819 474 1017 529 habeat
1068 471 1227 526 tellus
1279 469 1331 522 in
1362 483 1470 539 qua
1492 477 1840 533 exercentur,
1876 467 2049 536 conji-

476 587 602 629 cere
643 584 738 625 eas
773 565 990 638 iubebis
1038 564 1092 618 in
1137 577 1197 617 se
1224 569 1413 615 mutuo
1438 560 1578 613 inter
1610 556 2047 630 conﬂigendum:

474 663 749 720 interdum
810 655 1141 721 cltarzaniis,
1200 655 1282 710 vel
1332 654 1407 709 iis
1453 651 1727 711 similibus
1775 650 2051 725 iuprtel-io

476 764 722 812 utantur.

543 936 631 992 19.
672 932 915 988 Acclives
959 929 1068 985 illis
1111 925 1275 982 colles
1310 922 1643 988 monstrans,
1668 923 1800 994 jube
1830 930 1890 977 ut
1923 937 2047 978 cum

472 1041 639 1082 cursu
662 1020 1028 1079 conscendant
1059 1034 1075 1072 ι
1110 1026 1164 1071 ct
1190 1016 1241 1069 in
1268 1030 1385 1075 eos,
1412 1014 1505 1084 qui
1535 1013 1646 1082 jam
1678 1012 1846 1067 colles
1884 1025 2051 1065 occu-

471 1122 626 1186 parit,
650 1113 782 1183 jube
814 1110 952 1165 alios
987 1106 1212 1178 quosvis
1249 1104 1449 1160 milites
1500 1101 1775 1167 invadere,
1807 1100 1899 1173 qui
1920 1100 2050 1155 illos

473 1210 519 1266 si
556 1207 767 1278 possint
793 1202 1085 1273 depellant.

542 1300 633 1355 20.
663 1298 766 1354 Ubi
801 1298 999 1350 mtlites
1030 1295 1142 1363 jam
1168 1290 1503 1356 exercueris,
1543 1290 1666 1344 illos
1699 1286 1963 1351 dimittes,
1995 1296 2051 1341 et

470 1393 595 1450 aliis
642 1392 828 1447 trades
885 1386 1107 1441 illorum
1169 1397 1345 1446 arma,
1389 1388 1443 1436 et
1470 1390 1775 1446 manentes,
1804 1379 2049 1450 atquein

470 1487 576 1542 hac
600 1480 998 1540 exercitatione
1026 1483 1247 1531 strenue
1271 1488 1331 1529 se
1375 1482 1642 1545 gerentes,
1672 1470 2004 1528 collaudabis
2028 1487 2045 1537 ;

468 1593 562 1633 eos
594 1576 689 1647 qui
716 1570 1016 1629 socorditer
1029 1577 1083 1624 et
1108 1566 1418 1624 effeminate
1447 1581 1506 1621 se
1548 1576 1762 1636 gerunt,
1791 1578 2045 1629 exacues,

470 1681 527 1725 et
546 1665 814 1725 excitabis
838 1664 905 1719 ad
936 1661 1171 1717 oll‘ensas
1198 1660 1415 1715 illorum
1456 1657 1832 1729 corrigendas.

541 1850 633 1904 2|.
671 1846 786 1902 Tali
814 1845 960 1903 enim
994 1843 1265 1900 industria
1301 1857 1366 1898 ac
1395 1840 1787 1897 exercitatione
1816 1856 1922 1896 non
1957 1855 2047 1895 so-

466 1942 581 1996 lum
612 1939 675 1994 ad
706 1937 919 1992 labores
954 1933 1196 2006 paratior
1210 1942 1294 1988 est
1326 1932 1621 1995 exercitus,
1649 1945 1837 1985 verum
1874 1931 2040 1985 etiam

466 2031 753 2087 sanitatem
792 2027 987 2081 melius
1029 2034 1234 2087 tuetur,
1277 2033 1332 2077 et
1348 2022 1469 2078 cibo
1512 2022 1839 2093 potioneque
1860 2019 2046 2077 suavis

467 2124 686 2186 fruitur,
712 2134 1024 2192 quanquam
1057 2117 1219 2172 vilior
1242 2131 1307 2171 ac
1344 2116 1559 2170 tenuior
1592 2113 1775 2169 fuerit.
1810 2112 1878 2169 Et
1907 2128 2047 2170 cor-

466 2232 569 2287 pus
601 2212 867 2269 valentius
894 2210 1101 2265 ﬁrmius
1126 2207 1309 2271 habet,
1338 2207 1385 2262 si
1406 2205 1720 2271 sudoribus,
1745 2206 2043 2271 caloribus,

466 2305 935 2377 api-nationibus,
1000 2300 1319 2372 frigoribus,
1389 2300 1913 2371 tempestatibusque
1963 2313 2046 2356 asp

466 2401 775 2459 sucfactum‘
799 2398 987 2455 fuerit.

533 2592 625 2649 2‘2.
656 2589 919 2647 Similiter
970 2584 1252 2642 exercebis
1292 2585 1525 2657 equites,
1558 2582 1625 2639 ad
1648 2584 2045 2641 decertationes

465 2686 729 2759 quasdam
782 2692 839 2740 et
886 2681 1291 2747 dimicationes,
1320 2679 1732 2745 insectationes,
1763 2676 2044 2734 conﬂicta-

462 2781 666 2842 tiones,
720 2773 1104 2838 velitationes,
1159 2780 1216 2826 et
1264 2772 1580 2840 sagittarum
1628 2770 2046 2840 jaculorumque

434 2866 823 2929 emissiones,
900 2871 956 2919 et
1009 2876 1352 2933 quaecunque
1401 2862 1657 2933 deinceps
1712 2861 1807 2916 tibi
1867 2859 2043 2916 fusius

463 2972 753 3029 exponam.

2152 469 2276 524 ἀντ)⁸
2303 470 2604 543 κονταρίων
2633 469 2931 537 ἀναδιδούς.
2967 472 3093 527 Ἐἀν
3131 472 3189 526 δέ
3214 474 3308 528 καὶ
3335 469 3540 544 βώλους
3565 473 3665 546 ἔχῃ
3702 474 3761 550 τι

2150 562 2225 633 γῆ
2251 558 2356 639 ἐνῇ
2388 564 3012 636 γυμνάζονται,τούτους
3047 565 3263 637 βάλλειν
3284 564 3468 620 κέλευε
3500 567 3620 621 κατ’
3639 551 3753 623 a1;

2150 655 2324 729 ληλων
2348 659 2405 710 ἐν
2431 659 2495 730 τῇ
2537 657 2811 730 γυμνασίᾳ
2864 659 2963 730 τῆς
3016 656 3311 729 συμϐολῆς.
3367 657 3509 711 Ποτέ
3549 656 3608 712 δὲ
3635 657 3747 712 καὶ

2149 750 2220 804 τὰ
2251 750 2519 823 λεγόμενα
2546 750 2813 826 χαρζάνια
2846 751 2879 825 ἢ
2908 750 3117 815 τούτοις
3146 751 3309 824 ὃμοιά
3338 768 3458 807 τινα
3485 751 3750 824 χρήσθω-

2153 858 2255 896 σαν
2276 842 2333 896 ἐν
2366 844 2430 914 τῇ
2461 841 2634 917 μάχῃ.

2224 933 2305 990 ιϐ’.
2343 934 2533 1002 Δείξας
2589 935 2645 990 δέ
2677 935 2861 1000 αὐτοῖς
2887 937 2983 990 καὶ
3013 935 3231 1007 βουνοὺς
3265 935 3501 1007 ὀρθίους,
3539 935 3741 990 κέλευε

2152 1027 2251 1082 σὺν
2277 1028 2464 1101 δρόμῳ
2508 1026 2817 1084 ἀναϐαίνειν
2877 1028 2972 1081 καὶ
3019 1026 3464 1098 καταλαμϐάνειν
3510 1027 3739 1093 αὐτοὺς,

2148 1122 2371 1194 ἔχοντας
2423 1119 2665 1190 δηλονότι
2727 1120 2856 1183 τοὺς
2926 1117 3147 1189 βουνοὺς
3197 1118 3446 1183 ἐκείνους
3511 1118 3743 1190 ἐτέρους

2151 1213 2488 1283 στρατιώτας
2519 1210 2829 1283 ἐφεστῶτας
2866 1210 2953 1264 ἐπ’
2983 1209 3185 1264 αὐτῶν.

2218 1305 2288 1360 κ’.
2313 1306 2424 1358 Καὶ
2466 1307 2596 1360 ὅταν
2634 1303 2785 1368 τινὰς
2837 1303 2946 1357 τῶν
3002 1301 3354 1375 στρατιωτῶν
3422 1301 3739 1376 γυμνάσῃς,

2148 1398 2311 1454 πάλιν
2351 1399 2592 1461 ἐκείνους
2615 1395 2865 1452 ἐκϐαλὼν
2911 1394 3120 1467 ἑτέροις
3165 1394 3455 1458 ἐπιδώσεις
3478 1394 3547 1447 τὰ
3574 1394 3737 1465 εἰρηο

2150 1488 2289 1561 μένα
2306 1489 2465 1543 ὅπλα.
2482 1487 2595 1542 Καὶ
2609 1488 2735 1551 τοὺς
2753 1487 3042 1558 μείναντας
3063 1483 3265 1557 (88-89)
3286 1482 3739 1556 ἀνδραγαθήσαν-

2146 1599 2246 1645 τας
2277 1583 2333 1635 ἐν
2383 1584 2449 1651 τῇ
2485 1581 2763 1652 γυμνασίᾳ
2803 1579 3137 1643 ἐπαινέσεις,
3164 1577 3293 1642 τοὺς
3340 1577 3398 1630 δέ
3424 1575 3617 1646 ἀφυῶς
3644 1575 3739 1629 ἐλο

2149 1672 2338 1738 θόντας
2369 1673 2467 1726 καὶ
2519 1671 2797 1740 ἀνάνδρως
2826 1669 3184 1742 παραθήξεις,
3230 1669 3328 1723 καὶ
3368 1668 3734 1740 παροτρυνεῖς

2152 1768 2232 1831 είς
2268 1766 2330 1820 τὸ
2352 1765 2420 1820 τὰ
2448 1763 2803 1836 ἐλαττώματα
2835 1762 3020 1817 αὐτῶν
3047 1761 3421 1833 ἀνορθωθῆναι

2222 1860 2329 1917 κα¹.
2373 1861 2469 1916 Ἐκ
2502 1861 2611 1929 γὰρ
2638 1860 2737 1931 τῆς
2760 1858 3017 1930 τοιαύτης
3040 1858 3273 1930 μελέτης
3297 1859 3392 1913 καὶ
3424 1858 3735 1931 γυμνασίας

2151 1954 2210 2008 οὐ
2245 1954 2404 2025 μόνον
2460 1952 2697 2018 ἐθίζεται
2738 1951 2873 2024 πρὸς
2925 1953 3050 2015 τοὺς
3078 1951 3273 2015 πόνους
3303 1951 3365 2005 τὸ
3394 1951 3735 2023 στράτευμα,

2150 2047 2284 2103 ἀλλὰ
2309 2047 2403 2102 καὶ
2446 2045 2699 2117 ὑγιαίνει,
2738 2046 2833 2099 καὶ
2858 2046 3039 2100 πᾶσαν
3072 2044 3279 2116 τροφὴν
3326 2043 3498 2117 ἡδέως
3541 2043 3735 2107 ἐσθίει,

2152 2140 2249 2197 καὶ
2284 2140 2448 2206 πίνει,
2479 2140 2584 2194 κᾶν
2611 2138 2731 2211 λιτή
2765 2138 2935 2205 ἐστιν,
2973 2137 3112 2209 ύπέρ
3139 2136 3240 2200 τὰς
3269 2134 3579 2198 πολυτελεῖς
3602 2151 3738 2205 τρυ-

2152 2232 2259 2302 φάς
2287 2246 2303 2263 °
2336 2230 2544 2301 γίνεται
2590 2228 2647 2285 δέ
2703 2228 2885 2284 αὐτῶν
2923 2229 2983 2283 τὸ
3031 2228 3191 2300 σῶμα
3248 2228 3341 2282 καὶ
3364 2224 3611 2299 στερρὸν,
3637 2224 3735 2278 καὶ

2152 2322 2490 2387 συνεθίζεται
2513 2324 2625 2385 τοῖς
2654 2320 2906 2391 μέλλουσι
2926 2318 3132 2385 πόνοις,
3166 2318 3374 2390 ἱδρῶτι,
3410 2317 3505 2371 καὶ
3531 2315 3729 2370 θάλπει

2151 2415 2247 2472 καὶ
2296 2414 2539 2487 καύματι
2587 2414 2885 2484 ἀσκιάστῳ,
2942 2413 3035 2467 καὶ
3087 2412 3323 2483 κρυμοῖς
3379 2410 3471 2465 καὶ
3498 2407 3732 2482 χειμῶσι

2151 2505 2669 2577 συγγυμναζόμενον
2701 2504 2833 2574 (90).

2221 2595 2324 2667 κβ’.
2365 2597 2597 2667 Ὁμοίως
2637 2596 2696 2650 δέ
2730 2594 3031 2667 γυμνάσεις
3058 2594 3154 2649 καὶ
3171 2592 3300 2658 τοὺς
3323 2591 3734 2664 καϐαλλαρίους

2150 2689 2356 2760 ἐρίζειν
2385 2688 2581 2752 αὐτοὺς
2632 2688 2821 2752 ποιῶν,
2856 2686 2951 2743 καὶ
2996 2686 3348 2759 ἁμιλλᾶσθαι,
3403 2687 3497 2740 καὶ
3522 2683 3732 2749 διώξεις

2151 2784 2347 2849 ποιεῖν,
2389 2783 2484 2836 καὶ
2530 2780 2869 2852 συμπλοκὰς,
2915 2782 3011 2835 καὶ
3048 2779 3518 2854 ἀκροϐολισμοὺς,
3561 2779 3731 2849 ἦγουν

2148 2878 2382 2944 τοξείας,
2410 2878 2444 2950 ἢ
2472 2877 2799 2944 ἀκοντίσεις,
2838 2877 2934 2931 καλ⁵
2975 2876 3076 2932 ὅσα
3109 2876 3236 2947 ἑξῆς
3268 2892 3352 2929 σοι
3396 2873 3733 2945 πλατύτερον

2148 2971 2394 3044 δηλώσω.

530 3051 620 3154 25:
657 3046 1010 3154 “acfadam
1055 3047 1110 3154 in
1154 3047 1289 3154 locis
1317 3044 1493 3154 Pllanis
1530 3055 1584 3101 ει
1621 3044 2039 3154 οθωνθειτίριιεν
2069 3091 2114 3154 C
2221 3063 2327 3134 κγ’.
2358 3062 2547 3118 Ταῦτα
2566 3062 2624 3117 δέ
2657 3064 2832 3118 ποιεῖν
2853 3062 2947 3116 καὶ
2980 3064 3037 3117 ἐν
3082 3061 3360 3125 ἐπιπέδοις
3391 3060 3601 3125 τόποις,
3639 3060 3733 3115 καὶ

462 3151 520 3198 et
549 3142 613 3196 ad
651 3141 920 3197 montium
969 3139 1155 3210 pedes,
1202 3148 1261 3193 et
1311 3137 1381 3192 ad
1430 3150 1625 3207 aspera
1663 3149 1879 3206 quoque
1925 3134 2043 3190 loca

2154 3158 2283 3228 περὶ
2332 3155 2502 3219 αὐτὰς
2543 3155 2642 3219 τὰς
2673 3154 2829 3227 ῥίζας
2877 3154 2986 3208 τῶν
3032 3152 3237 3224 βουνῶν
3260 3153 3345 3223 ἐφ’
3366 3153 3491 3207 ὅσον
3511 3151 3731 3207 δυνατόν

460 3241 727 3306 quantum
768 3239 1001 3303 possunt
1027 3230 1316 3285 accedant.

490 3327 581 3383 24.
615 3325 733 3380 Non
768 3325 927 3380 modo
964 3321 1119 3389 mihi,
1164 3335 1351 3375 verum
1404 3319 1570 3374 etiam
1602 3318 1900 3389 majoribus
1947 3333 2047 3375 no-

462 3422 591 3477 stris
641 3420 818 3476 visum
868 3426 953 3475 est
996 3414 1469 3486 peruecessarium
1512 3427 1658 3476 esse,
1719 3421 1779 3466 ut
1835 3427 1961 3466 cum
1988 3412 2043 3467 in

460 3511 858 3582 campestribus
914 3518 967 3565 et
1020 3507 1200 3578 planis
1226 3508 1358 3561 locis
1393 3505 1460 3561 ad
1490 3519 1714 3560 cursum
1753 3519 2043 3561 exercean-

461 3615 553 3661 tur
582 3606 735 3675 equi,
786 3613 897 3659 tum
932 3603 1096 3658 etiam
1129 3602 1186 3657 iu
1211 3602 1375 3658 editis
1408 3610 1462 3658 et
1492 3602 1780 3659 condensis
1812 3611 1866 3657 ct
1887 3616 2044 3673 aspe-

461 3701 540 3757 ris
597 3700 754 3764 locis,
805 3708 867 3753 ut
920 3696 1036 3752 haec
1096 3694 1216 3752 loca
1266 3695 1483 3766 agmine
1542 3693 1689 3750 iacto
1741 3702 2043 3758 transeant,

460 3803 625 3864 atque
649 3792 811 3851 etiam
855 3789 925 3845 ad
967 3788 1197 3844 declivia
1234 3787 1488 3844 similiter
1520 3802 1581 3843 se
1615 3796 1943 3858 praeparent.
1984 3785 2043 3843 Si

458 3890 607 3941 enim
655 3883 724 3939 ad
772 3882 918 3937 hunc
974 3881 1199 3936 modum
1260 3879 1551 3936 assuefacti
1601 3878 1829 3945 fuerint,
1864 3894 2042 3951 neque

461 3978 709 4033 homines
748 3991 922 4047 neque
949 3990 1122 4046 equos
1174 3973 1318 4028 ullus
1372 3974 1456 4027 vel
1485 3972 1719 4028 oli‘endet
1752 3971 1835 4027 vel
1862 3972 2042 4029 laedet.

526 4067 618 4123 25.
645 4065 860 4121 IEstate
881 4081 950 4121 ne
972 4079 1175 4135 equum
1207 4063 1274 4118 ad
1295 4064 1488 4119 crebro
1520 4063 1815 4118 bibendum
1846 4077 2041 4119 assue-

459 4159 653 4216 facias.
701 4157 819 4225 Qua
879 4159 947 4214 de
1000 4166 1168 4213 causa
1198 4157 1382 4212 minus
1413 4155 1543 4211 utile
1577 4164 1659 4212 est
1700 4164 1919 4227 propter
1942 4156 2043 4209 llu-

460 4255 607 4309 vium
634 4262 814 4308 castra
841 4265 1066 4323 ponere.

528 4343 618 4401 26.
652 4345 837 4400 Aciem
889 4343 1083 4399 borum
1137 4341 1383 4399 instruas
1438 4343 1492 4397 in
1543 4342 1756 4413 asperis
1800 4352 1854 4397 et
1902 4342 2040 4398 aviis

2153 3252 2298 3304 ἐστιν
2332 3248 2549 3312 αὐτοὺς,
2584 3250 2678 3302 καὶ
2702 3249 2948 3320 τραχέων
2977 3247 3217 3319 ἐγγίζειν
3244 3247 3446 3303 τόπων.

2220 3335 2319 3392 κδ’.
2351 3337 2462 3391 Καὶ
2497 3336 2656 3392 τοῦτο
2706 3338 2807 3409 μὲν
2853 3340 2965 3402 τοῖς
3007 3338 3260 3402 παλαιοῖς
3291 3337 3492 3404 ἔδοξεν,
3521 3338 3644 3409 ἐμοὶ
3675 3337 3732 3391 δὲ

2151 3431 2298 3486 δοκεί
2354 3430 2429 3503 μὴ
2489 3431 2649 3502 μόνον
2701 3434 2781 3497 είς
2819 3433 3053 3504 δρόμους
3078 3434 3136 3486 ἐν
3169 3435 3280 3496 τοῖς
3302 3431 3526 3503 ὁμαλοῖς
3549 3433 3731 3495 τόποις

2151 3519 2425 3585 ἐθίζεσθαι
2444 3522 2568 3583 τοὺς
2617 3520 2815 3586 ῖππους
2836 3523 3134 3592 ἀναγκαῖον
3161 3517 3325 3587 εἶναι,
3346 3521 3506 3576 ,ἀλλά
3540 3523 3634 3575 καὶ
3655 3522 3730 3585 είς

2153 3608 2389 3681 ὑψηλοὺς
2450 3610 2542 3663 καὶ
2575 3610 2758 3675 δασεῖς
2814 3614 2909 3666 καὶ
2946 3614 3190 3684 τραχεῖς,
3229 3611 3369 3665 ὥστε
3406 3613 3504 3666 σὺν
3545 3611 3730 3681 ἐλασίξι

2149 3700 2371 3763 τούτους
2432 3699 2747 3755 διαϐαίνειν.
2792 3701 3025 3772 Ὁμοίως
3057 3703 3113 3757 δέ
3145 3702 3241 3757 καὶ
3285 3704 3367 3765 εἰς
3390 3703 3524 3767 ’τοὺς
3552 3720 3727 3756 κατω-

2151 3795 2356 3863 φερεῖς.
2389 3792 2517 3854 Ἐὰν
2554 3793 2661 3864 γὰρ
2706 3794 2788 3858 είς
2837 3797 2959 3859 τοὺς
3007 3794 3280 3861 τοιούτους
3310 3794 3602 3860 ἐθίζονται,
3632 3796 3726 3850 οὐκ

2151 3884 2230 3938 ἐτι
2252 3885 2372 3939 ούδέ
2392 3887 2516 3950 τοὺς
2546 3886 2746 3958 ἄνδρας
2781 3886 2903 3942 οὐδὲ
2930 3890 3057 3955 τοὺς
3093 3889 3294 3954 ἵππους
3332 3887 3528 3955 ξενίζει
3569 3888 3727 3953 τόπος

2149 3975 2183 4047 ἢ
2218 3977 2412 4033 ἀδικεῖ.

2216 4074 2313 4120 κε’.
2355 4067 2516 4121 Ἀλλά
2540 4068 2634 4122 καὶ
2658 4069 2717 4124 ἐν
2739 4069 2814 4141 τῷ
2856 4072 3037 4143 καιρῷ
3067 4071 3161 4126 τοῦ
3193 4072 3388 4146 θέρους
3430 4074 3506 4145 μὴ
3536 4072 3721 4142 ἐπιτη-

2147 4158 2321 4214 δεύειν
2349 4161 2567 4226 πυκνῶς
2588 4163 2715 4227 τοὺς
2740 4162 2941 4227 ἵππους
2980 4162 3239 4229 ποτίζειν.
3276 4164 3368 4218 Διὸ
3390 4165 3511 4219 ούδέ
3539 4166 3724 4237 χρήσι-

2151 4246 2250 4315 μόν
2278 4248 2394 4300 ἐστι
2410 4246 2636 4317 πλησίον
2665 4248 2926 4320 ποταμῶν
2952 4249 3284 4321 ἀπληκεύειν
3314 4251 3426 4322 (91)

2218 4335 2331 4404 κς’.
2363 4340 2472 4393 Καὶ
2510 4342 3038 4411 παρατάσσεσθαιδέ
3060 4345 3139 4406 είς
3166 4345 3291 4407 τοὺς
3323 4344 3605 4417 δυσχερεῖς
3633 4344 3722 4400 καὶ

462 4438 618 4505 locis,
669 4446 724 4493 et
764 4437 1046 4493 cohortem
1086 4436 1259 4506 ipsam
1296 4436 1584 4506 permittas
1622 4435 1695 4489 ita
1736 4434 1811 4489 uti
1848 4445 1932 4489 est
1957 4436 2042 4489 in-

2149 4430 2445 4497 δυσϐάτους
2497 4434 2717 4499 τόπους,
2759 4435 2854 4487 καὶ
2905 4436 3223 4507 ἐπιτρέπειν
3269 4436 3344 4502 ῶς
3372 4439 3488 4491 ἐστι
3514 4438 3575 4492 τὸ
3598 4437 3721 4508 βάν-

456 4541 687 4599 structa,
742 4531 961 4603 agmine
1015 4530 1159 4585 facto
1208 4544 1272 4584 ea
1308 4530 1424 4585 loca
1465 4528 1831 4586 conscendere
1879 4541 2043 4600 atque

458 4625 653 4679 iterum
687 4622 1037 4680 descendere.

525 4715 619 4769 27.
656 4715 980 4785 Quicunque
1006 4715 1124 4771 suis
1155 4715 1308 4786 equis
1345 4725 1629 4785 parcentes
1675 4714 1742 4769 iis
1772 4714 2040 4769 exercita-

459 4807 701 4862 tionibus
756 4808 1052 4874 abstinent,
1104 4807 1157 4861 bi
1220 4814 1487 4877 quantum
1540 4805 1597 4859 in
1656 4819 1716 4859 se
1769 4814 1853 4859 est
1879 4817 2039 4857 suam

457 4901 700 4970 ipsorum
737 4899 964 4955 salutem
991 4901 1249 4970 produnt.

526 4994 617 5050 28.
654 4994 922 5064 Deinceps
955 5010 1054 5066 par
1080 5001 1186 5060 est,
1206 5007 1522 5065 quanquam
1547 4990 1875 5055 verecunde,
1901 5005 2041 5061 pau-

457 5086 539 5141 cis
573 5098 754 5142 tamen
788 5095 1031 5141 veterum
1069 5094 1251 5140 motus
1292 5084 1517 5139 bellicos
1545 5092 1600 5137 et
1642 5089 1906 5151 praecepta
1936 5095 2034 5136 ex-

454 5179 709 5248 planare,
755 5186 815 5233 ut
852 5178 908 5231 in
947 5176 1056 5232 illis
1093 5190 1313 5248 quoque
1347 5187 1608 5230 exerceas
1640 5182 1785 5240 tuos,
1822 5182 1877 5228 et
1909 5172 2033 5229 illos

456 5280 573 5347 tun;
594 5271 738 5326 dicto
769 5280 884 5324 tum
914 5269 1058 5325 facto
1089 5270 1157 5325 ad
1186 5284 1299 5323 rem
1328 5268 1465 5323 bene
1494 5266 1808 5337 gerendam,
1832 5275 1885 5321 et
1914 5281 2028 5320 rem

2149 4524 2258 4591 δον,
2328 4524 2510 4590 καθὼς
2569 4526 2766 4597 φθάσει
2813 4529 2841 4580 ὁ
2897 4520 3060 4592 τόπος
3123 4528 3341 4600 ἑκάστῳ
3396 4530 3494 4583 σὺν
3537 4528 3721 4599 ἐλασίᾳ⁵

2150 4617 2475 4690 ἀνέρχεσθαι
2505 4620 2705 4690 ὁμοίως
2743 4619 2798 4673 δέ
2826 4620 2920 4673 καὶ
2950 4619 3339 4691 κατέρχεσθαι.

2221 4712 2323 4775 κζ’.
2355 4712 2508 4765 Ὅσοι
2556 4713 2735 4766 τοίνυν
2777 4711 3081 4783 φειδόμενοι
3129 4713 3241 4767 τῶν
3307 4714 3492 4768 ἵππων
3548 4713 3717 4767 αὐτῶν

2151 4802 2540 4875 περιφροειοῢσι
2580 4801 2682 4873 τῆς
2718 4800 2973 4873 τοιαύτης
3004 4801 3183 4858 αὐτῶν
3221 4806 3555 4875 γυμνασίας,
3598 4804 3717 4856 ἐαυ-

2151 4895 2263 4957 τοῖς
2289 4892 2726 4948 ἐπιϐουλεύουσι.

2219 4983 2325 5056 κη’.
2355 4986 2478 5040 Ἐπὶ
2502 4986 2712 5053 τούτοις
2741 4989 2859 5043 δέον
2891 4988 3061 5053 ἐστὶν.
3086 4989 3135 5043 εί
3160 4988 3257 5044 καὶ
3289 4988 3550 5062 μετρίως,
3576 4989 3717 5060 ὅμως

2146 5080 2244 5133 καὶ
2298 5083 2356 5133 ἐν
2410 5079 2613 5150 ὀλίγοις
2673 5081 3000 5151 ύποδείξεσι,
3049 5084 3231 5149 καθὼς
3270 5083 3710 5157 προῦπεθέμεθα,

2147 5170 2480 5244 πλατύτερον
2520 5171 2620 5235 τὰς
2644 5173 2752 5227 τῶν
2781 5174 3024 5244 ἀρχαίων
3067 5177 3310 5248 κινήσεις
3338 5176 3433 5229 καὶ
3474 5174 3543 5228 τά
3571 5175 3714 5243 λεγό-

2142 5279 2281 5331 μενα
2329 5263 2785 5335 παραγγέλματα,
2818 5264 2906 5319 ἵνα
2954 5266 3345 5340 προγυμνάζῃς
3391 5267 3487 5320 καὶ
3526 5267 3582 5320 ἐν
3603 5264 3715 5319 τούο

455 5362 747 5417 militarem
779 5361 1216 5433 cognoscendam
1248 5360 1471 5417 excites.
1506 5357 1641 5414 Nam
1674 5368 2029 5430 posteaquam

2149 5373 2248 5423 τοις
2298 5358 2361 5413 τὸ
2390 5360 2725 5432 στράτευμα,
2758 5362 2853 5417 καὶ
2912 5361 3187 5435 διεγείρης
3230 5361 3429 5425 αὐτοὺς
3486 5363 3582 5415 καὶ
3635 5360 3715 5414 διὰ

1956 5489 2168 5547 ΝυΤᾸΕ

521 5587 735 5659 (88-89)
771 5588 878 5642 Kal
929 5588 1073 5657 τοὺς
1121 5588 1463 5659 μείναντας.
1513 5587 1905 5657 Scribebatur,
1936 5585 2032 5642 καὶ

448 5660 575 5723 τοὺς
614 5659 713 5730 μὲν
737 5659 950 5722 αύτούς.

2226 5581 2339 5653 (90)
2386 5584 2969 5655 Συγτυμναζόμενον.
3003 5584 3353 5643 Scribebatur
3375 5628 3391 5655 ,
3447 5585 3714 5660 γυμναζός

2154 5670 2754 5792 μῗξῖἷ-’Δπληκεύεικ
2786 5727 3159 5797 Scribebatur,
3187 5728 3559 5788 ἀποκελεύειν.
