4078 6306
203 371 303 438 ’741

1289 382 1625 444 TACTICA.
1661 404 1734 418 -·-
1764 379 2268 444 CONSTITUTIO
2311 382 2446 446 VII.

3341 380 3444 443 742

201 491 379 562 λόγων
406 490 502 550 καὶ
540 491 606 548 δι’
641 490 818 563 ἔργων
847 491 984 564 πρὸς
1025 493 1125 558 τὰς
1159 493 1464 563 πολεμικάς
1509 491 1781 565 μεθόδους.

1892 502 2334 559 unumquemque
2369 487 2595 544 militem
2630 498 2744 546 tum
2788 491 3045 562 equitem,
3073 497 3188 545 tum
3224 490 3461 560 peditem

201 585 363 640 Μετὰ
398 587 512 657 γάρ
552 585 649 658 τὴν
680 586 990 658 γυμνασίαν
1037 585 1132 642 τοῦ
1179 585 1300 640 καθ’
1329 585 1424 639 ἕνα
1452 583 1783 656 στρατιώτου

200 679 373 743 πεζοῦ
426 681 520 736 καὶ
572 678 938 750 καϐαλλαρίου
996 680 1079 734 δεῖ
1131 697 1188 732 σε
1216 681 1310 733 καλ.
1339 679 1569 734 ἕκαστον
1596 678 1784 749 τάγμα

200 770 322 841 ἦτοι
355 769 539 838 βάνδον
565 769 860 841 γυμνάζειν
895 770 1007 841 (92)
1036 771 1158 824 καθ’
1189 770 1349 824 ἑαυτὸ
1381 769 1554 834 οὕτως
1590 785 1605 801 ο

275 860 383 915 κθ’.
416 861 523 914 Τοῦ
578 860 769 931 βάνδου
807 862 916 916 τῶν
981 862 1359 934 καόαλλαρίων
1404 862 1513 916 ἀπὸ
1560 859 1668 915 τῶν
1694 861 1786 915 λε-

199 955 450 1026 γομένων
485 954 654 1009 ἀκιῶν
695 955 813 1025 ἢτοι
867 955 1090 1027 ὀρδίνων
1131 955 1458 1018 συνεστῶτος
1501 956 1597 1009 καὶ
1657 972 1785 1010 συν-

197 1048 549 1119 τεταγμένως
598 1049 890 1119 ἱσταμένου
929 1048 1299 1121 παραγγέλλει
1335 1051 1363 1103 ὀ
1405 1049 1694 1121 μανδάτωρ
1716 1049 1788 1104 τὰ

204 1142 682 1212 προστεταγμένα,
717 1135 826 1196 οἷον
853 1159 871 1176 ο

272 1232 340 1287 λι,
370 1234 536 1288 Ὅταν
597 1236 630 1302 ή
702 1233 947 1306 συμϐολὴ
1019 1233 1266 1305 γένηται,
1305 1233 1492 1305 μηδεὶς
1572 1232 1782 1306 ἀφήσῃο

204 1324 400 1396 μηδεὶς
470 1324 745 1397 προλάὸῃ,
801 1326 906 1390 ἕως
953 1326 1020 1381 ἂν
1068 1326 1261 1399 διώξῃς
1280 1327 1372 1380 τὸν
1402 1327 1610 1396 ἐχθρόν.
1661 1326 1787 1379 Ἐάν

199 1416 370 1488 ἰκὸῇς
393 1416 500 1470 ἀπὸ
537 1419 635 1486 τῆς
664 1418 758 1471 τοῦ
791 1417 1041 1490 μετώπου
1071 1417 1247 1489 ὅψεως
1271 1459 1287 1485 ,
1349 1418 1512 1488 βλέπε
1559 1419 1620 1472 τὸ
1658 1418 1788 1490 βάν-

197 1508 310 1574 δον,
341 1509 505 1563 δίωκε
554 1509 627 1582 μὴ
653 1510 728 1574 ὡς
753 1509 1087 1583 στρατιώτης
1120 1510 1310 1576 δειλὸς,
1341 1511 1454 1564 ἀλλ’
1501 1511 1577 1575 ὡς
1627 1529 1790 1585 στρα⁴

197 1600 405 1674 τιὼτης
451 1603 730 1674 ἀνδρεῖος,
798 1603 893 1657 καὶ
950 1602 1024 1674 μὴ
1076 1605 1216 1657 κατὰ
1269 1603 1614 1674 παράκλησιν
1668 1603 1786 1674 (95)

197 1695 391 1768 ἐάσῃς,
429 1697 565 1767 μήτε
600 1695 742 1766 ἄλλῳ
772 1695 981 1766 τρόπῳο
1012 1695 1268 1764 φύλαττε,
1313 1695 1638 1764 στρατιῶται,
1690 1696 1788 1766 τὴν

197 1786 354 1854 τάξιν
385 1803 500 1840 σου⁶
527 1787 760 1857 φύλαττε
789 1789 879 1841 καὶ
904 1787 990 1854 σὺ,
1028 1787 1341 1859 βανδοφόρε,
1386 1787 1513 1840 ὅταν
1541 1805 1787 1841 καταπο-

205 1879 478 1953 λεμήσῃς,
545 1881 630 1934 ἵνα
667 1880 961 1951 ἀκολουθῇς
1027 1880 1105 1952 τῷ
1167 1880 1367 1951 ἐχθρῷ.
1402 1881 1461 1934 El
1518 1880 1573 1933 δὲ
1614 1881 1781 1951 έκὸῇς

198 1974 300 2045 τὴν
366 1963 504 2044 ὄψιν
571 1974 668 2046 τῆς
714 1974 1074 2046 παραταγῆς,
1143 1973 1220 2045 μὴ
1281 1973 1483 2044 ἐλάσῃς
1547 1972 1782 2044 ἰσχυρῶς

200 2067 259 2118 ὲν
304 2065 382 2137 τῷ
435 2067 678 2139 κάμπῳ,
731 2066 817 2121 ἵνα
882 2066 959 2138 μὴ
1009 2066 1312 2139 σκορπίσῃς
1373 2065 1484 2138 (94)
1539 2064 1636 2137 τὴν
1683 2067 1783 2137 σὴν

200 2159 373 2225 τάξιν.

272 2253 375 2307 λα’.
417 2254 484 2308 Ἦ
513 2255 570 2308 δὲ
601 2254 722 2309 καθ’
758 2254 957 2325 ἑαυτὴν
1000 2255 1094 2309 τοῦ
1125 2255 1402 2326 τάγματος
1436 2253 1548 2325 (95)
1573 2268 1784 2324 γυμνα-

204 2346 296 2400 σία
326 2347 436 2401 τῶν
467 2347 847 2419 καῦαλλαρίων
886 2349 1048 2420 αὕτη,
1095 2348 1234 2403 ὥστε
1263 2350 1438 2402 κινεῖν
1483 2363 1782 2417 συντεταγ-

207 2438 383 2510 μένως
428 2440 506 2502 ὡς
545 2441 603 2493 έν
658 2445 974 2513 παραταγῇ,
1015 2441 1047 2513 ἢ
1078 2441 1216 2510 μετὰ
1245 2440 1446 2513 δρόμου
1476 2439 1568 2494 ἐπί
1609 2459 1660 2494 τι
1689 2457 1784 2510 ση-

206 2531 379 2599 μεῖον,
423 2531 520 2584 καὶ
563 2530 734 2596 οὕτως
765 2531 1038 2588 ἵστασθαι.
1069 2533 1178 2584 Καὶ
1211 2531 1339 2585 ὅταν
1375 2531 1502 2603 θέλῃ
1537 2531 1781 2600 κινῆσαι,

205 2623 495 2694 σημαίνειν
553 2623 672 2678 δέον
723 2623 858 2698 μόνῃ
908 2627 974 2696 τῇ
1018 2627 1194 2695 φωνῇ,
1249 2623 1282 2696 ἢ
1332 2624 1409 2695 τῷ
1438 2625 1781 2696 βουκίνῳ,ῆ

204 2714 430 2785 νεύματι
459 2715 794 2788 φλαμούλου,
828 2717 924 2772 καὶ
953 2715 1124 2781 οὕτως
1151 2719 1342 2771 κινεῖν.
1364 2718 1535 2772 Ὅταν
1561 2717 1617 2771 δὲ
1650 2715 1780 2791 θέλῃ

206 2809 419 2879 στῆναι,
490 2810 774 2882 σημαίνειν
815 2813 882 2883 τῇ
932 2813 1103 2880 φωνῇ,
1141 2810 1173 2882 ἢ
1209 2807 1288 2880 τῷ
1330 2811 1450 2881 ἤχῳ
1481 2809 1578 2863 τοῦ
1623 2827 1786 2864 σκου-

201 2903 416 2974 ταρίου,
452 2903 486 2974 ἥ
523 2906 588 2977 τῇ
643 2904 829 2977 τούδα,
859 2905 926 2977 ἦν
959 2901 1054 2959 νῦν
1078 2903 1297 2972 λέγουσι
1330 2902 1597 2974 βούκινον,
1647 2903 1682 2974 ἢ
1717 2906 1782 2974 τῇ

201 2996 460 3068 ταυραίᾳο
502 2998 597 3050 καὶ
623 2995 762 3068 αὕτη
795 2996 889 3066 μία
925 2995 1156 3068 κίνησις.

272 3080 372 3154 λβ’.
420 3085 615 3157 Ἑτέρα
657 3085 732 3152 δὲ,
765 3084 908 3138 ὥστε
946 3087 1038 3140 ίσα
1074 3084 1402 3158 περιπατεῖν
1448 3085 1508 3138 έν
1537 3084 1787 3155 ἀραιοτέ-

1887 582 2115 635 seorsim
2138 580 2470 645 exercueris,
2512 596 2956 655 unamquamque
2985 583 3145 638 etiam
3180 584 3460 639 cohortem
3532 625 3535 628 ‹

1887 671 2003 728 sive
2026 670 2262 726 bandum
2286 672 2578 741 separatim
2603 674 2766 730 etiam
2790 675 2859 731 ad
2890 676 3033 731 hunc
3059 673 3284 732 modum
3307 690 3466 732 exer-

1890 762 2040 820 cebis
2072 782 2087 818 :

1957 857 2048 912 29.
2075 857 2315 914 Cohorte
2345 860 2592 932 equitum
2617 875 2680 915 ex
2705 859 2993 917 ordinibus
3022 861 3137 917 sive
3165 862 3462 917 contuber-

1887 948 1993 1006 niis
2021 951 2282 1020 disposite
2309 962 2363 1008 et
2391 953 2639 1009 ordinate
2672 953 2993 1017 constituta.
3025 954 3275 1011 narrabit
3307 970 3464 1011 man-

1887 1042 2044 1099 dator
2068 1043 2334 1115 imperata
2361 1045 2467 1102 illis
2498 1046 2565 1101 ad
2597 1046 2743 1103 hunc
2769 1046 2990 1103 modum
3028 1060 3046 1100 :

1952 1216 2043 1272 50.
2071 1214 2174 1273 Ubi
2207 1217 2540 1274 conﬂictatio
2581 1227 2699 1284 est,
2736 1217 2922 1274 nullus
2962 1219 3243 1290 anticipet,
3278 1221 3467 1279 nullus

1889 1308 2088 1374 tradat,
2110 1307 2282 1364 donec
2309 1309 2495 1366 hostes
2519 1319 2643 1365 tuos
2663 1310 3035 1381 persequaris.
3070 1310 3128 1366 Si
3150 1322 3303 1368 extra
3328 1329 3464 1370 con-

1888 1409 2130 1471 spectum
2165 1399 2358 1456 frontis
2397 1401 2670 1458 exercitus
2704 1402 2894 1468 iveris,
2925 1401 3135 1460 intuere
3174 1403 3230 1458 in
3266 1405 3468 1460 cohor-

1890 1500 2022 1559 tem,
2051 1507 2399 1563 persequere,
2435 1509 2544 1549 non
2573 1494 2731 1564 quasi
2761 1479 3013 1566 ignavus,
3051 1496 3144 1551 sed
3175 1498 3329 1566 quasi
3358 1497 3468 1553 for-

1889 1583 1960 1640 tis
1985 1584 2166 1648 miles,
2192 1599 2369 1655 neque
2399 1585 2561 1639 ullius
2591 1585 2988 1641 exhortationis
3011 1587 3206 1657 gratia,
3237 1597 3332 1642 aut
3359 1589 3467 1643 ulla

1890 1677 1996 1733 alia
2016 1678 2083 1732 de
2104 1692 2270 1732 causa
2293 1692 2494 1734 cesses.
2519 1677 2766 1742 Custodi,
2794 1678 2970 1744 miles,
2986 1679 3274 1734 stationem
3292 1689 3467 1734 tuam.

1889 1768 2127 1825 Observa
2156 1779 2236 1836 tu,
2271 1767 2516 1838 signifer,
2553 1770 2645 1825 ubi
2688 1769 2904 1826 hostem
2945 1771 3372 1840 expugnaveris,
3411 1780 3469 1826 ut

1888 1878 2012 1917 eum
2041 1861 2408 1933 persequaris.
2437 1862 2493 1916 Si
2527 1869 2682 1917 extra
2714 1869 3067 1932 conspectum
3094 1861 3233 1916 aciei
3263 1862 3468 1918 disces-

1890 1955 2048 2022 seris,
2077 1968 2145 2010 ne
2168 1955 2518 2011 vehementer
2543 1954 2599 2011 in
2625 1969 2821 2026 campo
2850 1966 3064 2020 curras,
3098 1961 3158 2009 ut
3190 1966 3261 2010 ne
3288 1941 3473 2010 aciem-

1889 2062 2040 2108 tuam
2076 2049 2334 2121 dissipes.

1957 2248 2046 2305 51.
2082 2247 2338 2305 Cohortis
2363 2247 2608 2317 equitum
2641 2243 2963 2302 exercitatio
2989 2258 3088 2314 per
3118 2259 3175 2299 se
3205 2245 3328 2300 talis
3362 2254 3469 2312 est,

1889 2351 1950 2398 ut
1976 2340 2226 2398 ordinate
2264 2355 2324 2397 se
2353 2340 2510 2410 quasi
2550 2339 2605 2394 in
2638 2339 2755 2394 acie
2795 2347 3046 2407 moveat,
3089 2339 3175 2395 vel
3207 2355 3369 2395 cursu
3400 2340 3467 2393 ad

1891 2430 2108 2502 aliquod
2159 2432 2373 2502 signum
2426 2431 2748 2498 contendat,
2804 2440 2858 2486 et
2915 2434 2988 2487 ibi
3047 2433 3360 2489 consistat:
3415 2440 3470 2486 et

1891 2524 2109 2595 quando
2138 2524 2283 2579 ciere
2314 2524 2593 2580 cohortem
2635 2525 2737 2591 vis,
2773 2539 2929 2592 voce,
2964 2526 3050 2580 vel
3095 2525 3343 2587 buccina,
3384 2524 3467 2578 vel

1891 2626 2026 2673 nutu
2055 2616 2259 2672 ﬂamuli
2284 2617 2596 2688 signiﬁcare
2615 2626 2847 2688 oportet,
2873 2627 2927 2674 et
2948 2619 3028 2674 sic
3050 2619 3208 2674 cicto.
3238 2617 3472 2684 Quando

1891 2721 2073 2765 autem
2101 2724 2196 2765 eos
2232 2710 2535 2766 consistere
2571 2710 2685 2776 vis,
2715 2711 2799 2765 vel
2834 2726 2969 2765 voce
2999 2711 3108 2767 illis
3136 2711 3470 2782 significato,

1893 2803 1987 2858 Sta
2021 2821 2034 2857 :
2071 2803 2154 2858 vel
2191 2803 2331 2858 scuti
2366 2802 2624 2872 stridore,
2661 2803 2744 2858 vel
2786 2811 3009 2859 taurea.
3058 2803 3122 2858 Et
3149 2804 3256 2859 hoc
3298 2816 3469 2858 unum

1892 2895 2144 2952 movendi
2175 2910 2348 2967 genus
2379 2903 2487 2951 est.

1963 3077 2053 3133 52.
2086 3075 2245 3132 Aliud
2277 3076 2529 3133 movendi
2557 3093 2729 3148 genus
2760 3086 2862 3142 est,
2891 3087 2950 3133 ut
2981 3077 3319 3148 arquabiliter
3343 3092 3468 3148 pro-

206 3191 322 3244 ροις
349 3177 567 3248 πρῶτον
595 3176 944 3250 διαστήμασι,
979 3178 1073 3232 καὶ
1118 3176 1509 3249 παραγγέλλει·
1555 3177 1646 3243 Ἐξ
1671 3178 1786 3232 ἴσου

1893 3171 2118 3238 cedant,
2162 3171 2286 3226 laxo
2329 3170 2569 3242 quodam
2610 3170 2869 3241 disjuncti
2914 3170 3233 3237 intervallo,
3263 3181 3318 3227 et
3357 3180 3470 3226 tum

206 3274 584 3340 περιπατεῖτε.

275 3362 376 3432 λγ’.
431 3365 624 3438 Ἑτέρα
673 3365 752 3433 δὲ,
805 3367 944 3422 ὥστε
996 3369 1486 3440 σφίγγεσθαικατὰ
1521 3366 1789 3439 πλευράν,

209 3453 445 3522 μάλιστα
489 3457 832 3529 πρεπόντως.
906 3459 1140 3530 Ὀμοίως
1190 3461 1247 3516 δὲ
1298 3459 1623 3530 σφίγγεσθαι
1671 3455 1793 3513 κατ’

207 3545 392 3617 οὐράν.
433 3549 508 3602 Τδ
559 3549 616 3603 δὲ
657 3550 980 3619 σφίγγεσθαί
1029 3553 1177 3606 ἐστιν
1215 3551 1274 3605 τὸ
1306 3551 1664 3617 πυκνοῦσθαι,
1697 3551 1784 3606 ἵνα

208 3640 300 3692 καὶ
324 3642 465 3695 κατὰ
497 3641 738 3714 πλευράς
770 3644 867 3697 καὶ
891 3644 1032 3698 κατὰ
1054 3638 1206 3715 ὦμον
1233 3644 1481 3715 ἀλλήλοις
1510 3645 1790 3713 ὲγγίζωσι.

208 3731 588 3805 Παραγγέλλει
632 3735 688 3790 δὲ
718 3777 734 3802 ,
782 3736 941 3792 Κατὰ
989 3737 1227 3810 πλευράν
1288 3738 1505 3809 σφίγγε,
1549 3736 1795 3792 τουτέστι

208 3829 468 3902 δεκάρχαι
514 3831 652 3903 πρὸς
703 3831 996 3903 δεκάρχας,
1056 3831 1357 3903 πεντάρχαι
1400 3832 1535 3904 πρὸς
1565 3830 1796 3902 πεντάρ-

212 3939 333 3992 χας,
389 3927 685 3998 τετράρχαι
731 3926 867 3995 πρὸς
909 3927 1242 3999 τετράρχας.
1302 3925 1414 3980 Καὶ
1455 3925 1794 3996 σφίγγωνται

212 4013 432 4080 πάντες,
463 4018 542 4082 ὡς
568 4020 802 4090 ετρηται,
829 4018 1036 4091 πλευρὰ
1083 4018 1218 4091 πρὸς
1259 4018 1499 4088 πλευρὰν
1552 4017 1796 4088 ἐγγίζον-

211 4119 322 4169 τες.
379 4109 496 4163 Οὐκ
553 4109 800 4172 ἑπιθενὸς
871 4109 929 4164 δὲ
997 4109 1197 4182 μέρους
1252 4110 1609 4180 σφίγγονται,
1681 4107 1796 4162 ἀλλ’

215 4194 308 4250 ἐπὶ
358 4199 448 4256 τὸν
512 4200 674 4273 μέσον
720 4203 905 4268 τόπον,
981 4202 1227 4257 τουτέστι
1302 4204 1391 4256 τὸν
1449 4203 1794 4274 βανδοφόρον,

212 4288 352 4344 ὥστε
401 4292 554 4348 ἔνθεν
615 4294 868 4350 κάκεῖθεν
940 4294 1104 4350 αὐτοῦ
1187 4294 1452 4365 γίνεσθαι.
1508 4295 1797 4366 Συντόμως

215 4383 321 4454 γὰρ
383 4388 477 4441 καί⁵
535 4388 808 4452 εὐτάκτως
871 4390 906 4460 ἠ
968 4388 1193 4460 τοιαύτη
1276 4389 1486 4459 γίνεται
1558 4387 1793 4457 σφίγξις.

217 4470 424 4544 Ὥσπερ
472 4476 531 4530 δὲ
578 4477 628 4529 οἱ
669 4477 934 4551 δεκάρχαι
992 4479 1266 4533 οίσοῦνται
1313 4478 1424 4549 (96)
1466 4481 1524 4532 ὲν
1548 4479 1799 4550 ἀλλήλοις

219 4568 358 4623 κατά
392 4574 662 4643 μέτωπον,
697 4575 872 4638 οὕτως
926 4576 1123 4646 πρέπει
1174 4575 1268 4631 καὶ
1312 4577 1437 4640 τοὺς
1470 4575 1806 4656 τετράρχας,

218 4658 382 4729 ἤγουν
437 4669 563 4732 τοὺς
623 4667 910 4738 οὐραγοὺς,
945 4667 1188 4721 ’.σοῦσθαι
1212 4684 1269 4720 τε
1316 4665 1484 4741 [τοὺς]
1511 4667 1685 4721 ὀπίσω
1713 4667 1808 4719 τοῦ

218 4751 449 4822 ὀρδίνου.
502 4761 692 4814 Αὐτῶν
726 4762 835 4834 γάρ
882 4760 1262 4832 σφιγγομένων
1306 4761 1449 4814 κατὰ
1475 4762 1656 4830 λόγον,
1699 4761 1806 4814 κᾶν

220 4840 689 4923 λιποτακτήσωσιν
758 4855 817 4907 ὲν
885 4856 1004 4917 ταῖς
1071 4854 1368 4925 συμϐολαῖς
1457 4855 1507 4907 οἱ
1585 4851 1798 4924 ἔμπρο-

227 4935 370 5006 σθεν,
417 4945 712 5000 κωλύονται
760 4945 852 4999 ὐπ’
898 4945 1080 5000 αὐτῶν
1130 4948 1209 5009 είς
1270 4945 1339 4998 τά
1391 4945 1567 4997 ὀπίσω
1610 4944 1809 5016 τρέπε-

227 5028 366 5091 σθαι.

293 5126 385 5183 λδ¹.
435 5131 624 5206 Ἑτέρα
656 5133 730 5200 δὲ,
767 5133 893 5187 ὅταν
949 5132 1284 5204 σφίγγωνται
1325 5132 1420 5185 καὶ
1449 5128 1569 5183 κατ’
1608 5129 1794 5200 οὐράν.

229 5219 298 5273 Οὐ
324 5223 622 5300 γὰριμόνον
669 5228 728 5282 τὸ
768 5228 966 5292 πλάτος
994 5229 1092 5298 τῆς
1121 5226 1446 5298 παραταγῆς
1478 5225 1595 5278 δέον
1635 5229 1796 5293 σφίγ⁶

233 5313 435 5385 Υεσθαι,
491 5321 627 5376 ἀλλὰ
667 5321 757 5376 καὶ
799 5321 860 5374 τὸ
905 5322 1077 5392 πάχος
1111 5321 1302 5390 αὐτῆς,
1347 5317 1607 5382 πολλάκις
1631 5318 1793 5389 ἀλλή-

235 5408 337 5467 λοις
374 5410 511 5464 κατὰ
548 5413 671 5476 τοὺς
699 5409 880 5484 ὤμους
919 5409 1248 5480 ἐγγίζοντεςο

1893 3263 2128 3336 ρταιοίρε
2160 3262 2245 3318 his
2277 3262 2459 3317 verbis
2485 3277 2500 3317 :
2534 3260 2899 3333 Equabiliter
2927 3263 3220 3333 procedite.

1965 3357 2053 3412 5'5.
2096 3355 2254 3410 Aliud
2284 3370 2453 3426 genus
2488 3362 2608 3420 est,
2652 3363 2712 3408 ut
2740 3354 2806 3410 ad
2847 3356 2988 3409 latus
3018 3354 3212 3409 idonee
3237 3353 3471 3409 densen-

1896 3457 2005 3513 tur,
2030 3458 2085 3502 et
2112 3445 2180 3502 ad
2205 3447 2435 3503 caudam
2463 3445 2714 3502 similiter
2757 3445 3074 3502 densentur.
3104 3444 3217 3502 Hoc
3246 3445 3471 3500 verbum

1897 3540 2245 3611 σφίγγεσθαι,
2275 3539 2330 3595 id
2349 3548 2457 3603 est,
2481 3537 2724 3603 densari,
2753 3538 3022 3609 significat
3049 3537 3168 3610 cogi
3201 3538 3255 3593 in
3279 3553 3471 3603 unum,

1894 3635 1978 3689 vel
2027 3633 2287 3689 lateribus
2357 3640 2518 3702 atque
2573 3630 2819 3686 humeris
2858 3645 3027 3701 prope
3066 3631 3133 3685 ad
3184 3646 3242 3686 se
3285 3637 3472 3685 mutuo

1897 3728 2180 3783 accedant.
2216 3724 2456 3794 Przecipe
2483 3734 2543 3779 ut
2576 3723 2643 3777 ad
2671 3723 2818 3777 latus
2845 3737 2903 3777 se
2936 3722 3374 3778 densentdecani
3406 3722 3471 3777 ad

1897 3819 2156 3883 decanos,
2181 3816 2431 3888 quintani
2461 3813 2528 3870 ad
2560 3814 2876 3885 quintanos,
2915 3814 3168 3885 quartani
3200 3815 3268 3869 ad
3303 3830 3476 3885 quar-

1897 3925 2088 3977 tanos,
2131 3921 2188 3968 et
2226 3911 2526 3967 densentur
2567 3923 2788 3973 omnes,
2825 3916 2885 3962 ut
2912 3907 3114 3962 dictum
3144 3915 3259 3973 est,
3303 3907 3474 3962 latera

1897 4005 2161 4062 lateribus
2217 4002 2622 4072 adiungentes:
2662 4015 2843 4070 neque
2893 4002 2948 4054 in
2994 3999 3220 4053 alteram
3270 4008 3472 4068 partem

1898 4101 2128 4156 densent
2152 4111 2208 4152 se
2230 4095 2297 4150 ad
2319 4092 2559 4149 medium
2592 4100 2875 4157 Statorem,
2923 4089 2975 4145 id
3003 4099 3106 4156 est,
3135 4089 3472 4160 signiferum.

1899 4201 1961 4248 ut
1996 4191 2122 4248 hinc
2151 4198 2317 4261 atque
2352 4186 2500 4242 illinc
2532 4187 2581 4241 ei
2615 4186 2982 4256 adjungantur
3015 4201 3030 4237 :
3065 4185 3302 4239 breviter
3330 4185 3472 4238 enim

1898 4295 1954 4341 et
1978 4283 2226 4342 ordinate
2260 4279 2384 4336 talis
2411 4278 2662 4333 densatio
2685 4276 2765 4330 tlt.
2792 4275 3264 4343 Quemadmodum
3293 4284 3471 4329 autem

1901 4375 2090 4433 decani
2126 4371 2490 4444 a'qnaliterse
2521 4369 2573 4422 in
2603 4367 2783 4423 fronte
2807 4366 3151 4423 contubernii
3183 4366 3469 4436 collocant,

1903 4469 1981 4526 sic
2000 4477 2054 4524 et
2077 4475 2375 4537 quartanas
2399 4462 2513 4519 sive
2546 4461 2824 4517 caudanos
2855 4458 3137 4529 aequaliter
3162 4474 3221 4515 se
3251 4474 3280 4513 a
3304 4457 3472 4513 cauda
3522 4480 3525 4482 ·
3562 4511 3570 4517 _
3680 4488 3682 4491 -

1833 4552 1884 4612 Β
1907 4558 2247 4617 contubernii
2287 4555 2621 4611 constituere
2653 4560 2905 4622 oportet:
2941 4551 3047 4607 illis
3081 4550 3227 4606 enim
3286 4549 3476 4605 ordine

1905 4662 1956 4709 et
1979 4651 2247 4721 disposite
2274 4646 2576 4711 collocatis,
2607 4645 2651 4700 si
2684 4645 2822 4700 inter
2852 4642 3248 4715 conﬂigendum
3270 4642 3470 4714 priores

1904 4746 2190 4803 stationem
2229 4757 2385 4797 suam
2421 4737 2784 4800 deseruerint,
2818 4738 3176 4807 prohibentur
3204 4745 3384 4792 tamen
3408 4733 3476 4790 ab

1904 4839 2008 4895 illis
2035 4832 2380 4907 tergiversari
2406 4841 2497 4887 aut
2523 4828 2818 4886 retrofcrri.
3396 4853 3402 4858 -
3437 4849 3439 4851 -

1974 5113 2063 5166 3i.
2101 5110 2257 5166 Aliud
2288 5123 2457 5182 genus
2492 5115 2598 5171 est,
2630 5105 2846 5176 quando
2888 5104 2942 5159 in
2979 5105 3232 5172 caudam,
3276 5103 3328 5159 id
3367 5114 3469 5170 cst,

1904 5213 2204 5259 extremam
2237 5210 2445 5272 partem
2466 5200 2803 5254 densantnr:
2834 5213 2940 5252 non
2964 5199 3126 5254 modo
3151 5201 3292 5254 enim
3325 5200 3468 5270 quod

1901 5297 1966 5353 ad
1991 5297 2332 5352 latitudinem
2375 5293 2606 5363 pertinet
2645 5291 2864 5346 densari
2893 5291 3034 5346 acies
3073 5292 3250 5360 debet,
3285 5308 3468 5347 verum

1898 5391 2060 5450 etiam
2113 5389 2253 5461 quod
2291 5389 2358 5442 ad
2386 5386 2728 5441 altitudinem
2764 5392 3002 5455 spectat,
3046 5400 3189 5456 saepe
3227 5383 3468 5442 humeris

1900 5485 2032 5556 ipsis
2064 5483 2208 5539 inter
2229 5496 2288 5537 se
2319 5477 2606 5550 adjunctis.

1726 5603 1959 5663 ΝΟΤᾸΕ.

303 5698 413 5776 (ἓξ)
457 5701 1192 5776 Γυιινάζειν.8οεὶι)εξ)ιιιιιι·,
1222 5701 1517 5776 γύμναζον.

240 5771 557 5908 μίτὲἒὸζῗιίαῐ
569 5775 656 5851 μὴ
692 5776 844 5834 κατὰ
877 5771 1278 5846 παράκλησιν.
1301 5771 1678 5842 Scribebatur,
1703 5771 1797 5827 καὶ

2000 5694 2088 5764 94)
2106 5692 2469 5764 Σκορπ-Ισῃς.
2510 5685 2885 5764 Scribebatur,
2921 5688 3224 5764 σκοπήσῃς.

1995 5757 2085 5840 95)
2111 5757 2554 5840 Τοῡτργματος.
2580 5757 2952 5840 ξεῐὶιξοὺξιιυιυ
2984 5757 3094 5814 τοῦ
3117 5757 3462 5834 πράγματος,

1967 5829 2080 5898 (965
2112 5829 2448 5892 Οίσοῦνλται.
2485 5831 2698 5894 Scribe,
2722 5829 2977 5885 εσοῦνται.
