4078 6306
569 357 688 428 ’143

1839 357 2113 420 LEONIS
2151 354 2614 419 PHILOSOPHI

3726 344 3838 408 744

649 469 739 525 55.
775 464 934 521 Aliud
972 478 1144 535 genus
1185 474 1301 533 est,
1333 475 1393 521 ut
1419 474 1539 537 post
1582 465 1878 537 perlectam
1904 468 1970 524 ad
2005 467 2145 521 latus

2324 463 2418 521 λε’.
2467 464 2661 534 Ἑτέρα
2709 458 2764 516 δὲ
2813 460 3044 532 κίνησις,
3100 459 3242 514 ὥστε
3300 458 3439 532 μετὰ
3497 457 3596 531 τὴν
3630 456 3842 530 ἃκριδῆ

579 558 974 621 deusationem,
1003 557 1083 613 sic
1113 557 1327 612 densati
1362 557 1639 613 ambulent
1670 578 1683 614 :
1720 569 1773 614 et
1804 560 2023 629 quando
2056 574 2145 614 sa-

576 649 723 721 gitta:
752 646 947 717 conjici
974 645 1258 718 incipiunt,
1284 655 1395 699 tum
1422 648 1651 718 praecipe
1678 647 1940 713 Πάταξον,
1964 646 2014 701 id
2040 652 2143 707 est,

579 740 701 795 Feri
732 757 746 794 :
777 738 999 794 decanis
1060 747 1111 793 et
1144 738 1422 808 quintanis
1459 740 1510 792 in
1542 740 1842 793 anteriores
1864 749 2044 809 partes
2065 736 2149 791 in-

577 828 931 895 clinantibus,
955 836 1010 883 et
1040 842 1136 883 sua
1171 830 1411 898 ipsorum
1447 829 1623 898 capita
1658 843 1781 884 cum
1806 827 1971 885 scutis
2008 827 2147 894 suis,

577 931 738 991 atque
765 935 1028 991 equorum
1064 920 1201 975 colla
1236 921 1417 990 aliqua
1446 936 1511 975 ex
1546 931 1695 990 parte
1736 920 2059 991 tegentibus,
2097 930 2150 975 ct

579 1015 767 1071 hastas
791 1013 1035 1068 humeris
1063 1012 1423 1084 gestantibus,
1454 1013 1627 1069 scutis
1648 1014 1809 1069 etiam
1836 1020 2003 1069 tectas
2035 1013 2150 1069 suis

580 1105 881 1177 procedant
909 1103 1182 1169 ordinate,
1215 1120 1339 1159 cum
1375 1106 1631 1176 tripudio,
1657 1106 1709 1161 id
1747 1116 1851 1173 est,
1892 1104 2151 1161 mediocri

579 1188 814 1267 quodam
834 1204 1004 1261 motu,
1026 1194 1119 1265 qui
1141 1196 1296 1266 calpa
1322 1194 1522 1252 dicitur
1541 1216 1556 1253 :
1581 1211 1678 1252 nec
1706 1195 2009 1268 impetuose
2028 1211 2153 1252 cur-

580 1296 722 1353 rant,
754 1303 821 1343 ne
850 1287 1218 1344 contentionis
1243 1288 1517 1344 celeritate
1542 1299 1669 1345 ante
1700 1304 1897 1345 manus
1925 1304 2153 1345 conser-

582 1392 686 1445 tas,
722 1379 867 1449 quod
894 1380 1050 1436 valde
1082 1381 1450 1451 periculosum
1478 1390 1579 1447 est,
1612 1382 1957 1451 perturbetur
1985 1381 2152 1449 acies,

583 1472 880 1542 sagittariis
903 1472 1146 1541 interim,
1173 1474 1268 1546 qui
1299 1488 1329 1529 a
1355 1480 1510 1547 tergo
1549 1474 1766 1530 illorum
1798 1483 1947 1541 sunt,
1983 1473 2154 1545 sagit-

587 1575 672 1621 tas
697 1565 1049 1637 jacieutibus.

656 1748 747 1807 '56.
780 1748 939 1806 Aliud
977 1766 1147 1822 genus
1170 1760 1275 1816 est,
1307 1760 1367 1807 ut
1405 1750 1719 1807 incursione
1739 1748 2010 1803 interdum
2037 1763 2159 1818 per-

2252 557 2531 613 πύκνωσιν
2590 555 2690 625 τῆς
2766 552 2908 609 κατὰ
2965 553 3206 625 πλευρὰν
3269 552 3508 623 μάλιστα
3561 549 3842 620 σφίγξεως

2254 647 2715 720 πεπυκνωμένους
2778 646 3123 717 περιπατεῖν,
3160 646 3289 699 ὅταν
3330 646 3363 715 ἡ
3397 642 3579 710 τοξεία
3612 643 3842 715 ἄρχεται

2253 742 2517 811 γίνεσθαι,
2576 740 2671 794 καὶ
2732 737 3121 811 παραγγέλλει,
3175 737 3446 803 Πάταξον,
3503 737 3596 791 καὶ
3628 736 3845 790 ἐπικλι-

2258 832 2432 902 μένων
2484 831 2592 885 τῶν
2643 828 2923 899 δεκαρχῶν
2975 828 3067 881 καὶ⁵
3133 825 3453 900 πενταρχῶν
3501 825 3595 880 ἐπὶ
3645 826 3713 880 τά
3742 825 3847 897 ἐμ-

2256 924 2512 998 προσθεν,
2561 922 2657 978 καὶ
2717 922 3028 976 σκεπόντων
3082 924 3181 985 τὰς
3232 920 3444 976 ἑαυτῶν
3474 918 3717 991 κεφαλὰς
3742 917 3845 973 καὶ

2260 1019 2424 1091 μέρος
2452 1017 2561 1071 τῶν
2602 1016 2891 1088 τραχήλων
2919 1015 3027 1070 τῶν
3059 1014 3240 1069 ἵππων
3288 1014 3430 1086 μετὰ
3470 1014 3582 1068 τῶν
3612 1027 3845 1067 σκουτα-

2262 1111 2391 1181 ρίων
2470 1107 2669 1175 αὐτῶν,
2735 1108 2827 1161 καὶ
2903 1105 2972 1162 τὰ
3028 1107 3288 1177 κοντάρια
3350 1102 3844 1169 ἀναϐασταζόντων

2258 1200 2353 1255 ἐπὶ
2416 1198 2541 1261 τοὺς
2599 1195 2781 1267 ὤμους
2834 1195 2931 1249 καὶ
2989 1192 3494 1264 ὑποκρυπτομένων
3549 1191 3686 1263 μετὰ
3731 1190 3845 1263 τῶν

2262 1288 2601 1361 σκουταρίων
2661 1285 2978 1341 ἐπελαύνειν
3051 1284 3328 1347 εὐτάκτως
3398 1283 3641 1355 τριπόδῳ
3696 1282 3845 1353 μόνῳ

2261 1386 2427 1457 ἡγουν
2460 1384 2719 1453 κινήματι
2764 1379 3064 1452 συμμέτρῳ
3085 1378 3163 1448 τῷ
3190 1378 3472 1449 λεγομένῳ
3502 1376 3709 1444 κάλπα,
3745 1377 3845 1431 καὶ

2266 1479 2341 1547 μὴ
2375 1476 2564 1547 βιαίως
2608 1474 2847 1545 τρέχειν,
2884 1474 2972 1527 ἵνα
3025 1474 3102 1544 μὴ
3143 1474 3209 1543 τῇ
3240 1470 3462 1541 ὀξύτητι
3496 1471 3598 1541 τῆς
3622 1468 3845 1534 ἐλασίας

2261 1570 2484 1641 διαλυθῇ
2515 1570 2547 1641 ἡ
2577 1567 2727 1633 τάξις
2756 1566 2859 1639 πρὸ
2885 1567 3083 1637 μίξεως
3115 1565 3335 1637 χειρῶν,
3365 1565 3503 1636 ὅπερ
3534 1564 3681 1616 ἐστὶν
3726 1562 3846 1615 ἐπι-

2265 1663 2526 1727 κίνδυνον,
2555 1663 2680 1724 τοὺς
2709 1661 2765 1714 δὲ
2794 1658 3016 1714 ὄπισθεν
3045 1660 3161 1714 ὅσοι
3189 1657 3400 1722 τοξόται
3425 1656 3533 1710 εἰσὶ
3585 1651 3844 1719 τοξεύειν.

2335 1753 2444 1820 λς’.
2491 1752 2773 1823 Ἑτέριῃδὲ
2820 1750 3054 1821 κίνησις,
3097 1750 3237 1803 ὥστε
3274 1746 3585 1803 ἐπιδιώκειν
3613 1745 3701 1800 ὁτὲ
3748 1744 3847 1816 μὲν

585 1850 886 1912 sequantur
906 1842 1064 1913 quasi
1096 1858 1371 1911 cursores,
1402 1839 1544 1913 quos
1567 1856 1711 1895 nunc
1730 1839 2029 1909 proclastas
2058 1852 2159 1893 no-

2270 1850 2358 1903 σὺν
2384 1848 2596 1919 ὲλασίᾳζ
2651 1847 2727 1911 ὡς
2770 1844 3110 1919 κούρσωρας,
3139 1842 3232 1907 οὓς
3272 1844 3322 1897 οἱ
3368 1840 3464 1895 νῦν
3495 1839 3844 1912 προκλάστας

586 1934 841 1990 minant:
880 1935 1150 1991 interdum
1202 1937 1453 1992 ordinate
1504 1942 1563 1990 ut
1613 1933 1961 1999 defensores,
2020 1946 2160 2003 quos

589 2038 735 2079 nunc
771 2026 1009 2082 vindices
1049 2026 1427 2098 appellamus:
1466 2037 1519 2083 et
1564 2027 1607 2081 si
1648 2028 1803 2096 quasi
1845 2030 2162 2086 cursoribus

590 2117 880 2188 praecipere
903 2129 1135 2188 oportet,
1171 2120 1459 2176 dicendum
1487 2128 1592 2185 est,
1620 2121 1814 2191 Δρόμῳ
1838 2120 1950 2187 ἔλα,
1982 2122 2032 2175 id
2056 2131 2168 2187 est,

588 2208 767 2265 Cursu
793 2212 1079 2278 contende,
1103 2221 1155 2266 et
1179 2211 1339 2268 unius
1360 2212 1604 2267 milliaris
1633 2213 1867 2282 spatium
1894 2214 2163 2270 incursio-

591 2317 714 2356 nem
746 2302 883 2357 hanc
915 2301 1137 2359 faciant.
1170 2302 1266 2359 Sin
1298 2303 1454 2375 quasi
1479 2304 1818 2366 defensores,
1843 2304 2166 2375 praecipien-

590 2396 720 2451 dum
755 2406 839 2452 est
877 2396 979 2452 hoc
1014 2395 1194 2461 modo,
1222 2397 1376 2451 Μετὰ
1404 2397 1504 2467 τῆς
1532 2396 1737 2461 τάξεως
1766 2397 2071 2461 ἀκολούθει,
2111 2397 2166 2453 id

590 2492 696 2551 est,
725 2480 860 2540 Cum
898 2484 1015 2541 acie
1056 2486 1355 2558 procedito,
1398 2497 1451 2543 et
1480 2486 1727 2542 ordinate
1779 2487 2169 2555 acﬁistribute

592 2576 913 2651 procedant.

660 2668 754 2724 37.
780 2667 940 2722 Aliud
975 2682 1145 2739 genus
1171 2677 1276 2735 est,
1311 2675 1369 2724 ut
1406 2669 1747 2726 retrocedaut
1780 2669 2088 2741 paululum,
2116 2679 2171 2728 et

595 2774 790 2815 rursus
832 2767 1256 2815 convertantur:
1287 2768 1341 2815 et
1388 2761 1610 2832 quando
1649 2761 1773 2819 illos
1823 2762 2172 2819 retrocedere

592 2849 745 2917 vult,
784 2865 978 2905 cursor
1011 2850 1229 2917 clamet,
1258 2852 1441 2907 Τύπτε
1489 2854 1581 2908 καὶ
1631 2855 1923 2928 ὑποχώρει,
1961 2855 2084 2914 Feri
2117 2868 2174 2914 et

595 2945 898 3001 retrocede.
944 2944 1048 3001 Ubi
1089 2954 1270 3003 autem
1311 2947 1726 3006 retrocesseriut
1755 2950 1821 3006 ad
1854 2966 2047 3019 unum,
2078 2962 2174 3009 aut

597 3038 831 3094 alterum
872 3037 1084 3110 sagitta:
1114 3037 1343 3108 iactum,
1377 3038 1694 3097 defensores
1720 3058 1913 3099 rursus
1942 3045 2174 3115 appellet

2262 1942 2509 2011 λέγουσιν
2538 1980 2553 2005 ,
2600 1939 2689 1994 ὁτὲ
2739 1939 2797 1993 δὲ
2858 1936 3306 2007 συντεταγμένως
3383 1934 3460 1999 ὡς
3551 1931 3849 2001 διαφένσω-

2268 2050 2365 2104 ρας
2417 2031 2550 2104 (97),
2598 2029 2693 2095 οὒς
2729 2031 2892 2101 ἡμεῖς
2921 2027 3199 2098 καλοῦμεν
3228 2024 3496 2089 ἐκδίκους.
3524 2024 3639 2078 Καὶ
3674 2024 3723 2075 εἰ
3754 2022 3851 2093 μὲν

2262 2127 2340 2190 ὡς
2396 2124 2715 2195 κούρσωρας
2774 2121 2882 2194 χρὴ
2943 2122 3133 2185 κινεῖν,
3184 2117 3601 2191 παραγγέλλει·
3656 2115 3853 2185 Δρόμῳ

2266 2219 2383 2274 ἔλα.
2447 2219 2556 2273 Καὶ
2607 2218 2712 2282 ἕως
2759 2216 2878 2280 ἑνὸς
2932 2212 3108 2286 μιλίου
3142 2210 3464 2267 ammon
3495 2210 3594 2264 σὺν
3637 2208 3847 2278 ἑλασὶᾳ.

2279 2312 2404 2366 Ἐὰν
2454 2310 2511 2365 δὲ
2564 2311 2641 2375 ὡς
2720 2307 3097 2380 διαφένσωρας
3127 2346 3142 2373 ,
3218 2302 3590 2376 παραγγέλλει
3625 2315 3643 2332 ⁸
3700 2299 3854 2355 Μετὰ

2267 2404 2367 2475 τῆς
2393 2404 2598 2468 τάξεως
2652 2400 2936 2457 ἀκολούθει
2961 2416 2977 2433 ο
3023 2398 3118 2454 καὶ
3176 2394 3532 2464 ἀκολουθοῦσι
3562 2406 3832 2461 συντεταγ

2272 2497 2470 2569 μένως.

2339 2669 2437 2738 λζ’.
2494 2668 2689 2741 Ἑτέρα
2747 2668 2807 2722 δὲ
2850 2667 3085 2738 κίνησις,
3134 2665 3276 2720 ὥστε
3303 2664 3615 2737 ὑποχωρεῖν
3651 2661 3853 2731 ὀλίγον,

2270 2768 2365 2823 καὶ
2388 2765 2553 2821 πάλιν
2606 2761 3077 2834 ἀντιστρέφεσθαι.
3130 2760 3239 2815 Καὶ
3287 2761 3375 2814 ὅτε
3432 2759 3532 2830 μὲν
3579 2757 3714 2831 θέλῃ
3746 2755 3859 2827 (98)

2272 2860 2645 2931 ὑποχωρῆσαι,
2677 2857 2706 2911 ὁ
2737 2856 2989 2928 κούρσωρ
3048 2854 3265 2926 κράζει,
3314 2851 3496 2905 Τύπτε
3526 2851 3621 2904 καὶ
3650 2848 3860 2921 ὑποχώ-

2274 2971 2358 3025 ρει
2391 2952 2489 3007 σὺν
2546 2949 2757 3021 ἐλασίᾳ,
2797 2948 2904 3011 ἕως
2958 2947 3015 3002 ἓν
3067 2947 3101 3018 ἤ
3146 2944 3399 3017 δεύτερον
3444 2940 3859 3013 σαγιττοεόλου·

2275 3046 2368 3101 ὲπὶ
2396 3044 2522 3109 τοὺς
2579 3041 2915 3112 διφένσωρας
2960 3039 3123 3094 πάλιν
3165 3038 3336 3108 κράζε
3384 3036 3539 3110 (99)·
3572 3036 3860 3107 Στράφου,

600 3126 685 3181 his
721 3125 900 3182 verbis
925 3147 937 3182 :
963 3127 1230 3198 Στράφου,
1248 3126 1364 3193 ἔλα,
1392 3128 1445 3183 id
1470 3138 1573 3195 est,
1592 3127 1774 3196 Verte,
1797 3134 2099 3189 contende:
2123 3140 2166 3189 el

2276 3138 2371 3195 ἔλα
2392 3139 2492 3211 (1)·
2521 3138 2615 3193 καὶ
2632 3136 3164 3207 άνθυποστρέφουσιν
3184 3136 3385 3189 ὡσανεὶ
3408 3132 3550 3189 κατὰ
3570 3133 3679 3186 τῶν
3706 3131 3864 3186 ἔναν-

600 3218 887 3288 coniectim
926 3235 1119 3275 rursus
1151 3228 1365 3276 vertent
1398 3235 1457 3276 se
1478 3229 1675 3278 contra
1714 3223 1923 3282 hostes.
1950 3225 2067 3281 Hoc
2090 3224 2174 3281 l‘a-

601 3315 751 3370 ciant
791 3326 900 3367 non
932 3312 1091 3367 modo
1117 3324 1453 3378 antrorsum,
1480 3313 1574 3369 sed
1607 3315 1770 3371 etiam
1803 3318 2172 3384 dextrorsum,

603 3406 914 3471 laevorsum,
952 3419 1286 3473 rursumque
1320 3403 1388 3459 ad
1424 3406 1722 3462 secundam
1753 3410 1925 3465 aciem
1959 3429 1973 3466 :
2005 3427 2180 3482 neque

604 3501 662 3557 in
690 3499 806 3570 ipsa
829 3497 1100 3560 versione.
1128 3499 1225 3554 sed
1253 3498 1419 3554 etiam
1450 3500 1733 3557 intervallo
1756 3503 2039 3574 interiecto
2060 3520 2180 3559 rer-

605 3598 724 3647 tant
748 3603 808 3646 se
843 3605 1004 3661 saepe,
1019 3598 1076 3646 et
1105 3590 1438 3659 δρουγγιστι,
1456 3592 1510 3649 id
1538 3599 1640 3657 est,
1670 3594 1929 3650 universo
1966 3596 2183 3666 agmine

606 3682 753 3740 facto
780 3684 1118 3740 contendant
1141 3694 1331 3741 contra
1363 3684 1569 3742 hostes.
1603 3684 1746 3742 [uter
1774 3688 2180 3744 exercitandum

609 3777 798 3836 hastas
820 3778 969 3850 ipsas
991 3779 1046 3834 in
1068 3779 1236 3835 altum
1259 3779 1524 3846 sublatas,
1556 3796 1666 3836 non
1695 3779 1747 3835 in
1780 3781 1921 3837 latus
1936 3782 2184 3853 obliqua-

610 3883 694 3927 tas
722 3870 923 3927 habere
953 3880 1189 3943 oportet,
1228 3886 1296 3927 ne
1348 3872 1472 3943 equi
1502 3871 1557 3929 in
1588 3872 1971 3931 exercitatione
2002 3875 2109 3932 hac
2132 3885 2187 3932 et

610 3965 959 4021 contentione
986 3963 1375 4035 impediantur.

680 4056 772 4113 38.
794 4056 955 4113 Aliud
991 4073 1164 4128 genus
1199 4068 1322 4123 est,
1360 4065 1420 4114 ut
1461 4056 1713 4115 ordinate
1760 4073 1820 4115 se
1865 4058 1921 4114 in
1964 4059 2185 4126 heram,

612 4158 708 4205 aut
758 4148 1002 4205 dextram
1049 4150 1424 4215 transierant,
1484 4152 1627 4221 quod
1677 4150 1934 4207 lateranis
1978 4160 2031 4207 et
2068 4168 2189 4208 cor-

614 4244 897 4300 nistitibus
927 4252 1318 4315 opportunum,
1353 4246 1700 4301 commodum
1733 4255 1831 4309 est,
1869 4245 1918 4301 id
1960 4256 2065 4313 est,
2098 4247 2185 4315 iis,

611 4337 707 4409 qui
738 4337 805 4393 ad
834 4337 1341 4395 circumveniendos
1396 4346 1451 4393 et
1480 4337 1987 4395 circumcludendos
2009 4340 2193 4396 hostes

2276 3230 2424 3285 τίων.
2476 3229 2588 3284 Καὶ
2634 3228 2793 3283 τοῦτο
2821 3229 2997 3282 ποιεῖν
3046 3226 3326 3295 πολλάκις,
3359 3226 3456 3281 καὶ
3485 3224 3560 3297 μὴ
3593 3224 3755 3297 μόνον
3770 3222 3864 3277 έπὶ

2276 3324 2343 3378 τὰ
2393 3323 2603 3395 πρόσω,
2664 3321 2801 3378 ἀλλὰ
2836 3322 2939 3376 καὶ
2987 3318 3155 3386 δεξιὰ,
3206 3320 3304 3375 καὶ
3331 3318 3617 3392 ἀριστερὰ,
3645 3320 3740 3372 καὶ
3764 3315 3868 3371 πάο

2277 3416 2361 3470 λιν
2442 3415 2643 3469 ὡσανεὶ
2707 3415 2801 3469 ἐπὶ
2861 3414 2961 3484 τὴν
3024 3411 3285 3485 δευτέραν
3333 3410 3520 3480 τάξιν,
3586 3409 3683 3464 καὶ
3736 3402 3866 3461 ποτε

2283 3506 2383 3578 μὲν
2455 3508 2513 3560 ὲν
2570 3504 2724 3577 αύτῷ
2777 3504 2856 3576 τῷ
2912 3502 3264 3575 διαλείμματι
3313 3496 3570 3574 ταύτης,
3621 3498 3754 3554 ποτὲ
3808 3497 3868 3551 δὲ

2281 3600 2339 3655 ὲν
2391 3598 2473 3669 τῷ
2550 3596 2754 3669 μεταξῦ
2824 3595 2994 3667 αὐτῆς
3074 3593 3448 3662 ἐξελίσσεσθαι
3483 3632 3500 3659 ,
3574 3591 3669 3646 καὶ
3750 3589 3872 3659 ἅμα

2282 3689 2617 3760 δρουγγιστὶ,
2682 3688 2851 3758 ᾖγουν
2892 3685 3029 3757 ὁμοῦ
3052 3686 3230 3756 ὀρμᾷν
3272 3683 3416 3740 κατὰ
3469 3684 3579 3738 τῶν
3635 3680 3869 3754 ὲχθρῶνο

2283 3782 2343 3834 ὲν
2370 3780 2427 3833 δὲ
2449 3782 2566 3847 ταῖς
2591 3777 2926 3851 γυμνασίαις
2982 3776 3051 3831 τὰ
3089 3776 3351 3848 κοντάρια
3380 3774 3874 3845 ἀναϐασταζὸμενα

2286 3872 2427 3944 ἔχειν
2454 3872 2554 3937 δεῖ,
2593 3872 2687 3926 καὶ
2719 3871 2796 3944 μὴ
2830 3870 2909 3935 είς
2939 3870 3169 3940 πλάγιον
3192 3911 3208 3939 ,
3257 3869 3345 3923 ἵνα
3393 3868 3468 3940 μὴ
3510 3870 3559 3922 ot
3608 3868 3766 3923 ἵπποι
3794 3866 3875 3936 (Ξ)

2287 3967 2343 4020 ἓν
2382 3969 2447 4037 τῇ
2482 3965 2675 4037 ὲλασίᾳ
2720 3961 3147 4035 ὲμποδίζωνται.

2362 4058 2462 4127 λη’.
2510 4058 2702 4130 Ἑτέρα
2726 4057 2785 4114 δὲ
2842 4058 3076 4130 κίνησις,
3106 4056 3248 4111 ὥστε
3294 4052 3679 4127 μετατίθεσθαι
3740 4066 3874 4105 συν-

2290 4152 2641 4223 τεταγμένως
2662 4149 2928 4222 ἀριστερὰ
2961 4150 3056 4204 καὶ
3085 4148 3255 4216 δεξιὰ,
3310 4148 3449 4217 ὅπερ
3478 4142 3710 4217 ἁρμόζει
3741 4139 3881 4196 πλα-

2292 4243 2609 4318 γιοφύλαξιν
2663 4243 2757 4299 καὶ
2809 4243 3262 4313 ύπερκερασταῖς,
3294 4240 3460 4310 ἧγουν
3519 4239 3632 4300 τοῖς
3668 4235 3763 4289 ἐπὶ
3820 4231 3883 4286 τὸ

2292 4337 2572 4394 κυκλῶσαι
2624 4337 2724 4407 τὴν
2762 4334 2871 4388 τῶν
2933 4333 3207 4406 πολεμίων
3249 4330 3558 4402 παράταξιν
3605 4326 3883 4395 τεταγμέ-

614 4430 895 4487 coustituti
928 4439 1075 4485 sunt.
1113 4430 1176 4485 Et
1209 4430 1255 4487 si
1289 4430 1342 4485 in
1367 4430 1614 4486 dextram
1666 4442 1871 4501 partem
1907 4432 2166 4489 traducor:

2295 4446 2404 4494 νοις
2433 4430 2525 4482 ἐπὶ
2578 4427 2672 4482 τοῦ
2706 4424 2878 4494 δεξιοῦ
2913 4425 3111 4497 μέρους
3152 4422 3340 4493 ὥσπερ
3388 4420 3581 4492 κέρας,
3612 4418 3708 4471 καὶ⁵
3736 4432 3885 4485 παρ-

612 4538 709 4578 eos
736 4525 948 4592 cupias,
970 4521 1037 4577 iis
1072 4520 1250 4576 verbis
1281 4518 1372 4576 ﬁat
1402 4534 1416 4572 :
1444 4520 1735 4592 Κατάφερε
1765 4522 1900 4590 πρὸς
1929 4520 1997 4575 τὰ
2024 4521 2166 4588 δεξιά

2270 4548 2272 4577 l
2304 4522 2579 4593 αγγέλλει,
2617 4522 2666 4575 εί
2714 4520 2815 4597 μὲν
2854 4518 3121 4593 ἀριστερὰ
3182 4511 3571 4586 μετατίθεσθαι
3605 4507 3884 4582 βούλεται,

616 4614 668 4668 id
702 4622 805 4679 est,
835 4611 1095 4669 Transfer
1116 4620 1167 4667 te
1197 4611 1263 4668 ad
1290 4612 1570 4687 dextram:
1597 4612 1681 4668 sin
1716 4613 2001 4670 laevorsum
2037 4616 2166 4671 velis

2299 4616 2592 4687 Κατάφερε
2623 4614 2757 4686 πρὸς
2786 4613 2856 4668 τὰ
2906 4604 3167 4685 ἀριστερά
3188 4626 3200 4638 ·
3234 4609 3281 4662 εί
3314 4606 3372 4661 δὲ,
3418 4604 3567 4670 δεξιά
3603 4600 3888 4675 μετατίθε-

619 4718 732 4762 tum
768 4708 957 4763 dicas:
994 4708 1286 4779 Κατάφερε
1320 4707 1456 4779 πρδς
1492 4706 2100 4777 τάριστερὰ,ξΤι“ιιιιεΙ“θι·
2143 4720 2196 4765 te
2306 4711 2453 4774 σθαι,
2493 4709 2786 4780 Κατάφερε
2816 4707 2952 4779 πρὸς
2993 4706 3060 4759 τὰ
3088 4702 3237 4768 δεξιὰ
3265 4719 3280 4734 ο
3325 4700 3417 4756 καὶ
3448 4698 3622 4762 οὕτως
3653 4695 3887 4770 μετατί-

620 4802 686 4854 ad
714 4801 903 4855 laevam
939 4818 954 4856 :
1002 4800 1188 4871 itaque
1209 4808 1513 4865 transeant,
1546 4800 1591 4854 si
1621 4815 1728 4855 una
1751 4800 1951 4856 cohors
1985 4801 2166 4856 debeat

2305 4803 2495 4858 θεσθαι
2526 4819 2541 4835 ·
2610 4801 2704 4855 ἐὰν
2751 4798 2852 4872 μὲν
2913 4798 2972 4852 ἓν
3027 4796 3216 4869 βάνόον
3274 4794 3415 4858 ἐστὶ,
3465 4792 3527 4845 τὸ
3572 4791 3631 4844 έν
3668 4808 3682 4821 ·
3716 4789 3767 4841 εἰ
3826 4785 3889 4840 δὲ

623 4909 750 4957 una,
788 4893 872 4948 sin
917 4893 1123 4964 plures,
1154 4908 1261 4947 una
1308 4902 1465 4963 parte
1494 4893 1761 4959 traducta,
1792 4893 2012 4965 reliqua:
2041 4893 2166 4950 simi

2310 4896 2549 4960 πλείονα,
2597 4894 2799 4965 ὁμοίως
2863 4890 2955 4945 τοῦ
3005 4890 3122 4954 ἑνὸς
3164 4889 3366 4959 μέρους
3432 4880 3888 4956 μετατιθεμένου,

623 4986 740 5041 liter
770 5001 864 5057 per
893 4986 1148 5041 cohortes
1178 4996 1482 5042 transeant.

2302 4990 2394 5043 καὶ
2423 4988 2491 5042 τὰ
2527 4986 2690 5040 λοιπὰ
2720 4983 2980 5047 ὡσαύτως
3012 4980 3157 5036 κατὰ
3183 4979 3241 5033 ’ἐν
3270 4978 3460 5050 βάνδον
3491 4974 3758 5029 ποιοῦσιν.

691 5080 781 5137 59.
812 5080 971 5136 Aliud
1000 5094 1194 5152 genus,
1228 5088 1288 5136 ut
1314 5080 1365 5135 in
1387 5079 1590 5150 quibus
1616 5082 1925 5138 consistunt
1954 5082 2111 5148 locis.
2144 5084 2159 5139 i

2374 5079 2472 5135 λθ’.
2514 5079 2704 5151 Ἑτέρα
2734 5078 2789 5132 δὲ
2821 5078 3057 5148 κίνησις,
3114 5073 3256 5128 ὥστε
3286 5068 3716 5143 μεταϐάλλεσθαι
3752 5062 3890 5120 ποτὲ

622 5172 829 5229 eisdem
874 5172 1148 5229 interdum
1198 5188 1255 5228 se
1293 5182 1532 5240 vertant,
1584 5175 1854 5230 interdum
1900 5192 2029 5233 vero
2054 5175 2166 5232 {ron

2311 5176 2407 5246 μὲν
2434 5175 2490 5227 ἐν
2512 5169 2590 5237 οἷς
2616 5174 2860 5226 ἵστανται
2902 5171 3106 5236 τόποις,
3150 5169 3279 5224 ποτὲ
3315 5168 3372 5223 δὲ
3419 5166 3513 5220 καὶ
3540 5164 3600 5218 τὸ
3632 5163 3892 5234 μέτωπον

628 5276 736 5323 tem
784 5266 920 5323 aciei
959 5275 1313 5323 commutent.
1348 5265 1403 5322 Si
1438 5271 1754 5337 repentinus
1786 5268 1982 5340 aliquis
2022 5275 2166 5324 motu

2309 5271 2408 5339 τῆς
2439 5266 2795 5340 παρατάξεως
2839 5265 3221 5329 ἀλλάσσοντες.
3258 5263 3385 5320 Ἐάν
3423 5262 3522 5335 μὲν
3570 5260 3680 5332 γὰρ
3710 5259 3895 5329 αἰφνι-

2166 5383 2397 5439 ΝΟΤᾸΕ.

649 5542 657 5550 η
699 5470 810 5555 (εγ)
844 5473 946 5555 ξΩς
977 5471 1795 5555 ᾷιαφένσωρας.ῌΡοξιενίοτοε
1842 5475 2166 5555 Graeci_diee

2382 5480 2495 5555 (‘99)
2524 5478 2715 5555 "(itur
2972 5477 3100 5555 Item
3131 5476 3331 5555 scribe,
3359 5470 3743 5555 πάλιν-πράξῃ,

630 5540 801 5606 bant,
840 5540 1235 5614 διαφένσὼρας,
1278 5540 1374 5616 pro
1422 5544 1812 5617 δηφένοωρας,
1864 5549 1979 5603 sive
2024 5547 2166 5616 διφέιι

2317 5625 2337 5635 η
2377 5540 3081 5635 ,ιιίΣςράξρρυζιλφ-είε
3131 5550 3185 5605 in
3230 5540 3395 5604 Checi
3443 5540 3633 5603 codice
3672 5540 3901 5599 videtur

632 5629 835 5680 σωρας-
2312 5624 2503 5679 fuisse.
2535 5624 2589 5677 ln
2614 5624 2734 5677 aliis
2768 5624 2920 5678 deest
2942 5623 3056 5676 ἔλα.

652 5759 661 5764 _
704 5684 814 5753 (9-8)
840 5685 944 5739 Καὶ
969 5685 1068 5764 ὅτε
1082 5684 1404 5764 perdam.
1428 5683 1922 5764 Interpungendnui
1958 5688 2203 5764 scribeno
2383 5693 2460 5764 (ιζ)
2512 5694 2636 5748 Ἵνα
2659 5694 2744 5764 μὴ
2778 5696 2831 5748 οἱ
2859 5694 3052 5747 ἵπποι.
3080 5691 3169 5750 Sic
3202 5697 3319 5749 erat
3343 5696 3397 5748 et
3421 5691 3473 5748 in
3504 5686 3693 5746 codice
3721 5683 3909 5743 Pisto-

633 5759 869 5899 :;:L%ue
899 5774 910 5810 :
937 5760 1029 5811 καὶ
1044 5759 1131 5810 ὅτε
1175 5758 1271 5827 μὲν
1310 5757 1440 5830 θέλῃ
1478 5757 1847 5831 ὑποχωρῆσαι,
1893 5762 1919 5814 ὁ
1955 5760 2207 5832 κούρσωρ
2316 5757 2466 5822 ιιὶιιιιο
2498 5780 2595 5837 pro
2636 5757 2831 5838 ἵναμὴ
2862 5764 3090 5821 κτύπον.

746 5862 795 5898 ς,
818 5864 833 5879 .

746 5862 770 5889 ³
783 5862 833 5898 ιι·
