4078 6306
282 356 397 425 ’1ιῦ

1379 364 1716 430 ΤΑεΤΙαΑ.
1745 388 1816 399 -·
1843 361 2508 434 ΟΟΝΞΤΙΤΗΤΙΟΝΠ.

3429 369 3540 445 ’146

283 466 512 542 δασμός
544 486 628 536 τις
652 463 874 543 γένηται
904 471 1008 526 ὑπὸ
1029 472 1258 546 ἐχθρῶν,
1289 475 1430 530 κατὰ
1453 475 1647 544 νώτου,
1681 479 1846 549 ἤγουν

1965 486 2095 531 'etro
2127 477 2218 532 fiat
2261 478 2513 533 hostibus
2546 491 2576 533 a
2614 486 2765 548 tergo
2796 476 3209 536 imminentibus
3233 521 3247 548 ,
3296 481 3532 552 prmcipe

284 561 509 617 ὄπισθεν
527 562 627 633 (5),
647 563 1074 635 ἐπιφερομένων,
1096 566 1484 636 παραγγέλλει,
1496 570 1865 641 Μετασχημά-

285 671 460 709 τισον.
517 654 630 708 Καὶ
670 653 746 720 ὡς
793 655 1040 711 ἵστανται
1082 659 1138 711 ἐν
1166 660 1277 722 τοῖς
1305 658 1493 724 τόποις
1533 661 1714 716 αὐτῶν
1770 662 1862 716 ἐπὶ

284 745 457 818 οὐρὰν
501 745 724 800 ὄπισθεν
796 746 1050 816 βλέπουσι
1116 746 1225 804 τῶν
1286 748 1630 821 βανδοφόρων
1686 751 1862 823 μόνων

289 837 432 908 μετὰ
479 837 590 892 τῶν
634 837 910 910 ἀρχόντων
965 839 1045 902 είς
1090 840 1153 895 τὺ
1196 841 1340 896 κατά
1386 842 1553 915 οὐράν
1613 843 1863 913 μέτωπον

288 926 623 998 ἐρχομένων.
652 927 717 980 El
756 928 812 982 δὲ
872 928 1075 1002 πλῆθος
1118 929 1326 1004 ἐχθρῶν
1351 932 1588 1006 ἐπιφανῇ
1613 933 1858 1002 ὄπισθεν,

285 1019 677 1090 παραγγέλλει,
717 1019 1088 1089 Μετάλλαξον.
1143 1022 1257 1080 Καὶ
1303 1023 1424 1079 τότε
1481 1027 1862 1097 μετατίθενται

284 1111 429 1166 κατὰ
458 1110 667 1182 βάνδον.

359 1201 434 1276 μ’.
479 1204 554 1256 Οὐ
590 1203 751 1275 μόνον
784 1203 841 1260 δὲ
864 1204 958 1260 ἐπὶ
996 1205 1170 1278 μῆκος
1209 1205 1503 1278 ὀρδινεὺειν
1530 1209 1624 1263 καὶ
1653 1210 1862 1284 γυμνάο

285 1293 402 1360 ζειν
422 1295 716 1364 ἀναγκαῖόν
757 1298 923 1365 ἐστιν,
957 1297 1095 1352 ἀλλὰ
1152 1299 1248 1353 καὶ
1278 1300 1593 1372 δρουγγιστὶ
1638 1303 1862 1360 τάσσον-

286 1405 390 1451 τας
432 1388 739 1460 γυμνάζειν
784 1390 881 1443 καὶ¹
937 1389 1242 1458 ἐξελαύνειν
1273 1393 1361 1449 ἐπ’
1385 1391 1600 1458 εὐθείας
1619 1396 1716 1450 καὶ
1766 1396 1862 1450 κύ-

285 1478 450 1543 κλους
468 1479 774 1552 διαφόρους,
810 1480 1027 1553 πρῶτον
1079 1482 1176 1553 μὲν
1205 1483 1294 1537 διά
1325 1483 1426 1548 τὰς
1479 1473 1860 1559 ὑποχωρήσεις

285 1572 382 1625 καὶ
414 1573 805 1645 ἀντιστροφάς,
841 1568 962 1628 εἶτα
990 1573 1076 1630 διὰ
1113 1573 1211 1641 τὰς
1240 1575 1535 1645 αἰφνιδίους
1570 1577 1714 1632 κατά
1753 1578 1860 1632 τῶν

289 1662 495 1735 ἐχθρῶν
522 1663 766 1734 ἐφόδους,
805 1664 992 1719 λοιπὸν
1017 1665 1072 1719 δὲ
1114 1667 1208 1720 καὶ
1229 1667 1315 1721 διὰ
1340 1668 1399 1721 τὸ
1420 1670 1699 1740 συντόμως
1748 1671 1860 1735 τοῖς

286 1753 562 1825 δεομένοις
588 1756 922 1828 ἐπιϐοηθεῖν.
953 1757 1014 1810 Εί
1049 1760 1158 1828 γὰρ
1194 1757 1367 1824 οὕτως
1394 1759 1648 1813 ἐθισθῶσι
1684 1761 1761 1833 (4)
1792 1763 1859 1815 τά

287 1843 564 1916 τάγματα,
592 1846 825 1916 ἑτοίμως
857 1847 1037 1918 ἔχουσι
1067 1849 1160 1904 καὶ
1202 1851 1282 1913 είς
1324 1849 1663 1922 κούρσωρας,
1689 1852 1853 1924 ἡγουν

287 1936 656 2006 προκλάστας,
704 1937 738 2010 ἢ
804 1939 1143 2011 προμάχους,
1202 1941 1298 1996 ml.
1362 1944 1440 2005 είς
1493 1943 1852 2015 διφένσωρας,

1967 565 2073 621 hoc
2113 565 2275 620 modo
2310 566 2859 636 εΜετασχημὰτισον,
2913 566 2966 621 id
3017 577 3117 635 est,
3146 568 3452 626 Converte:
3487 581 3536 626 et

1968 658 2020 712 in
2063 658 2300 714 statione
2334 674 2436 715 sua
2470 659 2854 724 consistentes,
2884 659 2951 714 ad
2986 659 3217 715 caudam
3259 676 3318 716 se
3360 661 3536 719 solum

1965 759 2319 817 convertant,
2350 751 2624 821 signiferis
2655 760 2707 806 et
2758 749 3030 820 praefectis
3062 752 3194 808 solis
3247 751 3314 807 ad
3352 752 3538 808 caudar

1966 841 2201 898 frontem
2254 841 2722 913 pervenientibus.
2781 840 2875 896 Sin
2923 858 3114 913 magna
3160 844 3240 900 vis
3298 844 3538 898 hostium

1965 932 2209 1003 ingruat,
2235 943 2347 987 tum
2399 933 2655 1003 pracipe,
2698 933 3062 998 Μετάλλαζον,
3099 934 3459 1003 Transmula,
3487 945 3540 993 et

1965 1024 2176 1097 integra
2209 1034 2324 1081 tum
2364 1026 2562 1083 cohors
2593 1041 2652 1082 se
2682 1035 3022 1082 transmutet.

2032 1201 2126 1257 40.
2157 1198 2268 1258 Nec
2317 1217 2446 1259 vero
2496 1201 2551 1259 in
2599 1204 2987 1276 longitudinem
3035 1206 3212 1262 solum
3265 1207 3538 1263 instruere

1962 1293 2092 1348 utile
2143 1302 2248 1358 est,
2294 1293 2388 1349 sed
2426 1294 2587 1351 etiam
2616 1295 2949 1368 δρουγγιστὶ,
2999 1297 3053 1353 id
3100 1305 3211 1364 est,
3257 1298 3541 1354 confertim

1961 1384 2324 1452 instruantur,
2367 1393 2426 1440 ut
2456 1394 2745 1440 exerceant
2790 1401 2886 1451 se,
2928 1395 2983 1443 et
3024 1388 3358 1442 contendant
3392 1387 3541 1443 varie

1961 1476 2013 1531 iu
2050 1475 2311 1532 directum
2357 1493 2452 1546 per
2506 1478 2964 1548 retrogressiones
3025 1489 3080 1533 et
3126 1480 3535 1544 conversiones,

1961 1583 2057 1638 per
2105 1567 2413 1638 repentinas
2470 1568 2708 1622 hostium
2771 1567 3150 1634 incursiones,
3199 1576 3258 1623 ut
3298 1569 3532 1638 quadam

1961 1676 2083 1714 cum
2133 1660 2406 1716 celeritate
2430 1659 2638 1730 possint
2691 1659 2905 1716 afﬂictis
2958 1677 3111 1731 opem
3158 1662 3319 1717 ferre.
3371 1660 3429 1715 Si
3475 1661 3544 1716 ad

1962 1751 2109 1807 hunc
2159 1750 2379 1806 modum
2442 1753 2763 1809 assuefactze
2818 1755 3071 1808 cohortes
3117 1753 3338 1814 fuerint,
3388 1767 3542 1807 corn-
3620 1774 3621 1777 η

1959 1845 2115 1900 mode
2145 1853 2401 1916 poterunt
2443 1846 2495 1900 in
2531 1861 2805 1912 cursores,
2833 1845 2887 1901 id
2927 1856 3032 1910 est,
3067 1846 3392 1915 proclastas,
3427 1844 3543 1899 sive

1955 1951 2408 2011 propugnatores,
2446 1951 2499 1997 et
2529 1942 2580 1996 in
2635 1941 2974 2004 defensores,
3020 1941 3134 1996 sive
3176 1939 3443 2004 vindices,
3482 1946 3537 1994 et

286 2029 456 2101 ἤγουν
489 2029 771 2098 ἐκδίκους,
801 2030 835 2103 ἢ
871 2030 1120 2102 βοηθοὺς,
1152 2033 1244 2086 καὶ
1290 2033 1369 2096 εἰς
1403 2033 1638 2108 ἑκάστην
1671 2037 1858 2107 χρείαν

1965 2032 2341 2104 praesidiarios,
2372 2034 2442 2090 ad
2475 2049 2689 2090 omnem
2715 2049 2875 2090 usum
2908 2033 3130 2088 instrui.

285 2121 608 2177 τάσσεσθαι.

359 2220 472 2284 μα’.
511 2213 624 2269 Καὶ
644 2213 740 2286 τῆς
766 2214 1028 2286 τοιαύτης
1077 2209 1169 2271 οὗν
1199 2234 1508 2290 γυμνασιας
1560 2220 1862 2292 κατορθουο

291 2305 458 2378 μένης
473 2307 552 2370 είς
577 2306 644 2360 τὰ
671 2306 910 2371 πλείονα,
939 2310 987 2361 εί
1017 2310 1110 2364 καὶ
1140 2310 1216 2381 μὴ
1269 2310 1444 2366 πάντα
1473 2313 1555 2366 δεῖ
1575 2313 1863 2382 γινώσκειν

287 2397 414 2462 τοὺς
443 2398 779 2471 στρατιώτας
830 2401 915 2471 (οὐ
945 2400 1052 2471 γάρ
1081 2402 1162 2455 δεῖ
1193 2403 1367 2457 πάντα
1395 2404 1862 2473 πουϐλικίζεσθαι,

291 2487 382 2543 διὰ
410 2489 472 2544 τὸ
504 2490 579 2562 μὴ
601 2495 712 2556 τοῖς
751 2492 962 2564 ἐχθροῖς
993 2494 1381 2567 γινώσκεσθαι)
1410 2514 1423 2527 ·
1447 2497 1535 2552 διὰ
1563 2498 1670 2553 τῶν
1717 2500 1867 2571 είρη-

293 2577 473 2649 μένων
527 2581 732 2636 τούτων
760 2584 913 2637 ἐννέα
945 2584 1212 2656 κινήσεων
1254 2587 1391 2658 πρὸς
1445 2589 1623 2644 πᾶσαν
1676 2591 1864 2662 χρείαν

289 2669 488 2746 ἕτοιμα
513 2673 756 2742 γίνονται
790 2675 858 2730 τά
887 2676 1067 2731 αὐτῶν
1111 2677 1387 2749 τάγματα,
1421 2679 1514 2732 καὶ
1564 2680 1645 2743 είς
1701 2681 1868 2753 κούρ-

292 2781 501 2837 σωρας,
524 2766 619 2822 καὶ
663 2767 744 2830 είς
774 2769 1131 2838 διφὲνσωρας,
1156 2771 1251 2824 καὶ
1278 2771 1357 2834 είς
1393 2771 1862 2841 πλαγιοφύλακας,

291 2855 390 2913 καὶ
422 2859 502 2922 είς
523 2857 961 2931 ὑπερκεραστὰς,
992 2861 1080 2914 ὅτε
1110 2861 1270 2931 χρεία
1309 2863 1531 2934 γένηται
1561 2863 1865 2934 ἀφορισθῆ-

286 2945 380 3002 ναί
427 2964 580 3014 τινας
635 2947 844 3015 αὐτῶν,
884 2949 942 3003 ἐν
998 2949 1260 3023 συνηθείᾳ.
1283 2950 1464 3021 πάσης
1486 2949 1686 3018 τάξεως
1715 2951 1866 3020 γινό-

291 3054 457 3111 μονα.

2030 2210 2122 2266 Η.
2158 2208 2306 2266 Talis
2336 2209 2499 2281 igitur
2537 2209 2858 2264 exercitatio
2888 2208 3175 2280 diligenter
3203 2208 3258 2262 in
3292 2205 3541 2277 plurimis

1961 2307 2047 2355 est
2079 2297 2407 2362 adhibenda,
2443 2297 2710 2367 siquidem
2763 2298 2948 2353 omnia
2981 2314 3010 2352 a
3041 2297 3305 2352 militibus
3338 2311 3544 2367 cogno-

1965 2389 2164 2446 scenda
2197 2404 2304 2444 non
2336 2397 2487 2445 sunt.
2512 2387 2630 2444 Non
2655 2389 2797 2443 enim
2821 2397 3038 2459 oportet
3056 2389 3240 2443 ciuilia
3267 2387 3321 2441 in
3348 2386 3545 2456 vulgus

1965 2481 2166 2547 efferri,
2202 2496 2267 2537 ne
2312 2480 2379 2535 ab
2427 2480 2673 2534 hostibus
2716 2495 2779 2534 ea
2821 2487 3210 2550 agnoscantur.
3241 2479 3312 2534 lis
3358 2485 3541 2534 autem

1966 2573 2207 2629 motibus
2263 2571 2537 2644 pradictis
2571 2572 2637 2626 ad
2687 2587 2879 2627 omnes
2924 2587 3060 2627 usus
3115 2571 3239 2626 belli
3285 2569 3544 2627 cohortes

1969 2667 2176 2722 habiles
2197 2665 2349 2730 fiunt,
2374 2674 2434 2720 ut
2461 2675 2573 2720 tum
2598 2664 2653 2720 in
2684 2680 2957 2728 cursores,
2988 2673 3100 2718 tum
3128 2664 3181 2718 in
3204 2662 3542 2728 defensores,

1968 2767 2082 2813 tum
2117 2760 2167 2812 in
2203 2758 2495 2823 lateranos,
2538 2768 2652 2813 tum
2686 2757 2741 2810 in
2769 2756 3105 2824 cornistites,
3138 2756 3230 2812 ubi
3258 2769 3400 2826 opus
3433 2761 3541 2821 est,

1969 2848 2211 2919 cooptari
2235 2848 2553 2919 assumique
2574 2848 2808 2918 possint.

364 3128 472 3202 μ.βί
504 3130 828 3200 ’Δναγκαῖον
862 3129 920 3183 δέ
954 3129 1070 3183 ἐστι
1116 3129 1309 3183 λοιπὸν
1339 3130 1433 3184 καὶ
1459 3130 1559 3202 τὴν
1607 3132 1745 3202 πρὸς
1776 3131 1863 3187 άλ-

2041 3137 2130 3192 42.
2175 3137 2357 3192 Banda
2391 3145 2594 3200 autem,
2631 3133 2746 3189 sive
2775 3134 3029 3188 cohortes
3058 3131 3290 3204 quadam
3318 3147 3546 3188 consen-

287 3227 429 3298 ληλα
457 3227 525 3281 τά
577 3227 750 3298 βάνδα
780 3227 1102 3298 συμφωνίαν
1135 3227 1228 3281 καὶ
1249 3227 1405 3296 τάξιν
1433 3228 1734 3294 είθίζεσθαι
1785 3230 1862 3294 ὡς

288 3320 383 3372 ἐπὶ
405 3317 784 3390 παρατάξεως.
832 3316 971 3371 Ἀλλ’
994 3317 1110 3380 ἵνα,
1134 3316 1214 3380 ὡς
1263 3317 1501 3388 εἴρηται,
1537 3318 1615 3388 μὴ
1653 3317 1862 3396 φανερά

287 3412 499 3480 γίνεται
521 3412 556 3481 ἡ
587 3411 737 3464 πάσα
771 3408 989 3474 ἔκταξις
1015 3411 1127 3472 τοῖς
1157 3407 1394 3479 ἐχθροῖς.
1436 3408 1704 3462 Οὐδέποτε
1753 3413 1862 3481 γάρ

288 3503 400 3574 πρὸ
452 3503 550 3574 τῆς
585 3503 767 3574 μάχης
813 3501 914 3572 τὴν
942 3502 1124 3555 πᾶσαν
1151 3501 1306 3566 τάξιν
1336 3503 1394 3554 ἐν
1424 3499 1502 3572 τῷ
1533 3501 1671 3571 άμα,
1697 3517 1859 3554 τουτ-

290 3594 443 3648 έστιν
494 3595 575 3659 είς
627 3594 852 3664 πρώτην
918 3594 1015 3646 καὶ
1079 3591 1343 3664 δευτέραν
1389 3589 1727 3663 παράταξιν,
1775 3589 1865 3645 διά

289 3685 602 3758 γυμνασίαν
636 3686 806 3758 μόνην
831 3685 1080 3748 τάσσειν,
1109 3683 1143 3756 ἦ
1185 3682 1714 3752 πλαγιοφύλ.ακας,ἢ
1738 3684 1865 3748 τοὺς

291 3779 708 3850 ὑπερκεραστὰς
746 3777 1100 3847 λεγομένους,
1157 3777 1193 3848 ἢ
1235 3775 1362 3840 τοὺς
1412 3775 1727 3848 δρουγγιστὶ
1770 3774 1865 3830 καὶ

289 3871 664 3934 λανθανόντως
699 3869 1165 3940 προσπίπτοντας,
1199 3869 1234 3937 ἢ
1263 3867 1507 3938 ἐνέδρας,
1556 3867 1723 3937 ῆγουν
1774 3867 1870 3933 ἐγ-

291 3963 538 4034 κρίματα
581 3961 657 4034 (5)
695 3960 807 4016 ’τά
856 3962 962 4032 γὰρ
1017 3959 1244 4014 τοιαῦτα
1291 3959 1623 4030 στρατηγίας
1668 3957 1872 4028 μᾶλλον

291 4054 700 4127 ἐπιτηδεύματα
739 4051 879 4108 εῖναι
931 4054 1073 4107 κατὰ
1106 4052 1216 4108 τῶν
1272 4052 1506 4123 ἐχθρῶν,
1558 4052 1592 4122 ἢ
1638 4051 1868 4118 τάξεως,

291 4148 441 4220 ἅπερ
494 4145 1048 4219 προπουὸλικίςεσθαι
1098 4147 1159 4199 ἐν
1231 4147 1351 4208 ταῖς
1410 4144 1743 4216 γυμνασίαις
1782 4145 1867 4198 ηοὺ

295 4240 587 4312 συμφέρει.
631 4239 794 4294 Ἀλλά
821 4239 944 4294 τότε
981 4239 1117 4311 πρὸς
1148 4240 1209 4293 τὸ
1224 4239 1405 4311 παρὸν
1431 4239 1573 4292 κατὰ
1595 4239 1693 4308 τὴν
1709 4239 1875 4292 άπαι-

292 4331 495 4386 τοῦσαν
517 4332 708 4404 χρείαν
731 4335 896 4389 ποιεῖ.
1131 4369 1137 4374 -

365 4422 478 4494 pf.
515 4425 726 4498 Πρέπον
759 4426 871 4490 οὖν,
907 4425 1014 4479 εἴτε
1047 4425 1169 4480 καθ’
1193 4425 1352 4479 ἐαυτδ
1397 4421 1494 4478 τοῦ
1528 4422 1765 4495 κόμητος
1809 4423 1876 4476 τὸ

1963 3233 2118 3288 sione
2166 3238 2220 3285 et
2267 3230 2648 3291 instructione,
2681 3225 2837 3296 quasi
2866 3227 2918 3279 in
2958 3225 3073 3280 acie
3114 3225 3230 3295 ipsa
3267 3223 3544 3295 iungenda

1963 3331 2111 3379 sunt.
2149 3321 2251 3376 Sed
2277 3338 2346 3376 ne
2385 3321 2650 3375 universae
2671 3319 3087 3374 exercitationes
3117 3327 3171 3372 et
3234 3315 3546 3370 molitiones

1965 3415 2216 3473 hostibus
2231 3423 2614 3485 agnoscantur,
2636 3427 2912 3481 nunquam
2933 3419 3057 3464 ante
3076 3408 3537 3465 conflictationem
3592 3405 3594 3407 ’

1965 3510 2138 3580 ipsam
2166 3509 2431 3563 universa:
2463 3509 2631 3577 copia:
2679 3506 2875 3570 simul,
2907 3504 2956 3557 id
2998 3514 3074 3557 est
3101 3544 3114 3567 ,
3150 3504 3201 3556 in
3239 3503 3469 3573 primam
3493 3509 3547 3557 et

1966 3601 2261 3655 secundam
2290 3598 2461 3652 aciem
2484 3596 2890 3651 exercitationis
2920 3609 3086 3648 causa
3117 3592 3539 3655 transferantur,

1968 3690 2051 3747 vel
2080 3691 2143 3744 ad
2181 3689 2472 3755 lateranos,
2507 3688 2591 3742 vel
2631 3687 2696 3741 ad
2741 3686 3069 3750 cornistites,
3108 3684 3190 3738 vel
3227 3683 3291 3737 ad
3322 3698 3417 3738 eos
3448 3680 3542 3750 qui

1965 3782 2296 3856 δρουγγιστὶ,
2325 3781 2375 3836 id
2400 3790 2499 3843 est,
2520 3779 2826 3844 confertim,
2858 3787 2911 3831 et
2936 3777 3074 3831 clam
3098 3774 3434 3838 adoriuntur,
3463 3770 3544 3827 vel

1969 3875 2036 3931 ad
2091 3876 2338 3931 occultas
2399 3872 2666 3939 insidias;
2736 3869 3048 3940 hujusmodi
3098 3869 3244 3922 enim
3311 3864 3544 3924 consilia

1971 3967 2319 4038 imperatoria
2386 3965 2650 4034 divulgari
2705 3975 2758 4018 et
2809 3964 2862 4018 in
2899 3962 3091 4031 vulgus
3135 3959 3314 4016 etl'erri
3367 3959 3547 4029 prius-

1970 4051 2135 4129 quam
2179 4071 2304 4112 cum
2350 4057 2504 4110 hoste
2553 4053 2850 4124 confligas,
2903 4051 3096 4106 inutile
3153 4058 3256 4104 est.
3321 4046 3427 4102 Sed
3473 4045 3545 4100 ad

1971 4161 2294 4224 prarsentem
2320 4165 2501 4204 rerum
2530 4163 2686 4203 usum
2715 4162 2781 4202 ex
2813 4157 3056 4216 tempore
3083 4143 3211 4199 talia
3238 4139 3544 4196 adhibenda

1973 4250 2125 4297 ειωι.

2043 4417 2132 4496 εξ.
2175 4416 2279 4471 Par
2307 4425 2390 4470 est
2415 4413 2599 4483 igitur,
2631 4411 2745 4467 sive
2780 4409 2996 4466 comitis
3023 4408 3256 4479 alicujus
3280 4404 3542 4470 bandnm,

297 4514 508 4586 βάνδον,
534 4497 643 4570 εἴτε
667 4516 990 4587 δρούγγους,
1024 4516 1137 4570 εἴτε
1175 4518 1414 4590 τούρμα,
1449 4517 1558 4570 εἴτε
1597 4516 1690 4570 καὶ
1743 4532 1863 4589 προ-

1973 4511 2088 4570 sive
2127 4510 2394 4579 drungus,
2425 4508 2541 4564 sive
2570 4516 2750 4585 turma
2777 4503 3010 4560 seorsim
3054 4510 3397 4563 exerceatur,
3428 4497 3546 4553 sive

295 4606 602 4680 παράταξις
655 4608 850 4664 πολλοῦ
907 4608 1136 4680 στρατοῦ
1187 4587 1355 4672 ἐστιν,
1405 4607 1462 4661 ἐν
1490 4607 1640 4680 τρισὶ
1669 4587 1863 4678 μέρεσι

1975 4605 2029 4659 in
2073 4601 2433 4658 instructione
2481 4597 2664 4670 magni
2707 4596 2981 4653 exercitus
3018 4593 3341 4656 collocetur,
3394 4587 3545 4645 utin

295 4679 518 4767 τάσσειν
569 4703 695 4768 τοὺς
767 4679 1238 4774 γυμναζομένους.
1295 4701 1403 4754 Καὶ
1447 4699 1494 4753 εἰ
1530 4679 1647 4768 μὲν
1676 4698 1863 4768 βάνδον

1979 4704 2090 4750 tres
2122 4702 2306 4763 partes
2338 4688 2628 4745 exercendi
2665 4686 2998 4743 dividantur.
3043 4683 3098 4737 Si
3136 4683 3396 4746 bandum,
3431 4679 3546 4735 sive

297 4793 416 4848 ἐστὶ
439 4795 500 4848 τὸ
532 4793 661 4848 ⁴καθ’
703 4794 863 4848 ἐαυτδ
892 4793 1325 4865 γυμναζόμενον,
1355 4792 1480 4856 τοὺς
1521 4789 1739 4851 πλείους
1767 4789 1863 4843 αὺ-

1972 4788 2167 4844 cohors
2182 4801 2277 4856 per
2292 4799 2351 4838 se
2378 4790 2758 4844 exerceantur,
2778 4778 3068 4833 maximam
3099 4775 3310 4839 illorum
3340 4784 3548 4843 partem

296 4885 407 4938 τῶν
437 4887 496 4939 ἐν
511 4884 662 4948 τάξει
685 4884 1015 4957 κουρσώρων
1041 4885 1234 4936 ποιεῖν.
1269 4881 1399 4934 Ἀπὸ
1422 4881 1635 4934 δέκαδέ
1664 4880 1863 4933 καὸαλ-

1977 4881 2034 4936 in
2066 4891 2352 4934 cursorum
2381 4874 2599 4946 agmine
2630 4887 2835 4943 pones;
2864 4885 2932 4925 ex
2964 4868 3239 4939 equitatus
3282 4864 3542 4934 simplici-

296 4977 518 5050 λαρίους
549 4977 620 5050 (6)
653 4979 744 5031 ἐπὶ
761 4978 939 5048 ἁπλῆς
976 4977 1136 5039 άκὶας
1186 4975 1336 5028 ἐνθεν
1368 4973 1627 5028 κάκεῖθεν
1672 4973 1863 5036 αὐτοὺς

1978 4973 2082 5029 bus
2109 5007 2111 5009 -
2143 4967 2516 5026 contuberniis
2557 4965 2706 5031 hinc,
2735 4962 3063 5033 atqueillinc
3091 4957 3316 5029 aequalia
3340 4973 3548 5011 cornua

305 5068 676 5140 ίσομετώπους
706 5069 927 5125 τάσσειν
964 5069 1022 5122 ὲν
1065 5066 1215 5134 τάξει
1249 5064 1619 5136 διφενσώρων,
1679 5062 1863 5125 ἄλλους

1975 5060 2326 5118 defensorum
2358 5058 2479 5111 loco
2507 5070 2706 5126 pones;
2738 5054 2872 5106 alios
2900 5061 3078 5105 autem
3108 5065 3310 5118 paucos
3336 5054 3547 5116 equites

298 5164 358 5218 δὲ
423 5164 637 5235 ὀλίγους
699 5163 1096 5234 καϐαλλαρίους
1159 5161 1286 5230 ἄχρι
1349 5158 1478 5212 δέκα
1532 5157 1753 5211 τάσσειν
1803 5153 1873 5208 δι’

298 5256 474 5325 ὅψεως
501 5257 799 5323 ἐναντίους,
853 5254 992 5308 ὥστε
1043 5255 1140 5324 την
1179 5250 1454 5324 συμϐολὴν
1492 5252 1625 5321 πρὸς
1671 5249 1871 5312 αὐτοὺς

303 5347 640 5414 εἰκάζεσθαι.

1979 5155 2196 5211 eminus
2221 5159 2344 5206 ante
2372 5157 2727 5216 conspectum
2761 5145 2975 5198 illorum
2999 5156 3188 5211 pones,
3222 5149 3280 5193 ut
3301 5138 3455 5208 quasi
3481 5136 3549 5191 ad

1979 5245 2378 5316 confligendum
2405 5255 2528 5296 cum
2562 5239 2668 5294 illis
2692 5252 2752 5293 se
2777 5249 3082 5307 pratparare
3105 5231 3339 5302 possint.

1799 5466 2026 5526 NOTAE.

374 5598 452 5670 ('5)
479 5594 637 5670 Κατὰ
662 5594 867 5662 νώτου,
906 5593 1092 5663 ἤγουν
1124 5591 1390 5646 ὄπισθεν.
1421 5589 1789 5651 Scribebatur,
1817 5604 1868 5640 κ.

304 5667 727 5744 ν.ὖγρόπισθεν.
829 5737 860 5744 _
931 5737 962 5744 __
1019 5737 1030 5744 _
1221 5731 1273 5744 ,Α
1378 5730 1443 5744 Α,

377 5731 801 5812 (ἱῖἙθισθώσς.
827 5737 1197 5812 56τὶ1›‹εὶ)ιιιυ[,
1219 5731 1527 5812 ἐθιασορσι.

383 5800 705 5887 ﬁrm-our
753 5809 1095 5881 ἐγκρίματα.
1146 5805 1359 5871 Scribe,
1396 5804 1564 5876 ἤγουν
1613 5800 1858 5872 ὲγκρὺμ-

1979 5599 2144 5720 βιῶ.
2191 5648 2327 5736 Ἀξξὺ
2385 5648 2532 5706 δέκα
2595 5646 2662 5702 δὲ
2718 5624 3178 5712 καϐαλέίαρίους.
3213 5636 3543 5707 Ejicien-lnm

1981 5739 2199 5789 censeo,
2237 5726 2385 5775 δέκα.
