4086 6326
557 364 672 434 747

1780 364 2058 427 LEONIS
2088 365 2551 428 PHILOSOPHI

3705 355 3826 422 ’148

629 478 723 535 ιι.
745 472 865 533 .lam
885 491 1011 534 cum
1029 490 1089 533 se
1109 473 1266 546 quasi
1289 473 1356 532 ad
1384 475 1637 547 prmlium
1662 485 1906 544 movent,
1936 489 2132 544 magno

2306 478 2410 547 μδ’.
2457 475 2764 531 Κινούντων
2799 472 2857 531 δὲ
2901 473 3080 531 αὐτῶν
3103 472 3200 539 ,ὦς
3245 472 3337 529 ἐπὶ
3365 473 3555 546 μάχην
3583 471 3826 546 ἐξέρχεο

561 580 768 642 impetu
805 569 951 626 facto
982 584 1235 625 cursores
1263 583 1323 625 se
1365 585 1396 624 a
1426 568 1806 625 defensoribus
1857 578 2134 639 separant,

561 672 620 717 et
647 660 737 718 ubi
771 669 918 716 recta
942 676 1113 715 unum
1160 669 1324 731 atque
1345 659 1580 715 alterum
1610 659 1844 716 milliaro
1877 675 2135 715 excurre-

563 752 694 816 rint,
716 751 1000 806 dimidium
1029 751 1174 806 illius
1199 751 1356 821 spatii
1387 760 1752 818 revertantur,
1777 759 1830 807 et
1858 751 2130 806 interdum

561 842 908 896 dextrorsum
928 881 943 904 ,
981 834 1252 896 interdum
1285 840 1569 897 laevorsum
1602 856 1662 896 se
1690 842 1963 897 currendo
1994 842 2134 896 obli-

563 942 767 1006 quent,
796 933 981 1003 sicque
1010 933 1169 988 tertio
1222 943 1525 1003 quartoquc
1563 933 1788 1000 faciant,
1830 947 2135 1005 rursusque

566 1025 864 1084 Orbiculate
898 1024 1212 1094 procedant,
1251 1032 1439 1094 postea
1468 1024 1705 1095 spatium
1745 1024 1877 1080 illud
1905 1039 2132 1096 percur-

561 1127 764 1182 rentes,
792 1120 937 1188 quod
969 1118 1113 1172 inter
1137 1132 1234 1174 eos
1257 1129 1311 1173 et
1335 1117 1651 1174 defensores
1673 1131 1778 1183 est,
1817 1118 1961 1175 unde
1989 1119 2138 1174 exie-

563 1219 708 1275 rant,
739 1227 864 1268 cum
905 1210 1284 1266 defensoribus
1321 1212 1478 1281 quasi
1509 1212 1792 1266 instructis
1832 1211 1886 1266 in
1915 1213 2037 1268 acie
2066 1211 2135 1268 iis

562 1313 881 1368 occurrant,
917 1303 1012 1374 qui
1043 1312 1171 1359 ante
1204 1318 1300 1360 eos
1332 1302 1780 1375 insequebantur.

633 1489 721 1544 45.
751 1487 989 1558 Drnngo,
1015 1488 1066 1543 id
1091 1495 1196 1555 est,
1221 1488 1427 1560 integra
1450 1489 1677 1544 cohorte
1700 1488 1950 1542 milliaria
1977 1503 2135 1542 exer-

563 1584 768 1637 citante
797 1583 1031 1647 se,idem
1061 1581 1257 1649 facies,
1287 1591 1345 1638 et
1393 1582 1672 1637 cohortem
1710 1581 1762 1636 in
1792 1596 2046 1637 cursores
2082 1589 2138 1636 et

563 1674 619 1729 in
645 1674 961 1730 defensores
985 1675 1217 1742 divides,
1250 1683 1302 1731 et
1332 1689 1426 1731 eos
1456 1674 1550 1744 qui
1582 1688 1836 1729 cursores
1866 1682 2014 1739 sunt,
2049 1673 2135 1726 in-

2234 571 2356 626 σθαι
2389 573 2486 625 σὺν
2507 571 2697 642 ἐλασίᾳ
2717 568 2809 623 τοῦ
2837 569 3172 641 κούρσωρος,
3216 569 3309 622 καὶ
3334 565 3675 640 χωρίζεσθαι
3701 564 3826 620 τῶν

2231 662 2559 734 διφεστόρων
2582 661 2682 733 (7),
2707 662 2802 716 καὶ
2824 662 3118 733 τρέχοντας
3167 660 3255 715 ἐπ’
3293 659 3511 724 εὐθείας
3560 656 3638 722 ὡς
3673 657 3730 713 iv
3771 657 3825 728 ἦ

2230 754 2484 825 δεύτερον
2510 754 2677 826 μίλιν,
2707 755 3076 824 ὑποστρέφειν
3113 752 3218 816 ἕως
3266 751 3358 806 τοῦ
3393 750 3639 824 ἡμίσεως
3669 750 3824 806 ἐκεί·-

2232 864 2323 902 νου
2353 847 2738 917 διαστήματος,
2762 846 2856 900 καὶ
2893 845 3239 909 ἐκκλίνοντας
3293 844 3424 898 ποτέ
3481 845 3580 916 μὲν
3637 843 3818 910 δεξιὰ,

2234 938 2363 991 ποτέ
2384 938 2440 991 δὲ
2465 938 2726 1011 ἀριστερὰ
2747 938 2982 1010 τρέχειν,
3008 936 3181 1001 οὕτως
3208 937 3264 990 δὲ
3313 937 3490 991 ποιεῖν
3511 936 3608 991 καὶ
3628 937 3822 1008 τρίτον

2233 1029 2328 1084 καὶ
2354 1029 2630 1099 τέταρτον,
2666 1025 2785 1083 εἶτα
2842 1029 3003 1084 πάλιν
3053 1027 3377 1092 κυκλοειδῶς
3403 1027 3670 1091 ἐλαύνειν,
3717 1027 3818 1080 καὶ

2237 1122 2375 1195 μετὰ
2399 1121 2569 1177 ταῦτα
2590 1124 3021 1196 προστρέχοντας
3055 1123 3113 1176 ἐν
3152 1119 3230 1192 τῷ
3263 1121 3466 1192 μεταξὺ
3497 1122 3650 1190 τόπῳ
3701 1119 3818 1172 τῶν

2233 1214 2599 1287 διφενσώρων,
2632 1215 2755 1270 ὅθεν
2784 1215 2875 1268 καὶ
2905 1213 3150 1285 ἐξῆλθον,
3181 1213 3317 1284 μετὰ
3339 1212 3444 1265 τῶν
3468 1211 3542 1275 ὡς
3572 1212 3632 1264 ἐν
3657 1211 3812 1277 τάξει

2233 1305 2581 1376 διφενσώρων
2633 1306 2898 1374 ἐλαύνειν,
2939 1305 3017 1373 ώς
3047 1305 3128 1370 είς
3159 1305 3465 1375 ἀπάντησιν
3491 1304 3601 1356 τῶν
3637 1318 3814 1357 κατα-

2235 1399 2541 1453 διωκόντων
2562 1398 2780 1461 αὐτούς.

2309 1485 2413 1560 με’.
2443 1485 2597 1543 Οὕτω
2634 1488 2690 1543 δὲ
2720 1490 2892 1543 ποιεῖν
2920 1490 3016 1543 καὶ
3049 1487 3318 1560 δρούγγου
3346 1485 3764 1559 γυμναζομένου
3785 1502 3804 1520 '

2234 1581 2330 1635 xui.
2360 1579 2430 1635 τὰ
2460 1583 2562 1651 μὲν
2582 1581 2691 1635 τῶν
2716 1581 2923 1651 βὰνδων
2969 1580 3135 1635 αὑτοῦ
3185 1581 3405 1636 τάσσειν
3460 1577 3810 1652 κούρσωρας,

2234 1672 2306 1730 τὰ
2329 1674 2387 1728 δὲ
2426 1673 2780 1745 διφένσωρας,
2803 1673 2899 1728 καὶ
2921 1673 3081 1728 πάλιν
3109 1673 3453 1728 ἐναλλάσσειν
3476 1673 3637 1738 αὐτὰ,
3669 1670 3814 1726 ὥστε

565 1768 778 1822 tcrdum
815 1766 1133 1823 defenéorcs
1178 1766 1370 1833 facies,
1391 1766 1663 1822 interdum
1705 1775 1926 1836 contra,
1965 1775 2025 1822 ut
2065 1765 2132 1821 ad

2242 1765 2332 1840 [τὰ
2365 1764 2488 1838 μὲν]
2510 1766 2640 1829 τοὺς
2657 1765 2998 1837 κούρσωρας,
3030 1766 3098 1820 τὰ
3125 1765 3179 1819 δὲ
3212 1765 3585 1837 διαφένσωρος
3604 1767 3813 1829 ποιεῖν,

565 1872 781 1913 onmem
814 1873 974 1914 usum
1001 1858 1175 1928 parati
1205 1857 1335 1914 sint.

635 2037 724 2092 46.
760 2037 1022 2092 Similiter
1065 2038 1252 2105 facies,
1285 2046 1463 2095 turma
1517 2038 1703 2110 aliqua
1738 2052 1802 2095 se
1825 2047 2137 2104 exercente,

563 2141 622 2188 et
655 2129 774 2188 acie
818 2133 993 2202 prima
1037 2141 1128 2188 aut
1180 2133 1419 2188 secunda
1464 2139 1566 2188 hoc
1607 2131 1862 2190 faciente.
1906 2133 2141 2188 Adverte

565 2232 749 2278 autem
773 2222 1119 2294 potissimum
1150 2225 1248 2278 has
1271 2224 1606 2280 orbiculatas
1635 2239 1925 2280 cursorum
1954 2223 2140 2280 incure

567 2314 773 2379 siones,
798 2315 891 2370 ubi
913 2315 1126 2371 diversa
1153 2322 1206 2370 et
1229 2317 1377 2371 varia
1401 2315 1579 2371 banda
1609 2316 1723 2372 sive
1745 2316 1999 2372 cohortes
2022 2315 2142 2370 τοο-

570 2409 698 2474 rint,
722 2418 783 2465 ut
810 2408 864 2464 in
887 2409 1025 2465 duas
1047 2417 1223 2465 sortes
1245 2408 1576 2474 dividantur,
1600 2417 1655 2463 et
1692 2408 1972 2464 contrario
1999 2406 2143 2462 inter

569 2517 629 2557 se
655 2509 802 2555 motu
831 2508 1074 2567 currant,
1108 2508 1162 2555 et
1190 2501 1403 2555 obviam
1435 2502 1537 2556 sibi
1573 2511 1760 2557 mutuo
1794 2501 1945 2566 fiant,
1970 2501 2140 2556 altera

569 2594 724 2661 foris,
755 2595 918 2649 altera
961 2593 1190 2651 interius
1229 2594 1522 2660 currendo,
1553 2603 1614 2649 ut
1647 2610 1713 2650 ne
1752 2593 2143 2666 impedimento

569 2688 846 2759 equitibus
876 2689 1008 2744 sint.

640 2801 730 2857 47.
769 2801 971 2859 Deinde
1007 2803 1250 2859 latrones
1286 2803 1403 2859 sive
1443 2801 1719 2869 laterauos
1738 2812 1792 2858 et
1811 2802 2143 2870 cornistites,

570 2895 624 2951 id
668 2905 781 2960 est,
825 2910 920 2951 eos
964 2895 1056 2965 qui
1099 2895 1167 2951 ad
1211 2895 1636 2951 circumdandos
1675 2909 1705 2949 a
1751 2895 1937 2950 dextra
1991 2904 2146 2964 parte

572 2991 758 3046 hostes
790 2989 1052 3055 locaturi,
1081 2989 1369 3060 separatim
1414 3005 1536 3044 cum
1573 2988 1680 3043 illis
1724 2989 2053 3059 δρουγγιστὶ,
2092 2987 2145 3043 id

569 3091 678 3147 est,
711 3080 999 3139 confertim
1021 3093 1074 3138 et
1099 3082 1262 3138 simul
1286 3080 1616 3136 incursando
1647 3095 1920 3135 exerceas.
1962 3078 2067 3134 Sed
2093 3078 2145 3133 id

2166 1838 2211 1898 Β
2240 1838 2335 1914 καὶ
2386 1858 2516 1923 τοὺς
2573 1858 2968 1929 διαφὲνσωρας,
3037 1857 3179 1912 ὥστε
3227 1858 3364 1928 πρὸς
3415 1858 3517 1928 τὴν
3549 1855 3816 1912 δοκοῦσαν

2238 1953 2428 2028 χρείαν
2462 1953 2713 2025 ἑτοίμους
2737 1953 2935 2017 αὐτοὺς
2963 1946 3124 2008 εἶναι.

2309 2047 2427 2122 μς’.
2469 2047 2702 2119 Ὁμοίως
2749 2045 2806 2101 δὲ
2866 2047 3040 2101 ποιεῖν
3066 2044 3159 2100 καὶ
3189 2043 3434 2116 τούρμας
3462 2041 3816 2114 γυμναζομέ-

2239 2161 2338 2213 νης
2362 2137 2720 2214 παρατάξεως
2739 2139 2988 2212 πρώτης,
3018 2139 3111 2193 καὶ
3140 2135 3499 2208 παρατάξεως
3525 2136 3807 2208 δευτέρας.

2252 2232 2579 2302 Ἐπισκέψαι
2632 2231 2690 2286 δὲ
2739 2232 2822 2294 είς
2879 2230 2978 2295 τὰς
3033 2227 3366 2291 κυκλοειδεῖς
3421 2225 3645 2291 ἐλασίας
3704 2225 3816 2279 τῶν

2240 2324 2572 2398 κουρσώρων
2624 2325 2758 2377 ὅπου
2793 2323 3023 2393 διάφορα
3058 2319 3222 2391 βὰνδα
3273 2317 3646 2392 εὑρίσκονται,
3672 2317 3813 2373 ὥστε

2243 2423 2321 2484 είς
2367 2416 2462 2472 δύο
2515 2416 2690 2487 ἀρχάς
2721 2414 2893 2470 ταῦτα
2937 2412 3276 2485 μερίζεσθαι,
3309 2410 3406 2467 καὶ
3437 2409 3685 2465 ἐλαύνειν
3714 2408 3815 2480 τὴν

2241 2508 2492 2568 ἐναντίαν
2542 2509 2809 2580 ἀλλήλων,
2861 2506 2957 2562 καὶ
2998 2505 3093 2561 ὑπ’
3139 2504 3309 2570 αὐτὰς
3330 2504 3430 2570 τὰς
3453 2503 3648 2576 ἀρχὰς,
3715 2501 3817 2572 τὴν

2245 2605 2349 2677 μὲν
2381 2603 2510 2676 μίαν
2526 2601 2654 2671 ἔξω,
2681 2601 2782 2672 τὴν
2807 2600 2865 2654 δέ
2896 2599 3154 2670 δευτέραν
3186 2596 3440 2668 ἐσωτέρω
3470 2595 3706 2669 τρέχειν,
3728 2597 3814 2649 ἵνα

2248 2697 2323 2771 μὴ
2350 2695 2785 2770 προσκρούματα
2805 2678 3192 2766 καόαλλαρίων
3220 2691 3497 2761 γίνωνται.

2314 2813 2424 2888 μζ.
2484 2813 2612 2869 Δέον
2662 2811 2722 2866 δέ
2779 2811 2876 2866 καὶ
2922 2809 3391 2880 πλαγιοφύλακας,
3422 2808 3519 2862 καὶ
3570 2807 3812 2877 ὑπερκεο

2248 2907 2473 2983 ραστὰς,
2505 2907 2676 2978 ἤγουν
2702 2905 2828 2968 τοὺς
2854 2902 2952 2962 τὰς
2975 2901 3277 2965 κυκλώσεις
3318 2898 3428 2954 ἀπὸ
3483 2896 3578 2952 τοῦ
3638 2893 3816 2964 δεξιοῦ

2251 2999 2449 3071 μέρους
2511 2994 2800 3058 ποιοῦντας
2874 2992 3018 3056 ίδίως
3075 2991 3211 3065 μετὰ
3257 2989 3434 3045 αὐτῶν
3481 2989 3814 3062 δρουγγιστὶ,

2248 3091 2413 3161 ἤγουν
2455 3089 2692 3151 πυκνοὺς
2744 3086 2839 3140 καὶ
2886 3084 3022 3155 ὁμοῦ
3079 3083 3451 3153 ἐμπίπτοντας
3492 3079 3814 3151 γυμνάζειν,

570 3177 929 3251 ριέιίίιειῑεὸε
951 3179 1134 3234 causis
1152 3185 1414 3247 quantum
1446 3184 1601 3246 potes
1619 3174 1926 3229 clanculum
1954 3173 2142 3228 facias.

2247 3183 2617 3245 λανθανόντως
2654 3179 2711 3234 δὲ
2743 3179 2811 3233 δι’
2835 3178 2905 3250 ἦν
2929 3175 3187 3248 ἀνωτέρω
3218 3174 3443 3244 εἴπομεν
3471 3172 3674 3230 αἰτίαν.

643 3295 733 3351 48.
771 3293 957 3365 Itaque
983 3293 1028 3348 si
1059 3292 1214 3363 quasi
1236 3291 1500 3346 adversus
1535 3289 1708 3345 aciem
1740 3288 1978 3343 hostium
2009 3285 2144 3342 emi-

575 3403 681 3444 nus
711 3388 1092 3448 exsistentem,
1130 3392 1255 3440 tuos
1286 3380 1635 3446 instruxeris,
1678 3393 1876 3435 accura
1914 3386 1972 3433 ut
2000 3392 2144 3433 exae-

574 3492 814 3553 quentur
841 3480 969 3542 illis.
999 3489 1056 3536 et
1090 3493 1196 3532 non
1233 3473 1736 3531 circumveniantur
1764 3471 1832 3525 ab
1869 3469 1958 3526 iis.
1991 3467 2045 3523 in
2079 3468 2145 3524 iis

575 3589 698 3645 quae
726 3574 974 3629 cominus
1002 3581 1130 3628 sunt
1157 3570 1354 3641 perfice
1388 3575 1450 3624 ut
1479 3567 1666 3624 hostes
1693 3581 1723 3621 a
1756 3566 1868 3621 tuis
1906 3562 2145 3618 circum-

578 3667 794 3733 dentur,
827 3666 1015 3737 paucis
1044 3663 1317 3736 equitibus
1355 3676 1454 3732 per
1487 3659 1756 3731 simplicia
1787 3655 2146 3714 contubernia

581 3776 756 3832 usque
798 3760 862 3813 ad
903 3759 1064 3814 unius
1099 3768 1265 3828 atque
1304 3756 1531 3812 alterius
1560 3752 1806 3809 cohortis
1836 3745 2144 3804 multitudi-

581 3869 705 3910 nem
739 3853 897 3924 quasi
941 3852 1194 3907 hostibus
1234 3847 1571 3922 przepositis,
1612 3854 1672 3902 ut
1712 3845 2004 3900 adversum
2053 3855 2147 3896 eos

580 3959 695 4004 tum
729 3948 795 4002 ad
838 3946 1163 4010 lunandum,
1209 3954 1322 3998 tum
1351 3944 1417 3997 ad
1452 3936 1990 3997 circumveniendum
2027 3949 2148 4000 eos,

579 4041 893 4098 cornistitcs
934 4039 1190 4106 dirigant.
1240 4035 1438 4090 Deinde
1482 4034 1560 4088 sic
1587 4029 1678 4101 qui
1719 4044 1844 4082 cum
1886 4024 1994 4081 illis
2020 4039 2148 4078 vcr-

581 4146 801 4195 santur,
821 4131 1133 4200 δρουγγιστὶ
1155 4128 1305 4200 quasi
1338 4142 1488 4182 maza
1519 4123 1682 4179 simul
1710 4117 2015 4175 clanculum
2046 4114 2148 4186 ipsi

583 4230 682 4285 soli
707 4229 771 4284 de
802 4225 1098 4296 improviso
1119 4222 1467 4278 contentione
1497 4217 1734 4289 quadam
1758 4213 1920 4269 celeri
1952 4225 2148 4266 excuro

584 4331 788 4383 rentes.
819 4335 849 4375 a
888 4330 1057 4390 tergo,
1093 4317 1142 4373 id
1191 4327 1294 4379 est,
1332 4314 1537 4385 postica
1567 4317 1722 4383 parte
1753 4307 1990 4364 hostium
2026 4304 2150 4359 illos

584 4417 636 4469 in
647 4413 858 4468 radaut.

652 4529 741 4586 49.
766 4527 860 4583 liae
907 4527 1070 4598 igitur
1090 4523 1508 4580 exercitationes
1532 4519 1805 4590 simplices
1830 4522 1977 4577 sunt,
1998 4527 2149 4569 com-

583 4623 823 4678 munitcr
854 4629 1030 4675 tamen
1063 4618 1262 4674 multas
1279 4615 1555 4676 cohortes,
1596 4621 1648 4666 et
1679 4607 1928 4680 privatim
1963 4619 2155 4659 unam-

583 4731 861 4786 quamque
908 4713 1188 4770 cohortem
1235 4711 1426 4765 idonee
1478 4715 1764 4767 exercent,
1813 4714 1868 4756 et
1916 4698 2152 4754 inimicis

586 4809 733 4863 acies
765 4815 953 4861 nostra
987 4802 1210 4858 minime
1241 4801 1505 4873 aperitur.
1531 4798 1654 4854 Ista:
1698 4793 2152 4851 exercitationum

588 4900 776 4956 forma!
797 4897 1013 4968 scriptis
1038 4895 1315 4952 tradendae
1335 4892 1666 4949 turmarchis
1691 4891 1796 4945 tuis
1821 4896 1972 4950 sunt,
1994 4894 2048 4942 et
2067 4899 2154 4939 re-

588 4992 753 5062 liquis
782 4989 1102 5046 cohortibus
1129 5004 1253 5058 qua:
1274 4986 1568 5058 separatim
1595 4995 1943 5038 exercentur.

659 5187 750 5242 50.
787 5186 1131 5254 Assucfacito
1156 5187 1219 5241 ad
1247 5184 1558 5257 hujusmodi
1581 5185 2021 5249 exercitationes,
2046 5201 2152 5240 non

591 5285 766 5336 solum
802 5281 854 5333 iu
888 5279 1307 5348 campestribus,
1340 5279 1433 5333 sed
1467 5278 1630 5332 etiam
1663 5278 1716 5331 in
1751 5277 1887 5332 aviis
1914 5286 1969 5330 et
2000 5291 2155 5345 aspe-

590 5377 688 5438 ris,
719 5375 772 5428 in
800 5373 987 5428 arduis
1019 5383 1072 5428 et
1104 5371 1422 5434 acclivibus,
1455 5371 1509 5425 in
1545 5370 1850 5426 declivibus
1877 5381 1932 5426 ct
1964 5370 2151 5440 pronis

590 5468 722 5524 locis
747 5487 760 5522 :
794 5479 845 5522 ct
874 5467 990 5537 ipso
1027 5473 1193 5521 aestus
1233 5463 1630 5534 squallorisque
1649 5468 1889 5534 tempore
1917 5461 2045 5517 utile
2068 5469 2152 5516 est

2314 3302 2425 3366 μη’.
2460 3295 2620 3348 Ὥστε
2679 3292 2760 3355 είς
2807 3291 2907 3362 μὲν
2935 3289 3033 3353 τὰς
3076 3289 3426 3362 μακροτέρας
3483 3286 3820 3360 παρατάξεις

2243 3388 2354 3445 τῶν
2380 3386 2636 3441 ἐναντίων
2665 3386 2753 3439 ἵνα
2793 3384 3036 3448 ίσῶνται,
3067 3383 3164 3438 καὶ
3199 3383 3275 3453 μὴ
3333 3383 3393 3435 ἐν
3441 3381 3571 3452 περὶ
3613 3380 3821 3451 λαμβὰο

2243 3499 2438 3535 νωνται
2461 3479 2535 3550 (8)
2567 3477 2658 3531 ὑπ’
2707 3475 2889 3532 αὐτῶν
2913 3491 2928 3506 ·
2958 3473 3101 3528 κατὰ
3140 3473 3196 3527 δὲ
3227 3472 3336 3526 τῶν
3369 3471 3698 3541 κοποτὲρων
3739 3470 3820 3534 είς

2245 3571 2305 3625 τὺ
2338 3572 2438 3634 τὰς
2467 3568 2769 3632 κυκλώσεις
2812 3564 3086 3619 ποιεῖσθαι
3134 3560 3606 3632 ἀντιτασσομένων
3639 3559 3818 3614 αὐτῶν

2241 3664 2443 3733 ὀλίγων
2473 3658 2851 3730 καὸαλλαρίων
2903 3659 2995 3710 ἐπὶ
3020 3655 3200 3725 ἁπλῆς
3233 3655 3395 3720 ἁκίας
3449 3653 3579 3723 ἄχρι
3619 3649 3736 3716 ἐνὸς
3783 3649 3818 3722 ἦ

2246 3755 2498 3826 δευτέρου
2526 3753 2742 3825 βάνδου,
2777 3751 2852 3814 ὡς
2882 3748 3150 3814 ἐναντίου,
3185 3747 3272 3801 ἵνα
3321 3746 3458 3818 πρὸς
3493 3745 3692 3807 αὐτοὺς
3719 3759 3820 3797 και

2247 3846 2528 3913 νονίζωσιν
2548 3845 2601 3899 oi.
2638 3843 3048 3915 ύπερκερασταὶ
3077 3841 3346 3915 πρότερον
3375 3841 3692 3910 ύπερκερᾷν
3719 3837 3821 3891 αὒ-

2247 3940 2394 4004 τοὺς,
2426 3939 2544 4010 ἦτοι
2571 3934 2830 3991 κυκλοῦν.
2869 3930 2980 3988 Εἶθ’
3015 3932 3189 3997 οὕτως
3250 3931 3592 3995 συνελθόντες
3623 3928 3818 3993 αὐτοὺς

2247 4029 2587 4101 δρουγγιστὶ,
2603 4027 2771 4100 ἤγουν
2796 4025 2872 4090 ὡς
2907 4024 3073 4092 μάζα,
3097 4023 3234 4096 ὁμοῦ
3269 4022 3643 4086 λανθανόντως
3668 4021 3822 4075 αὐτοὶ

2252 4125 2408 4194 μόνοι
2440 4123 2595 4191 άφνω
2623 4116 3049 4190 ὕπεξερχὸμενοι
3086 4116 3226 4187 μετὰ
3254 4113 3472 4179 ἐλασίας
3513 4110 3692 4178 ὀξείας
3746 4109 3822 4180 τῷ
3851 4146 3856 4154 ς

2248 4217 2405 4287 νώτῳ
2456 4213 2623 4284 ἤγουν
2657 4207 2796 4266 κατὰ
2847 4209 2909 4261 τὸ
2943 4207 3171 4263 ὄπισθεν
3210 4207 3320 4262 τῶν
3353 4205 3615 4264 ἐναντίων
3643 4202 3820 4259 ἐπιτίο

2252 4307 2460 4364 (latitat.

2329 4507 2436 4578 μθ’.
2498 4497 2669 4560 Αὗται
2727 4497 2820 4559 οὖν
2874 4505 2929 4558 αἱ
2959 4498 3258 4575 γυμνασίαι
3312 4497 3483 4552 ἁπλαῖ
3510 4496 3670 4550 είσιν.
3712 4493 3824 4549 Καὶ

2257 4599 2451 4662 κοινῶς
2478 4598 2535 4652 δὲ
2568 4595 2737 4651 πολλὰ
2775 4596 3032 4666 τάγματα
3084 4593 3179 4648 καὶ
3211 4591 3355 4656 ἰδίως
3393 4589 3553 4644 πάλιν
3583 4591 3640 4644 ἐν
3697 4587 3823 4653 τάγ-

2261 4708 2390 4763 ματι
2436 4691 2514 4763 (9)
2569 4691 2841 4763 ἁρμοδίως
2899 4687 3261 4759 γυμνάζουσι,
3291 4685 3385 4738 καὶ
3435 4685 3549 4744 τοῖς
3614 4678 3823 4750 ἐχθροῖς

2258 4783 2534 4852 ἄγνωστος
2561 4784 2594 4853 ἡ
2625 4783 2778 4848 τάξις
2807 4779 3156 4850 φυλάττεται,
3182 4778 3276 4832 καὶ
3304 4775 3426 4831 δέον
3449 4791 3505 4827 σε
3516 4814 3538 4852 ,γ
3559 4766 3604 4825 ὣ
3628 4788 3822 4844 στρατ-

2263 4875 2388 4946 ηγέ,
2422 4874 2627 4935 ταύτας
2661 4875 2760 4937 τὰς
2819 4872 3130 4943 γυμνασίας
3187 4869 3480 4942 ἐγγράφως
3498 4866 3680 4921 δοῦναι
3732 4864 3824 4918 καὶ

2253 4971 2378 5034 τοὺς
2431 4969 2535 5022 ὑπὸ
2563 4969 2623 5022 σέ
2662 4965 3017 5038 τουρμάρχας
3075 4961 3170 5018 καὶ
3225 4963 3336 5025 τοῖς
3382 4958 3563 5022 ἄλλοις
3579 4958 3692 5021 τοῖς
3721 4955 3823 5030 ίδίᾳ

2257 5059 2686 5133 γυμναζομένοις
2717 5059 3013 5130 τάγμασιν.

2325 5178 2389 5233 ν’.
2427 5177 2654 5242 Ἐθίζειν
2684 5176 2740 5230 δὲ
2784 5176 2881 5240 τὰς
2929 5172 3186 5236 τοιαύτας
3215 5171 3524 5242 γυμνασίας
3560 5168 3635 5240 μὴ
3666 5166 3821 5237 μόνον

2256 5275 2314 5326 ἐν
2367 5269 2608 5340 ὁμαλοῖς,
2641 5269 2774 5322 ἀλλὰ
2809 5268 2902 5320 καὶ
2963 5268 3020 5319 ἐν
3046 5265 3332 5325 δυσῦάτοις
3373 5263 3581 5325 τόποις,
3616 5261 3709 5314 καὶ
3744 5259 3820 5321 είς

2257 5363 2515 5434 ὑψηλοὺς,
2544 5364 2639 5416 καὶ
2672 5364 2749 5425 εἰς
2773 5360 3129 5431 κατωφερείς,
3170 5357 3261 5410 καὶ
3309 5357 3368 5408 ἐν
3393 5354 3569 5427 καιρῷ
3603 5353 3660 5406 δέ
3699 5350 3820 5406 καύο

2260 5471 2431 5517 σωνος
2465 5453 2629 5507 καλόν
2664 5454 2780 5505 ἐστι
2807 5450 3104 5521 γυμνάζειν
3137 5447 3231 5501 καὶ
3271 5446 3473 5511 ἐθίζειν
3505 5445 3598 5499 τὸν
3662 5460 3823 5514 στρα-

2091 5573 2328 5633 ΝΟΤΑΕ.

662 5705 737 5770 (7)
793 5705 1178 5774 Διφεστόρων.
1211 5701 1417 5774 Scribe,
1453 5699 1840 5774 διαφενσόρων.

660 5778 738 5842 (tl)
761 5769 871 5832 ‘ls'r'
894 5777 1022 5844 περὶ
1047 5769 1485 5845 νλαμϐἁνωνται.
1537 5769 1728 5828 Scribe
1759 5813 1774 5840 ,
1801 5769 2144 5843 ἐμπεριλαμ-

591 5845 879 5897 σὰνωνται.

627 5864 879 5904 ανωνται.

2315 5696 2391 5764 (9)
2417 5698 2519 5750 Ἐν
2536 5692 2801 5761 τάγματι.
2833 5689 3058 5764 Scrihc._
3098 5687 3156 5740 ἓν
3187 5685 3374 5756 τάγμα
3401 5703 3474 5764 τι.
3533 5683 3820 5764 ριιτοοτοτο

2256 5755 2456 5824 ibidem
2513 5755 2840 5833 sequuntur.
2886 5760 2955 5813 τὰ
2984 5755 3309 5830 ’τάγματαχ
3343 5755 3479 5814 male
3551 5755 3818 5827 geminata

2257 5853 2455 5896 censeo
2488 5854 2502 5901 ;
2537 5837 2719 5904 itaque
2740 5833 2988 5889 delenda.
