4086 6326
325 440 456 507 749

1433 442 1875 509 ΤΑΟΤΙΕΑ.’·-
1907 448 2416 515 CONSTITUTIO
2449 449 2580 514 νη.

3513 451 3620 516 750

326 553 460 609 τόν.
484 552 673 619 οὐδεὶς
696 553 810 628 γάρ
836 545 947 610 οἵδε
976 551 1106 609 πότι
1134 551 1478 627 συμόίισεται
1505 556 1678 630 μάχη,
1709 557 1808 614 καὶ
1866 558 1920 612 τί

2038 560 2342 629 patientiam
2375 560 2626 618 laborum
2663 575 2922 616 exercere
2971 558 3221 614 milites:
3269 572 3440 633 nemo
3464 559 3616 615 enim

331 646 710 720 συμϐήσεται.

413 833 519 884 va’.
553 828 674 899 Χρὴ
699 828 808 901 γὰρ
829 827 1002 894 οὕτως
1051 825 1150 902 τὴν
1178 830 1490 902 γυμνασίαν
1548 831 1822 886 ποιεῖσθαι
1857 831 1931 898 ὡς

320 919 442 974 σπι
474 919 639 975 αὐτοῦ
669 919 766 976 τοῦ
799 921 1062 994 πολέμου.
1085 923 1176 976 Διὸ
1210 923 1306 978 καὶ
1334 925 1494 996 ἡμεῖς
1530 922 1622 978 διὰ
1648 924 1710 978 τὸ
1739 924 1934 995 χρήσι-

330 1031 451 1084 μον
479 1015 573 1070 καὶ
601 1016 672 1070 τά
702 1015 760 1070 ὲν
785 1015 963 1088 καιρῷ
1013 1016 1254 1086 πολέμου
1309 1015 1545 1072 ἐνταῦθα
1602 1018 1930 1090 εἰρήκαμεν.

331 1109 420 1166 Τὸ
469 1111 578 1180 γάρ
626 1110 764 1182 πρὸς
795 1110 922 1174 τοὺς
979 1110 1258 1176 κινδύνους
1309 1109 1584 1177 ἐθίζεσθαι
1623 1109 1930 1184 ἀνδρειοτέ-

335 1217 476 1274 ρους
506 1201 630 1266 τοὺς
669 1199 1012 1271 στρατιώτας
1047 1203 1213 1258 ποιεί.

416 1292 520 1364 νβ’.
566 1293 719 1349 Ἐπεί
744 1295 802 1348 δὲ
833 1294 933 1367 τὴν
966 1295 1076 1350 τῶν
1114 1295 1500 1369 κασαλλαρίων
1534 1296 1843 1370 γυμνασίαν
1869 1296 1934 1350 ὲκ

336 1387 552 1459 μέρους
603 1386 990 1459 διεταξάμεθα,
1023 1387 1202 1459 χρεῶν
1247 1386 1398 1442 ἐστιν
1443 1389 1647 1460 ὁμοίως
1695 1388 1790 1442 καὶ
1833 1387 1934 1458 τὴν

331 1479 455 1532 τῶν
480 1477 722 1546 πεζικῶν
752 1479 1055 1551 ταγμάτων
1079 1481 1391 1553 γυμνασίαν
1441 1498 1527 1534 σοι
1569 1479 1928 1552 διορίσασθαι,

329 1572 474 1626 ὅσον
523 1574 587 1628 ὲκ
620 1571 729 1627 τῶν
781 1573 1029 1644 ἀρχαίων
1083 1573 1382 1642 τακτικῶν,
1414 1575 1508 1629 καὶ
1537 1574 1663 1628 ὅσον
1707 1574 1773 1628 ἐκ
1821 1571 1933 1627 τῶν

332 1666 482 1720 νέων
517 1666 962 1738 παρειλήφαμεν.

415 1756 520 1829 vf.
567 1757 873 1832 Ὀρίζονται
933 1758 1042 1830 (10)
1074 1757 1254 1812 τοίνυν
1296 1761 1352 1814 at
1382 1759 1536 1818 άκίαι
1567 1758 1788 1832 πρῶτον
1839 1758 1933 1812 τὸν

333 1853 442 1908 τοῦ
471 1851 696 1920 πεζικοῦ
718 1853 1002 1925 τάγματος
1033 1853 1170 1926 (ll),
1212 1854 1394 1919 καθὼς
1426 1853 1540 1909 ἄνω
1569 1871 1672 1907 που
1713 1853 1931 1923 ἐσημάνο

2035 652 2139 707 scit
2172 666 2284 723 quo
2323 661 2566 723 tempore
2604 651 2805 707 bellum
2857 650 3141 715 futurum,
3180 657 3245 703 et-
3264 648 3528 721 quidnam
3560 651 3618 707 in

2034 744 2179 801 bello
2210 760 2314 801 usu
2345 755 2636 800 venturum
2671 745 2766 800 sit.

2105 836 2197 895 51.
2232 836 2314 892 ita
2343 834 2666 892 exercitatio
2704 833 3070 900 instituenda,
3105 832 3260 903 quasi
3296 830 3497 888 bellum
3534 832 3617 902 ip-

2034 945 2156 986 sum
2205 939 2506 1002 gereretur.
2558 929 2744 999 Itaque
2799 926 3054 983 utilitatis
3098 942 3279 984 causa
3315 942 3384 983 ne
3437 925 3621 981 bellici

2034 1023 2254 1096 quidem
2306 1022 2569 1094 temporis
2618 1019 2927 1077 similitudo
2973 1019 3434 1092 praetermittenda
3497 1027 3619 1075 est:

2034 1131 2163 1170 nam
2191 1117 2306 1172 haec
2328 1114 2663 1171 assuefactio
2693 1113 3064 1185 periculorum
3089 1114 3251 1184 longe
3282 1111 3620 1167 robustiores

2034 1209 2242 1265 milites
2273 1207 2429 1263 facit.

2105 1302 2198 1359 52.
2224 1303 2495 1370 Quoniam
2519 1310 2829 1374 equestrem
2858 1299 3302 1358 exercitationem
3344 1298 3524 1369 aliqua
3555 1313 3622 1354 ex

2035 1406 2189 1470 parte
2229 1396 2534 1469 attigimus,
2581 1394 2663 1451 sic
2703 1391 2972 1465 pedestris
3000 1391 3138 1448 aciei
3172 1391 3623 1446 exercitationem

2036 1506 2144 1546 non
2178 1488 2691 1561 praetermittemus,
2727 1501 2892 1558 quam
2923 1484 3010 1540 vel
3039 1499 3103 1539 ex
3142 1483 3417 1554 antiquis,
3446 1484 3527 1538 vel
3557 1501 3624 1538 ex

2035 1582 2440 1640 recentioribus
2483 1581 2560 1637 rei
2591 1579 2850 1637 militaris
2888 1577 3252 1650 scriptoribus
3287 1574 3621 1648 accepimus.

2107 1766 2194 1822 53.
2236 1765 2511 1821 Pedestris
2563 1765 2700 1821 aciei
2733 1765 2971 1836 primum
3019 1764 3377 1822 contubernia
3407 1764 3612 1822 descri-

2036 1859 2256 1923 bantur,
2287 1856 2754 1927 quemadmodum
2791 1865 2950 1911 antea
2982 1857 3364 1927 praecepimus,
3392 1865 3449 1909 ut
3476 1870 3625 1924 quaso

333 1966 525 2021 ναμεν
551 1988 566 2013 ,
599 1947 742 2002 ὥστε
774 1948 1069 2002 τάσσεσθαι
1096 1945 1249 2011 τινάς
1307 1947 1407 2019 μὲν
1444 1947 1732 2020 ἀριστερᾷ,
1783 1945 1933 2008 τινὰς

2039 1951 2160 2008 dam
2199 1951 2263 2006 ad
2297 1951 2508 2014 laevam,
2555 1950 2802 2022 quadam
2842 1949 2908 2005 ad
2950 1948 3193 2004 dextram
3233 1949 3478 2005 cohortis
3506 1948 3622 2002 sise

335 2041 401 2096 δὲ
429 2041 579 2112 δεξιᾷ
612 2039 704 2095 τοῦ
736 2040 952 2111 paventi,
981 2040 1099 2112 ἦτοι
1169 2041 1265 2095 τοῦ
1300 2041 1587 2112 ἄρχοντος.
1653 2039 1765 2093 Καὶ
1811 2053 1941 2108 προ-

336 2133 721 2208 πορευομένου
749 2132 844 2188 τοῦ
873 2134 1131 2205 ἄρχοντος
1187 2135 1306 2204 ἅμα
1338 2132 1420 2204 τῷ
1448 2131 1783 2203 βανδοφόρῳ,
1846 2129 1942 2182 καὶ

335 2228 426 2300 τῷ
450 2227 765 2300 μανδάτωρι
791 2266 810 2292 ,
866 2227 962 2282 καὶ
1014 2227 1374 2299 βουκινάτωρι
1400 2267 1419 2293 ,
1457 2222 1940 2290 ἐπακολουθοῦσιν,

334 2320 423 2377 ὡς
455 2320 785 2395 ιῖιρίσθησαν1
813 2320 1063 2392 ὀλιχαγοὶ
1091 2322 1230 2394 (12),
1253 2322 1423 2394 ἦγουν
1451 2324 1500 2375 οἱ
1532 2322 1938 2392 πρωτοστάται,

335 2415 374 2486 ἢ
401 2413 693 2486 δέκαρχοι,
727 2413 946 2486 πρῶτον
983 2413 1035 2468 οἱ
1077 2412 1174 2468 τοῦ
1210 2411 1504 2486 ἀριστεροῦ
1556 2411 1779 2485 μέρους,
1842 2412 1940 2468 καὶ

332 2509 474 2563 τότε
493 2507 586 2563 τοῦ
612 2507 812 2575 δεξιοῦ.

416 2599 515 2660 νδ’.
575 2601 889 2674 Γενομένων
934 2603 992 2657 δὲ
1031 2601 1214 2658 αὐτῶν
1262 2603 1322 2656 ὲν
1349 2600 1426 2674 τῷ
1470 2601 1572 2673 τῆς
1629 2601 1940 2674 γυμνασίας

335 2697 522 2767 τόπῳ,
552 2698 586 2768 ἢ
609 2697 710 2768 τῆς
737 2697 1117 2769 παρατάξεως,
1144 2696 1357 2752 ἵσταται
1385 2697 1413 2751 δ
1443 2697 1646 2769 ἄρχων,
1680 2697 1773 2752 καί
1800 2696 1940 2767 μετά

337 2788 513 2845 αὑτὸν
559 2792 588 2843 ὁ
649 2789 995 2862 βανδοφόρος,
1052 2790 1146 2843 καὶ
1193 2789 1246 2843 εί
1290 2805 1372 2854 τις
1411 2789 1597 2863 ἔτερος
1649 2787 1788 2842 κατὰ
1816 2806 1942 2842 συν-

337 2882 554 2954 ήθειαν.
585 2882 692 2936 Καὶ
711 2882 1152 2953 παρατάσσονται
1178 2882 1332 2936 αὐτοὶ
1361 2880 1515 2935 ἔνθεν
1544 2881 1638 2937 καὶ
1673 2881 1931 2935 κάκεῖθεν

336 2976 401 3031 αἱ
446 2973 600 3030 άκίαι
627 2975 702 3038 ὡς
727 2973 1064 3046 ὡρίσθησαν,
1114 2973 1334 3046 πρῶτον
1388 2975 1444 3028 ὲν
1487 2973 1796 3047 ἀραιοτέρῳ
1825 2975 1940 3030 δια-

340 3067 612 3140 στήματι,
637 3067 728 3123 ἵνα
762 3067 838 3140 μὴ
871 3066 1264 3139 συντρίϐωνται
1289 3067 1384 3121 ὑπ’
1411 3067 1675 3139 ἀλλήλων,
1705 3067 1814 3121 ἀπὸ
1851 3064 1940 3132 ις’

336 3161 406 3213 τὸ
458 3158 641 3229 βάθος,
671 3159 840 3232 ἤγουν
861 3160 922 3213 τὸ
954 3161 1149 3230 πάχος,
1185 3159 1410 3231 ἔχουσαι
1445 3161 1539 3214 καὶ
1586 3161 1712 3224 τοὺς
1747 3159 1937 3230 ψιλοὺς

337 3252 605 3318 δπισθεν,
641 3252 710 3306 τὰ
731 3251 790 3306 δὲ
825 3251 955 3324 ξίφη
989 3252 1099 3306 τῶν
1145 3254 1445 3326 κονταρίων
1495 3255 1608 3309 ἂνω
1648 3250 1938 3325 βλέποντα,

1963 3311 2010 3373 C

2041 2040 2280 2112 praefecti
2305 2041 2638 2096 collocentur
2685 2057 2700 2094 :
2741 2055 2979 2111 cumque
3000 2039 3286 2111 praefectus
3310 2038 3483 2094 simui
3497 2054 3622 2094 cum

2039 2135 2302 2207 signifero
2323 2143 2379 2189 et
2407 2132 2751 2198 mandatore,
2780 2141 2838 2189 et
2865 2132 3224 2188 huccinatorc
3249 2131 3514 2202 procedit,
3536 2147 3624 2187 se-

2038 2235 2280 2298 quantur
2307 2226 2768 2297 quemadmodum
2805 2224 3091 2281 constituti
3134 2224 3353 2281 fuerant
3384 2221 3622 2295 lochagi,

2040 2320 2094 2376 id
2121 2329 2239 2384 est,
2275 2320 2542 2389 pmstites
2577 2328 2631 2375 et
2661 2318 2858 2375 decani
2889 2317 3103 2375 sinistri
3137 2317 3326 2374 lateris
3359 2318 3622 2389 primum.

2039 2414 2238 2474 deinde
2268 2414 2470 2471 dextri.

2113 2613 2200 2667 5t.
2237 2611 2338 2668 Ubi
2373 2612 2426 2667 in
2453 2610 2867 2667 exercitati-onis
2891 2609 3006 2666 sive
3030 2609 3314 2665 instructae
3345 2607 3479 2664 aciei
3505 2607 3626 2664 loco

2040 2702 2274 2769 fuerint,
2315 2712 2420 2760 stet
2456 2701 2768 2775 praefectus,
2806 2711 2862 2758 et
2906 2717 3030 2756 cum
3068 2716 3135 2757 eo
3181 2700 3432 2773 signifer,
3486 2708 3542 2754 et
3577 2699 3622 2754 si

2040 2796 2166 2868 quis
2200 2797 2342 2852 alius
2383 2812 2508 2852 cum
2543 2811 2611 2851 eo
2642 2810 2767 2851 esse
2798 2795 3124 2858 consuevit,
3171 2793 3624 2862 instruanturque

2040 2889 2402 2948 contubernia
2449 2890 2576 2943 hinc
2621 2897 2787 2960 atque
2825 2886 3012 2952 illinc,
3060 2886 3328 2956 primum.
3362 2887 3628 2953 quemad-

2041 2983 2264 3040 modum
2292 2981 2621 3052 explicatum
2656 2988 2814 3034 antea
2849 2987 2952 3045 est,
2979 2979 3189 3034 laxiore
3216 2988 3270 3033 et
3302 2978 3510 3032 rariore
3542 2977 3627 3030 in-

2044 3072 2313 3138 tervallo,
2354 3079 2415 3128 ut
2449 3087 2515 3126 ne
2553 3085 2584 3125 a
2627 3085 2688 3126 se
2727 3079 2918 3125 mutuo
2947 3071 3258 3140 aliligantur
3287 3088 3300 3124 :
3333 3069 3529 3124 deinde
3559 3068 3625 3124 ad

2042 3168 2281 3226 sedecim
2331 3165 2576 3222 virorum
2623 3164 3008 3229 altitudinem.
3051 3165 3104 3221 id
3141 3174 3246 3231 est,
3279 3164 3626 3233 profundita-

2045 3271 2175 3317 tem.
2213 3252 2480 3331 Cuspides
2529 3260 2810 3314 hastarum
2847 3274 3068 3316 sursum
3117 3269 3330 3315 erectas
3367 3261 3625 3324 habeant,

339 3345 439 3400 ἵνα
472 3344 548 3417 μὴ
572 3345 974 3416 ἑμποδίζωνται
1014 3345 1104 3400 ὑπ’
1134 3345 1334 3401 αὐτῶν.
1375 3346 1729 3418 Ἐμπροσθεν
1758 3346 1815 3401 δὲ
1838 3347 1933 3399 τοῦ

2041 3368 2112 3409 ne
2137 3352 2204 3406 ab
2232 3352 2339 3407 illis
2373 3350 2755 3420 impediantur.
2786 3353 2928 3406 Ante
2972 3350 3205 3406 frontem
3250 3351 3386 3406 aciei
3430 3351 3626 3406 ambu-

341 3436 606 3509 μετώπου
660 3435 1078 3508 περιπατοῦσιν,
1109 3439 1137 3491 ὁ
1191 3439 1504 3511 μανδάτωρ,
1548 3440 1576 3493 ὁ
1630 3439 1937 3511 καμπιδούο

340 3547 521 3600 κτωρ,
558 3529 725 3599 ἧγουν
755 3530 782 3583 ὁ
807 3528 999 3600 ὀδηγὺς
1031 3528 1140 3583 τῶν
1169 3529 1371 3593 τόπων,
1393 3533 1422 3584 ὁ
1449 3531 1548 3601 μὲν
1579 3531 1703 3595 τοὺς
1733 3531 1936 3595 τόπους

339 3621 652 3694 άνερευνῶν
679 3621 774 3676 καὶ
809 3622 1040 3695 ὁδηγῶν,
1070 3625 1099 3678 ὁ
1123 3623 1180 3679 δὲ
1225 3624 1294 3679 τὰ
1328 3624 1573 3697 μανδάτα
1598 3623 1792 3698 γνώμῃ
1838 3621 1934 3678 τοῦ

341 3716 610 3790 ἄρχοντος
633 3715 831 3781 διδούς.

423 3805 523 3861 νε’.
562 3806 672 3861 Καὶ
698 3809 748 3862 si
781 3806 883 3879 μιν
900 3807 1086 3880 τάγμα
1137 3807 1256 3863 ἐστὶ
1294 3809 1354 3864 τὸ
1381 3809 1818 3882 γυμναζόμενον,
1845 3811 1936 3867 τδν

341 3898 440 3956 τοῦ
470 3901 751 3972 τάγματος
778 3901 1018 3974 ἄρχοντα
1071 3902 1383 3976 ἔμπροσθεν
1417 3906 1738 3975 περιπατεῖν
1797 3906 1935 3974 μετᾶ

346 3996 700 4070 μανδάτωρος
751 4000 847 4053 καὶ
898 4000 1424 4073 καμπιδούκτωρος·
1483 4002 1532 4055 εί
1585 4000 1644 4055 δὲ
1700 4003 1934 4074 τοὺρμα,

341 4087 704 4160 γυμνάζεται,
747 4089 954 4161 μηδένα
1009 4090 1320 4162 ἔμπροσθεν
1371 4096 1696 4163 περιπατεῖν
1751 4095 1799 4148 εί
1859 4095 1934 4166 μὴ

339 4183 700 4256 τουρμάρχην
765 4183 1132 4256 καόαλλὰριον
1198 4185 1338 4256 μετὰ
1392 4186 1762 4258 μανδατώρων
1816 4187 1932 4253 δύο,

343 4275 853 4347 καμπιδουκτώρων
920 4277 1014 4331 δύο
1061 4277 1197 4346 (15),
1251 4277 1566 4349 στράτωρος
1619 4278 1758 4347 ἑνὸς,
1840 4281 1937 4334 καὶ

345 4365 630 4421 σπαθάτου
689 4367 831 4432 ἑνὸς,
882 4368 1002 4439 ἦτοι
1044 4367 1139 4421 τοῦ
1163 4367 1232 4421 τὰ
1263 4368 1404 4423 ὅπλα
1427 4368 1517 4422 τοῦ
1541 4369 1799 4440 ἄρχοντος
1824 4371 1935 4441 φέ-

345 4475 555 4528 ροντος,
607 4458 711 4523 ἕως
763 4450 824 4512 οὗ
862 4458 1093 4531 πλησίον
1142 4459 1244 4530 τῆς
1285 4459 1563 4532 συμϐολῆς
1629 4463 1859 4532 γένηται
1898 4463 1932 4535 ἢ

343 4552 701 4624 παραταγῆςο
729 4553 850 4606 τότε
876 4553 933 4605 δὲ
968 4556 1025 4606 ὲν
1049 4558 1114 4625 τῇ
1150 4558 1438 4626 παραταγῇ
1468 4555 1727 4624 ἀσφαλῶς
1748 4557 1928 4630 εἰσέρ-

343 4660 499 4713 χεται
536 4644 594 4696 ὲν
635 4634 680 4712 ᾧ
712 4642 861 4712 τόπῳ
888 4643 948 4696 τὸ
973 4643 1164 4714 βάνδον
1188 4643 1355 4698 αὐτοῦ
1382 4645 1663 4701 τέτακται.

414 4735 525 4800 νς’.
574 4736 667 4809 Μὴ
719 4737 1127 4810 συμπλέκεσθαι
1187 4739 1242 4792 δὲ
1301 4738 1600 4803 αὑτὺντοῖς
1639 4740 1932 4808 ἐναντίοις,

345 4828 481 4900 μηδὲ
521 4826 765 4899 βούκινον
789 4827 956 4899 λέγῃς
987 4827 1216 4882 ἑκάστου
1253 4829 1477 4899 μέρους,
1509 4829 1649 4899 πλὴν
1671 4829 1763 4883 τοῦ
1791 4848 1929 4901 μξρ-

343 4925 536 4994 ἀρχου,
595 4922 705 4975 εἴτε
739 4920 871 4992 μίαν
924 4920 1171 4992 τούρμαν
1206 4919 1320 4991 ἔχει
1370 4920 1432 4973 τὸ
1467 4921 1655 4992 μέρος,
1684 4922 1790 4975 εἴτε
1816 4922 1929 4988 δύο,

341 5015 453 5069 εἴτε
487 5013 757 5081 πλείονας,
796 5013 900 5068 κᾶν
925 5014 972 5066 εί
1006 5012 1189 5085 συμϐῇ
1217 5011 1386 5067 πολλὰ
1413 5005 1554 5067 εἶναι
1594 5013 1662 5066 τὰ
1683 5012 1928 5083 βούκινα,

345 5109 433 5163 ἵνα
485 5107 561 5179 μὴ
591 5105 1147 5178 θορύϐου-γενομένου
1199 5105 1519 5160 κωλύωνται
1557 5105 1626 5160 τά
1682 5106 1929 5177 μανδάτα

343 5201 717 5267 ἐξακούεσθαι.
777 5201 887 5254 Καὶ
934 5201 981 5253 οἱ
1049 5199 1149 5269 μὲν
1205 5198 1420 5253 ὁπλῖται
1454 5196 1629 5264 πεζοὶ,
1674 5198 1841 5269 ἤγουν
1880 5201 1927 5252 οί

345 5293 629 5349 σκουτάτοι
655 5293 944 5347 τάσσονται
966 5291 1159 5355 οὕτως.

411 5387 509 5453 νζ’.
531 5387 595 5441 Ol
626 5385 682 5439 δὲ
710 5385 855 5457 ψιλοὶ
879 5386 1020 5439 κατὰ
1041 5384 1329 5456 διαφόρους
1353 5382 1585 5454 τρόπους
1610 5383 1922 5447 τάσσονται,

346 5481 511 5552 ἧγουν
542 5481 593 5531 οἱ
624 5477 1010 5549 ἀκροϐολισταὶ
1051 5475 1161 5533 (Hi
1226 5473 1325 5535 μὲν
1361 5475 1528 5530 πάλαι
1578 5471 1922 5544 καλούμενοι,

2038 3447 2153 3502 lent
2183 3446 2469 3502 mandator
2500 3455 2554 3500 et
2587 3445 2991 3516 campiductor,
3021 3445 3072 3501 id
3105 3452 3214 3508 est,
3243 3444 3354 3500 dux
3389 3444 3620 3508 viarum,

2039 3541 2131 3598 hic
2154 3540 2373 3610 quidem
2405 3546 2466 3594 ut
2495 3538 2615 3594 vias
2644 3539 2884 3610 indaget,
2922 3548 2978 3595 et
3008 3553 3104 3594 eos
3133 3538 3319 3605 ducat,
3353 3537 3441 3594 ille
3475 3552 3624 3605 vero,

2039 3645 2100 3690 ut
2123 3649 2188 3690 ex
2219 3632 2450 3705 imperio
2481 3631 2729 3706 praefecti
2770 3631 3026 3688 mandata
3058 3632 3170 3688 det.

2112 3813 2201 3871 55.
2245 3813 2302 3869 Si
2337 3813 2539 3869 cohors
2573 3811 2879 3869 exercenda
2929 3811 3030 3876 sit,
3062 3809 3306 3866 cohortis
3337 3808 3625 3881 praefectus

2038 3918 2164 3962 ante
2188 3923 2282 3962 eos
2312 3922 2436 3961 cum
2471 3904 2789 3960 mandatorc
2831 3912 2886 3958 et
2915 3905 3325 3973 campiductore
3353 3902 3619 3958 ambulet.

2041 3997 2136 4052 Sin
2173 4004 2354 4052 turma
2395 4003 2740 4063 exerceatur,
2775 4010 2935 4051 nemo
2966 3995 3340 4050 anteanthulct
3372 3994 3477 4049 nisi
3512 4004 3621 4047 lur-

2038 4091 2298 4145 tnarchus
2340 4099 2395 4143 et
2437 4103 2606 4158 eques
2637 4102 2763 4143 cum
2820 4086 3234 4142 mandatorihus
3280 4085 3533 4146 duobus.
3572 4091 3626 4138 et

2037 4179 2541 4252 campiductoribus
2574 4178 2820 4242 duobus,
2863 4187 3101 4233 stratore
3135 4191 3251 4233 uno
3286 4183 3342 4231 et
3373 4174 3627 4246 spathan

2038 4292 2170 4335 utro.
2215 4273 2267 4326 id
2309 4280 2414 4332 est,
2458 4269 2734 4341 armigero
2772 4269 2865 4341 qui
2901 4269 3238 4324 turtnarchae
3277 4283 3428 4321 arma
3463 4267 3624 4336 gerit,

2036 4369 2210 4422 donec
2241 4379 2407 4434 prope
2435 4361 2890 4416 conﬂictationem
2934 4361 3105 4427 ipsam
3138 4358 3384 4414 venerint
3413 4357 3622 4427 copiae;

2038 4471 2152 4516 tum
2187 4466 2334 4513 certe
2361 4457 2427 4512 ad
2461 4456 2639 4512 locum
2665 4473 2824 4512 suum
2846 4466 2900 4511 et
2920 4455 3214 4511 stationem
3241 4452 3296 4508 in
3322 4454 3550 4508 cohorte
3572 4460 3626 4507 et

2037 4551 2220 4609 bando
2244 4566 2347 4607 suo
2382 4558 2496 4605 tuto
2530 4549 2772 4605 accedat.

2107 4734 2199 4789 56.
2236 4732 2420 4803 Neque
2441 4747 2564 4788 cum
2590 4732 2839 4787 hostibus
2860 4729 3120 4801 conﬂigat
3145 4730 3255 4792 ille,
3282 4745 3460 4801 neque
3487 4729 3624 4785 buc-

2038 4828 2182 4892 cina,
2214 4826 2468 4898 quamvis
2498 4825 2811 4895 complures
2851 4823 3056 4880 t‘uerint
3081 4865 3095 4889 ,
3132 4824 3183 4876 in
3216 4823 3326 4877 ullo
3369 4823 3544 4894 μέρει,
3575 4822 3626 4876 id

2038 4928 2142 4984 est,
2185 4921 2380 4975 triente
2410 4917 2696 4973 exercitus.
2718 4926 2976 4989 personet
3016 4915 3120 4969 nisi
3161 4915 3482 4978 merarchae,
3510 4914 3628 4968 sive

2040 5028 2202 5067 unam
2257 5021 2492 5065 turmam
2537 5011 2707 5064 triens
2753 5007 2987 5074 habeat,
3029 5009 3145 5062 sive
3205 5006 3409 5077 plures,
3445 5016 3504 5059 ut
3556 5021 3625 5059 ne

2040 5105 2272 5158 tumultu
2311 5103 2498 5174 aliquo
2534 5101 2901 5172 impediantur
2941 5099 3199 5154 mandata
3244 5098 3523 5153 exaudire.
3562 5094 3627 5150 Et

2038 5198 2218 5268 gravis
2263 5207 2565 5260 armatura,
2615 5195 2665 5248 id
2706 5204 2811 5260 est,
2857 5194 3066 5264 pedites
3109 5192 3326 5256 scutati,
3368 5191 3435 5246 ad
3479 5189 3625 5244 hunc

2035 5291 2253 5344 modum
2286 5290 2658 5346 instruuntur.

2114 5383 2202 5436 57.
2235 5381 2394 5435 Levis
2421 5393 2694 5435 armatura
2731 5379 2963 5437 diversis
2985 5378 3161 5434 modis
3189 5377 3491 5432 instruitur.
3521 5370 3622 5442 Qui

2033 5476 2176 5528 enim
2191 5474 2574 5543 ἀκροϐολισταὶ
2593 5475 2748 5538 olim,
2787 5489 2936 5528 nunc
2962 5472 3230 5543 sagittarii
3251 5473 3622 5533 nominantur,

1885 5587 2127 5646 NOTAE.

416 5709 528 5779 (10)
570 5708 909 5778 Ὀρι’ζονται.
942 5708 1152 5772 Scribe,
1183 5705 1492 5779 ὁρίζωνται.

414 5784 528 5853 (11)
580 5780 819 5849 Πρῶτον
854 5781 960 5836 τὸν
989 5781 1094 5835 τοῦ
1121 5778 1356 5842 πεζικοῦ
1387 5779 1696 5849 τάγματος.
1725 5778 1922 5839 Delen-

345 5853 474 5910 dum
501 5869 717 5910 censen.
747 5852 853 5903 τόν.

421 5925 526 5993 lii)
581 5923 899 5994 Ὀλιχαγοί.
945 5925 1157 5994 Scribe,
1198 5926 1246 5981 oi
1269 5924 1504 5998 λοχαγοί.

2107 5710 2218 5775 (IS)
2244 5705 2792 5778 Κτιμπιὸουιιτώρων
2824 5705 2952 5761 δύο.
2983 5705 3338 5761 Seribehatur
3359 5746 3373 5770 ,
3406 5718 3620 5772 καμπι-

2035 5783 2244 5845 κτόρων
2272 5781 2320 5835 δ.

2109 5853 2214 5918 (l-i)
2264 5851 2723 5918 ’Λκροϐο.λιστηί.
2757 5850 2848 5903 Sic
2877 5850 3046 5905 codex
3075 5848 3238 5904 Checi
3263 5861 3379 5916 pro,
3426 5845 3616 5915 βιαρα-

2030 5921 2224 5978 λισταί,
2260 5923 2516 5979 i‘islorii:
2549 5920 2934 5992 βελοόολισταί.
