4078 6306
469 338 571 408 751

1708 342 1987 405 LEONIS
2019 341 2486 405 PHILOSOPHI
2546 303 2549 306 ’

3638 346 3744 412 752

467 449 742 508 interdum
792 464 823 504 a
877 457 1028 518 tergo
1070 446 1508 519 uniuscujusque
1551 450 1900 506 contubernii
1956 467 2056 522 pro

2162 449 2258 505 νῦν
2284 451 2341 504 δὲ
2374 449 2590 516 τοξόται
2623 450 2658 524 ἢ
2719 450 3128 524 σαγιττάτορες.
3155 451 3293 507 Hoc!
3329 450 3431 524 μὲν
3465 451 3574 522 γὰρ
3617 451 3745 506 ὄπι-

468 542 838 600 multitudinis
868 541 1078 596 ratione
1099 541 1459 610 collocentur,
1484 550 1546 598 ut
1571 551 1906 599 scutatorum
1931 543 2046 599 sin-

2167 545 2297 598 σθεν
2330 544 2566 616 ἑκάστης
2599 544 2759 609 ἀκίας
2787 547 2923 619 πρὸς
2944 544 3007 600 τὸ
3047 546 3246 617 μέτρον
3274 544 3383 599 τῶν
3413 545 3551 600 ὅτων
3603 543 3740 616 (15),

471 636 613 706 gulis
648 633 1025 689 contuberniis
1060 632 1515 704 quaternionibus
1550 649 1696 691 unus
1730 633 2046 704 sagittarius

2162 638 2428 692 τουτέστιν
2477 639 2558 702 εἰς
2589 638 2717 702 τοὺς
2737 636 2816 701 ις’
2849 636 3179 702 σκουτάτους
3227 635 3451 708 δ”ψιλοί
3475 655 3487 667 ·
3527 638 3615 692 ἵνα
3640 638 3742 707 μέ·-

468 725 820 797 rcspondeat.
877 725 1155 781 Interdum
1204 727 1259 782 in
1294 726 1413 798 ipsa
1464 725 1813 783 contubernii
1859 726 2046 781 altitu-

469 819 596 874 dine
627 826 876 875 scutatus
905 829 958 874 et
988 818 1299 890 sagittarius
1324 818 1632 889 alternatim
1667 826 1843 884 stent,
1881 819 2048 873 inter-

466 911 598 966 dum
633 913 686 966 in
729 912 1109 968 contuberniis
1139 921 1194 968 et
1229 913 1524 982 cornibus,
1557 913 1613 969 id
1648 921 1750 979 est,
1787 912 2046 968 extremis

465 1005 583 1061 oris
613 1006 919 1077 copiarum,
949 1006 1179 1062 interius
1202 1006 1503 1076 equitibus,
1531 1021 1674 1076 saepe
1707 1009 1870 1062 etiam
1896 1016 2046 1061 exte-

468 1095 582 1151 rius
615 1096 760 1151 haud
790 1097 946 1168 longe
988 1112 1113 1151 cum
1147 1097 1337 1167 paucis
1377 1097 1607 1154 scutatis
1649 1097 1716 1151 ad
1752 1097 2047 1153 defenden-

469 1186 568 1242 dos
597 1189 888 1245 interiores
915 1189 1150 1260 equites,
1187 1189 1234 1245 si
1269 1191 1437 1246 multa
1478 1190 1612 1244 levis
1644 1189 1716 1244 sit
1745 1201 2045 1245 armatura.

467 1281 853 1354 διαστήματος,

473 1379 644 1447 ρίους.
673 1378 768 1432 ἐὰν
797 1379 985 1432 πολλοξ
1014 1381 1151 1434 εἰσιν
1172 1383 1221 1434 oi
1243 1381 1414 1451 ψιλοί.

671 1469 773 1537 Qui
806 1473 1092 1538 rliictaria,
1125 1473 1176 1529 id
1210 1483 1294 1530 est
1316 1514 1330 1538 ,
1359 1474 1539 1544 jacula
1574 1475 1656 1530 vel
1689 1475 1943 1541 tzicuria,
1975 1475 2059 1528 vel

471 1561 730 1617 barducia
768 1563 1001 1628 habents,
1037 1563 1074 1618 ii
1117 1564 1198 1620 vel
1236 1581 1266 1620 a
1301 1575 1458 1638 tergo
1487 1575 1850 1633 scutatorum,
1889 1567 1973 1621 vel
2004 1567 2058 1621 in

471 1657 729 1712 extremis
757 1657 870 1712 oris
888 1657 1046 1725 aciei,
1075 1669 1131 1713 et
1158 1675 1263 1713 non
1301 1659 1355 1713 in
1382 1659 1585 1726 medio,
1617 1659 1888 1714 locentur.
1913 1658 2061 1713 Funo

472 1748 676 1805 ditores
709 1764 901 1807 omnes
941 1751 996 1805 in
1026 1752 1289 1807 extremis
1327 1752 1440 1808 oris
1473 1753 1634 1808 aciei.
1676 1751 1829 1807 Nunc
1875 1764 2058 1807 autem

2152 746 2242 800 χρι
2271 728 2314 782 δ’
2346 728 2708 801 μεριζομένης
2735 728 2832 799 τῆς
2857 727 2968 784 τῶν
3003 727 3314 783 σκουτάτων
3348 728 3511 793 ditia;
3541 729 3742 799 εὑρεθῇ

2155 818 2233 884 εἷς
2259 821 2480 892 τοξότης
2505 822 2728 877 δπισθεν
2757 823 2940 888 αὐτοῖς
2958 838 2974 854 ο
3001 822 3132 876 ποτέ
3159 821 3217 876 δὲ
3257 824 3317 878 ἐν
3345 822 3425 894 τῷ
3455 822 3609 895 βάθει
3631 823 3742 876 τῶν

2156 913 2328 968 ἀκιῶν
2357 909 2436 979 εἷς
2473 918 2621 986 παρῇ
2657 915 2975 983 σκουτάτος,
3007 916 3102 970 καὶ
3134 915 3382 987 τοξότης,
3408 916 3540 970 ποτὲ
3565 915 3622 968 δὲ
3677 915 3739 968 ἐν

2161 1010 2281 1074 ταῖς
2306 1009 2494 1074 άκῑαις
2517 1013 2612 1064 καὶ
2647 1012 2706 1064 ἐν
2735 1011 2849 1076 τοῖς
2877 1009 3124 1078 κέρασιν,
3160 1009 3331 1080 ἥγουν
3361 1009 3481 1072 ταῖς
3532 1008 3744 1078 ἐξοχαῖς

2157 1100 2266 1154 τῶν
2296 1101 2680 1172 παρατάξεων.
2727 1101 3010 1155 τουτέστιν
3061 1099 3317 1171 ἐσωτέρω
3346 1098 3455 1152 τῶν
3478 1097 3742 1152 καδαλλα-

2162 1193 2313 1263 ρίων,
2345 1192 2612 1257 πολλάκις
2640 1191 2696 1246 δὲ
2727 1192 2822 1247 καὶ
2859 1191 3110 1263 ἐξωτέρω
3155 1189 3359 1253 αὐτῶν,
3389 1189 3498 1244 ἀπὸ
3542 1192 3739 1258 μικροῦ

909 1283 1046 1355 μετὰ
1102 1286 1193 1338 καὶ
1248 1286 1445 1354 ὀλίγων
1474 1285 1786 1340 σκουτάτων
1841 1287 1923 1349 εἰς
1967 1286 2030 1339 τὸ
2066 1285 2355 1357 ἐκδικῆσαι
2408 1288 2537 1352 τοὺς
2571 1289 2651 1352 εἰς
2715 1286 2778 1340 τδ
2843 1284 3111 1356 ἐσώτερον
3173 1284 3415 1347 ἑστῶτας
3468 1281 3742 1336 καὸαλλα-

2232 1468 2335 1541 νη’.
2366 1469 2430 1522 Οἱ
2463 1466 2520 1522 δὲ
2545 1466 2613 1522 τὰ
2646 1465 2926 1537 ρικτάρια,
2965 1465 2999 1536 ἢ
3035 1462 3345 1534 τζικούρια,
3379 1463 3411 1533 ἢ
3446 1460 3741 1533 βαρδοῦκια

2157 1563 2394 1634 ἔχοντες,
2423 1561 2456 1632 ἢ
2483 1559 2707 1614 δπισθεν
2737 1558 2843 1613 τῶν
2869 1557 3040 1611 άκιῶν
3083 1557 3194 1610 τῶν
3221 1555 3556 1621 σκουτάτων,
3604 1554 3637 1624 ἦ
3663 1556 3741 1617 εἰς

2163 1649 2240 1702 τὰι
2262 1647 2408 1717 ἄκρα
2433 1645 2533 1716 τῆς
2563 1645 2949 1717 παρατάξεως,
2989 1645 3087 1700 καὶ
3115 1645 3215 1698 οὐκ
3242 1645 3299 1699 ὲν
3331 1643 3411 1710 τῷ
3451 1643 3622 1714 μέσῳ.
3676 1646 3738 1698 0t

2157 1739 2215 1794 δὲ
2248 1738 2686 1809 σφενδοϐο).ιστα”ι
2728 1738 2949 1800 πάντως
3013 1739 3094 1801 εἰς
3148 1735 3218 1810 τὰ
3250 1737 3395 1807 ἄκρα
3437 1735 3539 1803 τῆς
3567 1753 3746 1806 παρα-

472 1842 781 1910 sagittarios
831 1844 1183 1915 reliquosque
1217 1844 1549 1915 iaculatores
1588 1861 1616 1900 a
1660 1855 1810 1916 tergo
1867 1855 2056 1900 contu-

2162 1832 2386 1898 τάξεως.
2418 1830 2532 1883 Νῦν
2562 1829 2618 1882 δὲ
2648 1828 2884 1900 τάξομεν
2914 1829 3138 1894 τοξότας
3178 1828 3274 1890 δαὶ
3302 1829 3526 1891 λοιποὺς
3584 1829 3748 1882 ἀκον-

475 1929 787 1985 berniorum
833 1931 1121 1988 adversum
1169 1949 1263 1988 eos
1307 1932 1400 2003 qui
1449 1933 1724 1988 contraria
1777 1943 2054 1999 exercent,

472 2019 558 2073 vel
584 2021 1050 2090 quemadmodum
1086 2039 1220 2078 usus
1256 2025 1505 2095 requirit,
1534 2024 1951 2081 collocabimus.

546 2110 632 2166 59.
664 2113 887 2184 Equites
910 2114 962 2168 in
992 2115 1124 2183 ipsis
1146 2115 1260 2170 oris
1277 2116 1411 2170 aciei
1440 2116 1709 2186 pedestris
1733 2114 2053 2171 collocabis.

473 2201 829 2276 Quaecunque
878 2217 1061 2261 autem
1099 2209 1437 2264 robustiores
1466 2209 1723 2264 cohortes
1755 2217 1901 2274 sunt,
1931 2223 2053 2263 cum

472 2297 706 2353 ducibus
750 2299 868 2354 suis
923 2300 978 2353 iu
1023 2300 1281 2354 exteriori
1329 2299 1448 2356 loco
1500 2301 1864 2356 collocentur.
1904 2300 1968 2353 Et
2009 2300 2055 2356 si

475 2387 788 2456 complures
824 2390 1038 2457 equites
1085 2388 1292 2443 fuerint
1331 2389 1424 2460 qui
1476 2389 1763 2445 duodecim
1822 2389 2053 2444 millium

475 2493 763 2532 numerum
784 2481 1138 2544 excesserint,
1169 2489 1283 2537 tum
1319 2481 1387 2536 ad
1420 2481 1610 2536 decem
1647 2482 1890 2535 virorum
1931 2481 2058 2536 alti—

475 2570 720 2626 tudinem
760 2575 931 2628 tiant:
965 2574 1049 2631 sin
1081 2576 1400 2646 pauciores,
1439 2577 1505 2634 ad
1540 2578 1783 2649 quinque
1812 2577 2056 2633 virorum

477 2658 818 2715 altitudinem
843 2663 1269 2720 constituantur.
1291 2663 1413 2721 Sint
1439 2675 1623 2722 autem
1647 2667 1870 2737 quidam
1894 2683 2060 2738 supra

475 2752 680 2820 justum
711 2769 1022 2819 numerum,
1047 2757 1140 2827 qui
1176 2758 1318 2813 ultra
1342 2774 1543 2816 currus
1564 2774 1594 2813 a
1619 2768 1772 2831 tergo
1795 2759 1851 2815 in
1879 2761 2060 2816 subsi-

475 2844 580 2900 diis
611 2845 877 2912 locentur,
904 2857 964 2902 ut
988 2849 1033 2904 si
1057 2865 1088 2903 a
1122 2859 1272 2920 tergo
1298 2858 1481 2908 hostes
1509 2853 1831 2916 invaserint,
1858 2868 2058 2909 occur-

475 2944 600 2992 rant
639 2936 746 2992 illis
773 2955 786 2990 :
819 2939 904 2993 sin
935 2939 1139 3006 minus,
1170 2940 1436 2997 lateribus
1459 2942 1854 3014 adjungautur.

547 3105 638 3163 60.
675 3106 905 3166 Lasiore
942 3114 1179 3183 primum
1226 3115 1513 3174 intervallo
1553 3119 1902 3179 instruantur
1945 3124 2056 3194 isti,

2158 1923 2346 1986 τιστὰς
2407 1921 2633 1976 ὅπισθεν
2663 1920 2773 1974 τῶν
2805 1920 2978 1976 ἀκιῶν
3027 1921 3163 1993 πρὸς
3193 1921 3292 1995 τὴν
3317 1922 3643 1992 γυμνασίαν,
3708 1920 3744 1985 ἢ

2158 2017 2233 2080 ὼς
2255 2017 2478 2070 άπαιτεῖ
2502 2017 2535 2086 ἡ
2569 2013 2735 2087 χρεία
2764 2015 2960 2083 αὐτῆς.

2230 2109 2328 2165 νϐ’.
2386 2112 2524 2174 Τοὺς
2554 2111 2613 2165 δὲ
2647 2109 3054 2182 καϐαλλαρῐους
3110 2111 3190 2174 εἰς
3215 2110 3284 2164 τὰ
3336 2111 3482 2182 ἄκρα
3513 2113 3614 2182 τῆς
3643 2127 3746 2164 τιε-

2158 2199 2314 2273 ζικῆς
2343 2200 2706 2272 παρατάξεως
2747 2190 2954 2266 τάξεις.
2993 2201 3132 2255 Ὅσα
3168 2201 3224 2254 δὲ
3282 2201 3463 2255 αὐτῶν
3504 2202 3744 2270 ἀνδρειό-

2155 2309 2289 2364 τερα
2321 2291 2756 2364 cantat-mpera
2777 2291 2887 2345 τῶν
2917 2293 3200 2363 ἀρχόντων
3257 2293 3440 2346 αὐτῶν
3466 2293 3741 2361 ἐξωτέρω.

2157 2387 2273 2440 Kal
2323 2386 2372 2439 si
2418 2385 2519 2457 μὲν
2576 2385 2765 2440 πολλοί
2822 2386 2962 2438 εἰσιν
3005 2386 3054 2438 οἱ
3084 2384 3463 2456 καὸαλλάριοι,
3498 2385 3744 2437 τουτέστι

2157 2479 2320 2532 πλέον
2350 2478 2459 2531 τῶν
2488 2475 2558 2548 ιβ’
2612 2479 2896 2549 χιλιάδων,
2948 2477 3056 2532 ἀπὸ
3087 2476 3314 2530 δέκατον
3363 2475 3525 2546 βάθος
3588 2474 3745 2528 τοῦτο

2155 2571 2418 2641 γίνεσθαι.
2454 2570 2518 2624 Εἰ
2550 2571 2608 2625 δέ
2641 2570 2738 2625 καὶ
2764 2569 3129 2641 ὀλιγωτέρους
3161 2567 3255 2621 τοῦ
3299 2569 3498 2640 μέτρου
3533 2565 3745 2632 τούτου,

2158 2664 2269 2718 ἀπὸ
2298 2664 2484 2719 πέντε.
2533 2661 2687 2720 Εἶναι
2713 2664 2771 2718 δὲ
2803 2665 2868 2718 ἐκ
2897 2661 3163 2736 περισσοῦ
3221 2678 3377 2725 τινας
3421 2660 3648 2715 ὄπισθεν
3686 2661 3746 2713 ἐν

2159 2757 2492 2829 ὕποϐοηθείᾳ
2519 2757 2699 2812 αὐτῶν
2739 2757 2988 2828 ἐξωτέρω
3049 2757 3160 2811 τῶν
3200 2755 3467 2828 ἁμαξῶν·
3523 2756 3610 2811 ἴνα
3653 2755 3746 2809 ἐὰν

2160 2849 2259 2921 μὲν
2297 2850 2384 2903 διὰ
2433 2849 2543 2904 τῶν
2587 2848 2813 2903 ὄπισθέν
2854 2866 3000 2912 τινες
3054 2848 3166 2903 τῶν
3223 2849 3436 2922 ἐχθρῶν
3481 2848 3742 2918 φανῶσιν,

2159 2941 2578 3012 ἀποσοϐήσωσιν
2625 2940 2824 3006 αὐτούς
2847 2958 2862 2974 ·
2901 2943 2949 2996 εἰ
2987 2940 3043 2995 δὲ
3071 2941 3236 3013 μήγε,
3265 2940 3607 3014 προστεθῶσι
3632 2945 3744 3005 τοῖς

2165 3033 2420 3103 πλαγίοις
2446 3034 2542 3089 καὶ
2570 3034 2749 3090 αὐτοί.

2225 3124 2287 3192 ξ’.
2322 3126 2627 3180 Τάσσονται
2654 3126 2712 3180 δὲ
2760 3126 2852 3181 καὶ
2879 3125 3032 3180 αὐτοὶ
3079 3125 3137 3179 ὲν
3172 3123 3480 3196 ἀραιοτέρῳ
3531 3126 3744 3197 πρῶτον

477 3208 536 3255 ιιι
565 3202 609 3256 si
634 3203 812 3276 aliqua
842 3207 1059 3264 occasio
1082 3211 1360 3268 exercitus
1384 3216 1760 3272 commutandi
1791 3218 1919 3288 iiat,
1953 3221 2054 3276 mi-

2162 3218 2509 3287 Βιαστήματι,
2552 3217 2639 3271 ἵνα
2671 3218 2771 3272 ἐὰν
2804 3217 3030 3288 γένηται
3077 3219 3269 3290 καιρὸς
3302 3218 3383 3281 εἰς
3412 3216 3472 3269 τδ
3517 3217 3740 3290 χρῄζειν

476 3291 686 3347 nimum
713 3293 1105 3367 impediantur.

540 3383 630 3438 6L
654 3383 945 3459 Praecipies
971 3390 1274 3461 equitibus,
1304 3409 1373 3449 ne
1403 3393 1570 3451 nimis
1600 3396 1906 3470 impetuose
1932 3417 2060 3457 cur-

479 3483 601 3528 sent
641 3475 696 3530 in
721 3475 931 3544 hostes,
973 3495 1153 3552 neque
1190 3497 1223 3538 a
1263 3483 1501 3553 pedestri
1533 3487 1651 3543 acie
1689 3485 1852 3561 longo
1892 3492 2059 3546 inter-

482 3568 622 3622 vallo
659 3568 962 3639 discedant,
997 3588 1068 3628 ne
1097 3573 1144 3628 si
1175 3573 1315 3632 forte
1349 3576 1563 3633 insidia:
1601 3578 1755 3645 ﬁant,
1787 3589 1842 3636 et
1877 3581 2060 3638 hostes

481 3673 628 3719 retro
661 3666 714 3722 in
746 3682 842 3724 eos
873 3684 932 3725 se
962 3681 1308 3741 convertant,
1339 3675 1547 3745 pedites
1583 3678 1776 3734 horum
1807 3681 2060 3749 praesidio

478 3761 721 3817 destituti
752 3765 972 3835 aliquod
1007 3769 1207 3823 vulnus
1236 3770 1525 3840 accipiant.
1568 3771 1624 3827 Si
1658 3774 1830 3843 pressi
1867 3775 2058 3831 admo-

480 3856 607 3906 dum
639 3854 997 3928 dissipatique
1027 3859 1250 3926 fuerint,
1288 3870 1401 3915 tum
1432 3872 1578 3917 retro
1613 3865 1679 3918 ad
1708 3879 1904 3921 currus
1931 3883 2061 3922 suos

481 3951 918 4016 conservandos,
953 3953 1044 4022 qui
1081 3969 1111 4008 a
1144 3965 1296 4026 tergo
1321 3957 1457 4012 aciei
1502 3959 1772 4030 pedestris
1807 3962 2058 4018 instructi

483 4049 631 4103 sunt,
663 4056 722 4096 se
748 4043 1066 4114 conferant,
1108 4063 1206 4103 nec
1237 4063 1334 4105 eos
1367 4061 1709 4119 praetereant.
1754 4054 1849 4109 Sin
1884 4072 1950 4110 ne
1981 4056 2062 4113 sic

481 4132 698 4197 quidem
743 4137 999 4193 resistere
1039 4141 1276 4209 possint,
1319 4159 1384 4198 ex
1430 4146 1588 4214 equis
1613 4145 1970 4216 descendant,
2007 4158 2063 4205 ct

482 4226 710 4294 pedibus
737 4229 951 4301 seipsos
982 4231 1293 4289 defendant.

551 4510 638 4564 62.
676 4510 732 4565 Si
784 4513 957 4569 aciem
1005 4516 1278 4572 instruere
1329 4521 1603 4578 exercitus
1643 4523 1908 4590 voluerit,
1951 4544 2059 4583 non

2170 3308 2621 3380 μεταῆἀλλεσθαι,
2683 3308 2760 3382 μὴ
2792 3308 3220 3379 ἐμποδίζωνται.

2239 3399 2341 3468 ξα’.
2395 3399 2771 3472 Παραγγελεῖς
2819 3401 2876 3456 δὲ
2913 3402 3041 3464 τοὺς
3095 3399 3496 3472 καϐαλλαρῐους
3525 3401 3600 3472 μὴ
3651 3418 3746 3455 xa-

2164 3494 2450 3566 τατρέχειν
2476 3494 2585 3548 τῶν
2611 3493 2842 3566 ἐχθρῶν,
2899 3493 3034 3565 μηδὲ
3083 3493 3419 3563 ἀφίστασθαι
3457 3494 3559 3563 τῆς
3594 3495 3742 3559 πεζιο

2165 3589 2269 3658 κῆς
2321 3585 2681 3658 παρατάξεως
2727 3585 2804 3650 ῶς
2858 3587 2951 3639 ἐπὶ
2983 3585 3117 3640 πολὺ
3161 3585 3458 3657 διάστημα,
3490 3586 3584 3640 καὶ
3611 3588 3744 3658 τάχα

2165 3678 2446 3751 τραπῶσιν
2483 3679 2533 3732 οἱ
2581 3676 2787 3750 ἐχθροί·
2824 3677 2913 3732 ἵνα
2968 3678 3043 3749 μὴ
3087 3677 3424 3748 ἐγκρῖματός
3453 3678 3567 3748 (ιθ)
3603 3695 3744 3740 τινος

2168 3771 2300 3844 παρ’
2327 3770 2508 3824 αὐτῶν
2535 3769 2849 3841 γενομένου,
2897 3770 3055 3841 εἴπερ
3084 3769 3193 3824 ἀπὸ
3221 3770 3588 3841 διαστήματός
3616 3770 3746 3823 εἰσιν

2167 3863 2214 3916 οἱ
2249 3861 2403 3928 πεζοὶ
2431 3861 2796 3933 γυμνούμενοι
2827 3862 2926 3932 τῆς
2969 3861 3352 3935 παρατάξεως,
3394 3862 3745 3933 ἐπηρεασθῶ-

2169 3975 2275 4020 σιν,
2319 3957 2395 4022 ὡς
2439 3955 2753 4029 ὀλιγώτεροι
2806 3959 2840 4030 ἢ
2886 3957 3282 4028 ἀσθενέστεροι.
3323 3953 3484 4010 Ἀλλά
3537 3956 3636 4010 καὶ
3686 3955 3746 4009 ἂν

2177 4048 2499 4121 βιασθῶσιν,
2527 4048 2600 4113 ὡς
2625 4050 2792 4114 εἰκὸς,
2820 4049 3092 4118 παρὰτῶν
3105 4048 3381 4114 ἐναντίων,
3411 4047 3632 4102 ὄπισθεν
3656 4047 3745 4116 τῆς

2168 4143 2530 4216 παρατάξεως
2555 4143 2664 4196 τῶν
2692 4143 2874 4208 πεζῶν
2924 4143 3228 4212 ὀφείλοδσιν
3255 4137 3394 4195 εἶναι
3424 4143 3559 4211 πρὸς
3590 4141 3744 4210 φυλα·

2168 4236 2271 4304 κὴν
2301 4235 2503 4289 αὐτῶνθ
2541 4236 2590 4288 εἰ
2619 4235 2675 4289 δὲ
2703 4234 2834 4304 μηδέ
2853 4233 3025 4298 οὕτως
3055 4235 3360 4304 ἀντέχουσι,
3394 4231 3744 4304 κατέρχεσθαι

2169 4327 2365 4390 αὐτοὺς
2404 4328 2468 4380 ἐκ
2489 4327 2595 4380 τῶν
2615 4326 2817 4392 ἵππων,
2847 4326 2941 4381 καὶ
2970 4325 3147 4389 οὕτως
3189 4322 3330 4396 πεζῇ
3357 4325 3583 4386 ἑαυτοὺς
3606 4323 3744 4375 ἐκδι-

2169 4421 2306 4474 κεῖν.

2243 4509 2340 4583 ξβ’.
2373 4511 2500 4566 Ἐὰν
2531 4512 2590 4566 δὲ
2625 4510 3034 4583 παρατάξεσθαι
3089 4510 3187 4580 μὲν
3239 4510 3370 4585 οέλῃ
3415 4510 3444 4563 ὁ
3503 4510 3744 4579 στρατὸς,

482 4611 661 4659 tamen
697 4621 763 4661 eo
803 4608 889 4662 die
928 4610 1251 4682 conﬂigere,
1301 4613 1346 4669 si
1393 4615 1690 4671 adversarii
1743 4619 1798 4673 iu
1847 4621 2056 4688 equites

2167 4603 2240 4674 μὴ
2266 4604 2594 4676 συμϐάλλειν
2629 4604 2684 4657 δὲ
2716 4605 2858 4658 κατὰ
2891 4605 2990 4674 τὴν
3014 4605 3184 4673 αὐτὴν
3208 4603 3443 4673 ἡμέραν,
3467 4603 3560 4654 καὶ
3574 4604 3744 4671 ὁρμή·

484 4698 762 4763 irrucrint,
784 4710 837 4755 et
862 4718 1200 4774 nequaquam
1231 4709 1507 4763 sustinere
1524 4726 1618 4766 eos
1644 4712 1720 4766 tui
1744 4723 2062 4781 potuerunt,

488 4808 554 4846 ne
587 4795 969 4862 prrcstolentur
996 4814 1092 4854 eos
1125 4801 1176 4854 in
1211 4801 1345 4856 aciei
1377 4804 1636 4859 cornibus
1663 4806 1928 4871 sisteudo,
1967 4809 2063 4864 sed

489 4898 634 4939 rutro
679 4888 875 4943 cedant
911 4893 977 4945 ad
1025 4902 1298 4948 extremas
1347 4911 1474 4950 oras
1523 4898 1659 4952 aciei
1687 4907 1738 4952 et
1774 4915 2064 4956 curruum.

487 4979 642 5045 Quod
674 4980 720 5035 si
752 4981 878 5049 liat,
913 4984 1121 5054 majore
1167 4986 1451 5043 intervallo
1489 5005 1627 5059 opus
1653 5000 1758 5054 est,
1790 5001 1850 5047 ut
1883 4993 2066 5048 disce—

483 5071 737 5127 dentibus
782 5074 894 5143 jam
938 5084 1053 5130 tum
1095 5079 1370 5147 equitibus
1415 5083 1597 5136 caeteri
1639 5084 1910 5153 angustiis
1953 5100 2061 5140 non

484 5165 648 5221 nimis
681 5179 1020 5238 premantur,
1058 5187 1126 5227 ne
1149 5173 1392 5228 hostium
1422 5174 1636 5246 sagittis
1668 5176 1954 5235 laedantur.

560 5432 649 5490 65.
691 5431 818 5492 1|th
863 5445 1111 5509 tempore
1147 5439 1318 5508 praelii
1373 5441 1608 5496 maxime
1645 5442 1777 5497 ﬂant
1813 5461 1826 5497 :
1859 5442 1959 5498 hac
2003 5443 2071 5497 de

488 5541 652 5583 causa
681 5529 827 5584 enim
852 5530 936 5586 hac
962 5532 1383 5589 exercitationes
1411 5536 1647 5591 maxime
1666 5536 2065 5607 suscipiuntur.

2164 4715 2330 4752 σωσιν
2377 4697 2428 4751 οἱ
2489 4697 2675 4768 ἐχθροὶ
2725 4699 2867 4750 κατὰ
2923 4695 3032 4750 τῶν
3093 4694 3477 4763 καῦαλλαρίων
3536 4695 3628 4745 καὶ
3679 4692 3746 4763 μὴ

2166 4790 2508 4862 βαστάζωσιν
2533 4790 2756 4856 αὐτοὺς,
2781 4789 2855 4861 μὴ
2889 4788 3230 4858 ἀναμένωσιν
3258 4787 3454 4850 αὐτοὺς
3480 4787 3743 4856 ἱστάμενοι

2163 4885 2242 4945 εἰς
2270 4884 2337 4936 τὰ
2367 4883 2571 4953 κέρατα
2593 4883 2688 4953 τῆς
2722 4881 3102 4952 παρατάξεως,
3132 4880 3247 4933 ἀλλ’
3277 4878 3504 4932 ὄπισθεν
3557 4876 3748 4948 μᾶλλον

2166 4964 2693 5036 ἔλθωσι,’τουτέστιν
2723 4976 2800 5037 εἰς
2829 4975 2895 5027 τὰ
2924 4974 3068 5042 ἄκρα
3116 4974 3215 5044 τῆς
3259 4969 3622 5044 παρατάξεως
3659 4966 3744 5022 καὶ

2168 5067 2277 5118 τῶν
2299 5066 2545 5136 ἁμαξῶν.
2584 5065 2646 5119 Εἰ
2689 5065 2744 5118 δὲ
2775 5065 2934 5119 τοῦτο
2981 5065 3232 5136 γένηται,
3263 5056 3457 5134 ’χρεία
3511 5062 3744 5133 μείζονος

2171 5157 2264 5212 τοῦ
2301 5157 2359 5208 ὲν
2399 5156 2477 5227 τῷ
2510 5156 2671 5233 μέσῳ,
2711 5156 3098 5226 διαστήματος,
3130 5155 3216 5208 ἶνα
3251 5149 3744 5224 μεταϐαλλομένων,

2171 5250 2247 5314 ὡς
2274 5251 2440 5314 εἰκὸς,
2470 5249 2578 5303 τῶν
2605 5248 2990 5320 καϐαλλαρὶων
3028 5249 3102 5320 μὴ
3127 5246 3595 5317 στενοχωρηθῶσι,
3619 5239 3743 5315 μηδι

2173 5344 2228 5396 αἱ
2261 5343 2366 5396 τῶν
2391 5342 2601 5413 ἐχθρῶν
2636 5343 2884 5411 σαγῖτται
2916 5342 2990 5411 μὴ
3019 5342 3328 5411 βλάπτωσιν
3356 5338 3573 5401 αὐτούς.

2249 5435 2345 5504 ξγ’.
2389 5437 2571 5489 Ταῦτα
2601 5436 2682 5488 δεῖ
2728 5435 2965 5505 μάλιστα
3006 5436 3099 5487 καὶ
3154 5436 3214 5488 ἐν
3243 5433 3420 5503 καιρῷ
3456 5431 3635 5503 μάχης
3668 5426 3741 5497 γῑ·

2180 5532 2388 5583 νεσοαιθ
2431 5530 2518 5582 διὰ
2573 5529 2779 5601 ταύτην
2837 5529 2945 5600 γὰρ
2996 5529 3090 5582 καὶ
3123 5529 3155 5600 ἡ
3188 5528 3463 5596 γυμνασία
3498 5538 3740 5595 μ;ταχει-

2185 5639 2414 5692 ριςεται.

2000 5736 2233 5793 NOTAE.

562 5822 678 5897 (15)
704 5823 825 5882 Τῶν
849 5825 1018 5884 ὅτων.
1059 5826 1271 5895 Scribe,
1310 5826 1416 5880 τῶν
1450 5826 1606 5884 ὅλων.

2256 5829 2366 5899 (l6)
2414 5829 2817 5902 Ἐγκρίματος.
2853 5828 3066 5897 Scribe,
3107 5828 3519 5900 ὲγχρύμματος.
