4078 6306
210 393 326 464 ’153

1298 386 1632 458 TACTICA.
1672 410 1738 422 -
1768 379 2269 447 CONSTITUTIO
2293 377 2425 441 VII.

3370 363 3475 430 75‘

290 504 384 570 ξδ’.
417 499 641 557 Τούτων
698 500 799 572 μὲν
854 491 950 554 οὖν
991 495 1108 553 τῶν
1123 495 1422 561 διατάξεων
1446 497 1785 568 εἰρημένων,

1956 494 2047 550 64.
2082 493 2152 548 lis
2193 492 2355 545 rebus
2396 487 2561 558 igitur
2599 482 2907 553 descriptis,
2934 486 3203 553 pracepta
3247 493 3277 533 a
3306 474 3466 533 nobis

216 597 428 667 πρέπον
478 595 612 666 ἡμῖν
664 593 757 649 καὶ
801 591 872 648 τὰ
906 593 1163 665 σχήματα
1226 593 1322 647 και
1378 590 1449 645 τὰ
1475 588 1791 660 παραγγέλ-

221 706 369 760 ματα
395 687 491 758 τῆς
530 686 762 756 πεζικῆς
780 684 1014 751 τάξεως,
1050 683 1241 757 ὥσπερ
1278 683 1375 738 καὶ
1406 684 1506 754 τῆς
1535 681 1792 752 ἱππικῆς,

218 779 515 850 ἐμφανίσαι
541 794 625 834 σοι
644 777 741 833 καὶ
761 776 1117 847 διασαφῆσαι.

291 870 388 938 Es’.
420 870 590 924 Ὅταν
636 871 747 942 γὰρ
810 868 1137 939 παραστῶσι
1191 868 1330 940 πρὸς
1353 867 1454 936 τὴν
1484 863 1796 937 γυμνασίαν

219 962 288 1015 τά
313 961 457 1032 μέρη
487 960 589 1031 τῆς
621 959 946 1033 παραταγῆς
979 958 1090 1013 τῶν
1111 959 1409 1030 ταγμάτων
1422 958 1517 1011 τοῦ
1536 955 1794 1028 στρατοῦ,

219 1052 577 1126 παραγγέλλῃ
603 1055 632 1107 ὀ
662 1052 951 1124 μανδάτωρ
978 1051 1151 1106 ταῦτα
1173 1069 1187 1085 ι
1214 1050 1372 1106 Μετὰ
1398 1051 1561 1121 σιγῆς
1617 1050 1797 1104 πάντα

216 1144 288 1198 τά
320 1143 759 1213 παραγγέλματα
807 1140 1156 1214 πληρώσατε.
1194 1142 1287 1214 Μὴ
1318 1139 1650 1211 ταραχθῆτε.
1684 1139 1797 1209 Τὴν

217 1236 374 1300 τάξιν
397 1236 550 1304 ὑμῶν
586 1234 936 1308 πληρώσατε.
961 1234 1054 1306 Τῷ
1080 1234 1255 1306 βάνδῳ
1288 1234 1790 1304 ἐπακολουθήσαιτε.

218 1328 427 1397 Μηδεὶς
460 1329 649 1401 ἀφήσῃ
678 1328 738 1382 τὸ
759 1328 970 1398 βάνδον.
996 1328 1109 1381 Καὶ
1128 1327 1253 1390 τοὺς
1283 1326 1515 1398 ἐχθροὺς
1542 1326 1792 1390 διώξατε.

220 1421 331 1475 Καὶ
362 1422 568 1476 τούτων
597 1422 907 1492 εἰρημένων
935 1420 1147 1475 κινοῦσι
1179 1421 1371 1491 πράως
1403 1436 1462 1474 τε
1511 1418 1601 1472 καὶ
1664 1418 1801 1488 ἡσύ-

218 1532 350 1587 χως,
382 1514 521 1567 ὥστε
556 1514 690 1585 μηδὲ
716 1512 1046 1585 ψιθυρισμὸν
1080 1512 1325 1583 γίνεσθαι
1347 1512 1498 1583 παρά
1524 1529 1691 1575 τινος.

291 1600 401 1668 is".
438 1601 742 1667 Ἐθίζεσθαι
772 1602 829 1656 δὲ
856 1603 1057 1667 αὐτοὺς
1116 1602 1255 1675 πρὸς
1300 1602 1479 1656 ταῦτα
1532 1605 1707 1674 φωνῇ,
1764 1603 1797 1674 ἢ

216 1695 471 1767 νεύματι,
505 1695 593 1749 διὰ
619 1696 845 1767 σημείου
878 1696 1024 1761 τινὸς
1051 1690 1162 1750 οἷον
1192 1697 1363 1750 κινεῖν
1394 1701 1489 1749 καὶ
1519 1696 1797 1765 ἵστασθαι,

215 1786 578 1841 λεπτύνεσθαι
592 1789 759 1859 ῆγουν
777 1787 1168 1860 μερίζεσθαιτὸ
1182 1785 1344 1857 βάθος
1357 1785 1465 1840 τῶν
1479 1786 1649 1840 άκιῶν
1664 1786 1796 1858 (17),

220 1880 550 1951 περιπατεῖν
622 1877 752 1943 ἴσως
797 1881 890 1933 καὶ
960 1878 1402 1949 συντεταγμένως
1460 1877 1553 1932 ἐπὶ
1602 1879 1797 1949 στόμα,

218 1970 390 2044 ἤγουν
416 1972 503 2027 ἔπ’
532 1970 769 2036 εὐθείας,
810 1972 905 2027 καὶ
926 1971 1070 2026 κατὰ
1086 1971 1300 2036 κοίλους
1333 1970 1532 2036 τόπους
1563 1969 1673 2043 (l8)
1705 1972 1802 2025 καὶ

216 2062 514 2135 διαφόρους
542 2062 897 2129 πυκνοῦσθαι,
922 2064 1041 2136 ἦτοι
1063 2063 1409 2133 σφίγγεσθαι,
1455 2063 1598 2118 κατὰ
1629 2062 1797 2133 βάθος

218 2155 314 2209 καὶ
364 2154 539 2221 νικος,
592 2155 812 2227 φούλκῳ
840 2158 1186 2227 περιπατεῖν,
1242 2156 1573 2226 συμϐάλλειν
1617 2157 1694 2222 ὡς
1743 2158 1803 2211 ὲν

218 2246 371 2314 τάξει
406 2250 588 2321 μάχης
622 2249 759 2320 μετὰ
790 2252 1097 2322 σχήματος.

292 2342 394 2409 Et”.
454 2344 834 2415 Γυμνάζεσθαι
862 2344 921 2399 δὲ
974 2345 1068 2400 καὶ
1095 2343 1288 2411 οὕτως’
1328 2348 1460 2401 ποτὲ
1497 2346 1598 2418 μὲν
1660 2344 1800 2417 μετὰ

224 2436 487 2508 βεργίων,
522 2437 652 2491 ποτὲ
673 2436 731 2491 δὲ
764 2436 904 2507 μετὰ
947 2438 1173 2509 γυμνῶν
1210 2438 1453 2493 σπαθίων
1476 2438 1799 2509 μερίζεσθαι

225 2524 364 2599 πρὸς
420 2528 829 2599 διφαλαγγίαν,
885 2530 979 2584 καὶ
1042 2530 1206 2585 πάλιν
1281 2530 1745 2586 ἀποκαθίστασθαι
1784 2546 1800 2564 ο

218 2619 369 2686 δεξιὰ
422 2620 523 2675 καὶ
547 2620 812 2693 ἀριστερὰ
858 2620 1164 2690 κλίνεσθαι,
1200 2622 1297 2677 καὶ
1354 2626 1679 2694 περιπατεῖν
1710 2625 1805 2677 ἐπὶ

222 2713 388 2783 κέρας
421 2712 599 2785 ἤγουν
620 2712 681 2767 τὸ
727 2712 901 2780 δεξιὸν
934 2713 1138 2785 μέρος,
1172 2713 1436 2785 προάγειν
1472 2714 1801 2786 ἔμπροσθεν,

224 2804 320 2860 καὶ
338 2804 504 2859 πάλιν
530 2802 1022 2872 ἀποκαθίστασθαι,
1048 2805 1415 2884 φυλάττεσθαι
1435 2808 1801 2878 ἀμφιστόμως

223 2895 601 2968 ικατέρωθεν,
636 2895 730 2950 καὶ
794 2895 958 2953 πάλιν
1010 2898 1483 2954 ἀποκαθίστασθαι
1516 2915 1532 2932 ο
1580 2902 1804 2972 μετατί-

224 2986 412 3041 θεσθαι
450 2988 606 3053 δεξιά
643 2989 738 3042 καὶ
763 2987 1050 3060 ἀριστερὰ,
1089 2990 1421 3060 άροιιοῦσθαι
1456 2992 1553 3047 καὶ
1589 2993 1804 3048 πλατύ-

225 3081 412 3136 νεσθαι
441 3082 567 3152 ἦτοι
588 3080 941 3137 διαπλοῦσθαι
974 3082 1033 3135 τὸ
1063 3081 1227 3153 βάθος
1254 3084 1359 3137 τῶν
1392 3085 1588 3149 ἀκιῶν,
1632 3104 1807 3158 μετα-

226 3172 522 3230 δάλλεσθαι
553 3173 698 3232 κατὰ
721 3174 914 3239 νώτου,
950 3176 1046 3229 καὶ
1095 3178 1259 3231 πάλιν
1305 3178 1802 3234 ἀποκαθίστασθαι.

228 3263 473 3321 Γίνονται
502 3267 560 3321 δὲ
606 3265 677 3322 τὰ
726 3268 983 3337 σχήματα
1022 3268 1198 3324 ταῦτα
1239 3269 1330 3324 διὰ
1358 3270 1456 3335 τὰς
1513 3271 1807 3345 διαφόρους

227 3356 649 3423 ἀνακυπτούσας
680 3357 883 3422 αίτίας.

298 3646 398 3719 εη’.
454 3649 612 3719 Φωνῇ
669 3646 853 3703 τοίνυν
882 3648 917 3719 ἢ
965 3649 1196 3720 νεύματι
1241 3650 1330 3705 διὰ
1372 3652 1601 3722 σημείου
1663 3653 1809 3719 τινος

230 3739 438 3795 κινοῦσι
460 3740 559 3794 καὶ
583 3740 848 3795 ἵστανται.
879 3741 1007 3794 Ὅτε
1033 3741 1090 3794 δὲ
1112 3742 1239 3813 θέλῃ
1270 3743 1511 3814 κινῆσαι,
1547 3743 1810 3814 σημαῖνει

231 3831 265 3905 ἦ
291 3832 525 3904 βουκίνῳ
547 3834 580 3905 ἢ
614 3836 679 3904 τῇ
704 3835 936 3904 ταυραίᾳ
958 3837 986 3887 ὁ
1008 3834 1456 3906 καμπιδούκτωρ,
1480 3836 1513 3906 ἢ
1536 3839 1602 3908 τῇ
1634 3839 1806 3907 φωνῇ,

232 3923 324 3976 καὶ
350 3922 583 3978 κινοῦσι.
619 3925 679 3976 Ei
703 3922 760 3976 δὲ
788 3924 983 3993 στῆσαι
1013 3924 1220 3999 θέλῃ,ἦ
1254 3928 1319 3997 τῇ
1374 3926 1545 3999 τούϐᾳ
1593 3928 1729 3999 (19),
1780 3930 1809 3982 ὃ

231 4017 348 4069 ἔστι
381 4016 578 4087 μικρὸν
611 4015 940 4087 βούκινον,ἢ
991 4018 1058 4087 τῇ
1101 4021 1278 4089 φωνῇ,
1340 4017 1373 4089 ἢ
1424 4020 1657 4090 νεύματι
1709 4020 1807 4091 τῆς

231 4107 433 4177 χειρὸς,
468 4108 566 4160 καὶ
592 4107 853 4162 ἵστανται.
886 4108 983 4162 Διὰ
1008 4108 1066 4163 δὲ
1089 4108 1249 4165 τοῦτο
1274 4114 1423 4181 φωνῇ
1457 4113 1550 4165 καὶ
1594 4113 1809 4184 σημείῳ

232 4198 507 4264 ἐθίζεσθαι
528 4199 827 4269 ἀναγκαῖόν
848 4203 985 4265 ἐστι,
1010 4201 1099 4256 διὰ
1129 4204 1220 4255 τὸν
1256 4202 1351 4256 τοῦ
1383 4204 1628 4275 ἅρματος
1652 4206 1812 4277 949n-

234 4289 347 4357 δον,
375 4292 408 4364 ἢ
435 4293 747 4364 κονιορτὸν,
779 4294 813 4367 ῆ
840 4294 1073 4366 ὀμίχλην
1103 4297 1519 4367 ὲπιγενομένην.

306 4405 401 4470 ἔθ’.
419 4406 808 4471 Δεπτύνονται,
824 4408 943 4478 ἦτοι
955 4407 1266 4480 μερίζονται
1283 4409 1527 4473 αίάκίαι,
1550 4410 1680 4463 ὅταν
1702 4411 1809 4465 ἀπὸ

1893 599 1949 644 et
1993 585 2362 642 institutiones
2406 576 2670 651 pedestris
2709 577 2867 641 aciei,
2896 571 3360 646 quemadmodum
3412 578 3471 625 et

1892 678 2184 751 equestris,
2221 670 2553 745 explicanda;
2579 670 2675 725 tibi
2706 684 2772 725 ac
2797 666 3159 740 proponenda:
3185 673 3337 720 sunt.

1963 854 2054 910 65.
2094 850 2326 919 Quando
2371 847 2439 905 ad
2477 843 2919 905 exercitationem
2956 856 3149 897 omnes
3191 839 3473 896 instructae

1897 950 2030 1006 aciei
2061 948 2318 1004 cohortes
2351 939 2726 1005 convenerint,
2750 939 2867 993 hazc
2893 936 3001 992 illis
3023 933 3311 990 mandatur
3331 948 3470 1003 prae-

1896 1040 2062 1109 cipiat
2092 1056 2106 1094 :
2148 1035 2286 1092 Cum
2323 1031 2543 1090 silentio
2576 1044 2769 1085 omnes
2814 1028 3079 1098 imperata
3120 1024 3361 1081 facitote.
3395 1022 3475 1080 Ne

1899 1126 2315 1205 perturbemini.
2349 1124 2651 1180 Stationem
2688 1129 2923 1176 vestram
2954 1126 3247 1175 servatote.
3267 1115 3473 1171 Cohor-

1899 1240 2005 1286 tem
2031 1218 2361 1297 sequamini.
2383 1217 2551 1273 Nemo
2586 1216 2866 1271 cohortem
2902 1226 3057 1267 suam
3086 1211 3324 1265 deserat.
3358 1207 3473 1264 Ini-

1899 1323 2072 1379 micos
2144 1308 2568 1389 persequamini.
2635 1305 2747 1362 Hac
2826 1305 3077 1361 oratione
3147 1302 3357 1367 habita,
3404 1302 3476 1355 ita

1900 1417 2081 1488 quiete
2112 1421 2167 1468 et
2200 1409 2425 1465 remisse
2452 1419 2511 1461 se
2536 1398 2852 1463 movebunt,
2886 1409 2944 1454 ut
2986 1412 3146 1453 nemo
3185 1411 3253 1451 ne
3288 1409 3478 1451 susuro

1900 1520 1981 1567 ret
2012 1505 2253 1581 quidem.
2871 1560 2873 1562 η

1971 1602 2060 1658 66.
2091 1594 2436 1655 Exercitandi
2485 1593 2553 1649 ad
2608 1592 2723 1648 haec
2754 1596 2882 1646 sunt
2925 1598 3061 1641 voce
3112 1581 3197 1637 vel
3244 1588 3378 1635 nutu
3423 1586 3478 1635 et

1903 1694 2059 1763 signo
2115 1689 2298 1759 aliquo
2353 1693 2412 1740 ut
2458 1688 2715 1738 moveant
2746 1687 2981 1740 etstent,
3038 1674 3290 1728 laxentur
3319 1677 3373 1725 et
3422 1670 3476 1725 in

1903 1762 2240 1841 altitudinem
2295 1774 2778 1836 contuberniorum
2827 1768 3167 1828 dividantur,
3223 1762 3484 1819 incedant

1900 1873 2239 1947 aequabiliter
2262 1882 2315 1926 et
2343 1867 2613 1931 ordinate,
2649 1864 2702 1919 in
2739 1861 2992 1922 frontem,
3029 1857 3078 1911 id
3119 1862 3227 1919 est,
3257 1854 3481 1921 directe,

1900 1986 1965 2027 ac
1998 1968 2163 2025 variis
2215 1965 2389 2023 modis
2419 1959 2765 2029 diversisque
2804 1969 2861 2010 se
2910 1952 3238 2009 contrahant
3270 1957 3325 2006 et
3352 1950 3486 2003 den-

1900 2059 2044 2126 sent,
2091 2070 2205 2114 tum
2259 2056 2313 2110 in
2362 2050 2915 2122 longitudinem.tttm
2972 2044 3026 2098 in
3075 2041 3426 2098 altitudinem
3465 2057 3481 2097 :

1900 2153 2101 2227 phnlco
2137 2148 2438 2212 ambulent,
2470 2148 2656 2215 sicque
2688 2141 2842 2213 quasi
2890 2143 2947 2198 in
2986 2142 3103 2210 ipsa
3141 2134 3322 2209 prmlii
3371 2132 3488 2188 acie

1900 2253 2108 2311 essent,
2142 2244 2208 2298 ad
2236 2258 2355 2298 eam
2387 2240 2621 2297 formam
2661 2236 2977 2310 conﬂigant“.

1974 2339 2063 2395 67.
2102 2337 2408 2392 Exerceant
2451 2348 2511 2390 se
2548 2346 2766 2404 quoque
2794 2331 2860 2386 ad
2900 2330 3050 2384 hunc
3101 2322 3324 2379 modum
3355 2334 3371 2373 :
3398 2318 3485 2374 in-

1899 2431 2112 2490 terdum
2138 2444 2262 2483 cum
2297 2424 2458 2481 nudis
2485 2422 2718 2493 spathis,
2747 2420 2800 2476 id
2828 2427 2937 2485 est,
2973 2413 3167 2487 gladiis
3195 2429 3210 2466 :
3234 2407 3490 2465 dividan-

1903 2536 1991 2581 tur
2018 2524 2072 2579 in
2109 2519 2540 2590 diphalangiam,
2571 2515 2623 2569 id
2661 2523 2768 2577 est,
2802 2509 3133 2578 duplicatam
3174 2504 3377 2563 aciem,
3429 2505 3488 2553 ct

1902 2632 2096 2674 rursus
2131 2616 2185 2669 in
2218 2612 2502 2684 pristinam
2553 2608 2782 2663 formam
2824 2604 3047 2660 redeant
3087 2618 3102 2655 :
3144 2599 3491 2654 dextrorsum

1901 2718 1955 2764 et
1984 2708 2271 2763 laevorsum
2305 2719 2364 2759 se
2391 2701 2693 2771 obliquent,
2722 2706 2774 2753 et
2804 2696 2857 2751 in
2884 2710 3056 2750 cornu
3091 2707 3150 2747 se
3178 2690 3487 2750 inllectant,

1903 2803 1955 2857 id
1998 2810 2100 2865 est,
2126 2800 2472 2853 dextrorsum
2502 2792 2819 2864 procedant,
2851 2797 2906 2844 et
2946 2792 3138 2842 rurstts
3187 2780 3480 2853 pristinam

1903 2894 1972 2948 ad
2022 2891 2253 2946 formam
2300 2888 2527 2943 redeant
2560 2893 2615 2941 et
2648 2882 2941 2953 ancipitem
2967 2878 3138 2933 aciem
3180 2874 3488 2936 instruant,

1904 2986 1956 3041 id
1987 2995 2107 3052 est,
2131 2983 2199 3041 ad
2230 2979 2579 3050 accipiendos
2621 2977 2880 3046 utrinque
2909 2973 3101 3027 hostes
3139 2974 3408 3038 paratam,
3440 2969 3496 3018 ει

1905 3095 2098 3135 rursus
2129 3075 2194 3132 ad
2233 3074 2519 3145 pristinam
2552 3070 2783 3125 formam
2826 3065 3052 3121 redeant
3086 3080 3100 3117 :
3133 3061 3188 3116 in
3245 3059 3493 3113 dextram

1905 3178 1958 3222 et
1989 3169 2174 3222 larvam
2219 3144 2277 3221 se
2315 3161 2666 3226 transferant,
2703 3160 2935 3215 densent
2968 3170 3029 3211 se
3059 3161 3115 3208 et
3158 3150 3408 3210 dilatent.
3436 3144 3492 3201 id

1913 3271 2017 3327 est,
2052 3258 2360 3315 diﬂundant
2417 3255 2756 3311 altitudinem
2824 3244 3189 3309 contubernii,
3251 3258 3283 3297 a
3340 3249 3497 3305 tergo

1912 3353 2295 3414 communiter,
2336 3357 2391 3404 et
2434 3362 2624 3403 rursus
2670 3345 2737 3398 ad
2781 3341 3070 3412 pristinam
3128 3336 3361 3392 formam
3402 3348 3491 3387 re-

1910 3446 2093 3501 deant.
2162 3443 2253 3496 lla:
2316 3442 2505 3496 formae
2563 3445 2788 3509 propter
2835 3434 3017 3490 varias
3072 3430 3491 3487 circumstantes

1910 3553 2105 3593 causas
2134 3532 2451 3590 exercendae
2482 3539 2632 3587 sunt.

1980 3645 2069 3702 68.
2103 3642 2274 3698 Vocis
2308 3643 2473 3711 igitur
2511 3650 2605 3694 aut
2649 3644 2815 3692 nutus
2847 3633 3005 3706 signo
3037 3632 3225 3702 aliquo
3268 3635 3493 3685 movent

1909 3749 1961 3795 et
1987 3738 2312 3794 coasistunt.
2350 3731 2579 3800 Quaado
2610 3744 2827 3785 movere
2859 3743 2955 3781 eos
2979 3726 3116 3787 vult,
3144 3721 3377 3779 buccina
3408 3718 3493 3773 vel

1910 3843 2151 3893 staurea,
2199 3830 2281 3883 vel
2336 3843 2468 3881 voce
2527 3841 2626 3880 sua
2681 3821 2956 3893 signiﬁcat
3007 3817 3402 3887 campiductor,
3442 3820 3496 3866 et

1911 3934 2235 3981 moventur:
2266 3921 2485 3992 quando
2531 3933 2661 3973 vero
2700 3915 3004 3970 consistere
3041 3926 3136 3966 eos
3167 3908 3302 3972 vult,
3340 3906 3491 3967 tuba,

1910 4018 1961 4073 id
1997 4027 2099 4082 est,
2138 4030 2305 4087 parva
2344 4013 2597 4073 buccina,
2625 4008 2710 4064 vel
2751 4022 2882 4061 voce
2916 4015 2968 4059 et
3000 4012 3134 4056 untu
3184 4015 3384 4055 manus
3415 3998 3493 4055 si-

1910 4110 2152 4184 gniﬁcat,
2170 4118 2224 4163 et
2242 4104 2570 4161 consistunt.
2591 4101 2885 4171 Propterea
2902 4104 3085 4151 autem
3117 4094 3234 4147 voci
3256 4088 3497 4159 etsignis

1909 4200 2308 4261 assuefacicndi
2338 4207 2481 4262 sunt,
2536 4196 2664 4267 quia
2715 4207 2974 4248 curruum
3017 4188 3283 4244 tumultus
3310 4186 3497 4253 ingens

1910 4310 2074 4363 smpc,
2094 4306 2236 4359 saepe
2265 4288 2460 4359 pulvis,
2492 4302 2636 4356 saepe
2664 4284 2839 4354 caliga
2864 4294 3059 4351 magna
3081 4279 3424 4333 obversatur.

1983 4404 2071 4457 69.
2126 4402 2494 4455 Attenuautur
2533 4393 2918 4455 contubernia,
2969 4390 3192 4461 quando
3244 4385 3493 4441 sedecim

237 4493 312 4563 ις’
357 4497 569 4568 ἀνδρῶν
596 4498 659 4551 τδ
696 4475 860 4569 βάθος
881 4475 1063 4553 αὐτῶν
1092 4502 1228 4563 ἐστι,
1260 4500 1354 4555 καὶ
1402 4499 1575 4564 θέλεις
1608 4503 1802 4572 μᾶλλον

1914 4509 2155 4547 virorum
2215 4490 2558 4545 altitudinem
2617 4487 2839 4550 habent,
2880 4491 2933 4536 et
2961 4496 3058 4536 eos
3107 4479 3158 4533 in
3200 4475 3497 4546 longitudi-

235 4589 296 4644 τὸ
323 4567 495 4661 μῆκος
516 4588 627 4644 τῶν
649 4567 1010 4659 παρατάξεων
1030 4592 1266 4645 ἐκτεῖναι
1287 4591 1375 4647 διὰ
1392 4567 1627 4665 κόμπον,
1651 4595 1683 4665 ἢ
1712 4595 1802 4647 διὰ

1911 4601 2032 4641 nem
2058 4586 2194 4640 aciei
2224 4584 2407 4653 potius
2427 4582 2688 4639 diducere
2726 4578 2810 4633 vel
2852 4588 3080 4631 ornatus
3114 4586 3278 4627 causa
3323 4569 3500 4625 alicu-

234 4682 294 4735 τδ
311 4683 571 4753 ἰσωθῆναι
598 4684 664 4753 τῇ
686 4682 797 4737 τῶν
813 4684 1075 4738 ἐναντίων
1088 4684 1237 4749 τάξει
1267 4701 1281 4715 ·
1300 4684 1395 4739 καὶ
1417 4687 1803 4758 παραγγέλλειο

239 4774 481 4840 Ἔξελθε.
500 4776 611 4832 Καὶ
627 4776 936 4847 ἐξέρχονται
952 4770 1033 4840 εἷς
1046 4776 1175 4849 παρ’
1191 4776 1287 4833 ἕνα
1307 4779 1652 4850 μεριζόμενοι
1668 4780 1804 4849 (ἳθ).

238 4866 344 4920 Καὶ
388 4867 709 4922 λεπτύνεται
768 4870 865 4941 μὲν
891 4869 953 4921 τὸ
991 4867 1152 4939 βάθος
1205 4868 1318 4923 τῶν
1377 4869 1573 4933 ἀκιῶν,
1627 4887 1802 4940 προσ-

246 4957 441 5013 τίθεται
472 4960 531 5013 δὲ
568 4959 630 5012 τὸ
671 4960 845 5030 μῆκος
872 4960 972 5030 τῆς
1023 4960 1401 5032 παρατάξεως.
1446 4962 1554 5015 Καὶ
1601 4962 1808 5030 γίνεται

236 5049 296 5102 τὸ
321 5050 482 5121 βάθος
522 5053 630 5106 ἀπὸ
662 5060 736 5124 η’.
791 5054 855 5108 El
883 5054 941 5107 δὲ
983 5052 1109 5129 θέλῃ
1165 5054 1272 5108 ἀπὸ
1315 5055 1614 5127 τεσσάρων,
1645 5056 1808 5110 πάλιν

239 5138 403 5208 λέγει’
445 5141 691 5208 Ἔξελθε·
719 5144 814 5198 καὶ
840 5143 1154 5215 ἐξέρχονται
1182 5145 1383 5213 ὁμοίως
1418 5144 1617 5207 πάντες
1647 5146 1725 5206 εἰς
1750 5143 1807 5196 ἓν

245 5232 404 5305 μέρος
427 5233 575 5300 δεξιὰ
601 5236 635 5307 ἢ
660 5236 947 5308 ἀριστερά.
973 5236 1145 5291 Τοῦτο
1173 5236 1230 5289 δὲ
1262 5237 1418 5307 χρεία
1451 5236 1807 5307 παραφυλάτ-

1908 4680 2018 4750 jus,
2055 4680 2140 4734 vel
2199 4688 2260 4734 ut
2302 4678 2463 4734 alicui
2498 4676 2654 4731 alteri
2716 4673 2853 4729 aciei
2915 4676 3290 4739 exaequentur,
3314 4664 3495 4735 cupis.

1912 4772 2199 4842 Prmcipies
2225 4782 2405 4827 autem
2440 4770 2524 4825 his
2538 4768 2719 4824 verbis
2748 4785 2765 4822 :
2790 4763 3009 4829 Ἔξελθε
3037 4780 3051 4817 :
3075 4760 3128 4816 id
3149 4768 3251 4823 est,
3282 4759 3494 4814 Exeas:

1861 4902 1866 4909 ι
1913 4877 1969 4923 et
2013 4867 2238 4922 exibunt
2271 4866 2455 4920 statim
2514 4879 2657 4917 unus
2705 4866 2827 4929 post
2856 4858 3086 4912 alterum
3119 4870 3179 4911 se
3216 4866 3493 4922 separatis.

1916 4958 2105 5030 Itaque
2128 4958 2356 5014 altitudo
2374 4953 2851 5010 contuberniorum
2876 4955 3214 5011 altenuatur,
3245 4953 3301 4999 et
3320 4943 3495 5012 longi-

1915 5051 2085 5106 tudini
2134 5050 2335 5119 aliquid
2394 5047 2673 5114 adjicitur,
2702 5053 2755 5100 et
2807 5041 3039 5097 altitudo
3069 5054 3215 5093 nunc
3244 5043 3489 5090 tantum-

1914 5144 2075 5196 modo
2106 5142 2343 5195 virornm
2368 5146 2493 5193 octo
2525 5138 2603 5191 tit.
2630 5138 2684 5190 Si
2707 5151 2833 5190 vero
2870 5141 3111 5203 quatuor
3140 5129 3318 5185 solum
3345 5125 3493 5179 viro-

1913 5230 2035 5289 rum
2085 5233 2429 5288 altitudinem
2480 5230 2563 5286 vis
2592 5244 2734 5292 esse,
2769 5227 2860 5281 dic
2887 5239 3075 5281 rursus
3110 5239 3124 5276 :
3158 5219 3405 5286 Ἔξελθε,
3436 5215 3494 5274 id

1728 5371 1959 5428 NOTAE.

321 5469 430 5541 (Π)
469 5448 536 5524 Τὸ
555 5470 746 5536 βάθος
786 5470 903 5524 τῶν
960 5468 1157 5525 ἁχιῶν.
1210 5467 1267 5523 In
1320 5467 1596 5541 Palatino!
1623 5468 1812 5541 codice

245 5539 361 5621 erat
383 5539 494 5621 3:2.
519 5540 676 5621 Erigor;
699 5542 789 5594 καὶ
819 5544 973 5621 νῖκος
984 5541 1093 5593 τῶν
1237 5539 1694 5621 quemadnmdum
1756 5539 1811 5593 in

246 5611 487 5678 ejusdem
517 5612 553 5681 δέ
575 5614 679 5667 line
702 5610 844 5666 κατὰ
879 5611 1038 5681 βάθος
1077 5611 1170 5664 καὶ
1195 5614 1341 5673 νῖκος
1371 5608 1588 5680 φούλκῳ
1651 5626 1811 5681 περι-

250 5683 482 5820 ἷὲῗῗνὶ
517 5679 817 5752 Utrobiquc
863 5679 1213 5737 scribendum
1257 5696 1503 5737 censeo:
1562 5679 1615 5734 κ.
1649 5679 1811 5750 βάθος

384 5770 445 5821 κη
484 5770 559 5817 ος.

317 5795 650 5892 ξιῖβψίξξιτὰ
678 5824 920 5892 κοίλους
952 5825 1190 5891 τόπους.
1233 5821 1444 5890 Scribe,
1491 5821 1628 5876 κατὰ
1686 5820 1812 5874 πολ-

1909 5466 2033 5538 λοῦς
2054 5466 2306 5538 τρόπους.

1981 5521 2103 5609 (ia;
2122 5538 2197 5591 ’³11
2221 5521 2294 5609 gi;
2320 5534 2519 5609 zgeegz.
2538 5529 2935 5609 scribebatura
2967 5527 3058 5582 τοῦ
3079 5525 3295 5597 paveo».
3318 5521 3381 5580 Et
3402 5524 3489 5582 sic

1908 5604 2024 5664 erat
2052 5610 2104 5663 in
2134 5606 2324 5661 codice
2361 5604 2597 5660 l’istorii.

1981 5680 2093 5747 (‘20)
2120 5677 2229 5733 Kal
2278 5675 2642 5743 ἐξέρχονται,
2665 5666 2765 5747 ,εἷς
2796 5672 2934 5737 παρ’
2964 5669 3073 5723 ἕνα
3098 5664 3483 5747 μεριζόμενοι.

1912 5735 2123 5817 Scribe,
2158 5751 2254 5804 καὶ
2291 5735 2601 5818 ἐξέρὶονται
2627 5735 2787 5809 εὐθύς
2820 5735 3343 5813 παραμεριζόμενοι.
