4078 6306
543 368 658 437 755

1760 367 2035 430 LEONIS
2072 365 2538 432 PHILOSOPHI

3696 343 3818 433 τεο

541 496 647 553 est,
678 486 890 556 Exeas;
919 493 977 544 et
1000 485 1229 543 exibunt
1264 499 1459 544 omnes
1490 485 1546 543 in
1588 500 1754 542 unam
1780 486 1957 540 solum
1981 497 2111 556 par-

2231 498 2350 549 :sw,
2383 481 2474 537 ἵνα
2498 482 2705 551 πάντες
2724 481 2809 550 εις
2832 481 2893 538 ιν
2916 481 3086 556 μέρος
3110 482 3207 541 καὶ
3233 482 3595 560 εἰσερχωνται
3636 480 3698 539 δὲ
3718 478 3816 537 αἱ

540 590 675 647 tem,
719 578 965 635 dextram
1010 587 1107 635 aut
1161 578 1465 636 sinistram.
1495 576 1609 632 Hoc
1653 576 1798 632 enim
1840 574 2129 649 diligenter

547 672 947 728 observandum
992 680 1103 743 est,
1148 680 1211 729 ut
1255 686 1450 730 omnes
1495 686 1660 727 unam
1702 671 1757 726 in
1788 680 1999 741 partem
2031 682 2128 725 ve-

547 763 698 819 niant
729 773 784 820 et
808 773 1027 821 exeant.

614 878 705 934 70.
741 877 1046 937 Jubeantur
1086 879 1343 938 incedere
1384 880 1727 951 aequaoiliter
1756 887 1810 936 et
1851 879 2123 940 ordinate.

546 970 777 1039 Quando
830 973 1047 1045 quidem
1104 972 1158 1029 in
1205 972 1324 1029 acie
1363 979 1593 1029 caeteros
1656 980 2027 1038 antevertunt,
2070 977 2126 1027 et

546 1070 883 1141 inaequaliter
906 1078 1057 1136 cunt,
1080 1070 1147 1126 iis
1170 1070 1349 1127 verbis
1378 1069 1662 1141 praecipies
1693 1070 1883 1126 ι’ῐσον
1913 1070 1974 1123 τὸ
1993 1068 2125 1141 μέτ-

546 1180 712 1228 ωπον,
738 1162 791 1220 id
843 1173 945 1230 est,
978 1162 1229 1237 Equalis
1266 1164 1339 1221 sit
1367 1163 1547 1232 frons,
1581 1149 1637 1221 et
1683 1164 1866 1222 statim
1899 1162 2125 1236 aequalis

545 1257 669 1314 erit.
1094 1332 1097 1333 ν

611 1347 1085 1406 7l.Contraliitur
1131 1350 1218 1407 vel
1264 1350 1527 1408 densatur
1580 1352 1877 1417 exercitus,
1904 1368 2124 1425 quanoo

545 1441 761 1498 duobus
790 1450 886 1497 aut
922 1443 1097 1501 tribus
1126 1444 1337 1515 sagittae
1377 1444 1619 1516 iactibus
1660 1447 1732 1501 ab
1760 1444 2001 1503 hostium
2025 1461 2123 1504 co-

545 1536 649 1605 piis
696 1550 820 1591 cum
865 1537 1042 1605 abest,
1100 1546 1157 1594 et
1213 1537 1447 1595 frontem
1512 1539 1803 1611 utriusque
1850 1541 2124 1599 exercitus

546 1631 889 1686 committere
935 1631 1067 1699 vult,
1098 1640 1441 1689 contractum
1480 1640 1537 1688 et
1566 1631 1863 1690 densarum
1906 1634 1974 1690 ad
2003 1650 2123 1691 me-

2226 573 2591 649 ἑξέρχωντιιι.

2299 862 2367 921 ο’.
2377 866 2708 939 Περιπατετν
2724 866 2855 931 τσως
2878 864 2973 922 καὶ
2992 864 3510 943 συνῙτι]ταγμινως,
3527 869 3557 926 ὃ
3562 886 3654 927 ταν
3667 873 3809 937 τινὲς

2226 958 2329 1030 τῆς
2355 959 2714 1034 παρατάξεως
2764 959 3110 1033 προκύψωσι.
3142 962 3255 1018 Καὶ
3282 962 3353 1019 ἄν
3395 956 3530 1030 [σως
3571 982 3810 1037 περιπα-

2227 1051 2399 1119 τοῦσι,
2433 1052 2529 1109 καὶ
2562 1052 2936 1127 παραγγέλλῃ,
2975 1055 3125 1110 Ἴσον
3146 1053 3206 1109 rb
3230 1056 3505 1128 μέτωπον,
3536 1055 3634 1112 καὶ
3660 1057 3809 1112 ισσῦ-

2228 1160 2319 1199 ται
2348 1143 2411 1198 τὸ
2443 1145 2723 1217 μέτωπον.

2294 1348 2407 1408 oa'.
2430 1348 2764 1406 Πυκνοῦνται
2789 1352 2910 1424 ἦτοι
2936 1351 3278 1423 σφίγγονται,
3322 1354 3454 1410 ὅταν
3476 1354 3555 1420 ὡς
3582 1355 3691 1411 ἀπὸ
3714 1355 3808 1410 δύο

2230 1444 2265 1515 ἢ
2293 1443 2459 1517 τριῶν
2484 1442 2879 1511 σαγιττοσόλων
2906 1445 3006 1515 τῆς
3030 1442 3141 1499 τῶν
3186 1445 3401 1518 ἰχθρῶν
3446 1446 3806 1517 παρατάξεως

2227 1536 2459 1608 γίνεταιρ
2489 1534 2645 1609 ἡμῶν
2699 1536 2733 1607 ἡ
2790 1533 3136 1607 παράταξις,
3175 1536 3271 1593 καὶ
3328 1538 3514 1608 μέλλει
3568 1537 3809 1609 συμΰάλ-

2227 1628 2361 1694 λειν,
2407 1628 2598 1698 λέγει’
2633 1625 2851 1695 Ζεῦξον.
2899 1627 3011 1681 Καὶ
3071 1628 3437 1700 πυκνοῦμενοι
3489 1627 3810 1698 σφίγγονται

545 1721 696 1778 dium
778 1723 958 1778 locum
1034 1734 1148 1781 tum
1221 1724 1598 1796 longitudinis,
1653 1735 1770 1782 tum
1821 1725 2126 1783 altitudinis

2231 1720 2366 1791 πρὸς
2396 1719 2489 1773 τὸν
2531 1718 2700 1789 μέσον
2751 1717 2917 1773 τόπον
2948 1716 3091 1773 κατά
3122 1717 3285 1791 βάθος
3339 1718 3436 1774 καὶ
3494 1719 3672 1790 μῆκος
3722 1736 3811 1774 τοο

546 1831 787 1886 eousque
821 1815 1050 1872 frontem
1077 1817 1318 1883 adducit,
1353 1828 1412 1873 ut
1440 1819 1533 1889 qui
1570 1819 1624 1874 in
1662 1820 1942 1875 anteriore
1971 1827 2124 1890 parte

2231 1810 2450 1866 σοῦτονο
2483 1809 2573 1864 ἴνα
2626 1809 2677 1862 οἱ
2738 1808 2840 1881 μὲν
2889 1807 3201 1883 ἔμπροσθεν
3257 1810 3581 1883 τεταγμένοι
3625 1810 3719 1867 καὶ
3745 1814 3810 1867 ὲκ

548 1909 819 1974 instructi,
848 1916 901 1965 et
930 1910 1023 1981 qui
1048 1910 1101 1965 in
1131 1911 1393 1968 lateribus
1425 1910 1659 1979 fuerant,
1691 1913 1833 1968 intra
1858 1928 2121 1968 curruum

2231 1903 2480 1975 πλαγίου,
2531 1905 2609 1968 τις
2641 1901 2711 1958 τὰ
2760 1902 2981 1976 ἅρματα
3010 1903 3262 1977 ἀλλήλοις
3290 1904 3585 1975 ιγγῖζωσιν
3611 1921 3626 1936 ·
3659 1907 3707 1959 οἱ
3751 1905 3810 1960 δὲ

547 2002 887 2073 complexum
937 2002 1095 2074 quasi
1139 2004 1544 2060 contineantur.
1574 2004 1703 2060 llaec
1743 2004 1920 2061 forma
1950 2013 2127 2078 potest

2231 1996 2450 2052 ὗπισθεν
2500 1997 2642 2051 κατὰ
2674 1995 2845 2052 νώτου
2900 1997 3150 2068 ἀλλήλοις
3198 1997 3388 2070 ὥσπερ
3431 1999 3809 2070 κεκόλληνται.

546 2109 666 2154 esse
695 2103 809 2150 tum
840 2103 1037 2163 stante,
1076 2106 1190 2152 tum
1233 2107 1485 2152 movente
1509 2098 1774 2155 exercitu.

2231 2086 2396 2141 Τοῦτο
2411 2086 2469 2141 δὲ
2501 2086 2562 2141 τὸ
2589 2085 2776 2159 σχῆμα
2804 2085 3051 2155 γίνεσθαι
3084 2086 3314 2144 δύναται
3345 2088 3444 2144 καὶ
3474 2086 3809 2160 περιπατού-

2134 2182 2140 2189 ”
2227 2190 2327 2252 σης
2353 2178 2448 2234 καὶ¹
2478 2177 2776 2251 ἱσταμένης
2800 2177 2901 2249 τῆς
2933 2178 3322 2252 παρατάξεως.

620 2302 708 2359 72.
741 2301 1169 2374 Ρινιεείρίειιᾱυηι
1202 2318 1421 2375 quoque
1466 2303 1743 2377 οὐραγοῖς,
1776 2304 1830 2361 id
1861 2312 1968 2372 est,
1999 2304 2127 2360 ulti-

2294 2295 2393 2367 οβ’.
2425 2293 2547 2365 Χρὴ
2573 2294 2631 2349 δὲ
2682 2295 2813 2359 τοὺς
2866 2292 3139 2367 οὐραγοὺς
3198 2294 3682 2368 παραγγέλλεσθαι
3718 2295 3808 2349 καὶ

552 2396 751 2463 mauis,
797 2412 891 2452 seu
943 2396 1206 2452 caudanis
1258 2412 1500 2468 persaepe
1557 2405 1643 2453 est
1674 2415 1693 2452 :
1720 2408 1774 2453 et
1828 2413 1928 2455 eos
1960 2396 2052 2469 qui
2093 2413 2128 2454 a

2231 2388 2294 2441 ἑκ
2336 2386 2444 2441 τῶν
2474 2385 2700 2441 ὄπισθεν
2753 2385 3021 2459 προωθεῖν
3049 2386 3145 2442 καὶ
3180 2386 3459 2457 ἀπορθοῦν
3492 2386 3695 2452 αὐτοὺς
3729 2389 3809 2453 τις

549 2495 700 2558 tergo
729 2496 856 2545 sunt
888 2487 1165 2560 impellere
1190 2498 1421 2560 oportet,
1471 2500 1635 2562 atque
1683 2492 1751 2548 ad
1795 2508 1957 2549 nsum
2006 2507 2127 2547 om-

2231 2480 2326 2552 τὴν
2353 2480 2563 2553 χρείαν,
2586 2479 2677 2536 ἵνα
2706 2478 2785 2553 μὴ
2803 2478 3178 2564 ὲναπομένωσί
3204 2496 3373 2549 τινες,
3403 2480 3484 2545 ὡς
3508 2481 3678 2548 εἰκὸς,
3701 2480 3806 2536 εει·

551 2596 673 2636 nem
728 2582 1015 2637 militarem
1058 2583 1306 2649 incitare,
1338 2590 1398 2639 ut
1431 2599 1499 2641 ne
1549 2584 1744 2658 aliqui,
1797 2594 1860 2642 ut
1892 2585 2008 2643 fieri
2039 2601 2130 2644 so-

550 2671 642 2739 iet,
670 2687 780 2749 pra:
802 2681 946 2729 metu
974 2680 1311 2730 remaneant.

620 2783 707 2840 73.
742 2782 949 2841 Pliulco
990 2785 1293 2853 ambulant,
1324 2786 1548 2858 quando
1578 2786 1786 2858 junctis
1817 2789 1990 2859 cepiis
2030 2788 2132 2846 bo-

551 2878 718 2933 stium
750 2878 991 2935 simulet
1025 2881 1249 2947 nostris,
1278 2883 1491 2954 sagittae
1521 2881 1722 2955 conjici
1750 2883 2043 2954 incipiunt,
2075 2893 2130 2941 et

552 2972 647 3042 qui
676 2972 730 3027 in
772 2970 949 3030 fronte
984 2974 1236 3031 instructi
1288 2984 1435 3042 sunt,
1460 2976 1648 3042 zabas,
1692 2977 1902 3043 loricia,
1930 2979 1984 3034 id
2020 2987 2128 3045 est,

552 3066 738 3137 galeas
783 3081 889 3121 non
934 3076 1169 3138 gestant.
1209 3067 1344 3124 Cum
1392 3067 1701 3140 praecipitur
1723 3070 1857 3135 illis,
1905 3072 2132 3127 Πύκνω-

554 3175 666 3222 σον,
719 3157 771 3214 id
814 3169 919 3227 est,
961 3160 1218 3227 Densato,
1274 3174 1383 3218 tum
1432 3163 1525 3235 qui
1578 3164 1635 3219 in
1662 3163 1839 3221 fronte
1875 3164 2127 3221 instructi

2227 2572 2471 2639 λιῶντες.
2500 2587 2504 2590 ‘

2298 2792 2399 2864 ογ’.
2438 2792 2661 2865 tioditi
2687 2792 2745 2849 δὲ
2770 2793 3094 2865 περιπατεῖν
3122 2790 3366 2863 λέγεται,
3393 2792 3524 2847 ὅταν
3548 2792 3809 2863 ἐγγιζου-

2231 2890 2340 2945 σῶν
2388 2889 2499 2945 τῶν
2549 2888 2908 2962 παρατάξεων
2962 2890 3066 2959 τῆς
3121 2906 3184 2943 τε
3242 2889 3519 2962 ἡμετέρας
3569 2892 3665 2946 καὶ
3710 2890 3809 2962 τῆς

2230 2982 2340 3039 τῶν
2384 2983 2665 3051 ἐναντίων,
2700 2982 2893 3055 μέλλει
2935 2983 3200 3055 ἄρχεσθαι
3243 2983 3279 3055 ἡ
3310 2981 3493 3049 τοξεεα
3519 2982 3765 3054 γίνεσθαι
3789 3023 3807 3048 ,

2230 3077 2327 3132 καὶ
2355 3074 2418 3130 οὐ
2446 3073 2703 3147 φοροῦσιν
2728 3076 2779 3129 οἱ
2810 3077 2868 3131 ἐν
2902 3076 2982 3147 τῷ
3019 3075 3255 3146 μετώπῳ
3280 3076 3603 3147 τεταγμένοι
3640 3075 3810 3141 ζάεας

2230 3168 2351 3239 ἤτοι
2391 3166 2645 3239 λωρῑιιια,
2676 3167 2773 3223 καὶ
2804 3167 3179 3240 παραγγέλλῃ,
3208 3167 3525 3236 Πύκνωσον,
3572 3169 3671 3224 καὶ
3702 3168 3810 3224 τῶν

554 3252 774 3319 fuerint,
793 3254 1026 3311 densant
1052 3268 1207 3313 scuta
1234 3273 1331 3312 sua
1362 3258 1536 3313 donec
1574 3259 1679 3315 sibi
1716 3269 1909 3315 mutuo
1935 3274 2130 3331 appro-

2231 3226 2539 3333 έμπροσθέν
2560 3226 2705 3315 κατὰ
2750 3260 2815 3314 τὺ
2864 3226 3522 3333 μέτωπονιῖτεταγμένων
3549 3261 3811 3318 πυκνοῦν-

553 3344 949 3417 pinquaverint,
985 3359 1198 3406 ventres
1231 3367 1361 3407 suos
1382 3368 1557 3424 usque
1578 3354 1646 3408 ad
1672 3368 1833 3409 suras
1858 3362 1913 3409 et
1951 3368 2130 3426 genua

553 3441 724 3496 sentis
772 3442 891 3498 suis
936 3444 1244 3513 operientes
1276 3465 1290 3500 :
1323 3447 1415 3515 qui
1444 3462 1475 3501 a
1508 3457 1661 3518 tergo
1696 3449 1915 3505 illorum
1959 3458 2129 3513 stant,

552 3545 705 3588 scuta
760 3551 859 3590 sua
908 3552 1070 3607 supra
1120 3554 1216 3593 cus
1272 3540 1640 3609 traducentes,
1674 3550 1728 3600 et
1768 3542 1823 3596 in
1853 3542 2131 3598 anteriore

553 3626 771 3681 illorum
811 3637 963 3697 parte
999 3639 1263 3699 ponentes
1307 3640 1548 3701 pectora,
1581 3642 1633 3687 et
1669 3634 1854 3690 vultus
1906 3631 2130 3691 illorum

554 3729 760 3791 tegant,
792 3722 979 3793 sicque
1009 3738 1135 3778 eum
1163 3723 1411 3781 hostibus
1433 3725 1753 3796 conﬂigunt.

620 4020 707 4075 7i.
735 4019 964 4086 Quando
991 4029 1170 4075 autem
1195 4021 1418 4079 densata
1444 4023 1589 4079 acies
1622 4023 1688 4079 ad
1728 4024 1888 4078 unius
1921 4022 2131 4093 sagitta)

549 4111 756 4180 ja‘ctnm
801 4111 868 4166 ab
920 4110 1167 4169 hostibus
1216 4113 1472 4181 abfuerit,
1502 4124 1558 4170 et
1588 4114 1918 4170 conflictatio
1950 4115 2129 4170 futura

555 4210 655 4265 est,
680 4200 1135 4275 ιῐὶοίιο,Ἕτοιμοι,
1161 4204 1211 4259 id
1238 4215 1339 4271 est,
1366 4204 1566 4261 Parati.
1598 4206 1751 4260 Alius
1781 4208 1963 4259 statim
1983 4206 2131 4260 exci-

555 4296 687 4362 piat,
719 4304 772 4349 et
803 4297 1018 4360 clamet,
1047 4297 1258 4367 Βοήθει,
1293 4298 1347 4353 id
1390 4307 1493 4364 est,
1522 4296 1659 4354 Juva
1691 4315 1706 4353 :
1738 4305 1793 4354 et
1842 4298 2128 4355 confestim

558 4403 663 4441 una
688 4388 942 4457 claraque
971 4404 1101 4444 voce
1128 4404 1318 4446 omnes
1345 4400 1661 4460 personcnt,
1698 4389 1756 4445 '0
1783 4390 1937 4456 Θεός,
1971 4390 2023 4445 id
2048 4401 2131 4447 est

558 4478 719 4534 Deus.
759 4481 834 4535 lbi
866 4490 979 4535 tum
1008 4482 1154 4538 leves
1208 4482 1434 4554 sagittas
1485 4484 1652 4539 altius
1691 4483 1958 4552 injiciaut.
1988 4482 2131 4537 Scu-

2243 3369 2351 3405 των
2383 3350 2453 3405 τὰ
2500 3352 2800 3423 σκουτάρια
2828 3348 3005 3405 αὐτῶν
3035 3350 3197 3424 μέχρι
3243 3350 3338 3405 τοῦ
3373 3351 3618 3421 ἐγγίζειν
3647 3352 3810 3424 ἀλλή-

2232 3444 2367 3510 λοις,
2394 3443 2834 3509 κατασκέποντις
2856 3442 3399 3517 προσπεπλασμένως
3419 3442 3519 3507 τὰς
3540 3443 3808 3512 γαστέρας

2232 3536 2414 3592 αὐτῶν
2444 3538 2606 3610 μέχρι
2633 3537 2733 3609 τῆς
2758 3536 3000 3609 κνήμης,
3026 3536 3198 3608 ἤγουν
3227 3535 3323 3590 τοῦ
3352 3535 3652 3607 λεγομένω
3686 3536 3813 3591 σκέ-

2228 3629 2389 3693 λουςο
2426 3630 2475 3683 oi
2503 3629 2853 3701 παρεστῶτες
2887 3628 3075 3692 αὐτοῖς
3103 3627 3330 3682 ὄπισθεν
3376 3627 3805 3699 ὗπρανέχοντες

2235 3723 2307 3778 τὰ
2368 3723 2666 3793 σκουτάρια
2692 3721 2911 3787 αὐτῶν,
2962 3721 3057 3775 καὶ
3118 3719 3493 3784 ἀναπαύοντες
3545 3722 3628 3785 εἰς
3678 3721 3805 3785 τοὺς

2230 3812 2564 3886 ἔμπροσθεν,
2593 3812 2856 3867 σκέπουσι
2884 3812 2953 3867 τὰ
2979 3812 3149 3885 στήθη
3177 3813 3272 3867 καὶ
3320 3814 3419 3876 τὰς
3463 3812 3616 3884 ὄψεις
3637 3812 3812 3867 αὐτῶν

2233 3908 2326 3962 καὶ
2345 3905 2518 3971 οὓτως
2554 3922 2616 3959 συ
2624 3905 2946 3978 μὸἀλλουσι.

2303 4010 2395 4073 05'.
2435 4012 2607 4067 Ὅταν
2659 4012 2715 4065 δὲ
2746 4012 3093 4069 πυκνωθεῖσα
3142 4014 3236 4068 καὶ
3275 4015 3311 4085 ἠ
3339 4014 3643 4085 παράταξις
3671 4014 3810 4068 κατὰ

2231 4104 2391 4177 λόγον
2420 4106 2530 4161 ἀπὸ
2561 4106 2673 4169 ἑνὸς
2703 4107 3087 4176 σαγιττοϐόλου
3111 4108 3337 4177 γένηται
3364 4108 3473 4162 τῶν
3513 4109 3806 4180 πολεμίων.

2233 4202 2327 4256 καὶ
2354 4201 2537 4272 μέλλει
2582 4202 2799 4265 πάντως
2822 4202 2856 4272 ἡ
2887 4200 3133 4270 συμὸολὴ
3169 4198 3564 4263 συνάπτεσθαι,
3599 4217 3811 4269 παραγ-

2232 4295 2419 4369 γέλλῃ,
2450 4295 2716 4367 Ἕτοιμοι·
2746 4294 2842 4347 καὶ
2870 4293 3031 4349 ἄλλου
3053 4293 3431 4366 διαδεχομένου
3463 4294 3562 4347 καὶ
3591 4294 3815 4363 κράζον-

2230 4406 2345 4454 τος,
2368 4389 2577 4459 Βοήθει*
2600 4388 2694 4442 καὶ
2712 4389 2927 4443 πάντων
2947 4387 3395 4458 ἀποκρινομένων
3417 4388 3548 4450 ἴσως
3564 4388 3660 4441 καὶ
3678 4404 3813 4455 συμ-

2232 4484 2447 4551 φώνως,
2470 4481 2530 4535 Ὀ
2555 4481 2688 4545 Θεός
2707 4497 2721 4510 '
2749 4479 2917 4552 οἱμὲν
2939 4482 3085 4551 ψιλοὶ
3113 4480 3421 4546 τοξεύουσιν
3441 4479 3805 4552 ὑψηλοτέρως

558 4570 651 4630 tati
678 4570 770 4640 qui
809 4571 862 4625 in
895 4570 1071 4627 fronte
1093 4572 1372 4628 constituti
1415 4582 1566 4635 sunt,
1611 4572 1702 4627 ubi
1740 4586 1909 4644 prope
1938 4576 2128 4629 hostes

2235 4577 2284 4630 ei.
2308 4575 2365 4629 ae
2395 4574 2680 4629 σκουτίιτοι
2707 4574 2758 4626 οἱ
2786 4574 2866 4637 εἰς
2892 4573 2953 4625 τὸ
2985 4572 3237 4643 μέτωπον
3256 4572 3582 4643 τεταγμένοι
3611 4572 3691 4626 ἔτι
3724 4573 3811 4640 ἐγ-

559 4661 781 4729 inerint,
830 4664 875 4719 si
918 4665 1185 4720 matzucia
1228 4666 1310 4721 vel
1344 4665 1593 4730 lzieuria,
1624 4666 1705 4720 vel
1752 4664 2005 4720 rbictaria
2035 4665 2135 4720 ha-

560 4756 741 4821 beant,
795 4754 1051 4812 bnmilius
1099 4758 1390 4827 eonjiciant
1418 4772 1481 4812 ea
1515 4774 1529 4813 :
1560 4757 1644 4812 sin
1670 4756 1851 4812 minus
1874 4799 1890 4823 ,
1916 4767 2138 4828 praesto-

559 4847 735 4902 lantes
774 4846 947 4902 donec
992 4849 1239 4904 cominus
1272 4849 1539 4915 venerint,
1569 4859 1774 4904 etcum
1800 4848 2132 4917 iaculantes,

559 4939 644 4991 vel
674 4938 1028 5008 conﬁcientes
1054 4939 1182 5006 tela,
1211 4940 1419 5010 gladios
1463 4941 1811 5010 distringam,
1844 4954 2021 5008 neque
2056 4954 2138 4994 re-

562 5030 968 5087 trocedenttbus
1005 5040 1060 5085 et
1097 5033 1578 5104 tergiversantibns
1639 5034 1892 5088 hostibus
1942 5049 2137 5089 excur-

565 5124 755 5189 rendo,
785 5124 877 5179 sed
910 5124 965 5179 in
994 5123 1112 5179 acie
1136 5126 1485 5183 eonsistendo
1513 5138 1774 5197 pugnent.
1796 5129 1901 5195 Qui
1927 5147 1958 5185 a
1983 5140 2134 5202 tergo

564 5216 782 5277 illorum
812 5226 978 5283 stant,
1002 5232 1102 5274 sua
1134 5218 1371 5289 ipsorum
1395 5221 1570 5291 capita
1593 5222 1765 5276 scutis
1795 5223 1911 5277 suis
1948 5232 2134 5293 tegeno

569 5320 668 5378 tes,
709 5312 1077 5370 antcrioribus
1116 5312 1433 5370 hominibus
1473 5330 1599 5371 cum
1632 5314 1836 5385 jaculis
1865 5316 1981 5373 suis
2005 5332 2136 5373 suc--

565 5411 811 5463 Currant.

646 5726 733 5782 75.
755 5725 858 5796 Qui
910 5727 963 5781 in
1005 5726 1180 5782 fronte
1204 5725 1478 5784 exercitus
1509 5735 1658 5791 sunt,
1700 5726 1801 5782 sibi
1836 5706 1971 5797 ipsis
2008 5725 2137 5780 dili-

576 5830 762 5889 genter
802 5821 1137 5887 provideant,
1177 5820 1351 5878 donec
1378 5822 1629 5880 cominus
1661 5821 1727 5878 ad
1780 5836 1978 5884 inanus
2009 5836 2142 5878 ven-

2232 4667 2443 4739 γυτὲρω
2470 4664 2773 4737 γενομένων
2799 4662 2911 4716 τῶν
2940 4662 3239 4731 πολεμίων,
3273 4665 3341 4717 ει·
3364 4663 3464 4732 μὲν
3504 4662 3669 4733 ἔχωσι
3714 4679 3809 4732 μα-

2231 4762 2479 4829 τζοὺκια,
2516 4762 2552 4834 ἢ
2595 4757 2903 4831 τξικοῦρια,
2947 4758 2979 4831 ἢ
3018 4759 3295 4831 ρικτάρια,
3328 4760 3408 4821 εἰς
3440 4757 3500 4811 τὸ
3526 4758 3702 4829 χαμαὶ
3732 4756 3809 4825 ρε-

2198 4890 2201 4893 -
2245 4868 2474 4907 πτουσιν
2525 4851 2682 4907 αὐτά.
2736 4851 2800 4905 Εἰ
2825 4851 2880 4904 δὲ
2911 4851 3075 4922 μήγε,
3109 4849 3472 4921 ἀναμένοντες
3512 4849 3703 4919 μέχρις
3750 4837 3808 4900 οὗ

2236 4947 2406 5016 ἐγγὺς
2434 4945 2653 5009 ἔλθωσι,
2685 4943 2808 4999 τότε
2855 4943 3229 5008 ἀκοντίζοντες
3275 4943 3343 4996 τὰ
3385 4942 3666 5009 κοντὰρια,
3697 4941 3809 5011 ἦτοι

2237 5038 2491 5111 ρικτάρια
2528 5035 2725 5100 αὐτῶν,
2771 5034 3233 5105 ἐπιλαμϐάνονται
3277 5033 3391 5087 τῶν
3425 5031 3673 5086 σπαθῖων
3700 5031 3797 5084 αὗ-

2232 5130 2341 5185 τῶν
2372 5170 2386 5192 ,
2406 5130 2497 5182 καὶ
2530 5128 2791 5199 μάχονται
2822 5128 3098 5189 εὐτάκτως
3127 5128 3183 5178 ὲν
3213 5128 3280 5194 τῇ
3312 5126 3464 5191 τάξει
3490 5124 3669 5178 αὐτῶν
3698 5121 3790 5192 μέ-

2234 5240 2414 5286 νοντες
2442 5222 2535 5277 καὶ
2571 5222 2632 5275 οὐ
2663 5219 3085 5291 κατατρέχοντες
3114 5222 3244 5285 τῶν,
3285 5219 3360 5281 ὡς
3395 5217 3562 5279 εἰκὸς,
3597 5218 3809 5285 ὑποχω-

2239 5315 2477 5388 ρούντων
2493 5314 2677 5375 αὐτοῖς
2700 5311 2933 5384 ἐχθρῶν.
2959 5312 3023 5363 Οἱ
3042 5312 3098 5364 δὲ
3123 5308 3349 5363 ὄπισθεν
3375 5308 3556 5362 αὐτῶν
3581 5305 3813 5369 ἑστῶτες

2234 5408 2333 5471 τὰς
2356 5407 2562 5461 ἑαυτῶν
2590 5404 2832 5476 κεφαλὰς
2869 5404 3163 5467 σκέποντες
3218 5402 3356 5473 μετὰ
3407 5399 3517 5454 τῶν
3578 5415 3810 5451 σκουτα-

2246 5498 2376 5569 ρῑων
2406 5495 2586 5550 αὐτῶν
2618 5492 2970 5565 ὲπιϐοηθοῦσι
3022 5496 3137 5558 τοῖς
3187 5491 3506 5565 ἔμπροσθεν
3532 5487 3673 5560 μετὰ
3705 5487 3814 5543 τῶν

2252 5605 2420 5642 κοντα
2426 5587 2580 5658 ρίων.

2315 5703 2407 5760 os'.
2459 5703 2630 5774 Χρεία
2684 5703 2742 5758 δέ
2801 5704 2947 5756 ἐστιν
2980 5698 3237 5769 ἀσφαλῶς
3295 5699 3419 5762 τοὺς
3451 5699 3528 5762 εἰς
3559 5697 3812 5770 μέτωπον

2251 5795 2614 5871 τασσομένους
2657 5789 3078 5868 ’προφυλάττειν
3135 5790 3362 5856 ἑαυτοὺς
3387 5788 3579 5863 μέχρις
3612 5780 3674 5842 οὗ
3732 5784 3814 5849 el;
