  <div class='ocr_page' id='page_1' title='image "/cluster/home/n/w/nwhite01/storage/ocr_20150623/107/mdp.39015028571910/422.png"; bbox 0 0 4086 6326; ppageno 0'>
   <div class='ocr_carea' id='block_1_1' title="bbox 308 407 428 478">
    <p class='ocr_par' dir='ltr' id='par_1_1' title="bbox 308 407 428 478">
     <span class='ocr_line' id='line_1_1' title="bbox 308 407 428 478; baseline 0.017 -4"><span class='ocrx_word' id='word_1_1' title='bbox 308 407 428 478; x_wconf 78' lang='lat'><strong>757</strong></span> 
     </span>
    </p>
   </div>
   <div class='ocr_carea' id='block_1_2' title="bbox 1401 422 2557 495">
    <p class='ocr_par' dir='ltr' id='par_1_2' title="bbox 1401 422 2557 495">
     <span class='ocr_line' id='line_1_2' title="bbox 1401 422 2557 495; baseline 0.009 -10"><span class='ocrx_word' id='word_1_2' title='bbox 1401 422 1733 488; x_wconf 79' lang='lat' dir='ltr'><strong>TACTICA.</strong></span> <span class='ocrx_word' id='word_1_3' title='bbox 1766 455 1835 467; x_wconf 88' lang='lat'><strong>--</strong></span> <span class='ocrx_word' id='word_1_4' title='bbox 1874 429 2379 494; x_wconf 79' lang='lat' dir='ltr'><strong>CONSTITUTIO</strong></span> <span class='ocrx_word' id='word_1_5' title='bbox 2417 429 2557 495; x_wconf 78' lang='lat' dir='ltr'><strong>VII.</strong></span> 
     </span>
    </p>
   </div>
   <div class='ocr_carea' id='block_1_3' title="bbox 3467 434 3574 496">
    <p class='ocr_par' dir='ltr' id='par_1_3' title="bbox 3467 434 3574 496">
     <span class='ocr_line' id='line_1_3' title="bbox 3467 434 3574 496; baseline 0.009 -2"><span class='ocrx_word' id='word_1_6' title='bbox 3467 434 3574 496; x_wconf 70' lang='grc' dir='ltr'>’πιὸ</span> 
     </span>
    </p>
   </div>
   <div class='ocr_carea' id='block_1_4' title="bbox 307 522 1876 613">
    <p class='ocr_par' dir='ltr' id='par_1_4' title="bbox 307 522 1875 607">
     <span class='ocr_line' id='line_1_4' title="bbox 307 522 1875 607; baseline 0.012 -32"><span class='ocrx_word' id='word_1_7' title='bbox 307 523 510 596; x_wconf 72' lang='grc' dir='ltr'>χεῖρας</span> <span class='ocrx_word' id='word_1_8' title='bbox 556 524 621 578; x_wconf 78' lang='grc' dir='ltr'>ἐκ</span> <span class='ocrx_word' id='word_1_9' title='bbox 691 522 786 579; x_wconf 77' lang='grc' dir='ltr'><strong>τοῦ</strong></span> <span class='ocrx_word' id='word_1_10' title='bbox 835 522 1059 596; x_wconf 83' lang='grc' dir='ltr'>πλησίον</span> <span class='ocrx_word' id='word_1_11' title='bbox 1128 527 1378 597; x_wconf 78' lang='grc' dir='ltr'>ελθωσιν,</span> <span class='ocrx_word' id='word_1_12' title='bbox 1422 531 1510 587; x_wconf 76' lang='grc' dir='ltr'>ἵνα</span> <span class='ocrx_word' id='word_1_13' title='bbox 1567 537 1645 607; x_wconf 78' lang='grc' dir='ltr'>μὴ</span> <span class='ocrx_word' id='word_1_14' title='bbox 1674 554 1875 594; x_wconf 81' lang='grc' dir='ltr'>κατατο</span> 
     </span>
    </p>
   </div>
   <div class='ocr_carea' id='block_1_5' title="bbox 1976 522 3572 613">
    <p class='ocr_par' dir='ltr' id='par_1_5' title="bbox 2002 539 3572 613">
     <span class='ocr_line' id='line_1_5' title="bbox 2002 539 3572 613; baseline 0.003 -16"><span class='ocrx_word' id='word_1_15' title='bbox 2002 550 2115 598; x_wconf 89' lang='lat' dir='ltr'><strong>tum</strong></span> <span class='ocrx_word' id='word_1_16' title='bbox 2151 542 2243 609; x_wconf 84' lang='lat' dir='ltr'><strong>sit,</strong></span> <span class='ocrx_word' id='word_1_17' title='bbox 2275 557 2345 599; x_wconf 85' lang='lat' dir='ltr'><strong>ne</strong></span> <span class='ocrx_word' id='word_1_18' title='bbox 2386 540 2431 598; x_wconf 87' lang='lat' dir='ltr'><strong>si</strong></span> <span class='ocrx_word' id='word_1_19' title='bbox 2463 539 2625 599; x_wconf 81' lang='lat' dir='ltr'><strong>zabas</strong></span> <span class='ocrx_word' id='word_1_20' title='bbox 2654 548 2749 596; x_wconf 79' lang='lat' dir='ltr'><strong>aut</strong></span> <span class='ocrx_word' id='word_1_21' title='bbox 2779 539 3122 610; x_wconf 73' lang='lat' dir='ltr'><strong>chaicotuba,</strong></span> <span class='ocrx_word' id='word_1_22' title='bbox 3150 542 3203 599; x_wconf 98' lang='lat' dir='ltr'><strong>id</strong></span> <span class='ocrx_word' id='word_1_23' title='bbox 3240 554 3345 613; x_wconf 89' lang='lat' dir='ltr'><strong>est,</strong></span> <span class='ocrx_word' id='word_1_24' title='bbox 3377 563 3572 604; x_wconf 83' lang='lat' dir='ltr'><strong>ocreas</strong></span> 
     </span>
    </p>
   </div>
   <div class='ocr_carea' id='block_1_6' title="bbox 313 617 1888 707">
    <p class='ocr_par' dir='ltr' id='par_1_6' title="bbox 313 617 1888 707">
     <span class='ocr_line' id='line_1_6' title="bbox 313 617 1888 707; baseline 0.011 -35"><span class='ocrx_word' id='word_1_25' title='bbox 313 617 583 684; x_wconf 78' lang='grc' dir='ltr'>ξεὺωνται</span> <span class='ocrx_word' id='word_1_26' title='bbox 615 620 720 673; x_wconf 78' lang='grc' dir='ltr'><strong>ὑπὸ</strong></span> <span class='ocrx_word' id='word_1_27' title='bbox 746 638 854 674; x_wconf 87' lang='grc' dir='ltr'><strong>των</strong></span> <span class='ocrx_word' id='word_1_28' title='bbox 883 622 1177 696; x_wconf 86' lang='grc' dir='ltr'>πολεμίων,</span> <span class='ocrx_word' id='word_1_29' title='bbox 1200 626 1297 681; x_wconf 75' lang='grc' dir='ltr'><strong>ἐὰν</strong></span> <span class='ocrx_word' id='word_1_30' title='bbox 1332 625 1568 699; x_wconf 83' lang='grc' dir='ltr'>μάλιστα</span> <span class='ocrx_word' id='word_1_31' title='bbox 1614 632 1691 705; x_wconf 79' lang='grc' dir='ltr'>μὴ</span> <span class='ocrx_word' id='word_1_32' title='bbox 1722 632 1888 707; x_wconf 75' lang='grc' dir='ltr'>ἔχωσι</span> 
     </span>
    </p>
   </div>
   <div class='ocr_carea' id='block_1_7' title="bbox 311 708 909 781">
    <p class='ocr_par' dir='ltr' id='par_1_7' title="bbox 311 708 909 781">
     <span class='ocr_line' id='line_1_7' title="bbox 311 708 909 781; baseline 0.007 -21"><span class='ocrx_word' id='word_1_33' title='bbox 311 708 494 773; x_wconf 77' lang='grc' dir='ltr'>ζάῦας</span> <span class='ocrx_word' id='word_1_34' title='bbox 521 709 552 781; x_wconf 77' lang='grc' dir='ltr'>ἢ</span> <span class='ocrx_word' id='word_1_35' title='bbox 575 711 909 779; x_wconf 75' lang='grc' dir='ltr'>χαλκότυδα.</span> 
     </span>
    </p>
   </div>
   <div class='ocr_carea' id='block_1_8' title="bbox 388 796 1892 879">
    <p class='ocr_par' dir='ltr' id='par_1_8' title="bbox 388 796 1892 879">
     <span class='ocr_line' id='line_1_8' title="bbox 388 796 1892 879; baseline 0.01 -25"><span class='ocrx_word' id='word_1_36' title='bbox 388 800 495 865; x_wconf 73' lang='lat' dir='ltr'><strong>es&quot;.</strong></span> <span class='ocrx_word' id='word_1_37' title='bbox 536 803 863 873; x_wconf 79' lang='grc' dir='ltr'>Μερίςονται</span> <span class='ocrx_word' id='word_1_38' title='bbox 909 805 1046 877; x_wconf 78' lang='grc' dir='ltr'>πρὸς</span> <span class='ocrx_word' id='word_1_39' title='bbox 1087 806 1471 879; x_wconf 78' lang='grc' dir='ltr'>διφαλαγγίαν,</span> <span class='ocrx_word' id='word_1_40' title='bbox 1532 796 1663 867; x_wconf 76' lang='grc' dir='ltr'><strong>ὅτᾶν</strong></span> <span class='ocrx_word' id='word_1_41' title='bbox 1688 812 1775 867; x_wconf 64' lang='grc' dir='ltr'><strong>ἔπ’</strong></span> <span class='ocrx_word' id='word_1_42' title='bbox 1800 814 1892 869; x_wconf 78' lang='grc' dir='ltr'><strong>εὖ-</strong></span> 
     </span>
    </p>
   </div>
   <div class='ocr_carea' id='block_1_9' title="bbox 311 891 1889 977">
    <p class='ocr_par' dir='ltr' id='par_1_9' title="bbox 311 891 1889 977">
     <span class='ocr_line' id='line_1_9' title="bbox 311 891 1889 977; baseline 0.011 -32"><span class='ocrx_word' id='word_1_43' title='bbox 311 891 469 955; x_wconf 81' lang='grc' dir='ltr'>θείας</span> <span class='ocrx_word' id='word_1_44' title='bbox 500 894 847 962; x_wconf 82' lang='grc' dir='ltr'>περιπατῶσι</span> <span class='ocrx_word' id='word_1_45' title='bbox 870 896 968 966; x_wconf 86' lang='grc' dir='ltr'>τῆς</span> <span class='ocrx_word' id='word_1_46' title='bbox 1005 899 1390 969; x_wconf 86' lang='grc' dir='ltr'>παρατάξεως,</span> <span class='ocrx_word' id='word_1_47' title='bbox 1419 904 1514 957; x_wconf 76' lang='grc' dir='ltr'>καὶ</span> <span class='ocrx_word' id='word_1_48' title='bbox 1576 902 1889 977; x_wconf 77' lang='grc' dir='ltr'>ἔμπροσθεν</span> 
     </span>
    </p>
   </div>
   <div class='ocr_carea' id='block_1_10' title="bbox 310 987 1889 1069">
    <p class='ocr_par' dir='ltr' id='par_1_10' title="bbox 310 987 1889 1069">
     <span class='ocr_line' id='line_1_10' title="bbox 310 987 1889 1069; baseline 0.01 -31"><span class='ocrx_word' id='word_1_49' title='bbox 310 987 415 1040; x_wconf 69' lang='grc' dir='ltr'>καὶ</span> <span class='ocrx_word' id='word_1_50' title='bbox 466 987 691 1041; x_wconf 73' lang='grc' dir='ltr'>ὄπισθεν</span> <span class='ocrx_word' id='word_1_51' title='bbox 744 991 988 1059; x_wconf 80' lang='grc' dir='ltr'><strong>φανῶσιν</strong></span> <span class='ocrx_word' id='word_1_52' title='bbox 1031 993 1301 1065; x_wconf 81' lang='grc' dir='ltr'>πολέμιοι,</span> <span class='ocrx_word' id='word_1_53' title='bbox 1336 995 1431 1051; x_wconf 71' lang='grc' dir='ltr'>καὶ</span> <span class='ocrx_word' id='word_1_54' title='bbox 1469 996 1522 1049; x_wconf 83' lang='grc' dir='ltr'><strong>εί</strong></span> <span class='ocrx_word' id='word_1_55' title='bbox 1549 997 1648 1069; x_wconf 82' lang='grc' dir='ltr'>μὲν</span> <span class='ocrx_word' id='word_1_56' title='bbox 1671 999 1780 1053; x_wconf 79' lang='grc' dir='ltr'>άπὸ</span> <span class='ocrx_word' id='word_1_57' title='bbox 1811 997 1889 1065; x_wconf 81' lang='grc' dir='ltr'>ις’</span> 
     </span>
    </p>
   </div>
   <div class='ocr_carea' id='block_1_11' title="bbox 306 1080 1891 1161">
    <p class='ocr_par' dir='ltr' id='par_1_11' title="bbox 306 1080 1891 1161">
     <span class='ocr_line' id='line_1_11' title="bbox 306 1080 1891 1161; baseline 0.008 -29"><span class='ocrx_word' id='word_1_58' title='bbox 306 1080 527 1151; x_wconf 84' lang='grc' dir='ltr'>ἀνδρῶν</span> <span class='ocrx_word' id='word_1_59' title='bbox 573 1080 769 1151; x_wconf 80' lang='grc' dir='ltr'><strong>ἔχωσιν</strong></span> <span class='ocrx_word' id='word_1_60' title='bbox 812 1081 869 1135; x_wconf 83' lang='grc' dir='ltr'>αξ</span> <span class='ocrx_word' id='word_1_61' title='bbox 917 1082 1092 1151; x_wconf 86' lang='grc' dir='ltr'>άκίαι,</span> <span class='ocrx_word' id='word_1_62' title='bbox 1128 1086 1222 1139; x_wconf 73' lang='grc' dir='ltr'>καὶ</span> <span class='ocrx_word' id='word_1_63' title='bbox 1267 1086 1504 1158; x_wconf 85' lang='grc' dir='ltr'>ἤγγισαν</span> <span class='ocrx_word' id='word_1_64' title='bbox 1532 1091 1583 1143; x_wconf 74' lang='grc' dir='ltr'>οἱ</span> <span class='ocrx_word' id='word_1_65' title='bbox 1620 1088 1689 1144; x_wconf 81' lang='grc' dir='ltr'><strong>δι’</strong></span> <span class='ocrx_word' id='word_1_66' title='bbox 1713 1088 1891 1161; x_wconf 72' lang='grc' dir='ltr'>ὂψεως</span> 
     </span>
    </p>
   </div>
   <div class='ocr_carea' id='block_1_12' title="bbox 308 1172 1895 1255">
    <p class='ocr_par' dir='ltr' id='par_1_12' title="bbox 308 1172 1895 1255">
     <span class='ocr_line' id='line_1_12' title="bbox 308 1172 1895 1255; baseline 0.011 -31"><span class='ocrx_word' id='word_1_67' title='bbox 308 1172 605 1243; x_wconf 78' lang='grc' dir='ltr'>ἐρχόμενοι</span> <span class='ocrx_word' id='word_1_68' title='bbox 666 1174 871 1246; x_wconf 72' lang='grc' dir='ltr'>ἐχθροὶ,</span> <span class='ocrx_word' id='word_1_69' title='bbox 913 1179 1009 1231; x_wconf 76' lang='grc' dir='ltr'>καὶ</span> <span class='ocrx_word' id='word_1_70' title='bbox 1057 1177 1343 1249; x_wconf 81' lang='grc' dir='ltr'><strong>μέλλουσιν</strong></span> <span class='ocrx_word' id='word_1_71' title='bbox 1400 1180 1465 1234; x_wconf 73' lang='grc' dir='ltr'>ἐκ</span> <span class='ocrx_word' id='word_1_72' title='bbox 1515 1180 1608 1235; x_wconf 81' lang='grc' dir='ltr'><strong>τοῦ</strong></span> <span class='ocrx_word' id='word_1_73' title='bbox 1661 1179 1895 1255; x_wconf 75' lang='grc' dir='ltr'><strong>πλησίον</strong></span> 
     </span>
    </p>
   </div>
   <div class='ocr_carea' id='block_1_13' title="bbox 307 1263 1895 1348">
    <p class='ocr_par' dir='ltr' id='par_1_13' title="bbox 307 1263 1895 1348">
     <span class='ocr_line' id='line_1_13' title="bbox 307 1263 1895 1348; baseline 0.009 -33"><span class='ocrx_word' id='word_1_74' title='bbox 307 1263 580 1334; x_wconf 78' lang='grc' dir='ltr'>ἄρχεσθαι</span> <span class='ocrx_word' id='word_1_75' title='bbox 641 1269 741 1339; x_wconf 74' lang='grc' dir='ltr'>τῆς</span> <span class='ocrx_word' id='word_1_76' title='bbox 790 1268 992 1339; x_wconf 78' lang='grc' dir='ltr'>μάχης,</span> <span class='ocrx_word' id='word_1_77' title='bbox 1050 1269 1437 1341; x_wconf 73' lang='grc' dir='ltr'>παραγγέλλειο</span> <span class='ocrx_word' id='word_1_78' title='bbox 1484 1273 1616 1327; x_wconf 75' lang='grc' dir='ltr'><strong>Ἀπὸ</strong></span> <span class='ocrx_word' id='word_1_79' title='bbox 1652 1273 1705 1346; x_wconf 82' lang='grc' dir='ltr'><strong>η’</strong></span> <span class='ocrx_word' id='word_1_80' title='bbox 1736 1273 1895 1348; x_wconf 65' lang='grc' dir='ltr'>μερίς.</span> 
     </span>
    </p>
   </div>
   <div class='ocr_carea' id='block_1_14' title="bbox 310 1357 1889 1435">
    <p class='ocr_par' dir='ltr' id='par_1_14' title="bbox 310 1357 1889 1435">
     <span class='ocr_line' id='line_1_14' title="bbox 310 1357 1889 1435; baseline 0.008 -25"><span class='ocrx_word' id='word_1_81' title='bbox 310 1357 504 1426; x_wconf 79' lang='grc' dir='ltr'>σθητε,</span> <span class='ocrx_word' id='word_1_82' title='bbox 543 1359 633 1411; x_wconf 77' lang='grc' dir='ltr'>καὶ</span> <span class='ocrx_word' id='word_1_83' title='bbox 657 1359 706 1413; x_wconf 87' lang='grc' dir='ltr'><strong>οί</strong></span> <span class='ocrx_word' id='word_1_84' title='bbox 730 1358 781 1431; x_wconf 84' lang='grc' dir='ltr'><strong>η’</strong></span> <span class='ocrx_word' id='word_1_85' title='bbox 819 1362 898 1425; x_wconf 79' lang='grc' dir='ltr'>εἰς</span> <span class='ocrx_word' id='word_1_86' title='bbox 927 1362 1308 1432; x_wconf 79' lang='grc' dir='ltr'>διφαλαγγίαν,</span> <span class='ocrx_word' id='word_1_87' title='bbox 1342 1365 1437 1417; x_wconf 71' lang='grc' dir='ltr'>καὶ</span> <span class='ocrx_word' id='word_1_88' title='bbox 1458 1366 1509 1417; x_wconf 83' lang='grc' dir='ltr'><strong>οί</strong></span> <span class='ocrx_word' id='word_1_89' title='bbox 1538 1361 1587 1435; x_wconf 82' lang='grc' dir='ltr'><strong>η’</strong></span> <span class='ocrx_word' id='word_1_90' title='bbox 1615 1366 1889 1434; x_wconf 70' lang='grc' dir='ltr'>ἵστανται,</span> 
     </span>
    </p>
   </div>
   <div class='ocr_carea' id='block_1_15' title="bbox 306 1445 1893 1528">
    <p class='ocr_par' dir='ltr' id='par_1_15' title="bbox 306 1445 1893 1528">
     <span class='ocr_line' id='line_1_15' title="bbox 306 1445 1893 1528; baseline 0.009 -29"><span class='ocrx_word' id='word_1_91' title='bbox 306 1449 364 1500; x_wconf 82' lang='grc' dir='ltr'><strong>οί</strong></span> <span class='ocrx_word' id='word_1_92' title='bbox 398 1449 453 1501; x_wconf 81' lang='grc' dir='ltr'>δὲ</span> <span class='ocrx_word' id='word_1_93' title='bbox 480 1445 530 1520; x_wconf 81' lang='grc' dir='ltr'><strong>η’</strong></span> <span class='ocrx_word' id='word_1_94' title='bbox 556 1451 911 1522; x_wconf 80' lang='grc' dir='ltr'>στρεφόμενοι</span> <span class='ocrx_word' id='word_1_95' title='bbox 941 1455 1033 1507; x_wconf 75' lang='grc' dir='ltr'>καὶ</span> <span class='ocrx_word' id='word_1_96' title='bbox 1057 1452 1331 1521; x_wconf 81' lang='grc' dir='ltr'><strong>κινοῦντες</strong></span> <span class='ocrx_word' id='word_1_97' title='bbox 1356 1454 1494 1525; x_wconf 75' lang='grc' dir='ltr'>πρὸς</span> <span class='ocrx_word' id='word_1_98' title='bbox 1527 1458 1893 1528; x_wconf 79' lang='grc' dir='ltr'>διφαλαγγίαν</span> 
     </span>
    </p>
   </div>
   <div class='ocr_carea' id='block_1_16' title="bbox 312 1533 1891 1620">
    <p class='ocr_par' dir='ltr' id='par_1_16' title="bbox 312 1533 1891 1620">
     <span class='ocr_line' id='line_1_16' title="bbox 312 1533 1891 1620; baseline 0.008 -28"><span class='ocrx_word' id='word_1_99' title='bbox 312 1540 653 1611; x_wconf 78' lang='grc' dir='ltr'>μερίζονται,</span> <span class='ocrx_word' id='word_1_100' title='bbox 683 1543 732 1595; x_wconf 77' lang='grc' dir='ltr'><strong>οι</strong></span> <span class='ocrx_word' id='word_1_101' title='bbox 760 1543 816 1596; x_wconf 80' lang='grc' dir='ltr'>δὲ</span> <span class='ocrx_word' id='word_1_102' title='bbox 848 1545 881 1615; x_wconf 81' lang='grc' dir='ltr'><strong>ἢ</strong></span> <span class='ocrx_word' id='word_1_103' title='bbox 907 1545 1015 1598; x_wconf 82' lang='grc' dir='ltr'><strong>ἀπὸ</strong></span> <span class='ocrx_word' id='word_1_104' title='bbox 1067 1543 1119 1617; x_wconf 80' lang='grc' dir='ltr'><strong>η’</strong></span> <span class='ocrx_word' id='word_1_105' title='bbox 1140 1545 1393 1601; x_wconf 78' lang='grc' dir='ltr'><strong>ἵστανται</strong></span> <span class='ocrx_word' id='word_1_106' title='bbox 1420 1549 1483 1603; x_wconf 74' lang='grc' dir='ltr'>τὸ</span> <span class='ocrx_word' id='word_1_107' title='bbox 1511 1533 1748 1620; x_wconf 75' lang='grc' dir='ltr'>βάθος,ἢ</span> <span class='ocrx_word' id='word_1_108' title='bbox 1782 1550 1891 1604; x_wconf 77' lang='grc' dir='ltr'><strong>ἀπὸ</strong></span> 
     </span>
    </p>
   </div>
   <div class='ocr_carea' id='block_1_17' title="bbox 306 1630 1888 1714">
    <p class='ocr_par' dir='ltr' id='par_1_17' title="bbox 306 1630 1888 1714">
     <span class='ocr_line' id='line_1_17' title="bbox 306 1630 1888 1714; baseline 0.008 -29"><span class='ocrx_word' id='word_1_109' title='bbox 306 1630 378 1703; x_wconf 85' lang='grc' dir='ltr'>δ’.</span> <span class='ocrx_word' id='word_1_110' title='bbox 409 1633 803 1704; x_wconf 67' lang='grc' dir='ltr'>Παραγγέλλειι</span> <span class='ocrx_word' id='word_1_111' title='bbox 824 1635 1053 1706; x_wconf 77' lang='grc' dir='ltr'>Ἐδραῖοι</span> <span class='ocrx_word' id='word_1_112' title='bbox 1071 1639 1229 1709; x_wconf 77' lang='grc' dir='ltr'>στῆτε</span> <span class='ocrx_word' id='word_1_113' title='bbox 1249 1642 1298 1693; x_wconf 91' lang='grc' dir='ltr'><strong>οί</strong></span> <span class='ocrx_word' id='word_1_114' title='bbox 1320 1640 1471 1694; x_wconf 75' lang='grc' dir='ltr'>δεῦτε</span> <span class='ocrx_word' id='word_1_115' title='bbox 1480 1658 1582 1711; x_wconf 78' lang='lat' dir='ltr'><strong>pot,</strong></span> <span class='ocrx_word' id='word_1_116' title='bbox 1612 1644 1707 1697; x_wconf 73' lang='grc' dir='ltr'>καὶ</span> <span class='ocrx_word' id='word_1_117' title='bbox 1721 1641 1769 1696; x_wconf 87' lang='grc' dir='ltr'>οἱ</span> <span class='ocrx_word' id='word_1_118' title='bbox 1790 1644 1888 1714; x_wconf 74' lang='grc' dir='ltr'>τῆς</span> 
     </span>
    </p>
   </div>
   <div class='ocr_carea' id='block_1_18' title="bbox 306 1726 1888 1807">
    <p class='ocr_par' dir='ltr' id='par_1_18' title="bbox 306 1726 1888 1807">
     <span class='ocr_line' id='line_1_18' title="bbox 306 1726 1888 1807; baseline 0.008 -30"><span class='ocrx_word' id='word_1_119' title='bbox 306 1726 619 1794; x_wconf 81' lang='grc' dir='ltr'>φαλαγγίας</span> <span class='ocrx_word' id='word_1_120' title='bbox 674 1728 957 1801; x_wconf 72' lang='grc' dir='ltr'><strong>ἐξέρχεσθε</strong></span> <span class='ocrx_word' id='word_1_121' title='bbox 976 1749 990 1762; x_wconf 70' lang='grc' dir='ltr'><strong>ο</strong></span> <span class='ocrx_word' id='word_1_122' title='bbox 1041 1728 1283 1803; x_wconf 81' lang='grc' dir='ltr'>δεύτεροι</span> <span class='ocrx_word' id='word_1_123' title='bbox 1312 1733 1369 1787; x_wconf 79' lang='grc' dir='ltr'><strong>δέ</strong></span> <span class='ocrx_word' id='word_1_124' title='bbox 1400 1735 1559 1799; x_wconf 87' lang='grc' dir='ltr'>εἰσιν,</span> <span class='ocrx_word' id='word_1_125' title='bbox 1583 1736 1632 1789; x_wconf 79' lang='lat' dir='ltr'><strong>oi</strong></span> <span class='ocrx_word' id='word_1_126' title='bbox 1659 1734 1888 1807; x_wconf 81' lang='grc' dir='ltr'>λεγόμε-</span> 
     </span>
    </p>
   </div>
   <div class='ocr_carea' id='block_1_19' title="bbox 304 1817 1886 1897">
    <p class='ocr_par' dir='ltr' id='par_1_19' title="bbox 304 1817 1886 1897">
     <span class='ocr_line' id='line_1_19' title="bbox 304 1817 1886 1897; baseline 0.004 -28"><span class='ocrx_word' id='word_1_127' title='bbox 304 1832 392 1870; x_wconf 88' lang='grc' dir='ltr'><strong>νοι</strong></span> <span class='ocrx_word' id='word_1_128' title='bbox 422 1817 588 1871; x_wconf 86' lang='grc' dir='ltr'>πάλαι</span> <span class='ocrx_word' id='word_1_129' title='bbox 620 1819 915 1886; x_wconf 83' lang='grc' dir='ltr'>σεκοῠνδοι,</span> <span class='ocrx_word' id='word_1_130' title='bbox 949 1820 983 1891; x_wconf 75' lang='grc' dir='ltr'>ἦ</span> <span class='ocrx_word' id='word_1_131' title='bbox 1012 1822 1322 1878; x_wconf 73' lang='grc' dir='ltr'>ἐπιστάται.</span> <span class='ocrx_word' id='word_1_132' title='bbox 1363 1823 1476 1877; x_wconf 76' lang='grc' dir='ltr'><strong>Καὶ</strong></span> <span class='ocrx_word' id='word_1_133' title='bbox 1526 1824 1886 1897; x_wconf 78' lang='grc' dir='ltr'>στρεφόμενοι</span> 
     </span>
    </p>
   </div>
   <div class='ocr_carea' id='block_1_20' title="bbox 1990 632 3566 705">
    <p class='ocr_par' dir='ltr' id='par_1_20' title="bbox 1990 632 3566 705">
     <span class='ocr_line' id='line_1_20' title="bbox 1990 632 3566 705; baseline 0.004 -16"><span class='ocrx_word' id='word_1_134' title='bbox 1990 650 2169 691; x_wconf 69' lang='lat' dir='ltr'><strong>aeneas</strong></span> <span class='ocrx_word' id='word_1_135' title='bbox 2199 650 2311 690; x_wconf 84' lang='lat' dir='ltr'><strong>non</strong></span> <span class='ocrx_word' id='word_1_136' title='bbox 2335 634 2586 703; x_wconf 78' lang='lat' dir='ltr'><strong>habeant,</strong></span> <span class='ocrx_word' id='word_1_137' title='bbox 2623 632 2833 705; x_wconf 72' lang='lat' dir='ltr'><strong>sagittis</strong></span> <span class='ocrx_word' id='word_1_138' title='bbox 2875 635 2945 691; x_wconf 92' lang='lat' dir='ltr'><strong>ab</strong></span> <span class='ocrx_word' id='word_1_139' title='bbox 2970 636 3218 693; x_wconf 72' lang='lat' dir='ltr'><strong>hostibus</strong></span> <span class='ocrx_word' id='word_1_140' title='bbox 3249 637 3566 695; x_wconf 80' lang='lat' dir='ltr'><strong>confodian—</strong></span> 
     </span>
    </p>
   </div>
   <div class='ocr_carea' id='block_1_21' title="bbox 1992 734 2100 781">
    <p class='ocr_par' dir='ltr' id='par_1_21' title="bbox 1992 734 2100 781">
     <span class='ocr_line' id='line_1_21' title="bbox 1992 734 2100 781; baseline 0 -1"><span class='ocrx_word' id='word_1_141' title='bbox 1992 734 2100 781; x_wconf 82' lang='lat' dir='ltr'><strong>tur.</strong></span> 
     </span>
    </p>
   </div>
   <div class='ocr_carea' id='block_1_22' title="bbox 2062 816 3560 893">
    <p class='ocr_par' dir='ltr' id='par_1_22' title="bbox 2062 816 3560 893">
     <span class='ocr_line' id='line_1_22' title="bbox 2062 816 3560 893; baseline 0.002 -19"><span class='ocrx_word' id='word_1_142' title='bbox 2062 817 2153 874; x_wconf 79' lang='lat'><strong>76.</strong></span> <span class='ocrx_word' id='word_1_143' title='bbox 2183 816 2510 875; x_wconf 85' lang='lat' dir='ltr'><strong>Dividuntur</strong></span> <span class='ocrx_word' id='word_1_144' title='bbox 2538 819 2594 875; x_wconf 88' lang='lat' dir='ltr'><strong>in</strong></span> <span class='ocrx_word' id='word_1_145' title='bbox 2628 817 3053 892; x_wconf 75' lang='lat' dir='ltr'><strong>diphalangiam,</strong></span> <span class='ocrx_word' id='word_1_146' title='bbox 3084 819 3139 877; x_wconf 97' lang='lat' dir='ltr'><strong>id</strong></span> <span class='ocrx_word' id='word_1_147' title='bbox 3177 828 3283 888; x_wconf 78' lang='lat' dir='ltr'><strong>est,</strong></span> <span class='ocrx_word' id='word_1_148' title='bbox 3314 822 3560 893; x_wconf 88' lang='lat' dir='ltr'><strong>duplica-</strong></span> 
     </span>
    </p>
   </div>
   <div class='ocr_carea' id='block_1_23' title="bbox 1988 911 3563 983">
    <p class='ocr_par' dir='ltr' id='par_1_23' title="bbox 1988 911 3563 983">
     <span class='ocr_line' id='line_1_23' title="bbox 1988 911 3563 983; baseline 0.003 -15"><span class='ocrx_word' id='word_1_149' title='bbox 1988 920 2099 968; x_wconf 80' lang='lat' dir='ltr'><strong>tam</strong></span> <span class='ocrx_word' id='word_1_150' title='bbox 2135 912 2331 975; x_wconf 87' lang='lat' dir='ltr'><strong>aciem,</strong></span> <span class='ocrx_word' id='word_1_151' title='bbox 2356 912 2576 983; x_wconf 84' lang='lat' dir='ltr'><strong>quando</strong></span> <span class='ocrx_word' id='word_1_152' title='bbox 2605 911 2750 967; x_wconf 85' lang='lat' dir='ltr'><strong>acies</strong></span> <span class='ocrx_word' id='word_1_153' title='bbox 2774 912 3045 968; x_wconf 82' lang='lat' dir='ltr'><strong>instructa</strong></span> <span class='ocrx_word' id='word_1_154' title='bbox 3064 913 3270 971; x_wconf 88' lang='lat' dir='ltr'><strong>directe</strong></span> <span class='ocrx_word' id='word_1_155' title='bbox 3295 916 3563 980; x_wconf 85' lang='lat' dir='ltr'><strong>ambulat,</strong></span> 
     </span>
    </p>
   </div>
   <div class='ocr_carea' id='block_1_24' title="bbox 1988 1003 3563 1077">
    <p class='ocr_par' dir='ltr' id='par_1_24' title="bbox 1988 1003 3563 1077">
     <span class='ocr_line' id='line_1_24' title="bbox 1988 1003 3563 1077; baseline 0.003 -18"><span class='ocrx_word' id='word_1_156' title='bbox 1988 1012 2154 1077; x_wconf 75' lang='lat' dir='ltr'><strong>atque</strong></span> <span class='ocrx_word' id='word_1_157' title='bbox 2189 1013 2316 1060; x_wconf 88' lang='lat' dir='ltr'><strong>ante</strong></span> <span class='ocrx_word' id='word_1_158' title='bbox 2333 1018 2396 1058; x_wconf 90' lang='lat' dir='ltr'><strong>ac</strong></span> <span class='ocrx_word' id='word_1_159' title='bbox 2426 1017 2458 1057; x_wconf 91' lang='lat' dir='ltr'><strong>a</strong></span> <span class='ocrx_word' id='word_1_160' title='bbox 2491 1016 2643 1073; x_wconf 70' lang='lat' dir='ltr'><strong>tergo</strong></span> <span class='ocrx_word' id='word_1_161' title='bbox 2672 1003 2957 1061; x_wconf 88' lang='lat' dir='ltr'><strong>imminent</strong></span> <span class='ocrx_word' id='word_1_162' title='bbox 3002 1004 3188 1063; x_wconf 88' lang='lat' dir='ltr'><strong>hostes</strong></span> <span class='ocrx_word' id='word_1_163' title='bbox 3219 1025 3235 1063; x_wconf 91' lang='lat'>:</span> <span class='ocrx_word' id='word_1_164' title='bbox 3266 1008 3342 1063; x_wconf 86' lang='lat' dir='ltr'><strong>ibi</strong></span> <span class='ocrx_word' id='word_1_165' title='bbox 3377 1018 3490 1064; x_wconf 90' lang='lat' dir='ltr'><strong>tum</strong></span> <span class='ocrx_word' id='word_1_166' title='bbox 3520 1014 3563 1065; x_wconf 78' lang='lat' dir='ltr'><strong>si</strong></span> 
     </span>
    </p>
   </div>
   <div class='ocr_carea' id='block_1_25' title="bbox 1988 1094 3565 1171">
    <p class='ocr_par' dir='ltr' id='par_1_25' title="bbox 1988 1094 3565 1171">
     <span class='ocr_line' id='line_1_25' title="bbox 1988 1094 3565 1171; baseline 0.005 -22"><span class='ocrx_word' id='word_1_167' title='bbox 1988 1110 2056 1150; x_wconf 80' lang='lat' dir='ltr'><strong>ex</strong></span> <span class='ocrx_word' id='word_1_168' title='bbox 2091 1095 2327 1151; x_wconf 83' lang='lat' dir='ltr'><strong>sedecim</strong></span> <span class='ocrx_word' id='word_1_169' title='bbox 2358 1094 2453 1149; x_wconf 83' lang='lat' dir='ltr'><strong>ﬁat</strong></span> <span class='ocrx_word' id='word_1_170' title='bbox 2477 1095 2927 1164; x_wconf 76' lang='lat' dir='ltr'><strong>contubernium,</strong></span> <span class='ocrx_word' id='word_1_171' title='bbox 2954 1105 3009 1153; x_wconf 88' lang='lat' dir='ltr'><strong>et</strong></span> <span class='ocrx_word' id='word_1_172' title='bbox 3032 1097 3086 1152; x_wconf 90' lang='lat' dir='ltr'><strong>in</strong></span> <span class='ocrx_word' id='word_1_173' title='bbox 3112 1110 3408 1171; x_wconf 88' lang='lat' dir='ltr'><strong>conspectu</strong></span> <span class='ocrx_word' id='word_1_174' title='bbox 3444 1101 3565 1157; x_wconf 81' lang='lat' dir='ltr'><strong>fuc-</strong></span> 
     </span>
    </p>
   </div>
   <div class='ocr_carea' id='block_1_26' title="bbox 1989 1185 3567 1262">
    <p class='ocr_par' dir='ltr' id='par_1_26' title="bbox 1989 1185 3567 1262">
     <span class='ocr_line' id='line_1_26' title="bbox 1989 1185 3567 1262; baseline 0.004 -20"><span class='ocrx_word' id='word_1_175' title='bbox 1989 1187 2097 1242; x_wconf 85' lang='lat' dir='ltr'><strong>rint</strong></span> <span class='ocrx_word' id='word_1_176' title='bbox 2122 1185 2331 1253; x_wconf 85' lang='lat' dir='ltr'><strong>hostes,</strong></span> <span class='ocrx_word' id='word_1_177' title='bbox 2365 1196 2421 1243; x_wconf 92' lang='lat' dir='ltr'><strong>et</strong></span> <span class='ocrx_word' id='word_1_178' title='bbox 2452 1188 2706 1243; x_wconf 83' lang='lat' dir='ltr'><strong>cominus</strong></span> <span class='ocrx_word' id='word_1_179' title='bbox 2735 1203 2901 1243; x_wconf 89' lang='lat' dir='ltr'><strong>manu</strong></span> <span class='ocrx_word' id='word_1_180' title='bbox 2942 1190 3235 1262; x_wconf 80' lang='lat' dir='ltr'><strong>conﬂigere</strong></span> <span class='ocrx_word' id='word_1_181' title='bbox 3272 1194 3567 1257; x_wconf 82' lang='lat' dir='ltr'><strong>voluerint,</strong></span> 
     </span>
    </p>
   </div>
   <div class='ocr_carea' id='block_1_27' title="bbox 1990 1279 3563 1360">
    <p class='ocr_par' dir='ltr' id='par_1_27' title="bbox 1990 1279 3563 1360">
     <span class='ocr_line' id='line_1_27' title="bbox 1990 1279 3563 1360; baseline 0.006 -26"><span class='ocrx_word' id='word_1_182' title='bbox 1990 1279 2230 1350; x_wconf 78' lang='lat' dir='ltr'><strong>praecipe</strong></span> <span class='ocrx_word' id='word_1_183' title='bbox 2263 1290 2322 1334; x_wconf 90' lang='lat' dir='ltr'><strong>ut</strong></span> <span class='ocrx_word' id='word_1_184' title='bbox 2350 1294 2445 1351; x_wconf 87' lang='lat' dir='ltr'><strong>per</strong></span> <span class='ocrx_word' id='word_1_185' title='bbox 2502 1290 2629 1336; x_wconf 84' lang='lat' dir='ltr'><strong>octo</strong></span> <span class='ocrx_word' id='word_1_186' title='bbox 2659 1295 2720 1336; x_wconf 85' lang='lat' dir='ltr'><strong>se</strong></span> <span class='ocrx_word' id='word_1_187' title='bbox 2760 1279 3021 1350; x_wconf 76' lang='lat' dir='ltr'><strong>dividant,</strong></span> <span class='ocrx_word' id='word_1_188' title='bbox 3046 1294 3099 1339; x_wconf 89' lang='lat' dir='ltr'><strong>et</strong></span> <span class='ocrx_word' id='word_1_189' title='bbox 3126 1292 3251 1341; x_wconf 91' lang='lat' dir='ltr'><strong>octo</strong></span> <span class='ocrx_word' id='word_1_190' title='bbox 3280 1286 3336 1341; x_wconf 88' lang='lat' dir='ltr'><strong>in</strong></span> <span class='ocrx_word' id='word_1_191' title='bbox 3368 1288 3563 1360; x_wconf 85' lang='lat' dir='ltr'><strong>dipha-</strong></span> 
     </span>
    </p>
   </div>
   <div class='ocr_carea' id='block_1_28' title="bbox 1988 1368 3570 1449">
    <p class='ocr_par' dir='ltr' id='par_1_28' title="bbox 1988 1368 3570 1449">
     <span class='ocr_line' id='line_1_28' title="bbox 1988 1368 3570 1449; baseline 0.008 -26"><span class='ocrx_word' id='word_1_192' title='bbox 1988 1368 2226 1441; x_wconf 80' lang='lat' dir='ltr'><strong>iangiam</strong></span> <span class='ocrx_word' id='word_1_193' title='bbox 2266 1372 2476 1436; x_wconf 77' lang='lat' dir='ltr'><strong>statim,</strong></span> <span class='ocrx_word' id='word_1_194' title='bbox 2516 1371 2568 1427; x_wconf 88' lang='lat' dir='ltr'><strong>id</strong></span> <span class='ocrx_word' id='word_1_195' title='bbox 2602 1381 2705 1435; x_wconf 85' lang='lat' dir='ltr'><strong>est,</strong></span> <span class='ocrx_word' id='word_1_196' title='bbox 2732 1371 3064 1441; x_wconf 83' lang='lat' dir='ltr'><strong>duplicatam</strong></span> <span class='ocrx_word' id='word_1_197' title='bbox 3116 1375 3441 1449; x_wconf 79' lang='lat' dir='ltr'><strong>phalangem</strong></span> <span class='ocrx_word' id='word_1_198' title='bbox 3483 1380 3570 1435; x_wconf 85' lang='lat' dir='ltr'><strong>di-</strong></span> 
     </span>
    </p>
   </div>
   <div class='ocr_carea' id='block_1_29' title="bbox 1988 1456 3565 1536">
    <p class='ocr_par' dir='ltr' id='par_1_29' title="bbox 1988 1456 3565 1536">
     <span class='ocr_line' id='line_1_29' title="bbox 1988 1456 3565 1536; baseline 0.01 -25"><span class='ocrx_word' id='word_1_199' title='bbox 1988 1456 2266 1524; x_wconf 73' lang='lat' dir='ltr'><strong>vidantur,</strong></span> <span class='ocrx_word' id='word_1_200' title='bbox 2286 1459 2476 1529; x_wconf 79' lang='lat' dir='ltr'><strong>sicque</strong></span> <span class='ocrx_word' id='word_1_201' title='bbox 2498 1472 2624 1515; x_wconf 86' lang='lat' dir='ltr'><strong>octo</strong></span> <span class='ocrx_word' id='word_1_202' title='bbox 2648 1460 3068 1519; x_wconf 86' lang='lat' dir='ltr'><strong>contubernales</strong></span> <span class='ocrx_word' id='word_1_203' title='bbox 3086 1465 3295 1523; x_wconf 87' lang='lat' dir='ltr'><strong>immoti</strong></span> <span class='ocrx_word' id='word_1_204' title='bbox 3319 1471 3565 1536; x_wconf 87' lang='lat' dir='ltr'><strong>stabunt,</strong></span> 
     </span>
    </p>
   </div>
   <div class='ocr_carea' id='block_1_30' title="bbox 1987 1546 3567 1633">
    <p class='ocr_par' dir='ltr' id='par_1_30' title="bbox 1987 1546 3567 1633">
     <span class='ocr_line' id='line_1_30' title="bbox 1987 1546 3567 1633; baseline 0.01 -30"><span class='ocrx_word' id='word_1_205' title='bbox 1987 1546 2083 1603; x_wconf 84' lang='lat' dir='ltr'><strong>alii</strong></span> <span class='ocrx_word' id='word_1_206' title='bbox 2102 1558 2228 1605; x_wconf 85' lang='lat' dir='ltr'><strong>octo</strong></span> <span class='ocrx_word' id='word_1_207' title='bbox 2250 1550 2498 1606; x_wconf 80' lang='lat' dir='ltr'><strong>conversi</strong></span> <span class='ocrx_word' id='word_1_208' title='bbox 2533 1562 2585 1608; x_wconf 89' lang='lat' dir='ltr'><strong>et</strong></span> <span class='ocrx_word' id='word_1_209' title='bbox 2616 1564 2897 1611; x_wconf 82' lang='lat' dir='ltr'><strong>moventes</strong></span> <span class='ocrx_word' id='word_1_210' title='bbox 2918 1571 2977 1611; x_wconf 88' lang='lat' dir='ltr'><strong>se</strong></span> <span class='ocrx_word' id='word_1_211' title='bbox 3001 1555 3057 1610; x_wconf 89' lang='lat' dir='ltr'><strong>in</strong></span> <span class='ocrx_word' id='word_1_212' title='bbox 3080 1560 3415 1616; x_wconf 82' lang='lat' dir='ltr'><strong>contrariam</strong></span> <span class='ocrx_word' id='word_1_213' title='bbox 3439 1578 3567 1633; x_wconf 81' lang='lat' dir='ltr'><strong>par-</strong></span> 
     </span>
    </p>
   </div>
   <div class='ocr_carea' id='block_1_31' title="bbox 1987 1640 3565 1719">
    <p class='ocr_par' dir='ltr' id='par_1_31' title="bbox 1987 1640 3565 1719">
     <span class='ocr_line' id='line_1_31' title="bbox 1987 1640 3565 1719; baseline 0.011 -25"><span class='ocrx_word' id='word_1_214' title='bbox 1987 1647 2123 1705; x_wconf 85' lang='lat' dir='ltr'><strong>tem,</strong></span> <span class='ocrx_word' id='word_1_215' title='bbox 2160 1641 2230 1697; x_wconf 80' lang='lat' dir='ltr'><strong>ad</strong></span> <span class='ocrx_word' id='word_1_216' title='bbox 2265 1640 2597 1710; x_wconf 87' lang='lat' dir='ltr'><strong>duplicatam</strong></span> <span class='ocrx_word' id='word_1_217' title='bbox 2641 1644 2797 1716; x_wconf 90' lang='lat' dir='ltr'><strong>quasi</strong></span> <span class='ocrx_word' id='word_1_218' title='bbox 2843 1646 3019 1702; x_wconf 89' lang='lat' dir='ltr'><strong>aciem</strong></span> <span class='ocrx_word' id='word_1_219' title='bbox 3055 1662 3115 1704; x_wconf 85' lang='lat' dir='ltr'><strong>se</strong></span> <span class='ocrx_word' id='word_1_220' title='bbox 3155 1650 3424 1719; x_wconf 83' lang='lat' dir='ltr'><strong>dividant,</strong></span> <span class='ocrx_word' id='word_1_221' title='bbox 3478 1671 3565 1711; x_wconf 90' lang='lat' dir='ltr'><strong>re-</strong></span> 
     </span>
    </p>
   </div>
   <div class='ocr_carea' id='block_1_32' title="bbox 1988 1730 3561 1807">
    <p class='ocr_par' dir='ltr' id='par_1_32' title="bbox 1988 1730 3561 1807">
     <span class='ocr_line' id='line_1_32' title="bbox 1988 1730 3561 1807; baseline 0.011 -19"><span class='ocrx_word' id='word_1_222' title='bbox 1988 1730 2122 1804; x_wconf 80' lang='lat' dir='ltr'><strong>liqui</strong></span> <span class='ocrx_word' id='word_1_223' title='bbox 2144 1733 2214 1789; x_wconf 84' lang='lat' dir='ltr'><strong>ad</strong></span> <span class='ocrx_word' id='word_1_224' title='bbox 2260 1745 2386 1791; x_wconf 79' lang='lat' dir='ltr'><strong>octo</strong></span> <span class='ocrx_word' id='word_1_225' title='bbox 2427 1736 2514 1791; x_wconf 88' lang='lat' dir='ltr'><strong>vel</strong></span> <span class='ocrx_word' id='word_1_226' title='bbox 2578 1747 2818 1807; x_wconf 86' lang='lat' dir='ltr'><strong>quatuor</strong></span> <span class='ocrx_word' id='word_1_227' title='bbox 2848 1741 3190 1799; x_wconf 88' lang='lat' dir='ltr'><strong>altitudinem</strong></span> <span class='ocrx_word' id='word_1_228' title='bbox 3241 1747 3561 1806; x_wconf 86' lang='lat' dir='ltr'><strong>consistent.</strong></span> 
     </span>
    </p>
   </div>
   <div class='ocr_carea' id='block_1_33' title="bbox 1988 1824 3565 1912">
    <p class='ocr_par' dir='ltr' id='par_1_33' title="bbox 1988 1824 3565 1912">
     <span class='ocr_line' id='line_1_33' title="bbox 1988 1824 3565 1912; baseline 0.011 -31"><span class='ocrx_word' id='word_1_229' title='bbox 1988 1824 2102 1882; x_wconf 81' lang='lat' dir='ltr'><strong>illis</strong></span> <span class='ocrx_word' id='word_1_230' title='bbox 2124 1826 2541 1899; x_wconf 69' lang='lat' dir='ltr'><strong>praecipiendum</strong></span> <span class='ocrx_word' id='word_1_231' title='bbox 2556 1840 2660 1893; x_wconf 85' lang='lat' dir='ltr'><strong>est,</strong></span> <span class='ocrx_word' id='word_1_232' title='bbox 2677 1830 2911 1905; x_wconf 82' lang='grc' dir='ltr'>Ἐδρατοι</span> <span class='ocrx_word' id='word_1_233' title='bbox 2934 1835 3097 1907; x_wconf 80' lang='grc' dir='ltr'>στῆτε</span> <span class='ocrx_word' id='word_1_234' title='bbox 3114 1839 3161 1891; x_wconf 76' lang='grc' dir='ltr'>οἱ</span> <span class='ocrx_word' id='word_1_235' title='bbox 3186 1836 3452 1912; x_wconf 80' lang='grc' dir='ltr'>δεύτεροι,</span> <span class='ocrx_word' id='word_1_236' title='bbox 3471 1844 3565 1897; x_wconf 75' lang='grc' dir='ltr'>καὶ</span> 
     </span>
    </p>
   </div>
   <div class='ocr_carea' id='block_1_34' title="bbox 303 1908 1876 1994">
    <p class='ocr_par' dir='ltr' id='par_1_34' title="bbox 303 1908 1876 1989">
     <span class='ocr_line' id='line_1_34' title="bbox 303 1908 1876 1989; baseline 0.006 -26"><span class='ocrx_word' id='word_1_237' title='bbox 303 1908 361 1963; x_wconf 77' lang='grc' dir='ltr'><strong>οι</strong></span> <span class='ocrx_word' id='word_1_238' title='bbox 390 1910 693 1976; x_wconf 81' lang='grc' dir='ltr'>σεκοῦνδοι,</span> <span class='ocrx_word' id='word_1_239' title='bbox 727 1912 1006 1968; x_wconf 80' lang='grc' dir='ltr'>τουτέστιν</span> <span class='ocrx_word' id='word_1_240' title='bbox 1039 1914 1087 1968; x_wconf 81' lang='lat' dir='ltr'><strong>oi</strong></span> <span class='ocrx_word' id='word_1_241' title='bbox 1118 1915 1222 1969; x_wconf 83' lang='grc' dir='ltr'><strong>ὑπὸ</strong></span> <span class='ocrx_word' id='word_1_242' title='bbox 1252 1915 1343 1969; x_wconf 78' lang='grc' dir='ltr'><strong>τὸν</strong></span> <span class='ocrx_word' id='word_1_243' title='bbox 1374 1917 1648 1989; x_wconf 81' lang='grc' dir='ltr'>δεκάρχην</span> <span class='ocrx_word' id='word_1_244' title='bbox 1691 1936 1876 1988; x_wconf 76' lang='grc' dir='ltr'><strong>τεταγ⁴</strong></span> 
     </span>
    </p>
   </div>
   <div class='ocr_carea' id='block_1_35' title="bbox 1976 1908 3562 1994">
    <p class='ocr_par' dir='ltr' id='par_1_35' title="bbox 1986 1908 3562 1994">
     <span class='ocr_line' id='line_1_35' title="bbox 1986 1908 3562 1994; baseline 0.013 -23"><span class='ocrx_word' id='word_1_245' title='bbox 1986 1917 2035 1972; x_wconf 78' lang='grc' dir='ltr'><strong>οι</strong></span> <span class='ocrx_word' id='word_1_246' title='bbox 2070 1919 2172 1989; x_wconf 82' lang='grc' dir='ltr'>τῆς</span> <span class='ocrx_word' id='word_1_247' title='bbox 2193 1920 2553 1992; x_wconf 79' lang='grc' dir='ltr'>διφαλαγγίας</span> <span class='ocrx_word' id='word_1_248' title='bbox 2580 1924 2846 1994; x_wconf 81' lang='grc' dir='ltr'>ὲξέλθετε,</span> <span class='ocrx_word' id='word_1_249' title='bbox 2882 1928 2935 1981; x_wconf 92' lang='lat' dir='ltr'><strong>id</strong></span> <span class='ocrx_word' id='word_1_250' title='bbox 2964 1936 3065 1992; x_wconf 87' lang='lat' dir='ltr'><strong>est,</strong></span> <span class='ocrx_word' id='word_1_251' title='bbox 3106 1929 3275 1986; x_wconf 86' lang='lat' dir='ltr'><strong>Firmi</strong></span> <span class='ocrx_word' id='word_1_252' title='bbox 3306 1908 3445 1989; x_wconf 79' lang='lat' dir='ltr'><strong>state</strong></span> <span class='ocrx_word' id='word_1_253' title='bbox 3470 1951 3562 1991; x_wconf 81' lang='lat' dir='ltr'><strong>se-</strong></span> 
     </span>
    </p>
   </div>
   <div class='ocr_carea' id='block_1_36' title="bbox 308 2001 1885 2083">
    <p class='ocr_par' dir='ltr' id='par_1_36' title="bbox 308 2001 1885 2083">
     <span class='ocr_line' id='line_1_36' title="bbox 308 2001 1885 2083; baseline 0.008 -29"><span class='ocrx_word' id='word_1_254' title='bbox 308 2001 483 2070; x_wconf 76' lang='grc' dir='ltr'>μένοι,</span> <span class='ocrx_word' id='word_1_255' title='bbox 501 2002 806 2075; x_wconf 72' lang='grc' dir='ltr'>ἐξέρχονται</span> <span class='ocrx_word' id='word_1_256' title='bbox 834 2005 1175 2077; x_wconf 77' lang='grc' dir='ltr'>διαστήματα</span> <span class='ocrx_word' id='word_1_257' title='bbox 1205 2007 1333 2080; x_wconf 81' lang='grc' dir='ltr'>ἄχρι</span> <span class='ocrx_word' id='word_1_258' title='bbox 1358 2009 1684 2080; x_wconf 77' lang='grc' dir='ltr'>τριακοσίων</span> <span class='ocrx_word' id='word_1_259' title='bbox 1708 2012 1885 2083; x_wconf 79' lang='grc' dir='ltr'>βημά-</span> 
     </span>
    </p>
   </div>
   <div class='ocr_carea' id='block_1_37' title="bbox 301 2095 1884 2170">
    <p class='ocr_par' dir='ltr' id='par_1_37' title="bbox 301 2095 1884 2170">
     <span class='ocr_line' id='line_1_37' title="bbox 301 2095 1884 2170; baseline 0.008 -26"><span class='ocrx_word' id='word_1_260' title='bbox 301 2109 463 2158; x_wconf 82' lang='grc' dir='ltr'>των,</span> <span class='ocrx_word' id='word_1_261' title='bbox 510 2095 629 2164; x_wconf 55' lang='grc' dir='ltr'>ἤτοι</span> <span class='ocrx_word' id='word_1_262' title='bbox 687 2095 1086 2165; x_wconf 85' lang='grc' dir='ltr'>σκελισμάτων,</span> <span class='ocrx_word' id='word_1_263' title='bbox 1141 2098 1281 2154; x_wconf 84' lang='grc' dir='ltr'>ὥστε</span> <span class='ocrx_word' id='word_1_264' title='bbox 1351 2100 1425 2170; x_wconf 78' lang='grc' dir='ltr'>μὴ</span> <span class='ocrx_word' id='word_1_265' title='bbox 1480 2101 1739 2157; x_wconf 85' lang='grc' dir='ltr'>δύνασθαι</span> <span class='ocrx_word' id='word_1_266' title='bbox 1784 2103 1884 2169; x_wconf 82' lang='grc' dir='ltr'><strong>τὰς</strong></span> 
     </span>
    </p>
   </div>
   <div class='ocr_carea' id='block_1_38' title="bbox 306 2184 1881 2267">
    <p class='ocr_par' dir='ltr' id='par_1_38' title="bbox 306 2184 1881 2267">
     <span class='ocr_line' id='line_1_38' title="bbox 306 2184 1881 2267; baseline 0.008 -29"><span class='ocrx_word' id='word_1_267' title='bbox 306 2184 646 2258; x_wconf 85' lang='grc' dir='ltr'>βαλλομένας</span> <span class='ocrx_word' id='word_1_268' title='bbox 669 2192 818 2260; x_wconf 67' lang='grc' dir='ltr'>παρὰ</span> <span class='ocrx_word' id='word_1_269' title='bbox 846 2208 955 2244; x_wconf 84' lang='grc' dir='ltr'><strong>των</strong></span> <span class='ocrx_word' id='word_1_270' title='bbox 986 2193 1244 2249; x_wconf 81' lang='grc' dir='ltr'>ἐναντίων</span> <span class='ocrx_word' id='word_1_271' title='bbox 1277 2196 1535 2263; x_wconf 87' lang='grc' dir='ltr'>σαγίττας</span> <span class='ocrx_word' id='word_1_272' title='bbox 1594 2196 1881 2267; x_wconf 80' lang='grc' dir='ltr'>ἑκατέρω-</span> 
     </span>
    </p>
   </div>
   <div class='ocr_carea' id='block_1_39' title="bbox 303 2279 1884 2357">
    <p class='ocr_par' dir='ltr' id='par_1_39' title="bbox 303 2279 1884 2357">
     <span class='ocr_line' id='line_1_39' title="bbox 303 2279 1884 2357; baseline 0.008 -25"><span class='ocrx_word' id='word_1_273' title='bbox 303 2280 401 2333; x_wconf 77' lang='grc' dir='ltr'><strong>θεν</strong></span> <span class='ocrx_word' id='word_1_274' title='bbox 439 2279 698 2351; x_wconf 81' lang='grc' dir='ltr'>βλάπτειν</span> <span class='ocrx_word' id='word_1_275' title='bbox 738 2287 862 2348; x_wconf 68' lang='grc' dir='ltr'>τοὺς</span> <span class='ocrx_word' id='word_1_276' title='bbox 895 2284 1097 2349; x_wconf 79' lang='grc' dir='ltr'>νῶτους</span> <span class='ocrx_word' id='word_1_277' title='bbox 1133 2286 1243 2341; x_wconf 85' lang='grc' dir='ltr'><strong>τῶν</strong></span> <span class='ocrx_word' id='word_1_278' title='bbox 1267 2288 1735 2357; x_wconf 75' lang='grc' dir='ltr'>ἀντιϐλεπόντων,</span> <span class='ocrx_word' id='word_1_279' title='bbox 1766 2289 1884 2345; x_wconf 72' lang='grc' dir='ltr'>ἀλλ’</span> 
     </span>
    </p>
   </div>
   <div class='ocr_carea' id='block_1_40' title="bbox 303 2371 1881 2453">
    <p class='ocr_par' dir='ltr' id='par_1_40' title="bbox 303 2371 1881 2453">
     <span class='ocr_line' id='line_1_40' title="bbox 303 2371 1881 2453; baseline 0.008 -30"><span class='ocrx_word' id='word_1_280' title='bbox 303 2371 366 2424; x_wconf 68' lang='grc' dir='ltr'>ἐν</span> <span class='ocrx_word' id='word_1_281' title='bbox 389 2374 463 2441; x_wconf 71' lang='grc' dir='ltr'>τῷ</span> <span class='ocrx_word' id='word_1_282' title='bbox 493 2373 733 2446; x_wconf 80' lang='grc' dir='ltr'>εὐκαίρῳ</span> <span class='ocrx_word' id='word_1_283' title='bbox 790 2377 940 2447; x_wconf 83' lang='grc' dir='ltr'>τόπῳ</span> <span class='ocrx_word' id='word_1_284' title='bbox 976 2379 1194 2431; x_wconf 73' lang='grc' dir='ltr'>πίπτεύν</span> <span class='ocrx_word' id='word_1_285' title='bbox 1228 2379 1419 2444; x_wconf 81' lang='grc' dir='ltr'>αὐτάς.</span> <span class='ocrx_word' id='word_1_286' title='bbox 1489 2376 1624 2438; x_wconf 77' lang='grc' dir='ltr'>Εἶτα</span> <span class='ocrx_word' id='word_1_287' title='bbox 1664 2398 1881 2453; x_wconf 81' lang='grc' dir='ltr'>παραγ-</span> 
     </span>
    </p>
   </div>
   <div class='ocr_carea' id='block_1_41' title="bbox 301 2464 1878 2544">
    <p class='ocr_par' dir='ltr' id='par_1_41' title="bbox 301 2464 1878 2544">
     <span class='ocr_line' id='line_1_41' title="bbox 301 2464 1878 2544; baseline 0.006 -28"><span class='ocrx_word' id='word_1_288' title='bbox 301 2464 526 2532; x_wconf 80' lang='grc' dir='ltr'>γέλλει·</span> <span class='ocrx_word' id='word_1_289' title='bbox 581 2465 1010 2539; x_wconf 75' lang='grc' dir='ltr'>Ὑποστρέψατε.</span> <span class='ocrx_word' id='word_1_290' title='bbox 1050 2468 1146 2523; x_wconf 73' lang='grc' dir='ltr'>καὶ</span> <span class='ocrx_word' id='word_1_291' title='bbox 1202 2471 1363 2526; x_wconf 89' lang='grc' dir='ltr'>πάλιν</span> <span class='ocrx_word' id='word_1_292' title='bbox 1418 2472 1878 2544; x_wconf 79' lang='grc' dir='ltr'>ὑποστρέψαντες,</span> 
     </span>
    </p>
   </div>
   <div class='ocr_carea' id='block_1_42' title="bbox 302 2558 1881 2638">
    <p class='ocr_par' dir='ltr' id='par_1_42' title="bbox 302 2558 1881 2638">
     <span class='ocr_line' id='line_1_42' title="bbox 302 2558 1881 2638; baseline 0.008 -29"><span class='ocrx_word' id='word_1_293' title='bbox 302 2558 355 2609; x_wconf 73' lang='grc' dir='ltr'>εἰ</span> <span class='ocrx_word' id='word_1_294' title='bbox 383 2559 540 2628; x_wconf 89' lang='grc' dir='ltr'>χρεία</span> <span class='ocrx_word' id='word_1_295' title='bbox 594 2558 841 2632; x_wconf 78' lang='grc' dir='ltr'>γένηται,</span> <span class='ocrx_word' id='word_1_296' title='bbox 878 2562 1343 2617; x_wconf 82' lang='grc' dir='ltr'>άποκαθίστανται</span> <span class='ocrx_word' id='word_1_297' title='bbox 1397 2566 1475 2629; x_wconf 84' lang='grc' dir='ltr'><strong>είς</strong></span> <span class='ocrx_word' id='word_1_298' title='bbox 1507 2564 1570 2619; x_wconf 75' lang='grc' dir='ltr'>τὸ</span> <span class='ocrx_word' id='word_1_299' title='bbox 1618 2567 1881 2638; x_wconf 84' lang='grc' dir='ltr'>πρότερον</span> 
     </span>
    </p>
   </div>
   <div class='ocr_carea' id='block_1_43' title="bbox 305 2653 517 2722">
    <p class='ocr_par' dir='ltr' id='par_1_43' title="bbox 305 2653 517 2722">
     <span class='ocr_line' id='line_1_43' title="bbox 305 2653 517 2722; baseline 0.009 -19"><span class='ocrx_word' id='word_1_300' title='bbox 305 2653 517 2722; x_wconf 77' lang='grc' dir='ltr'>σχῆμα.</span> 
     </span>
    </p>
   </div>
   <div class='ocr_carea' id='block_1_44' title="bbox 377 2838 1879 2921">
    <p class='ocr_par' dir='ltr' id='par_1_44' title="bbox 377 2838 1879 2921">
     <span class='ocr_line' id='line_1_44' title="bbox 377 2838 1879 2921; baseline 0.01 -30"><span class='ocrx_word' id='word_1_301' title='bbox 377 2838 473 2903; x_wconf 60' lang='grc' dir='ltr'><strong>οζκ</strong></span> <span class='ocrx_word' id='word_1_302' title='bbox 529 2841 593 2893; x_wconf 89' lang='grc' dir='ltr'><strong>Εί</strong></span> <span class='ocrx_word' id='word_1_303' title='bbox 660 2838 736 2907; x_wconf 78' lang='grc' dir='ltr'>δὲ,</span> <span class='ocrx_word' id='word_1_304' title='bbox 793 2840 871 2904; x_wconf 84' lang='grc' dir='ltr'>ὡς</span> <span class='ocrx_word' id='word_1_305' title='bbox 937 2842 1103 2908; x_wconf 70' lang='grc' dir='ltr'>εἰκὸς,</span> <span class='ocrx_word' id='word_1_306' title='bbox 1164 2844 1198 2914; x_wconf 84' lang='grc' dir='ltr'><strong>ἡ</strong></span> <span class='ocrx_word' id='word_1_307' title='bbox 1261 2844 1462 2915; x_wconf 78' lang='grc' dir='ltr'>μείζων</span> <span class='ocrx_word' id='word_1_308' title='bbox 1491 2847 1717 2921; x_wconf 81' lang='grc' dir='ltr'>δύναμις</span> <span class='ocrx_word' id='word_1_309' title='bbox 1772 2849 1879 2906; x_wconf 87' lang='grc' dir='ltr'><strong>τῶν</strong></span> 
     </span>
    </p>
   </div>
   <div class='ocr_carea' id='block_1_45' title="bbox 302 2931 1881 3013">
    <p class='ocr_par' dir='ltr' id='par_1_45' title="bbox 302 2931 1881 3013">
     <span class='ocr_line' id='line_1_45' title="bbox 302 2931 1881 3013; baseline 0.008 -29"><span class='ocrx_word' id='word_1_310' title='bbox 302 2932 517 3004; x_wconf 71' lang='grc' dir='ltr'>ἔχθρῶν</span> <span class='ocrx_word' id='word_1_311' title='bbox 542 2931 631 2986; x_wconf 79' lang='grc' dir='ltr'>διὰ</span> <span class='ocrx_word' id='word_1_312' title='bbox 653 2932 748 2985; x_wconf 81' lang='grc' dir='ltr'>τοῦ</span> <span class='ocrx_word' id='word_1_313' title='bbox 782 2932 974 2999; x_wconf 83' lang='grc' dir='ltr'>νώτου,</span> <span class='ocrx_word' id='word_1_314' title='bbox 1004 2934 1175 3004; x_wconf 87' lang='grc' dir='ltr'>ἤγουν</span> <span class='ocrx_word' id='word_1_315' title='bbox 1201 2935 1426 2991; x_wconf 80' lang='grc' dir='ltr'>ὄπισθεν</span> <span class='ocrx_word' id='word_1_316' title='bbox 1470 2940 1569 3011; x_wconf 82' lang='grc' dir='ltr'><strong>τῆς</strong></span> <span class='ocrx_word' id='word_1_317' title='bbox 1628 2944 1881 3013; x_wconf 83' lang='grc' dir='ltr'>παρατά-</span> 
     </span>
    </p>
   </div>
   <div class='ocr_carea' id='block_1_46' title="bbox 304 3022 1875 3098">
    <p class='ocr_par' dir='ltr' id='par_1_46' title="bbox 304 3022 1875 3098">
     <span class='ocr_line' id='line_1_46' title="bbox 304 3022 1875 3098; baseline 0.008 -21"><span class='ocrx_word' id='word_1_318' title='bbox 304 3022 441 3090; x_wconf 81' lang='grc' dir='ltr'>ξεως</span> <span class='ocrx_word' id='word_1_319' title='bbox 462 3026 705 3098; x_wconf 72' lang='grc' dir='ltr'>ἔρχεται,</span> <span class='ocrx_word' id='word_1_320' title='bbox 740 3026 835 3080; x_wconf 77' lang='grc' dir='ltr'>καὶ</span> <span class='ocrx_word' id='word_1_321' title='bbox 886 3028 1093 3097; x_wconf 77' lang='grc' dir='ltr'>ἄμαξαι</span> <span class='ocrx_word' id='word_1_322' title='bbox 1128 3029 1228 3084; x_wconf 85' lang='grc' dir='ltr'>οὒκ</span> <span class='ocrx_word' id='word_1_323' title='bbox 1273 3031 1660 3089; x_wconf 80' lang='grc' dir='ltr'>ἀκολουθοῦσιν</span> <span class='ocrx_word' id='word_1_324' title='bbox 1704 3038 1754 3089; x_wconf 78' lang='lat' dir='ltr'><strong>oi</strong></span> <span class='ocrx_word' id='word_1_325' title='bbox 1786 3052 1875 3090; x_wconf 71' lang='grc' dir='ltr'>σεο</span> 
     </span>
    </p>
   </div>
   <div class='ocr_carea' id='block_1_47' title="bbox 302 3119 1877 3189">
    <p class='ocr_par' dir='ltr' id='par_1_47' title="bbox 302 3119 1877 3189">
     <span class='ocr_line' id='line_1_47' title="bbox 302 3119 1877 3189; baseline 0.008 -18"><span class='ocrx_word' id='word_1_326' title='bbox 302 3119 536 3185; x_wconf 82' lang='grc' dir='ltr'>κοῦνδοι,</span> <span class='ocrx_word' id='word_1_327' title='bbox 592 3121 760 3189; x_wconf 85' lang='grc' dir='ltr'>ἤγουν</span> <span class='ocrx_word' id='word_1_328' title='bbox 821 3122 871 3173; x_wconf 81' lang='grc' dir='ltr'>οἱ</span> <span class='ocrx_word' id='word_1_329' title='bbox 934 3122 1243 3188; x_wconf 79' lang='grc' dir='ltr'>ἐπιστάται,</span> <span class='ocrx_word' id='word_1_330' title='bbox 1289 3124 1539 3182; x_wconf 79' lang='grc' dir='ltr'>ἵστανται</span> <span class='ocrx_word' id='word_1_331' title='bbox 1609 3128 1666 3182; x_wconf 74' lang='grc' dir='ltr'>δὲ</span> <span class='ocrx_word' id='word_1_332' title='bbox 1691 3129 1785 3183; x_wconf 72' lang='grc' dir='ltr'>καὶ</span> <span class='ocrx_word' id='word_1_333' title='bbox 1826 3130 1877 3184; x_wconf 90' lang='grc' dir='ltr'><strong>οί</strong></span> 
     </span>
    </p>
   </div>
   <div class='ocr_carea' id='block_1_48' title="bbox 302 3211 1949 3326">
    <p class='ocr_par' dir='ltr' id='par_1_48' title="bbox 302 3211 1949 3326">
     <span class='ocr_line' id='line_1_48' title="bbox 302 3211 1949 3326; baseline 0.006 -62"><span class='ocrx_word' id='word_1_334' title='bbox 302 3211 521 3283; x_wconf 81' lang='grc' dir='ltr'>πρίμοι,</span> <span class='ocrx_word' id='word_1_335' title='bbox 557 3213 724 3282; x_wconf 87' lang='grc' dir='ltr'>ἤγουν</span> <span class='ocrx_word' id='word_1_336' title='bbox 770 3215 818 3265; x_wconf 89' lang='grc' dir='ltr'><strong>οί</strong></span> <span class='ocrx_word' id='word_1_337' title='bbox 853 3214 1233 3283; x_wconf 84' lang='grc' dir='ltr'>πρωτοστάται</span> <span class='ocrx_word' id='word_1_338' title='bbox 1254 3256 1267 3279; x_wconf 90' lang='grc'><strong>,</strong></span> <span class='ocrx_word' id='word_1_339' title='bbox 1301 3218 1355 3270; x_wconf 86' lang='grc' dir='ltr'><strong>οί</strong></span> <span class='ocrx_word' id='word_1_340' title='bbox 1387 3218 1443 3271; x_wconf 78' lang='grc' dir='ltr'>δὲ</span> <span class='ocrx_word' id='word_1_341' title='bbox 1474 3219 1694 3291; x_wconf 74' lang='grc' dir='ltr'>λοχαγοὶ</span> <span class='ocrx_word' id='word_1_342' title='bbox 1722 3221 1875 3291; x_wconf 75' lang='grc' dir='ltr'><strong>ὲξιέρ⁴</strong></span> <span class='ocrx_word' id='word_1_343' title='bbox 1904 3267 1949 3326; x_wconf 70' lang='lat' dir='ltr'><strong><em>C</em></strong></span> 
     </span>
    </p>
   </div>
   <div class='ocr_carea' id='block_1_49' title="bbox 301 3321 509 3376">
    <p class='ocr_par' dir='ltr' id='par_1_49' title="bbox 301 3321 509 3376">
     <span class='ocr_line' id='line_1_49' title="bbox 301 3321 509 3376; baseline 0.014 -19"><span class='ocrx_word' id='word_1_344' title='bbox 301 3321 509 3376; x_wconf 72' lang='grc' dir='ltr'>χονται.</span> 
     </span>
    </p>
   </div>
   <div class='ocr_carea' id='block_1_50' title="bbox 372 3396 1879 3475">
    <p class='ocr_par' dir='ltr' id='par_1_50' title="bbox 372 3396 1879 3475">
     <span class='ocr_line' id='line_1_50' title="bbox 372 3396 1879 3475; baseline 0.007 -25"><span class='ocrx_word' id='word_1_345' title='bbox 372 3396 474 3468; x_wconf 83' lang='grc' dir='ltr'>οη’.</span> <span class='ocrx_word' id='word_1_346' title='bbox 532 3397 604 3450; x_wconf 82' lang='grc' dir='ltr'><strong>Τὸ</strong></span> <span class='ocrx_word' id='word_1_347' title='bbox 655 3397 711 3452; x_wconf 80' lang='grc' dir='ltr'>δὲ</span> <span class='ocrx_word' id='word_1_348' title='bbox 752 3398 850 3468; x_wconf 79' lang='grc' dir='ltr'>τῆς</span> <span class='ocrx_word' id='word_1_349' title='bbox 891 3397 1198 3469; x_wconf 68' lang='grc' dir='ltr'>φαλαγγίας</span> <span class='ocrx_word' id='word_1_350' title='bbox 1236 3401 1467 3470; x_wconf 83' lang='grc' dir='ltr'>γίνεται,</span> <span class='ocrx_word' id='word_1_351' title='bbox 1501 3404 1628 3459; x_wconf 84' lang='grc' dir='ltr'>ὅταν</span> <span class='ocrx_word' id='word_1_352' title='bbox 1657 3407 1711 3458; x_wconf 88' lang='grc' dir='ltr'>αἱ</span> <span class='ocrx_word' id='word_1_353' title='bbox 1742 3404 1879 3475; x_wconf 74' lang='grc' dir='ltr'>ἆμα-</span> 
     </span>
    </p>
   </div>
   <div class='ocr_carea' id='block_1_51' title="bbox 302 3487 1867 3570">
    <p class='ocr_par' dir='ltr' id='par_1_51' title="bbox 302 3487 1867 3570">
     <span class='ocr_line' id='line_1_51' title="bbox 302 3487 1867 3570; baseline 0.006 -27"><span class='ocrx_word' id='word_1_354' title='bbox 302 3488 392 3557; x_wconf 79' lang='grc' dir='ltr'><strong>ξαι</strong></span> <span class='ocrx_word' id='word_1_355' title='bbox 417 3490 516 3543; x_wconf 72' lang='grc' dir='ltr'>οὐκ</span> <span class='ocrx_word' id='word_1_356' title='bbox 538 3487 942 3556; x_wconf 72' lang='grc' dir='ltr'>ἀκολουθοῦσιν,</span> <span class='ocrx_word' id='word_1_357' title='bbox 978 3492 1010 3563; x_wconf 83' lang='grc' dir='ltr'>ἣ</span> <span class='ocrx_word' id='word_1_358' title='bbox 1062 3494 1494 3565; x_wconf 83' lang='grc' dir='ltr'>άκολουθήσασαι</span> <span class='ocrx_word' id='word_1_359' title='bbox 1534 3498 1867 3570; x_wconf 72' lang='grc' dir='ltr'>ἐϐιάσθησαν</span> 
     </span>
    </p>
   </div>
   <div class='ocr_carea' id='block_1_52' title="bbox 303 3581 1872 3659">
    <p class='ocr_par' dir='ltr' id='par_1_52' title="bbox 303 3581 1872 3659">
     <span class='ocr_line' id='line_1_52' title="bbox 303 3581 1872 3659; baseline 0.006 -24"><span class='ocrx_word' id='word_1_360' title='bbox 303 3582 410 3635; x_wconf 79' lang='grc' dir='ltr'><strong>ὑπὸ</strong></span> <span class='ocrx_word' id='word_1_361' title='bbox 431 3582 539 3636; x_wconf 86' lang='grc' dir='ltr'><strong>τῶν</strong></span> <span class='ocrx_word' id='word_1_362' title='bbox 579 3581 875 3653; x_wconf 78' lang='grc' dir='ltr'>πολεμίων.</span> <span class='ocrx_word' id='word_1_363' title='bbox 908 3584 1144 3649; x_wconf 84' lang='grc' dir='ltr'>Ταύταις</span> <span class='ocrx_word' id='word_1_364' title='bbox 1170 3587 1226 3639; x_wconf 84' lang='grc' dir='ltr'>δὲ</span> <span class='ocrx_word' id='word_1_365' title='bbox 1254 3588 1359 3659; x_wconf 81' lang='grc' dir='ltr'>χρὴ</span> <span class='ocrx_word' id='word_1_366' title='bbox 1379 3590 1593 3653; x_wconf 83' lang='grc' dir='ltr'>πάντως</span> <span class='ocrx_word' id='word_1_367' title='bbox 1620 3592 1711 3643; x_wconf 77' lang='grc' dir='ltr'><strong>ἐπὶ</strong></span> <span class='ocrx_word' id='word_1_368' title='bbox 1736 3608 1872 3646; x_wconf 84' lang='grc' dir='ltr'>παν-</span> 
     </span>
    </p>
   </div>
   <div class='ocr_carea' id='block_1_53' title="bbox 304 3676 1873 3752">
    <p class='ocr_par' dir='ltr' id='par_1_53' title="bbox 304 3676 1873 3752">
     <span class='ocr_line' id='line_1_53' title="bbox 304 3676 1873 3752; baseline 0.005 -22"><span class='ocrx_word' id='word_1_369' title='bbox 304 3676 392 3740; x_wconf 74' lang='grc' dir='ltr'>τὸς</span> <span class='ocrx_word' id='word_1_370' title='bbox 432 3676 838 3747; x_wconf 71' lang='grc' dir='ltr'>ἡτοιμασμένον</span> <span class='ocrx_word' id='word_1_371' title='bbox 884 3676 1110 3741; x_wconf 77' lang='grc' dir='ltr'>πεζικοῦ</span> <span class='ocrx_word' id='word_1_372' title='bbox 1152 3682 1381 3752; x_wconf 83' lang='grc' dir='ltr'>στρατοῦ</span> <span class='ocrx_word' id='word_1_373' title='bbox 1421 3684 1759 3738; x_wconf 81' lang='grc' dir='ltr'>ἀκολουθεῖν.</span> <span class='ocrx_word' id='word_1_374' title='bbox 1809 3685 1873 3740; x_wconf 74' lang='lat' dir='ltr'><strong>Et</strong></span> 
     </span>
    </p>
   </div>
   <div class='ocr_carea' id='block_1_54' title="bbox 308 3767 1875 3845">
    <p class='ocr_par' dir='ltr' id='par_1_54' title="bbox 308 3767 1875 3845">
     <span class='ocr_line' id='line_1_54' title="bbox 308 3767 1875 3845; baseline 0.005 -23"><span class='ocrx_word' id='word_1_375' title='bbox 308 3768 385 3840; x_wconf 78' lang='grc' dir='ltr'>μὴ</span> <span class='ocrx_word' id='word_1_376' title='bbox 415 3767 524 3839; x_wconf 75' lang='grc' dir='ltr'>ἄρα</span> <span class='ocrx_word' id='word_1_377' title='bbox 554 3767 954 3839; x_wconf 77' lang='grc' dir='ltr'>καϐαλλαρικδς</span> <span class='ocrx_word' id='word_1_378' title='bbox 983 3772 1211 3841; x_wconf 83' lang='grc' dir='ltr'>στρατὸς</span> <span class='ocrx_word' id='word_1_379' title='bbox 1244 3772 1437 3845; x_wconf 79' lang='grc' dir='ltr'>βιασθῇ</span> <span class='ocrx_word' id='word_1_380' title='bbox 1467 3775 1749 3839; x_wconf 74' lang='grc' dir='ltr'>πεζεῦσαι,</span> <span class='ocrx_word' id='word_1_381' title='bbox 1780 3778 1875 3831; x_wconf 74' lang='grc' dir='ltr'>καὶ</span> 
     </span>
    </p>
   </div>
   <div class='ocr_carea' id='block_1_55' title="bbox 302 3858 1872 3939">
    <p class='ocr_par' dir='ltr' id='par_1_55' title="bbox 302 3858 1872 3939">
     <span class='ocr_line' id='line_1_55' title="bbox 302 3858 1872 3939; baseline 0.004 -23"><span class='ocrx_word' id='word_1_382' title='bbox 302 3862 363 3916; x_wconf 71' lang='grc' dir='ltr'>ἐν</span> <span class='ocrx_word' id='word_1_383' title='bbox 395 3858 570 3934; x_wconf 79' lang='grc' dir='ltr'>καιρῷ</span> <span class='ocrx_word' id='word_1_384' title='bbox 599 3858 831 3932; x_wconf 78' lang='grc' dir='ltr'>τοιούτῳ</span> <span class='ocrx_word' id='word_1_385' title='bbox 863 3861 896 3931; x_wconf 76' lang='grc' dir='ltr'>ἢ</span> <span class='ocrx_word' id='word_1_386' title='bbox 930 3862 1153 3934; x_wconf 81' lang='grc' dir='ltr'>ἁμαξῶν</span> <span class='ocrx_word' id='word_1_387' title='bbox 1183 3865 1216 3937; x_wconf 77' lang='grc' dir='ltr'>ἢ</span> <span class='ocrx_word' id='word_1_388' title='bbox 1254 3864 1418 3938; x_wconf 80' lang='grc' dir='ltr'>ἄλλης</span> <span class='ocrx_word' id='word_1_389' title='bbox 1447 3865 1581 3939; x_wconf 79' lang='grc' dir='ltr'>ὕλης</span> <span class='ocrx_word' id='word_1_390' title='bbox 1610 3868 1749 3922; x_wconf 76' lang='grc' dir='ltr'>κατὰ</span> <span class='ocrx_word' id='word_1_391' title='bbox 1774 3869 1872 3923; x_wconf 77' lang='grc' dir='ltr'>τοῦ</span> 
     </span>
    </p>
   </div>
   <div class='ocr_carea' id='block_1_56' title="bbox 302 3952 750 4025">
    <p class='ocr_par' dir='ltr' id='par_1_56' title="bbox 302 3952 750 4025">
     <span class='ocr_line' id='line_1_56' title="bbox 302 3952 750 4025; baseline -0.009 -16"><span class='ocrx_word' id='word_1_392' title='bbox 302 3952 471 4009; x_wconf 81' lang='grc' dir='ltr'>νώτου</span> <span class='ocrx_word' id='word_1_393' title='bbox 504 3954 750 4025; x_wconf 83' lang='grc' dir='ltr'>ἀπορεῖν.</span> 
     </span>
    </p>
   </div>
   <div class='ocr_carea' id='block_1_57' title="bbox 370 4042 1870 4120">
    <p class='ocr_par' dir='ltr' id='par_1_57' title="bbox 370 4042 1870 4120">
     <span class='ocr_line' id='line_1_57' title="bbox 370 4042 1870 4120; baseline 0.006 -23"><span class='ocrx_word' id='word_1_394' title='bbox 370 4042 469 4100; x_wconf 76' lang='grc' dir='ltr'>οϐ’.</span> <span class='ocrx_word' id='word_1_395' title='bbox 526 4044 685 4112; x_wconf 76' lang='grc' dir='ltr'>Δεξιά</span> <span class='ocrx_word' id='word_1_396' title='bbox 736 4048 791 4101; x_wconf 82' lang='grc' dir='ltr'>δὲ</span> <span class='ocrx_word' id='word_1_397' title='bbox 832 4049 927 4101; x_wconf 67' lang='grc' dir='ltr'>καὶ</span> <span class='ocrx_word' id='word_1_398' title='bbox 976 4048 1239 4120; x_wconf 79' lang='grc' dir='ltr'>ἀριστερᾶ</span> <span class='ocrx_word' id='word_1_399' title='bbox 1299 4048 1589 4117; x_wconf 79' lang='grc' dir='ltr'>κλίνονται,</span> <span class='ocrx_word' id='word_1_400' title='bbox 1632 4052 1761 4105; x_wconf 79' lang='grc' dir='ltr'>ὅταν</span> <span class='ocrx_word' id='word_1_401' title='bbox 1806 4051 1870 4106; x_wconf 84' lang='grc' dir='ltr'>ἐκ</span> 
     </span>
    </p>
   </div>
   <div class='ocr_carea' id='block_1_58' title="bbox 302 4136 1867 4214">
    <p class='ocr_par' dir='ltr' id='par_1_58' title="bbox 302 4136 1867 4214">
     <span class='ocr_line' id='line_1_58' title="bbox 302 4136 1867 4214; baseline 0.003 -23"><span class='ocrx_word' id='word_1_402' title='bbox 302 4136 532 4207; x_wconf 69' lang='grc' dir='ltr'>πλαγίου</span> <span class='ocrx_word' id='word_1_403' title='bbox 582 4142 662 4203; x_wconf 88' lang='grc' dir='ltr'><strong>είς</strong></span> <span class='ocrx_word' id='word_1_404' title='bbox 694 4138 750 4191; x_wconf 84' lang='grc' dir='ltr'>ἓν</span> <span class='ocrx_word' id='word_1_405' title='bbox 788 4141 951 4212; x_wconf 80' lang='grc' dir='ltr'>μέρος</span> <span class='ocrx_word' id='word_1_406' title='bbox 1010 4139 1139 4211; x_wconf 78' lang='grc' dir='ltr'>θέλῃ</span> <span class='ocrx_word' id='word_1_407' title='bbox 1188 4140 1286 4211; x_wconf 77' lang='grc' dir='ltr'>τὴν</span> <span class='ocrx_word' id='word_1_408' title='bbox 1324 4143 1629 4213; x_wconf 75' lang='grc' dir='ltr'>παράταξιν</span> <span class='ocrx_word' id='word_1_409' title='bbox 1682 4143 1867 4214; x_wconf 81' lang='grc' dir='ltr'>σῦραι,</span> 
     </span>
    </p>
   </div>
   <div class='ocr_carea' id='block_1_59' title="bbox 301 4228 1869 4305">
    <p class='ocr_par' dir='ltr' id='par_1_59' title="bbox 301 4228 1869 4305">
     <span class='ocr_line' id='line_1_59' title="bbox 301 4228 1869 4305; baseline 0.003 -22"><span class='ocrx_word' id='word_1_410' title='bbox 301 4228 335 4299; x_wconf 75' lang='grc' dir='ltr'>ἢ</span> <span class='ocrx_word' id='word_1_411' title='bbox 363 4229 452 4283; x_wconf 82' lang='grc' dir='ltr'><strong>διά</strong></span> <span class='ocrx_word' id='word_1_412' title='bbox 474 4229 553 4295; x_wconf 79' lang='grc' dir='ltr'>τὸ,</span> <span class='ocrx_word' id='word_1_413' title='bbox 573 4228 647 4293; x_wconf 85' lang='grc' dir='ltr'><strong>ὡς</strong></span> <span class='ocrx_word' id='word_1_414' title='bbox 669 4230 833 4295; x_wconf 78' lang='grc' dir='ltr'>εἰκὸς,</span> <span class='ocrx_word' id='word_1_415' title='bbox 863 4232 1098 4283; x_wconf 78' lang='grc' dir='ltr'>ἐκτεῖναι</span> <span class='ocrx_word' id='word_1_416' title='bbox 1120 4232 1216 4300; x_wconf 74' lang='grc' dir='ltr'>τὴν</span> <span class='ocrx_word' id='word_1_417' title='bbox 1244 4231 1546 4302; x_wconf 75' lang='grc' dir='ltr'>παράταξιν</span> <span class='ocrx_word' id='word_1_418' title='bbox 1575 4235 1669 4287; x_wconf 71' lang='grc' dir='ltr'><strong>καὶ</strong></span> <span class='ocrx_word' id='word_1_419' title='bbox 1700 4234 1869 4305; x_wconf 82' lang='grc' dir='ltr'>ὑπερ-</span> 
     </span>
    </p>
   </div>
   <div class='ocr_carea' id='block_1_60' title="bbox 302 4320 1866 4396">
    <p class='ocr_par' dir='ltr' id='par_1_60' title="bbox 302 4320 1866 4396">
     <span class='ocr_line' id='line_1_60' title="bbox 302 4320 1866 4396; baseline 0.001 -22"><span class='ocrx_word' id='word_1_420' title='bbox 302 4322 553 4391; x_wconf 84' lang='grc' dir='ltr'>κεράσαι,</span> <span class='ocrx_word' id='word_1_421' title='bbox 586 4322 750 4391; x_wconf 86' lang='grc' dir='ltr'>ἤγουν</span> <span class='ocrx_word' id='word_1_422' title='bbox 779 4320 1056 4375; x_wconf 81' lang='grc' dir='ltr'>κυκλῶσαι</span> <span class='ocrx_word' id='word_1_423' title='bbox 1096 4321 1220 4385; x_wconf 76' lang='grc' dir='ltr'>τοὺς</span> <span class='ocrx_word' id='word_1_424' title='bbox 1251 4323 1559 4395; x_wconf 79' lang='grc' dir='ltr'>ἐχθροὺς,ἢ</span> <span class='ocrx_word' id='word_1_425' title='bbox 1594 4324 1666 4395; x_wconf 84' lang='grc' dir='ltr'>μὴ</span> <span class='ocrx_word' id='word_1_426' title='bbox 1703 4326 1866 4396; x_wconf 80' lang='grc' dir='ltr'>ὕπερ-</span> 
     </span>
    </p>
   </div>
   <div class='ocr_carea' id='block_1_61' title="bbox 301 4412 1865 4487">
    <p class='ocr_par' dir='ltr' id='par_1_61' title="bbox 301 4412 1865 4487">
     <span class='ocr_line' id='line_1_61' title="bbox 301 4412 1865 4487; baseline 0.001 -20"><span class='ocrx_word' id='word_1_427' title='bbox 301 4412 641 4483; x_wconf 81' lang='grc' dir='ltr'>κερασθῆναι</span> <span class='ocrx_word' id='word_1_428' title='bbox 682 4415 850 4484; x_wconf 80' lang='grc' dir='ltr'>ἤγουν</span> <span class='ocrx_word' id='word_1_429' title='bbox 896 4413 1238 4484; x_wconf 83' lang='grc' dir='ltr'>κυκλωθῆναι</span> <span class='ocrx_word' id='word_1_430' title='bbox 1286 4416 1414 4487; x_wconf 83' lang='grc' dir='ltr'>παρ’</span> <span class='ocrx_word' id='word_1_431' title='bbox 1468 4417 1728 4487; x_wconf 74' lang='grc' dir='ltr'>αὐτῶν,ἢ</span> <span class='ocrx_word' id='word_1_432' title='bbox 1778 4417 1865 4469; x_wconf 82' lang='grc' dir='ltr'><strong>διὰ</strong></span> 
     </span>
    </p>
   </div>
   <div class='ocr_carea' id='block_1_62' title="bbox 298 4505 1863 4580">
    <p class='ocr_par' dir='ltr' id='par_1_62' title="bbox 298 4505 1863 4580">
     <span class='ocr_line' id='line_1_62' title="bbox 298 4505 1863 4580; baseline 0.003 -23"><span class='ocrx_word' id='word_1_433' title='bbox 298 4505 461 4557; x_wconf 79' lang='grc' dir='ltr'>τόπου</span> <span class='ocrx_word' id='word_1_434' title='bbox 526 4505 975 4577; x_wconf 75' lang='grc' dir='ltr'>ἐπιτηδειότητα,</span> <span class='ocrx_word' id='word_1_435' title='bbox 1027 4506 1060 4576; x_wconf 84' lang='grc' dir='ltr'>ἢ</span> <span class='ocrx_word' id='word_1_436' title='bbox 1122 4506 1213 4560; x_wconf 85' lang='grc' dir='ltr'><strong>διά</strong></span> <span class='ocrx_word' id='word_1_437' title='bbox 1274 4507 1616 4580; x_wconf 73' lang='grc' dir='ltr'>παραγωγήν</span> <span class='ocrx_word' id='word_1_438' title='bbox 1674 4510 1863 4562; x_wconf 56' lang='grc' dir='ltr'>στενοῦ</span> 
     </span>
    </p>
   </div>
   <div class='ocr_carea' id='block_1_63' title="bbox 1983 2006 3560 2087">
    <p class='ocr_par' dir='ltr' id='par_1_63' title="bbox 1983 2006 3560 2087">
     <span class='ocr_line' id='line_1_63' title="bbox 1983 2006 3560 2087; baseline 0.013 -25"><span class='ocrx_word' id='word_1_439' title='bbox 1983 2010 2177 2073; x_wconf 86' lang='lat' dir='ltr'><strong>eundi,</strong></span> <span class='ocrx_word' id='word_1_440' title='bbox 2205 2018 2261 2065; x_wconf 91' lang='lat' dir='ltr'><strong>et</strong></span> <span class='ocrx_word' id='word_1_441' title='bbox 2291 2010 2345 2066; x_wconf 90' lang='lat' dir='ltr'><strong>in</strong></span> <span class='ocrx_word' id='word_1_442' title='bbox 2363 2006 2642 2084; x_wconf 78' lang='lat' dir='ltr'><strong>duplicata</strong></span> <span class='ocrx_word' id='word_1_443' title='bbox 2677 2016 2794 2071; x_wconf 81' lang='lat' dir='ltr'><strong>acie</strong></span> <span class='ocrx_word' id='word_1_444' title='bbox 2818 2017 2909 2087; x_wconf 85' lang='lat' dir='ltr'><strong>qui</strong></span> <span class='ocrx_word' id='word_1_445' title='bbox 2934 2018 3094 2087; x_wconf 84' lang='lat' dir='ltr'><strong>estis,</strong></span> <span class='ocrx_word' id='word_1_446' title='bbox 3120 2022 3287 2078; x_wconf 82' lang='lat' dir='ltr'><strong>exite.</strong></span> <span class='ocrx_word' id='word_1_447' title='bbox 3322 2022 3560 2082; x_wconf 87' lang='lat' dir='ltr'><strong>Secundi</strong></span> 
     </span>
    </p>
   </div>
   <div class='ocr_carea' id='block_1_64' title="bbox 1995 2104 3560 2177">
    <p class='ocr_par' dir='ltr' id='par_1_64' title="bbox 1995 2104 3560 2177">
     <span class='ocr_line' id='line_1_64' title="bbox 1995 2104 3560 2177; baseline 0.012 -23"><span class='ocrx_word' id='word_1_448' title='bbox 1995 2108 2183 2155; x_wconf 84' lang='lat' dir='ltr'><strong>autem</strong></span> <span class='ocrx_word' id='word_1_449' title='bbox 2218 2112 2346 2156; x_wconf 91' lang='lat' dir='ltr'><strong>sunt</strong></span> <span class='ocrx_word' id='word_1_450' title='bbox 2383 2104 2474 2175; x_wconf 89' lang='lat' dir='ltr'><strong>qui</strong></span> <span class='ocrx_word' id='word_1_451' title='bbox 2505 2104 2825 2173; x_wconf 76' lang='grc' dir='ltr'>ἐπιστάται,</span> <span class='ocrx_word' id='word_1_452' title='bbox 2849 2108 2901 2163; x_wconf 88' lang='lat' dir='ltr'><strong>id</strong></span> <span class='ocrx_word' id='word_1_453' title='bbox 2930 2112 3242 2177; x_wconf 83' lang='lat' dir='ltr'><strong>est,astites</strong></span> <span class='ocrx_word' id='word_1_454' title='bbox 3270 2117 3560 2172; x_wconf 78' lang='lat' dir='ltr'><strong>nominan-</strong></span> 
     </span>
    </p>
   </div>
   <div class='ocr_carea' id='block_1_65' title="bbox 1982 2194 3560 2269">
    <p class='ocr_par' dir='ltr' id='par_1_65' title="bbox 1982 2194 3560 2269">
     <span class='ocr_line' id='line_1_65' title="bbox 1982 2194 3560 2269; baseline 0.012 -20"><span class='ocrx_word' id='word_1_455' title='bbox 1982 2199 2093 2259; x_wconf 85' lang='lat' dir='ltr'><strong>tur,</strong></span> <span class='ocrx_word' id='word_1_456' title='bbox 2123 2194 2215 2263; x_wconf 86' lang='lat' dir='ltr'><strong>qui</strong></span> <span class='ocrx_word' id='word_1_457' title='bbox 2248 2196 2353 2251; x_wconf 82' lang='lat' dir='ltr'><strong>sub</strong></span> <span class='ocrx_word' id='word_1_458' title='bbox 2370 2197 2561 2253; x_wconf 87' lang='lat' dir='ltr'><strong>decani</strong></span> <span class='ocrx_word' id='word_1_459' title='bbox 2588 2208 2883 2269; x_wconf 81' lang='lat' dir='ltr'><strong>protestate</strong></span> <span class='ocrx_word' id='word_1_460' title='bbox 2902 2212 3048 2261; x_wconf 89' lang='lat' dir='ltr'><strong>sunt.</strong></span> <span class='ocrx_word' id='word_1_461' title='bbox 3083 2206 3147 2261; x_wconf 86' lang='lat' dir='ltr'><strong>Ili</strong></span> <span class='ocrx_word' id='word_1_462' title='bbox 3181 2211 3428 2267; x_wconf 80' lang='lat' dir='ltr'><strong>conversi</strong></span> <span class='ocrx_word' id='word_1_463' title='bbox 3450 2220 3560 2268; x_wconf 86' lang='lat' dir='ltr'><strong>tam</strong></span> 
     </span>
    </p>
   </div>
   <div class='ocr_carea' id='block_1_66' title="bbox 1984 2285 3562 2370">
    <p class='ocr_par' dir='ltr' id='par_1_66' title="bbox 1984 2285 3562 2370">
     <span class='ocr_line' id='line_1_66' title="bbox 1984 2285 3562 2370; baseline 0.016 -33"><span class='ocrx_word' id='word_1_464' title='bbox 1984 2298 2148 2357; x_wconf 81' lang='lat' dir='ltr'><strong>prope</strong></span> <span class='ocrx_word' id='word_1_465' title='bbox 2175 2285 2242 2341; x_wconf 89' lang='lat' dir='ltr'><strong>ad</strong></span> <span class='ocrx_word' id='word_1_466' title='bbox 2275 2302 2335 2342; x_wconf 90' lang='lat' dir='ltr'><strong>se</strong></span> <span class='ocrx_word' id='word_1_467' title='bbox 2360 2299 2548 2345; x_wconf 89' lang='lat' dir='ltr'><strong>mutuo</strong></span> <span class='ocrx_word' id='word_1_468' title='bbox 2576 2290 2855 2359; x_wconf 86' lang='lat' dir='ltr'><strong>accedant,</strong></span> <span class='ocrx_word' id='word_1_469' title='bbox 2877 2302 2939 2349; x_wconf 92' lang='lat' dir='ltr'><strong>ut</strong></span> <span class='ocrx_word' id='word_1_470' title='bbox 2961 2297 3123 2365; x_wconf 86' lang='lat' dir='ltr'><strong>paulo</strong></span> <span class='ocrx_word' id='word_1_471' title='bbox 3146 2301 3378 2370; x_wconf 77' lang='lat' dir='ltr'><strong>amplius</strong></span> <span class='ocrx_word' id='word_1_472' title='bbox 3395 2305 3562 2361; x_wconf 65' lang='lat' dir='ltr'><strong>vestio</strong></span> 
     </span>
    </p>
   </div>
   <div class='ocr_carea' id='block_1_67' title="bbox 1980 2376 3562 2460">
    <p class='ocr_par' dir='ltr' id='par_1_67' title="bbox 1980 2376 3562 2460">
     <span class='ocr_line' id='line_1_67' title="bbox 1980 2376 3562 2460; baseline 0.015 -31"><span class='ocrx_word' id='word_1_473' title='bbox 1980 2376 2054 2445; x_wconf 75' lang='lat' dir='ltr'><strong>gii</strong></span> <span class='ocrx_word' id='word_1_474' title='bbox 2092 2378 2695 2449; x_wconf 80' lang='lat' dir='ltr'><strong>intervallodistcnt,ne</strong></span> <span class='ocrx_word' id='word_1_475' title='bbox 2726 2383 2977 2457; x_wconf 89' lang='lat' dir='ltr'><strong>utrinque</strong></span> <span class='ocrx_word' id='word_1_476' title='bbox 3010 2389 3269 2460; x_wconf 75' lang='lat' dir='ltr'><strong>conjecta:</strong></span> <span class='ocrx_word' id='word_1_477' title='bbox 3296 2394 3366 2449; x_wconf 86' lang='lat' dir='ltr'><strong>ab</strong></span> <span class='ocrx_word' id='word_1_478' title='bbox 3386 2396 3562 2452; x_wconf 85' lang='lat' dir='ltr'><strong>hosti-</strong></span> 
     </span>
    </p>
   </div>
   <div class='ocr_carea' id='block_1_68' title="bbox 1982 2469 3556 2552">
    <p class='ocr_par' dir='ltr' id='par_1_68' title="bbox 1982 2469 3556 2552">
     <span class='ocr_line' id='line_1_68' title="bbox 1982 2469 3556 2552; baseline 0.014 -28"><span class='ocrx_word' id='word_1_479' title='bbox 1982 2469 2083 2526; x_wconf 86' lang='lat' dir='ltr'><strong>bus</strong></span> <span class='ocrx_word' id='word_1_480' title='bbox 2124 2472 2352 2539; x_wconf 77' lang='lat' dir='ltr'><strong>sagittae,</strong></span> <span class='ocrx_word' id='word_1_481' title='bbox 2376 2482 2523 2545; x_wconf 81' lang='lat' dir='ltr'><strong>terga</strong></span> <span class='ocrx_word' id='word_1_482' title='bbox 2541 2476 2795 2547; x_wconf 87' lang='lat' dir='ltr'><strong>utrinque</strong></span> <span class='ocrx_word' id='word_1_483' title='bbox 2817 2481 3174 2548; x_wconf 82' lang='lat' dir='ltr'><strong>spectantium</strong></span> <span class='ocrx_word' id='word_1_484' title='bbox 3210 2483 3424 2552; x_wconf 65' lang='lat' dir='ltr'><strong>laedant,</strong></span> <span class='ocrx_word' id='word_1_485' title='bbox 3462 2490 3556 2546; x_wconf 86' lang='lat' dir='ltr'><strong>sed</strong></span> 
     </span>
    </p>
   </div>
   <div class='ocr_carea' id='block_1_69' title="bbox 1979 2566 3560 2651">
    <p class='ocr_par' dir='ltr' id='par_1_69' title="bbox 1979 2566 3560 2651">
     <span class='ocr_line' id='line_1_69' title="bbox 1979 2566 3560 2651; baseline 0.013 -35"><span class='ocrx_word' id='word_1_486' title='bbox 1979 2576 2318 2633; x_wconf 84' lang='lat' dir='ltr'><strong>oppportuno</strong></span> <span class='ocrx_word' id='word_1_487' title='bbox 2335 2566 2518 2637; x_wconf 87' lang='lat' dir='ltr'><strong>aliquo</strong></span> <span class='ocrx_word' id='word_1_488' title='bbox 2533 2569 2585 2623; x_wconf 90' lang='lat' dir='ltr'><strong>in</strong></span> <span class='ocrx_word' id='word_1_489' title='bbox 2603 2568 2721 2626; x_wconf 89' lang='lat' dir='ltr'><strong>loco</strong></span> <span class='ocrx_word' id='word_1_490' title='bbox 2743 2572 2959 2626; x_wconf 85' lang='lat' dir='ltr'><strong>cadant.</strong></span> <span class='ocrx_word' id='word_1_491' title='bbox 2978 2571 3179 2630; x_wconf 84' lang='lat' dir='ltr'><strong>Deinde</strong></span> <span class='ocrx_word' id='word_1_492' title='bbox 3201 2577 3277 2633; x_wconf 86' lang='lat' dir='ltr'><strong>sic</strong></span> <span class='ocrx_word' id='word_1_493' title='bbox 3298 2579 3406 2633; x_wconf 87' lang='lat' dir='ltr'><strong>illis</strong></span> <span class='ocrx_word' id='word_1_494' title='bbox 3421 2596 3560 2651; x_wconf 73' lang='lat' dir='ltr'><strong>pra:-</strong></span> 
     </span>
    </p>
   </div>
   <div class='ocr_carea' id='block_1_70' title="bbox 1979 2657 3559 2739">
    <p class='ocr_par' dir='ltr' id='par_1_70' title="bbox 1979 2657 3559 2739">
     <span class='ocr_line' id='line_1_70' title="bbox 1979 2657 3559 2739; baseline 0.015 -30"><span class='ocrx_word' id='word_1_495' title='bbox 1979 2657 2168 2725; x_wconf 84' lang='lat' dir='ltr'><strong>cipito,</strong></span> <span class='ocrx_word' id='word_1_496' title='bbox 2188 2658 2608 2731; x_wconf 65' lang='grc' dir='ltr'>Ύποστρέψατε,</span> <span class='ocrx_word' id='word_1_497' title='bbox 2624 2660 2974 2720; x_wconf 79' lang='lat' dir='ltr'><strong>Revertimini</strong></span> <span class='ocrx_word' id='word_1_498' title='bbox 2995 2676 3083 2722; x_wconf 86' lang='lat' dir='ltr'><strong>:et</strong></span> <span class='ocrx_word' id='word_1_499' title='bbox 3108 2677 3406 2739; x_wconf 83' lang='lat' dir='ltr'><strong>rursum,si</strong></span> <span class='ocrx_word' id='word_1_500' title='bbox 3427 2691 3559 2733; x_wconf 73' lang='lat' dir='ltr'><strong>usus</strong></span> 
     </span>
    </p>
   </div>
   <div class='ocr_carea' id='block_1_71' title="bbox 1979 2748 3552 2826">
    <p class='ocr_par' dir='ltr' id='par_1_71' title="bbox 1979 2748 3552 2826">
     <span class='ocr_line' id='line_1_71' title="bbox 1979 2748 3552 2826; baseline 0.013 -24"><span class='ocrx_word' id='word_1_501' title='bbox 1979 2748 2162 2813; x_wconf 75' lang='lat' dir='ltr'><strong>fuerit,</strong></span> <span class='ocrx_word' id='word_1_502' title='bbox 2180 2753 2427 2809; x_wconf 84' lang='lat' dir='ltr'><strong>conversi</strong></span> <span class='ocrx_word' id='word_1_503' title='bbox 2444 2754 2512 2809; x_wconf 88' lang='lat' dir='ltr'><strong>ad</strong></span> <span class='ocrx_word' id='word_1_504' title='bbox 2542 2755 2827 2826; x_wconf 86' lang='lat' dir='ltr'><strong>pristinam</strong></span> <span class='ocrx_word' id='word_1_505' title='bbox 2868 2759 3003 2814; x_wconf 85' lang='lat' dir='ltr'><strong>aciei</strong></span> <span class='ocrx_word' id='word_1_506' title='bbox 3038 2760 3266 2817; x_wconf 77' lang='lat' dir='ltr'><strong>formam</strong></span> <span class='ocrx_word' id='word_1_507' title='bbox 3312 2766 3552 2823; x_wconf 86' lang='lat' dir='ltr'><strong>redeant.</strong></span> 
     </span>
    </p>
   </div>
   <div class='ocr_carea' id='block_1_72' title="bbox 2053 2838 3556 2929">
    <p class='ocr_par' dir='ltr' id='par_1_72' title="bbox 2053 2838 3556 2929">
     <span class='ocr_line' id='line_1_72' title="bbox 2053 2838 3556 2929; baseline 0.015 -37"><span class='ocrx_word' id='word_1_508' title='bbox 2053 2838 2139 2895; x_wconf 83' lang='lat'><strong>77.</strong></span> <span class='ocrx_word' id='word_1_509' title='bbox 2177 2839 2260 2909; x_wconf 88' lang='lat' dir='ltr'><strong>Si,</strong></span> <span class='ocrx_word' id='word_1_510' title='bbox 2292 2845 2753 2913; x_wconf 84' lang='lat' dir='ltr'><strong>quemadmodum</strong></span> <span class='ocrx_word' id='word_1_511' title='bbox 2814 2865 2915 2905; x_wconf 89' lang='lat' dir='ltr'><strong>usu</strong></span> <span class='ocrx_word' id='word_1_512' title='bbox 2994 2854 3183 2909; x_wconf 87' lang='lat' dir='ltr'><strong>venire</strong></span> <span class='ocrx_word' id='word_1_513' title='bbox 3232 2856 3556 2929; x_wconf 84' lang='lat' dir='ltr'><strong>plerumque</strong></span> 
     </span>
    </p>
   </div>
   <div class='ocr_carea' id='block_1_73' title="bbox 1978 2934 3555 3022">
    <p class='ocr_par' dir='ltr' id='par_1_73' title="bbox 1978 2934 3555 3022">
     <span class='ocr_line' id='line_1_73' title="bbox 1978 2934 3555 3022; baseline 0.016 -37"><span class='ocrx_word' id='word_1_514' title='bbox 1978 2942 2179 3001; x_wconf 87' lang='lat' dir='ltr'><strong>potest,</strong></span> <span class='ocrx_word' id='word_1_515' title='bbox 2212 2934 2448 3007; x_wconf 83' lang='lat' dir='ltr'><strong>majores</strong></span> <span class='ocrx_word' id='word_1_516' title='bbox 2483 2937 2720 2995; x_wconf 82' lang='lat' dir='ltr'><strong>hostium</strong></span> <span class='ocrx_word' id='word_1_517' title='bbox 2752 2944 2922 3022; x_wconf 68' lang='lat' dir='ltr'><strong>copiae</strong></span> <span class='ocrx_word' id='word_1_518' title='bbox 2951 2960 2981 2998; x_wconf 92' lang='lat' dir='ltr'><strong>a</strong></span> <span class='ocrx_word' id='word_1_519' title='bbox 3016 2956 3185 3017; x_wconf 79' lang='lat' dir='ltr'><strong>tergo,</strong></span> <span class='ocrx_word' id='word_1_520' title='bbox 3212 2947 3263 3003; x_wconf 88' lang='lat' dir='ltr'><strong>id</strong></span> <span class='ocrx_word' id='word_1_521' title='bbox 3297 2960 3399 3018; x_wconf 87' lang='lat' dir='ltr'><strong>est,</strong></span> <span class='ocrx_word' id='word_1_522' title='bbox 3434 2963 3555 3022; x_wconf 89' lang='lat' dir='ltr'><strong>post</strong></span> 
     </span>
    </p>
   </div>
   <div class='ocr_carea' id='block_1_74' title="bbox 1979 3018 3552 3110">
    <p class='ocr_par' dir='ltr' id='par_1_74' title="bbox 1979 3018 3552 3110">
     <span class='ocr_line' id='line_1_74' title="bbox 1979 3018 3552 3110; baseline 0.014 -30"><span class='ocrx_word' id='word_1_523' title='bbox 1979 3025 2302 3083; x_wconf 75' lang='lat' dir='ltr'><strong>instructam</strong></span> <span class='ocrx_word' id='word_1_524' title='bbox 2347 3030 2519 3087; x_wconf 86' lang='lat' dir='ltr'><strong>aciem</strong></span> <span class='ocrx_word' id='word_1_525' title='bbox 2553 3018 2807 3090; x_wconf 53' lang='lat' dir='ltr'><strong>curribu&#39;s</strong></span> <span class='ocrx_word' id='word_1_526' title='bbox 2851 3051 2958 3091; x_wconf 92' lang='lat' dir='ltr'><strong>non</strong></span> <span class='ocrx_word' id='word_1_527' title='bbox 3007 3043 3552 3110; x_wconf 84' lang='lat' dir='ltr'><strong>sequentibus-inva-</strong></span> 
     </span>
    </p>
   </div>
   <div class='ocr_carea' id='block_1_75' title="bbox 1978 3116 3550 3206">
    <p class='ocr_par' dir='ltr' id='par_1_75' title="bbox 1978 3116 3550 3206">
     <span class='ocr_line' id='line_1_75' title="bbox 1978 3116 3550 3206; baseline 0.015 -35"><span class='ocrx_word' id='word_1_528' title='bbox 1978 3116 2131 3185; x_wconf 88' lang='lat' dir='ltr'><strong>dant,</strong></span> <span class='ocrx_word' id='word_1_529' title='bbox 2182 3128 2298 3175; x_wconf 86' lang='lat' dir='ltr'><strong>tum</strong></span> <span class='ocrx_word' id='word_1_530' title='bbox 2343 3125 2567 3180; x_wconf 86' lang='lat' dir='ltr'><strong>secundi</strong></span> <span class='ocrx_word' id='word_1_531' title='bbox 2616 3127 2731 3181; x_wconf 85' lang='lat' dir='ltr'><strong>sive</strong></span> <span class='ocrx_word' id='word_1_532' title='bbox 2769 3126 3036 3197; x_wconf 78' lang='lat' dir='ltr'><strong>epistatae,</strong></span> <span class='ocrx_word' id='word_1_533' title='bbox 3091 3132 3145 3186; x_wconf 91' lang='lat' dir='ltr'><strong>id</strong></span> <span class='ocrx_word' id='word_1_534' title='bbox 3198 3143 3301 3199; x_wconf 87' lang='lat' dir='ltr'><strong>est,</strong></span> <span class='ocrx_word' id='word_1_535' title='bbox 3336 3139 3550 3206; x_wconf 87' lang='lat' dir='ltr'><strong>astiles,</strong></span> 
     </span>
    </p>
   </div>
   <div class='ocr_carea' id='block_1_76' title="bbox 1979 3210 3547 3299">
    <p class='ocr_par' dir='ltr' id='par_1_76' title="bbox 1979 3210 3547 3299">
     <span class='ocr_line' id='line_1_76' title="bbox 1979 3210 3547 3299; baseline 0.015 -36"><span class='ocrx_word' id='word_1_536' title='bbox 1979 3210 2307 3279; x_wconf 81' lang='lat' dir='ltr'><strong>consistant,</strong></span> <span class='ocrx_word' id='word_1_537' title='bbox 2332 3224 2385 3269; x_wconf 90' lang='lat' dir='ltr'><strong>et</strong></span> <span class='ocrx_word' id='word_1_538' title='bbox 2415 3216 2575 3286; x_wconf 88' lang='lat' dir='ltr'><strong>primi</strong></span> <span class='ocrx_word' id='word_1_539' title='bbox 2604 3219 2719 3273; x_wconf 90' lang='lat' dir='ltr'><strong>sive</strong></span> <span class='ocrx_word' id='word_1_540' title='bbox 2744 3220 3036 3289; x_wconf 67' lang='lat' dir='ltr'><strong>przestites,</strong></span> <span class='ocrx_word' id='word_1_541' title='bbox 3061 3224 3154 3293; x_wconf 85' lang='lat' dir='ltr'><strong>qui</strong></span> <span class='ocrx_word' id='word_1_542' title='bbox 3210 3226 3424 3299; x_wconf 80' lang='lat' dir='ltr'><strong>lochagi</strong></span> <span class='ocrx_word' id='word_1_543' title='bbox 3454 3216 3547 3288; x_wconf 84' lang='lat' dir='ltr'><strong>no-</strong></span> 
     </span>
    </p>
   </div>
   <div class='ocr_carea' id='block_1_77' title="bbox 1982 3299 2811 3366">
    <p class='ocr_par' dir='ltr' id='par_1_77' title="bbox 1982 3299 2811 3366">
     <span class='ocr_line' id='line_1_77' title="bbox 1982 3299 2811 3366; baseline 0.011 -14"><span class='ocrx_word' id='word_1_544' title='bbox 1982 3299 2286 3366; x_wconf 81' lang='lat' dir='ltr'><strong>minantur,</strong></span> <span class='ocrx_word' id='word_1_545' title='bbox 2316 3313 2505 3359; x_wconf 87' lang='lat' dir='ltr'><strong>contra</strong></span> <span class='ocrx_word' id='word_1_546' title='bbox 2535 3321 2631 3361; x_wconf 90' lang='lat' dir='ltr'><strong>eos</strong></span> <span class='ocrx_word' id='word_1_547' title='bbox 2664 3316 2811 3361; x_wconf 88' lang='lat' dir='ltr'><strong>eant.</strong></span> 
     </span>
    </p>
   </div>
   <div class='ocr_carea' id='block_1_78' title="bbox 2054 3388 3551 3477">
    <p class='ocr_par' dir='ltr' id='par_1_78' title="bbox 2054 3388 3551 3477">
     <span class='ocr_line' id='line_1_78' title="bbox 2054 3388 3551 3477; baseline 0.013 -33"><span class='ocrx_word' id='word_1_548' title='bbox 2054 3388 2141 3447; x_wconf 85' lang='lat'><strong>78.</strong></span> <span class='ocrx_word' id='word_1_549' title='bbox 2177 3392 2565 3466; x_wconf 80' lang='lat' dir='ltr'><strong>Diphalangiae,</strong></span> <span class='ocrx_word' id='word_1_550' title='bbox 2602 3399 2654 3454; x_wconf 91' lang='lat' dir='ltr'><strong>id</strong></span> <span class='ocrx_word' id='word_1_551' title='bbox 2679 3414 2782 3467; x_wconf 82' lang='lat' dir='ltr'><strong>est,</strong></span> <span class='ocrx_word' id='word_1_552' title='bbox 2807 3401 3094 3471; x_wconf 74' lang='lat' dir='ltr'><strong>duplicata:</strong></span> <span class='ocrx_word' id='word_1_553' title='bbox 3130 3407 3264 3461; x_wconf 89' lang='lat' dir='ltr'><strong>aciei</strong></span> <span class='ocrx_word' id='word_1_554' title='bbox 3289 3424 3421 3463; x_wconf 87' lang='lat' dir='ltr'><strong>usus</strong></span> <span class='ocrx_word' id='word_1_555' title='bbox 3442 3420 3551 3477; x_wconf 84' lang='lat' dir='ltr'><strong>est,</strong></span> 
     </span>
    </p>
   </div>
   <div class='ocr_carea' id='block_1_79' title="bbox 1978 3483 3545 3565">
    <p class='ocr_par' dir='ltr' id='par_1_79' title="bbox 1978 3483 3545 3565">
     <span class='ocr_line' id='line_1_79' title="bbox 1978 3483 3545 3565; baseline 0.011 -32"><span class='ocrx_word' id='word_1_556' title='bbox 1978 3483 2196 3547; x_wconf 83' lang='lat' dir='ltr'><strong>quando</strong></span> <span class='ocrx_word' id='word_1_557' title='bbox 2226 3501 2420 3541; x_wconf 85' lang='lat' dir='ltr'><strong>currus</strong></span> <span class='ocrx_word' id='word_1_558' title='bbox 2465 3504 2571 3543; x_wconf 90' lang='lat' dir='ltr'><strong>non</strong></span> <span class='ocrx_word' id='word_1_559' title='bbox 2626 3502 2954 3561; x_wconf 88' lang='lat' dir='ltr'><strong>sequuntur,</strong></span> <span class='ocrx_word' id='word_1_560' title='bbox 2988 3494 3074 3547; x_wconf 86' lang='lat' dir='ltr'><strong>vel</strong></span> <span class='ocrx_word' id='word_1_561' title='bbox 3127 3495 3170 3549; x_wconf 90' lang='lat' dir='ltr'><strong>si</strong></span> <span class='ocrx_word' id='word_1_562' title='bbox 3228 3513 3545 3565; x_wconf 81' lang='lat' dir='ltr'><strong>sequamur,</strong></span> 
     </span>
    </p>
   </div>
   <div class='ocr_carea' id='block_1_80' title="bbox 1978 3570 3549 3649">
    <p class='ocr_par' dir='ltr' id='par_1_80' title="bbox 1978 3570 3549 3649">
     <span class='ocr_line' id='line_1_80' title="bbox 1978 3570 3549 3649; baseline 0.013 -26"><span class='ocrx_word' id='word_1_563' title='bbox 1978 3572 2047 3624; x_wconf 84' lang='lat' dir='ltr'><strong>ab</strong></span> <span class='ocrx_word' id='word_1_564' title='bbox 2076 3570 2325 3630; x_wconf 84' lang='lat' dir='ltr'><strong>hostibus</strong></span> <span class='ocrx_word' id='word_1_565' title='bbox 2362 3586 2540 3632; x_wconf 86' lang='lat' dir='ltr'><strong>tamen</strong></span> <span class='ocrx_word' id='word_1_566' title='bbox 2578 3581 2927 3649; x_wconf 82' lang='lat' dir='ltr'><strong>populantur.</strong></span> <span class='ocrx_word' id='word_1_567' title='bbox 2967 3582 3077 3638; x_wconf 84' lang='lat' dir='ltr'><strong>Hos</strong></span> <span class='ocrx_word' id='word_1_568' title='bbox 3110 3594 3293 3641; x_wconf 83' lang='lat' dir='ltr'><strong>autem</strong></span> <span class='ocrx_word' id='word_1_569' title='bbox 3324 3592 3549 3645; x_wconf 81' lang='lat' dir='ltr'><strong>omnino</strong></span> 
     </span>
    </p>
   </div>
   <div class='ocr_carea' id='block_1_81' title="bbox 1975 3668 3548 3748">
    <p class='ocr_par' dir='ltr' id='par_1_81' title="bbox 1975 3668 3548 3748">
     <span class='ocr_line' id='line_1_81' title="bbox 1975 3668 3548 3748; baseline 0.015 -32"><span class='ocrx_word' id='word_1_570' title='bbox 1975 3675 2186 3736; x_wconf 86' lang='lat' dir='ltr'><strong>oportet</strong></span> <span class='ocrx_word' id='word_1_571' title='bbox 2210 3668 2512 3735; x_wconf 79' lang='lat' dir='ltr'><strong>pedestrem</strong></span> <span class='ocrx_word' id='word_1_572' title='bbox 2545 3673 2715 3728; x_wconf 87' lang='lat' dir='ltr'><strong>aciem</strong></span> <span class='ocrx_word' id='word_1_573' title='bbox 2744 3674 3064 3731; x_wconf 87' lang='lat' dir='ltr'><strong>instructam</strong></span> <span class='ocrx_word' id='word_1_574' title='bbox 3091 3680 3265 3748; x_wconf 88' lang='lat' dir='ltr'><strong>sequi,</strong></span> <span class='ocrx_word' id='word_1_575' title='bbox 3285 3680 3386 3737; x_wconf 88' lang='lat' dir='ltr'><strong>nisi</strong></span> <span class='ocrx_word' id='word_1_576' title='bbox 3412 3682 3548 3740; x_wconf 81' lang='lat' dir='ltr'><strong>forte</strong></span> 
     </span>
    </p>
   </div>
   <div class='ocr_carea' id='block_1_82' title="bbox 1974 3758 3543 3839">
    <p class='ocr_par' dir='ltr' id='par_1_82' title="bbox 1974 3758 3543 3839">
     <span class='ocr_line' id='line_1_82' title="bbox 1974 3758 3543 3839; baseline 0.013 -30"><span class='ocrx_word' id='word_1_577' title='bbox 1974 3758 2246 3825; x_wconf 81' lang='lat' dir='ltr'><strong>equestris</strong></span> <span class='ocrx_word' id='word_1_578' title='bbox 2270 3762 2541 3818; x_wconf 78' lang='lat' dir='ltr'><strong>exercitus</strong></span> <span class='ocrx_word' id='word_1_579' title='bbox 2580 3775 2807 3834; x_wconf 82' lang='lat' dir='ltr'><strong>cogatur</strong></span> <span class='ocrx_word' id='word_1_580' title='bbox 2829 3769 3053 3837; x_wconf 85' lang='lat' dir='ltr'><strong>pedibus</strong></span> <span class='ocrx_word' id='word_1_581' title='bbox 3089 3772 3187 3834; x_wconf 86' lang='lat' dir='ltr'><strong>ire,</strong></span> <span class='ocrx_word' id='word_1_582' title='bbox 3218 3773 3380 3839; x_wconf 80' lang='lat' dir='ltr'><strong>idque</strong></span> <span class='ocrx_word' id='word_1_583' title='bbox 3407 3784 3543 3830; x_wconf 84' lang='lat' dir='ltr'><strong>tem-</strong></span> 
     </span>
    </p>
   </div>
   <div class='ocr_carea' id='block_1_83' title="bbox 1973 3850 3545 3940">
    <p class='ocr_par' dir='ltr' id='par_1_83' title="bbox 1973 3850 3545 3940">
     <span class='ocr_line' id='line_1_83' title="bbox 1973 3850 3545 3940; baseline 0.013 -39"><span class='ocrx_word' id='word_1_584' title='bbox 1973 3850 2123 3916; x_wconf 86' lang='lat' dir='ltr'><strong>poris</strong></span> <span class='ocrx_word' id='word_1_585' title='bbox 2155 3852 2235 3906; x_wconf 84' lang='lat' dir='ltr'><strong>vel</strong></span> <span class='ocrx_word' id='word_1_586' title='bbox 2264 3854 2539 3925; x_wconf 76' lang='lat' dir='ltr'><strong>curribus,</strong></span> <span class='ocrx_word' id='word_1_587' title='bbox 2572 3859 2653 3914; x_wconf 86' lang='lat' dir='ltr'><strong>vel</strong></span> <span class='ocrx_word' id='word_1_588' title='bbox 2679 3860 2779 3913; x_wconf 88' lang='lat' dir='ltr'><strong>alia</strong></span> <span class='ocrx_word' id='word_1_589' title='bbox 2809 3864 3063 3933; x_wconf 85' lang='lat' dir='ltr'><strong>quapiam</strong></span> <span class='ocrx_word' id='word_1_590' title='bbox 3092 3868 3316 3921; x_wconf 82' lang='lat' dir='ltr'><strong>materia</strong></span> <span class='ocrx_word' id='word_1_591' title='bbox 3348 3886 3375 3921; x_wconf 77' lang='grc' dir='ltr'><strong>ιι</strong></span> <span class='ocrx_word' id='word_1_592' title='bbox 3397 3879 3545 3940; x_wconf 64' lang='grc' dir='ltr'>ιρι-δυ</span> 
     </span>
    </p>
   </div>
   <div class='ocr_carea' id='block_1_84' title="bbox 1970 3950 2113 4011">
    <p class='ocr_par' dir='ltr' id='par_1_84' title="bbox 1970 3950 2113 4011">
     <span class='ocr_line' id='line_1_84' title="bbox 1970 3950 2113 4011; baseline 0.014 -16"><span class='ocrx_word' id='word_1_593' title='bbox 1970 3950 2113 4011; x_wconf 78' lang='lat' dir='ltr'><strong>eget.</strong></span> 
     </span>
    </p>
   </div>
   <div class='ocr_carea' id='block_1_85' title="bbox 2043 4036 3541 4126">
    <p class='ocr_par' dir='ltr' id='par_1_85' title="bbox 2043 4036 3541 4126">
     <span class='ocr_line' id='line_1_85' title="bbox 2043 4036 3541 4126; baseline 0.021 -39"><span class='ocrx_word' id='word_1_594' title='bbox 2043 4036 2133 4088; x_wconf 86' lang='lat'><strong>79.</strong></span> <span class='ocrx_word' id='word_1_595' title='bbox 2164 4036 2223 4091; x_wconf 85' lang='lat' dir='ltr'><strong>in</strong></span> <span class='ocrx_word' id='word_1_596' title='bbox 2280 4039 2528 4097; x_wconf 84' lang='lat' dir='ltr'><strong>dextram</strong></span> <span class='ocrx_word' id='word_1_597' title='bbox 2577 4053 2631 4098; x_wconf 84' lang='lat' dir='ltr'><strong>ct</strong></span> <span class='ocrx_word' id='word_1_598' title='bbox 2688 4047 2872 4103; x_wconf 74' lang='lat' dir='ltr'><strong>heram</strong></span> <span class='ocrx_word' id='word_1_599' title='bbox 2936 4062 3140 4121; x_wconf 86' lang='lat' dir='ltr'><strong>partem</strong></span> <span class='ocrx_word' id='word_1_600' title='bbox 3190 4057 3541 4126; x_wconf 80' lang='lat' dir='ltr'><strong>inclinantur,</strong></span> 
     </span>
    </p>
   </div>
   <div class='ocr_carea' id='block_1_86' title="bbox 1971 4128 3543 4218">
    <p class='ocr_par' dir='ltr' id='par_1_86' title="bbox 1971 4128 3543 4218">
     <span class='ocr_line' id='line_1_86' title="bbox 1971 4128 3543 4218; baseline 0.02 -38"><span class='ocrx_word' id='word_1_601' title='bbox 1971 4128 2264 4197; x_wconf 88' lang='lat' dir='ltr'><strong>quandoin</strong></span> <span class='ocrx_word' id='word_1_602' title='bbox 2298 4132 2524 4189; x_wconf 87' lang='lat' dir='ltr'><strong>alteram</strong></span> <span class='ocrx_word' id='word_1_603' title='bbox 2559 4149 2763 4203; x_wconf 80' lang='lat' dir='ltr'><strong>partem</strong></span> <span class='ocrx_word' id='word_1_604' title='bbox 2799 4142 2944 4198; x_wconf 88' lang='lat' dir='ltr'><strong>acies</strong></span> <span class='ocrx_word' id='word_1_605' title='bbox 2987 4146 3319 4218; x_wconf 80' lang='lat' dir='ltr'><strong>obliquatur,</strong></span> <span class='ocrx_word' id='word_1_606' title='bbox 3351 4157 3430 4209; x_wconf 87' lang='lat' dir='ltr'><strong>vel</strong></span> <span class='ocrx_word' id='word_1_607' title='bbox 3484 4169 3543 4211; x_wconf 87' lang='lat' dir='ltr'><strong>ut</strong></span> 
     </span>
    </p>
   </div>
   <div class='ocr_carea' id='block_1_87' title="bbox 1968 4220 3542 4308">
    <p class='ocr_par' dir='ltr' id='par_1_87' title="bbox 1968 4220 3542 4308">
     <span class='ocr_line' id='line_1_87' title="bbox 1968 4220 3542 4308; baseline 0.02 -36"><span class='ocrx_word' id='word_1_608' title='bbox 1968 4220 2307 4290; x_wconf 89' lang='lat' dir='ltr'><strong>producatur</strong></span> <span class='ocrx_word' id='word_1_609' title='bbox 2329 4226 2496 4287; x_wconf 87' lang='lat' dir='ltr'><strong>acies.</strong></span> <span class='ocrx_word' id='word_1_610' title='bbox 2519 4237 2575 4284; x_wconf 89' lang='lat' dir='ltr'><strong>et</strong></span> <span class='ocrx_word' id='word_1_611' title='bbox 2607 4230 2999 4290; x_wconf 81' lang='lat' dir='ltr'><strong>circumreniat</strong></span> <span class='ocrx_word' id='word_1_612' title='bbox 3025 4239 3231 4308; x_wconf 81' lang='lat' dir='ltr'><strong>hostes,</strong></span> <span class='ocrx_word' id='word_1_613' title='bbox 3270 4245 3349 4299; x_wconf 79' lang='lat' dir='ltr'><strong>vel</strong></span> <span class='ocrx_word' id='word_1_614' title='bbox 3379 4257 3437 4303; x_wconf 92' lang='lat' dir='ltr'><strong>ut</strong></span> <span class='ocrx_word' id='word_1_615' title='bbox 3476 4266 3542 4305; x_wconf 84' lang='lat' dir='ltr'><strong>ne</strong></span> 
     </span>
    </p>
   </div>
   <div class='ocr_carea' id='block_1_88' title="bbox 1970 4314 3541 4406">
    <p class='ocr_par' dir='ltr' id='par_1_88' title="bbox 1970 4314 3541 4406">
     <span class='ocr_line' id='line_1_88' title="bbox 1970 4314 3541 4406; baseline 0.019 -39"><span class='ocrx_word' id='word_1_616' title='bbox 1970 4314 2440 4373; x_wconf 85' lang='lat' dir='ltr'><strong>circumveniatur</strong></span> <span class='ocrx_word' id='word_1_617' title='bbox 2470 4320 2539 4375; x_wconf 89' lang='lat' dir='ltr'><strong>ab</strong></span> <span class='ocrx_word' id='word_1_618' title='bbox 2573 4322 2698 4391; x_wconf 87' lang='lat' dir='ltr'><strong>illis,</strong></span> <span class='ocrx_word' id='word_1_619' title='bbox 2741 4326 2821 4379; x_wconf 86' lang='lat' dir='ltr'><strong>vel</strong></span> <span class='ocrx_word' id='word_1_620' title='bbox 2865 4339 3087 4399; x_wconf 83' lang='lat' dir='ltr'><strong>propter</strong></span> <span class='ocrx_word' id='word_1_621' title='bbox 3129 4334 3234 4390; x_wconf 80' lang='lat' dir='ltr'><strong>loci</strong></span> <span class='ocrx_word' id='word_1_622' title='bbox 3275 4351 3541 4406; x_wconf 80' lang='lat' dir='ltr'><strong>opportu-</strong></span> 
     </span>
    </p>
   </div>
   <div class='ocr_carea' id='block_1_89' title="bbox 1970 4409 3541 4492">
    <p class='ocr_par' dir='ltr' id='par_1_89' title="bbox 1970 4409 3541 4492">
     <span class='ocr_line' id='line_1_89' title="bbox 1970 4409 3541 4492; baseline 0.018 -32"><span class='ocrx_word' id='word_1_623' title='bbox 1970 4409 2227 4475; x_wconf 85' lang='lat' dir='ltr'><strong>nitatem,</strong></span> <span class='ocrx_word' id='word_1_624' title='bbox 2253 4412 2335 4466; x_wconf 82' lang='lat' dir='ltr'><strong>vel</strong></span> <span class='ocrx_word' id='word_1_625' title='bbox 2360 4425 2583 4485; x_wconf 89' lang='lat' dir='ltr'><strong>propter</strong></span> <span class='ocrx_word' id='word_1_626' title='bbox 2604 4417 2709 4472; x_wconf 84' lang='lat' dir='ltr'><strong>loci</strong></span> <span class='ocrx_word' id='word_1_627' title='bbox 2739 4422 2953 4492; x_wconf 75' lang='lat' dir='ltr'><strong>angusti</strong></span> <span class='ocrx_word' id='word_1_628' title='bbox 2988 4426 3297 4483; x_wconf 79' lang='lat' dir='ltr'><strong>transitura.</strong></span> <span class='ocrx_word' id='word_1_629' title='bbox 3331 4430 3389 4485; x_wconf 86' lang='lat' dir='ltr'><strong>Si</strong></span> <span class='ocrx_word' id='word_1_630' title='bbox 3410 4434 3541 4488; x_wconf 59' lang='lat' dir='ltr'><strong>dex»</strong></span> 
     </span>
    </p>
   </div>
   <div class='ocr_carea' id='block_1_90' title="bbox 1967 4506 3536 4592">
    <p class='ocr_par' dir='ltr' id='par_1_90' title="bbox 1967 4506 3536 4592">
     <span class='ocr_line' id='line_1_90' title="bbox 1967 4506 3536 4592; baseline 0.017 -38"><span class='ocrx_word' id='word_1_631' title='bbox 1967 4512 2205 4557; x_wconf 86' lang='lat' dir='ltr'><strong>trorsum</strong></span> <span class='ocrx_word' id='word_1_632' title='bbox 2241 4506 2595 4565; x_wconf 86' lang='lat' dir='ltr'><strong>traducturus</strong></span> <span class='ocrx_word' id='word_1_633' title='bbox 2639 4515 2806 4567; x_wconf 85' lang='lat' dir='ltr'><strong>aciem</strong></span> <span class='ocrx_word' id='word_1_634' title='bbox 2835 4530 2915 4581; x_wconf 87' lang='lat' dir='ltr'><strong>es,</strong></span> <span class='ocrx_word' id='word_1_635' title='bbox 2959 4518 3190 4589; x_wconf 61' lang='lat' dir='ltr'><strong>pra-cipe</strong></span> <span class='ocrx_word' id='word_1_636' title='bbox 3243 4522 3309 4576; x_wconf 86' lang='lat' dir='ltr'><strong>iis</strong></span> <span class='ocrx_word' id='word_1_637' title='bbox 3336 4527 3536 4592; x_wconf 86' lang='lat' dir='ltr'><strong>verbis,</strong></span> 
     </span>
    </p>
   </div>
   <div class='ocr_carea' id='block_1_91' title="bbox 299 4589 1876 4676">
    <p class='ocr_par' dir='ltr' id='par_1_91' title="bbox 299 4589 1860 4673">
     <span class='ocr_line' id='line_1_91' title="bbox 299 4589 1860 4673; baseline 0.002 -22"><span class='ocrx_word' id='word_1_638' title='bbox 299 4598 484 4652; x_wconf 87' lang='grc' dir='ltr'>τόπου.</span> <span class='ocrx_word' id='word_1_639' title='bbox 518 4599 626 4651; x_wconf 79' lang='grc' dir='ltr'><strong>Καὶ</strong></span> <span class='ocrx_word' id='word_1_640' title='bbox 676 4589 726 4651; x_wconf 75' lang='grc' dir='ltr'><strong>εί</strong></span> <span class='ocrx_word' id='word_1_641' title='bbox 778 4598 877 4669; x_wconf 79' lang='grc' dir='ltr'>μὲν</span> <span class='ocrx_word' id='word_1_642' title='bbox 934 4598 1084 4663; x_wconf 72' lang='grc' dir='ltr'>δεξιὰ</span> <span class='ocrx_word' id='word_1_643' title='bbox 1114 4598 1244 4673; x_wconf 79' lang='grc' dir='ltr'>θέλῃ</span> <span class='ocrx_word' id='word_1_644' title='bbox 1298 4604 1642 4670; x_wconf 82' lang='grc' dir='ltr'>παραγαγεῖν</span> <span class='ocrx_word' id='word_1_645' title='bbox 1671 4602 1860 4672; x_wconf 77' lang='grc' dir='ltr'>αὐτὴν,</span> 
     </span>
    </p>
   </div>
   <div class='ocr_carea' id='block_1_92' title="bbox 1976 4589 3539 4676">
    <p class='ocr_par' dir='ltr' id='par_1_92' title="bbox 1976 4589 3539 4676">
     <span class='ocr_line' id='line_1_92' title="bbox 1976 4589 3539 4676; baseline 0.017 -27"><span class='ocrx_word' id='word_1_646' title='bbox 1976 4596 2047 4650; x_wconf 79' lang='lat' dir='ltr'><strong>Ad</strong></span> <span class='ocrx_word' id='word_1_647' title='bbox 2078 4598 2287 4652; x_wconf 83' lang='lat' dir='ltr'><strong>hastam</strong></span> <span class='ocrx_word' id='word_1_648' title='bbox 2308 4599 2541 4668; x_wconf 85' lang='lat' dir='ltr'><strong>declina,</strong></span> <span class='ocrx_word' id='word_1_649' title='bbox 2559 4619 2733 4675; x_wconf 85' lang='lat' dir='ltr'><strong>eoque</strong></span> <span class='ocrx_word' id='word_1_650' title='bbox 2756 4624 2815 4663; x_wconf 84' lang='lat' dir='ltr'><strong>se</strong></span> <span class='ocrx_word' id='word_1_651' title='bbox 2838 4612 3030 4665; x_wconf 85' lang='lat' dir='ltr'><strong>armati</strong></span> <span class='ocrx_word' id='word_1_652' title='bbox 3053 4612 3276 4670; x_wconf 84' lang='lat' dir='ltr'><strong>ﬂectant</strong></span> <span class='ocrx_word' id='word_1_653' title='bbox 3302 4636 3315 4671; x_wconf 91' lang='lat'><strong>:</strong></span> <span class='ocrx_word' id='word_1_654' title='bbox 3346 4589 3539 4676; x_wconf 79' lang='lat' dir='ltr'><strong>deinde</strong></span> 
     </span>
    </p>
   </div>
   <div class='ocr_carea' id='block_1_93' title="bbox 301 4688 1863 4765">
    <p class='ocr_par' dir='ltr' id='par_1_93' title="bbox 301 4688 1863 4765">
     <span class='ocr_line' id='line_1_93' title="bbox 301 4688 1863 4765; baseline 0.003 -23"><span class='ocrx_word' id='word_1_655' title='bbox 301 4688 665 4760; x_wconf 81' lang='grc' dir='ltr'>παραγγέλλει</span> <span class='ocrx_word' id='word_1_656' title='bbox 687 4703 701 4717; x_wconf 82' lang='lat'><strong>&#39;</strong></span> <span class='ocrx_word' id='word_1_657' title='bbox 747 4689 870 4742; x_wconf 72' lang='grc' dir='ltr'><strong>Ἐπὶ</strong></span> <span class='ocrx_word' id='word_1_658' title='bbox 904 4690 1155 4761; x_wconf 84' lang='grc' dir='ltr'>κοντάριν</span> <span class='ocrx_word' id='word_1_659' title='bbox 1178 4691 1374 4747; x_wconf 87' lang='grc' dir='ltr'>κλῖνον.</span> <span class='ocrx_word' id='word_1_660' title='bbox 1402 4693 1512 4745; x_wconf 76' lang='grc' dir='ltr'><strong>Καὶ</strong></span> <span class='ocrx_word' id='word_1_661' title='bbox 1539 4694 1863 4765; x_wconf 78' lang='grc' dir='ltr'>στρέφονται</span> 
     </span>
    </p>
   </div>
   <div class='ocr_carea' id='block_1_94' title="bbox 299 4779 1863 4855">
    <p class='ocr_par' dir='ltr' id='par_1_94' title="bbox 299 4779 1863 4855">
     <span class='ocr_line' id='line_1_94' title="bbox 299 4779 1863 4855; baseline -0.006 -17"><span class='ocrx_word' id='word_1_662' title='bbox 299 4784 492 4846; x_wconf 85' lang='grc' dir='ltr'>πάντες</span> <span class='ocrx_word' id='word_1_663' title='bbox 513 4783 563 4835; x_wconf 77' lang='grc' dir='ltr'>οἱ</span> <span class='ocrx_word' id='word_1_664' title='bbox 586 4781 801 4836; x_wconf 83' lang='grc' dir='ltr'>ὁπλῖται</span> <span class='ocrx_word' id='word_1_665' title='bbox 831 4782 1057 4836; x_wconf 73' lang='grc' dir='ltr'>ἐκεῖθεν.</span> <span class='ocrx_word' id='word_1_666' title='bbox 1098 4779 1233 4842; x_wconf 77' lang='grc' dir='ltr'>Εἶτα</span> <span class='ocrx_word' id='word_1_667' title='bbox 1265 4785 1658 4855; x_wconf 66' lang='grc' dir='ltr'>παραγγέλλευ</span> <span class='ocrx_word' id='word_1_668' title='bbox 1704 4786 1863 4840; x_wconf 79' lang='grc' dir='ltr'>Ὑπό.</span> 
     </span>
    </p>
   </div>
   <div class='ocr_carea' id='block_1_95' title="bbox 299 4875 1858 4954">
    <p class='ocr_par' dir='ltr' id='par_1_95' title="bbox 299 4875 1858 4954">
     <span class='ocr_line' id='line_1_95' title="bbox 299 4875 1858 4954; baseline 0.001 -24"><span class='ocrx_word' id='word_1_669' title='bbox 299 4875 549 4947; x_wconf 82' lang='grc' dir='ltr'>στρεψον,</span> <span class='ocrx_word' id='word_1_670' title='bbox 582 4876 673 4929; x_wconf 77' lang='grc' dir='ltr'>καὶ</span> <span class='ocrx_word' id='word_1_671' title='bbox 706 4875 1187 4932; x_wconf 84' lang='grc' dir='ltr'>ἀποκαθίστανται.</span> <span class='ocrx_word' id='word_1_672' title='bbox 1220 4877 1282 4930; x_wconf 77' lang='lat' dir='ltr'><strong>Ei</strong></span> <span class='ocrx_word' id='word_1_673' title='bbox 1332 4878 1389 4932; x_wconf 84' lang='grc' dir='ltr'>δὲ</span> <span class='ocrx_word' id='word_1_674' title='bbox 1437 4880 1700 4951; x_wconf 80' lang='grc' dir='ltr'>ἀριστερὰ</span> <span class='ocrx_word' id='word_1_675' title='bbox 1734 4880 1858 4954; x_wconf 74' lang='grc' dir='ltr'>θέλῃ</span> 
     </span>
    </p>
   </div>
   <div class='ocr_carea' id='block_1_96' title="bbox 297 4967 1861 5043">
    <p class='ocr_par' dir='ltr' id='par_1_96' title="bbox 297 4967 1861 5043">
     <span class='ocr_line' id='line_1_96' title="bbox 297 4967 1861 5043; baseline 0.004 -21"><span class='ocrx_word' id='word_1_676' title='bbox 297 4968 494 5034; x_wconf 67' lang='grc' dir='ltr'>κλῖναι,</span> <span class='ocrx_word' id='word_1_677' title='bbox 525 4967 897 5043; x_wconf 83' lang='grc' dir='ltr'>παραγγέλλει</span> <span class='ocrx_word' id='word_1_678' title='bbox 918 4987 931 5001; x_wconf 73' lang='grc' dir='ltr'><strong>ο</strong></span> <span class='ocrx_word' id='word_1_679' title='bbox 971 4970 1096 5025; x_wconf 70' lang='grc' dir='ltr'><strong>Ἐπὶ</strong></span> <span class='ocrx_word' id='word_1_680' title='bbox 1118 4969 1371 5043; x_wconf 87' lang='grc' dir='ltr'>κοντάριν</span> <span class='ocrx_word' id='word_1_681' title='bbox 1399 4970 1583 5037; x_wconf 83' lang='grc' dir='ltr'>κλίνας</span> <span class='ocrx_word' id='word_1_682' title='bbox 1618 4971 1861 5043; x_wconf 83' lang='grc' dir='ltr'>κίνησον,</span> 
     </span>
    </p>
   </div>
   <div class='ocr_carea' id='block_1_97' title="bbox 294 5061 1289 5132">
    <p class='ocr_par' dir='ltr' id='par_1_97' title="bbox 294 5061 1289 5132">
     <span class='ocr_line' id='line_1_97' title="bbox 294 5061 1289 5132; baseline 0.002 -17"><span class='ocrx_word' id='word_1_683' title='bbox 294 5063 386 5124; x_wconf 71' lang='grc' dir='ltr'><strong>καὶ</strong></span> <span class='ocrx_word' id='word_1_684' title='bbox 416 5061 484 5115; x_wconf 78' lang='grc' dir='ltr'>τὰ</span> <span class='ocrx_word' id='word_1_685' title='bbox 515 5062 650 5116; x_wconf 82' lang='grc' dir='ltr'>άλλα</span> <span class='ocrx_word' id='word_1_686' title='bbox 679 5063 881 5132; x_wconf 85' lang='grc' dir='ltr'>ὁμοίως</span> <span class='ocrx_word' id='word_1_687' title='bbox 908 5063 1289 5130; x_wconf 74' lang='grc' dir='ltr'>φυλάττονται.</span> 
     </span>
    </p>
   </div>
   <div class='ocr_carea' id='block_1_98' title="bbox 361 5152 1858 5228">
    <p class='ocr_par' dir='ltr' id='par_1_98' title="bbox 361 5152 1858 5228">
     <span class='ocr_line' id='line_1_98' title="bbox 361 5152 1858 5228; baseline 0.021 -37"><span class='ocrx_word' id='word_1_688' title='bbox 361 5152 436 5210; x_wconf 67' lang='grc' dir='ltr'>π’,</span> <span class='ocrx_word' id='word_1_689' title='bbox 483 5154 849 5225; x_wconf 76' lang='grc' dir='ltr'>Ἀμφίστομος</span> <span class='ocrx_word' id='word_1_690' title='bbox 868 5154 925 5209; x_wconf 75' lang='grc' dir='ltr'>δὲ</span> <span class='ocrx_word' id='word_1_691' title='bbox 954 5155 1189 5225; x_wconf 83' lang='grc' dir='ltr'>κίνησις,</span> <span class='ocrx_word' id='word_1_692' title='bbox 1218 5158 1346 5209; x_wconf 81' lang='grc' dir='ltr'>ὅταν</span> <span class='ocrx_word' id='word_1_693' title='bbox 1369 5155 1478 5209; x_wconf 83' lang='grc' dir='ltr'><strong>τῶν</strong></span> <span class='ocrx_word' id='word_1_694' title='bbox 1511 5155 1747 5228; x_wconf 74' lang='grc' dir='ltr'>ἐχθρῶν,</span> <span class='ocrx_word' id='word_1_695' title='bbox 1780 5157 1858 5222; x_wconf 80' lang='grc' dir='ltr'><strong>ὡς</strong></span> 
     </span>
    </p>
   </div>
   <div class='ocr_carea' id='block_1_99' title="bbox 298 5246 1859 5322">
    <p class='ocr_par' dir='ltr' id='par_1_99' title="bbox 298 5246 1859 5322">
     <span class='ocr_line' id='line_1_99' title="bbox 298 5246 1859 5322; baseline 0.001 -21"><span class='ocrx_word' id='word_1_696' title='bbox 298 5246 460 5314; x_wconf 68' lang='grc' dir='ltr'>εἰκὸς,</span> <span class='ocrx_word' id='word_1_697' title='bbox 492 5247 649 5317; x_wconf 71' lang='grc' dir='ltr'>ἄῷνω</span> <span class='ocrx_word' id='word_1_698' title='bbox 680 5247 1021 5317; x_wconf 86' lang='grc' dir='ltr'>γυρευόντων</span> <span class='ocrx_word' id='word_1_699' title='bbox 1059 5248 1369 5319; x_wconf 78' lang='grc' dir='ltr'>ἔμπροσθεν</span> <span class='ocrx_word' id='word_1_700' title='bbox 1412 5249 1504 5301; x_wconf 72' lang='grc' dir='ltr'><strong>καὶ</strong></span> <span class='ocrx_word' id='word_1_701' title='bbox 1532 5249 1756 5303; x_wconf 76' lang='grc' dir='ltr'>ὄπισθεν</span> <span class='ocrx_word' id='word_1_702' title='bbox 1783 5252 1859 5322; x_wconf 76' lang='grc' dir='ltr'>μὴ</span> 
     </span>
    </p>
   </div>
   <div class='ocr_carea' id='block_1_100' title="bbox 298 5336 1857 5414">
    <p class='ocr_par' dir='ltr' id='par_1_100' title="bbox 298 5336 1857 5414">
     <span class='ocr_line' id='line_1_100' title="bbox 298 5336 1857 5414; baseline 0.001 -21"><span class='ocrx_word' id='word_1_703' title='bbox 298 5340 470 5414; x_wconf 78' lang='grc' dir='ltr'>φθάσῃ</span> <span class='ocrx_word' id='word_1_704' title='bbox 503 5340 637 5410; x_wconf 75' lang='grc' dir='ltr'>πρὸς</span> <span class='ocrx_word' id='word_1_705' title='bbox 684 5340 1048 5408; x_wconf 83' lang='grc' dir='ltr'>διφαλαγγίαν</span> <span class='ocrx_word' id='word_1_706' title='bbox 1100 5340 1422 5411; x_wconf 81' lang='grc' dir='ltr'>μερισθῆναι</span> <span class='ocrx_word' id='word_1_707' title='bbox 1463 5342 1498 5413; x_wconf 74' lang='grc' dir='ltr'><strong>ἡ</strong></span> <span class='ocrx_word' id='word_1_708' title='bbox 1532 5336 1857 5412; x_wconf 82' lang='grc' dir='ltr'>παράταξις,</span> 
     </span>
    </p>
   </div>
   <div class='ocr_carea' id='block_1_101' title="bbox 297 5433 1854 5505">
    <p class='ocr_par' dir='ltr' id='par_1_101' title="bbox 297 5433 1854 5505">
     <span class='ocr_line' id='line_1_101' title="bbox 297 5433 1854 5505; baseline 0.001 -15"><span class='ocrx_word' id='word_1_709' title='bbox 297 5435 382 5491; x_wconf 73' lang='grc' dir='ltr'>καὶ</span> <span class='ocrx_word' id='word_1_710' title='bbox 413 5433 797 5505; x_wconf 70' lang='grc' dir='ltr'>παραγγέλλεν</span> <span class='ocrx_word' id='word_1_711' title='bbox 845 5433 965 5487; x_wconf 87' lang='grc' dir='ltr'><strong>Τῶν</strong></span> <span class='ocrx_word' id='word_1_712' title='bbox 1000 5433 1173 5488; x_wconf 82' lang='grc' dir='ltr'>ἀκιῶν</span> <span class='ocrx_word' id='word_1_713' title='bbox 1217 5435 1317 5505; x_wconf 77' lang='grc' dir='ltr'>τὴν</span> <span class='ocrx_word' id='word_1_714' title='bbox 1360 5433 1512 5500; x_wconf 84' lang='grc' dir='ltr'>τάξιν</span> <span class='ocrx_word' id='word_1_715' title='bbox 1560 5433 1854 5503; x_wconf 78' lang='grc' dir='ltr'>φυλάξατε.</span> 
     </span>
    </p>
   </div>
   <div class='ocr_carea' id='block_1_102' title="bbox 296 5525 1856 5597">
    <p class='ocr_par' dir='ltr' id='par_1_102' title="bbox 296 5525 1856 5597">
     <span class='ocr_line' id='line_1_102' title="bbox 296 5525 1856 5597; baseline 0 -17"><span class='ocrx_word' id='word_1_716' title='bbox 296 5527 398 5581; x_wconf 71' lang='grc' dir='ltr'><strong>Καὶ</strong></span> <span class='ocrx_word' id='word_1_717' title='bbox 442 5526 493 5579; x_wconf 85' lang='grc' dir='ltr'>οἱ</span> <span class='ocrx_word' id='word_1_718' title='bbox 559 5525 775 5597; x_wconf 76' lang='grc' dir='ltr'>ἡμίσεις</span> <span class='ocrx_word' id='word_1_719' title='bbox 815 5526 957 5580; x_wconf 74' lang='grc' dir='ltr'>κατὰ</span> <span class='ocrx_word' id='word_1_720' title='bbox 999 5525 1107 5580; x_wconf 85' lang='grc' dir='ltr'><strong>τῶν</strong></span> <span class='ocrx_word' id='word_1_721' title='bbox 1172 5525 1478 5597; x_wconf 80' lang='grc' dir='ltr'>ἔμπροσθεν</span> <span class='ocrx_word' id='word_1_722' title='bbox 1546 5526 1856 5597; x_wconf 73' lang='grc' dir='ltr'>ἐρχομένων</span> 
     </span>
    </p>
   </div>
   <div class='ocr_carea' id='block_1_103' title="bbox 300 5597 1856 5691">
    <p class='ocr_par' dir='ltr' id='par_1_103' title="bbox 300 5597 1856 5691">
     <span class='ocr_line' id='line_1_103' title="bbox 300 5597 1856 5691; baseline 0.001 -17"><span class='ocrx_word' id='word_1_723' title='bbox 300 5597 570 5691; x_wconf 77' lang='grc' dir='ltr'>ἱστάμενοι</span> <span class='ocrx_word' id='word_1_724' title='bbox 598 5618 950 5691; x_wconf 78' lang='grc' dir='ltr'>ἁρμόζονται,</span> <span class='ocrx_word' id='word_1_725' title='bbox 999 5621 1050 5674; x_wconf 83' lang='grc' dir='ltr'>οἱ</span> <span class='ocrx_word' id='word_1_726' title='bbox 1092 5620 1147 5673; x_wconf 78' lang='grc' dir='ltr'>δὲ</span> <span class='ocrx_word' id='word_1_727' title='bbox 1182 5621 1399 5691; x_wconf 79' lang='grc' dir='ltr'>ἡμίσεις</span> <span class='ocrx_word' id='word_1_728' title='bbox 1427 5619 1519 5672; x_wconf 71' lang='grc' dir='ltr'><strong>ἐπὶ</strong></span> <span class='ocrx_word' id='word_1_729' title='bbox 1569 5620 1660 5673; x_wconf 84' lang='grc' dir='ltr'>τὸν</span> <span class='ocrx_word' id='word_1_730' title='bbox 1688 5620 1856 5675; x_wconf 85' lang='grc' dir='ltr'>νῶτον</span> 
     </span>
    </p>
   </div>
   <div class='ocr_carea' id='block_1_104' title="bbox 297 5711 1851 5786">
    <p class='ocr_par' dir='ltr' id='par_1_104' title="bbox 297 5711 1851 5786">
     <span class='ocr_line' id='line_1_104' title="bbox 297 5711 1851 5786; baseline 0.001 -19"><span class='ocrx_word' id='word_1_731' title='bbox 297 5712 789 5784; x_wconf 79' lang='grc' dir='ltr'>ἀντιστρεφόμενοι.</span> <span class='ocrx_word' id='word_1_732' title='bbox 819 5714 881 5767; x_wconf 79' lang='lat' dir='ltr'><strong>Ol</strong></span> <span class='ocrx_word' id='word_1_733' title='bbox 908 5714 962 5767; x_wconf 74' lang='grc' dir='ltr'>δὲ</span> <span class='ocrx_word' id='word_1_734' title='bbox 998 5716 1057 5766; x_wconf 85' lang='grc' dir='ltr'>ἐν</span> <span class='ocrx_word' id='word_1_735' title='bbox 1084 5714 1161 5785; x_wconf 76' lang='grc' dir='ltr'>τῷ</span> <span class='ocrx_word' id='word_1_736' title='bbox 1188 5712 1337 5786; x_wconf 78' lang='grc' dir='ltr'>μέσῳ</span> <span class='ocrx_word' id='word_1_737' title='bbox 1362 5711 1592 5779; x_wconf 80' lang='grc' dir='ltr'>ἑστῶτες</span> <span class='ocrx_word' id='word_1_738' title='bbox 1624 5714 1720 5777; x_wconf 73' lang='grc' dir='ltr'>τὰς</span> <span class='ocrx_word' id='word_1_739' title='bbox 1758 5730 1851 5769; x_wconf 84' lang='grc' dir='ltr'>κε-</span> 
     </span>
    </p>
   </div>
   <div class='ocr_carea' id='block_1_105' title="bbox 297 5803 1744 5877">
    <p class='ocr_par' dir='ltr' id='par_1_105' title="bbox 297 5803 1744 5877">
     <span class='ocr_line' id='line_1_105' title="bbox 297 5803 1744 5877; baseline 0 -20"><span class='ocrx_word' id='word_1_740' title='bbox 297 5803 461 5877; x_wconf 75' lang='grc' dir='ltr'>φαλάς</span> <span class='ocrx_word' id='word_1_741' title='bbox 483 5805 660 5857; x_wconf 65' lang='grc' dir='ltr'>αὐτῶν</span> <span class='ocrx_word' id='word_1_742' title='bbox 691 5804 821 5869; x_wconf 78' lang='grc' dir='ltr'>ἴσως</span> <span class='ocrx_word' id='word_1_743' title='bbox 854 5806 1115 5860; x_wconf 81' lang='grc' dir='ltr'>σκέπουσι</span> <span class='ocrx_word' id='word_1_744' title='bbox 1138 5806 1228 5860; x_wconf 74' lang='grc' dir='ltr'><strong>διὰ</strong></span> <span class='ocrx_word' id='word_1_745' title='bbox 1254 5805 1363 5858; x_wconf 85' lang='grc' dir='ltr'><strong>τῶν</strong></span> <span class='ocrx_word' id='word_1_746' title='bbox 1387 5803 1744 5876; x_wconf 81' lang='grc' dir='ltr'>σκουταρίων.</span> 
     </span>
    </p>
   </div>
   <div class='ocr_carea' id='block_1_106' title="bbox 359 5892 1849 5970">
    <p class='ocr_par' dir='ltr' id='par_1_106' title="bbox 359 5892 1849 5970">
     <span class='ocr_line' id='line_1_106' title="bbox 359 5892 1849 5970; baseline 0.001 -20"><span class='ocrx_word' id='word_1_747' title='bbox 359 5892 472 5951; x_wconf 84' lang='grc' dir='ltr'>πα’.</span> <span class='ocrx_word' id='word_1_748' title='bbox 530 5896 923 5953; x_wconf 72' lang='grc' dir='ltr'>Μετατίθενται</span> <span class='ocrx_word' id='word_1_749' title='bbox 957 5898 1105 5965; x_wconf 75' lang='grc' dir='ltr'>δεξιᾶ</span> <span class='ocrx_word' id='word_1_750' title='bbox 1157 5901 1259 5963; x_wconf 55' lang='grc' dir='ltr'>καὶ,</span> <span class='ocrx_word' id='word_1_751' title='bbox 1307 5897 1592 5969; x_wconf 79' lang='grc' dir='ltr'>ἀριστερά,</span> <span class='ocrx_word' id='word_1_752' title='bbox 1642 5897 1767 5952; x_wconf 80' lang='grc' dir='ltr'>ὅταν</span> <span class='ocrx_word' id='word_1_753' title='bbox 1816 5897 1849 5970; x_wconf 70' lang='grc' dir='ltr'><strong>ἦ</strong></span> 
     </span>
    </p>
   </div>
   <div class='ocr_carea' id='block_1_107' title="bbox 1968 4691 3536 4781">
    <p class='ocr_par' dir='ltr' id='par_1_107' title="bbox 1968 4691 3536 4781">
     <span class='ocr_line' id='line_1_107' title="bbox 1968 4691 3536 4781; baseline 0.017 -41"><span class='ocrx_word' id='word_1_754' title='bbox 1968 4692 2220 4761; x_wconf 64' lang='grc' dir='ltr'>ριέιιςίρθ,</span> <span class='ocrx_word' id='word_1_755' title='bbox 2239 4691 2613 4766; x_wconf 73' lang='grc' dir='ltr'>Ἐπίστρεψον,</span> <span class='ocrx_word' id='word_1_756' title='bbox 2648 4697 2698 4752; x_wconf 89' lang='lat' dir='ltr'><strong>id</strong></span> <span class='ocrx_word' id='word_1_757' title='bbox 2725 4709 2831 4764; x_wconf 83' lang='lat' dir='ltr'><strong>est,</strong></span> <span class='ocrx_word' id='word_1_758' title='bbox 2862 4702 3130 4759; x_wconf 86' lang='lat' dir='ltr'><strong>Converte</strong></span> <span class='ocrx_word' id='word_1_759' title='bbox 3152 4716 3226 4773; x_wconf 91' lang='lat' dir='ltr'><strong>te,</strong></span> <span class='ocrx_word' id='word_1_760' title='bbox 3252 4717 3306 4764; x_wconf 90' lang='lat' dir='ltr'><strong>et</strong></span> <span class='ocrx_word' id='word_1_761' title='bbox 3335 4711 3399 4764; x_wconf 89' lang='lat' dir='ltr'><strong>ad</strong></span> <span class='ocrx_word' id='word_1_762' title='bbox 3426 4713 3536 4781; x_wconf 91' lang='lat' dir='ltr'><strong>pri-</strong></span> 
     </span>
    </p>
   </div>
   <div class='ocr_carea' id='block_1_108' title="bbox 1964 4783 3529 4858">
    <p class='ocr_par' dir='ltr' id='par_1_108' title="bbox 1964 4783 3529 4858">
     <span class='ocr_line' id='line_1_108' title="bbox 1964 4783 3529 4858; baseline 0.012 -22"><span class='ocrx_word' id='word_1_763' title='bbox 1964 4784 2165 4837; x_wconf 85' lang='lat' dir='ltr'><strong>stinam</strong></span> <span class='ocrx_word' id='word_1_764' title='bbox 2200 4783 2435 4853; x_wconf 66' lang='lat' dir='ltr'><strong>formam</strong></span> <span class='ocrx_word' id='word_1_765' title='bbox 2465 4788 2739 4846; x_wconf 80' lang='lat' dir='ltr'><strong>redibunt.</strong></span> <span class='ocrx_word' id='word_1_766' title='bbox 2786 4792 2879 4847; x_wconf 85' lang='lat' dir='ltr'><strong>Sin</strong></span> <span class='ocrx_word' id='word_1_767' title='bbox 2906 4811 3002 4852; x_wconf 89' lang='lat' dir='ltr'><strong>eos</strong></span> <span class='ocrx_word' id='word_1_768' title='bbox 3033 4798 3098 4852; x_wconf 90' lang='lat' dir='ltr'><strong>ad</strong></span> <span class='ocrx_word' id='word_1_769' title='bbox 3145 4798 3335 4855; x_wconf 69' lang='lat' dir='ltr'><strong>laevam</strong></span> <span class='ocrx_word' id='word_1_770' title='bbox 3360 4804 3529 4858; x_wconf 87' lang='lat' dir='ltr'><strong>decli-</strong></span> 
     </span>
    </p>
   </div>
   <div class='ocr_carea' id='block_1_109' title="bbox 1963 4878 3533 4969">
    <p class='ocr_par' dir='ltr' id='par_1_109' title="bbox 1963 4878 3533 4969">
     <span class='ocr_line' id='line_1_109' title="bbox 1963 4878 3533 4969; baseline 0.013 -38"><span class='ocrx_word' id='word_1_771' title='bbox 1963 4892 2093 4932; x_wconf 90' lang='lat' dir='ltr'><strong>nare</strong></span> <span class='ocrx_word' id='word_1_772' title='bbox 2118 4878 2375 4943; x_wconf 85' lang='lat' dir='ltr'><strong>volueris,</strong></span> <span class='ocrx_word' id='word_1_773' title='bbox 2407 4883 2795 4953; x_wconf 67' lang='lat' dir='ltr'><strong>praecipe,&#39;E-rrl</strong></span> <span class='ocrx_word' id='word_1_774' title='bbox 2842 4890 3122 4961; x_wconf 78' lang='grc' dir='ltr'>κοντάριον</span> <span class='ocrx_word' id='word_1_775' title='bbox 3177 4892 3361 4958; x_wconf 84' lang='grc' dir='ltr'>κλίνας</span> <span class='ocrx_word' id='word_1_776' title='bbox 3385 4897 3533 4969; x_wconf 80' lang='grc' dir='ltr'>κίνη-</span> 
     </span>
    </p>
   </div>
   <div class='ocr_carea' id='block_1_110' title="bbox 1965 4972 3532 5061">
    <p class='ocr_par' dir='ltr' id='par_1_110' title="bbox 1965 4972 3532 5061">
     <span class='ocr_line' id='line_1_110' title="bbox 1965 4972 3532 5061; baseline 0.015 -38"><span class='ocrx_word' id='word_1_777' title='bbox 1965 4987 2078 5035; x_wconf 86' lang='grc' dir='ltr'>σον,</span> <span class='ocrx_word' id='word_1_778' title='bbox 2103 4972 2182 5026; x_wconf 82' lang='lat' dir='ltr'><strong>Ad</strong></span> <span class='ocrx_word' id='word_1_779' title='bbox 2222 4972 2434 5028; x_wconf 86' lang='lat' dir='ltr'><strong>hastam</strong></span> <span class='ocrx_word' id='word_1_780' title='bbox 2455 4975 2731 5033; x_wconf 83' lang='lat' dir='ltr'><strong>declinans</strong></span> <span class='ocrx_word' id='word_1_781' title='bbox 2758 4989 2809 5033; x_wconf 89' lang='lat' dir='ltr'><strong>te</strong></span> <span class='ocrx_word' id='word_1_782' title='bbox 2846 4997 3001 5037; x_wconf 87' lang='lat' dir='ltr'><strong>move</strong></span> <span class='ocrx_word' id='word_1_783' title='bbox 3027 4997 3041 5037; x_wconf 90' lang='lat'><strong>:</strong></span> <span class='ocrx_word' id='word_1_784' title='bbox 3081 4992 3246 5056; x_wconf 88' lang='lat' dir='ltr'><strong>atque</strong></span> <span class='ocrx_word' id='word_1_785' title='bbox 3269 4986 3383 5045; x_wconf 60' lang='lat' dir='ltr'><strong>hac</strong></span> <span class='ocrx_word' id='word_1_786' title='bbox 3407 5005 3532 5061; x_wconf 84' lang='lat' dir='ltr'><strong>per-</strong></span> 
     </span>
    </p>
   </div>
   <div class='ocr_carea' id='block_1_111' title="bbox 1961 5062 2938 5143">
    <p class='ocr_par' dir='ltr' id='par_1_111' title="bbox 1961 5062 2938 5143">
     <span class='ocr_line' id='line_1_111' title="bbox 1961 5062 2938 5143; baseline 0.009 -29"><span class='ocrx_word' id='word_1_787' title='bbox 1961 5062 2088 5116; x_wconf 85' lang='lat' dir='ltr'><strong>inde</strong></span> <span class='ocrx_word' id='word_1_788' title='bbox 2121 5076 2186 5117; x_wconf 82' lang='lat' dir='ltr'><strong>ac</strong></span> <span class='ocrx_word' id='word_1_789' title='bbox 2214 5065 2494 5133; x_wconf 84' lang='lat' dir='ltr'><strong>superiora</strong></span> <span class='ocrx_word' id='word_1_790' title='bbox 2518 5066 2734 5125; x_wconf 80' lang='lat' dir='ltr'><strong>faciant.</strong></span> <span class='ocrx_word' id='word_1_791' title='bbox 2935 5135 2938 5143; x_wconf 31' lang='grc' dir='ltr'>ι</span> 
     </span>
    </p>
   </div>
   <div class='ocr_carea' id='block_1_112' title="bbox 2029 5153 3532 5241">
    <p class='ocr_par' dir='ltr' id='par_1_112' title="bbox 2029 5153 3532 5241">
     <span class='ocr_line' id='line_1_112' title="bbox 2029 5153 3532 5241; baseline 0.014 -35"><span class='ocrx_word' id='word_1_792' title='bbox 2029 5153 2119 5207; x_wconf 85' lang='grc'><strong>80.</strong></span> <span class='ocrx_word' id='word_1_793' title='bbox 2158 5153 2550 5227; x_wconf 71' lang='grc' dir='ltr'>Ἃμφίστομος,</span> <span class='ocrx_word' id='word_1_794' title='bbox 2569 5159 2618 5214; x_wconf 91' lang='lat' dir='ltr'><strong>id</strong></span> <span class='ocrx_word' id='word_1_795' title='bbox 2646 5169 2751 5228; x_wconf 90' lang='lat' dir='ltr'><strong>est,</strong></span> <span class='ocrx_word' id='word_1_796' title='bbox 2776 5176 3169 5236; x_wconf 83' lang='lat' dir='ltr'><strong>ancepsmotus</strong></span> <span class='ocrx_word' id='word_1_797' title='bbox 3186 5178 3290 5236; x_wconf 89' lang='lat' dir='ltr'><strong>cst,</strong></span> <span class='ocrx_word' id='word_1_798' title='bbox 3313 5172 3532 5241; x_wconf 87' lang='lat' dir='ltr'><strong>quando</strong></span> 
     </span>
    </p>
   </div>
   <div class='ocr_carea' id='block_1_113' title="bbox 1960 5247 3527 5327">
    <p class='ocr_par' dir='ltr' id='par_1_113' title="bbox 1960 5247 3527 5327">
     <span class='ocr_line' id='line_1_113' title="bbox 1960 5247 3527 5327; baseline 0.011 -27"><span class='ocrx_word' id='word_1_799' title='bbox 1960 5247 2195 5304; x_wconf 86' lang='lat' dir='ltr'><strong>inimicis</strong></span> <span class='ocrx_word' id='word_1_800' title='bbox 2221 5250 2402 5305; x_wconf 77' lang='lat' dir='ltr'><strong>subito</strong></span> <span class='ocrx_word' id='word_1_801' title='bbox 2429 5262 2551 5306; x_wconf 85' lang='lat' dir='ltr'><strong>ante</strong></span> <span class='ocrx_word' id='word_1_802' title='bbox 2583 5264 2634 5310; x_wconf 89' lang='lat' dir='ltr'><strong>et</strong></span> <span class='ocrx_word' id='word_1_803' title='bbox 2656 5269 2686 5308; x_wconf 87' lang='lat' dir='ltr'><strong>a</strong></span> <span class='ocrx_word' id='word_1_804' title='bbox 2718 5263 2867 5327; x_wconf 79' lang='lat' dir='ltr'><strong>tergo</strong></span> <span class='ocrx_word' id='word_1_805' title='bbox 2906 5258 3285 5316; x_wconf 87' lang='lat' dir='ltr'><strong>invadentihus</strong></span> <span class='ocrx_word' id='word_1_806' title='bbox 3308 5301 3324 5327; x_wconf 90' lang='lat'><strong>,</strong></span> <span class='ocrx_word' id='word_1_807' title='bbox 3344 5279 3447 5317; x_wconf 88' lang='lat' dir='ltr'><strong>non</strong></span> <span class='ocrx_word' id='word_1_808' title='bbox 3474 5264 3527 5318; x_wconf 91' lang='lat' dir='ltr'><strong>in</strong></span> 
     </span>
    </p>
   </div>
   <div class='ocr_carea' id='block_1_114' title="bbox 1957 5336 3529 5422">
    <p class='ocr_par' dir='ltr' id='par_1_114' title="bbox 1957 5336 3529 5422">
     <span class='ocr_line' id='line_1_114' title="bbox 1957 5336 3529 5422; baseline 0.011 -30"><span class='ocrx_word' id='word_1_809' title='bbox 1957 5336 2383 5411; x_wconf 78' lang='lat' dir='ltr'><strong>diphalangiam,</strong></span> <span class='ocrx_word' id='word_1_810' title='bbox 2424 5342 2475 5398; x_wconf 90' lang='lat' dir='ltr'><strong>id</strong></span> <span class='ocrx_word' id='word_1_811' title='bbox 2504 5358 2609 5411; x_wconf 88' lang='lat' dir='ltr'><strong>est,</strong></span> <span class='ocrx_word' id='word_1_812' title='bbox 2635 5345 2967 5416; x_wconf 83' lang='lat' dir='ltr'><strong>duplicatatn</strong></span> <span class='ocrx_word' id='word_1_813' title='bbox 3022 5351 3199 5405; x_wconf 87' lang='lat' dir='ltr'><strong>aciem</strong></span> <span class='ocrx_word' id='word_1_814' title='bbox 3226 5354 3397 5422; x_wconf 74' lang='lat' dir='ltr'><strong>copia:</strong></span> <span class='ocrx_word' id='word_1_815' title='bbox 3442 5356 3529 5410; x_wconf 85' lang='lat' dir='ltr'><strong>di-</strong></span> 
     </span>
    </p>
   </div>
   <div class='ocr_carea' id='block_1_115' title="bbox 1959 5431 3527 5506">
    <p class='ocr_par' dir='ltr' id='par_1_115' title="bbox 1959 5431 3527 5506">
     <span class='ocr_line' id='line_1_115' title="bbox 1959 5431 3527 5506; baseline 0.01 -21"><span class='ocrx_word' id='word_1_816' title='bbox 1959 5431 2232 5488; x_wconf 79' lang='lat' dir='ltr'><strong>viduntur.</strong></span> <span class='ocrx_word' id='word_1_817' title='bbox 2262 5432 2539 5506; x_wconf 64' lang='lat' dir='ltr'><strong>Praecipiet</strong></span> <span class='ocrx_word' id='word_1_818' title='bbox 2567 5440 2940 5497; x_wconf 79' lang='lat' dir='ltr'><strong>contuberniis</strong></span> <span class='ocrx_word' id='word_1_819' title='bbox 2973 5453 3030 5497; x_wconf 90' lang='lat' dir='ltr'><strong>ut</strong></span> <span class='ocrx_word' id='word_1_820' title='bbox 3062 5446 3349 5500; x_wconf 85' lang='lat' dir='ltr'><strong>stationem</strong></span> <span class='ocrx_word' id='word_1_821' title='bbox 3369 5460 3527 5501; x_wconf 87' lang='lat' dir='ltr'><strong>suam</strong></span> 
     </span>
    </p>
   </div>
   <div class='ocr_carea' id='block_1_116' title="bbox 1955 5528 3527 5606">
    <p class='ocr_par' dir='ltr' id='par_1_116' title="bbox 1955 5528 3527 5606">
     <span class='ocr_line' id='line_1_116' title="bbox 1955 5528 3527 5606; baseline 0.008 -25"><span class='ocrx_word' id='word_1_822' title='bbox 1955 5528 2291 5595; x_wconf 85' lang='lat' dir='ltr'><strong>custodiant,</strong></span> <span class='ocrx_word' id='word_1_823' title='bbox 2318 5537 2373 5585; x_wconf 87' lang='lat' dir='ltr'><strong>et</strong></span> <span class='ocrx_word' id='word_1_824' title='bbox 2391 5529 2598 5585; x_wconf 84' lang='lat' dir='ltr'><strong>dimidii</strong></span> <span class='ocrx_word' id='word_1_825' title='bbox 2630 5543 2820 5587; x_wconf 89' lang='lat' dir='ltr'><strong>contra</strong></span> <span class='ocrx_word' id='word_1_826' title='bbox 2848 5550 2946 5589; x_wconf 84' lang='lat' dir='ltr'><strong>eos</strong></span> <span class='ocrx_word' id='word_1_827' title='bbox 2986 5536 3077 5606; x_wconf 88' lang='lat' dir='ltr'><strong>qui</strong></span> <span class='ocrx_word' id='word_1_828' title='bbox 3104 5537 3283 5605; x_wconf 84' lang='lat' dir='ltr'><strong>primo</strong></span> <span class='ocrx_word' id='word_1_829' title='bbox 3306 5538 3527 5593; x_wconf 76' lang='lat' dir='ltr'><strong>veniunt</strong></span> 
     </span>
    </p>
   </div>
   <div class='ocr_carea' id='block_1_117' title="bbox 1956 5619 3523 5701">
    <p class='ocr_par' dir='ltr' id='par_1_117' title="bbox 1956 5619 3523 5701">
     <span class='ocr_line' id='line_1_117' title="bbox 1956 5619 3523 5701; baseline 0.01 -29"><span class='ocrx_word' id='word_1_830' title='bbox 1956 5619 2023 5672; x_wconf 87' lang='lat' dir='ltr'><strong>ad</strong></span> <span class='ocrx_word' id='word_1_831' title='bbox 2061 5621 2311 5675; x_wconf 85' lang='lat' dir='ltr'><strong>standum</strong></span> <span class='ocrx_word' id='word_1_832' title='bbox 2361 5636 2419 5677; x_wconf 84' lang='lat' dir='ltr'><strong>se</strong></span> <span class='ocrx_word' id='word_1_833' title='bbox 2449 5632 2650 5693; x_wconf 86' lang='lat' dir='ltr'><strong>aptent,</strong></span> <span class='ocrx_word' id='word_1_834' title='bbox 2698 5626 2908 5681; x_wconf 87' lang='lat' dir='ltr'><strong>dimidii</strong></span> <span class='ocrx_word' id='word_1_835' title='bbox 2962 5638 3149 5684; x_wconf 86' lang='lat' dir='ltr'><strong>contra</strong></span> <span class='ocrx_word' id='word_1_836' title='bbox 3199 5630 3266 5685; x_wconf 87' lang='lat' dir='ltr'><strong>ad</strong></span> <span class='ocrx_word' id='word_1_837' title='bbox 3311 5639 3523 5701; x_wconf 68' lang='lat' dir='ltr'><strong>tergum</strong></span> 
     </span>
    </p>
   </div>
   <div class='ocr_carea' id='block_1_118' title="bbox 1956 5706 3524 5792">
    <p class='ocr_par' dir='ltr' id='par_1_118' title="bbox 1956 5706 3524 5792">
     <span class='ocr_line' id='line_1_118' title="bbox 1956 5706 3524 5792; baseline 0.01 -27"><span class='ocrx_word' id='word_1_838' title='bbox 1956 5712 2224 5768; x_wconf 82' lang='lat' dir='ltr'><strong>conversi.</strong></span> <span class='ocrx_word' id='word_1_839' title='bbox 2259 5713 2359 5781; x_wconf 86' lang='lat' dir='ltr'><strong>Qui</strong></span> <span class='ocrx_word' id='word_1_840' title='bbox 2391 5716 2444 5771; x_wconf 90' lang='lat' dir='ltr'><strong>in</strong></span> <span class='ocrx_word' id='word_1_841' title='bbox 2479 5716 2657 5771; x_wconf 89' lang='lat' dir='ltr'><strong>medio</strong></span> <span class='ocrx_word' id='word_1_842' title='bbox 2675 5706 3000 5787; x_wconf 83' lang='lat' dir='ltr'><strong>consistunt,</strong></span> <span class='ocrx_word' id='word_1_843' title='bbox 3035 5721 3212 5792; x_wconf 86' lang='lat' dir='ltr'><strong>capita</strong></span> <span class='ocrx_word' id='word_1_844' title='bbox 3236 5739 3333 5778; x_wconf 88' lang='lat' dir='ltr'><strong>sua</strong></span> <span class='ocrx_word' id='word_1_845' title='bbox 3353 5724 3524 5781; x_wconf 75' lang='lat' dir='ltr'><strong>scutis</strong></span> 
     </span>
    </p>
   </div>
   <div class='ocr_carea' id='block_1_119' title="bbox 1957 5816 2157 5877">
    <p class='ocr_par' dir='ltr' id='par_1_119' title="bbox 1957 5816 2157 5877">
     <span class='ocr_line' id='line_1_119' title="bbox 1957 5816 2157 5877; baseline 0.005 -16"><span class='ocrx_word' id='word_1_846' title='bbox 1957 5816 2157 5877; x_wconf 78' lang='lat' dir='ltr'><strong>legant.</strong></span> 
     </span>
    </p>
   </div>
   <div class='ocr_carea' id='block_1_120' title="bbox 2022 5897 3521 5985">
    <p class='ocr_par' dir='ltr' id='par_1_120' title="bbox 2022 5897 3521 5985">
     <span class='ocr_line' id='line_1_120' title="bbox 2022 5897 3521 5985; baseline 0.007 -31"><span class='ocrx_word' id='word_1_847' title='bbox 2022 5899 2110 5954; x_wconf 81' lang='lat' dir='ltr'><strong>8i.</strong></span> <span class='ocrx_word' id='word_1_848' title='bbox 2148 5897 2500 5960; x_wconf 75' lang='lat' dir='ltr'><strong>Dextrorsum</strong></span> <span class='ocrx_word' id='word_1_849' title='bbox 2532 5916 2627 5963; x_wconf 88' lang='lat' dir='ltr'><strong>aut</strong></span> <span class='ocrx_word' id='word_1_850' title='bbox 2657 5908 2948 5967; x_wconf 69' lang='lat' dir='ltr'><strong>laevorsum</strong></span> <span class='ocrx_word' id='word_1_851' title='bbox 2972 5919 3282 5983; x_wconf 84' lang='lat' dir='ltr'><strong>mutantur,</strong></span> <span class='ocrx_word' id='word_1_852' title='bbox 3297 5911 3521 5985; x_wconf 76' lang='lat' dir='ltr'><strong>quando</strong></span> 
     </span>
    </p>
   </div>
  </div>
