4078 6306
492 319 604 388 Ἰξθ

1724 319 2001 384 LEOle
2029 320 2492 386 PHILOSOPHI

3642 302 3831 391 ποί

494 432 818 488 necessitate
855 431 959 486 hoc
999 430 1329 501 postulante,
1354 430 1421 487 ad
1458 431 1705 487 dextram
1741 442 1834 486 aut
1874 432 2063 486 laevam

2167 430 2315 499 δεξιά
2340 433 2372 504 ἢ
2394 435 2679 507 ἀριστερά,
2710 434 2885 503 θέλεις
2913 438 3267 508 μετενεγκεῖν
3286 434 3387 508 τὴν
3419 434 3743 507 παράταξιν,

496 521 792 577 transferre
817 522 898 575 vis
935 522 1260 576 exercitum.
1288 519 1530 592 Prmcipe
1559 521 1628 577 iis
1654 522 1836 577 verbis
1883 521 2069 575 Μετά-

493 634 626 689 φερε
649 619 729 681 είς
755 617 822 670 τὰ
846 616 1015 683 δεξιά,
1050 617 1101 672 id
1138 626 1244 682 est,
1279 616 1540 674 Transfer
1583 626 1635 673 te
1668 618 1735 671 ad
1786 619 2065 684 dextram;

494 710 576 765 vel
626 725 841 773 rursus,
878 707 1173 778 Μετάφερε
1202 710 1281 773 εἰς
1302 709 1373 763 τά
1401 710 1691 784 ἀριστερά,
1714 707 1975 765 Transfer
2015 720 2068 766 te

491 800 559 855 ad
591 800 804 854 laevam.
832 799 954 870 Una
980 798 1208 855 cohorte
1254 808 1595 869 transeunte,
1640 801 1896 858 universa
1920 801 2069 857 acies

491 892 558 948 ad
577 907 698 948 eam
722 900 932 961 partem
964 900 1232 950 transeat.

551 988 642 1043 82.
676 988 959 1044 Rareliunt
985 989 1101 1046 sive
1126 989 1428 1046 dilatantur
1456 989 1625 1056 acies,
1664 989 1887 1062 quando
1927 989 2064 1045 den-

478 1090 636 1138 satas
670 1096 764 1138 eas
783 1080 1030 1137 dividere
1070 1082 1332 1148 volueris,
1370 1092 1424 1138 et
1458 1082 1666 1153 "juncta
1707 1081 2063 1138 contubernia

489 1190 768 1246 separare,
800 1184 855 1230 et
879 1175 1168 1231 universas
1195 1178 1381 1245 copias
1416 1176 1471 1230 in
1508 1174 1903 1248 longitudinem
1940 1190 2066 1245 pro-

488 1269 711 1325 ducere.
754 1268 1044 1340 Praecipies
1067 1277 1251 1325 autem
1280 1270 1347 1324 iis
1369 1270 1585 1325 verbis:
1628 1269 1901 1324 Πλάτυνον
1928 1267 2065 1342 πρὸς

490 1362 814 1437 τάμφότερα
836 1361 1002 1434 μέρη,
1044 1362 1097 1417 id
1133 1370 1239 1429 est,
1275 1361 1450 1418 Dilata
1496 1362 1553 1420 in
1603 1372 1893 1431 utramque
1936 1375 2069 1431 par-

490 1463 621 1519 tem,
650 1464 704 1512 et
725 1455 1095 1511 diffundantur
1115 1456 1325 1511 statim.
1359 1453 1487 1510 Haec
1512 1453 1689 1509 forma
1716 1463 1830 1508 tum
1869 1454 2067 1507 ambu-

489 1548 655 1614 lante,
690 1558 807 1603 tum
833 1556 1009 1604 stante
1031 1549 1275 1605 exercitu
1306 1547 1421 1602 fieri
1448 1555 1651 1618 potest,
1684 1546 1904 1601 duobus
1939 1560 2065 1602 cor-

490 1637 654 1693 nibus
717 1638 959 1694 exterius
1008 1638 1371 1707 mutantibus,
1419 1638 1536 1693 sive
1577 1646 1757 1692 turma
1801 1637 1892 1703 sit,
1950 1635 2067 1692 sive

486 1731 783 1785 exercitus.

541 1820 633 1880 85.
656 1820 960 1876 Densantur
982 1820 1425 1891 vclduplicantur
1444 1820 1829 1886 contubernia,
1846 1819 2065 1890 quando

487 1914 555 1969 ad
580 1923 817 1984 quatuor
850 1914 1095 1969 virorum
1126 1914 1474 1971 altitudinem
1500 1922 1667 1980 stant,
1700 1922 1756 1969 et
1786 1912 2068 1983 duplicare

2170 525 2378 595 χρείας,
2414 526 2489 589 ὡς
2512 526 2680 595 είκὸς,
2709 525 2853 582 οὕτω
2886 527 3179 598 καλούσης,
3232 529 3326 582 καὶ
3355 526 3744 598 παραγγέλλει⁶

2168 614 2463 688 Μετάφερε
2514 618 2592 682 είς
2639 618 2710 672 τά
2747 616 2899 685 δεξιά
2925 635 2942 652 ο
2974 618 3008 692 ἢ
3052 620 3235 685 πάλιν,
3259 618 3549 691 Μετάιρερε
3574 619 3655 683 είς
3678 620 3747 679 τὰ

2166 710 2455 782 ἀριστερά.
2482 711 2593 766 Καὶ
2621 710 2751 777 ,ἑνὸς
2799 712 3081 783 τάγματος
3112 710 3536 783 μετατιθεμένου
3577 727 3747 783 μετα-

2169 801 2397 873 φέρεται
2431 804 2465 876 ἠ
2499 802 2808 877 παράταξις
2851 806 3002 861 πᾶσα
3054 805 3193 878 πρὸς
3236 805 3298 861 τὺ
3348 806 3513 880 μέρος
3555 808 3734 863 έκεῖνο

2169 891 2473 961 συντόμως.

2239 982 2350 1054 πβ’.
2395 984 2735 1058 Ἀραιοῦνται
2790 988 2911 1060 ἦτοι
2938 986 3324 1058 πλατύνονται,
3388 990 3519 1045 δταν
3566 1006 3745 1044 πεπυ-

2168 1077 2439 1149 κνωμένοι
2473 1079 2599 1147 εἰσὶ,
2631 1081 2726 1135 καὶ
2752 1080 2926 1147 θέλεις
2952 1082 3173 1154 μερίσαι
3210 1064 3641 1157 ἦτοιλεπτῦναι,
3670 1083 3746 1149 ὡς

2167 1170 2335 1236 είκὸς,
2392 1170 2492 1236 τὰς
2550 1172 2734 1240 ἀκίας,
2772 1174 2869 1229 καὶ
2906 1175 3147 1230 ἐκτεῖναι
3173 1175 3273 1250 τὴν
3327 1176 3635 1250 παράταξιν
3661 1179 3742 1241 εἰς

2171 1261 2430 1336 μῆκος,ἢ
2469 1264 2559 1320 διὰ
2588 1264 2651 1320 τὸ
2699 1266 3006 1339 άνωτέρους
3053 1268 3251 1333 αὐτοὺς
3303 1270 3583 1339 γενέσθαι.
3637 1268 3747 1324 Καὶ

2167 1356 2561 1427 παραγγέλλει,
2618 1358 2892 1414 Πλάτυνον
2923 1360 3059 1432 πρὸς
3116 1359 3185 1415 τά
3213 1360 3537 1433 ἀμφίστομα
3572 1362 3735 1434 μέρη,

2166 1450 2261 1503 καὶ
2288 1449 2668 1507 πλατύνονται.
2698 1451 2870 1507 Τοῦτο
2905 1453 3043 1508 δὲτὸ
3073 1456 3259 1525 σχῆμα
3287 1453 3385 1507 καὶ
3413 1453 3745 1526 περιπατού-

2167 1558 2267 1613 σης
2285 1544 2379 1598 καὶ
2411 1544 2703 1617 ἱσταμένης
2724 1545 2825 1617 τῆς
2847 1545 3207 1617 παρατάξεως
3224 1546 3446 1601 δύναται
3469 1547 3737 1617 γίνεσθαι,

2164 1636 2274 1689 τῶν
2299 1635 2392 1689 δύο
2443 1640 2693 1711 κεράτων
2732 1640 2826 1694 ἐπὶ
2857 1639 2927 1693 τὰ
2955 1639 3061 1705 ἔξω
3101 1641 3387 1706 νευόντων,
3421 1641 3534 1695 εῐτε
3582 1640 3745 1713 μέρος

2167 1727 2224 1780 ἓν
2255 1728 2425 1794 ἐστιν,
2453 1729 2564 1783 είτε
2592 1731 2627 1802 ὴ
2652 1730 2975 1803 παράταξις.

2239 1818 2352 1890 πγ’.
2384 1820 2712 1878 Βαθύνονται
2750 1824 2807 1879 δὲ
2836 1825 2955 1897 ἦτοι
2984 1824 3293 1881 διπλοῦνται
3318 1827 3373 1879 αί
3402 1824 3579 1892 άκίαι,
3620 1826 3745 1880 ὅταν

2171 1912 2272 1984 μὲν
2298 1914 2409 1968 άπὸ
2430 1916 2712 1987 τεσσάρων
2739 1916 3007 1983 ἵστανται,
3036 1917 3132 1972 καὶ
3161 1916 3327 1990 θέλῃς
3347 1918 3516 1984 αὑτὰς
3552 1917 3747 1979 διπλῶς

485 2020 613 2061 eum
657 2022 949 2062 numerum
998 2006 1105 2073 vis,
1135 2015 1190 2063 et
1216 2006 1409 2063 idonee
1454 2006 1522 2062 ad
1561 2007 1905 2063 altitudinem
1939 2020 2063 2060 con-

2171 2020 2283 2073 σαι,
2313 2005 2568 2078 καὶπρὸς
2611 2006 2890 2081 συμϐολὴν
2927 2010 3366 2082 ίσχυροποιῆσαι,
3399 2007 3742 2080 ἁρμοζόντως

485 2097 728 2156 tnbernii
760 2097 980 2155 firmare
1000 2108 1191 2155 contra
1213 2098 1457 2156 hostium
1476 2099 1674 2163 aciem,
1693 2098 1844 2155 dices
1888 2116 1902 2153 :
1934 2098 2068 2153 Εἴσ-

498 2189 647 2257 ελθε,
668 2189 721 2246 id
747 2197 853 2257 est,
876 2190 1180 2262 Ingredere,
1198 2200 1251 2246 et
1268 2190 1452 2247 statim
1485 2201 1609 2247 octo
1634 2199 1814 2246 erunt.
1845 2188 1941 2245 Sin
1961 2204 2068 2246 eos

489 2282 731 2339 sedecim
762 2283 1009 2339 volueris
1056 2282 1258 2352 facere,
1298 2299 1493 2340 rursus
1541 2284 1692 2340 dices
1717 2282 1963 2350 Εἷσελθε,
2010 2291 2067 2339 et

489 2391 633 2434 unus
667 2385 791 2449 post
818 2379 1053 2434 alterum
1076 2386 1270 2433 euntes
1291 2377 1358 2433 ad
1390 2391 1545 2433 suam
1576 2377 1865 2433 stationem
1884 2375 2067 2447 dupli-

483 2479 705 2537 cantur,
733 2477 790 2525 et
832 2470 965 2527 fient
994 2468 1235 2527 sedecim
1271 2469 1582 2525 altitudine.
1616 2469 1700 2524 Ab
1740 2484 1847 2524 uno
1880 2478 2062 2525 autem

484 2561 652 2619 latere
687 2563 866 2619 solum
920 2570 1142 2628 exeant,
1194 2563 1338 2619 sicut
1368 2570 1528 2619 antea
1556 2562 1938 2636 praecepimus.
1965 2562 2064 2619 Sin

484 2652 554 2707 ad
583 2652 803 2722 triginta
834 2654 945 2710 duo
988 2652 1232 2710 virorum
1284 2654 1633 2711 altitudinem
1679 2654 2063 2721 contubernia,

484 2745 634 2813 quod
678 2745 903 2801 minime
944 2761 1172 2803 necesse
1218 2754 1325 2813 est,
1365 2746 1544 2804 facere
1579 2748 1681 2814 vis,
1736 2747 2057 2820 praedicito:

483 2837 674 2909 Στίχος
700 2838 805 2892 ὑπὸ
856 2838 1061 2911 στίχον,
1086 2841 1135 2895 id
1156 2848 1255 2907 est,
1282 2838 1588 2912 Manipulus
1616 2839 1721 2898 sub
1745 2842 2060 2913 manipulo:

483 2940 650 3001 atque
697 2930 770 2986 ita
821 2930 1192 3002 duplicantur,
1234 2943 1287 2989 et
1331 2934 1478 2990 acies
1525 2934 1641 3005 ipsa
1676 2934 1962 3000 densatur,
2009 2943 2065 2989 et

485 3020 772 3092 longitudo
794 3022 917 3093 ejus
945 3025 1312 3079 contrahitur.

542 3117 637 3174 84.
662 3117 1043 3185 Contrahitur,
1093 3121 1314 3190 quando
1339 3118 1651 3175 ambulante
1706 3119 1761 3175 in
1790 3121 2057 3177 directum
2088 3134 2135 3196 ο

479 3209 747 3277 exercitu,
779 3225 889 3265 non
915 3218 1043 3266 ante
1067 3211 1187 3280 ejus
1216 3220 1571 3281 conspectum
1602 3212 1788 3268 hostes
1814 3213 2060 3279 veniunt,

481 3305 577 3360 sed
610 3321 640 3358 a
665 3315 839 3375 tergo.
882 3301 1020 3357 Tum
1056 3303 1105 3359 si
1129 3302 1388 3370 frontem,
1431 3302 1486 3357 id
1515 3311 1619 3369 est,
1651 3303 1914 3374 loehagos
1944 3305 2061 3361 sive

481 3399 750 3470 praestites
781 3396 1022 3453 sedecim
1061 3395 1306 3451 virorum
1364 3382 1663 3453 transferre
1698 3399 1874 3468 cupis,
1920 3413 2062 3469 pra:-

478 3493 602 3561 cipe
629 3490 699 3545 ad
735 3492 880 3546 hunc
920 3490 1186 3545 modum:
1241 3487 1590 3554 Μετάλλαξον
1639 3487 1731 3543 τὸν
1765 3490 1950 3557 τόπον,
2006 3490 2061 3545 id

479 3595 583 3650 est,
626 3586 915 3641 Commula
960 3584 1185 3639 locum:
1231 3592 1287 3638 et
1331 3582 1675 3639 altitudinem
1718 3585 2061 3640 contubernii

487 3689 843 3735 transeuntes
870 3677 1084 3749 lochagi
1119 3676 1236 3733 sive
1265 3677 1946 3748 praestites,compluribus
1967 3693 2060 3734 eos

480 3772 860 3845 sequentibus,
894 3771 1130 3826 frontem
1178 3786 1378 3825 novam
1415 3786 1479 3826 ex
1540 3772 1771 3827 adverso
1820 3772 2059 3826 hostium

480 3866 838 3920 constituant.
877 3862 993 3920 Hoc
1024 3876 1151 3920 ante
1182 3864 1557 3921 densdtionem
1577 3867 1849 3922 exercitus
1870 3867 2062 3923 scdulo

479 3960 596 4014 tiat.
618 3958 673 4014 Si
693 3958 804 4029 jam
837 3957 1171 4013 addensatus
1201 3957 1366 4012 fuerit
1384 3958 1679 4024 exercitus,
1698 3966 1753 4012 et
1783 3959 1886 4015 hoc
1915 3959 2062 4030 quad

479 4069 643 4122 supra
675 4064 1037 4107 memoratum
1066 4060 1170 4113 est,
1204 4050 1495 4106 commode
1538 4052 1655 4106 fieri
1689 4068 1798 4107 non
1860 4064 2059 4125 potest,

476 4142 664 4207 dicito,
683 4140 1203 4211 Μετασχημάτισον,
1250 4138 1303 4193 id
1322 4148 1425 4204 est,
1454 4138 1724 4195 Converte
1749 4157 1767 4207 ;
1794 4151 1848 4197 ct
1870 4159 2061 4213 quem-

476 4234 769 4290 admodum
829 4244 954 4290 ante
1002 4236 1220 4289 stabant
1262 4234 1546 4301 conversi,
1593 4236 1771 4289 solum
1816 4236 1885 4290 ad
1943 4245 2061 4292 ter-

478 4346 604 4402 gum
629 4340 928 4384 extremam
960 4327 1134 4383 aciem
1166 4328 1484 4399 respiciant,
1528 4328 1756 4397 lochago
1778 4331 1891 4383 sive
1918 4346 2059 4395 prte-

2166 2097 2246 2169 τῷ
2270 2097 2425 2169 βάθει
2450 2099 2551 2170 τῆς
2575 2098 2939 2172 παρατάξεως
2965 2099 3076 2155 τῶν
3107 2100 3388 2168 ἐναντίων,
3410 2102 3507 2155 καὶ
3532 2116 3743 2173 παραγ-

2166 2191 2368 2263 γέλλει,
2405 2192 2649 2249 Είσελθε.
2685 2183 2798 2249 Καὶ
2852 2192 3092 2263 γίνονται
3137 2192 3214 2264 η’.
3250 2193 3315 2248 El
3368 2192 3427 2246 δὲ
3457 2190 3618 2266 θέλῃς
3666 2190 3738 2255 ις’

2166 2284 2413 2363 ποιῆσαι,
2437 2284 2599 2339 πάλιν
2623 2285 3009 2358 παραγγέλλει·
3030 2285 3271 2340 Εἷσελθε.
3295 2284 3405 2342 Καὶ
3429 2286 3744 2356 εἰσερχόμε-

2167 2395 2250 2431 νοι
2284 2380 2363 2442 είς
2379 2378 2507 2443 τοὺς
2530 2378 2691 2443 ίδίους
2720 2378 2919 2443 τόπους
2948 2374 3028 2444 εἷς
3051 2381 3181 2451 παρ’
3205 2373 3285 2442 εἷς
3306 2378 3623 2433 διπλοῦνται
3650 2378 3745 2431 καὶ

2166 2473 2408 2543 γίνονται
2440 2470 2540 2539 ις’,
2572 2472 2772 2537 πάντες
2797 2472 2877 2535 εἰς
2896 2470 2954 2526 ἒν
2990 2472 3178 2545 μέρος,
3217 2474 3293 2537 ὡς
3322 2472 3567 2542 ἐξῆλθον.
3591 2472 3653 2527 Ei
3688 2471 3743 2525 δὲ

2166 2564 2362 2630 θέλεις,
2388 2561 2465 2630 ώς
2493 2564 2660 2630 εἰκὸς,
2710 2563 2821 2619 άπδ
2844 2562 2922 2634 λβ’
2950 2563 3011 2619 τὸ
3060 2562 3223 2635 βάθος
3250 2562 3357 2619 τῶν
3384 2561 3557 2617 ἁκιῶν
3585 2563 3743 2632 steril-

2168 2674 2280 2724 σαι,
2314 2660 2455 2732 ὅπερ
2479 2658 2580 2712 οὐκ
2604 2657 2719 2712 ἐστι
2743 2656 3023 2729 χρειῶδες,
3054 2649 3450 2726 παραγγέλλει,
3485 2652 3545 2709 ’0
3567 2653 3744 2724 στίχος

2165 2752 2273 2807 ὑπὸ
2300 2753 2393 2807 τὸν
2454 2751 2659 2825 στίχον,
2712 2753 2807 2805 καὶ
2843 2748 3126 2804 διπλοῦται
3162 2747 3364 2819 δμοίως
3429 2747 3526 2802 καὶ
3582 2744 3744 2825 βαθύ-

2164 2862 2316 2901 νεται
2353 2845 2452 2918 μιν
2500 2845 2538 2918 ἠ
2595 2841 2921 2917 παράταξις,
2970 2839 3316 2897 συστέλλεται
3363 2839 3423 2894 δὲ
3462 2839 3524 2896 τὸ
3570 2840 3741 2914 μῆκος

2165 2938 2360 3010 αὐτῆς.

2243 3127 2346 3183 πεδ’.
2375 3122 2818 3181 Μεταϐάλλονται
2846 3120 2998 3185 ὅταν,
3023 3119 3110 3174 ἐπ’
3138 3117 3356 3184 εὐθείας
3404 3114 3739 3189 περιπατοὺ-

2166 3237 2271 3290 σης
2319 3219 2421 3287 τῆς
2475 3213 2860 3288 παρατάξεως,
2896 3213 3097 3285 μηκέτι
3127 3211 3195 3266 δι’
3220 3210 3395 3282 ὅψεως
3423 3209 3649 3267 ἔλθωσιν
3693 3208 3740 3261 et

2164 3315 2372 3387 ἐχθροὶ,
2402 3312 2539 3367 ἀλλὰ
2562 3313 2671 3367 ἀπὸ
2708 3310 2931 3365 ὄπισθεν
2991 3307 3185 3377 αὐτῆς.
3240 3305 3352 3360 Καὶ
3397 3305 3464 3359 ἂν
3527 3305 3628 3374 μὲν
3680 3303 3741 3355 τὸ

2167 3410 2449 3482 μέτωπον,
2482 3407 2600 3477 ἢτοι
2631 3406 2756 3469 τοὺς
2786 3402 3073 3474 λοχαγοὺς,
3101 3400 3227 3465 τοὺς
3276 3399 3372 3453 καὶ
3420 3397 3740 3470 πρωτοστά-

2162 3519 2283 3568 τας,
2335 3499 2560 3554 ὄπισθεν
2608 3496 2770 3569 θέλῃς
2828 3496 3177 3568 μετενεγκεῖν
3227 3491 3335 3547 άπὸ
3400 3489 3475 3557 ις’
3530 3490 3739 3562 ἀνδρῶν

2162 3595 2315 3657 ὄντος
2342 3591 2436 3646 τοῦ
2468 3590 2687 3663 βάθους,
2715 3587 3105 3660 παραγγέλλει,
3148 3584 3494 3649 Μετάλλαξον
3519 3584 3610 3638 τὸν
3652 3583 3739 3636 τό·

2165 3704 2288 3750 πον,
2318 3685 2411 3739 καὶ
2439 3683 2528 3738 διὰ
2554 3680 2649 3736 τοῦ
2676 3680 2874 3754 βάθους
2896 3679 3005 3734 τῶν
3035 3678 3208 3734 άκιῶν
3238 3678 3640 3750 παρερχόμενοι
3688 3676 3737 3729 oi

2163 3778 2388 3849 λοχαγοὶ
2427 3777 2673 3831 ἵστανται
2719 3776 2800 3840 εἰς
2848 3772 3181 3844 παράταξιν,
3209 3767 3737 3825 συνακολουθούντων

2162 3872 2347 3935 αὐτοῖς
2368 3871 2461 3925 καὶ
2484 3867 2595 3924 τῶν
2636 3866 2862 3935 λοιπῶν,
2900 3866 2995 3921 καὶ
3061 3864 3490 3936 μεταϐάλλονται
3523 3862 3582 3916 τὸ
3614 3861 3737 3933 μέτ-

2163 3984 2315 4021 ωπον
2333 3965 2427 4020 ἐπὶ
2445 3965 2570 4027 τοὺς
2582 3960 2877 4033 πολεμίους
2906 3958 3206 4023 ποιοῦντες.
3235 3957 3407 4013 Τοῦτο
3430 3956 3486 4011 δὲ
3509 3955 3615 4027 πρὸ
3641 3956 3737 4026 τῆς

2165 4054 2502 4120 πυκνώσεως
2537 4053 2863 4125 ἐπιτηδείως
2890 4052 3126 4121 γίνεται.
3160 4051 3223 4104 El
3276 4048 3334 4104 δὲ
3380 4048 3736 4103 πεπύκνωται

2163 4151 2258 4205 καὶ
2290 4151 2351 4205 οὐ
2387 4147 2648 4218 συφοάζει
2677 4146 2938 4218 ἁρμόσαι,
2995 4142 3385 4215 παραγγέλλει,
3443 4143 3736 4213 Μετασχη·

2165 4245 2415 4317 μάτισον,
2447 4243 2540 4297 καὶ⁸
2569 4240 2922 4313 στρεφόμενοι
2955 4238 3029 4300 ὡς
3053 4238 3297 4290 ἵστανται
3351 4234 3734 4292 ἀντιϐλέπουσι

2162 4340 2304 4393 κατὰ
2323 4337 2418 4391 τοῦ
2446 4334 2640 4399 νώτου,
2668 4336 2834 4405 ἡγουν
2864 4333 2925 4387 τὸ
2954 4331 3130 4385 ὀπίσω
3182 4330 3367 4403 μέρος,
3408 4330 3595 4382 οὐκέτι
3640 4326 3733 4381 τοῦ

477 4425 605 4480 stite
638 4425 692 4478 in
727 4422 1061 4478 anteriorem
1117 4432 1329 4492 partem
1359 4422 1588 4476 minime
1626 4431 1929 4489 spectante,
1961 4423 2057 4479 sed

2164 4428 2397 4500 λοχαγοῦ
2430 4426 2740 4498 ἔμπροσθεν
2797 4422 3215 4497 εὑρισκομένου,
3260 4421 3398 4477 ἀλλὰ
3425 4420 3519 4475 τοῦ
3551 4419 3613 4485 ἓξ
3641 4419 3737 4475 καὶ

476 4518 743 4571 nltimano
764 4518 876 4587 jam
907 4516 961 4569 in
996 4489 1176 4569 fronte
1208 4506 1535 4583 constituto,
1570 4528 1736 4585 quem
1792 4515 2053 4587 οὐραγόν,

2164 4521 2384 4575 δεκάτου
2407 4516 2665 4589 οὐραγοῦ.

475 4611 530 4667 id
563 4620 666 4676 est,
704 4610 1011 4666 caudanum
1039 4609 1343 4664 nominant.

545 4705 635 4760 85.
662 4702 787 4759 ilico
817 4702 983 4774 igitur
1007 4701 1452 4766 exercitationes,
1483 4708 1600 4755 tum
1626 4702 1743 4772 ipso
1758 4702 1885 4758 belli
1910 4712 2051 4759 tem-

473 4814 606 4871 pore
635 4797 858 4851 militem
891 4803 1141 4866 paratum
1166 4804 1221 4850 et
1250 4795 1505 4851 idoneum
1537 4795 1767 4861 efficere,
1795 4804 1909 4851 tum
1930 4807 2056 4852 ante

475 4902 689 4961 tempus
727 4888 874 4955 belli,
912 4891 1033 4944 sine
1090 4888 1239 4944 ferro
1281 4889 1452 4945 armis
1506 4890 1631 4945 aliis
1660 4890 1729 4945 ad
1785 4891 2056 4947 exercita-

473 4983 677 5037 tionem
709 4982 945 5047 idoneis,
982 4981 1049 5039 ad
1086 4997 1279 5037 omnes
1312 4981 1518 5040 formas
1558 4983 1881 5039 bellicorum
1932 4999 2055 5039 mo-

475 5086 654 5145 tuum,
684 5086 740 5131 et
776 5076 842 5132 ad
869 5090 1093 5132 omnem
1122 5076 1521 5133 institutionem
1548 5077 1894 5133 assuefacere
1930 5093 2057 5150 pos-

473 5183 623 5228 sunt.
663 5170 920 5242 ingenue,
961 5170 1083 5227 sine
1143 5170 1299 5226 turba
1326 5182 1381 5227 et
1410 5172 1649 5227 tumultu
1685 5172 1834 5239 tiant,
1868 5174 2059 5231 divisis

472 5265 554 5321 sic
583 5264 725 5320 inter
757 5279 818 5320 se
856 5264 1205 5333 cohortibus,
1248 5276 1309 5321 ut
1353 5266 1491 5324 duas
1526 5266 1629 5322 sibi
1675 5276 1868 5323 mutuo
1912 5268 2059 5325 acies

471 5356 750 5429 oppositas
776 5354 999 5425 faciant,
1025 5357 1141 5414 sive
1161 5373 1229 5414 ex
1266 5373 1374 5415 una
1407 5359 1653 5427 cohorte,
1685 5359 1801 5415 sive
1835 5374 1898 5417 ex
1927 5360 2054 5431 plu-

471 5452 624 5509 ribus
653 5454 737 5508 lne
763 5450 909 5509 acies
940 5452 1302 5507 instruantur»

539 5545 629 5602 86.
656 5544 774 5601 Non
802 5545 991 5617 ignoro
1016 5553 1202 5601 autem
1215 5543 1351 5601 alias
1374 5542 1637 5615 quasdam
1659 5544 2051 5615 prarccptioncs

470 5633 1003 5706 exercitationesque
1031 5642 1276 5689 motuum
1309 5634 1528 5703 scriptis
1578 5648 1643 5690 ac
1680 5634 1880 5690 litteris
1925 5650 2051 5691 esse

471 5727 741 5797 pmditas,
773 5736 888 5783 tum
919 5726 988 5783 ab
1016 5726 1162 5792 aliis,
1193 5732 1310 5779 tum
1344 5724 1692 5794 potissimum
1727 5727 1796 5781 ab
1826 5725 2046 5784 {Eliano

473 5828 529 5878 et
555 5818 813 5884 Arriano.
843 5820 1172 5884 quibuscum
1228 5818 1411 5878 caeteri
1450 5820 1609 5887 quasi
1633 5836 1741 5877 una
1763 5836 1899 5878 voce
1920 5836 2052 5879 con-

2230 4705 2335 4763 πε⁹.
2369 4708 2434 4761 Al.
2464 4703 2561 4775 μὲν
2586 4698 2679 4757 οὖν
2699 4698 3000 4771 γυμνασίαι
3021 4690 3180 4753 αὗται
3206 4696 3457 4751 δύνανται
3483 4697 3540 4751 έν
3560 4694 3735 4767 καιρῷ

2161 4804 2398 4873 πολέμου
2426 4799 2518 4853 τὸν
2548 4794 2886 4866 στρατιώτην
2902 4792 3121 4862 ἕτοιμον
3150 4790 3611 4861 παρασκευάζειν,
3641 4788 3731 4843 καὶ

2158 4900 2265 4973 πρὸ
2291 4892 2490 4966 καιροῦ
2522 4889 2760 4959 πολέμου
2796 4887 2925 4942 ἄνευ
2956 4885 3177 4954 σιδήρου
3201 4882 3291 4936 διὰ
3326 4882 3505 4936 ὃπλων
3532 4882 3731 4955 ἑτέρων

2157 4994 2267 5048 τῶν
2288 4988 2425 5061 πρὸς
2453 4982 2766 5055 γυμνασίαν
2792 4978 3114 5049 ἐπιτηδείων
3149 4976 3351 5042 ἐθίζειν
3393 4977 3531 5048 πρὸς
3558 4975 3729 5030 πάντα

2157 5087 2228 5139 τά
2250 5082 2506 5154 σχήματα
2539 5076 2647 5129 τῶν
2703 5074 2993 5145 κινήσεων,
3026 5071 3120 5125 καὶ
3173 5069 3245 5122 τὰ
3299 5068 3727 5140 παραγγέλματα

2160 5176 2379 5246 εὐφυῶς
2414 5174 2510 5227 καὶ
2569 5172 2698 5225 άνευ
2734 5167 2979 5238 ταραχῆς
3033 5164 3131 5219 καὶ
3188 5161 3451 5233 θροισμοῦ
3500 5161 3729 5231 διαγίνε-

2163 5271 2311 5335 σθαι,
2342 5268 2472 5321 ὃταν
2508 5262 2745 5336 μάλιστα
2786 5261 2921 5329 πρὸς
2963 5256 3168 5329 ἄλληλα
3220 5255 3288 5309 τὰ
3319 5256 3572 5326 τάγματα
3597 5254 3729 5308 διαι-

2162 5360 2403 5435 ρούμενα
2428 5358 2507 5420 είς
2531 5354 2625 5410 δύο
2653 5349 3133 5423 ἀντιπαρατάξεις,
3164 5349 3271 5402 εἶτε
3297 5347 3420 5401 καθ’
3447 5347 3505 5401 ἓν
3528 5348 3725 5418 τάγμα,

2059 5490 2062 5492 ~
2159 5455 2269 5508 εῐτε
2299 5452 2440 5506 κατὰ
2479 5449 2700 5503 πλείονα
2725 5448 2959 5499 ποιεῖται
2990 5443 3089 5515 τὴν
3108 5441 3438 5514 γυμνασίαν.

2229 5543 2349 5610 πς’.
2386 5543 2503 5599 Οὐκ
2533 5540 2711 5609 ἀγνοῶ
2738 5541 2820 5593 ὅτι
2854 5538 3007 5608 παρὰ
3030 5538 3143 5601 τοῖς
3166 5536 3414 5607 ἀρχαίοις
3444 5533 3537 5588 καὶ
3567 5530 3725 5605 ἕτερά

2156 5654 2279 5692 τινα
2316 5636 2669 5708 παραδίδοται
2700 5631 3140 5703 παραγγέλματα
3168 5630 3262 5682 καὶ
3304 5629 3586 5700 κινήματα
3632 5644 3727 5695 γυ-

2162 5731 2398 5802 μνασίας
2423 5729 2604 5793 ἄλλοις
2631 5744 2717 5795 τε,
2741 5727 2835 5781 καὶ
2852 5724 3109 5797 Ἀριανῷ,
3143 5726 3236 5780 καὶ
3261 5724 3519 5795 Λίλιανῷ,
3544 5722 3732 5793 ῶσπερ

2160 5820 2221 5888 ἐξ
2274 5820 2395 5887 ἑνὸς
2446 5819 2714 5893 στόματος
2752 5820 2881 5893 περὶ
2914 5818 3097 5875 αὐτῶν
3141 5816 3535 5891 ὁμοφωνοῦσιν.
3586 5813 3726 5870 Ἀλλ’
