4078 6306
336 391 444 460 761

1441 389 1781 453 TACTICA.
1801 415 1869 426 -
1900 388 2404 452 CONSTITUTIO
2439 390 2570 454 VII.

3504 392 3609 458 762

339 501 431 560 ἵνα
463 502 537 575 μὴ
569 501 663 558 ἐπὶ
697 500 897 567 πλάτος
924 499 1179 556 τοσοῦτον
1211 500 1557 573 παρεκτείνω
1612 502 1703 555 τὸν
1737 500 1919 570 λόγον,

2033 499 2314 556 sentiunt:
2347 499 2443 555 sed
2467 515 2534 555 ne
2561 499 2632 555 ad
2682 497 2908 556 nimiam
2959 500 3357 573 longitudinem
3401 507 3609 574 produ-

339 591 401 644 ἐν
445 589 728 662 κεφαλαίῳ
761 589 910 662 μόνῳ
951 591 1174 663 μνήμην
1207 589 1512 663 παραθήσω
1543 590 1792 657 ἐκείνων,
1826 592 1922 645 κα)⁸

337 682 435 736 τοῦ
465 683 653 738 λοιποῦ
682 685 1029 756 σιωπήσομαι
1055 686 1115 738 τὸ
1144 684 1367 758 πλῆθος,
1392 686 1453 739 τὺ
1477 686 1595 756 μὲν,
1625 685 1713 738 διά
1745 683 1842 756 τὴν
1866 687 1923 739 ἐν

339 775 524 839 αὐτοῖς
557 777 795 846 άσαφίαν
817 775 925 847 (21)
961 794 1019 830 τε
1044 777 1135 830 καὶ
1167 777 1492 848 ἀχρηστίαν,
1524 777 1582 830 τὸ
1610 778 1687 844 δὲ,
1713 777 1808 830 καὶ
1837 776 1924 830 διά

339 870 404 922 τὸ
439 868 649 923 ἐκεῖθεν
679 868 1058 940 ἀναληφθῆναι
1093 869 1282 941 ὥσπερ
1321 870 1751 943 άνθολογηθέντα
1788 872 1918 940 παρ’

337 962 495 1033 ἡμῶν
518 963 753 1017 ἐνταῦθα
791 964 884 1018 καὶ
913 963 1182 1036 εἰρημένα
1211 964 1351 1036 μετὰ
1378 967 1478 1035 τῆς
1507 965 1616 1019 τῶν
1641 963 1923 1037 νεωτέρων

336 1055 432 1109 διά
461 1056 661 1127 πείρας
689 1057 982 1128 εὑρέσεως.
1015 1057 1125 1109 Καὶ
1149 1056 1235 1110 ἵνα
1273 1057 1348 1128 μὴ
1381 1057 1734 1128 ἀπειρόκαλοι
1762 1057 1924 1122 δόξωο

343 1164 444 1217 μεν
468 1143 632 1213 εἶναι,
662 1149 756 1201 καὶ
809 1148 1212 1221 δευτερολογεῖν
1267 1149 1493 1221 ἀσαφῶς
1523 1149 1760 1204 ἐνταῦθα
1820 1150 1922 1220 ἥδη

340 1255 538 1312 σαφηνι
547 1238 740 1293 σθέντα
771 1238 910 1310 (22).

410 1443 518 1510 πῖ.
553 1446 710 1516 Παρὰ
732 1444 839 1517 γὰρ
877 1444 1118 1518 Ᾱξλιανῷ
1150 1433 1399 1515 λέγονται
1433 1445 1671 1517 ὀνόματα
1697 1446 1804 1500 καὶ
1835 1464 1923 1500 κι-

339 1539 526 1610 νήσεις
561 1534 722 1592 αὗται
746 1555 762 1572 ο
803 1541 838 1609 ὴ
871 1538 967 1609 μὲν
989 1538 1165 1602 κλίσις
1201 1537 1532 1608 καλουμένη,
1555 1538 1654 1608 τὴν
1674 1538 1728 1591 δέ
1749 1537 1925 1592 κλίσιν

339 1635 418 1695 εἰς
450 1631 542 1684 δύο
559 1631 773 1702 διαιρεῖ.
801 1633 912 1685 Καὶ
933 1631 1029 1702 τὴν
1057 1630 1263 1702 μὲνέπ“ι
1291 1630 1490 1685 ἀσπίδα
1520 1631 1612 1685 καὶ
1631 1631 1789 1695 αὐτὸς
1810 1631 1926 1686 κλί-

340 1740 425 1776 σιν
447 1722 615 1791 λέγει,
648 1723 812 1793 ἡγουν
832 1724 1252 1794 ἐπὶσκουτάριν,
1270 1723 1366 1794 τὴν
1394 1723 1448 1776 δὲ
1471 1724 1562 1776 ἐπὶ
1583 1723 1733 1794 δόρυ,
1755 1725 1925 1797 ἤγουν

340 1818 433 1872 ἐπὶ
445 1816 884 1885 κοντάριν.Ἔστι
914 1815 970 1869 δέ
988 1833 1070 1879 τις
1085 1815 1298 1887 κίνησις
1325 1815 1421 1868 καί
1443 1815 1574 1885 παρ’
1588 1815 1765 1868 αὐτῶν
1788 1800 1924 1887 (25),

2032 595 2189 643 catur
2226 589 2430 656 oratio,
2470 603 2579 645 uno
2608 590 2771 661 quasi
2791 589 2971 660 capite
3001 590 3180 645 solum
3209 591 3301 648 illa
3327 594 3605 650 recitabo:

2030 681 2099 737 de
2129 689 2328 738 caetero
2361 689 2546 738 autem
2573 692 2794 753 propter
2845 683 3246 754 longitudinem
3292 685 3386 741 illa
3417 689 3607 743 eadem

2030 774 2469 843 praetermittam,
2502 775 2700 845 partim
2733 785 2955 847 propter
3004 777 3398 833 obscuritatem
3448 791 3612 850 atque

2033 863 2403 932 inutilitatem,
2459 866 2657 936 partim
2703 867 2829 937 quia
2890 866 2958 923 iis
3010 867 3295 938 diligenter
3355 869 3610 941 cognitis,

2031 967 2211 1030 quas’a
2248 961 2409 1018 nobis
2440 962 2706 1033 explicata
2732 972 2880 1029 sunt,
2906 965 3242 1034 experientia
3265 968 3501 1035 quadam
3527 967 3614 1019 ad.

2035 1054 2226 1134 hibita,
2247 1054 2406 1111 facile
2437 1056 2538 1110 ista
2566 1056 2634 1110 ab
2661 1056 2741 1111 eis
2771 1056 2913 1111 sumi
2952 1065 3203 1127 possunt.
3248 1057 3416 1114 Valde
3444 1060 3609 1116 etiam

2032 1157 2319 1219 propterea
2349 1148 2532 1205 insciti
2569 1150 2847 1220 rudesque
2897 1167 3082 1207 rerum
3105 1152 3419 1208 videremur
3457 1170 3604 1220 esse,

2033 1241 2078 1297 si
2112 1242 2227 1297 haec
2250 1257 2372 1312 quae
2399 1258 2524 1297 cum
2570 1244 2817 1300 claritate
2851 1246 3087 1316 quadam
3127 1255 3182 1301 et
3226 1247 3613 1319 perspicuitate

2030 1335 2278 1404 expOsita
2302 1343 2452 1400 sunt,
2481 1350 2603 1391 cum
2631 1338 2966 1392 obscuritate
2993 1338 3193 1394 iterum
3222 1351 3613 1410 repeteremus.

2105 1423 2194 1479 Q7.
2230 1423 2312 1477 Ab
2347 1423 2570 1480 IEliano
2604 1436 2784 1481 autem
2822 1428 2936 1483 hac
2961 1429 3183 1484 nomina
3227 1439 3282 1484 et
3330 1429 3386 1485 hi
3433 1441 3614 1495 motm

2035 1518 2651 1583 recensenturzKMctq,
2689 1518 2741 1573 id
2771 1527 2873 1584 est,
2903 1519 3213 1576 declinatio.
3247 1519 3399 1576 Hanc
3431 1531 3613 1577 autem

2033 1609 2450 1665 declinationem
2492 1612 2544 1666 in
2581 1611 2690 1668 duo
2739 1611 2952 1680 dividit,
2989 1613 3216 1668 alteram
3251 1615 3343 1668 ἐπὶ
3387 1615 3612 1678 ἀσπίδα,

2034 1703 2102 1756 ad
2128 1703 2400 1774 clypeum,
2436 1705 2551 1759 sive
2591 1705 2656 1759 ad
2703 1713 2942 1769 scutum,
2983 1703 3068 1760 vel
3113 1705 3182 1760 ad
3215 1704 3431 1773 laevam,
3473 1706 3609 1761 alte.

2034 1807 2149 1848 ram
2181 1795 2276 1847 ἐπὶ
2309 1794 2459 1866 δόρυ,
2503 1797 2570 1852 ad
2604 1796 2843 1861 hastam,
2896 1796 2977 1852 vel
3030 1799 3100 1852 ad
3142 1798 3411 1852 dextram.
3455 1797 3614 1852 Alius

340 1911 434 1964 καὶ
493 1908 783 1981 μεταϐολὴ,
839 1909 932 1963 καὶ
968 1907 1294 1980 ἐπιστροφὴ,
1325 1907 1423 1961 καὶ
1473 1908 1927 1981 άναστροφὴ,καὶ

2034 1887 2175 1955 apud
2203 1887 2352 1942 illum
2375 1897 2559 1943 motus
2591 1898 2694 1954 est,
2737 1888 3030 1963 μεταϐολὴ,
3075 1889 3454 1956 commutatio,
3486 1905 3616 1945 con-

340 2001 744 2074 περισπασμὸς,
788 2000 883 2054 καὶ
926 1997 1399 2070 ἐκπερισπασμὸς,
1452 1997 1547 2054 καὶ
1588 1997 1793 2069 ζυγεῖν,
1835 2000 1934 2055 καὶ

341 2096 569 2165 στιχεῖν,
601 2093 697 2147 καὶ
729 2093 820 2146 ἐπ’
846 2091 1002 2165 ὀρθὸν
1023 2091 1336 2165 ἀποδοῦναι,
1365 2091 1461 2145 καὶ
1487 2091 1804 2159 ἐξελίσσειν,
1838 2093 1935 2148 καὶ

340 2185 736 2250 διπλασιάζειν.
783 2186 1018 2256 Λέγεται
1076 2185 1134 2238 δέ
1178 2185 1273 2238 καὶ
1318 2185 1605 2256 ἐπαγωγὴ,
1664 2187 1759 2240 καὶ
1788 2186 1936 2251 δεξιὰ

341 2279 674 2349 παραγωγὴ,
710 2277 807 2332 καὶ
845 2277 1051 2347 πλαγία
1087 2275 1319 2347 φάλαγξ.
1384 2280 1476 2331 καὶ
1504 2277 1662 2351 ὀρθία
1697 2279 1931 2348 φάλαγξ,

339 2373 436 2426 καὶ
465 2371 595 2444 λοξὴ
628 2370 870 2442 φάλαγξ,
916 2373 1011 2425 καὶ
1042 2369 1385 2443 παρεμϐολὴ,
1407 2371 1504 2426 καὶ
1533 2371 1814 2442 πρόταξις,
1838 2373 1939 2426 καὶ

339 2465 576 2532 ἔνταξις,
613 2466 707 2519 καὶ
726 2464 1010 2530 ὑπόταξις,
1056 2465 1152 2518 καὶ
1188 2462 1458 2530 ἐπίταξις,
1478 2465 1574 2518 καὶ
1614 2454 1932 2536 πρόσταξις,

339 2561 436 2614 καὶ
481 2561 808 2631 παράταξις.

409 2671 522 2744 σπη’.
550 2673 617 2726 Ai
635 2674 733 2746 μὲν
755 2668 849 2726 οὖν
865 2672 974 2728 τῶν
1004 2672 1271 2744 κινήσεων
1289 2686 1569 2726 τοσαυται.
1590 2669 1672 2723 Τά
1695 2667 1751 2723 δέ
1787 2685 1863 2721 πα
1871 2685 1935 2743 ρ-

338 2766 662 2836 αγγέλματα
688 2763 858 2829 οὕτως
883 2781 898 2797 ⁸

415 2882 546 2950 ’Ἄγε
564 2881 644 2946 είς
675 2883 743 2935 τὰ
769 2879 931 2934 ὅπλα.

413 2970 742 3042 Παράστητε
783 2971 934 3042 παρὰ
962 2972 1031 3025 τὰ
1062 2969 1222 3024 ὅπλα.

421 3063 754 3135 Ὀπλοφὸρος
785 3062 860 3136 μὴ
887 3061 1064 3117 ἀπίτω
1093 3064 1189 3134 τῆς
1216 3063 1514 3132 φάλαγγος.

413 3157 554 3228 Σίγα
586 3160 683 3211 καὶ
713 3158 948 3229 πρόσεχε
978 3156 1056 3231 τῷ
1083 3153 1606 3229 παραγγελλομένῳ.

415 3251 565 3304 Ἀνω
589 3249 658 3303 τὰ
683 3249 910 3320 δόρατα.

413 3341 594 3405 Κάθες
622 3341 690 3395 τὰ
711 3341 933 3412 δόρατα.

410 3433 658 3505 Οὐραγὺς
687 3433 778 3487 τὸν
807 3432 962 3504 λόχον
982 3431 1092 3504 (24)
1113 3430 1482 3486 ἀπευθυνέτω.

413 3529 584 3600 Τήρει
613 3529 682 3581 τά
703 3527 1078 3600 διαστήματα.

419 3621 543 3676 Ἐπὶ
564 3621 692 3693 δόρυ
716 3619 918 3675 κλῖνον.

427 3714 552 3769 Ἐπὶ
579 3714 781 3770 ἀσπίδα
812 3713 996 3769 κλῖνον

415 3808 657 3884 Πρὸαγε.

423 3901 556 3971 Ἐχε
584 3899 780 3963 οὕτως.

418 3993 513 4057 Εἰς
533 3992 694 4064 ὀρθὸν
721 3990 942 4055 ἀπόδος.

419 4085 494 4139 Τὸ
528 4085 695 4156 βάθος
724 4081 1070 4148 διπλασίαζε.

434 4177 936 4248 ’Δποκατάστησον.

419 4274 524 4328 Τὸν
553 4273 774 4328 λάκωνα
795 4270 890 4324 ἐπὶ
922 4270 983 4323 τὸ
1008 4268 1135 4341 δόρυ
1168 4265 1500 4340 ἐκπερίσπα.

428 4365 931 4436 Ἀποκατάστησον.

441 4458 526 4517 ιϐ’.
573 4458 738 4514 Ἀλλὰ
765 4456 939 4511 ταῦτα
969 4455 1058 4510 διά
1079 4471 1141 4508 τε
1169 4454 1232 4508 τὸ
1259 4453 1471 4522 ἀσαφές
1491 4451 1587 4506 καὶ
1616 4451 1716 4523 τὴν
1756 4450 1930 4520 ἀχρη-

2037 1983 2239 2050 versio,
2289 1984 2554 2049 reversio.
2595 1982 2836 2048 biliexio,
2898 1982 3152 2051 trillexio,
3187 1983 3402 2054 jugare,
3446 1981 3616 2038 decu-

2033 2074 2199 2142 riare,
2244 2073 2506 2146 dirigere,
2550 2077 2822 2140 evolvere,
2861 2077 3163 2147 duplicare.
3203 2074 3415 2131 Dicitur
3448 2074 3612 2130 etiam

2035 2166 2304 2231 inductio,
2340 2167 2530 2222 dextra
2576 2167 2875 2232 traductio,
2916 2169 3139 2238 obliqua
3175 2167 3436 2236 phalanx,
3466 2173 3614 2220 recta

2035 2260 2294 2331 phalanx,
2328 2262 2551 2317 incurva
2595 2262 2854 2332 phalanx,
2900 2261 3226 2332 interjectio,
3276 2259 3612 2331 praepositio,

2037 2353 2337 2426 impositio,
2364 2355 2694 2426 suppositio,
2728 2355 3070 2427 p0stpositio,
3094 2352 3382 2425 appositio.

2106 2643 2194 2701 88.
2223 2641 2458 2698 Nomina
2505 2640 2674 2714 igitur
2701 2644 2948 2700 motuum
2990 2641 3107 2699 haec
3137 2647 3288 2700 sunt.
3334 2637 3610 2711 Praecepta

2035 2746 2218 2794 autem
2252 2737 2361 2793 illis
2391 2736 2509 2792 haec
2533 2736 2686 2793 trade
2713 2754 2727 2791 :

2103 2855 2217 2925 Age
2247 2855 2314 2909 ad
2346 2867 2522 2909 arma.

2103 2947 2362 3004 Assislite
2394 2945 2588 3001 armis.

2102 3040 2364 3095 Armatus
2395 3054 2462 3094 ne
2491 3036 2738 3094 discedat
2767 3038 2834 3092 ab
2869 3036 3014 3094 acie.

2107 3129 2218 3186 Sile
2245 3138 2298 3186 et
2337 3129 2561 3184 attende
2592 3129 3022 3200 praecipientem.

1953 3237 1998 3296 ς
2099 3222 2331 3280 Sursum
2366 3222 2576 3280 hastas.

2103 3313 2338 3370 Demitte
2361 3313 2572 3368 hastas.

2104 3407 2414 3464 Ultimanns
2451 3405 2872 3462 contubernium
2905 3405 3123 3479 dirigat.

2102 3497 2332 3555 Custodi
2353 3498 2660 3554 intervalla.

2101 3591 2184 3646 Ad
2219 3591 2433 3647 hastam
2465 3593 2699 3648 declina.

2104 3685 2187 3740 Ad
2227 3685 2464 3756 clipeum
2492 3685 2728 3743 declina.

2103 3779 2372 3834 Procede.

2107 3870 2255 3926 lstuc
2285 3886 2466 3926 serva.

2103 3962 2318 4020 Directe
2343 3965 2599 4034 procede.

2103 4057 2458 4112 Altitudinem
2495 4057 2734 4130 duplica.

2106 4146 2306 4216 Recipe
2342 4147 2564 4200 iterum.

2102 4238 2437 4295 Laconicum
2473 4239 2540 4294 ad
2574 4238 2787 4294 hastam
2822 4236 3072 4295 trivolve.

2104 4331 2306 4403 Recipe
2339 4344 2408 4388 te.

2102 4446 2192 4503 89.
2231 4446 2334 4502 Sed
2368 4447 2470 4502 ista
2497 4457 2662 4517 atque
2696 4449 2802 4503 alia
2853 4449 2982 4504 item
3034 4448 3351 4520 huiusmodi
3395 4458 3620 4521 propter

345 4554 502 4609 στίαν
547 4551 684 4614 τέως
724 4548 1076 4621 παρείδομεν,
1109 4545 1206 4600 τοῦ
1252 4544 1523 4614 συντόμου
1578 4545 1674 4598 καὶ
1727 4542 1927 4613 σαφοῦς

2035 4541 2425 4596 obscuritatem
2457 4550 2512 4596 et
2544 4542 2895 4598 inutilitatem
2924 4543 3030 4599 huc
3061 4559 3236 4613 usque
3275 4543 3614 4606 distulimus,

347 4646 586 4719 μάλιστα
619 4641 1018 4714 φροντίζοντες.

414 4851 485 4922 ιζ.
520 4850 602 4905 Τὰ
657 4849 754 4922 μέν
805 4844 900 4903 οὖν
955 4847 1086 4918 περὶ
1141 4845 1449 4916 γυμνασίας
1483 4846 1617 4916 ἡμῖν
1670 4861 1931 4915 προειρη-

348 4946 486 5018 μένα
517 4942 752 5012 πεζικῆς
778 4958 838 4996 τε
862 4939 957 4994 καὶ
985 4939 1237 5009 ἱππικῆς,
1265 4939 1354 4991 τόν
1392 4955 1451 4990 τε
1483 4936 1604 4990 καθ’
1634 4936 1729 4989 ἕνα
1759 4954 1928 5006 στρα-

343 5035 566 5105 τιώτην,
597 5034 690 5087 καὶ
719 5029 828 5084 τῶν
849 5029 991 5084 κατὰ
1019 5029 1274 5100 τάγματα
1303 5028 1400 5082 καὶ
1448 5026 1803 5098 παρατάξεις,
1853 5027 1930 5091 ὼς

344 5129 404 5182 ἐν
428 5125 674 5195 ἐπιτόμῳ
702 5123 1017 5194 ἀρκούντως
1068 5121 1203 5192 ἔχει.
1247 5117 1550 5192 Ἀρμοδίως
1591 5119 1650 5172 δὲ
1675 5118 1754 5188 τῷ
1786 5135 1929 5190 παρ-

345 5216 460 5270 όντι
490 5215 830 5284 συντάγματι
859 5211 955 5266 καὶ
989 5209 1060 5265 τὰ
1087 5213 1201 5276 τοῖς
1245 5211 1622 5282 ἁμαρτάνουσι
1657 5210 1924 5281 στρατιώ-

346 5326 466 5374 ταις
499 5307 752 5378 ἐπιτίμια
797 5303 1042 5371 ἐντάξαι,
1095 5305 1183 5359 ἴνα
1228 5301 1568 5371 γινώσκωσιν
1621 5302 1781 5364 αὐτὰ,
1831 5303 1925 5355 καὶ

350 5405 426 5478 μὴ
454 5401 775 5473 ἀγνοοῦντες
791 5399 1110 5474 ἐμπίπτωσι
1156 5399 1276 5463 ταῖς
1318 5395 1376 5450 ἐν
1405 5397 1590 5461 αὐτοῖς
1643 5395 1928 5466 κειμέναις

347 5495 665 5571 τιμωρίαις.

1784 5663 2021 5732 NOT/E,

449 5815 538 5888 21)
561 5813 883 5888 'Aqagslar.
909 5812 1121 5888 Scribe,
1149 5813 1441 5888 ἀσάφειαν.

449 5816 538 5888 Si)
561 5816 883 5884 'Ao’agslar.
909 5816 1121 5876 Scribe,
1149 5816 1441 5937 άσάὲειαν.
1680 5875 1692 5892 ⁸

422 5816 543 5964 ἱίὶί)
580 5885 724 5956 Ἤδη
755 5885 1228 5956 σαφηνισθέντα.
1294 5882 1705 5946 cribebatur,u
1730 5874 1843 5946 εἴδη
1875 5892 1923 5928 σ.

2040 4634 2172 4704 quia
2203 4634 2486 4689 brevitatis
2507 4645 2562 4690 et
2589 4633 2996 4705 perspicuitatis
3021 4638 3317 4691 maximam
3341 4641 3615 4691 rationem

2043 4725 2330 4780 habemus.

2109 4841 2196 4897 90.
2232 4839 2356 4897 llaec
2387 4841 2551 4913 igitur
2582 4856 2612 4895 a
2652 4840 2812 4896 nobis
2844 4843 2912 4896 de
2939 4840 3338 4896 exercitatione
3366 4839 3613 4908 equestri

2036 4943 2089 4989 et
2118 4935 2376 5005 pedestri,
2419 4943 2534 4988 tum
2585 4934 2860 5006 sigillatim
2890 4949 2984 5003 per
3016 4948 3462 5002 unumquemque
3507 4933 3615 4987 mi-

2035 5025 2209 5094 litem,
2232 5037 2343 5080 tum
2365 5027 2662 5096 generatim
2691 5041 2787 5096 per
2811 5027 3068 5082 cohortes
3086 5036 3249 5096 atque
3267 5025 3436 5092 acies,
3462 5024 3613 5080 brevi

2044 5125 2476 5174 commemorata
2532 5118 2668 5172 satis
2707 5125 2890 5172 sunto.
2925 5117 3032 5172 Par
3088 5128 3170 5173 est
3215 5124 3419 5183 autem,
3456 5125 3509 5171 et
3535 5117 3613 5171 rei

2032 5219 2300 5281 susceptae
2331 5210 2611 5276 idoneum,
2635 5210 3083 5281 delinquentibus
3119 5209 3384 5266 militibus
3415 5207 3618 5266 multas

2031 5305 2330 5374 imponere,
2356 5312 2412 5359 ut
2438 5318 2532 5359 eas
2565 5315 2915 5376 cognoscant,
2935 5319 3113 5376 neque
3138 5303 3447 5376 ignorantia
3473 5318 3615 5375 qua-

2036 5397 2158 5452 dam
2195 5397 2247 5452 in
2285 5397 2399 5453 btec
2422 5397 2687 5469 supplicia
2727 5397 2834 5455 illis
2860 5398 3154 5455 constituta
3181 5396 3445 5455 incidant.

2121 5806 2236 5880 (A23)
2273 5809 2416 5880 Hap’
2440 5805 2676 5880 αὐτῶνε
2689 5806 2898 5872 Scribe,
2924 5824 2986 5862 π.
3011 5807 3180 5880 αὐτῷ.

2109 5877 2221 5950 (24)
2265 5879 2375 5935 Τὸν
2402 5877 2612 5948 λόχὸν.
2648 5878 3018 5945 Scribebatur,
3053 5879 3144 5933 τδν
3166 5879 3345 5944 λόγον.
