4078 6306
509 373 620 443 763

973 482 1440 543 CONSTITUTIO
1490 482 1631 543 VIII.

933 578 1012 634 De
1070 578 1252 633 multis
1308 578 1655 636 militaribus.

581 672 636 728 l.
661 669 779 727 Non
828 670 995 725 modo
1038 668 1093 725 in
1134 670 1280 725 veris
1316 669 1737 735 certaminibus,
1788 671 1883 727 sed
1922 669 2087 725 etiam

512 764 633 836 ipso
669 762 1082 820 exercitationis
1125 771 1394 832 tempore,
1422 775 1615 816 omnes
1642 761 1883 830 prefecti
1913 771 2078 833 atque

511 857 768 913 cohortes
796 855 1061 911 militares
1083 853 1445 921 convocandi,
1466 862 1521 909 et
1547 853 1628 909 hae
1654 854 1800 925 leges
1825 854 2090 923 militares

512 947 862 1004 recensendae
898 952 1051 1015 sunt,
1082 960 1203 1017 qua:
1226 945 1430 1003 multas
1460 944 1560 1003 has
1590 946 1903 1003 continent:

579 1225 635 1281 2.
669 1225 728 1281 Si
759 1225 917 1281 miles
961 1223 1228 1297 quintano
1256 1231 1353 1281 aut
1397 1233 1672 1297 quartauo
1701 1240 1802 1282 suo
1830 1224 2071 1283 adverse

513 1328 620 1386 tur,
659 1320 993 1390 eastigetur:
1042 1318 1128 1373 sin
1192 1326 1498 1389 quartanus
1534 1326 1629 1372 aut
1661 1323 1961 1390 quintanus
1987 1319 2085 1375 de-

511 1426 647 1466 cano
672 1426 773 1466 suo
804 1413 1138 1475 adversetur,
1172 1413 1469 1482 castigetur
1508 1426 1750 1481 quoque.
1788 1410 1885 1466 Sin
1926 1411 2089 1467 deca-

511 1514 615 1552 nus
663 1499 1003 1566 centurioni,
1045 1498 1162 1568 pari
1209 1499 1395 1553 modo.
1439 1496 1535 1553 Sin
1567 1500 1693 1567 quis
1742 1513 1810 1554 ex
1859 1500 2087 1557 cohorte

512 1596 708 1651 audeat
740 1599 843 1652 hoc
873 1599 1138 1653 adversus
1181 1610 1345 1652 suum
1397 1596 1570 1668 ipsius
1594 1595 1849 1654 comitem
1884 1596 2084 1667 facere,

513 1689 686 1758 capite
714 1690 1008 1759 plectatur.

585 1781 639 1835 5.
677 1779 735 1834 Si
779 1780 905 1851 quis
956 1778 1213 1850 iniuriam
1254 1797 1285 1836 a
1343 1796 1619 1852 quoquam
1667 1782 1961 1854 acceperit,
2014 1782 2085 1839 ad

1745 370 1945 434 LEON
1956 370 2024 431 lS
2051 368 2514 432 PHILOSOPHI

2121 488 2175 547 Δ

3661 370 3776 440 704

2774 480 3088 539 ΔΙΑΤΑΞΙΣ
3120 480 3203 539 H'.

2509 574 2647 644 Περί
2668 575 3111 645 στρατιωτικῶν
3125 577 3454 647 ἐπιτιμίων.

2256 668 2326 727 α’.
2363 672 2455 725 Δεῖ
2468 667 2561 726 οὖν
2589 671 2650 726 οὒ
2679 672 2839 743 μόνον
2860 671 2920 726 ὲν
2945 670 3124 743 καιρῷ
3142 672 3252 726 τῶν
3284 671 3504 745 ἀληθῶν
3518 671 3767 743 ἀγώνων,

2190 763 2329 818 ἀλλὰ
2366 765 2462 819 καί.
2487 765 2546 818 ὲν
2579 762 2661 836 τῷ
2686 763 2865 837 καιρῷ
2891 763 2994 835 τῆς
3053 763 3387 834 γυμνασίας,
3418 766 3771 837 συνηγμένων

2191 859 2448 913 ἁπάντων
2494 858 2603 913 τῶν
2661 875 2721 911 τε
2761 857 3041 931 ἀρχόντων
3072 858 3169 912 καὶ
3197 857 3307 911 τῶν
3357 857 3770 930 στρατιωτικῶν

2187 952 2509 1023 ταγμάτων,
2531 949 2960 1024 προσκαλεῖσθαι
2993 950 3224 1018 πάντας,
3277 950 3372 1005 καὶ
3422 949 3769 1020 ὑπαναγινὼ-

2191 1060 2341 1098 σκειν
2368 1042 2552 1106 αὐτοῖς
2580 1042 2649 1096 τὰ
2691 1042 2957 1114 εἰρημένα
2972 1040 3181 1112 νόμιμα
3197 1040 3566 1112 στρατιωτικὰ
3595 1039 3769 1095 ὲπιτι·

2190 1153 2291 1207 μια
2315 1135 2507 1205 ἔχοντα
2539 1131 2713 1197 οὕτως
2728 1149 2745 1165 ο

2261 1226 2326 1299 β’.
2369 1228 2493 1281 Ἐὰν
2513 1226 2854 1299 στρατιώτης
2882 1224 2959 1297 τῷ
2986 1224 3101 1296 ἰδίῳ
3123 1228 3403 1299 πεντάρχῃ
3435 1224 3470 1296 ἢ
3490 1224 3765 1298 τετράρχῃ

2186 1316 2510 1390 ἱναντιωθῇ,
2546 1316 2996 1388 σωφρονιζέσθωο
3034 1315 3085 1370 εί
3112 1315 3169 1369 δὲ
3193 1316 3559 1388 τετράρχηςῆ
3608 1332 3765 1369 mina

2186 1411 2362 1484 άρχης
2393 1411 2471 1483 τῷ
2512 1410 2627 1483 ἰδίῳ
2661 1410 2934 1482 δεκάρχῳ,
2986 1408 3188 1481 ὁμοίως
3232 1408 3688 1480 σωφρονιζὲσθωο
3713 1408 3762 1462 εἰ

2183 1503 2240 1559 δὲ
2266 1504 2524 1575 δέκαρχοι
2546 1502 2624 1573 τῷ
2659 1502 2960 1575 πενταρχῃ.
2996 1501 3058 1554 Εἰ
3086 1500 3142 1555 δέ
3170 1517 3256 1565 τις
3282 1500 3392 1555 τῶν
3423 1500 3519 1555 τοῦ
3551 1501 3766 1571 τάγμα-

2182 1612 2275 1661 τος
2324 1596 2577 1668 τολμήσῃ
2609 1597 2771 1648 τοῦτο
2832 1595 3057 1665 ποιῆσαι
3085 1595 3165 1659 εἰς
3186 1592 3276 1649 τὸν
3307 1591 3503 1648 ἑαυτοῦ
3530 1595 3763 1665 κόμητα.

2190 1687 2463 1760 κεφαλικῇ
2494 1687 2737 1760 τιμωρίᾳ
2761 1686 3093 1741 ὑποκείσθω.

2258 1780 2328 1852 γ’.
2354 1780 2419 1835 Εἰ
2473 1780 2661 1852 μέντοι
2715 1778 2947 1851 ἀδικηθῇ
3013 1778 3167 1851 παρᾶ
3206 1795 3383 1845 τινος,
3423 1777 3505 1850 τῷ
3547 1776 3759 1850 ἄρχοντι

514 1874 753 1929 cohortis
779 1889 892 1929 suae
927 1873 1243 1945 praefectum
1280 1874 1516 1930 referat:
1566 1874 1652 1932 sin
1678 1874 1746 1930 ab
1784 1874 1906 1947 ipso
1938 1892 2079 1948 prte—

2188 1873 2283 1931 τοῦ
2338 1874 2617 1945 τάγματος
2679 1871 2986 1945 προσέλθῃ*
3038 1871 3174 1927 εἰδὲ
3206 1872 3356 1945 παρὰ
3408 1870 3505 1926 τοῦ
3566 1873 3755 1944 ἄρχον-

513 1965 655 2022 tecto
680 1966 928 2032 laedatur,
966 1966 1161 2038 majori
1191 1966 1357 2023 alicui
1388 1966 1647 2039 praefecto
1670 1978 1878 2025 narret.

580 2150 635 2205 4.
674 2149 731 2205 Si
765 2151 888 2221 quis
935 2151 1135 2208 audeat
1174 2151 1443 2223 magicam
1484 2167 1762 2221 exercere,
1804 2172 1915 2225 quo
1951 2164 2090 2211 tem—

513 2258 646 2316 pore
678 2245 943 2300 militares
969 2245 1195 2300 domum
1220 2260 1377 2301 suam
1408 2248 1780 2317 remittuntur,
1822 2259 2088 2319 perpetuo

514 2336 583 2391 ab
611 2336 867 2393 omnibus
901 2336 1125 2393 aciebus
1152 2336 1479 2407 expellatur.

584 2518 640 2573 5.
694 2517 752 2573 Si
791 2516 885 2590 qui
953 2518 1394 2588 conjurationem
1452 2525 1796 2589 autpactum
1861 2517 2085 2589 aliquod

513 2620 701 2665 contra
730 2610 1047 2682 praefectum
1086 2626 1246 2667 suum
1283 2612 1478 2682 quavis
1521 2611 1589 2665 de
1624 2625 1791 2667 causa
1837 2609 2085 2679 fecerint,

514 2703 691 2772 rapite
722 2704 1055 2774 plectantur,
1094 2711 1150 2758 et
1177 2703 1231 2757 in
1264 2701 1455 2773 primis
1486 2701 1587 2765 illi,
1619 2702 1715 2773 qui
1746 2702 1910 2774 hujus
1938 2704 2086 2761 sedi-

514 2795 677 2851 tionis
700 2803 755 2851 et
782 2795 1182 2865 conjurationis
1218 2803 1475 2851 auctores
1508 2793 1733 2851 fuerint.

576 2979 635 3035 6.
667 2978 724 3034 Si
776 2979 864 3035 cui
906 2978 1156 3035 custodia
1206 2977 1449 3033 civitatis
1478 2986 1571 3033 aut
1599 2977 1807 3034 castelli
1855 2979 2086 3051 alicujus

513 3072 799 3127 commissa
820 3080 925 3135 est,
957 3072 1112 3142 isque
1134 3086 1256 3127 eam
1280 3070 1603 3142 prodiderit,
1627 3079 1723 3126 aut
1752 3071 1924 3127 invito
1947 3088 2085 3143 pm:-

2186 1984 2278 2030 τος
2340 1963 2506 2019 αὑτοῦ
2561 1964 2834 2038 ἀδικηθῇ,
2889 1963 2967 2036 τῷ
3047 1963 3255 2036 μείζονι
3317 1965 3538 2039 ἄρχοντι
3595 1982 3758 2037 προσ-

2188 2056 2342 2131 ἐλθῃ.

2257 2148 2321 2206 δ’.
2352 2149 2478 2204 Ἐάν
2506 2166 2591 2213 τις
2621 2147 2869 2222 τολμήσῃ
2899 2147 3163 2220 βαγεῦσαι
3194 2147 3304 2221 (ἳδ)
3342 2148 3484 2221 ὑπὲρ
3518 2148 3609 2202 τὸν
3641 2148 3759 2219 χρόο

2187 2258 2279 2297 νον
2310 2258 2408 2295 του
2436 2240 2736 2311 κομεάτου,
2783 2241 2950 2311 ἧγουν
2981 2239 3080 2311 τῆς
3112 2237 3429 2301 ἀπολύσεως
3459 2239 3570 2292 τῶν
3598 2255 3758 2310 στρα-

2185 2334 2397 2389 τιωτῶν
2428 2336 2509 2398 εἰς
2537 2333 2664 2399 τοὺς
2687 2332 2854 2399 ἰδίους
2877 2331 3085 2399 οἴκους,
3112 2333 3194 2397 εἰς
3215 2330 3440 2406 διηνεκῆ
3455 2328 3761 2397 ταξατέωνα

2186 2426 2519 2500 κατακριθῇ.
3278 2474 3283 2479 .

2267 2520 2331 2575 ε’.
2355 2520 2419 2575 Εἰ
2448 2518 2504 2573 δέ
2529 2536 2676 2583 τινες
2705 2518 3021 2590 τολμήσωσι
3054 2515 3471 2589 compascth
3505 2516 3755 2589 φατρίαν,

2188 2614 2330 2671 κατὰ
2360 2613 2455 2669 τοῦ
2485 2612 2745 2686 ἄρχοντος
2772 2609 2867 2666 τοῦ
2925 2610 3056 2664 ἰδίου
3084 2612 3329 2681 ποιῆσαι,
3370 2609 3511 2683 ὑπὲρ
3541 2610 3761 2687 οἰασδήτ

2188 2725 2319 2763 ποτε
2349 2707 2550 2772 αἰτίας,
2611 2705 2880 2776 κεφαλικῇ
2917 2702 3158 2774 τιμωρίᾳ
3199 2700 3574 2773 ὕποδληθῶσι,
3622 2700 3762 2756 κατὰ

2185 2800 2467 2873 ἐξαίρετον
2485 2798 2535 2851 οἱ
2565 2796 2773 2867 πρῶτοι
2800 2798 2901 2866 τῆς
2945 2792 3291 2865 συνομωσίας
3321 2791 3355 2864 ἢ
3388 2791 3487 2864 τῆς
3520 2791 3763 2856 στάσεως

2185 2893 2492 2963 γενόμενοι.

2260 2986 2334 3051 ς’.
2367 2987 2434 3041 Εἴ
2462 3004 2545 3051 τις
2561 2986 2961 3060 παραφυλακήν
2989 2987 3195 3050 πόλεως
3223 2986 3256 3059 ἢ
3281 2986 3519 3055 κάστρου
3543 2996 3765 3035 πιστευ-

2187 3083 2302 3146 θεὶς
2328 3081 2484 3135 τοῦτο
2511 3081 2833 3155 παραδώσῃ,
2851 3081 2885 3151 ἢ
2914 3080 3064 3153 παρὰ
3096 3078 3322 3151 γνώμην
3360 3077 3456 3131 τοῦ
3505 3076 3763 3146 ἄρχοντος

512 3160 653 3218 fecto
717 3160 1045 3229 deseruerit,
1110 3169 1357 3216 extremo
1422 3160 1691 3232 supplicio
1757 3162 2079 3218 afliciatur:

2188 3174 2351 3230 αὑτοῦ
2382 3175 2591 3229 ἐκεῖθεν
2622 3176 2975 3248 ἀναχωρήσῃ.
3008 3174 3215 3246 ἐσχάτῃ
3242 3171 3484 3245 τιμωρίᾳ
3519 3166 3760 3238 ὑποϐλη-

580 3344 636 3400 7.
662 3344 719 3399 Si
749 3344 871 3415 quis
899 3343 1142 3414 seipsum
1198 3341 1440 3397 inimicis
1472 3345 1700 3413 prodere
1728 3346 1865 3402 velle
1888 3347 2083 3418 depre-

517 3437 812 3502 hendatur,
848 3444 1096 3491 extremo
1125 3435 1395 3506 supplicio
1421 3436 1708 3492 afliciatur.

564 3543 858 3616 Nequeille
910 3544 1107 3608 solum,
1135 3543 1229 3599 sed
1261 3544 1309 3599 is
1337 3546 1500 3600 etiam
1534 3546 1627 3615 qui
1660 3561 1783 3601 cum
1829 3552 2085 3606 conscius

514 3638 677 3709 hujus
709 3637 992 3702 facinoris,
1022 3636 1074 3692 id
1104 3637 1284 3708 ipsum
1325 3645 1504 3692 tamen
1553 3636 1810 3709 prmfecto
1842 3640 2085 3697 indicare

514 3731 713 3787 noluit.

582 3824 637 3881 8.
672 3822 729 3880 Si
776 3823 901 3895 quis
942 3839 1067 3879 cum
1110 3822 1303 3880 derani
1358 3823 1615 3880 mandata
1662 3824 1922 3892 audierit,
1973 3842 2083 3883 non

514 3925 641 3990 agat
663 3933 750 3984 ea,
776 3917 1095 3986 castigetur.
1133 3916 1228 3973 Sin
1258 3928 1480 3988 propter
1514 3920 1876 3989 ignorantiam
1909 3920 2087 3976 offen-

513 4009 675 4068 derit.
703 4008 945 4064 decanus
971 4008 1105 4080 ipse,
1137 4009 1231 4079 qui
1265 4008 1371 4065 hoc
1404 4008 1478 4064 illi
1513 4024 1622 4065 non
1682 4008 1963 4076 indicavit,
1996 4026 2088 4068 ca-

513 4102 761 4171 stigetur.

585 4192 641 4248 9.
682 4191 741 4248 Si
785 4193 913 4261 quis
951 4192 1188 4249 bestiam
1238 4192 1480 4265 aliquam
1531 4202 1625 4249 aut
1675 4209 1789 4251 rem
1836 4196 1951 4253 sive
1976 4212 2091 4253 ma-

514 4302 677 4359 gnam
713 4286 828 4342 sive
876 4302 1101 4358 parvam
1151 4287 1441 4356 invenerit,
1479 4298 1532 4343 et
1562 4303 1681 4344 eam
1708 4287 1964 4359 praefecto
1987 4304 2091 4346 suo

515 4397 622 4437 non
651 4380 959 4447 tradiderit,
1004 4389 1118 4436 tum
1151 4381 1289 4453 ipse,
1317 4390 1430 4435 tum
1465 4382 1556 4452 qui
1588 4383 1843 4440 conscius
1881 4383 1954 4439 illi
1985 4394 2086 4449 est,

515 4472 674 4544 quasi
712 4472 860 4528 fures
900 4472 1120 4541 utrique
1147 4472 1503 4541 castigentur.

587 4705 677 4760 10.
714 4702 770 4760 Si
810 4704 934 4774 quis
981 4703 1240 4759 damnum
1296 4703 1560 4775 municipi
1613 4717 1714 4760 suo
1765 4701 1977 4770 fecerit,
2031 4715 2088 4763 et

516 4796 649 4853 illud
677 4795 959 4851 voluntate
980 4808 1217 4867 suanon
1242 4794 1572 4861 resarcierit,
1596 4795 1814 4866 duplam
1842 4794 1917 4851 illi
1948 4798 2088 4853 mul«

516 4897 629 4943 tam
663 4886 958 4959 persolvat.
1044 4880 1052 4889 '

589 4980 682 5036 11.
712 4978 772 5034 Si
812 4978 940 5049 quis
972 4978 1159 5049 aliquo
1190 4975 1493 5033 vacationis
1536 4984 1784 5049 tempore
1816 4980 2089 5037 intermis-

516 5074 728 5132 sionem
787 5073 1029 5144 aliquam
1069 5072 1289 5137 habeat,
1321 5080 1376 5129 et
1405 5086 1470 5128 eo
1504 5080 1749 5143 tempore
1793 5088 1947 5130 arma
1990 5091 2090 5131 sua

515 5168 840 5240 neglexerit,
865 5176 920 5222 et
948 5166 1188 5224 decanus
1213 5181 1339 5222 eum
1363 5181 1469 5222 non
1501 5166 1739 5237 coegerit
1767 5182 1907 5223 nova
1938 5184 2058 5224 com
2074 5199 2091 5214 -

516 5274 736 5331 parare,
764 5270 859 5316 aut
895 5259 1086 5316 saltem
1114 5259 1371 5331 praefecto
1402 5274 1503 5314 suo
1525 5257 1630 5313 hoc
1669 5274 1779 5313 non
1811 5260 2087 5316 indicave-

516 5354 610 5422 rit,
645 5362 761 5410 tum
803 5353 984 5421 miles,
1024 5362 1137 5409 tum
1167 5353 1411 5410 decanus
1443 5352 1807 5423 castigentur.

2187 3270 2429 3429 θήὲῗτέί
2450 3380 2534 3427 τις
2562 3361 2794 3435 ἐλεγχθῇ
2825 3358 3060 3433 θελήσας
3083 3359 3297 3432 ἐχθροῖς
3338 3356 3534 3414 ἑαυτὸν
3584 3340 3761 3427 παραξ

2182 3456 2386 3540 δοῦναι,
2426 3460 2492 3530 τῇ
2517 3457 2723 3530 ἐσχάτῃ
2745 3453 2986 3527 τιμωρίᾳ
3014 3453 3318 3526 ὑποσληθῇ.

2246 3572 2321 3627 Οὔ
2347 3574 2506 3645 μόνον
2545 3571 2727 3637 αὐτὸς,
2752 3569 2889 3626 ἀλλὰ
2916 3572 3050 3626 καὶό
3081 3570 3238 3624 τοῦτο
3271 3567 3549 3632 συνειδώς-
3581 3563 3763 3635 utsii:

2184 3664 2342 3720 τοῦτο
2372 3665 2533 3735 γνοὺς
2572 3666 2649 3737 τῷ
2677 3665 2899 3738 ἄρχοντι
2937 3664 3038 3719 οὐκ
3085 3664 3374 3736 ἐμήνυσεν.

2259 3851 2333 3925 η’.
2364 3851 2435 3906 Εἴ
2464 3868 2549 3917 τις
2580 3850 2823 3916 ἀκούσας
2854 3851 2922 3906 τὰ
2976 3851 3219 3922 μανδάτα
3265 3848 3358 3905 τοῦ
3389 3849 3657 3920 δεκάρχου
3687 3847 3759 3921 μὴ

2191 3944 2428 4017 φυλάξῃ,
2496 3943 2937 4017 σωφρονιζέσθω.
2982 3944 3047 3998 Εἰ
3075 3943 3132 3997 δὲ
3155 3943 3362 4013 ἀγνοῶν
3413 3943 3481 3996 τά
3525 3944 3762 4015 μανδάτα

2192 4039 2422 4115 πταίσῃ,
2455 4041 2484 4094 ὁ
2515 4038 2787 4111 δεκάρχης
2816 4036 3255 4108 σωφρονιζέσθω,
3284 4034 3471 4107 ἐπειδὴ
3496 4034 3559 4088 οὗ
3583 4034 3762 4107 προεί-

2194 4150 2295 4187 πεν
2317 4132 2487 4205 αὐτῷ.

2263 4225 2328 4283 θ’.
2365 4226 2436 4281 Et
2482 4244 2568 4291 τις
2626 4226 2818 4297 ἄλογον
2852 4225 2987 4292 ζῶον
3032 4225 3066 4298 ἦ
3120 4225 3249 4281 ἄλλο
3276 4224 3585 4295 οἰονδήποτε
3626 4217 3761 4288 εἶδος

2194 4316 2448 4392 μικρὸνῆ
2485 4306 2626 4387 μέγα
2674 4316 2872 4388 εὑρὼν,
2905 4316 2980 4387 μὴ
3011 4315 3170 4369 τοῦτο
3198 4314 3506 4388 φανερώσῃ,
3565 4313 3662 4368 καὶ
3688 4310 3761 4382 τῷ

2192 4411 2409 4481 ἄρχοντι
2442 4409 2521 4481 τῷ
2545 4408 2661 4479 ἰδίῳ
2692 4408 3009 4480 παραδώσῃ,
3044 4404 3479 4477 σωφρονιζέσθω,
3519 4404 3580 4459 οὐ
3607 4404 3761 4475 μόνον

2196 4502 2378 4567 αὐτὸς,
2398 4502 2533 4556 ἀλλὰ
2554 4501 2646 4555 καὶ
2670 4502 2698 4555 ὁ
2725 4498 2981 4564 συνειδὼς
3009 4497 3254 4571 αὑτῷ,ὠς
3275 4498 3503 4552 κλέπται
3525 4497 3761 4568 ἀμφότε-

2196 4612 2297 4667 ροι.

2267 4710 2321 4765 ι’.
2382 4710 2452 4765 Εἴ
2507 4728 2593 4776 τις
2619 4708 2875 4784 ζημιώσῃ
2921 4708 3294 4782 συντελεστὴν,
3338 4709 3431 4763 καί
3461 4708 3537 4780 μὴ
3579 4708 3761 4763 τοῦτον

2192 4807 2509 4878 προαιρέσει
2529 4804 2976 4879 ἀποθεραπεύσῃ,
3004 4802 3144 4860 κατὰ
3170 4805 3228 4859 τὸ
3249 4804 3526 4859 διπλάσιον
3555 4802 3759 4877 τὴ-ιζη-

2194 4900 2325 4970 μίαν
2356 4897 2506 4970 αὐτῷ
2533 4900 2987 4972 ἀποκαταστήσῃ.

2264 4991 2353 5047 ια’.
2389 4993 2454 5047 Εἴ
2474 5011 2555 5055 τις
2589 4991 2882 5063 λαμϐάνων
2910 4991 3173 5047 ἀπόλυσιν
3210 4992 3267 5045 ὲν
3298 4988 3583 5063 εὐκαιρίας
3629 4989 3760 5062 ﬂon

2192 5102 2311 5157 ραις
2338 5084 2449 5138 τῶν
2472 5081 2667 5138 ἑαυτοῦ
2687 5084 2866 5138 ὃπλων
2898 5083 3310 5155 περιφρονήσει,
3348 5083 3443 5137 καὶ
3479 5085 3556 5156 μὴ
3576 5081 3761 5139 τοῦτο)

2187 5180 2215 5232 ὁ
2238 5177 2509 5248 δεκάρχης
2530 5176 2816 5249 ἀναγκάσῃ
2846 5177 3147 5248 κτήσασθαι
3183 5176 3317 5248 (26),
3341 5176 3376 5248 ἢ
3401 5178 3495 5231 καὶ
3525 5178 3604 5249 τῷ
3648 5177 3759 5249 ἰδίῳ

2187 5270 2409 5341 ἄρχοντι
2426 5270 2583 5324 τοῦτο
2610 5269 3013 5343 μὴ’φανερὼσῃ,
3031 5270 3125 5324 καὶ
3155 5272 3184 5324 ὁ
3211 5268 3550 5344 στρατιώτης
3577 5272 3755 5336 αὐτὼ,

2187 5361 2283 5414 καὶ
2309 5361 2337 5412 ὁ
2364 5359 2634 5429 δεκάρχης
2671 5360 3131 5432 σωφρονισθῶσιν.

2034 5502 2269 5562 ΝΟΤᾸΕ.

585 5610 701 5688 (25)
732 5613 1347 5688 Βαγξῦσαιᾼη-οοίίἰεο
1372 5614 1595 5688 videtur
1638 5614 1811 5673 fuisse
1831 5657 1845 5683 ,
1876 5615 2083 5688 μαγεῦ-

511 5699 626 5765 σαι.
653 5683 811 5770 Male.
830 5683 1021 5770 "Rufus
1051 5686 1106 5740 in
1140 5685 1272 5770 .Leg.
1313 5686 1497 5766 ιιιίιὶῑά
1518 5685 1584 5740 Εἰ
1600 5703 1683 5770 τις
1713 5683 2083 5770 τολμησῃβα-

513 5753 712 5829 γεῦσαι
754 5753 897 5829 ἕπερ
914 5755 1031 5829 μτδν
1056 5753 1248 5829 χρόνον
1276 5755 1397 5829 ’τοῦ⁸
1408 5756 1748 5827 κομμεάτου,
1775 5753 1885 5829 τῆς
1921 5753 2088 5829 ἄτρα-

513 5773 712 5824 τσυσαι
754 5773 859 5809 υπε
937 5773 1031 5809 τον
1056 5773 1248 5829 χρονον
1276 5773 1374 5810 του
1408 5773 1748 5827 κομμεατου,
1775 5775 1874 5829 της
1921 5775 1984 5812 στ
2022 5776 2088 5814 α-

510 5823 668 5893 «(ac
693 5773 1114 5894 ικσληεήσεται.
1147 5826 1308 5894 Apud
1356 5825 1580 5888 Graecos
1614 5830 1945 5897 posteriores
1989 5776 2090 5897 is.

2185 5616 2391 5698 γεύειν,
2432 5622 2756 5698 es_t__r_aga_r_i,
2784 5639 2983 5698 errore.
3024 5623 3222 5683 Suidas
3258 5622 3589 5698 ι·βαγεὺειν.
3618 5625 3755 5680 πλα-

2189 5689 2457 5759 νητεύειν.
2485 5689 2635 5748 Ἢὰό
2653 5692 2987 5750 Glossarium
3026 5704 3300 5753 nostrum.

2264 5759 2381 5845 ~(26)
2423 5761 2486 5845 ’ρ
2509 5762 2809 5845 δεκάρχης
2840 5766 3157 5839 ἀναγκάσῃ
3210 5767 3569 5839 κτήσασθαι.
3592 5767 3757 5826 Deest

2194 5832 2351 5899 ἄλλα,
2386 5842 2481 5889 aut
2511 5835 2616 5891 tale
2643 5832 2798 5899 quid.
