4078 6306
247 321 350 387 ’165

1331 327 1663 390 TACTICA.
1701 353 1768 364 -
1800 327 2299 390 CONSTITUTIO
2325 330 2490 394 VIII.

3401 334 3507 399 766

330 433 416 504 ιβ’.
457 432 525 489 Et
548 449 635 497 τις
663 433 739 505 μὴ
771 434 1058 510 ὑπακούσῃ
1088 435 1167 511 τῷ
1198 436 1314 511 ἰδίῳ
1341 438 1584 511 ἄρχοντι,
1615 457 1796 511 σωφρο

1903 492 1905 499 ,
1999 440 2088 495 12.
2139 441 2197 498 Si
2236 443 2361 513 quis
2419 440 2674 513 praefecto
2716 458 2819 500 suo
2867 459 2977 502 non.
3026 444 3503 520 obtemperaverit,

259 527 482 592 νιζέσθω
514 527 656 581 κατά
672 528 796 593 τοὺς
822 529 1043 600 νόμους.

329 615 414 687 ιγ.
447 619 514 672 EI
538 636 621 684 τις
678 620 930 693 ζημιώσῃ
984 621 1343 693 στρατιώτην,
1399 623 1458 676 ἐν
1508 622 1668 696 διτλῇ
1720 641 1822 678 πο-

260 707 439 778 σότητι
477 708 627 781 αὐτῷ
673 711 1130 784 ἀποκαταστήσῃ,
1190 713 1391 785 ὁμοίως
1437 713 1532 767 καὶ
1575 714 1824 768 συντελε-

259 801 405 872 στήν.

325 888 405 945 ιδ’.
434 891 497 946 Εί
541 891 598 946 δέ
635 891 694 947 ἐν
723 894 1140 968 παραχειμαδίῳ
1169 895 1314 950 ἐστὶν
1345 897 1373 950 ὁ
1423 895 1672 969 στρατὸς,
1726 894 1821 949 καὶ

253 983 394 1038 κατά
415 984 649 1057 πάροδον
689 987 718 1042 ὁ
746 987 952 1060 ἄρχων,
991 989 1025 1062 ἢ
1083 989 1112 1044 ὁ
1157 988 1515 1061 στρατιώτης,
1565 987 1820 1062 ζημιώσῃ

252 1078 629 1152 συντελεστὴν,
676 1080 770 1135 καὶ
810 1082 887 1154 μὴ
934 1082 1124 1136 τοῦτον
1179 1082 1406 1147 δεόντως
1439 1082 1821 1154 ἀποθεραπεύ-

251 1185 341 1242 σῃ,
365 1172 421 1224 ὲν
441 1171 603 1244 διπλῇ
635 1173 893 1245 ποσότητι
913 1173 1070 1228 τοῦτο
1092 1174 1241 1245 αὐτῷ
1265 1175 1713 1248 ἀποκαταστήσῃ.

319 1262 402 1318 ιε’.
445 1264 512 1318 EI
546 1281 632 1329 τις
671 1265 727 1318 ἐν
761 1265 937 1336 καιρῷ
985 1266 1224 1336 πολέμου
1257 1266 1379 1336 δίχα
1403 1266 1672 1336 κομεάτου
1704 1264 1817 1336 ('27)

245 1352 411 1423 ῆγουν
433 1355 745 1422 ἀπολύσεως
777 1357 870 1411 τοῦ
903 1357 1153 1430 στρατοῦ,
1188 1357 1519 1431 στρατιώτην
1551 1357 1819 1412 ἀπολῦσαι

241 1445 521 1520 τολμήσῃ,
561 1451 855 1521 τριάκοντα
885 1452 1238 1522 νομισμάτων
1266 1451 1456 1522 ποινὴν
1484 1451 1690 1505 διδότω.
1730 1450 1818 1504 Ἐν

241 1539 416 1609 καιρῷ
435 1540 491 1594 δὲ
511 1542 940 1613 παραχειμαδίου
964 1544 1040 1607 είς
1057 1543 1199 1615 δύοῆ
1218 1545 1363 1615 τρεῖς
1381 1542 1554 1614 μῆνας
1576 1541 1814 1596 ποιείτω·

239 1633 299 1685 ἐν
331 1633 509 1706 καιρῷ
538 1635 593 1689 δὲ
619 1636 864 1708 εἰρήνης,
902 1637 1044 1691 κατά
1095 1637 1157 1690 τὸ
1207 1637 1481 1708 διάστημα
1523 1637 1622 1707 τῆς
1645 1637 1819 1706 ὲπαρο-

1931 532 2144 604 legibus
2171 536 2489 605 castigclur.

2003 628 2089 683 15.
2121 627 2178 683 Si
2201 630 2326 700 quis
2355 628 2618 687 damnum
2669 632 2827 689 militi
2855 642 2953 690 aut
2983 634 3249 708 municipi
3290 637 3502 708 fecerit,

1930 722 2157 794 duplum
2195 724 2273 779 illi
2303 725 2575 782 restituat.

2006 903 2094 960 M.
2136 903 2193 960 Si
2221 905 2276 960 in
2304 905 2551 964 hibernis
2583 907 2747 964 fuerit
2779 911 3079 982 exercitus,
3101 923 3155 971 et
3184 915 3238 971 in
3273 916 3501 988 ipsoiti—

1929 1011 2058 1052 nere
2082 997 2195 1052 dux
2232 999 2316 1055 vel
2356 1000 2513 1056 miles
2562 1001 2824 1059 damnum
2888 1005 3150 1079 municipi
3191 1009 3402 1080 fecerit,
3439 1022 3498 1067 et

1928 1088 2063 1145 illud
2113 1089 2333 1156 iterum,
2367 1093 2822 1162 quemadmodum
2852 1112 2951 1167 par
2980 1107 3083 1165 est,
3116 1114 3226 1155 non
3251 1116 3501 1174 compen-

1928 1184 2152 1254 saverit,
2189 1185 2413 1255 duplum
2446 1186 2522 1241 illi
2551 1187 2862 1257 persolvere
2892 1200 3140 1261 cogatur.

1998 1279 2087 1335 15.
2121 1279 2178 1334 Si
2207 1279 2332 1350 quis
2357 1281 2481 1336 belli
2511 1291 2756 1353 tempore
2785 1283 2906 1339 sine
2934 1297 3264 1356 commeatu,
3304 1288 3356 1343 id
3389 1299 3496 1354 est,

1925 1365 2251 1423 dimissione
2298 1367 2589 1434 exercitus,
2663 1369 2890 1425 militem
2949 1371 3224 1431 dimittere
3274 1377 3492 1443 audeat,

1926 1457 2148 1530 triginta
2204 1461 2448 1516 nummis
2504 1461 2786 1517 multetur.
2835 1461 3089 1521 Hibernis
3127 1477 3310 1523 autem
3354 1470 3494 1527 duos

1925 1559 2023 1607 aut
2054 1562 2163 1608 tres
2192 1568 2408 1610 menses
2441 1554 2543 1611 hoc
2569 1554 2774 1612 faciat:
2804 1557 2958 1628 pacis
2985 1567 3231 1630 tempore
3261 1578 3363 1633 pro
3410 1565 3493 1619 in-

1926 1645 2153 1700 tervallo
2201 1646 2307 1701 loci
2334 1657 2672 1705 commeatus
2727 1650 2843 1707 sive
2891 1651 3230 1710 dimissionis
3277 1664 3493 1728 tempus

238 1725 363 1795 χίας
388 1728 420 1780 ὁ
449 1727 551 1798 τῆς
574 1727 890 1793 ἀπολύσεως
916 1728 1107 1799 καιρὸς
1136 1729 1212 1801 τῷ
1238 1732 1544 1803 στρατιώτῃ
1569 1728 1794 1782 διδόσθω

1928 1736 2089 1792 militi
2120 1738 2472 1796 concedatur.

311 1819 409 1887 ις’.
435 1821 505 1875 Εἴ
551 1838 632 1884 τις
667 1821 820 1875 πόλιν
851 1821 884 1892 ἦ
922 1822 1154 1893 κάστρον
1187 1821 1496 1885 πιστευθεὶς
1529 1823 1609 1884 εἰς
1635 1838 1810 1892 παρα-η

237 1911 489 1984 φυλακὴν
550 1909 706 1964 τοῦτο
770 1911 1070 1981 προδώσει,
1129 1911 1162 1982 ἢ
1217 1913 1386 1982 χωρὶς
1438 1910 1682 1982 ἀνάγκης
1732 1911 1812 1973 είς

234 2004 380 2076 ζωὴν
431 2000 815 2073 συντεινούσης
861 2003 1233 2074 ἀναχωρήσῃ,
1296 2003 1592 2073 δυνάμενος
1649 2000 1810 2056 τοῦτο

231 2096 539 2168 ἐκδικῆσαι,
565 2093 833 2165 κεφαλικῇ
877 2096 1119 2165 τιμωρία
1166 2095 1567 2149 ύποϐαλλέσθω.

304 2189 391 2253 ιζ’.
423 2186 615 2242 Ταῦτα
645 2187 742 2256 μὲν
772 2185 868 2240 καὶ
899 2187 956 2239 ἐν
995 2187 1171 2259 καιρῷ
1195 2189 1499 2258 γυμνασίας
1521 2188 1659 2258 ὁμοῦ
1688 2206 1812 2243 συν-

227 2281 492 2354 ηγμένων
553 2279 663 2335 τῶν
737 2279 1085 2350 στρατιωτῶν
1153 2280 1685 2350 ύπαναγινωσκὲσθω
1739 2281 1809 2335 τά

228 2374 525 2446 ἐπιτίμια,
585 2373 678 2426 καὶ
731 2374 788 2425 ὲν
849 2372 1021 2444 ἑτέρῳ
1077 2372 1373 2443 οίῳδήποτε
1427 2372 1603 2445 καιρῷ
1669 2375 1808 2445 πρὸς

226 2466 433 2538 εἴδησιν
460 2467 570 2520 τῶν
603 2464 947 2538 στρατιωτῶν
1001 2465 1094 2518 καὶ
1125 2464 1232 2518 τῶν
1288 2464 1565 2535 ἀρχόντων
1597 2464 1802 2520 αὐτῶν.

299 2556 390 2631 ιη’.
423 2559 520 2611 Δεῖ
548 2558 605 2611 δὲ
640 2557 971 2628 συπαγῆναι
1005 2556 1187 2619 αὐτοῖς
1219 2556 1310 2610 καὶ
1348 2556 1415 2610 τά
1437 2556 1598 2610 λοιπά
1629 2558 1804 2612 ἐπιτίο

228 2671 353 2724 μια,
391 2653 497 2706 ὅσα
528 2652 648 2706 δέον
680 2652 738 2704 ἐν
764 2650 843 2722 τῷ
874 2649 1050 2722 καιρῷ
1072 2648 1166 2704 τοῦ
1202 2648 1442 2722 πολέμου
1493 2651 1806 2721 ἀναγκαίως

223 2746 609 2818 φυλάττεσθαι.

287 2839 373 2895 ιθ’.
408 2840 569 2895 Μετά
594 2837 686 2892 οὖν
726 2838 784 2891 τὸ
816 2839 1049 2911 ταγῆναι
1104 2837 1174 2892 τά
1226 2837 1484 2910 τάγματα
1528 2839 1802 2910 ἀναγινώ-

218 2951 409 2989 σκεται
445 2934 542 2987 καὶ
574 2933 743 2988 ταῦτα
763 2932 955 2998 οὕτως·

288 3028 357 3083 κ’.
408 3028 542 3082 Ἐὰν
601 3026 942 3098 στρατιώτης
994 3026 1051 3080 ὲν
1092 3025 1270 3097 καιρῷ
1321 3025 1676 3098 παρατάξεως
1707 3027 1802 3082 καί⁵

1996 1826 2079 1883 16.
2111 1826 2166 1881 Si
2197 1828 2287 1882 cui
2320 1830 2570 1886 custodia
2605 1831 2860 1900 civitatis,
2893 1843 2987 1889 aut
3015 1837 3222 1892 castelli
3251 1836 3485 1910 alicujus

1919 1919 2213 1975 commissa
2237 1931 2343 1986 est,
2376 1930 2431 1976 et
2464 1937 2584 1978 eam
2621 1925 2939 1995 prodiderit,
2972 1928 3056 1982 vcl
3086 1928 3204 1984 sine
3247 1932 3488 1986 necessi-

1921 2020 2030 2067 tate
2062 2012 2244 2082 aliqua
2292 2014 2358 2069 ad
2402 2015 2572 2070 vitam
2622 2018 2928 2087 pertinente
2979 2020 3320 2091 discesserit,
3361 2039 3489 2082 cum

1917 2107 2298 2176 possellocum
2328 2107 2635 2179 defendere,
2669 2112 2844 2183 capite
2874 2114 3159 2182 plectatur.

1994 2201 2081 2256 17.
2122 2200 2213 2257 liae
2242 2205 2584 2276 congregatis
2632 2205 2752 2276 ipso
2782 2210 3212 2269 ‘exercitationis
3247 2222 3489 2284 tempore

1916 2294 2206 2360 militibus,
2264 2305 2318 2351 et
2388 2297 2495 2354 alio
2542 2300 2736 2368 quovis
2790 2300 2988 2358 idoneo
3063 2311 3358 2376 tempore,
3417 2309 3486 2364 ad

1916 2387 2152 2444 militum
2220 2399 2276 2447 et
2342 2389 2723 2460 praefectorum
2793 2395 3082 2452 scientiam
3159 2401 3346 2456 multas
3403 2402 3484 2457 le-

1913 2491 2132 2551 guntur.

1985 2573 2073 2628 18.
2123 2574 2534 2632 ϐοηειίιιιοηᾱιε
2582 2589 2842 2647 praeterea
2892 2580 3001 2639 illis
3041 2585 3261 2657 reliquae
3301 2588 3484 2644 multa:

1911 2676 2074 2732 sunt,
2132 2682 2254 2739 quae
2325 2667 2450 2724 belli
2509 2677 2754 2743 tempore
2820 2677 3135 2735 necessario
3203 2681 3482 2737 servandae

1910 2769 2061 2816 sunt.

1982 2848 2069 2904 19.
2100 2846 2229 2905 Ροει
2260 2849 2556 2908 instructas
2584 2851 2857 2920 cohortes,
2897 2855 3011 2913 haec
3043 2856 3150 2915 illis
3175 2858 3427 2934 legantur
3463 2880 3476 2918 :

1973 3020 2068 3076 20.
2103 3020 2162 3077 Si
2205 3023 2360 3080 miles
2393 3025 2521 3081 belli
2553 3033 2795 3098 tempore
2831 3029 3002 3086 aciem
3062 3048 3218 3089 suam
3259 3045 3354 3091 aut
3380 3051 3477 3091 co-

216 3117 459 3188 πολέμου
490 3117 590 3190 τὴν
641 3116 796 3182 τάξιν
824 3118 858 3188 ἢ
891 3117 953 3171 τὸ
1000 3116 1191 3188 βάνδον
1258 3116 1425 3170 αὑτοῦ
1477 3118 1613 3190 ὲάσῃ
1648 3117 1796 3191 καὶῆ

1909 3115 2118 3170 hortem
2163 3118 2461 3188 reliquerit,
2494 3129 2588 3174 aut
2622 3120 2914 3192 aufugerit,
2948 3134 3042 3180 aut
3080 3126 3259 3183 locum
3293 3129 3345 3183 in
3367 3145 3477 3200 quo

214 3211 386 3282 φύγῃ,
411 3210 445 3283 ἢ
472 3210 570 3264 τοῦ
600 3210 769 3264 τόπου
799 3211 858 3263 ἐν
994 3209 1163 3282 ὲτάγη
1199 3207 1546 3280 προπηδήσῃ,
1600 3210 1634 3279 ἦ
1671 3227 1802 3264 σκυ-

212 3303 382 3377 λεύσῃ
414 3306 631 3374 νεκρὶν,
659 3302 692 3374 ἦ
717 3304 796 3367 είς
839 3299 1114 3368 ὲπιδίωξιν
1150 3301 1361 3373 ἐχθρῶν
1383 3302 1728 3376 καταδράμῃ,
1765 3301 1798 3374 ἢ

208 3399 417 3471 τούλδῳ
460 3397 499 3469 ἢ
531 3397 782 3469 φοσσάτῳ
833 3396 1042 3468 ἐχθρῶν
1095 3395 1322 3470 ἐπέλθῃ,
1371 3394 1665 3466 κελεύομεν
1706 3398 1800 3451 κο.)⁸

171 3533 174 3535 μ
207 3492 750 3567 τιωρεῖσθαιαύτὸν
776 3489 1106 3560 κεφαλικῶς,
1122 3490 1215 3543 καὶ
1236 3492 1413 3544 πάντα
1429 3490 1518 3556 τά,
1538 3492 1613 3551 ώς
1629 3490 1797 3558 εἰκὸς,

206 3586 340 3658 παρ’
392 3583 564 3640 αὑτοῦ
612 3582 974 3655 εὑρισκόμενα
999 3582 1350 3654 ἀφαιρεῖσθαι
1388 3583 1483 3635 καὶ
1532 3581 1608 3653 τῷ
1635 3581 1798 3654 κοινῷ

204 3679 445 3734 δίδοσθαι
486 3679 581 3732 τοῦ
628 3680 930 3747 τάγματος,
963 3675 1038 3740 ώς
1062 3675 1159 3746 τὴν
1195 3674 1350 3742 τάξιν
1386 3673 1793 3747 παραλύσαντα,

204 3773 437 3837 καὶτοῖς
466 3771 675 3842 ἐτέροις
715 3769 826 3841 (28)
853 3769 1016 3822 αὑτοῦ
1054 3766 1537 3821 ἐπιϐουλεύσαντα.

279 3863 390 3921 κα’.
429 3863 560 3918 Ἐἀν
591 3864 650 3918 ἐν
683 3861 859 3934 καιρῷ
881 3861 1148 3934 δημοσίας
1181 3860 1545 3932 παρατάξεως
1574 3859 1607 3932 ἢ
1656 3879 1793 3932 συμ-

200 3956 367 4029 ϐολῆς
395 3957 599 4028 τροπὴ,
623 3957 761 4026 ὅπερ
785 3955 972 4025 ἀπείη,
1001 3955 1227 4024 γένηται
1251 3954 1380 4008 ἀνευ
1403 3953 1546 4017 τινὸς
1566 3953 1792 4023 εὐλόγου

198 4049 294 4103 καὶ
327 4050 574 4120 φανερᾶς
607 4047 810 4113 αἰτίας,
856 4046 1149 4118 κελεύομεν
1177 4047 1304 4111 τοὺς
1335 4045 1672 4118 στρατιώτας
1695 4046 1790 4100 τοῦ

199 4141 430 4214 πρώτου
464 4141 765 4210 φεύγοντος
797 4141 1078 4224 τάγματος
1111 4139 1206 4193 καὶ
1254 4137 1663 4210 ἀναχωροῦντος
1693 4141 1790 4211 τῆς

195 4233 588 4304 παρατάξεως,
619 4233 736 4303 ἦτοι
775 4229 868 4286 τοῦ
931 4230 1064 4283 ίδίου
1127 4231 1349 4302 μέρους,
1399 4229 1526 4292 τοὺς
1573 4230 1654 4292 εἰς
1690 4229 1791 4302 τὴν

196 4329 383 4398 μάχην
406 4324 677 4394 ταγέντας
698 4322 1186 4389 ἀποδεκατοῦσθαι,
1217 4323 1312 4376 καὶ
1333 4322 1436 4375 ὑπὸ
1458 4321 1567 4375 τῶν
1586 4321 1788 4376 λοιπῶν

191 4421 501 4492 ταγμάτων
534 4436 598 4472 κα
609 4417 1012 4485 τατοξεύεσθαι,
1035 4415 1110 4481 ὡς
1130 4417 1227 4489 τὴν
1253 4413 1406 4481 τάξιν
1439 4414 1787 4487 παραλύσαν-

1908 3207 2266 3263 constituitur
2291 3211 2662 3277 anteverterit,
2699 3212 2781 3267 vel
2817 3215 3049 3271 cadaver
3069 3217 3474 3289 despoliaverit,

1906 3301 1989 3356 vel
2020 3301 2088 3356 ad
2128 3301 2494 3372 insequendos
2541 3305 2725 3360 hostes
2775 3311 3102 3378 exeurrerit,
3154 3316 3237 3366 vel
3268 3313 3333 3368 ad
3365 3315 3474 3368 tul-

1903 3394 2054 3458 dum,
2091 3394 2206 3450 sive
2238 3395 2648 3466 impedimenta,
2692 3398 2778 3453 vel
2803 3399 3091 3467 fossatum,
3151 3404 3206 3460 id
3238 3415 3342 3472 est,
3378 3424 3470 3462 ca-

1902 3497 2016 3544 stra
2047 3488 2286 3543 hostium
2322 3489 2633 3554 accesserit,
2670 3491 2848 3561 capite
2881 3494 3162 3561 multetur,
3202 3507 3256 3554 et
3287 3503 3469 3575 omnia

1901 3582 2042 3637 bona
2072 3582 2454 3648 detrahantur,
2484 3592 2540 3638 et
2582 3584 2790 3640 cohorti
2825 3588 3112 3658 universae,
3144 3592 3270 3663 quia
3298 3594 3466 3650 aciem

1899 3673 2202 3728 dissolvere
2240 3676 2537 3747 cogitabat,
2568 3689 2621 3734 et
2649 3680 2774 3735 aliis
2817 3679 3044 3740 insidias
3077 3689 3340 3756 struebat,
3361 3688 3470 3746 dis-

1899 3761 2232 3820 tribuantur.

1959 3859 2052 3914 2l.
2102 3858 2157 3913 Si
2187 3859 2457 3916 universa:
2491 3861 2626 3917 aciei
2661 3862 2961 3931 instructae.
2993 3873 3086 3920 aut
3121 3866 3293 3937 ipsius
3333 3884 3466 3924 con-

1895 3949 2214 4007 ﬂictationis
2255 3962 2522 4022 tempore,
2557 3953 2682 4024 fuga
2727 3956 2893 4024 (quod
2943 3957 3148 4029 absit!)
3200 3961 3346 4014 nulla
3377 3977 3467 4016 ra-

1898 4043 2147 4098 tionabili
2192 4044 2259 4100 de
2304 4059 2471 4100 causa
2514 4058 2774 4118 certaque
2817 4047 2929 4115 fiat,
2963 4051 3337 4122 praecipimus,
3365 4055 3466 4108 mi—

1895 4136 2016 4192 lites
2066 4138 2312 4194 cohortis
2365 4138 2503 4208 ejus,
2559 4155 2681 4210 quae
2729 4141 2906 4212 primo
2957 4153 3106 4215 terga
3167 4145 3350 4213 dabat,
3411 4158 3466 4202 et

1890 4227 2126 4298 primum
2193 4243 2260 4283 ex
2321 4230 2438 4285 acie
2491 4229 2784 4296 discessit,
2847 4233 3126 4302 decimari,
3175 4246 3228 4292 et
3292 4253 3322 4292 a
3380 4254 3466 4294 re-

1891 4321 2055 4391 liquis
2084 4320 2405 4378 cohortibus
2450 4323 2668 4394 sagittis
2726 4324 2945 4397 conflgi,
2977 4329 3106 4398 quia
3137 4329 3310 4384 aciem
3346 4329 3459 4386 dis—

1891 4411 2192 4476 solvet-unt,
2246 4419 2300 4466 et
2345 4407 2598 4469 auctores
2639 4415 2790 4469 omni
2815 4432 2880 4471 ex
2923 4429 3076 4488 parte
3127 4419 3289 4490 hujus
3321 4420 3461 4495 fugae

189 4531 314 4582 τας,
346 4513 447 4568 καὶ
464 4511 673 4576 αἰτίους
708 4514 802 4583 τῇς
818 4509 912 4565 τοῦ
934 4510 1138 4594 παντὸς
1172 4509 1371 4582 μέρους
1402 4509 1606 4581 τροπῆς
1629 4525 1782 4577 γενο-
1811 4493 1857 4550 Ῑ)
1885 4503 2129 4559 fuerunt.

237 4609 419 4672 ένους.

190 4627 473 4772 “az-:22}!
501 4701 558 4754 δὲ
586 4700 767 4772 συμϐῇ
818 4716 968 4763 τινας
1005 4699 1060 4750 ἐν
1086 4697 1292 4762 αὐτοῖς,
1341 4698 1416 4761 ὼς
1445 4696 1608 4763 εἰκὸς,
1641 4694 1778 4769 πλη-

181 4797 394 4868 τάτους
429 4797 489 4850 ἐν
520 4793 659 4865 αὐτῇ
693 4796 760 4864 τῇ
795 4791 1036 4864 συμϐολῇ
1058 4810 1083 4859 γ
1105 4789 1334 4856 ςνέσθαι,
1366 4788 1606 4854 ἐκείνους
1636 4787 1780 4842 ἐλευ-

182 4888 386 4960 θέρους
411 4887 509 4942 τοῦ
543 4886 788 4940 τοιούτου
817 4885 1164 4956 ἐγκλήματος
1189 4877 1349 4938 ι,Τναω

257 4980 368 5055 κγ.
413 4979 543 5033 Ἐἀν
567 4978 758 5049 βάνδου
805 4977 1092 5047 ἀφαίρεσις
1123 4974 1227 5028 ὑπὸ
1265 4973 1474 5044 εχθρῶν
1524 4971 1772 5045 γένηται,

177 5072 323 5144 ὅπερ
353 5071 547 5142 ἀπείη,
573 5069 700 5124 ἀνευ
745 5067 886 5130 τινὸς
925 5065 1148 5135 εὐλόγου
1187 5065 1283 5118 καὶ
1343 5066 1581 5135 φανερᾶς
1633 5081 1768 5134 προ-

181 5163 431 5233 φάσεως,
472 5157 765 5228 κελεύομεν
812 5155 939 5220 τοὺς
989 5155 1087 5226 τὴν
1145 5153 1392 5225 φυλακὴν
1424 5151 1519 5206 τοῦ
1579 5152 1766 5223 βάνδου

180 5254 587 5317 πιστευθέντας
605 5250 1056 5325 σωφρονίζεσθαι,
1081 5249 1176 5303 καὶ
1197 5245 1478 5311 παντελῶς
1505 5247 1768 5315 ἐσχάτους

175 5346 434 5417 γίνεσθαι
463 5344 574 5397 τῶν
602 5342 920 5415 ἀρχομένων
951 5341 1042 5394 ὑπ’
1066 5337 1267 5403 αὐτῶν,
1299 5339 1395 5392 καὶ
1417 5338 1667 5408 ἀτίμους.
1702 5337 1767 5391 Εί

173 5441 234 5497 δὲ
270 5439 462 5512 συμϐῇ
499 5453 652 5502 τινας
679 5435 858 5490 αὐτῶν
885 5433 1226 5505 μαχομένους
1271 5431 1518 5501 γίνεσθαι
1555 5431 1768 5500 πληγὰ-

176 5550 330 5599 τους,
352 5533 486 5594 τοὺς
514 5528 790 5590 τοιούτους
821 5525 1143 5597 ἐλευθέρους
1179 5523 1273 5578 τοῦ
1311 5521 1635 5597 [ἐπιῙτιμίου
1658 5539 1769 5576 τοι·

179 5625 341 5680 ούτου
378 5619 873 5694 ἐπιφυλάττεσθαι.

1957 4687 2046 4742 2‘2.
2087 4684 2183 4742 Sin
2218 4688 2484 4758 quosdam
2522 4703 2587 4743 ex
2633 4689 2742 4746 illis
2775 4691 3052 4751 sauciatos
3081 4709 3204 4753 esse
3238 4698 3457 4756 contin-

1885 4789 1995 4849 gat,
2027 4796 2124 4836 eos
2167 4781 2316 4835 omni
2344 4780 2446 4837 hoc
2477 4779 2710 4838 crimine
2749 4783 3050 4845 liberamus
3091 4798 3255 4862 atque
3283 4796 3456 4852 exsol-

1884 4875 2084 4930 vimus.

1950 4965 2042 5020 25.
2086 4965 2141 5021 Si
2178 4965 2364 5032 bandi,
2396 4967 2448 5023 id
2487 4978 2588 5037 est,
2632 4971 2876 5029 cohortis
2908 4973 3144 5046 alicujus
3177 4977 3245 5034 ab
3284 4979 3455 5038 hosti-

1878 5059 1983 5115 bus
2012 5059 2224 5129 ereptio
2252 5060 2365 5129 fiat,
2394 5077 2516 5132 quae
2541 5064 2659 5120 sine
2691 5064 2800 5120 ulla
2837 5075 2984 5122 certa
3020 5079 3116 5124 aut
3162 5070 3450 5129 manifesta

1876 5167 2045 5208 causa
2079 5152 2331 5218 discedit,
2370 5152 2427 5207 hi
2470 5155 2670 5224 quibus
2719 5157 2965 5212 custodia
3007 5159 3172 5230 hujus
3204 5162 3451 5221 cohortis

1878 5244 2175 5300 commissa
2204 5254 2288 5301 est
2327 5248 2687 5318 castigentur,
2717 5257 2773 5304 et
2808 5250 3049 5306 omnium
3082 5253 3450 5324 subjectorum

1876 5337 2236 5408 ahjectissimi
2272 5339 2843 5413 contemptissimique
2873 5343 3002 5399 sint.
3047 5343 3144 5400 Sin
3179 5348 3444 5417 quosdam

1875 5442 1939 5481 ex
1997 5428 2106 5484 illis
2149 5430 2445 5502 pugnando
2489 5431 2766 5488 sauciatos
2822 5449 2944 5492 esse
2988 5436 3286 5512 contingat,
3311 5437 3448 5497 istos

1876 5517 1980 5574 hac
2016 5519 2187 5576 multa
2216 5519 2418 5578 liberos
2447 5535 2569 5579 esse
2599 5521 2874 5580 volumus.

1689 5708 1926 5769 NOTAE.

248 5822 364 5898 (2'1)
383 5820 533 5890 Λίχα
549 5817 859 5891 κομεὰτου.
877 5813 1253 5880 Scribebatur,
1278 5809 1401 5882 δίχα
1429 5807 1761 5882 κομητάτου.

1944 5808 2057 5882 (‘28)
2095 5808 2204 5865 Καὶ
2232 5806 2356 5878 τοῖς
2387 5807 2630 5880 ἑτέροις.
2663 5807 2880 5881 Scribe,
2905 5809 3004 5867 και
3036 5810 3152 5876 τοῖς
3185 5809 3442 5887 ιταιροις,

4039 38 4041 140 l

4039 167 4041 284 l

4039 371 4041 450 ι

4039 451 4041 564 l

4039 965 4041 1082 ψ

4039 1149 4041 1290 l
