4078 6306
626 316 738 382 767
1855 320 2133 384 LEONIS
2163 322 2631 387 PHILOSOPHI
3815 334 3923 401 768

700 428 792 483 24.
821 425 880 484 ει
902 427 1015 499 jam
1048 427 1279 492 fossato,
1326 430 1375 485 id
1420 440 1526 497 est,
1562 431 1763 489 castris
1792 434 1990 504 positis
2013 435 2231 490 contin-
2258 446 2303 503 Α

2410 438 2509 492 κδ’.
2553 437 2679 493 Ἐὰν
2706 438 2979 507 φοσσάτου
3000 437 3158 504 ὄντος
3187 439 3387 512 τροπὴ,
3412 439 3555 513 ὅπερ
3587 439 3793 510 ἀπείη,
3838 440 3928 512 μέ-

628 530 720 594 gat
761 523 929 593 (quod
970 522 1173 591 absit!)
1198 523 1435 593 alicujus
1476 532 1673 579 turmae
1715 527 1832 582 sive
1866 526 2002 581 aciei
2035 526 2219 599 fugam

2334 549 2461 603 ρους
2489 534 2522 605 ἢ
2560 532 2919 605 παρατάξεως
2945 532 3194 604 γένηται,
3214 533 3311 587 καὶ
3339 533 3474 605 μηδὲ
3502 533 3643 605 πρὸς
3673 532 3926 603 διφένσο-

629 615 768 684 ﬁeri,
801 630 979 689 neque
1039 615 1106 671 ad
1162 615 1482 672 defensores
1516 627 1838 684 accurrunt,
1886 635 2066 690 neque
2111 619 2219 676 fusi

2331 645 2430 697 ρας
2448 628 2862 699 προσδράμωσι,
2886 626 3011 698 μηδ’
3026 630 3084 681 ὲν
3107 625 3257 697 αὐτῷ
3275 625 3350 696 τῷ
3364 627 3619 696 φοσσάτῳ
3636 623 3923 695 καταφεύ-

626 719 675 764 et
700 707 865 777 fugati
894 709 962 764 ad
986 718 1163 764 castra
1193 709 1552 775 contendunt,
1581 710 1679 766 sed
1694 718 2010 781 contemptu
2035 711 2221 781 aliquo

2327 734 2466 786 γωσι
2483 718 2833 789 τρεπόμενοι,
2858 715 2995 770 ἀλλὰ
3015 714 3477 788 περιφρονοῦντες
3502 718 3560 770 ὲν
3578 716 3759 787 ἑτέρῳ
3780 716 3924 783 τόπῳ

627 802 694 857 ad
725 803 830 857 alia
856 802 976 857 loca
1011 802 1368 867 transvolant,
1402 802 1457 857 hi
1486 802 1582 872 qui
1618 802 1735 859 haec
1755 802 1962 857 faciunt
1988 803 2067 858 sic
2122 818 2221 873 pu-

2328 808 2751 880 προσδράμωσι,
2808 806 3106 877 κελεύομεν
3134 808 3261 871 τοὺς
3302 805 3462 861 τοῦτο
3512 805 3922 878 πράττειντολ-

626 895 849 949 niantur
862 893 1021 965 quasi
1034 901 1358 949 canterorum
1379 894 1687 964 proditores
1719 902 1774 951 et
1796 903 2215 967 contemptores.

2329 900 2548 971 μῶντας
2584 899 2949 971 τιμωρεῖσθαι
2994 899 3072 965 ὡς
3108 898 3222 953 τῶν
3264 900 3467 973 ἐτέρων
3504 896 3616 971 (‘29)
3651 915 3920 971 περιφρο-

2326 992 2624 1063 νήσαντας.

688 1080 779 1137 25.
813 1078 868 1135 Si
899 1078 1056 1136 miles
1086 1096 1139 1134 ιιι
1161 1079 1355 1151 proelio
1389 1094 1542 1135 arma
1567 1079 1816 1152 abjiciat,
1859 1081 2120 1151 puniatur
2147 1081 2215 1151 is,

2395 1089 2497 1138 κε’.
2542 1083 2667 1138 Ἐὰν
2695 1083 3037 1156 στρατιώτης
3081 1086 3152 1141 τὰ
3182 1084 3323 1139 ὅπλα
3352 1083 3517 1139 αὑτοῦ
3560 1082 3696 1154 ῥίψῃ
3726 1082 3794 1134 ὲν
3826 1097 3919 1134 πο·

623 1174 784 1245 quasi
816 1173 910 1245 qui
940 1174 1060 1245 ipse
1093 1190 1150 1230 se
1174 1174 1367 1243 nudat,
1401 1182 1455 1229 et
1488 1174 1678 1231 hostes
1703 1184 1902 1231 armat.

2323 1177 2498 1251 λέμῳ,
2528 1177 2825 1247 κελεύομεν
2855 1178 3017 1233 αὑτὸν
3040 1178 3423 1251 τιμωρεῖσθαι,
3454 1177 3530 1243 ὡς
3552 1173 3918 1247 γυμνώσαντα

2324 1268 2538 1332 ἑαυτὸν,
2580 1268 2674 1322 καὶ
2703 1272 2829 1334 τοὺς
2852 1269 3082 1343 ἐχθροὺς
3108 1271 3425 1326 ὁπλίσαντα.

698 1354 794 1410 ‘26.
824 1353 880 1410 Si
910 1354 1035 1423 quis
1068 1354 1361 1425 praefectus
1400 1368 1555 1409 arma
1585 1353 1747 1409 militi
1770 1354 2093 1424 detraxerit,
2130 1356 2216 1412 vel

2394 1366 2510 1427 κς’.
2557 1362 2683 1417 Ἐάν
2703 1379 2789 1427 τις
2813 1362 2931 1438 τῶν,
2974 1364 3253 1435 ἀρχόντων
3281 1366 3592 1439 παροπλίσῃ
3647 1373 3916 1438 στρατιὼο

623 1448 1038 1503 excusationem
1088 1462 1183 1515 pro
1220 1462 1287 1501 eo
1330 1446 1573 1501 attulerit
1612 1462 1715 1503 cur
1756 1448 1823 1502 ad
1874 1450 2017 1505 diem
2056 1468 2213 1508 com-

2320 1468 2443 1522 την,
2464 1452 2499 1523 ἢ
2532 1452 2833 1526 ὲξκουτεύῃ
2858 1452 2969 1525 (30)
2991 1455 3023 1524 ἦ
3058 1453 3132 1525 μὴ
3166 1454 3525 1510 συνεισελθεῖν
3546 1459 3605 1511 ὲν
3628 1457 3711 1528 τῷ
3740 1460 3915 1532 καιρῷ

628 1550 843 1598 meatus
869 1556 979 1596 non
1011 1544 1181 1605 venit,
1214 1551 1309 1595 aut
1336 1540 1428 1596 ubi
1454 1541 1680 1597 domum
1717 1554 1962 1612 venerat,
1992 1546 2066 1600 ita
2096 1561 2214 1601 ser-

2320 1545 2415 1599 τοῦ
2449 1545 2799 1619 φοσσάτου,ἢ
2838 1546 3161 1601 συνελθόντα
3183 1550 3264 1611 εἰς
3288 1547 3495 1603 οἰκείαν
3525 1552 3782 1625 κατάσχῃ
3800 1552 3916 1605 δουο

628 1635 763 1690 vitio
798 1636 953 1690 illum
983 1643 1315 1706 occupatum
1343 1635 1600 1700 detinuit.
1632 1647 1693 1692 ut
1727 1638 2021 1695 stationem
2055 1656 2211 1697 suam

2319 1638 2497 1703 λείαν,
2534 1638 2677 1692 ὥστε
2734 1638 2834 1709 τὴν
2887 1638 3043 1704 τάξιν
3102 1640 3269 1694 αὐτοῦ
3329 1643 3768 1713 καταφρονῆσαι,
3828 1644 3913 1698 καὶ

625 1728 947 1800 neglexerit,
987 1736 1043 1785 et
1068 1743 1221 1783 arma
1251 1729 1671 1800 contempserit,
1711 1732 1913 1802 praeter
1952 1748 2037 1799 ea,
2089 1750 2213 1806 quae

2320 1730 2591 1802 ἀμελῆσαι
2614 1732 2724 1786 τῶν
2749 1731 2931 1786 ὅπλων
2954 1773 2969 1799 ,
2997 1732 3273 1804 παρεκτὸς
3294 1732 3407 1787 τῶν
3433 1736 3792 1805 τεταγμένων
3813 1735 3915 1790 άπὸ

627 1839 657 1878 a
681 1830 872 1879 nostro
894 1822 1100 1879 scrinio
1122 1823 1424 1880 constituta
1459 1834 1609 1891 sunt,
1640 1826 1962 1899 castigatur,
1990 1838 2044 1885 et
2076 1832 2218 1885 mul-

2462 1825 2736 1899 ὴμετέρου
2773 1825 2960 1899 κρίνου
3015 1827 3154 1899 (51),
3187 1826 3629 1899 σωφρονιζέσθω.
3675 1829 3793 1884 Καὶ
3820 1829 3914 1901 ζη-

632 1925 776 1973 tetur
812 1932 829 1972 :
862 1916 1161 1988 imperator
1208 1919 1329 1973 auri
1380 1917 1521 1974 libra
1569 1938 1586 1975 ι
1633 1921 1944 1976 turmarcha
1976 1925 2221 1979 nummis

2416 1919 2589 1985 deem,
2628 1920 2933 1991 στρατηγὸς
2970 1920 3072 1992 μὲν
3092 1920 3320 1992 χρυσίου
3336 1919 3525 1992 λίτραν
3554 1921 3688 1993 μίαν
3713 1962 3731 1990 ,
3756 1939 3915 1993 τουρ-

629 2011 851 2082 Iriginta
880 2026 1014 2069 sex:
1050 2011 1402 2084 drungarius,
1434 2012 1489 2068 id
1517 2020 1622 2076 εει,
1654 2012 1949 2083 praefectus
1976 2014 2221 2076 cohortis

2416 2012 3024 2085 ρκηςίδὲ.νομίσματα
3083 2011 3196 2080 λς’,
3238 2013 3597 2086 δρουγγάριος
3646 2015 3709 2069 δὲ
3764 2016 3914 2085 νομί-

628 2108 899 2165 milliaria:
942 2109 1189 2166 nummis
1230 2109 1422 2181 viginti
1457 2119 1736 2181 quatuor:
1774 2126 1983 2181 comes,
2027 2112 2083 2169 id
2115 2122 2217 2181 est,

2323 2123 2506 2177 σματα
2530 2105 2609 2161 κδ’
2616 2106 2832 2179 ,ζκὸμης
2848 2107 2926 2175 δὲ,
2948 2106 3044 2162 καὶ
3065 2107 3120 2161 εί
3137 2123 3222 2173 τις
3249 2107 3463 2180 ἕτερος,
3488 2107 3811 2179 νομίσματα
3830 2107 3910 2180 ιβ’.

628 2204 920 2277 praefectus
945 2205 1212 2273 cohortis,
1246 2206 1492 2263 nummis
1531 2206 1845 2266 duodecim.

694 2298 785 2353 27.
815 2298 887 2355 lis
912 2299 1080 2369 igitur
1120 2299 1309 2356 multis
1339 2300 1675 2359 militaribus
1707 2302 2038 2375 descriptis,
2067 2305 2220 2362 dein-

2391 2292 2493 2359 κζ’.
2553 2292 2811 2350 Τοσαῦτα
2848 2292 2946 2350 καίΙ
2976 2294 3106 2369 περὶ
3147 2294 3261 2353 τῶν
3294 2297 3711 2370 στρατιωτικῶν
3734 2298 3911 2353 ἐπιτι-

624 2406 755 2461 ceps
780 2390 1360 2462 tibiquemadmodum
1386 2393 1676 2451 ducendus
1702 2396 1980 2452 exercitus
2004 2396 2074 2452 sit
2102 2408 2216 2453 tum

2322 2386 2461 2458 μίων
2510 2387 2905 2460 διορισάμενοι,
2968 2384 3098 2455 ἑξῆς
3138 2405 3222 2442 σοι
3263 2389 3413 2454 ὅπως
3462 2390 3557 2444 καὶ
3612 2389 3911 2463 ὁδοιπορεῖν

624 2484 795 2547 domi.
826 2494 939 2540 tum
979 2483 1137 2552 foris,
1171 2485 1289 2543 sive
1321 2485 1616 2542 universus
1652 2485 1753 2541 tibi
1789 2487 2084 2545 ducendus
2121 2490 2214 2557 sit,

2315 2477 2434 2531 δέον
2470 2476 2563 2531 τόν
2607 2495 2669 2531 τε
2715 2479 2952 2533 καθόλου
3009 2481 3265 2553 στρατὸν,
3305 2482 3403 2536 καὶ
3454 2480 3597 2536 κατὰ
3632 2482 3828 2554 μέρος,
3857 2482 3912 2538 ἓν

624 2577 741 2633 sive
771 2578 1031 2635 cohortes
1065 2588 1329 2649 separatae
1368 2579 1589 2651 aliquae,
1623 2580 1885 2652 qualique
1916 2596 2042 2638 cum
2078 2597 2217 2640 con-

2314 2586 2377 2623 τε
2393 2573 2459 2643 τῇ
2493 2571 2742 2645 ἡμετέρᾳ
2783 2572 2961 2646 χώρᾳ,
3020 2574 3117 2629 καὶ
3158 2574 3217 2629 ὲν
3249 2577 3317 2647 τῇ
3346 2574 3456 2630 τῶν
3490 2574 3791 2649 πολεμίων,
3819 2576 3912 2631 καὶ

620 2672 915 2730 stitntione
942 2671 1254 2729 faciendum
1292 2672 1386 2741 sit,
1426 2688 1726 2745 exponam.

2321 2665 2461 2734 μετὰ
2490 2664 2655 2729 ποίας
2688 2667 3101 2734 καταστάσεως,
3127 2666 3231 2739 ήδη
3249 2666 3658 2734 διαταξώυεθα.

1127 2784 1597 2844 (ΖΟΝΞΤΙΤΗΤΙΟ
1625 2787 1718 2846 IX.
2530 2838 2531 2841 η
2908 2780 3225 2837 ΔῙΛΤΑΞΙΣ
3245 2782 3326 2840 Θ⁹.

1086 2877 1165 2934 De
1222 2881 1487 2935 exercitus
1540 2881 1749 2937 itinere.
2846 2873 2987 2941 Περὶ
3010 2872 3383 2957 6509:0191“:-

696 2971 750 3029 1.
789 2970 893 3029 Ubi
924 2971 977 3028 in
1023 2984 1205 3029 vestra
1232 2972 1476 3043 ipsorum
1523 2972 1733 3030 ditione
1782 2988 1907 3030 cum
1963 2974 2213 3033 exercitu

2386 2972 2456 3019 α’.
2510 2964 2643 3021 Δέον
2706 2982 2767 3019 σε
2795 2966 2998 3034 τοίνυν,
3038 2959 3084 3020 ὦ
3132 2966 3432 3040 στρατηγέ,
3464 2967 3595 3024 ὅταν
3625 2968 3912 3043 ὀδοιπορῇς

624 3066 729 3121 iter
749 3066 831 3130 ﬁt,
864 3064 1135 3120 militibus
1166 3066 1601 3136 praacipiendum
1635 3074 1739 3133 est,
1770 3074 1829 3122 ut
1862 3081 2042 3138 neque
2073 3084 2215 3139 pra!-

2320 3057 2459 3129 μετά
2501 3057 2595 3112 τοῦ
2629 3058 2889 3131 στρατοῦ,
2922 3060 2970 3113 εί
3031 3059 3131 3132 μὲν
3158 3061 3218 3116 έν
3271 3064 3338 3133 τῇ
3386 3061 3497 3134 ἰδία
3524 3061 3685 3134 ⁴ὑμῶν
3716 3066 3790 3135 γῇ
3816 3065 3912 3136 τὴν

622 3160 846 3223 dentur,
891 3171 1071 3228 neque
1101 3158 1435 3228 populentur
1464 3168 1690 3213 terram.
1734 3157 2029 3215 Multitudo
2066 3160 2210 3215 enim

2329 3151 2559 3223 πορείαν
2605 3155 2803 3217 ποιεῖς,
2835 3152 2925 3207 ῐνα
2983 3153 3376 3225 παραγγέλλῃς
3404 3157 3523 3219 τοῖς
3551 3156 3912 3227 στρατιώταις

624 3252 886 3315 militum,
945 3251 990 3307 si
1036 3250 1260 3322 quando
1307 3252 1587 3307 licentiam
1655 3253 1874 3317 habeat,
1919 3253 2098 3309 solute
2152 3253 2206 3309 in

2316 3244 2617 3317 ἀπέχεσθαι
2657 3246 2756 3316 τῆς
2785 3244 2972 3317 χώρας
2996 3288 3013 3314 ,
3052 3248 3162 3301 ’καὶ
3199 3247 3340 3320 μήτε
3385 3246 3724 3319 πραιδεύειν,
3777 3249 3911 3321 μήτε

622 3345 813 3403 omnia
846 3345 1037 3401 irruit:
1067 3345 1279 3415 objecta
1314 3344 1460 3399 enim
1493 3354 1622 3401 ante
1664 3345 1854 3401 oculos
1885 3345 2069 3416 praeda
2092 3387 2108 3414 ,
2140 3345 2208 3401 ad

2317 3340 2563 3411 φθείρειν
2590 3356 2605 3371 ο
2644 3338 2852 3410 πλῆθος
2877 3338 2989 3411 γὰρ
3021 3339 3452 3411 στρατεύματος,
3482 3342 3609 3395 ὅταν
3654 3340 3797 3415 λάϐῃ
3820 3340 3911 3395 τοῦ

624 3439 978 3511 cupiditatem
1024 3439 1326 3495 inescatur.
1364 3437 1443 3493 Ex
1474 3454 1584 3509 quo
1626 3436 1706 3505 tit,
1761 3448 1820 3493 ut
1868 3439 2032 3495 vestri
2065 3454 2209 3511 saepe

2316 3432 2580 3487 δύνασθαι
2640 3431 2740 3502 τὴν
2790 3432 3076 3501 ἐξουσίαν,
3132 3431 3373 3502 ἀφειδῶς
3418 3432 3709 3487 ἐπιπίπτει
3776 3432 3910 3505 πρὸς

623 3531 777 3587 vobis
809 3530 1014 3586 inimici
1040 3538 1203 3602 atque
1229 3530 1528 3587 adversarii
1555 3530 1684 3586 sint.

2315 3527 2562 3582 ἅπανταυ
2618 3525 2930 3591 δελεάζεται
2961 3524 3070 3597 γὰρ
3116 3526 3197 3589 εἰς
3251 3524 3586 3591 πλεονεξίαν,
3641 3527 3772 3581 ὅταν
3812 3526 3911 3597 ὁρᾷ

621 3623 766 3680 κατὰ
786 3624 911 3696 ὄψιν
958 3624 1329 3698 προκειμένην
1365 3624 1463 3697 τὴν
1518 3624 1730 3697 χρείαν,
1781 3622 1878 3679 καί
1928 3620 2189 3688 πολλάκις
2218 3620 2347 3685 τοὺς
2416 3620 2582 3685 ἰδίους
2603 3616 2694 3675 διὰ
2722 3619 2819 3691 τὴν
2860 3618 3121 3691 τοιαύτην
3149 3618 3332 3673 αἰτίαν
3396 3618 3694 3690 πολεμίους
3724 3620 3897 3676 ποιεῖ.

687 3737 742 3792 Ξ.
773 3732 853 3792 Ne
876 3736 1062 3792 tardes
1091 3737 1147 3793 in
1180 3747 1359 3794 vestra
1393 3753 1519 3794 cum
1546 3739 1790 3793 exercitu
1822 3737 2036 3794 ditione
2062 3752 2208 3794 com-

2387 3733 2452 3806 βθ.
2478 3734 2632 3807 Μηδὲ
2656 3733 2871 3807 χρόνιζε
2892 3733 3261 3804 καθεζόμενος
3285 3734 3429 3806 μετὰ
3446 3734 3540 3790 τοῦ
3566 3734 3912 3809 στρατεύμα-

620 3826 915 3895 morando,
960 3841 1087 3882 cum
1122 3824 1238 3899 jam
1272 3827 1326 3883 in
1354 3827 1606 3882 hostilem
1641 3834 1845 3883 terram
1877 3829 2088 3884 irruere
2116 3831 2207 3884 de-

2313 3844 2403 3893 τος
2418 3829 2478 3881 ἐν
2493 3831 2560 3899 τῇ
2583 3827 2691 3899 ἰδίᾳ
2704 3826 2882 3899 χώρᾳ,
2899 3827 3028 3881 ὅταν
3050 3826 3153 3899 ἤδη
3166 3827 3358 3905 ὁρίσῃς
3382 3827 3693 3883 εἰσϐάλλειν
3712 3832 3782 3901 τῇ
3805 3830 3913 3902 χώ-

617 3922 899 3989 creveris;
960 3936 1088 3975 nam
1136 3928 1190 3976 et
1243 3908 1495 3991 proprias
1565 3918 1753 3990 fruges
1814 3919 2091 3985 ahsumes,
2149 3927 2205 3975 et

2315 3936 2385 3991 ρᾳ
2400 3918 2509 3973 τῶν
2534 3918 2836 3990 πολεμίων.
2871 3918 2983 3973 Καὶ
3004 3920 3113 3991 γὰρ
3142 3920 3385 3983 καὶτοὺς
3413 3918 3578 3984 ἰδίους
3606 3920 3912 3983 άναλώσεις

619 4014 829 4071 amicos
874 4012 1049 4084 magis
1094 4028 1260 4082 quam
1304 4012 1560 4068 inimicos
1585 4012 1773 4067 laedes.
1805 4011 2072 4067 Celeriter
2097 4011 2201 4082 igi-

2310 4012 2581 4083 καρποὺς,
2642 4012 2742 4067 καὶ⁷
2772 4011 3073 4084 ζημιώσεις
3102 4012 3305 4083 μᾶλλον
3333 4014 3461 4078 τοὺς
3494 4013 3683 4084 φίλους
3714 4013 3750 4087 ἢ
3782 4015 3912 4078 τοὺς

620 4116 709 4161 tur
747 4104 935 4175 copias
966 4102 1258 4170 traducito,
1291 4102 1456 4174 idque
1496 4102 1869 4174 potissimum,
1904 4101 1950 4157 si
1987 4100 2041 4155 in
2086 4101 2202 4156 fru-

2319 4104 2635 4176 πολεμίους.
2664 4104 2891 4177 Ταχέως
2917 4105 2975 4159 δὲ
3026 4105 3301 4177 μετάφερε
3355 4106 3456 4169 τὰς
3494 4105 3781 4177 δυνάμεις,
3812 4106 3913 4178 μά-

617 4195 849 4266 git‘eram
892 4204 947 4251 et
992 4192 1333 4251 fructuosam
1404 4194 1645 4250 hostium
1727 4193 2001 4264 regionem
2072 4193 2219 4248 irru-

2318 4196 2475 4250 λιστα
2508 4197 2605 4251 ἐὰν
2622 4199 2701 4262 εἰς
2731 4197 2967 4268 λιπαρὰν
2991 4198 3085 4251 καὶ
3116 4197 3453 4271 πολύτροφον
3488 4197 3599 4252 τῶν
3629 4198 3912 4271 πολεμίων

617 4298 813 4360 pturus
840 4303 920 4345 es.

2318 4288 2422 4359 γῆν
2452 4286 2665 4357 μέλλεις
2687 4287 3017 4344 είσὸἀλλειν.

690 4383 746 4437 3.
771 4380 1140 4453 Frequentem
1164 4381 1489 4446 exercitum,
1519 4380 1621 4435 nisi
1654 4380 1842 4436 hostes
1867 4378 2212 4445 immineant,

2391 4388 2463 4449 γ’.
2488 4382 2582 4446 Ei;
2608 4363 2717 4435 ἕνα
2736 4382 2793 4435 δὲ
2817 4382 2983 4436 τόπον
3010 4383 3243 4456 στρατὸν
3268 4384 3437 4442 πολὺν
3456 4383 3533 4455 μὴ
3554 4384 3783 4455 σύναγε,
3814 4402 3910 4439 πο-

621 4474 674 4529 in
712 4488 880 4529 unum
923 4472 1107 4528 locum
1149 4488 1218 4528 ne
1256 4487 1461 4544 cogas;
1513 4471 1675 4527 otiosi
1715 4472 1861 4527 enim
1905 4470 2103 4526 milites
2144 4470 2212 4525 ad

2318 4471 2521 4545 λεμίων
2555 4473 2630 4545 μὴ
2683 4472 3084 4544 ἐνοχλούντων,
3140 4474 3225 4529 ἵνα
3281 4474 3357 4546 μὴ
3418 4475 3807 4549 εύκαιροῦντες
3861 4479 3907 4530 οἰ

619 4563 918 4619 seditiones
982 4570 1039 4618 et
1110 4576 1401 4633 perversas
1458 4562 1821 4634 cogitationes
1898 4577 1958 4618 se
2016 4561 2211 4630 adjun.

2320 4564 2653 4635 στρατιῶται
2698 4564 2780 4629 εἰς
2809 4565 3030 4631 στάσεις
3075 4569 3171 4621 καὶ
3206 4567 3468 4641 ἀκαίρους
3492 4566 3702 4633 ἐννοίας
3735 4570 3908 4642 ἀσχο-

621 4666 779 4729 gunt.

2307 4657 2547 4713 λοῦνται.

690 4751 746 4806 4.
769 4748 868 4806 Sin
900 4765 1034 4807 usus
1062 4748 1262 4821 aliquis
1325 4750 1428 4806 hoc
1472 4749 1720 4820 requirat
1747 4787 1764 4814 ,
1793 4748 1879 4805 vel
1921 4746 2163 4803 adnomii
2189 4787 2206 4814 ,

2380 4750 2443 4805 δ’.
2475 4750 2539 4803 Εἰ
2564 4749 2622 4804 δέ
2651 4767 2781 4805 ποτε
2816 4750 2977 4825 χρεία
2999 4752 3217 4806 καλεσει
3250 4752 3409 4808 τοῦτο
3439 4753 3689 4822 γίνεσθαι
3740 4757 3908 4828 χάριν

624 4843 676 4898 id
697 4853 802 4912 est,
825 4843 1113 4900 nominum
1142 4843 1632 4899 describendorum
1659 4857 1849 4909 causa,
1867 4841 1951 4898 vel
1979 4840 2210 4912 alicujus

2308 4843 2631 4915 ἀδνουμίου.
2656 4845 2689 4917 ἢ
2719 4845 2887 4917 ἄλλης
2923 4846 3229 4916 ἀναγκαίας
3274 4848 3476 4911 αἰτίας,
3506 4847 3540 4919 ἢ
3581 4847 3791 4918 ταχέως
3819 4850 3908 4903 τον

626 4934 858 5001 alterius
908 4933 990 4989 rei
1022 4934 1224 5005 gratia,
1270 4942 1328 4989 ut
1360 4943 1630 5004 cogantur
1673 4934 1730 4987 in
1776 4947 1945 4987 unum
1986 4933 2209 5002 milites,

2311 4936 2541 5007 στρατὸν
2565 4936 2855 5009 διαμέριζε
2890 4938 3025 5012 (52),
3050 4938 3085 5011 ἢ
3112 4938 3363 5010 γύμναζε
3386 4940 3484 4994 καὶ
3511 4940 3592 5004 εἰς
3620 4939 3757 5010 ἔργα
3793 4942 3905 4997 τῶν

621 5037 830 5102 quanta
866 5026 1103 5082 maxima
1134 5025 1413 5082 celeritate
1454 5036 1628 5097 potes,
1660 5026 1847 5096 copias
1883 5025 1967 5081 vel
1997 5024 2206 5093 divide,

2311 5028 2494 5083 ὅπλων
2551 5028 2896 5100 ἀσχολεῖσθαι
2952 5032 3367 5103 παρασκεύαζε,
3415 5032 3491 5096 ὡς
3530 5032 3588 5084 ὲν
3629 5030 3709 5102 τῷ
3758 5034 3904 5101 Περί

621 5122 708 5177 vel
752 5135 968 5185 exerce,
1005 5130 1059 5175 et
1100 5119 1156 5174 in
1217 5119 1382 5174 rebus
1433 5118 1646 5173 bellicis
1702 5125 2002 5189 occupatos
2059 5125 2203 5183 tene,

2312 5122 2655 5191 γυμνασίας
2714 5122 2845 5193 ἡμῖν
2897 5123 3112 5195 εἴρηται
3164 5120 3468 5191 κεφαλαίῳ.
3511 5119 3576 5172 Ἦ
3631 5119 3741 5189 γὰρ
3800 5123 3907 5190 ἀρ-

623 5212 1080 5285 quemadmodum
1118 5211 1172 5266 in
1222 5210 1400 5281 capite
1456 5208 1532 5263 De
1580 5210 1885 5264 exercendis
1947 5208 2205 5264 militibus

2315 5213 2411 5282 γία
2457 5212 2771 5286 κενωτέρας
2828 5214 3061 5285 μελέτας
3096 5213 3226 5281 ἴσως
3257 5215 3352 5271 καὶ
3398 5211 3717 5277 ἑπιόλαῦεῑς
3761 5212 3895 5267 ἀπο

621 5306 1076 5378 ρι’ωεετίρεὶηιιιε.
1135 5302 1316 5359 Otium
1376 5303 1519 5359 enim
1568 5314 1621 5358 et
1684 5302 1890 5358 desidia
1955 5301 2209 5358 insolitas

891 5306 1076 5361 simus.
1135 5302 1316 5359 Otium
1376 5303 1519 5359 enim
1568 5314 1621 5358 et
1684 5302 1890 5358 desidia
1955 5301 2209 5358 insolitas
2315 5304 2501 5375 γεννᾷ.

621 5405 788 5470 atque
820 5401 1252 5470 intemperantes
1296 5395 1410 5451 fere
1435 5394 1794 5467 cogitationes
1819 5393 2060 5465 pariunt.

2132 5487 2364 5549 NOTAE.

696 5584 813 5725 (29;
850 5584 972 5640 Τῶν
1000 5584 1236 5655 ἐτέρων.
1261 5585 1634 5653 Scribebatur,
1674 5586 1784 5641 τῶν
1799 5585 2100 5657 νεωτέρων.

698 5656 790 5725 (30
849 5659 926 5713 ’Ἡ
966 5657 1277 5725 ἐξουτεύῃ.
1333 5658 1707 5720 Scribebatur,
1753 5656 1786 5725 ἢ
1845 5656 2208 5725 έκκουλκεύῃ.

2355 5587 2506 5713 ί(51)
2544 5588 2654 5645 Τοῦ
2698 5589 2991 5661 ἡμετέρου
3034 5590 3269 5662 κρίνου.
3310 5589 3524 5660 Scribe,
3562 5608 3618 5648 τ.
3654 5590 3710 5663 ἠ.
3744 5606 3904 5659 σκριο

2317 5677 2348 5714 ν
2373 5677 2458 5713 ου.

698 5656 813 5727 (50)
849 5659 926 5713 ’Ἡ
966 5657 1277 5727 ἐξουτεύῃ.
1333 5658 1707 5720 Scribebatur,
1753 5656 1786 5727 ἢ
1845 5656 2208 5727 ἐκκουλκεύῃ.
2317 5656 2458 5714 νίου.

623 5726 982 5805 [lecentiores
1014 5726 1623 5805 ςίιθιεεῌξκουσσεύειν
1653 5726 1881 5797 dicunt,
1932 5726 2206 5785 excusare.

2391 5730 2505 5801 (52)
2534 5729 2659 5805 Τὸκ
2684 5733 2949 5801 στρατὸν
2973 5731 3288 5805 διαμέριζε.
3324 5731 3651 5788 Addendum
3702 5746 3901 5791 ncces-

626 5796 765 5858 Vide
793 5798 1136 5857 Glossarium
1162 5809 1436 5859 nostrum.
1868 5796 1872 5797 ⁷

1254 5809 1436 5858 strum.
1868 5796 1872 5797 ⁷
2317 5796 2495 5868 sario,
2527 5802 2560 5871 ἢ
2595 5796 2864 5872 γύμναζε.
