4078 6306
270 283 381 354 769

1355 288 1688 350 TACTICA.
1716 313 1785 324 -
1814 288 2316 355 CONSTITUTIO
2346 292 2430 352 IX

3430 289 3536 356 ’ΠΟ

345 403 408 457 ι’.
453 400 579 456 Ἐὰν
631 402 864 473 πόλεμον
917 401 1238 473 προσδοκᾷς,
1302 403 1438 473 μετᾶ
1491 403 1694 468 τάξεως
1749 405 1871 465 τὸν,

2014 406 2067 462 5.
2099 406 2159 462 Si
2221 408 2420 463 bellum
2463 415 2765 477 exspectes.
2806 407 2858 462 in
2886 407 3002 462 acie
3029 405 3300 464 exercitus
3325 407 3534 464 instru-

275 495 507 568 στρατὸν
544 496 866 566 περιπατεῖν
900 495 1142 565 ποίησον,
1177 494 1280 547 κᾶν
1302 511 1359 547 τε
1383 497 1520 549 κατὰ
1553 495 1853 566 δρούγγους

1974 506 2075 554 rtus
2093 499 2340 569 prodeat,
2368 499 2483 555 sive
2510 512 2609 568 per
2625 501 2886 569 drungos,
2913 498 2963 553 id
2991 507 3094 565 est,
3132 499 3386 555 cohortes
3410 499 3537 554 mil-

273 589 373 652 τάς
403 587 712 659 ὁδοιπορίας
735 588 1034 654 ποιοῦνται,
1069 588 1171 641 κᾶν
1202 603 1256 638 τε
1293 590 1433 638 κατὰ
1457 587 1720 656 τούρμας.
1751 586 1854 641 κᾶν

1978 591 2167 656 iarias,
2192 591 2305 647 sive
2326 606 2422 660 per
2447 599 2680 655 turmas,
2711 591 2827 646 sive
2854 607 2952 661 per
2984 590 3225 662 integras
3255 589 3401 648 acies
3429 591 3535 647 iter

273 699 334 736 τε
363 681 503 735 κατὰ
559 682 686 743 ὅλας
714 679 1071 752 παρατάξεις.
1108 679 1180 731 Τὸ
1235 679 1343 748 γὰρ
1394 679 1450 731 ἐν
1475 680 1626 743 τάξει
1653 680 1856 743 ταύτας

275 774 543 846 γίνεσθαι,
564 774 624 827 0-3
655 772 813 844 μόνον
834 772 925 826 ἐπὶ
954 772 1050 841 τῆς
1075 771 1359 840 πολεμίας,
1383 772 1517 825 ἀλλὰ
1536 772 1629 825 καὶ
1652 773 1742 825 ἐπὶ
1756 770 1855 842 τῆς

280 868 435 935 ἰδίας,
474 867 909 938 ἀσφαλεστέρους
973 865 1064 918 καὶ
1100 866 1691 936 προγεγυμνασμέκους
1718 869 1861 920 ποιεῖ

276 960 401 1021 τοὺς
429 955 782 1028 στρατιώτας.

352 1055 431 1112 ς’.
473 1048 721 1119 Ἐκάστῳ
753 1047 810 1102 δέ
846 1047 1095 1121 δρούγγῳ
1119 1045 1393 1112 ἐθίζεσθαι
1447 1046 1690 1115 ποίησον,
1718 1044 1860 1098 ὣστε

278 1141 378 1210 τὴν
410 1139 548 1192 ἰδίαν
598 1139 914 1208 ἀποσκευὴν
948 1137 1174 1191 ὄπισθεν
1217 1135 1531 1190 ἀκολουθεῖν
1585 1136 1724 1206 μετὰ
1753 1136 1862 1188 τῶν

285 1233 433 1286 ἰδίων
476 1230 739 1301 σημείων,
768 1232 862 1282 καὶ
911 1229 985 1301 μὴ
1021 1228 1416 1299 ἐπιμίγνυσθαι
1439 1229 1620 1299 ἑτέρᾳ.
1667 1229 1861 1294 Ἀναγ-

1960 680 2144 738 faciat.
2177 681 2313 737 Nam
2348 683 2401 736 in
2431 683 2550 738 acie
2583 697 2706 738 esse
2741 682 2966 748 milites,
3005 697 3114 737 non
3147 682 3328 739 solum
3363 683 3416 739 in
3441 685 3537 738 ho-

1959 775 2070 829 stili
2100 785 2266 841 terra,
2298 773 2392 829 sed
2420 775 2584 829 etiam
2612 774 2666 829 in
2694 790 2816 840 sua,
2843 775 3076 844 perutile
3106 783 3210 841 est,
3232 785 3287 831 ct
3310 777 3538 832 tutiores

1959 870 2052 917 eos
2082 863 2365 932 magisque
2403 863 2729 918 exercitatos
2750 863 2944 918 reddit.

2035 1051 2102 1108 6.’
2125 1059 2582 1122 [unumquemque
2628 1049 2924 1121 drungum,
2964 1066 3060 1105 seu
3092 1051 3376 1106 cohortem
3413 1043 3537 1104 mil-

1963 1144 2172 1198 Iiariam
2195 1137 2553 1205 assuefavito,
2585 1151 2645 1197 ut
2668 1142 2884 1198 illorum
2905 1145 3296 1214 impedimenta
3319 1158 3348 1196 a
3376 1151 3532 1212 tergo

1962 1248 2082 1287 eam
2139 1239 2464 1303 sequantur,
2509 1245 2631 1286 cum
2669 1230 2898 1300 privatis
2943 1239 2997 1285 et
3046 1230 3161 1286 suis
3189 1230 3494 1302 insignibus
3521 1271 3536 1291 .

283 1323 437 1376 καῖον
461 1320 570 1390 γάρ
603 1321 774 1385 ἐστιν,
797 1319 924 1372 ὅταν
941 1320 989 1371 οἱ
1023 1316 1270 1387 πολέμιοι
1295 1315 1420 1369 οὔτε
1448 1312 1863 1386 πάρεισιν,οὕτε

1974 1335 2140 1390 neque
2163 1319 2341 1376 aliena
2367 1318 2796 1374 admisceantur.
2825 1319 3056 1386 Quando
3078 1321 3224 1375 enim
3255 1321 3310 1375 in
3345 1329 3536 1376 nostra

283 1412 592 1476 ἐλπίζονται
618 1412 676 1465 ἐν
697 1413 764 1482 τῇ
792 1409 1040 1482 ἡμετέρᾳ
1077 1411 1172 1480 γῇ,
1220 1408 1254 1478 ἢ
1286 1408 1426 1462 κατὰ
1474 1406 1792 1479 δρούγγους,
1823 1405 1858 1475 ἢ

1974 1409 2186 1479 regione
2219 1409 2405 1464 hostes
2437 1423 2611 1478 neque
2646 1409 2865 1476 adsunt,
2921 1426 3098 1481 neque
3128 1421 3536 1482 exspectantur.

284 1497 424 1553 κατὰ
478 1497 722 1568 τούρμας
773 1500 1126 1569 περιπατεῖν,
1163 1498 1271 1569 καί
1306 1497 1380 1568 μὴ
1404 1497 1657 1563 συνάγειν
1699 1496 1756 1549 ἐν
1785 1496 1868 1549 ἐνὶ

1974 1502 2051 1557 vel
2105 1502 2441 1570 drungatim,
2505 1504 2586 1557 vel
2641 1503 2922 1558 turmatim
2975 1505 3277 1569 ambulent,
3334 1521 3434 1560 ncc
3485 1505 3538 1559 in

285 1588 435 1658 τόπῳ
463 1589 553 1640 τὸν
587 1587 803 1641 ἅπαντα
837 1587 1088 1655 στρατὸν,
1122 1585 1211 1640 διά
1253 1603 1312 1638 τε
1355 1589 1416 1638 τὸ
1447 1586 1522 1655 μὴ
1577 1583 1866 1655 λιμώττειν

1974 1610 2137 1648 unum
2179 1596 2356 1649 locum
2386 1596 2785 1662 comlucantur,
2820 1605 2878 1650 ut
2913 1613 2982 1652 ne
3010 1597 3154 1653 fame
3196 1608 3539 1667 premantur,

285 1685 446 1739 αὑτὸν
473 1684 735 1756 εὐχερῶς,
772 1682 910 1754 μηδὲ
942 1683 1275 1736 εὐσύνοπτον
1304 1683 1364 1735 τὸ
1389 1681 1593 1752 πλῆθος
1621 1679 1740 1734 ὅλον
1768 1682 1867 1749 τῆς

1974 1699 2149 1755 neque
2184 1683 2340 1739 facile
2378 1686 2447 1739 ab
2496 1685 2735 1741 hostium
2774 1687 3216 1757 speculatoribus
3245 1704 3540 1745 numeren-

286 1778 640 1846 κατασκοπῆς
671 1775 782 1829 τῶν
830 1774 1062 1846 ἐχθρῶν,
1091 1774 1165 1837 ὼς
1188 1773 1353 1839 εἰκὸς,
1412 1773 1684 1843 γίνεσθαι,
1720 1771 1856 1844 μηδὲ

1974 1787 2078 1844 tur,
2110 1787 2164 1834 et
2196 1787 2383 1849 pastus
2413 1778 2788 1848 junicntorum
2818 1796 3011 1837 omnes
3033 1781 3292 1836 exedant.

287 1868 370 1932 εἰς
394 1867 594 1939 βοσκὰς
617 1865 957 1920 στενοῦσθαι.

355 1962 416 2028 ζ’.
437 1960 794 2031 Ἐγγιζόντων
822 1958 1004 2013 Statim
1021 1957 1230 2032 ἐχθρῶν
1258 1959 1334 2023 ὡς
1365 1959 1474 2030 πρδ
1504 1959 1556 2024 ς’
1587 1960 1620 2030 ἢ
1648 1959 1694 2024 ζ’
1724 1958 1861 2031 ἡμε..

289 2053 401 2127 ρῶν
432 2054 467 2125 ἢ
492 2053 588 2108 καὶ
610 2051 743 2106 δέκα
785 2051 1154 2106 συνάπτεσθαι
1176 2092 1190 2118 ,
1225 2050 1323 2106 καὶ
1352 2051 1409 2106 ἐν
1436 2050 1514 2122 τῷ
1547 2051 1667 2122 ἅμα
1696 2051 1860 2104 άπλιο

288 2146 492 2211 κεύειν,
543 2145 638 2200 καὶ
683 2143 800 2210 ἐὰν,
847 2143 921 2208 ὡς
959 2143 1105 2207 είκὺς
1130 2182 1146 2210 ,
1183 2146 1245 2198 ἐν
1276 2141 1575 2211 ἀγνώστοις
1619 2143 1804 2205 τόποις
1829 2142 1864 2213 ἠ

287 2239 566 2310 όδτιπορία
612 2237 846 2306 γίνεται,
896 2237 993 2290 καὶ
1040 2237 1102 2290 οὐ
1157 2236 1382 2309 πάρεισί
1436 2251 1583 2299 τινες
1631 2233 1866 2290 ἐντόπιοι

288 2330 618 2402 δουκάτορις
646 2329 782 2401 (55),
805 2328 1138 2401 ἀποστείλῃς
1181 2330 1309 2393 τοὺς
1341 2327 1758 2402 μινοοράτορας,
1782 2326 1872 2381 ἵνα

291 2423 778 2497 προλαμϐάνωσιν,
822 2421 918 2477 ἐὰν
961 2419 1160 2494 ἐχθροῦ
1184 2420 1348 2492 φόϐος
1370 2421 1471 2474 οὐκ
1500 2419 1580 2473 ἔτι
1600 2419 1735 2490 (54),
1765 2417 1872 2490 πρὸ

293 2519 428 2592 μιᾶς
457 2517 695 2590 ἡμέρας,
732 2516 769 2588 ἡ
795 2532 943 2581 τινες
965 2515 1080 2587 (55)
1109 2514 1386 2586 ὀφείλουσι
1414 2513 1514 2586 τὴν
1544 2512 1872 2586 περίμετρον

292 2613 391 2668 τοῦ
414 2613 614 2677 παντὸς
631 2611 959 2683 διαγράφειν
985 2608 1244 2683 στρατοῦ,
1263 2609 1323 2664 ἐν
1347 2602 1392 2680 ᾧ
1419 2605 1631 2680 μέλλεις
1650 2624 1874 2679 στρατο-

294 2705 657 2771 πεδεύεσθαι,
718 2704 813 2759 καὶ
866 2704 930 2759 τὺ
983 2701 1278 2758 ἐπιϐάλλον
1334 2703 1534 2772 μέτρον
1595 2701 1873 2767 ἀναλόγως

297 2799 512 2870 ἐκάστῳ
546 2798 703 2869 μέρει
735 2796 1074 2868 διαμερίσαι.

366 2887 438 2961 η’.
497 2889 580 2945 Τὰ
620 2887 763 2944 αὐτὰ
807 2887 864 2941 δὲ
916 2889 1094 2941 ποιεῖν
1139 2889 1233 2942 καὶ
1285 2888 1414 2950 τοὺς
1469 2887 1872 2959 άντικίνοορας.

297 2977 459 3038 υῦτοι
496 2981 554 3037 δέ
608 2982 748 3036 εἰσιν
793 2981 844 3034 oi
888 2980 1194 3050 ὀφείλοντες
1234 2979 1343 3035 τῶν
1375 2979 1583 3034 ὑδάτων
1635 2981 1730 3034 καὶ
1774 2980 1874 3049 τῆς

295 3071 523 3144 γνώμης
552 3071 667 3143 (36)
689 3073 788 3143 τὴν
819 3072 1016 3145 χρῆσιν
1042 3069 1504 3143 καταμανθάνειν.

366 3166 433 3222 θ’.
475 3167 599 3220 Ἐὰν
645 3165 703 3221 δὲ
742 3164 832 3219 διὰ
861 3165 1109 3236 τραχέων
1139 3166 1280 3220 πάνυ
1319 3165 1497 3218 τόπων
1532 3164 1871 3235 ὴὸδοιπορία

301 3259 472 3332 μέλλῃ
495 3259 764 3329 γίνεσθαι,
822 3259 855 3329 ἢ
900 3258 1258 3331 κρημνωδῶν,
1307 3259 1340 3330 ἢ
1377 3256 1675 3322 δυσϐάτων,
1708 3257 1741 3327 ἢ
1775 3255 1872 3310 δα-

299 3353 459 3419 σέων,
475 3349 922 3424 προμυῖτρέπιζε
947 3350 1145 3420 πλῆθος
1166 3347 1420 3422 στρατοῦ,
1443 3349 1537 3401 καὶ
1558 3347 1875 3402 ἀπόστειλον

299 3445 396 3500 ἐπὶ
442 3445 621 3511 τοῦτο,
669 3444 810 3498 ὥστε
855 3443 1255 3516 διορθώσασθαι
1307 3433 1403 3497 καὶ
1455 3441 1876 3514 παρασκευάσαι

300 3538 518 3594 εὐθεῖαν
544 3537 798 3607 γενέσθαι
830 3536 930 3609 τὴν
954 3537 1071 3590 ὁδὸν
1101 3537 1244 3590 κατὰ
1288 3535 1351 3590 τὸ
1395 3535 1644 3602 δυνατὸν,
1673 3535 1761 3587 ἴνα
1798 3533 1875 3605 μὴ

301 3631 657 3703 συντρίϐηται
702 3629 736 3701 ἡ
782 3628 968 3692 ἵππος.
1015 3628 1153 3692 Τοὺς
1202 3626 1261 3680 δὲ
1305 3626 1737 3698 ἀφοριζομένους
1782 3627 1877 3678 ἐπὶ

299 3720 478 3794 τούτῳ
511 3721 586 3794 μὴ
613 3719 932 3776 ὑποκεῖσθαι
964 3718 1146 3791 βίγλᾳ,
1175 3718 1210 3790 ἦ
1242 3719 1408 3790 ἑτέρᾳ.
1429 3715 1667 3787 δουλείᾳ.

375 3821 429 3870 ι’.
466 3812 903 3886 Περιπατοῦντος
934 3811 992 3866 δὲ
1032 3811 1127 3865 τοῦ
1178 3809 1434 3881 στρατοῦ,
1477 3808 1775 3879 ἡγείσθωή
1809 3809 1878 3879 σὴ

302 3908 603 3978 ἐνδοξότης,
649 3905 726 3970 ὡς
754 3905 848 3959 τοῦ
879 3904 1079 3968 παντὸς
1114 3902 1346 3975 στρατοῦ
1397 3904 1702 3972 στρατηγὸς
1741 3918 1878 3973 προ-

304 4001 669 4074 πορευόμενος
698 3997 864 4055 αὐτοῦ
888 3998 1054 4069 τιμῆς
1082 3996 1292 4054 ἕνεκεν.
1323 3995 1423 4050 καὶ
1455 3995 1544 4049 διὰ
1575 3996 1668 4049 τὸν
1717 3994 1878 4064 φόϐον

301 4095 413 4152 τῶν
452 4093 744 4166 ἐπιτιμίων
792 4090 932 4164 μετὰ
971 4091 1072 4162 τῆς
1098 4089 1210 4162 ,σῆς
1237 4089 1453 4158 ἁπάσης
1485 4087 1875 4160 προελεύσεως,

305 4188 536 4246 καὶτῶν
562 4187 706 4242 κατὰ
735 4183 831 4241 σοῦ
864 4184 1092 4256 βάνδων,
1126 4184 1222 4237 καὶ
1278 4181 1498 4236 ὄπισθεν
1528 4181 1744 4235 πάντων
1775 4179 1882 4233 ὑπ-

304 4281 454 4354 ερισέ
488 4282 601 4354 (57)
628 4280 933 4350 ἁποσκευή.

383 4373 474 4433 ια’.
509 4375 653 4447 Πρὸς
680 4375 741 4429 τὸ
773 4375 957 4445 σχῆμα
987 4372 1047 4426 δὲ
1086 4369 1246 4426 τοῦτο
1271 4369 1366 4423 καὶ
1419 4369 1648 4431 ἕκαστος
1675 4383 1876 4438 τουρμ-

2037 1957 2090 2011 7.
2123 1954 2451 2025 PrOpinquis
2511 1955 2625 2024 jam
2674 1956 2951 2022 hostibus,
2984 1967 3111 2014 ante
3163 1973 3276 2024 ser,
3305 1961 3398 2014 Vel
3455 1976 3544 2017 se-

1965 2056 2254 2120 ptem,aut
2285 2048 2446 2102 etiam
2503 2049 2690 2103 decem
2726 2048 2936 2105 dierum
2995 2065 3254 2122 pugnam,
3308 2066 3544 2123 cumque

1969 2157 2139 2214 prope
2194 2149 2379 2196 castra
2433 2150 2736 2212 ponuntur,
2768 2142 2813 2198 si
2841 2142 2894 2197 in
2935 2143 3119 2214 ignota
3149 2144 3271 2201 loca
3318 2145 3420 2202 iter
3465 2146 3545 2202 fao

1971 2235 2224 2291 ciendum
2259 2235 2353 2300 sit,
2407 2249 2583 2304 neque
2634 2234 2900 2306 indigenae
2950 2238 3206 2295 ductores
3249 2237 3545 2302 adfuerint,

1971 2335 2266 2382 metatores
2312 2326 2427 2382 sire
2475 2337 2883 2383 mensuratores
2927 2330 3262 2399 praemittes,
3309 2341 3368 2386 ut
3422 2333 3543 2388 loca

1973 2421 2294 2492 anticipent,
2331 2421 2376 2477 si
2401 2419 2583 2476 nullus
2601 2419 2842 2476 hostium
2875 2421 3038 2477 timor
3089 2423 3420 2493 impendeat,
3448 2427 3544 2498 qui

1974 2525 2284 2571 castrorum
2317 2515 2582 2569 ambitum
2615 2523 2742 2569 ante
2768 2529 2937 2568 unum
2983 2514 3126 2570 diem
3164 2515 3546 2582 dimetiantur,

1977 2607 2030 2660 in
2053 2620 2164 2677 quo
2201 2614 2380 2663 castra
2415 2613 2704 2676 ponentur,
2734 2613 3009 2661 eteertam
3055 2605 3348 2678 quamdam
3383 2626 3536 2665 men-

1978 2713 2162 2754 suram
2190 2713 2315 2751 cum
2345 2696 2860 2768 proportionejusta
2893 2698 3193 2770 unicuique
3230 2708 3424 2757 turmae
3451 2704 3549 2757 tri-
3640 2738 3645 2741 -

1979 2793 2166 2847 buant.

2046 2885 2265 2939 8.ldem
2300 2884 2504 2940 faciant
2560 2893 2614 2938 et
2672 2884 3045 2940 anticensores
3081 2900 3096 2951 ;
3133 2876 3328 2940 borum
3386 2885 3551 2943 etiam

1979 2975 2213 3032 uilli-ium
2254 2985 2358 3042 est,
2417 2989 2684 3047 aquarum
2723 2974 3151 3046 pastionumque
3197 2977 3303 3032 vim
3337 2985 3392 3034 et
3448 2992 3550 3035 eoo

1979 3068 2125 3138 piam
2143 3066 2446 3123 advertere.

2044 3160 2096 3214 9.
2135 3160 2192 3214 Si
2224 3175 2320 3230 per
2341 3174 2535 3229 aspera
2565 3158 2861 3214 admodum
2895 3156 3014 3215 loca
3050 3158 3152 3216 iter
3170 3159 3414 3218 futurum
3442 3173 3548 3229 est,

1975 3263 2070 3307 aut
2093 3251 2413 3323 praecipitia,
2442 3261 2537 3306 ant
2558 3266 2655 3322 per
2679 3251 2802 3307 avia
2835 3261 2891 3308 et
2949 3252 3230 3312 condensa
3261 3251 3414 3322 loca,
3443 3255 3552 3310 ali-

1975 3357 2110 3418 quot
2141 3360 2208 3399 ετ
2239 3345 2482 3401 exercitu
2512 3360 2778 3416 praepara,
2810 3356 2867 3401 et
2904 3346 3196 3416 praemitte,
3222 3348 3318 3418 qui
3371 3353 3552 3421 quoad

1977 3441 2091 3496 fieri
2147 3450 2324 3510 potest
2360 3439 2574 3510 planam
2607 3449 2663 3494 et
2710 3439 2971 3494 directam
3021 3439 3164 3495 viam
3198 3440 3451 3506 alliciant,
3490 3450 3551 3498 ut

1975 3534 2185 3604 neequi
2225 3533 2553 3605 afﬂigantur.
2586 3531 2763 3602 Hiqui
2811 3533 2880 3587 ad
2911 3533 3014 3588 hoc
3061 3534 3336 3603 negotium
3389 3535 3552 3592 asciti

1976 3637 2125 3693 sunt,
2157 3643 2335 3698 neque
2358 3626 2847 3696 speculationibus,
2877 3640 3052 3695 neque
3090 3626 3215 3681 ullis
3260 3627 3386 3682 aliis
3429 3643 3552 3683 mu-

1978 3722 2207 3778 acribus
2233 3719 2500 3777 faciendis
2531 3719 2851 3775 insert-iant.

2051 3815 2140 3872 10.
2177 3816 2486 3871 Prodeunte
2541 3814 2784 3868 exercitu
2825 3813 3035 3884 primus
3063 3823 3286 3870 anteeas
3316 3821 3372 3868 tu
3423 3813 3554 3868 uni-

1981 3911 2120 3964 versi
2147 3909 2421 3964 exercitus
2476 3907 2796 3977 imperator,
2844 3915 2900 3962 et
2952 3917 3173 3962 anteeas
3203 3908 3425 3962 honoris
3469 3905 3549 3961 tui

1984 4016 2177 4065 causa,
2216 4011 2438 4071 propter
2471 4000 2765 4055 multorum
2818 4001 3092 4064 timorem,
3122 4015 3245 4055 cum
3297 4000 3546 4055 universa

1981 4092 2330 4162 expeditione
2370 4100 2461 4146 tua
2485 4101 2539 4144 et
2565 4091 2882 4145 cohortibus
2907 4090 3016 4146 tuis
3048 4098 3327 4145 :extrema
3366 4099 3547 4146 autem

1979 4185 2223 4240 omnium
2261 4183 2648 4254 impedimenta
2683 4192 2772 4238 tua
2797 4195 2942 4238 eant.

2056 4375 2145 4430 ll.
2188 4374 2270 4428 Ad
2312 4374 2458 4429 hunc
2489 4372 2713 4428 modum
2742 4369 3119 4442 unusquisque
3168 4379 3280 4425 tum
3311 4379 3551 4425 turmar-

304 4467 481 4540 ἀρχης
511 4465 547 4537 ἦ
573 4465 935 4537 δρουγγάριος
961 4459 1354 4534 περιπατείτω,
1385 4459 1484 4529 τὴν
1510 4456 1682 4527 αὐτὴν
1723 4455 1871 4520 τάξιν

1984 4462 2108 4528 cita,
2141 4471 2256 4516 tum
2282 4461 2631 4532 drungarins,
2659 4459 2712 4515 id
2747 4467 2854 4522 est,
2898 4459 3151 4514 tribunus
3184 4459 3384 4524 minor,
3422 4473 3552 4528 pro-

307 4559 613 4628 φυλάττων,
647 4556 759 4611 εἴτε
791 4556 1094 4628 ἡνωμὲνως
1129 4546 1546 4624 περιπατοῦσιν,
1576 4550 1684 4603 εἴτε
1714 4549 1871 4614 ἰδίως.

1980 4556 2129 4622 deat,
2157 4557 2300 4609 hanc
2329 4553 2501 4609 aciem
2532 4567 2780 4616 servans,
2846 4551 2960 4606 sive
3020 4548 3312 4620 conjuncta
3361 4563 3554 4604 omnes

321 4651 410 4707 Ἐν
461 4650 516 4704 δέ
562 4652 683 4715 ταῖς
743 4649 855 4703 τῶν
903 4644 1162 4718 ποταμῶν
1225 4643 1562 4708 διαϐάσεσιν,
1621 4641 1654 4713 ἢ
1708 4641 1871 4696 ἄλλως.

1980 4647 2282 4712 ambulent,
2316 4646 2432 4702 sive
2454 4645 2708 4701 seorsim.
2745 4641 2803 4698 In
2834 4642 3121 4698 fluviorum
3142 4641 3554 4697 transitionibus

307 4745 602 4815 ἀγνώστων
631 4743 873 4815 χωρίων,
905 4743 1033 4806 τοὺς
1064 4738 1453 4810 ἀντικένσορας
1476 4733 1871 4808 προλαμϐάνειι

1982 4749 2078 4796 aut
2105 4739 2338 4796 aliorum
2362 4738 2608 4794 locorum
2649 4736 2984 4808 ignotorum,
3019 4742 3396 4790 antecessores
3417 4748 3553 4803 prse-

309 4837 449 4893 ὥστε
484 4837 801 4909 δοκιμάζειν
836 4835 1102 4909 πρότερον
1133 4833 1262 4897 τοὺς
1299 4833 1522 4896 τόπους,
1571 4828 1666 4883 καὶ
1713 4827 1871 4895 οὕτως

1987 4831 2169 4898 mitte,
2201 4831 2293 4902 qui
2322 4829 2476 4901 prius
2528 4829 2647 4885 loca
2678 4828 2986 4900 explorent,
3020 4841 3194 4898 caque
3215 4825 3398 4897 qualia
3446 4824 3554 4880 sint

308 4930 674 5000 ἀπαγγέλλειν
714 4946 797 4983 σοι
844 4929 913 4983 τὰ
959 4927 1057 4982 τοῦ
1109 4925 1297 4988 τόπου,
1347 4924 1435 4976 ἵνα
1480 4921 1568 4976 διὰ
1603 4921 1713 4974 τῶν
1755 4922 1877 4974 ἐπι-

308 5020 535 5094 τηδείων
567 5022 844 5094 ἀρχόντων
875 5017 1234 5088 ἀποστέλλῃς,
1259 5015 1355 5069 καὶ
1374 5011 1757 5085 προφυλάττῃς
1784 5010 1880 5080 τὴν

307 5112 576 5169 διάϐασιν.

381 5205 473 5277 ιβ’.
525 5207 588 5259 Εἰ
637 5204 695 5259 δὲ
740 5204 884 5259 πάνυ
932 5199 1255 5268 ἐπισφαλεῖς
1300 5200 1439 5252 εἰσιν
1483 5199 1532 5251 οί
1582 5197 1739 5251 τόποι
1791 5197 1884 5250 καὶ

308 5298 581 5365 δύσκολοι,
610 5298 702 5352 καὶ
722 5295 948 5351 σεαυτὸν
963 5293 1075 5365 (58)
1098 5293 1188 5347 τοῦ
1219 5291 1418 5355 παντὸς
1449 5289 1751 5361 στρατηγὸν
1778 5291 1885 5343 ἀπο

1997 4927 2276 4989 nuntient,
2311 4932 2371 4979 ut
2402 4921 2732 4995 quibusdam
2787 4919 3002 4975 idoneis
3063 4916 3334 4988 praefectis
3369 4917 3553 4974 statim

1988 5017 2310 5089 prmmissis,
2335 5016 2624 5087 diligenter
2650 5027 2898 5070 asserves
2932 5012 3243 5068 transitum.

2065 5200 2152 5255 12.
2215 5196 2314 5253 Sin
2362 5195 2655 5251 admodum
2721 5194 2952 5260 lubrica,
3019 5191 3371 5262 diﬂiciliaque
3439 5188 3558 5245 loca

1997 5291 2219 5357 fuerint,
2244 5289 2476 5360 teipsum
2502 5297 2715 5360 oportet
2735 5289 2968 5358 primum
2989 5300 3055 5341 eo
3085 5285 3341 5351 transire,
3361 5281 3557 5340 deinde

1813 5401 2040 5460 NOTE.

383 5533 495 5602 ('55)
529 5535 922 5602 Λουκατορες.
964 5524 1026 5579 ιιι
1075 5522 1327 5578 Palatino
1365 5521 1558 5579 codice
1597 5529 1738 5585 erat,
1767 5520 1818 5574 ot
1847 5519 1894 5572 δ’

309 5599 579 5676 ﬁxit:
619 5599 779 5676 Male.

387 5663 498 5748 (55')
536 5676 656 5728 Οὐκ
685 5671 796 5725 ἔτι.
831 5666 1045 5748 S‘rrroe,
1073 5664 1171 5748 οίίκ
1198 5663 1334 5716 ἔστι.

387 5736 500 5822 (35)
538 5748 608 5802 Ἡ
642 5757 822 5806 τινες.
846 5737 1054 5800 Scribe,
1086 5736 1302 5796 οἵτινες.

635 5840 906 5900 Ριιτιιοι..
950 5835 1065 5894 Gn.
1107 5831 1286 5893 CVll.

2071 5521 2183 5593 (56)
2215 5519 2325 5607 βαι
2353 5518 2464 5587 τῆς
2468 5516 2742 5643 [κώμης.
2775 5515 2985 5602 δἐι-ὼε,
3010 5516 3102 5568 καὶ
3134 5513 3232 5583 τῆς
3265 5513 3451 5584 νομῆς.

2071 5591 2184 5643 (37)
2247 5593 2465 5643 Υπεοισ
2506 5634 2516 5643 .
2550 5588 2764 5643 Scribe.
2801 5604 2832 5643 η
2864 5588 2992 5643 περὶ
3019 5586 3100 5638 σέ.

2071 5586 2184 5660 (37)
2221 5586 2516 5658 'Trtcptaé.
2550 5586 2834 5660 δέω)αὴ
2864 5588 2992 5660 περὶ
3019 5586 3100 5638 σέ.

2069 5657 2179 5734 (58)
2211 5661 2315 5716 Καὶ
2340 5657 2615 5715 σεαυτόν.
2651 5657 2858 5724 Scribe,
2885 5657 2991 5729 χρὴ
3025 5674 3074 5708 σ.

3058 5816 3133 5878 25
