4020 6312
497 266 605 337 ’771

1699 256 1974 320 LEONIS
2011 250 2470 319 PHILOSOPHI

3650 241 3778 309 772

514 383 588 439 ibi
633 376 931 436 consistere
976 382 1033 432 et
1095 368 1445 440 commorari,
1500 369 1672 426 donec
1722 386 1914 426 omnes
1965 371 2072 425 εἰιιι

2185 366 2463 447 έρχεσθαι,
2498 364 2593 419 καὶ
2628 360 2872 431 γίνεσθαι
2914 358 3055 416 κατὰ
3082 358 3174 417 τὸν
3220 358 3406 427 τόπον,
3450 359 3547 414 καὶ
3582 376 3778 432 παραο

508 476 813 533 oﬂ'cnsione
847 471 1191 529 transierint.

478 552 666 624 "-3115.
692 568 809 622 Hoc
844 566 992 620 enim
1034 563 1212 620 virum
1265 559 1665 616 nobilissimum
1730 568 1785 615 ct
1832 558 2075 614 clarissi-

510 677 657 717 mum
697 666 908 731 patrem
944 662 1197 712 nostrum
1223 668 1402 724 regem
1451 650 1709 707 Basilium
1760 648 1953 706 fecisse
1986 664 2077 703 eo-

508 753 822 827 gnovimus,
856 748 1079 822 quando
1109 753 1304 803 contra
1337 743 1739 801 Germaniciam
1773 744 1967 815 Syriae
1995 741 2075 797 ci-

506 848 729 901 vitatem
756 844 942 913 copias
974 841 1224 906 duxerat,
1254 849 1309 894 et
1357 837 1678 893 Paradisum
1709 835 1937 891 ﬂuvium
1971 850 2075 890 an-

507 938 777 1009 ticiparat,
802 934 897 1007 qui
933 931 1279 1004 lampadibus
1309 931 1362 985 in
1395 928 1577 984 medio
1608 927 1932 983 constitutis
1961 926 2078 997 ipse

501 1046 602 1089 sua
626 1030 797 1102 ipsius
849 1023 1143 1099 praesentia
1199 1030 1367 1093 atque
1416 1034 1539 1091 ope,
1570 1022 1885 1075 universum
1918 1032 2077 1073 exer-

502 1123 670 1181 citum
701 1120 862 1177 facile
884 1126 940 1175 et
985 1118 1108 1174 sine
1149 1114 1452 1171 offensione
1495 1111 1759 1178 traduxit,
1795 1110 1886 1182 qni
1936 1124 2079 1180 sazpe

388 1270 392 1274 .
504 1230 725 1272 manum
775 1214 884 1269 illis
946 1211 1160 1267 amictis
1206 1216 1552 1282 porrexerat,
1609 1215 1665 1263 et
1698 1204 1967 1278 quosdam
2005 1217 2073 1259 ex

501 1309 757 1383 periculis
785 1306 1008 1379 eripuit.

571 1498 659 1554 u.
699 1493 846 1560 Haec,
896 1492 942 1550 si
977 1492 1165 1547 hostes
1217 1502 1327 1543 non
1353 1485 1695 1553 immineant,
1748 1484 2073 1554 imperator,

502 1590 817 1658 facies;sin
853 1599 1023 1658 prope
1045 1581 1273 1648 fuerint,
1296 1591 1414 1637 tum
1466 1580 1521 1636 in
1570 1577 1791 1650 propria
1844 1575 2080 1633 statione

503 1692 844 1756 permaneas.
871 1672 1260 1745 Unusquisque
1294 1679 1475 1727 autem
1493 1667 1782 1742 praefectus
1802 1667 1884 1725 sui
1909 1667 2079 1738 ipsius

504 1772 747 1831 cohortis
776 1780 869 1826 aut
900 1778 1091 1825 turmae
1118 1780 1309 1821 curam
1342 1763 1623 1835 suscipiet,
1645 1761 1819 1818 donec
1848 1774 2078 1827 omnes,

504 1866 595 1938 qui
630 1864 734 1921 sub
756 1860 985 1932 imperio
1012 1858 1129 1930 ejus
1148 1856 1374 1924 fuerint,
1418 1866 1726 1922 transeam,
1760 1864 1907 1908 utne
1936 1852 2078 1907 alius

504 1961 671 2015 alium
735 1952 1144 2017 antevertendo,
1198 1966 1258 2007 se
1309 1959 1499 2005 mutuo
1547 1950 1866 2020 perturbent
1913 1957 2078 2017 atque

503 2048 772 2120 afﬂigant;
816 2055 931 2102 tum
981 2043 1126 2100 enim
1179 2041 1432 2099 fortassis
1482 2041 1666 2112 aliqua
1725 2038 2077 2095 incommoda

502 2140 773 2197 orientur.

582 2232 672 2288 15.
709 2230 939 2299 Quando
963 2236 1141 2284 antem
1180 2240 1279 2298 per
1306 2224 1589 2296 regionem
1615 2224 1856 2297 aliquam
1899 2236 2080 2283 trans-

505 2325 661 2393 ieris,
721 2338 845 2395 qua:
875 2321 977 2378 sub
1010 2320 1218 2378 ditione
1274 2328 1462 2375 nostra
1514 2326 1619 2385 est,
1665 2332 1856 2388 parcas
1894 2328 1949 2374 et
1996 2319 2081 2374 fa-

502 2431 632 2472 veas
662 2416 807 2487 agris
842 2412 1004 2468 cultis
1034 2429 1050 2479 ;
1083 2411 1335 2481 idemque
1361 2409 1627 2465 militibus
1683 2410 1934 2480 praecipe,
1962 2409 2078 2466 sive

501 2508 621 2564 loca
662 2506 805 2564 culta
828 2514 882 2561 et
902 2504 1107 2560 vitibus
1134 2500 1371 2569 consita,
1402 2500 1517 2557 sive
1573 2501 1720 2557 horti
1753 2500 1978 2568 fuerint,
2008 2518 2078 2559 ne

499 2616 597 2672 per
622 2600 860 2657 medium
896 2599 1090 2652 horum
1110 2595 1359 2652 locorum
1394 2602 1694 2663 transeant,
1736 2604 1799 2650 ut
1825 2611 1893 2651 ex
1940 2595 2077 2667 legi-

497 2691 605 2749 bus
648 2690 1087 2762 prtescriptisque
1123 2687 1328 2745 nostris
1381 2686 1679 2757 municipes
1737 2698 1899 2758 atque
1929 2686 2075 2759 agri-

499 2782 633 2840 cola:
662 2780 820 2837 illaesi
847 2788 1261 2836 censerventur.

568 2872 661 2954 l6.
694 2873 753 2929 Si
790 2872 905 2927 lieri
932 2880 1139 2941 potest,
1162 2877 1223 2924 ut
1248 2884 1341 2939 per
1366 2868 1573 2924 inculta
1617 2867 1737 2926 loca
1789 2885 1909 2937 eas,
1944 2869 2076 2927 illuc

499 2966 667 3038 longo
694 2963 983 3021 intervallo
1005 2963 1199 3019 transi.
1227 2960 1322 3017 Sin
1357 2962 1660 3019 necessitas
1717 2962 1835 3035 ipsa
1860 2968 2095 3036 urgeat,

2182 462 2375 534 στῆναι
2402 461 2504 525 δεῖ,
2531 458 2689 531 ἄχρις
2715 459 2781 512 ἂν
2814 455 3015 521 πάντες
3048 452 3276 519 ἀπαθῶς
3301 453 3608 509 διέλθωστν.

2253 560 2341 623 ιγ’.
2372 550 2543 605 Τοῦτο
2570 550 2680 621 γὰρ
2723 548 2818 602 καὶ
2864 547 2957 600 τὸν
2985 548 3258 617 ἡμέτερον
3288 544 3625 617 ἀείμνηστον
3657 560 3775 599 πα-

2179 642 2315 714 τέρα
2350 641 2443 695 καὶ
2491 638 2719 710 βασιλέα
2762 634 3045 692 Βασίλειον
3097 637 3454 708 πεποιηκέναι
3490 636 3776 706 γινώσκο-

2184 753 2305 807 μεν,
2336 736 2426 791 ότε
2462 734 2604 790 κατὰ
2633 732 3003 806 Γερμανικίας
3031 731 3128 803 τῆς
3160 731 3219 784 ὲν
3250 730 3425 805 Συρία
3454 730 3554 804 τὴν
3589 748 3770 802 στρα-

2178 830 2330 885 τείαν
2362 829 2676 899 ἐποιήσατο,
2706 824 3199 899 προκαταλαϐόντα
3229 824 3330 896 μὲν
3354 823 3448 878 τὸν
3487 825 3770 897 Παράδει-

2179 940 2272 977 σον
2314 921 2609 993 λεγόμενον
2651 920 2922 992 ποταμὸν,
2950 918 3313 991 παραστάντα
3346 915 3405 971 δὲ
3436 917 3582 989 μετὰ
3618 918 3769 991 λαμ-

2180 1015 2365 1070 πάδων
2395 1014 2538 1069 κατὰ
2569 1013 2630 1069 τὸ
2674 1010 2860 1084 μέσον,
2906 1011 3003 1066 καὶ
3040 1012 3108 1083 τῇ
3154 1009 3321 1065 αὐτοῦ
3354 1012 3634 1083 παρουσίᾳ
3662 1012 3768 1067 καὶ

2178 1107 2449 1179 ἀσφαλείᾳ
2477 1106 2656 1162 πάντα
2696 1104 2789 1160 τδν
2819 1104 2911 1159 ὑπ’
2937 1101 3102 1159 αὐτὸν
3135 1103 3368 1176 στρατὸν
3398 1102 3630 1170 ἀπαθῶς
3662 1106 3766 1159 καὶ

2178 1199 2416 1263 εὐκόλως
2442 1198 2877 1255 διαϐιϐάσανταν.
2905 1197 2981 1261 ὡς
3013 1197 3109 1251 καὶ
3155 1198 3317 1267 χεῖρα
3338 1195 3527 1253 δοῦναι
3557 1196 3765 1253 πολλά-

2180 1312 2268 1360 κις
2297 1295 2392 1348 καὶ
2416 1293 2483 1350 δι’
2510 1292 2708 1350 ἑαυτοῦ
2734 1308 2888 1357 τινας
2903 1291 3012 1346 τῶν
3042 1289 3393 1363 στρατιωτῶν
3412 1289 3765 1348 κινδυνεύον-

2178 1406 2275 1454 τας
2302 1387 2707 1453 ἀνασώσασθαι.

2252 1480 2336 1535 ιδ’.
2383 1476 2557 1534 Τοῦτο
2600 1479 2662 1533 δὲ
2706 1480 2883 1534 ποιεῖν
2912 1494 2995 1533 σοι
3026 1475 3346 1549 κελεύομεν,
3380 1470 3427 1532 ὧ
3457 1481 3763 1551 στραηγέ,

2180 1574 2276 1628 ἐὰν
2310 1573 2386 1647 μὴ
2430 1572 2723 1643 ἑγγίζωσιν
2755 1572 2804 1627 ot
2834 1570 3086 1643 πολέμιοι
3124 1571 3242 1634 τοῖς
3282 1570 3473 1637 τόποις
3504 1572 3757 1638 ἐκείνοις.

2193 1667 2321 1723 Ἐὰν
2346 1667 2403 1723 δὲ
2432 1665 2748 1737 ὲγγίζωσιν,
2773 1665 2895 1720 τότε
2928 1665 2988 1718 σι
3021 1664 3121 1734 μὲν
3142 1665 3201 1719 ὲν
3226 1665 3295 1737 τῇ
3323 1664 3433 1737 ὶδιᾳ
3472 1663 3629 1732 τάξει
3660 1667 3765 1738 μι-

2184 1761 2564 1827 νειν,ἒκαστον
2594 1760 2650 1815 δὲ
2672 1758 2913 1831 ἄρχοντα
2934 1754 3031 1812 τοῦ
3051 1757 3183 1813 ἰδίου
3208 1756 3410 1829 μέρους
3438 1756 3541 1830 τὴν
3566 1758 3767 1830 χρείαν

2182 1855 2601 1929 ἀναπληρῶσαι,
2628 1854 2737 1916 ἓως
2772 1853 2841 1908 ἂν
2871 1852 3072 1917 πάντες
3100 1852 3152 1906 el
3182 1851 3277 1905 ὑπ’
3298 1852 3463 1906 αύτδν
3487 1851 3761 1921 στρατιῶ-

2182 1967 2274 2004 ται
2295 1948 2545 2013 ἀϐλαϐῶς
2573 1946 2873 2014 διέλθωσιν,
2910 1944 2999 2001 ἵνα
3026 1946 3104 2018 μὴ
3132 1944 3529 2013 σπουδάζοντες
3558 1946 3762 2009 πάντες

2183 2048 2341 2111 ἀλλος
2365 2046 2457 2101 τὸν
2508 2045 2668 2107 ἀλλον
2721 2042 3035 2116 προλαϐεῖν,
3075 2042 3358 2099 ἀτακτῶσι
3403 2044 3502 2099 καὶ
3543 2042 3759 2118 συντρί-

2178 2141 2409 2206 ϐωνται,
2433 2139 2564 2204 ἴσως
2584 2138 2706 2193 τότε
2735 2138 2830 2193 καὶ
2862 2136 3059 2210 βλάϐαι
3086 2139 3231 2203 τινες
3262 2138 3545 2208 γίνωνται.

2256 2240 2339 2291 ιε’.
2371 2234 2540 2288 ὀταν
2567 2231 2625 2287 δὲ
2650 2232 2708 2286 ὲν
2760 2233 2828 2304 τῇ
2851 2230 3011 2305 χώρᾳ
3036 2230 3147 2301 τῶν
3181 2233 3442 2305 ὑπηκόων
3473 2231 3635 2304 ἡμῶν
3660 2232 3759 2303 τὴν

2184 2325 2438 2381 διάϐασιν
2484 2323 2581 2378 τοῦ
2625 2322 2861 2397 στρατοῦ
2910 2326 3092 2397 ποιῇς,
3145 2324 3424 2395 φείδεσθαι
3471 2324 3569 2379 καὶ
3613 2323 3753 2378 ἀπο-

2184 2424 2405 2494 φεύγειν
2433 2426 2557 2487 τοὺς
2580 2421 2998 2497 γεωργηθέντας
3031 2420 3230 2485 τόπους
3253 2422 3367 2486 τοῖς
3384 2414 3757 2494 ’στρατιώταις

2184 2516 2527 2588 παράγγελλε
2548 2532 2562 2546 ·
2614 2516 2724 2571 εἴτε
2750 2516 3004 2588 χωράφιά
3028 2516 3188 2582 είσιν,
3222 2514 3333 2569 εῐτε
3366 2513 3693 2587 ἀμπελῶνες
3717 2515 3753 2587 ἢ

2180 2611 2383 2680 κῆποιο
2416 2609 2510 2664 καὶ
2542 2609 2617 2680 μὴ
2649 2608 2966 2663 διαϐαίνωσι
3001 2609 3166 2680 μέσον
3195 2608 3401 2674 αὐτῶν,
3433 2609 3519 2663 ἴνα
3546 2608 3754 2680 φυλάτ-

2180 2718 2281 2774 τῃς
2333 2702 2459 2768 τοὺς
2510 2701 2787 2766 ὑποτελεῖς
2817 2703 2850 2774 ἡ
2861 2700 2977 2773 μῶν
3021 2701 3115 2756 καὶ
3156 2703 3435 2773 γεωργοὺς
3463 2700 3756 2774 ἀζημίους,

2072 2802 2073 2805 ‘
2182 2792 2323 2849 κατὰ
2350 2792 2441 2849 τὸν
2466 2794 2596 2864 παρ’
2630 2792 2786 2865 ἡμῶν
2815 2809 2898 2845 σοι
2920 2791 3319 2865 προεκτεθέντα
3351 2792 3539 2862 νόμον.

2257 2883 2355 2952 ις’.
2385 2886 2500 2942 Καὶ
2529 2888 2578 2942 εί
2606 2886 2708 2959 μὲν
2740 2885 2982 2953 δυνατὸν,
3019 2884 3109 2955 διὰ
3132 2884 3243 2940 τῶν
3268 2886 3641 2970 ἀγεωργήτων
3658 2886 3755 2941 τό-

2180 2997 2300 3035 πων
2345 2980 2563 3053 μακράν
2613 2997 2673 3034 σε
2711 2978 3042 3052 διέρχεσθαι.
3072 2979 3136 3033 El
3167 2979 3225 3034 δὲ
3272 2979 3487 3051 ἀνάγκη
3529 2995 3590 3032 σε
3622 2995 3757 3034 κατ·

501 3069 560 3114 ιη
584 3073 682 3163 Ρθξ
706 3057 830 3163 ,1³³⁵⁸
852 3159 865 3167 Α
885 3072 1001 3167 Ea?»
1062 3053 1506 3167 υιιξιξεοιξὶυῆίιυο
1532 3063 1763 3167 “turma
1781 3055 2075 3167 ‘ll’f‘wfe‘ws
2102 3102 2151 3167 ο
2182 3074 2393 3143 επείγει
2443 3073 2531 3128 διὰ
2584 3072 2693 3128 τῶν
2719 3072 2979 3127 τοιούτων
3012 3072 3439 3146 γεωργηθέντων
3464 3072 3650 3128 τόπων
3676 3073 3757 3127 δι-

497 3151 783 3225 prtecipics
813 3159 871 3205 ut
894 3149 968 3204 ibi
994 3149 1319 3215 consistant,
1350 3158 1404 3201 et
1425 3149 1735 3204 cautionem
1762 3149 2072 3221 diligentem

2185 3164 2382 3232 ελθεῖν,
2429 3163 2803 3237 παραγγείλῃς
2826 3166 2953 3229 τοὺς
2995 3164 3229 3222 ἑκάστου
3256 3165 3535 3236 τάγματος
3559 3165 3756 3237 ἄρχον-

497 3245 817 3311 adhibeant,
853 3243 1027 3315 donec
1053 3256 1245 3297 omnes
1292 3240 1517 3307 milites,
1565 3240 1662 3312 qui
1712 3242 1815 3298 sub
1856 3243 2075 3299 illorum

497 3346 765 3407 potestate
790 3344 941 3403 sunt,
969 3334 1313 3402 transierint,
1344 3343 1398 3392 et
1422 3334 1681 3406 praefecto
1714 3344 1829 3393 tum
1891 3339 2075 3410 proxi-

496 3448 589 3487 mo
615 3431 734 3489 loca
774 3432 888 3487 haec
917 3430 1089 3489 illaesa
1120 3428 1360 3499 tradant,
1391 3429 1586 3501 sicque
1633 3429 1944 3488 discedant.

577 3612 666 3669 l7.
707 3609 969 3668 Similiter
994 3607 1159 3666 etiam
1185 3609 1468 3682 proximus
1490 3610 1565 3666 illi
1601 3610 1783 3678 faciet,
1808 3622 1863 3670 et
1903 3629 2077 3673 unus-

499 3713 744 3787 quisque
799 3708 960 3764 etiam
999 3705 1288 3779 praefectus
1328 3708 1524 3764 ordine
1552 3723 1697 3773 suo;
1733 3710 1814 3768 sic
1851 3712 2072 3768 etordi-

495 3806 583 3860 nis
631 3798 977 3857 conservatio
1018 3808 1133 3853 tum
1175 3806 1288 3865 tua,
1340 3808 1455 3855 tum
1506 3799 1907 3872 praefectorum,
1955 3812 2069 3859 tum

496 3900 729 3957 militum
759 3895 1123 3963 adhibebitur,
1160 3905 1217 3953 et
1265 3896 1525 3969 agricola:
1595 3897 1809 3955 fructus
1865 3900 2071 3973 illatsus

493 3995 631 4051 crit.‘

568 4084 657 4140 18.
683 4083 914 4152 Quando
955 4081 1241 4138 imminere
1277 4081 1433 4138 labor
1488 4083 1637 4151 belli,
1663 4084 1747 4140 vel
1811 4084 2067 4155 difﬁcilis,

490 4180 622 4235 etin
658 4192 849 4234 omnes
886 4186 1069 4248 partes
1091 4176 1616 4249 circumspiciendus
1651 4180 1915 4238 transitus
1946 4198 2069 4240 esse

493 4273 725 4338 videtur,
763 4272 811 4326 si
855 4270 981 4326 ferae
1009 4279 1106 4325 aut
1137 4279 1439 4327 mansuetae
1475 4271 1670 4330 bestiae
1697 4276 2063 4342 occurret-int,

490 4367 666 4422 autin
712 4372 1069 4435 conspectum
1114 4362 1329 4420 illorum
1365 4354 1730 4436 prodierint,
1781 4378 2066 4424 venatione

2182 3274 2308 3323 τας,
2342 3255 2538 3327 μέχρις
2565 3255 2631 3309 ἀν
2660 3256 2708 3309 oi
2739 3254 2831 3309 ὑπ’
2861 3255 3059 3318 αὐτοὺς
3075 3253 3400 3325 τεταγμένοι
3423 3253 3753 3326 στρατιῶται

2158 3358 2159 3361 “
2182 3349 2545 3423 παρέλθωσιν,
2569 3347 2819 3403 ἵστασθαι
2848 3349 2946 3402 καὶ
2974 3347 3287 3417 φυλάττειν,
3316 3346 3411 3402 καὶ
3438 3345 3499 3401 τὺ
3524 3344 3624 3400 ἀπ’
3652 3346 3749 3399 αύ-

2181 3443 2272 3499 τοῦ
2291 3444 2603 3515 ἐρχομένων
2620 3441 2733 3514 (59)
2755 3440 3104 3514 παραδιδόναι
3119 3440 3244 3506 τοὺς
3258 3438 3531 3505 τοιούτους
3553 3440 3751 3506 τόπους

2099 3529 2101 3532 ⁴
2178 3534 2461 3600 ἀϐλαϐεῖς,
2492 3534 2589 3589 καὶ
2610 3531 2785 3598 οὕτως
2818 3526 3165 3605 ἀναχωρεῖν.

2254 3628 2341 3697 ιζ’.
2390 3628 2497 3683 Τὸν
2537 3628 2724 3699 ὅμοιον
2767 3627 2825 3681 δὲ
2869 3626 3074 3701 τρόπον
3128 3626 3302 3681 ποιεῖν
3370 3624 3469 3681 καὶ
3509 3624 3604 3679 τὸν
3651 3625 3746 3680 ἀπ’

2178 3725 2411 3793 ἐκείνου,
2445 3724 2540 3779 καὶ
2572 3723 2802 3786 ἕκαστος
2829 3721 3014 3795 ἄρχων
3040 3719 3104 3776 τὺ
3127 3716 3261 3777 αὐτὸ
3280 3708 3532 3777 ποιείτω.
3560 3720 3747 3784 Olim);

2178 3820 2288 3891 γὰρ
2317 3818 2415 3873 καὶ
2459 3819 2496 3890 ή
2546 3816 2615 3890 σὴ
2656 3816 2902 3883 εὐταξία,
2937 3814 3036 3870 καὶ
3059 3815 3094 3886 ἠ
3124 3814 3234 3869 τῶν
3260 3815 3559 3888 ἀρχόντων,
3590 3815 3683 3869 καὶ
3711 3816 3743 3884 ἠ

2175 3910 2269 3968 τοῦ
2304 3908 2559 3982 στρατοῦ,
2601 3909 2699 3965 καὶ
2749 3909 2811 3964 τὸ
2862 3906 3096 3972 ἀϐλαϐὲς
3150 3907 3246 3961 τοῦ
3317 3906 3568 3979 γεωργοῦ
3632 3906 3745 3961 δια-

2176 4004 2606 4077 φυλαχθήσεται.
3358 4026 3359 4029 η

2236 4080 2339 4171 ιη’.
2397 4096 2569 4150 Ὅταν
2624 4094 2681 4148 δὲ
2752 4092 2951 4167 ὲγγίζῃ
3003 4091 3118 4147 καὶ,
3144 4091 3511 4162 προσδοκᾶται
3571 4090 3745 4161 κάμαὲ

2173 4208 2265 4256 τος
2301 4185 2413 4261 (40)
2442 4185 2683 4258 πολέμου
2709 4224 2727 4250 ,
2772 4184 2806 4256 ἢ
2839 4183 3106 4258 δυσχερὴς
3140 4183 3237 4240 καὶ
3267 4183 3532 4247 ιπίκοπος
3559 4183 3742 4238 διάϐα-

2175 4301 2279 4351 σις,
2331 4280 2428 4337 ἐὰν
2452 4280 2567 4347 ζῶα
2599 4281 2765 4352 ἄγρια
2796 4279 2829 4350 ἢ
2874 4280 3059 4351 ἣμερα
3084 4278 3227 4334 κατὰ
3258 4277 3354 4348 τὴν
3398 4276 3517 4331 ὁδὸν
3559 4275 3739 4332 διανα-

2174 4377 2393 4443 στῶσιν,
2420 4374 2455 4449 ἢ
2483 4375 2832 4446 ύπαντήσωσι
2864 4372 3003 4428 κατά
3033 4371 3355 4445 πρόσωπον,
3384 4369 3600 4445 κωλύῃς
3632 4358 3765 4441 (41)

488 4470 543 4517 et
567 4460 929 4516 insectatione
975 4457 1195 4515 illarum
1252 4457 1453 4514 milites
1511 4468 1635 4516 tuos
1681 4461 1998 4531 prohibebis
2043 4480 2058 4529 ;

2187 4491 2249 4529 να
2282 4471 2357 4544 μὴ
2385 4469 2653 4549 διώκωσιν
2703 4467 2865 4532 αὐτὰ,
2902 4466 3000 4545 ὅτι
3044 4465 3111 4521 δι’
3158 4464 3338 4520 αὐτῶν
3377 4462 3606 4535 Θὸρυϐος
3650 4466 3740 4518 καὶ

488 4570 682 4625 magna
753 4552 899 4607 enim
976 4551 1137 4607 turba
1203 4568 1541 4625 magnusque
1594 4554 1801 4610 clamor
1875 4572 1941 4609 ex
1998 4571 2064 4612 eo

2185 4542 2375 4638 εραυγὴ
2404 4542 2615 4632 γίνεταὶ
2704 4560 2798 4614 καὶ
2841 4542 2903 4614 σί
2926 4559 3085 4613 ἵπποι
3119 4559 3319 4629 κωρεῖς
3348 4555 3463 4628 (42)
3490 4556 3734 4626 ἀνάγκης

487 4654 658 4712 esset,
693 4653 747 4700 et
801 4644 927 4716 equi
967 4643 1187 4700 illorum
1227 4645 1347 4701 sine
1398 4645 1507 4701 ulla
1558 4648 1881 4703 necessitate
1924 4647 2066 4703 allii-

486 4748 743 4813 gerentur
754 4777 770 4793 .

555 4833 643 4917 l9.
676 4831 906 4901 Quando
934 4832 1081 4903 par-is
1108 4840 1344 4905 tempus,
1397 4843 1455 4889 et
1519 4835 1673 4889 nulla
1710 4836 1834 4891 belli
1869 4851 2061 4907 exspe-

484 4929 653 4985 ctatio
698 4936 783 4983 est
814 4967 830 4992 ,
890 4936 1024 4982 tunc
1056 4927 1277 4981 venatio
1312 4927 1605 4983 admodum
1665 4926 1816 4986 utilis
1868 4931 2058 4986 militi—

484 5026 586 5081 bus
619 5032 723 5079 est.

540 5118 634 5173 20.
673 5117 729 5173 Si
767 5130 993 5188 parvum
1017 5114 1318 5171 exercitum
1349 5123 1539 5171 contra
1601 5116 1783 5173 hostes
1812 5118 2055 5185 duxeris,

2164 4930 2379 5001 ἀνάγκη
2430 4921 2729 4995 ἑλπίζεται,
2770 4930 2891 4983 τότε

2161 5028 2272 5087 τοῖς
2305 5022 2684 5097 στρατιώταις.

2160 4656 2568 4729 συντρίϐονται.

2233 4835 2313 4889 ιϐ’.
2356 4835 2527 4890 Ὅταν
2558 4834 2613 4890 δὲ
2648 4836 2842 4906 καιρός
2884 4835 3034 4889 ἐστιν
3083 4833 3326 4906 είρήνης,
3390 4831 3485 4887 καὶ
3518 4832 3737 4904 οὐδεμία

2952 4927 3201 5000 χρήσιμά
3238 4929 3344 4981 εἰσι
3393 4927 3460 4981 τά
3506 4930 3749 4997 κυνήγια

2238 5124 2307 5173 κ’.
2351 5118 2478 5172 Ἐάν
2522 5119 2581 5173 δὲ
2624 5117 2806 5187 ὀλίγον
2836 5116 3086 5189 στρατὶν,
3137 5116 3213 5180 ὡς
3257 5116 3425 5180 είκδς,
3472 5115 3734 5187 ἐπιφέρῃς

483 5228 578 5283 per
603 5212 841 5267 habitata
869 5209 988 5267 loca
1018 5223 1087 5264 ne
1110 5207 1300 5274 ducas,
1340 5224 1518 5279 neque
1564 5210 1618 5264 in
1648 5218 1762 5277 tua,
1792 5226 1970 5282 neque
2004 5212 2056 5266 in

2185 5212 2253 5265 ιαὶ
2314 5210 2515 5285 μέλλῃς
2579 5210 2918 5282 ἐπιτηδεύειν
2969 5209 3113 5265 κατὰ
3156 5208 3265 5264 τῶν
3317 5208 3616 5281 πολεμίων,
3660 5207 3734 5279 μὴ

482 5304 715 5360 hostium
738 5303 979 5375 regione,
1013 5317 1080 5358 ne
1117 5301 1257 5357 forte
1283 5303 1656 5373 speculatores
1681 5303 1838 5360 facile
1866 5304 2057 5360 adver-

2159 5305 2485 5378 διαϐιϐἀζῃς
2516 5303 2714 5370 αὐτοὺς
2741 5304 2882 5360 κατά
2916 5304 3096 5360 τόπων
3130 5303 3488 5376 οἰκουμένων,
3514 5301 3647 5375 μηδὲ
3675 5301 3733 5355 ιν

2007 5444 2244 5503 NOTAE.

518 5541 667 5623 λου).
698 5540 805 5623 Καὶ
828 5542 906 5623 τις)
932 5537 1033 5594 ἀπ’
1068 5538 1255 5623 αὐτοῦ
1283 5537 1638 5612 ἐρχομένων.
1688 5540 1903 5608 Scribe,
1953 5542 2046 5595 καὶ

472 5613 554 5682 τῷ
582 5613 667 5663 ἐπ’
692 5613 856 5665 αὑτοῦ
884 5613 1183 5682 ἐρχομένῳ.

549 5682 658 5753 (ιο)
690 5682 974 5752 (ἰάματος.

476 5763 612 5820 erat,
634 5756 782 5823 τὰμα
804 5754 909 5820 ἓως
927 5790 942 5805 .

2232 5541 2343 5610 (Η)
2374 5542 2662 5607 Κωλύεις.
2690 5540 3068 5607 Seribcbalur,
3103 5539 3375 5601 καλλύεις.

2248 5614 2337 5684 42)
2373 5613 2480 5669 Καὶ
2516 5617 2570 5670 ol
2600 5614 2773 5669 ἵπποι
2824 5613 3051 5684 χωρεῖς.
3106 5612 3332 5679 Scribe,
3359 5609 3451 5665 καὶ
3500 5613 3547 5665 οἱ
3572 5610 3751 5665 ἵπποι

1082 5664 1311 5752 gébatur
1355 5682 1506 5754 κάμα
1538 5683 1645 5771 ἕως
1698 5683 1755 5739 ιιι
1794 5683 2043 5741 Palatino
2153 5664 2340 5756 χωρίξί
2373 5664 2410 5725 ﬁ.
