4020 6312
150 393 264 460 773

1275 395 1606 457 TACTICA.
1638 419 1702 430 -·
1737 393 2238 454 CONSTITUTIO
2271 392 2370 452 IX.
3318 383 3422 445 774

150 513 224 584 τῇ
285 509 542 582 ἡμετέρα
586 510 678 582 γῇ,
709 511 846 582 μηδέ
874 513 931 565 ὲν
959 515 1026 584 τῇ
1064 513 1318 586 πολεμίᾳ,
1354 515 1440 567 ἴνα
1471 514 1544 583 μὴ
1587 526 1750 579 φανεο

1869 516 1992 573 lant,
2030 519 2083 562 et
2116 508 2366 563 hostibus
2399 504 2671 571 nuntient,
2737 503 2833 559 sed
2867 517 2962 572 per
3023 501 3128 559 alia
3173 502 3420 572 quaedam

157 606 352 677 ρωθῇς
384 603 474 658 διὰ
505 604 613 660 τῶν
661 607 1024 661 κατασκόπων
1071 610 1182 672 τοῖς
1237 609 1470 679 ἐχθροῖς,
1509 604 1645 659 ἀλλά
1677 603 1745 657 δι’

155 698 377 770 ἐτέρων
426 699 605 753 τόπων
652 700 875 770 ἀφανῶν
921 701 1191 765 σπούδαζε
1228 698 1619 772 παρέρχεσθαι,
1654 694 1748 750 καὶ

150 789 341 844 ταῦτα
381 790 502 862 μὲν,
532 791 660 844 ὅταν
691 791 750 844 ἐν
784 793 849 861 τῇ
890 790 994 864 ἰδίᾳ
1020 790 1174 864 χώρᾳ
1205 790 1296 846 τὸν
1321 789 1549 860 στρατὸν
1578 788 1749 842 διαϐι-

153 882 380 950 ϐάζεις,
410 884 514 955 χρή
544 901 602 936 σε
624 883 1072 954 διασφάττεσθαι.

227 973 344 1030 κα’.
385 977 559 1029 Ὅταν
588 974 647 1029 δὲ
686 977 742 1028 ἐν
772 977 835 1047 τῇ
866 975 1104 1048 πολεμίᾳ.
1152 977 1251 1046 τὴν
1289 975 1600 1047 ὁδοιπορίαν
1653 977 1750 1029 ἐπ-

154 1066 324 1138 άγεις
389 1067 484 1122 τοῦ
533 1065 801 1139 στρατοῦ,
838 1070 943 1139 χρή
985 1087 1044 1122 σε
1096 1068 1300 1138 ταύτην
1357 1069 1599 1139 φθείρειν
1656 1069 1750 1122 καὶ

155 1161 347 1214 καίειν
381 1161 478 1214 καὶ
523 1161 907 1231 κατατέμνειν.
959 1162 1137 1233 Ζημία
1185 1161 1294 1232 γὰρ
1325 1161 1624 1232 χρημάτων
1655 1162 1749 1214 καὶ

157 1251 411 1324 καρπῶν
455 1251 635 1306 ἔνδεια
687 1253 974 1318 ἐλάττονας
1005 1255 1149 1308 ποιεῖ
1173 1255 1300 1318 τοὺς
1331 1253 1624 1324 πολεμίους
1655 1253 1750 1306 καὶ

155 1346 253 1400 τὸν
291 1345 539 1416 πόλεμον
585 1345 994 1417 ἀσθενέστερον,
1045 1347 1233 1418 ὥσπερ
1268 1348 1302 1419 ή
1346 1347 1552 1402 τούτων
1593 1364 1749 1420 περι-

156 1437 323 1492 ουσία
359 1439 566 1508 μᾶλλον
595 1438 785 1512 τρέφει
809 1438 999 1492 τοῦτον
1026 1441 1120 1494 καὶ
1154 1440 1397 1507 αὐξάνει.

233 1530 352 1602 κβ’.
394 1531 523 1585 Ἐὰν
552 1532 609 1586 δέ
641 1532 810 1586 πολὺν
839 1532 1030 1604 χρόνον
1072 1534 1130 1587 ἐν
1159 1536 1224 1606 τῇ
1261 1534 1494 1606 πολεμίᾳ
1522 1536 1589 1604 γῇ
1628 1531 1753 1602 μὲλ-

158 1623 263 1698 λῃς
335 1625 970 1696 καταστρατοπεδεύειν,
1048 1627 1287 1680 τοσαῦτα
1362 1626 1455 1681 καὶ
1525 1623 1750 1679 τοιαῦτα

159 1716 419 1787 φθείρων
449 1718 562 1791 (45)
605 1719 706 1790 τῆς
751 1718 937 1791 χώρας
978 1712 1087 1774 οἷον
1121 1719 1216 1774 καὶ
1258 1721 1382 1773 ὅσον
1429 1719 1609 1774 αὐτῶν
1654 1720 1751 1790 οὐχ

158 1809 312 1876 ἔξεις
341 1811 566 1882 χρείαν,
594 1813 663 1867 τὰ
691 1812 747 1867 δὲ
774 1815 1046 1882 ἀναγκαῖα
1079 1814 1312 1884 φύλαττε
1339 1817 1448 1878 τοῖς
1482 1814 1616 1884 μετὰ
1658 1813 1749 1867 σού

161 1905 586 1976 στρατεύμασιν
616 1908 694 1970 είς
717 1907 960 1980 δαπάνην
987 1907 1188 1963 αὐτῶν.

237 2006 349 2066 κγ’.
390 1999 562 2052 Ὀταν
616 1999 673 2055 δέ
721 1998 820 2064 τὰς
866 2000 1082 2063 ἁπάσας
1117 2001 1374 2071 δυνάμεις
1423 2000 1551 2072 ἔχῃς
1595 1998 1751 2070 όμοῦ,

167 2089 314 2161 μήτε
365 2091 460 2144 ἐπὶ
487 2093 586 2162 τῆς
615 2091 890 2162 ἡμετέρας
925 2091 1107 2165 χώρας
1158 2092 1294 2164 μήτε
1324 2093 1414 2147 ἐπὶ
1455 2092 1622 2164 ἄλλης
1655 2091 1757 2146 ύπ-

165 2187 338 2255 ηκόου
365 2184 732 2256 καθεζόμενος
759 2184 972 2258 χρόνιζε
995 2204 1007 2216 ·
1036 2185 1130 2241 καὶ.
1152 2185 1262 2258 γὰρ
1286 2187 1412 2252 τοὺς
1449 2187 1614 2251 ίδίους
1661 2186 1754 2241 ἀν-

165 2277 410 2341 αλῶσεις
463 2276 732 2349 καρποὺς,
762 2278 856 2333 καὶ
884 2276 1186 2349 ζημιώσεις
1212 2277 1374 2331 πλέον
1403 2275 1530 2341 τοὺς
1568 2277 1758 2346 φίλους

171 2368 381 2438 μᾶλλον
417 2369 450 2441 ἥ
485 2370 610 2433 τοὺς
643 2369 1265 2440 πολεμίους.Μετάγαγε
1298 2367 1356 2424 δὲ
1389 2369 1556 2432 αὑτάς
1590 2369 1753 2439 ταχὺ,

170 2462 269 2516 ἐὰν
318 2462 584 2516 ἀκίνδυνά
629 2465 746 2517 ἐστι
792 2463 865 2517 τὰ
912 2464 1011 2534 τῆς
1036 2462 1242 2526 οἰκείας
1285 2463 1491 2533 χώρας,
1525 2462 1618 2516 καὶ
1669 2463 1761 2514 ἐπ-

171 2554 352 2623 άγαγε
379 2555 476 2608 ἐπὶ
508 2554 606 2626 τὴν
644 2554 928 2628 πολεμίαν.
961 2557 1072 2610 Καὶ
1099 2556 1208 2626 γὰρ
1237 2556 1330 2609 ἐάν
1355 2556 1500 2608 ἐστιν
1530 2555 1563 2627 ἡ
1601 2555 1760 2609 πολε⁹

111 2717 114 2720 ί
173 2647 274 2716 μία
305 2646 539 2716 δαψιλὴς
562 2648 654 2702 καὶ
672 2647 949 2721 εὖκαρπος
975 2647 1070 2702 καὶ
1097 2646 1350 2712 πλουσία,
1372 2646 1580 2717 τροφὴν
1613 2645 1755 2710 ἕξεις

171 2741 269 2794 καὶ
325 2740 594 2812 εὐπορίαν
649 2739 901 2810 ἄφθονον.
949 2740 1073 2795 Ἐάν
1111 2738 1168 2794 δέ
1201 2740 1300 2793 οὐκ
1347 2737 1460 2792 ἔστι
1508 2739 1754 2808 τοιαύτη,

170 2833 274 2905 τὴν
309 2835 410 2904 μὲν
445 2834 583 2888 ίδίαν
617 2852 708 2889 σου
736 2835 830 2890 καὶ
857 2834 1018 2905 φίλην
1052 2833 1235 2906 χώραν
1274 2833 1374 2887 οὐκ
1406 2831 1715 2904 ἐρημώσεις
1742 2848 1754 2860 ·

174 2925 357 2980 πολλὰ
388 2927 445 2980 δὲ
477 2928 628 2998 ὅμως
661 2930 758 2982 καὶ
791 2928 897 2981 ἀπὸ
926 2931 1025 2999 τῆς
1061 2925 1345 2998 πολεμίας,
1377 2927 1424 2979 εί
1452 2925 1546 2980 καὶ
1577 2924 1650 2996 μὴ
1677 2925 1760 2978 λι-

175 3022 331 3091 παρά
378 3024 551 3089 ἐστιν,
597 3024 851 3096 εὑρήσεις
913 3023 995 3086 εἰς
1039 3021 1230 3096 χρείαν
1279 3020 1391 3092 (Li)
1439 3019 1531 3074 τοῦ
1567 3018 1671 3074 ὑπὸ
1702 3021 1762 3076 σὲ

178 3113 413 3183 στρατοῦ
441 3114 535 3168 καὶ
563 3114 856 3184 ἀναγκαῖα.

247 3203 349 3259 κδ’.
397 3205 492 3260 Ἐν
535 3204 592 3259 δὲ
629 3207 693 3277 τῇ
727 3205 964 3278 πολεμίᾳ
1015 3207 1085 3278 γῇ
1138 3205 1251 3276 (45)
1291 3204 1366 3275 μὴ
1413 3204 1582 3276 ἀφίῃς
1632 3206 1758 3270 τοὺς

1936 3207 2025 3262 24.
2054 3207 2160 3264 Ubi
2195 3208 2248 3262 in
2285 3207 2468 3264 hostili
2530 3217 2674 3263 terra
2714 3204 2904 3270 fueris,

180 3298 523 3369 στρατιώτας
575 3299 822 3364 ἀτάκτως
866 3299 1128 3370 φέρεσθαι
1178 3299 1317 3371 πρὸς
1348 3300 1447 3364 τὰς
1479 3299 1756 3369 ἀφελείας.

178 3389 457 3455 Πολλάκις
505 3389 614 3462 γὰρ
663 3389 1141 3463 ἐπιϐουλευόμενοι
1197 3390 1347 3461 παρὰ
1392 3389 1498 3444 τῶν
1552 3390 1763 3461 ἐχθρῶν

182 3484 429 3554 μεγάλας
470 3482 672 3555 βλάϐας
697 3483 1084 3555 ὑπομενοῦσιν.

249 3585 354 3636 κε’.
382 3578 702 3651 Φροντίσεις
730 3578 787 3634 δέ
816 3578 875 3634 ἐν
898 3582 963 3650 τῇ
1001 3578 1108 3650 ἰδία
1138 3580 1209 3651 γῇ
1242 3577 1540 3651 ὁδοιπορῶν
1568 3578 1663 3632 σὺν
1687 3575 1763 3648 τῷ

181 3672 561 3742 στρατεύματι
603 3671 707 3742 τῆς
739 3689 799 3725 τε
831 3671 1037 3744 ἀγορᾶς
1085 3671 1182 3726 καὶ
1224 3670 1495 3742 ἐμπορίας
1526 3671 1666 3725 κατά
1697 3688 1758 3724 τε

181 3765 325 3835 γῆν.
372 3766 420 3819 εί
467 3763 602 3838 τύχῃ
628 3808 644 3831 ,
693 3765 787 3820 καὶ
833 3765 973 3820 κατὰ
1018 3763 1313 3830 Θάλασσαν,
1351 3763 1438 3817 ἵνα
1471 3761 1754 3818 ἀκινδύνου

182 3859 280 3929 τῆς
326 3862 639 3931 παρουσίας
689 3858 860 3929 αὐτῆς
907 3856 1094 3929 οὔσης,
1132 3858 1341 3922 ἀόκνως
1396 3856 1494 3910 καὶ
1545 3856 1763 3927 ἀφόϐοις

186 3951 479 4023 κομίζουσι
509 3952 602 4006 τὸν
628 3953 710 4016 είς
731 3951 798 4006 τὰ
829 3951 1108 4024 ἐπιτήδεια
1141 3951 1359 4023 φόρτον.

256 4053 373 4111 κςκ
401 4046 573 4100 Ὅταν
597 4043 652 4099 δὲ
681 4044 767 4100 διὰ
798 4042 1000 4099 στενῶν
1025 4044 1206 4098 τόπων
1250 4042 1464 4114 μέλλεις
1496 4042 1766 4097 ποιεῖσθαι

184 4139 284 4212 τὴν
313 4140 570 4212 πάροδον,
606 4140 639 4212 ἢ
675 4139 762 4194 διὰ
782 4137 1000 4212 ὀρεινῆς
1028 4137 1123 4193 καὶ
1159 4137 1428 4192 δυσϐάτου
1457 4136 1645 4208 χώρας
1672 4153 1766 4191 πο-

187 4232 382 4306 λεμίας
416 4232 693 4306 παράγειν
745 4232 838 4286 τὸν
878 4231 1139 4304 στρατὸν.
1201 4232 1499 4300 ἀναγκαῖον
1554 4247 1765 4302 παρεκ-

190 4328 257 4382 πί
267 4345 431 4400 μπειν
472 4345 531 4381 σε
554 4326 720 4398 μέρος
736 4342 789 4379 τι
815 4324 911 4379 τοῦ
938 4324 1368 4397 στρατεύματος,
1387 4325 1771 4396 καὶπροκατα-

190 4419 570 4492 λαμϐάνεσθαι
598 4419 698 4483 τὰς
730 4417 1062 4490 ύπερϐάσεις
1089 4458 1106 4483 ,
1155 4418 1248 4472 καὶ
1291 4419 1390 4482 τὰς
1420 4417 1529 4471 τῶν
1567 4417 1769 4471 στενῶν

193 4516 484 4586 παρόδους,
518 4515 689 4585 ἤγουν
718 4513 813 4577 τὰς
844 4513 1144 4584 λεγομένας
1171 4512 1517 4584 κλεισούρας,
1567 4513 1653 4565 ἵνα
1690 4510 1767 4583 μὴ

195 4608 496 4678 φθάσαντες
552 4608 602 4662 οί
664 4607 947 4678 πολέμιοι,
1010 4607 1104 4660 καὶ
1162 4606 1449 4670 σταθέντες
1509 4605 1768 4659 ἐπὶτῶν

191 4691 379 4774 ἄκρων
431 4699 601 4773 ἧτῶν
644 4700 845 4752 στενῶν
893 4695 1211 4750 κωλύσωσίν
1262 4713 1320 4750 σε
1373 4695 1474 4766 τὴν
1517 4695 1768 4750 διάϐασιν

196 4793 537 4866 ποιεῖσθαι,ῆ
571 4792 812 4846 κίνδυνον
831 4789 917 4846 διὰ
940 4788 1038 4861 τῆς
1074 4788 1428 4860 στενοπορίας
1458 4788 1762 4857 ἐπαγαγεῖν

197 4886 273 4957 τῷ
302 4887 694 4958 στρατεύματι.

268 4975 370 5046 κζ’.
401 4981 475 5035 To
503 4980 557 5035 δὲ
587 4977 720 5033 αύτὺ
749 4976 1002 5049 φρόντιζε
1035 4974 1128 5030 καὶ
1175 4975 1303 5029 ὅταν
1334 4972 1495 5038 αὐτὸς
1524 4971 1768 5046 πεφόϐη-

203 5088 291 5125 σαι
341 5071 614 5143 πολεμίων
670 5069 920 5141 εἰσϐολὴν
967 5069 1048 5131 είς
1101 5067 1203 5138 τὴν
1255 5065 1389 5118 ἰδίαν
1421 5064 1628 5135 χώραν,
1680 5063 1769 5116 ἵνα

205 5166 618 5240 προκαταλάϐῃς
659 5168 728 5218 τὰ
764 5163 923 5217 στενὰ
948 5164 1046 5232 τῆς
1075 5161 1216 5225 ὀδοῦ,
1253 5160 1344 5214 καὶ
1379 5159 1628 5231 κωλύσῃς
1661 5157 1769 5211 τῶν

206 5259 472 5331 πολεμίων
535 5262 631 5332 τὴν
690 5258 894 5312 εἴσοδον
949 5256 1039 5311 διά
1094 5273 1236 5318 τινος
1307 5253 1769 5325 ἀποστελλομένου

211 5353 434 5423 στρατοῦ
457 5397 470 5421 ,
521 5354 554 5425 ἢ
585 5350 768 5416 κακῶς
799 5349 911 5424 (46)
946 5349 1227 5420 διαθήσεις
1257 5349 1454 5410 αὐτοὺς
1487 5349 1542 5399 ἐν
1571 5349 1632 5418 τῇ
1664 5346 1771 5399 τῶν

210 5441 410 5497 στενῶν

1855 603 2265 671 Iocaincognita
2293 615 2390 657 eos
2425 599 2597 655 ducas
2632 615 2646 664 ;
2689 598 2853 669 idque
2898 597 2953 651 in
2997 603 3092 653 tua
3131 596 3305 667 ipsius
3340 594 3423 651 di-

1854 695 2000 747 tionc
2031 691 2220 754 facies,
2255 690 2300 746 si
2336 691 2554 761 quando
2588 691 2888 746 exercitum
2919 688 3101 744 ducis.

1921 956 2012 1010 2|.
2052 955 2279 1021 Quando
2305 970 2400 1024 per
2429 954 2682 1012 hostilem
2711 962 2914 1009 terram
2966 953 3066 1008 iter
3109 949 3240 1007 facit
3267 965 3424 1006 exer-

1852 1045 1994 1101 citus
2026 1055 2172 1110 tuus,
2231 1047 2482 1111 incende,
2521 1055 2698 1112 vasta,
2750 1044 3009 1116 p0pulare
3046 1053 3247 1098 terram
3299 1042 3422 1097 illo-

1855 1153 1974 1192 rum
2006 1157 2021 1203 ;
2056 1154 2181 1192 nam
2224 1138 2578 1208 pecuniarum
2614 1149 2826 1209 egestas
2870 1139 3196 1206 frugumque
3240 1135 3419 1204 inepia

1857 1231 2038 1287 hostes
2084 1231 2488 1297 imbecilliores,
2539 1231 2849 1301 bellumque
2921 1229 3194 1284 infirmius
3241 1227 3422 1289 facit;

1852 1324 2310 1394 quemadmodum
2376 1331 2565 1378 contra
2638 1323 2863 1377 istarum
2913 1336 3094 1375 rerum
3153 1317 3427 1374 afﬂuentia

1855 1418 2068 1473 illorum
2105 1417 2212 1471 vim
2274 1416 2463 1472 incitat
2490 1427 2678 1472 contra
2733 1431 2831 1470 nos
2876 1423 3038 1482 atque
3069 1414 3320 1491 adauget.

1923 1509 2012 1564 22.
2039 1508 2095 1564 Si
2126 1510 2290 1580 longo
2339 1519 2588 1580 tempore
2635 1509 2690 1563 in
2722 1507 2903 1562 hostili
2945 1517 3090 1560 terra
3118 1519 3428 1560 commora-

1856 1614 2009 1658 turus
2032 1618 2114 1664 es,
2145 1610 2227 1660 tot
2264 1602 2504 1674 taliaque
2527 1611 2761 1663 vastato,
2788 1610 2920 1670 quot
2953 1600 3314 1670 qualiumque
3365 1606 3423 1652 tu

1854 1713 1961 1753 non
1990 1699 2187 1769 cgebis.
2223 1698 2304 1752 Ad
2345 1699 2614 1753 exercitus
2643 1695 2718 1750 tui
2769 1703 3041 1762 sumptus,
3074 1693 3216 1762 quod
3239 1707 3430 1748 neces-

1857 1791 2061 1848 sarium
2090 1791 2196 1846 erit
2225 1789 2554 1846 reservabis.

1932 1967 2019 2022 25.
2046 1965 2272 2034 Quando
2298 1980 2492 2022 omnes
2522 1965 2709 2034 copias
2744 1964 2992 2036 coegeris
3024 1963 3216 2028 simul,
3250 1977 3428 2033 neque

1859 2060 1913 2114 in
1943 2069 2129 2115 nostra
2158 2059 2382 2124 ditione,
2413 2073 2588 2125 neque
2615 2057 2668 2111 in
2701 2057 2808 2112 ulla
2846 2057 3070 2127 regione
3120 2055 3225 2110 sub
3259 2055 3430 2125 impe-

1859 2151 2002 2205 rium
2062 2159 2310 2206 nostrum
2366 2148 2615 2219 subjecta
2665 2148 2758 2204 diu
2811 2145 3161 2217 praestolare;
3197 2159 3322 2199 nam
3379 2154 3435 2200 et

1860 2251 2076 2298 nostras
2106 2241 2292 2313 fruges
2349 2240 2617 2305 vastabis,
2667 2249 2723 2295 et
2788 2240 2998 2295 amicos
3049 2237 3222 2308 magis
3267 2252 3431 2306 quam

1861 2337 2112 2392 inimicos
2152 2335 2640 2392 hedes.‘Celei-iter
2671 2344 2877 2401 autem,
2915 2334 2960 2389 si
3004 2331 3226 2403 aliquod
3287 2332 3432 2402 peri-

1860 2430 2047 2486 culum
2108 2428 2440 2499 impendeat,
2473 2443 2505 2483 a
2556 2437 2745 2484 nostra
2813 2426 3022 2481 ditionc
3060 2424 3125 2480 ad
3181 2424 3432 2479 hostilem

1862 2530 2059 2577 terram
2100 2521 2410 2587 traducite;
2450 2535 2600 2586 nam,
2632 2520 2676 2574 si
2739 2518 2903 2574 fuerit
2931 2533 2993 2572 ea
3017 2516 3219 2587 opima,
3244 2515 3435 2569 fertilis

1861 2627 1925 2667 ac
1961 2612 2222 2682 locuples,
2263 2612 2566 2666 ubertatem
2609 2618 2949 2666 commeatus
2999 2622 3053 2664 et
3109 2617 3432 2664 exterarum

1863 2721 2044 2761 rerum
2107 2704 2438 2760 allluentiam
2503 2704 2764 2769 habebis;
2829 2703 2912 2757 sin
2983 2701 3250 2772 ejusmodi
3324 2716 3433 2754 non

1849 2796 2052 2862 “fuerit,
2077 2808 2224 2854 tuam
2250 2808 2427 2854 tamen
2481 2800 2746 2868 integram
2784 2796 3154 2861 conservabis,
3189 2804 3241 2848 et
3265 2795 3433 2848 multa

1869 2894 1922 2948 in
1951 2892 2133 2949 hostili
2163 2900 2326 2956 terra,
2350 2906 2660 2962 quanquam
2701 2889 2995 2944 admodum
3024 2886 3301 2942 fructuosa
3330 2903 3435 2942 non

1869 2981 1960 3062 sit,
2003 2981 2068 3035 ad
2126 2979 2380 3035 alendum
2429 2987 2610 3034 tamen
2650 2978 2947 3033 exercitum
3034 2977 3229 3031 idonea
3291 2977 3439 3032 inre-

1868 3066 2006 3107 mes.

2981 3204 3123 3259 haud
3160 3205 3440 3276 permittes

1867 3302 2066 3355 milites
2091 3313 2213 3356 tuos
2236 3300 2300 3357 ad
2330 3303 2577 3375 omnem;
2594 3301 2830 3377 prtedam
2892 3299 3210 3375 inordinate
3239 3314 3438 3352 excur—

1867 3410 2006 3448 rere.
2039 3393 2194 3463 Szrpe
2237 3393 2381 3448 enim
2429 3393 2497 3447 ab
2527 3383 2780 3451 hostibus
2811 3392 3170 3448 circumventi
3216 3407 3441 3462 magnas

1865 3497 1917 3542 et
1944 3503 2140 3559 graves
2164 3487 2343 3543 clades
2373 3487 2661 3558 accipient.

1933 3585 2023 3639 25.
2052 3584 2108 3638 In
2132 3591 2224 3638 tua
2251 3584 2419 3654 ipsius
2450 3591 2592 3638 terra
2641 3598 2762 3639 eum
2786 3583 3030 3638 exercitu
3065 3579 3440 3654 proﬁciscens,

1867 3676 2131 3743 cogitabis
2183 3675 2251 3730 de
2308 3690 2527 3730 annona
2577 3682 2632 3729 et
2679 3673 3081 3740 mercimoniis,
3128 3682 3241 3725 tum
3298 3683 3440 3726 terra

1870 3778 1982 3824 tum
2027 3767 2188 3834 mari,
2222 3775 2281 3822 ut
2321 3768 2385 3821 ad
2418 3782 2513 3822 vos
2543 3767 2663 3823 sine
2703 3765 3052 3822 incommodo
3083 3764 3395 3835 perveniant
3423 3781 3439 3826 ;

1871 3872 1983 3918 tum
2008 3863 2153 3918 enim
2209 3862 2432 3932 copiose
2466 3870 2521 3916 et
2554 3860 2834 3916 aﬂluenter
2873 3875 2933 3915 ea
2966 3859 3172 3922 omnia,
3208 3875 3440 3929 quorum

1870 3959 1923 4013 in
1980 3954 2220 4013 exercitu
2270 3955 2469 4026 aliquis
2493 3971 2624 4011 usus
2679 3962 2782 4020 est,
2817 3953 2881 4008 ad
2929 3968 3024 4007 vos
3066 3951 3441 4022 asportabunt.

1939 4050 2030 4105 26.
2053 4047 2283 4116 Quando
2323 4064 2422 4120 per
2482 4047 2765 4118 angustias
2819 4046 3053 4117 aliquas,
3091 4051 3184 4098 aut
3217 4058 3309 4116 per
3355 4058 3446 4097 ar-

1869 4140 2008 4195 duos
2053 4139 2312 4210 aviosque
2342 4149 2552 4194 montes
2578 4137 2923 4209 proiecturus
2955 4152 3039 4204 cs,
3093 4135 3356 4206 praemitle
3379 4150 3446 4191 ex

1873 4234 2002 4300 tuis,
2029 4234 2121 4305 qui
2167 4232 2296 4304 juga
2331 4231 2596 4287 montium
2635 4239 2690 4285 et
2731 4230 2847 4285 loca
2888 4231 2958 4284 ibi
2989 4229 3292 4286 editissima
3350 4244 3446 4283 oc-

1870 4336 2090 4397 cupent,
2130 4336 2186 4381 et
2209 4325 2300 4399 qui
2335 4325 2512 4381 aditus
2544 4333 2803 4396 angustos
2840 4335 2893 4378 et
2941 4324 3124 4379 minus
3179 4330 3445 4392 patentes,

1871 4435 2008 4490 quas
2037 4419 2321 4475 clausuras
2353 4417 2661 4480 nominant,
2686 4414 2984 4485 anticipent
3012 4454 3024 4478 ,
3069 4428 3136 4468 ne
3194 4413 3448 4469 hostibus

1872 4510 2342 4584 praevertentibus,
2398 4509 2529 4565 etin
2588 4508 2721 4578 ipsis
2773 4506 3149 4578 angustiarum
3195 4505 3448 4561 faucibus

1876 4608 1930 4656 et
1961 4600 2228 4655 montium
2252 4597 2486 4669 fastigiis
2506 4595 2939 4660 considentibnS,
2967 4595 3052 4649 vel
3095 4595 3199 4650 iter
3225 4595 3449 4653 omnino

1876 4689 2225 4759 impediatur,
2257 4687 2340 4742 vel
2391 4686 2510 4742 sine
2551 4700 2748 4755 magna
2775 4683 3076 4739 oﬂimsione
3107 4683 3303 4739 confici
3336 4697 3447 4737 non

1875 4782 2069 4853 possit.

1946 4965 2037 5019 27.
2076 4962 2185 5018 lloc
2209 4961 2348 5017 idem
2385 4959 2547 5016 etiam
2583 4965 2639 5012 tu
2676 4956 2919 5028 provide,
2953 4954 3001 5011 si
3025 4953 3246 5024 quando
3267 4951 3449 5007 hosti-

1879 5058 1981 5111 lem
2018 5055 2388 5110 incursionem
2437 5053 2489 5107 in
2523 5061 2670 5106 tuam
2710 5050 2985 5122 regionem
3035 5048 3270 5101 futuram
3333 5044 3448 5100 for-
3517 5051 3520 5055 '

1883 5152 2055 5207 mitias
2085 5169 2098 5216 ;
2127 5150 2305 5219 aliqua
2330 5148 2472 5201 enim
2511 5146 2742 5200 militum
2773 5159 2929 5198 manu
2951 5142 3017 5198 ad
3045 5142 3325 5213 angustias
3353 5156 3449 5196 oc-

1882 5242 2158 5315 Cupundns
2181 5243 2370 5306 missa,
2407 5241 2528 5294 illos
2560 5238 2706 5294 aditu
2740 5236 3073 5307 prohibebis,
3104 5246 3154 5290 et
3182 5231 3452 5305 permulta

1877 5335 2220 5394 incommoda
2258 5334 2364 5388 illis
2391 5333 2601 5388 aﬂ'eres.

1715 5586 1949 5642 NOTAE.

283 5763 401 5887 μὲν).
424 5765 524 5822 Καὶ
559 5763 798 5820 τοιαῦτα
819 5762 1100 5832 φθείρων.
1134 5756 1516 5828 Scribebatur,
1559 5759 1654 5815 καὶ
1706 5760 1769 5829 τῇ

289 5854 319 5887 ἓ
357 5855 536 5887 ,ἷζε-1³9⁸1.

217 5850 377 5891 ταέᾑυὲ
389 5850 536 5891 Σίκων.

292 5871 521 5974 {indita
564 5908 785 5978 χιε-ίαν.
825 5904 915 5962 Sic
950 5904 1143 5977 legitur
1167 5903 1221 5960 in
1256 5901 1445 5958 coiiiee
1464 5902 1771 5960 Piswriann

1882 5774 1979 5828 pro
2014 5761 2092 5822 εἰς
2133 5759 2360 5829 χωρίαν.

1956 5830 2067 5892 (ιδ)
2105 5828 2449 5897 risi-rane,
2477 5828 2577 5900 μή.

1956 5903 2066 5974 (ili)
2111 5903 2182 5957 Ἣ
2208 5900 2423 5968 κακῶς,
2455 5899 2668 5971 Scribe,
2701 5899 2793 5952 ml
2829 5900 3036 5967 nexi-.3.
