4078 6306
569 348 676 412 ’1⁸15
1731 351 2004 412 LEONIS
2048 350 2179 411 PH]

2193 351 2516 416 LOSOPHI
3726 353 3794 413 ’ῖῖ

637 460 728 515 28.
760 459 816 515 Si
851 459 1070 530 longum
1093 460 1308 533 aliquod
1344 461 1468 530 iter,
1509 472 1562 519 et
1598 465 1892 520 multorum
1919 466 2130 520 dierum
2164 473 2208 527 Α

2308 463 2415 534 κη’.
2459 462 2584 518 Ἐὰν
2610 464 2664 517 δὲ
2699 464 2787 518 διὰ
2817 463 3034 535 μακρᾶς
3077 459 3195 514 ὁδοῦ
3231 460 3432 534 μέλλῃς
3469 461 3804 532 πορεύεσθαι

568 552 710 608 viam
744 563 854 608 tum
892 553 946 608 in
972 564 1082 619 tua,
1116 563 1231 608 tum
1257 555 1309 608 in
1330 555 1510 611 hostili
1542 558 1763 628 regione
1787 558 2137 612 conlecturus

2241 557 2334 609 καὶ
2367 555 2577 610 πολλῶν
2605 556 2826 628 ἡμερῶν
2857 555 3094 610 διανύειν
3129 554 3350 625 πορείαν
3383 553 3478 607 καὶ
3527 556 3584 616 ἐν
3619 557 3682 626 τῇ
3721 557 3830 627 ἰδία.

567 660 647 708 es,
686 645 919 714 primum
955 648 1288 701 assuelacito
1321 648 1550 711 milites,
1599 659 1654 702 ut
1687 650 1739 703 in
1779 650 2000 720 regione
2045 659 2133 703 tua

2241 647 2394 719 χώρα
2427 650 2518 703 καὶ
2555 651 2612 702 ἐν
2652 652 2717 720 τῇ
2747 649 3008 720 πολεμίᾳ,
3055 647 3144 700 διὰ
3180 647 3278 716 μὲν
3317 647 3416 714 τῆς
3465 646 3598 711 ιδίας
3641 647 3830 720 χώρας

567 737 694 791 dum
723 738 854 803 sint,
885 739 1132 794 ordinem
1162 755 1322 795 suum
1366 742 1418 796 in
1452 743 1765 812 manipulis,
1795 759 1916 812 quae
1945 752 2136 797 contu-

2241 742 2328 795 ῐνα
2378 738 2562 815 ἐθίζῃς
2612 743 2679 797 τὰ
2726 745 3114 816 στρατεύματα
3172 745 3355 815 μένειν
3396 744 3456 797 ἐν
3497 743 3672 810 τάξει,
3734 746 3830 798 καὶ

572 827 758 884 bernia
790 844 1005 900 quoque
1032 840 1316 897 vocantur,
1349 843 1402 887 et
1425 834 1718 889 stationem
1761 844 2003 901 teneant,
2041 849 2132 888 an‘

2242 837 2642 907 συμφυλάττειν
2685 838 2810 900 τοὺς
2872 837 3034 900 ίδίους
3066 837 3278 908 λόχους,
3311 838 3479 908 ἤγουν
3512 838 3639 901 τοὺς
3672 837 3829 909 ὀρδξ-

571 924 932 993 tegredientes
960 928 1623 994 sequantur,uthostilem
1661 929 1712 982 in
1757 936 1958 982 terram
2013 943 2137 982 cum

2242 946 2364 992 νους
2392 930 2491 1000 τῆς
2524 930 2729 994 τάξεως
2755 971 2769 996 ,
2803 931 2900 984 καὶ
2931 930 3243 984 ἀκολουθεῖν
3274 933 3386 994 τοῖς
3414 932 3696 1002 ἄρχουσιν,
3735 932 3821 986 ἵνα

568 1014 835 1082 venerint,
867 1028 920 1071 et
952 1031 1048 1072 nec
1077 1017 1317 1088 Opinatis
1346 1019 1412 1073 de
1462 1019 1761 1089 improviso
1801 1018 2137 1074 incursioni-

2244 1022 2337 1075 καὶ
2385 1023 2446 1075 ἐν
2472 1024 2538 1093 τῇ
2572 1021 2809 1093 πολεμίᾳ
2860 1022 2998 1093 πρὸς
3039 1023 3158 1086 τὰς,
3199 1021 3276 1086 ὡς
3308 1022 3475 1086 εἰκὸς,
3529 1023 3822 1093 γινομένας

570 1101 675 1155 bus
704 1101 924 1172 appetiti
974 1104 1104 1169 sint,
1156 1106 1340 1162 minus
1383 1107 1804 1172 tumultuentur,
1854 1115 1907 1161 et
1942 1106 2034 1160 alii
2073 1106 2138 1161 ad

2243 1115 2500 1185 ἐξαίφνης
2534 1115 2824 1179 ἐπιϐουλὰς
2880 1116 2956 1186 μὴ
3007 1114 3258 1187 ἐναθρύῳ
3320 1114 3433 1184 (47)
3486 1115 3685 1185 καιρῷ,
3730 1119 3823 1169 καί

569 1193 707 1248 alios
733 1195 960 1251 confuse
983 1206 1357 1265 accurrentes,
1406 1198 1507 1252 sibi
1541 1198 1673 1268 ipsis
1705 1200 1853 1254 nullo
1887 1199 2140 1268 praesidio

2241 1206 2410 1272 ὀξέως
2452 1206 2841 1278 ἐπιγινομένῳ,
2893 1206 3246 1280 θορυϐοῦνται
3303 1209 3395 1261 καὶ
3445 1208 3818 1278 ἐπιτρέχουσι.

569 1286 696 1351 sint,
727 1287 817 1342 sed
850 1287 918 1341 ab
942 1289 1187 1344 hostibus
1214 1291 1381 1344 multa
1435 1290 1577 1345 mala
1620 1302 1731 1344 tum
1772 1301 1991 1361 propter
2053 1293 2138 1346 sui

2245 1301 2340 1352 ml.
2368 1299 2521 1352 ἄλλοι
2549 1299 2684 1370 πρὸς
2717 1299 2909 1363 ἄλλους
2941 1299 3218 1370 φέρονται,
3241 1299 3335 1353 καὶ
3363 1299 3450 1354 διά
3465 1298 3624 1353 τοῦτο
3653 1300 3823 1371 μηδὲν

567 1376 1053 1445 perturbationem,
1097 1386 1209 1432 tum
1253 1388 1473 1450 propter
1502 1380 1740 1435 hostium
1764 1380 2020 1451 impetum
2051 1396 2140 1437 ac-

2241 1388 2274 1460 ἢ
2311 1389 2404 1442 καὶ
2451 1388 2668 1460 βοηθεῖν
2710 1389 2989 1456 δύνανται,
3026 1389 3198 1444 πολλὰ
3240 1388 3298 1442 δὲ
3345 1389 3493 1443 κακὰ
3542 1390 3574 1460 ἢ
3623 1392 3718 1444 καὶ
3753 1390 3822 1443 δι’

575 1468 801 1536 cipiant.
835 1470 1109 1524 Consucta
1137 1471 1279 1524 enim
1307 1469 1408 1524 hac
1426 1471 1635 1526 ordinis
1692 1473 2132 1537 conservatione,

2244 1481 2454 1535 ἑαυτῶν
2483 1483 2515 1553 ἢ
2545 1481 2641 1536 καὶ
2660 1483 2750 1537 διὰ
2798 1484 2906 1537 τῶν
2956 1483 3230 1554 πολεμίων
3273 1483 3542 1549 πάθωσιν,
3584 1484 3698 1537 ἀλλ’
3732 1485 3820 1537 ἵνα

570 1569 685 1616 tum
716 1562 780 1615 ad
813 1578 896 1617 res
937 1577 1126 1618 omnes
1156 1563 1534 1632 suscipiendas
1565 1573 1727 1617 erunt
1776 1564 1982 1627 idonei,
2022 1574 2135 1618 tum

2240 1574 2327 1628 διὰ
2385 1573 2478 1627 τοῦ
2545 1575 2769 1642 ἐθισμοῦ
2842 1576 2941 1646 τῆς
2995 1575 3248 1641 εὐταξίας
3301 1576 3394 1630 καὶ
3450 1578 3529 1642 είς
3592 1578 3824 1648 πορείαν

569 1650 635 1705 ad
667 1651 864 1707 bellum
907 1654 1080 1723 ipsum
1107 1656 1303 1723 parati,
1346 1655 1644 1726 praasertim
1681 1656 1725 1710 si
1775 1657 1991 1727 signum
2042 1657 2140 1711 ali-

2241 1667 2377 1720 εἰσὶν
2440 1667 2737 1734 ἐπιδέξιοι,
2803 1669 2898 1723 καὶ
2969 1671 3049 1734 είς
3113 1671 3294 1741 μάχην
3355 1669 3821 1742 εὐτρεπισμέναι,

569 1743 716 1811 quod
750 1745 999 1811 habeant,
1039 1758 1091 1802 et
1148 1757 1372 1817 aspectu
1423 1748 1528 1819 ipsi
1579 1764 1636 1804 se
1673 1749 1814 1803 inter
1869 1765 1926 1805 se
1972 1766 2141 1821 agno-

2240 1756 2453 1828 εχοντες
2485 1757 2579 1811 καὶ
2625 1758 2849 1829 σημεῖόν
2879 1777 2930 1813 τι
2960 1761 3051 1814 καὶ
3098 1760 3362 1833 ἀλλήλους
3404 1763 3463 1815 ἐν
3507 1760 3661 1827 τάξει
3695 1761 3821 1831 βλέ-

572 1844 750 1892 scaut.
2171 1836 2182 1894 l

2171 1835 2213 1894 Β
2244 1864 2457 1912 ποντες.

637 1927 728 1982 29.
746 1933 849 1987 Per
871 1930 1153 2001 angustias
1177 1931 1310 1988 tales
1335 1947 1499 2002 quam
1527 1932 1750 1987 minime
1769 1942 1923 2004 potes
1949 1933 2138 1988 ducito

2307 1942 2418 1998 10'.
2472 1942 2582 2013 Τὴν
2641 1944 2698 1997 δέ
2753 1945 2979 2018 πορείαν
3035 1944 3126 1999 τοῦ
3188 1946 3596 2016 στρατεύματος
3627 1945 3821 2016 ὀλίγην

569 2023 889 2087 exercitum,
945 2023 1038 2078 sed
1091 2038 1186 2094 per
1234 2025 1473 2094 spatiosa
1501 2026 1642 2088 loca,
1675 2026 1730 2080 in
1782 2026 2136 2096 quibus-non

2238 2033 2512 2087 ποιεῖσθαί
2541 2053 2598 2088 σε
2621 2035 2718 2100 δεῖ,
2757 2038 2849 2090 καὶ
2875 2037 2964 2091 διὰ
2999 2038 3256 2092 τοιούτων
3291 2040 3506 2111 χωρίων
3537 2038 3821 2103 διαϐίϐαζε

571 2125 887 2184 rrementur
912 2118 1178 2190 angustiis
1209 2118 1451 2173 locorum
1495 2119 1780 2189 implicati,
1848 2120 1944 2174 sed
1985 2120 2074 2174 ubi
2109 2134 2136 2173 a

2237 2127 2338 2191 τὰς
2366 2126 2566 2198 τάξεις,
2622 2129 2689 2182 δι’
2748 2124 2822 2184 ὧν
2873 2131 2932 2184 οὐ
2988 2131 3430 2202 συνθλιϐήσονται
3496 2133 3608 2204 (48)
3663 2133 3821 2203 ἐχου-

570 2210 738 2265 latere
759 2209 982 2279 produci
1015 2211 1065 2264 in
1084 2211 1476 2280 longitudinem
1518 2221 1781 2281 possunt;
1809 2211 1966 2265 facile
1990 2211 2137 2266 enim

2243 2235 2331 2272 σαι
2364 2219 2562 2282 πλάτος
2588 2221 2728 2274 ὥστε
2764 2223 2826 2275 ἐκ
2858 2223 3099 2293 πλευρᾶς
3146 2223 3238 2276 ἐπὶ
3293 2223 3466 2294 μῆκος
3497 2224 3817 2293 ἐκταθῆναι.

571 2297 784 2353 insidiis
810 2299 1214 2364 circumveniri,
1243 2307 1297 2354 et
1321 2301 1558 2354 hostium
1587 2302 1768 2356 subito
1829 2297 2136 2355 interventu

2243 2310 2702 2366 Εὺεπιϐούλευτοι
2765 2316 2872 2384 γὰρ
2915 2315 3154 2382 γίνονται
3203 2315 3336 2387 πρὸς
3385 2317 3483 2379 τὰς
3516 2317 3818 2384 αίςξνιδίους

570 2388 798 2458 0Pl’rimi
830 2400 1077 2460 Ροεδυηίν
1105 2392 1199 2459 (ἰαί
1250 2391 1324 2444 im
1389 2391 1525 2445 Ῐοοίε
1558 2391 1753 2447 ίηείυεῖ
1791 2401 1938 2456 sum.
1962 2400 2021 2447 ιη
2068 2393 2135 2446 ³1
2241 2405 2350 2458 τῶν
2404 2406 2680 2479 πολεμίων
2727 2409 3050 2478 ἐπιφανείας
3082 2409 3138 2462 αἱ
3171 2409 3440 2475 τοιαῦται,
3477 2411 3570 2462 καὶ
3617 2409 3819 2480 μᾶλλον

571 2480 778 2551 aliquid
837 2481 1161 2551 praeclarum
1195 2482 1624 2554 {suscipiendum
1655 2485 2044 2554 impediantur.

1455 2484 1624 2537 udum
1655 2485 2044 2554 impediantur.
2241 2499 2340 2550 ob):
2371 2498 2589 2568 ἔχουσαι
2620 2499 2679 2552 τὸ
2713 2500 3059 2570 δραστήριον.

640 2573 728 2626 30.
759 2571 816 2628 Si
867 2573 1014 2628 enim
1071 2588 1138 2630 ex
1189 2575 1419 2629 adverso
1472 2576 1657 2629 hostes
1707 2577 1929 2630 veniant
1977 2576 2138 2632 latius

2312 2590 2385 2644 λ’.
2429 2591 2552 2644 Ἐὰν
2582 2591 2688 2664 γὰρ
2730 2593 2913 2656 αὐτοῖς
2947 2592 3054 2646 ἀπὸ
3088 2592 3400 2664 ἔμπροσθεν
3429 2594 3813 2665 ἀπαντήσωσιν

573 2661 853 2716 instructis
883 2662 1078 2730 copiis,
1103 2660 1260 2717 facile
1283 2659 1583 2718 fundentur
1634 2671 1689 2718 et
1723 2661 2139 2733 dissipabuntur

2239 2684 2289 2735 el
2319 2683 2568 2754 πολέμιοι
2607 2685 2931 2754 πλατύτεροι
2975 2686 3322 2756 τεταγμένοι,
3357 2686 3595 2751 εὐκόλως
3621 2687 3817 2748 αὐτοὺς

571 2760 673 2821 tui,
705 2755 1164 2826 quemadmodum
1191 2772 1314 2812 cum
1364 2755 1420 2811 in
1466 2756 1607 2812 bello
1633 2756 1704 2812 ab
1747 2757 2000 2815 hostibus
2027 2761 2139 2814 cir-

2239 2775 2552 2845 τρέπονται,
2587 2777 2840 2848 καθάπερ
2889 2779 2942 2832 oi
2988 2779 3082 2832 ἐπὶ
3284 2779 3466 2850 μάχης
3512 2779 3679 2851 αὐτῆς
3721 2779 3817 2833 εὖ·

572 2849 840 2904 cumclusi
862 2850 1016 2904 estis.

2240 2868 2446 2940 καίρως
2478 2869 2802 2933 κυκλοῦντες
2829 2870 2952 2934 τοὺς
2975 2869 3269 2934 ἐναντίους.

640 2942 728 2998 51.
751 2941 844 2996 Sin
870 2957 900 2996 a
926 2943 1093 2997 latere
1132 2957 1229 3012 per
1259 2943 1466 2999 medias
1511 2944 1696 3015 copias
1738 2944 1922 3000 hostes
1952 2943 2140 3000 incur-

2310 2960 2411 3014 λα’.
2454 2960 2581 3015 Ἐὰν
2611 2961 2668 3014 δὲ
2698 2961 2840 3016 κατὰ
2889 2962 3058 3034 μέσην
3087 2963 3185 3034 τὴν
3231 2961 3459 3033 δύναμιν
3486 2965 3549 3015 ἐκ
3577 2962 3821 3033 πλευρᾶς

571 3044 716 3100 rant,
801 3033 959 3091 facile
1011 3035 1412 3102 distrahuntur,
1453 3044 1506 3092 et
1554 3044 1882 3107 separantur
1949 3038 2136 3108 copia}.
2241 3053 2564 3117 ἐπιϐάλωσι,
2597 3056 2733 3126 ταχὺ
2779 3055 3053 3108 διιστῶσιν
3082 3033 3265 3108 αὐτῶν
3294 3054 3392 3127 τὴν
3445 3055 3669 3127 πορείαν
3724 3056 3822 3109 και

570 3129 724 3196 Quod
747 3129 793 3184 si
822 3129 887 3184 ad
915 3129 1238 3200 phalangem
1271 3130 1446 3186 redire
1471 3130 1767 3197 voluerint,
1803 3138 1855 3185 et
1878 3130 2139 3200 utrinque
2167 3203 2180 3220 Α

2240 3146 2650 3200 διακόπτουσιν.
2688 3146 2813 3200 Ἐὰν
2848 3146 2958 3220 γὰρ
2995 3147 3363 3218 ἐπιστρέψωσι
3394 3148 3530 3216 πρὸς
3559 3148 3816 3218 φάλαγγα

569 3225 725 3296 qui!“
791 3224 960 3278 mem
1022 3223 1315 3288 Ῐηειτυθτθι
1388 3222 1662 3278 inﬁrmum
1702 3233 1817 3278 mm
1885 3222 2135 3293 Ρτωὶίυτη
2165 3201 2208 3259 C
2241 3240 2289 3293 oi
2317 3239 2895 3311 ὀδοιποροῦντες,ὦστε
2920 3240 3482 3312 ἀντιπαρατάξασθαι,
3514 3240 3750 3312 ἀσθενὴς
3781 3243 3814 3313 ἠ

569 3318 674 3373 erit
694 3361 708 3385 ,
740 3316 866 3388 quia
897 3317 1184 3371 confestim
1217 3315 1322 3371 hoc
1369 3316 1436 3370 ab
1467 3316 1572 3372 illis
1601 3314 1714 3370 fieri
1735 3331 1839 3370 non
1871 3324 2065 3386 potest.

1704 3316 1839 3370 illo"
1871 3324 2065 3386 Ροῑεδι·
2244 3333 2393 3404 μάχη
2418 3333 2627 3402 γίνεται
2663 3334 2756 3387 καὶ
2780 3335 2879 3388 οὐκ
2905 3333 3104 3404 ἔχουσα
3132 3335 3314 3404 τάχος.

640 3412 727 3465 52.
756 3410 849 3467 Sin
889 3424 919 3463 a
955 3419 1104 3480 tergo
1127 3409 1404 3472 invadant,
1433 3423 1586 3478 mque
1635 3422 1874 3476 praesens
1922 3405 2125 3475 pericu-

2311 3425 2410 3492 ).3'.
2449 3425 2574 3479 Ἐὰν
2590 3425 2644 3479 δέ
2675 3426 2785 3480 ἀπὸ
2807 3425 3030 3480 δπισθεν
3059 3425 3386 3496 ἐπιφανῶσι,
3422 3426 3707 3497 προφανὴς
3730 3426 3813 3493 γί-

574 3505 684 3559 lum
707 3510 808 3568 est,
847 3517 910 3557 ac
950 3501 1164 3568 fuisset,
1186 3501 1229 3557 si
1270 3515 1384 3568 eos,
1426 3501 1519 3570 qui
1558 3499 1611 3554 in
1645 3498 1822 3556 fronte
1855 3510 2005 3565 sunt,
2054 3499 2140 3554 in-

2239 3534 2390 3572 νεται
2423 3518 2642 3591 δλεθρος
2671 3519 2872 3588 ὁμοίως
2899 3521 3010 3584 τοῖς
3039 3520 3095 3573 ἐν
3128 3519 3204 3590 τῷ
3244 3519 3553 3592 ἔμπροσθεν
3584 3519 3682 3590 τῆς
3717 3537 3815 3572 πο-

572 3598 865 3653 vasissent.
2244 3610 2393 3682 ρείας
2421 3610 2793 3681 τεταγμένοις.

641 3692 728 3746 53.
772 3687 925 3755 Quod
950 3689 996 3743 si
1035 3685 1252 3758 aliquod
1315 3685 1620 3742 subsidium
1660 3699 1784 3741 esse
1825 3684 2138 3756 contingat,

2308 3703 2409 3772 λγ’.
2440 3704 2735 3774 Συμϐαίνει
2764 3704 2821 3758 δέ
2855 3707 2948 3760 καὶ
2978 3705 3072 3760 ἐάν
3119 3724 3201 3770 τις
3239 3707 3616 3779 παραϐοήθεια
3651 3707 3817 3778 γένη-

573 3786 762 3841 inutile
799 3793 976 3838 tamen
1010 3783 1137 3837 illud
1166 3790 1327 3852 atque
1362 3780 1606 3836 inefﬁcax
1647 3781 1770 3835 erit.
1804 3777 1934 3833 Nam
2015 3795 2137 3836 cum

2237 3811 2349 3862 ται,
2383 3795 2615 3868 δυσχερῆ
2647 3797 2741 3850 καὶ
2772 3798 3052 3869 ἄπρακτον
3091 3797 3260 3868 αὐτὴν
3287 3777 3677 3866 γενέσθαιοτῶν
3703 3777 3816 3868 γὰρ

570 3880 666 3951 qui
706 3895 736 3935 a
776 3888 927 3949 tergo
976 3887 1105 3933 sunt
1146 3892 1302 3947 cpem
1360 3874 1503 3930 ferre
1534 3874 1600 3930 iis
1637 3873 1882 3939 student,
1944 3873 2036 3944 qui
2085 3873 2136 3927 in

2239 3887 2347 3943 ἀπὸ
2380 3887 2600 3941 δπισθεν
2643 3890 2754 3951 τοῖς
2796 3887 3105 3959 ἔμπροσθεν
3140 3889 3476 3959 βουλομένων
3516 3887 3811 3959 βοηθεῖν,ῆ

570 3972 748 4028 fronte
769 3970 1122 4035 collocantur,
1163 3977 1256 4022 aut
1298 3977 1508 4030 contra,
1545 3965 1715 4035 quiin
1786 3964 1962 4020 fronte
2012 3971 2140 4020 sunt

2240 3979 2402 4034 πάλιν
2434 3978 2540 4032 τῶν
2570 3978 2879 4051 ἔμπροσθεν
2908 3981 3019 4043 τοῖς
3061 3980 3140 4041 εἰς
3167 3979 3226 4032 τὸ
3250 3977 3496 4045 ὄπισθεν,
3526 3977 3743 4050 βραδεῖα
3777 3977 3811 4045 ὴ

571 4066 640 4123 iis
655 4065 746 4137 qui
777 4081 804 4120 a
833 4073 983 4136 tergo
1022 4071 1150 4120 sunt
1182 4076 1502 4117 succurrere
1535 4060 1744 4124 volunt,
1780 4058 1932 4113 tarda
1958 4067 2138 4114 tamen

2022 4074 2138 4114 me“
2241 4071 2472 4134 ἐλευσις,
2501 4069 2596 4124 καὶ
2619 4071 2678 4124 οὐ
2716 4070 2857 4125 κατὰ
2886 4071 3074 4143 καιρὸν
3111 4071 3334 4124 δύναται
3365 4069 3632 4139 γίνεσθαι.

569 4169 619 4216 et
645 4175 765 4216 sera
799 4157 1108 4230 progressio
1142 4156 1255 4211 haec
1279 4155 1416 4210 solet
1447 4169 1587 4221 esse,
1628 4153 1948 4224 plerumque
2004 4153 2140 4207 inu—

572 4254 701 4308 tilis.

641 4347 729 4401 '54.
769 4344 1051 4401 Exercitus
1101 4351 1419 4400 contractus
1450 4349 1505 4398 et
1534 4341 1857 4413 quadratus,
1905 4347 1999 4394 aut
2031 4353 2138 4394 non

2309 4337 2404 4392 λδ⁴.
2428 4336 2488 4390 Ἱί
2515 4336 2573 4390 δέ
2605 4336 3009 4407 συνεσταλμένη
3041 4337 3234 4406 πορεία
3257 4337 3354 4390 καὶ
3383 4337 3745 4406 τετράγωνος,
3781 4335 3814 4406 ή

571 4439 646 4494 ita
705 4438 935 4493 multum
992 4436 1298 4507 oblongus,
1375 4432 1440 4490 ad
1513 4448 1730 4490 omnem
1795 4432 2136 4488 occasionem

2247 4430 2585 4501 παραμήκης
2645 4428 2766 4500 μὲν,
2841 4430 2915 4500 μὴ
2972 4429 3111 4482 πάνυ
3172 4429 3227 4481 δέ
3286 4426 3442 4481 τοῦτο
3502 4427 3698 4501 ἔχουσα
3754 4426 3817 4480 τὸ

571 4541 732 4602 atque
759 4539 1010 4585 eventum
1047 4529 1274 4592 firmus,
1322 4525 1470 4581 utilis
1523 4535 1686 4594 atque
1746 4533 1895 4579 tutus
1927 4531 2032 4578 est.
2166 4554 2181 4614 1

2207 4520 2453 4607 ισχῆμα,
2510 4520 2646 4574 ἀλλὰ
2696 4521 3030 4592 σύμμετρον,
3082 4522 3160 4583 είς
3204 4520 3380 4573 πάντα
3433 4520 3623 4589 καιρόν
3667 4519 3817 4571 ἐστιν

2243 4615 2338 4668 καὶ
2366 4614 2866 4686 εὐμεταχείριστος,
2898 4615 2992 4668 καὶ
3023 4612 3294 4684 ἀσφαλής.

640 4707 731 4762 55.
760 4706 914 4777 διεῖδε
930 4704 1074 4760 enim
1115 4716 1224 4758 non
1262 4702 1586 4770 contractis,
1621 4701 1714 4757 sed
1743 4700 2025 4772 dissipatis
2046 4716 2140 4756 co-

2300 4704 2406 4763 ,Zs'.
2443 4705 2711 4782 Πολλάκις
2755 4706 2865 4779 γὰρ
2917 4709 2998 4768 εἰς
3038 4703 3369 4774 ἀμφιϐολίας
3422 4702 3816 4773 ἐμπίπτουσιν,

572 4801 696 4874 piis,
723 4800 815 4871 qui
845 4798 1004 4870 primi
1031 4813 1062 4854 e
1092 4796 1360 4853 montosis
1397 4794 1535 4851 locis
1573 4796 1626 4850 in
1659 4803 1996 4864 campestres
2049 4793 2144 4850 de-

2240 4799 2368 4852 ὃταν
2401 4799 2451 4852 oi
2485 4799 2686 4870 πρῶτοι
2709 4797 3047 4862 καταϐάντες
3105 4796 3213 4851 ἀπὸ
3256 4794 3484 4868 ὀρεινῶν
3511 4795 3692 4848 τόπων
3733 4793 3820 4857 εἰς

571 4895 858 4958 scendunt,
890 4892 1071 4947 animo
1131 4891 1383 4947 haesitant
1435 4905 1498 4945 ac
1547 4888 1928 4959 pertubantur,
1978 4896 2142 4957 atque

2241 4891 2470 4945 ἐπίπεδα
2517 4891 2710 4962 χωρία·
2739 4892 3065 4962 θεασάμενοι
3095 4889 3203 4962 γὰρ
3235 4890 3356 4952 τοὺς
3393 4888 3567 4942 ὀπίσω
3597 4885 3823 4941 ἐπιϐαί-

571 5004 665 5045 eos
692 5002 828 5057 quos
858 5002 886 5040 a
919 4993 1067 5055 tergo
1106 4983 1311 5051 vident,
1355 4984 1543 5038 hostes
1565 4995 1686 5036 esse
1722 4986 1933 5050 putant,
1987 4989 2044 5033 ut
2074 4980 2140 5034 ad

2250 4967 2476 5047 νοντας,
2541 4980 2724 5048 ἔδοξαν
2780 4977 2924 5037 εἶναι
2975 4980 3248 5052 πολεμίων
3304 4980 3620 5045 ἐπέλευσιν,
3675 4978 3823 5033 ὥστε

573 5083 970 5155 conﬂigendum
997 5097 1120 5136 cum
1159 5080 1274 5136 suis
1304 5080 1458 5148 quasi
1482 5092 1605 5133 cum
1638 5076 1888 5131 hostibus
1921 5090 1978 5129 se
2003 5088 2142 5145 prae-

2253 5072 2484 5127 σπεῦσαι
2517 5072 2843 5143 προσϐαλεῖν
2889 5072 2964 5136 ὡς
3014 5073 3248 5144 ἐχθροῖς,
3293 5071 3445 5136 τινάς
3498 5070 3553 5124 δὲ
3599 5070 3694 5125 καὶ
3741 5071 3824 5136 εἰς

573 5185 784 5246 parent,
813 5184 975 5246 atque
1002 5175 1162 5230 etiam
1195 5173 1261 5227 ad
1302 5187 1496 5226 manus
1528 5168 1922 5232 conserendas,
1949 5175 2003 5222 et
2025 5166 2140 5222 bel-

1919 5213 1922 5227 ,
1949 5175 2003 5222 et
2025 5166 2140 5222 bel-
2251 5170 2438 5239 χεῖρας
2466 5165 2638 5220 ἐλθεῖν
2673 5166 2815 5221 κατὰ
2849 5166 3096 5238 ἀλλήλων
3128 5165 3281 5236 παρὰ
3312 5164 3529 5237 μικρόν.

571 5271 683 5326 lum
709 5268 1045 5324 inferendum
1070 5282 1206 5337 pene
1234 5264 1474 5319 veniant.

642 5364 732 5419 56.
779 5363 1168 5433 impedimenta
1237 5357 1515 5420 universa,
1579 5369 1797 5424 operas,
1843 5353 2092 5408 sarcinas
2123 5394 2136 5418 ,

2319 5353 2425 5417 λς’.
2469 5354 2728 5424 Λάμϐανε
2757 5354 2814 5407 δὲ
2849 5355 2942 5410 καὶ
2974 5354 3134 5408 τάττε
3168 5352 3228 5407 τὸ
3264 5351 3477 5406 τοῦλδον
3525 5351 3666 5417 ελον,
3715 5352 3818 5422 τήν

574 5466 734 5526 atque
784 5470 996 5510 omnem
1036 5461 1356 5521 apparatum
1414 5451 1466 5504 in
1508 5447 1704 5504 mediis
1747 5445 1920 5516 copiis
1971 5445 2141 5501 collo-

2248 5467 2306 5501 τε
2335 5448 2577 5502 δουλείαν
2599 5487 2616 5510 ,
2650 5449 2744 5503 καὶ
2771 5448 2842 5502 τὰ
2872 5448 3175 5519 σαγμάρια,
3228 5446 3321 5501 καὶ
3364 5446 3462 5518 τὴν
3506 5445 3819 5518 ἀποσκευὴν

571 5559 711 5603 cato.
2251 5543 2467 5596 ἃπασαν
2501 5543 2557 5594 ἐν
2591 5541 2730 5614 μέσῃ
2760 5544 2825 5614 τῇ
2857 5540 3104 5612 δυνάμει.

2079 5654 2312 5711 NOTAE.

645 5756 756 5823 (Πι
807 5755 901 5805 Ἑν
931 5753 1137 5821 ἀθρόῳ.
1179 5750 1475 5822 Lege-batur
1508 5749 1772 5820 ὲναῦρύῳ,
1809 5749 1986 5804 Codex
2036 5747 2138 5801 1⁸η-

2036 5747 2138 5801 ι’;ι-
2323 5749 2430 5821 (48)
2463 5749 2539 5803 Δι’
2564 5745 2651 5804 ὧν
2680 5751 2751 5806 οὐ
2778 5749 3312 5816 συνθλιϐήσονται.
3347 5749 3534 5805 Deerat
3559 5748 3642 5805 οὗ.

574 5829 778 5883 latinus
817 5825 937 5893 fert,
985 5823 1231 5895 évsziqu
