4078 6306
362 292 367 295 ’
478 282 587 349 ’ἶ79

1650 282 1927 343 LEONIS
1955 281 2417 346 PIllLOSUl’lIl

3645 290 3798 356 780

548 387 639 447 46.
679 386 784 455 Qui
814 389 916 446 iter
941 402 1038 461 per
1074 397 1305 461 angusta
1333 388 1453 446 loca
1488 404 1614 446 cum
1654 391 1827 457 tnldo,
1859 390 1911 447 id
1941 399 2046 457 est,

2226 416 2310 468 μς
2314 396 2343 453 ἰ
2384 384 2522 462 Τοῦέ
2556 399 2609 451 δὲ
2645 398 2741 469 τὴν
2792 398 3021 470 πάροδον
3049 400 3138 455 διὰ
3177 398 3287 454 τῶν
3320 400 3523 455 στεγῶν
3551 418 3790 456 ποιου-

476 482 906 553 impedimentis,
949 483 1030 539 vel
1076 483 1259 555 aliqua
1309 500 1432 541 cum
1482 483 1661 555 praeda
1695 484 1943 551 faciunt,
1994 485 2051 541 in

477 578 615 632 duas
656 586 840 646 partes
888 578 1008 633 sive
1048 576 1199 633 acies
1225 593 1284 633 se
1321 577 1589 643 dividant,
1620 586 1676 633 et
1721 580 1775 633 in
1816 578 2049 632 alterum

477 684 651 723 cornu
679 668 989 725 acuminata
1016 668 1345 727 deductione
1376 671 1692 742 procedant.
1727 671 2049 727 Acuminata

476 768 658 817 autem
692 760 967 829 deductio,
1018 762 1068 819 id
1109 774 1215 829 est,
1257 762 1417 837 ὀρθία
1462 764 1772 836 παραγωγὴ
1826 764 2048 827 dicitur,

475 868 601 908 cum
633 853 693 909 in
733 852 917 910 fronte
962 856 1121 913 exilis
1164 871 1441 928 parvaque
1470 856 1767 911 multitudo
1795 856 1887 921 sit,
1925 856 2051 912 dein

475 944 642 1003 latius
690 962 758 1005 ac
799 948 965 1005 latius
1010 964 1071 1006 se
1129 949 1196 1005 ad
1236 958 1547 1006 extremum
1589 964 1784 1021 agmen
1835 950 2049 1016 fundat,

473 1051 638 1113 atque
688 1043 763 1098 ibi
823 1042 1094 1101 latissime
1152 1055 1355 1121 pateat.
1419 1044 1534 1101 Hoc
1600 1054 1781 1101 autem
1844 1044 2050 1101 faciant

473 1133 735 1197 maxime,
771 1146 898 1187 eum
941 1131 1121 1204 praeda
1169 1133 1225 1189 in
1278 1134 1534 1191 manibus
1572 1132 1791 1189 illorum
1838 1142 1947 1191 est.
1992 1134 2081 1199 Si

474 1222 684 1293 pedites
730 1222 956 1291 fuerint,
988 1224 1204 1282 facilius
1240 1225 1363 1282 illis
1394 1224 1517 1291 iter,
1560 1225 1935 1296 transitusque
1961 1241 2052 1281 ex-

475 1314 710 1386 peditior
753 1332 850 1388 per
880 1308 961 1375 ea
1022 1318 1156 1375 loca.
1195 1319 1322 1374 erit.
1371 1317 1469 1375 Sin
1510 1319 1748 1389 equites,
1778 1333 1843 1374 ex
1892 1319 2051 1390 equis

470 1409 828 1478 descendant,
883 1420 935 1468 et
988 1412 1229 1468 medium
1278 1411 1514 1480 tuldum,
1568 1411 1621 1466 id
1672 1420 1774 1478 est,
1828 1411 2053 1482 impedi-

477 1511 686 1569 menta,
710 1503 1093 1575 reliquumque
1115 1514 1437 1578 apparatum
1476 1505 1528 1562 in
1570 1504 1753 1561 medio
1780 1505 2043 1562 habeant.

539 1589 629 1650 Π.
687 1594 917 1653 Talibus
960 1597 1016 1653 in
1061 1598 1401 1668 temporibus
1462 1606 1514 1653 et
1559 1592 1697 1654 lucis
1763 1596 2050 1668 diphalan-

471 1690 580 1762 gia,
618 1688 672 1745 id
722 1698 831 1757 est,
873 1690 1154 1762 duplicata
1199 1690 1319 1749 acie
1347 1704 1412 1747 ex
1440 1690 1591 1762 justo
1629 1690 1915 1747 hominum
1952 1706 2051 1747 nu-

471 1798 646 1851 rnero,
677 1795 793 1839 tum
850 1794 998 1852 ante,
1046 1794 1160 1841 tum
1205 1796 1353 1842 retro
1385 1785 1541 1856 quasi
1592 1786 1843 1857 ancipitis
1883 1784 2047 1857 gladii

471 1878 588 1935 acie
617 1880 910 1945 instructa,
942 1878 990 1934 si
1019 1879 1119 1951 qui
1146 1880 1449 1951 supersint,
1493 1880 1529 1934 ii
1561 1879 1628 1936 ad
1667 1879 1899 1945 tuldum,
1936 1878 2052 1935 sive

473 1971 887 2044 impedimenta,
936 1980 991 2029 et
1043 1972 1111 2028 ad
1161 1972 1423 2043 praedam,
1492 1973 1541 2029 si
1598 1988 1762 2043 quam
1824 1973 2048 2041 habent,

470 2066 901 2123 conservandam
959 2065 1292 2137 deligantur,
1351 2067 1501 2137 iique
1553 2066 1733 2131 multi,
1799 2074 1856 2123 et
1912 2066 2047 2122 boni

467 2158 685 2231 aplicti,
724 2158 786 2217 id"
825 2168 933 2224 est,
980 2174 1163 2216 rerum
1209 2161 1571 2217 castrensium
1620 2159 1877 2217 custodes
1913 2174 2053 2230 qua-

470 2264 597 2311 tuor
649 2252 707 2309 in
740 2253 989 2326 partibus
1035 2252 1325 2325 duplicatae
1374 2254 1533 2320 aciei,
1583 2252 2049 2325 quemadmodum

470 2346 624 2403 locus
679 2344 942 2416 postulat,
994 2346 1357 2414 collocentur,
1398 2354 1454 2403 et
1505 2354 1807 2418 sequantur
1848 2361 1938 2414 ea,
1991 2353 2051 2401 ut

474 2438 740 2511 repellant
782 2446 947 2509 atque
971 2439 1195 2512 abigant
1238 2453 1354 2503 eos,
1379 2439 1475 2512 qui
1520 2438 1588 2496 ad
1617 2438 1919 2496 auferenda
1946 2453 2044 2495 va-

468 2533 627 2599 dunt,
659 2539 723 2588 ut
756 2532 968 2604 integra
1007 2532 1341 2604 minimeque
1409 2533 1724 2604 perturbata
1770 2532 1840 2590 ad
1871 2540 2054 2589 custo-

469 2623 621 2680 diam
679 2623 897 2695 praedi
952 2633 1118 2698 atque
1193 2618 1712 2697 impedimentorum
1777 2626 2048 2683 collocata

469 2718 628 2777 acies
671 2729 1071 2787 conservetur,
1126 2736 1304 2793 neque
1354 2720 1425 2777 ab
1482 2721 1868 2778 incursoribus
1927 2720 2050 2778 istis

469 2810 858 2885 perfringatur.
902 2811 1054 2869 Fieri.
1076 2814 1221 2870 enim
1256 2828 1364 2869 non
1411 2821 1615 2885 potest,
1661 2814 1839 2885 utqui
1879 2814 1934 2870 in
1967 2814 2052 2870 di-

471 2904 788 2977 phalangia,
849 2905 901 2961 id
941 2915 1049 2973 est,
1102 2906 1381 2978 duplicata
1429 2907 1550 2963 acie
1590 2906 1845 2964 instructi
1894 2917 2050 2972 sunt,

470 2998 638 3055 simul
668 2998 871 3057 ordine
895 3008 1245 3064 conservato,
1288 2999 1682 3071 impedimenta
1722 3008 1778 3056 et
1807 3000 2047 3072 praedam

467 3092 817 3161 custodiant,
855 3101 911 3149 et
958 3108 1084 3150 cum
1139 3094 1397 3151 hostibus
1447 3094 1733 3151 dimicent.
1776 3093 2048 3163 Quocirca

467 3194 707 3254 quatuor
763 3184 823 3240 in
881 3184 1139 3256 partibus
1180 3185 1456 3243 collocare
1505 3196 1720 3258 oportet
1773 3187 2049 3254 homines,

468 3283 670 3342 praeter
694 3274 1291 3349 hancdiphal‘angiam,
1329 3284 1385 3332 et
1414 3291 1445 3332 a
1487 3286 1641 3350 tergo
1671 3277 2051 3349 potissimum,

464 3367 564 3439 qui
592 3366 879 3426 fortissimi
910 3377 1062 3425 sunt.
1110 3367 1204 3425 Sic
1226 3368 1372 3425 enim
1401 3366 1564 3426 facile
1592 3384 1790 3442 aspera
1843 3368 2053 3442 quavis

468 3472 634 3534 atque
658 3460 779 3518 avia
815 3460 940 3518 loca
974 3461 1195 3519 transiri
1226 3470 1479 3533 possunt.

538 3642 629 3698 48.
669 3641 952 3714 Equitum,
991 3642 1087 3700 ubi
1129 3642 1514 3700 descenderint
1560 3652 1617 3701 et
1658 3645 1890 3717 pedibus
1928 3661 2050 3703 am-

470 3736 808 3802 bulaverint,
836 3750 1035 3808 equos,
1085 3734 1132 3793 si
1167 3733 1378 3808 pedites
1418 3735 1510 3792 alii
1564 3752 1732 3808 prope
1783 3753 1893 3795 non
1947 3739 2049 3795 ad-

471 3832 709 3903 fuerint,
740 3833 903 3904 longe
937 3832 1006 3888 ab
1050 3830 1162 3888 illis
1204 3831 1262 3888 in
1298 3832 1482 3888 medio
1524 3832 1766 3904 quodam
1794 3834 1916 3891 loco
1958 3850 2047 3890 se-

468 3942 622 3998 para,
673 3942 741 3984 ne
791 3926 837 3981 si
892 3940 1063 3997 prope
1101 3936 1308 3991 essent,
1357 3934 1412 3980 et
1458 3926 1774 3997 inopinatus
1821 3927 2047 3999 quidam

468 4016 633 4073 timor
672 4015 858 4076 subito
888 4015 1257 4087 impenderet,
1294 4014 1371 4071 ad
1393 4031 1565 4088 equos
1596 4018 1668 4073 ibi
1714 4022 1921 4085 statim,
1951 4020 2047 4090 qui

469 4112 522 4166 in
554 4110 671 4166 acie
694 4112 811 4181 jam
841 4117 973 4166 sunt
997 4117 1385 4178 accurrerent;
1426 4125 1550 4183 qua:
1578 4126 1666 4167 res
1702 4111 1819 4169 sine
1847 4128 2045 4187 magna

468 4213 617 4261 certe
637 4203 937 4261 olfensione
963 4203 1093 4262 fieri
1111 4218 1222 4261 non
1251 4212 1471 4277 posset.

420 4420 421 4423 η
535 4388 623 4445 49.
668 4385 765 4443 Sin
798 4386 1050 4459 captivos
1100 4395 1197 4443 aut
1242 4387 1481 4459 prmdam
1514 4388 1759 4459 aliquam
1800 4388 2040 4461 abigant,

465 4491 525 4535 ut
554 4481 743 4538 hostes
774 4496 868 4537 eos
901 4489 1333 4552 persequantur,
1374 4480 1627 4551 captivos
1662 4480 1874 4559 vinctos
1948 4500 2038 4539 re-
2074 4507 2120 4564 ι)

472 4574 783 4644 liquamque
830 4573 1067 4644 praedam
1115 4572 1380 4645 illigatam
1425 4572 1481 4627 in
1530 4586 1724 4641 uuam,
1767 4581 1864 4630 aut
1906 4576 2045 4634 duas

471 4676 653 4735 partes
690 4665 925 4731 divides,
960 4675 1018 4721 et
1058 4674 1186 4723 ante
1236 4675 1289 4722 te
1338 4664 1595 4723 hostibus
1641 4665 1891 4737 objicies,
1937 4682 2046 4739 qua

470 4759 848 4816 incursionem.
888 4760 1129 4815 hostium
1170 4759 1290 4816 fore
1335 4770 1518 4831 putas,
1561 4768 1625 4816 ut
1653 4761 1815 4832 quasi
1862 4771 2042 4829 scuto,

468 4863 563 4909 aut
605 4853 1015 4925 propugnaculo
1068 4868 1233 4921 usus,
1271 4861 1368 4909 aut
1410 4853 1771 4911 disturbauda
1814 4846 2046 4927 impedi-

469 4955 651 5003 menta
702 4947 767 5001 in
805 4938 997 5004 hostes
1018 4946 1315 5017 iaculando
1365 4944 1701 5013 abstineant,
1755 4956 1853 5002 aut
1902 4947 1948 5003 si
1989 4949 2045 5005 id

470 5042 648 5094 facere
703 5039 901 5104 nolint,
959 5048 1140 5096 tamen
1181 5021 1431 5112 captiros
1476 5049 1531 5096 et
1577 5040 1819 5111 przedam
1863 5042 2045 5113 potius

470 5131 687 5199 feriant,
718 5147 890 5203 quam
912 5133 1141 5189 milites.

538 5225 625 5278 50.
669 5222 725 5279 Si
759 5228 1085 5282 necessitate
1124 5227 1330 5299 aliqua,
1366 5236 1468 5285 aut
1512 5227 1816 5299 improviso
1856 5227 2078 5307 aliquo'

466 5334 597 5373 oasu
625 5318 718 5373 vel.
755 5320 1026 5393 angustiis
1068 5321 1343 5387 inclusus,
1398 5321 1491 5377 vel.
1530 5321 1713 5393 aliqua
1751 5323 2044 5393 perturba-

2158 491 2387 562 μένους,
2424 491 2455 562 ἢ
2490 492 2628 561 μετὰ
2682 490 2901 544 τούλδου
2925 532 2939 556 ,
2971 492 3005 563 ἢ
3058 490 3196 562 μετὰ
3235 489 3470 564 πραίδας
3498 533 3514 557 ,
3543 494 3628 558 είς
3658 492 3791 548 δύο

2157 583 2442 653 φάλαγγας
2477 585 2593 653 ἦτοι
2624 584 2959 655 παρατάξεις
2993 583 3278 653 γίνεσθαι,
3308 586 3405 639 καὶ
3448 586 3541 638 ἐπὶ
3574 586 3788 657 κέρας

2155 678 2214 732 ἐν
2250 677 2409 749 ὀρθία
2438 679 2744 749 παραγωγῇ
2781 679 3104 749 περιπατεῖν
3125 676 3288 751 πεζῇ.
3323 678 3513 753 Ὀρθῑα
3535 679 3592 749 δέ
3626 679 3781 736 ἐστι

2157 768 2467 841 παραγωγὴ
2512 772 2547 842 η
2582 769 2724 825 κατὰ
2758 768 3005 842 μέτωπον
3039 769 3140 842 μέν
3201 771 3380 842 στενὴ,
3411 773 3553 825 κατά
3583 771 3645 826 δὲ
3680 773 3765 827 τὸ

2158 864 2320 934 βάθος
2336 864 2417 927 εἰς
2436 864 2610 935 μῆκος
2635 862 3006 936 ἐκτεινομένη.
3027 864 3200 920 Τοῦτο
3223 864 3280 920 δέ
3302 866 3480 920 ποιεῖν
3506 865 3777 940 πραίδας

2157 956 2393 1027 μάλιστα
2407 957 2466 1011 ἐν
2487 957 2673 1039 χερσὶν
2691 956 2881 1028 οὔσης,
2909 957 3022 1013 εἴτε
3051 956 3209 1023 πεζοί
3236 960 3394 1023 εἰσιν,
3417 953 3501 1025 οἷς
3537 958 3774 1029 μᾶλλον

2154 1053 2384 1126 εὐχερὴς
2419 1054 2454 1127 η
2483 1053 2593 1109 τῶν
2617 1053 2826 1110 δασέων
2863 1056 2959 1110 καὶ
2999 1055 3280 1113 δυσϐάτων
3311 1055 3498 1111 τόπων
3544 1057 3769 1112 διάϐα-

2156 1161 2272 1209 σις,
2321 1143 2433 1199 εἴτε
2470 1138 2824 1219 καϐαλλάριοι
2866 1146 2931 1202 ἐκ
2979 1145 3091 1201 τῶν
3145 1146 3330 1202 ἵππων
3380 1146 3767 1202 καταϐαίνον-

2153 1253 2266 1301 τες,
2297 1236 2393 1293 καὶ
2428 1237 2593 1310 μέσον
2618 1236 2680 1294 τὸ
2713 1237 2932 1296 τοῦλδον
2964 1238 3062 1295 καὶ
3087 1238 3187 1316 τὴν
3240 1238 3556 1313 ἀποσκευὴν
3581 1238 3765 1313 Exuv-

2151 1353 2260 1401 τες.

2226 1602 2335 1678 μζ.
2379 1605 2467 1660 Ἐν
2499 1603 2557 1658 δέ
2578 1605 2690 1667 τοῖς
2712 1603 2974 1668 τοιούτοις
3003 1602 3213 1675 καιροῖς
3255 1601 3352 1659 καὶ
3378 1601 3569 1668 τόποις
3597 1603 3756 1675 μετὰ

2152 1684 2250 1770 τὴν
2283 1696 2670 1768 διφαλαγγίαν,
2698 1696 2820 1768 ἥτις
2846 1694 2959 1767 εχει
3006 1695 3233 1752 δυνατὸν
3263 1694 3394 1752 λαὸν
3420 1695 3751 1769 ἔμπροσθεν

2153 1793 2249 1849 καὶ
2273 1792 2519 1865 όπισθεν,
2552 1790 2742 1863 ῶσπερ
2783 1788 3118 1861 στομώματα
3172 1789 3471 1864 μαχαίρας,
3496 1785 3566 1861 ἦν
3613 1790 3749 1847 δέον

2154 1904 2213 1942 σε
2229 1884 2511 1957 ἀφορίζειν
2537 1885 2621 1949 εἰς
2632 1881 2877 1954 φυλακὴν
2892 1881 2986 1938 τοῦ
3012 1881 3231 1937 τούλδου
3252 1882 3350 1937 καὶ
3371 1882 3474 1954 τῆς
3490 1882 3746 1955 πραίδας

2150 1978 2275 2049 τῆς.
2332 1977 2409 2043 ὡς
2467 1976 2634 2041 εἰκὸς,
2659 1973 2885 2044 ἐνούσης
2919 1972 3103 2036 αὐτοῖς
3144 1969 3385 2037 πάντως,
3415 1972 3513 2025 καὶ
3541 1971 3743 2035 ἄλλους

2152 2063 2548 2137 ἐξαπλήκτους,
2568 2063 2736 2134 {now
2758 2061 2852 2117 ἐπὶ
2870 2062 3049 2134 τούτῳ
3075 2061 3223 2134 μόνῳ
3247 2060 3431 2129 ὂντας,
3458 2063 3585 2127 τοὺς
3600 2061 3740 2115 καλ-

2150 2156 2250 2212 λίω
2273 2156 2368 2212 καὶ
2396 2153 2612 2220 πλείους
2635 2156 2809 2210 ποιεῖν
2835 2152 2901 2209 ἐκ
2924 2154 3188 2226 περισσοῦ
3226 2153 3369 2208 κατά
3395 2152 3505 2210 τῶν
3531 2153 3738 2208 τεσσά-

2155 2268 2264 2322 ρων
2293 2249 2475 2321 μερῶν
2510 2248 2612 2320 τῆς
2639 2246 3026 2319 διφαὴγγὶας,
3054 2246 3129 2315 ὡς
3158 2248 3189 2302 ὁ
3234 2246 3401 2313 τόπος
3428 2246 3738 2320 παραδέχε-

2149 2362 2265 2410 ται,
2297 2341 2842 2415 παρακολουθοῦντας
2865 2342 2961 2397 καὶ
2987 2339 3393 2405 ἀποσοϐοῦντας
3431 2341 3561 2406 τοὺς
3605 2339 3738 2411 βου-

2149 2437 2434 2509 λομένους,
2464 2435 2541 2502 ὡς
2567 2436 2734 2502 εἰκὸς,
2767 2436 2835 2490 ἐκ
2862 2434 2973 2491 τῶν
2995 2433 3208 2507 ἐχθρῶν
3240 2433 3596 2506 ἐπέρχεσθαι,
3634 2431 3739 2487 καὶ

2150 2528 2538 2602 διαταράσσειν
2561 2528 2766 2601 αὐτὴν·
2813 2528 2902 2583 ίνα
2925 2526 3295 2591 ἀδιάσπαστος
3343 2527 3443 2580 καὶ
3485 2524 3738 2595 ἅσύγχυ-

2151 2640 2243 2689 τος
2330 2622 2468 2696 πρὸς
2490 2620 2891 2693 παραφυλακην
2916 2618 3013 2676 τοῦ
3043 2617 3289 2686 τοῠλδου,
3312 2616 3531 2688 καὶτῆς
3570 2617 3741 2689 πραι-

2149 2716 2246 2782 δας
2294 2719 2411 2781 τοῖς
2452 2713 2896 2786 διαφυλάττεται,
2942 2714 3039 2769 καὶ
3068 2712 3207 2785 μηδὲ
3259 2711 3637 2785 περισπῶνται
3680 2710 3771 2767 οἶν

2150 2813 2211 2866 ὲν
2240 2811 2380 2883 αὐτῇ
2402 2809 2493 2865 διὰ
2514 2812 2642 2876 τοὺς
2667 2807 3092 2880 ἐπερχομένους.
3116 2808 3190 2863 οὺ
3213 2808 3323 2880 γὰρ
3353 2806 3582 2863 δυνατὸν
3605 2807 3738 2872 τοὺς

2150 2906 2229 2970 εἰς
2266 2903 2367 2976 τὴν
2401 2900 2769 2973 διφαλαγγίαν
2812 2900 3186 2972 τασσομένους
3216 2900 3316 2955 καὶ
3357 2899 3461 2972 τὴν
3497 2901 3736 2972 πραῖδαν

2152 2996 2294 3070 μειά
2322 2994 2532 3065 τάξεως
2551 2994 2841 3065 φυλάττειν
2859 3033 2877 3061 ,
2905 2991 3003 3048 καὶ
3032 2993 3167 3059 τοῖς,
3194 2992 3272 3056 ὡς
3298 2991 3468 3059 εἰκὸς,
3503 2995 3731 3064 ἐπερχο-

2154 3091 2336 3163 μένοις
2372 3089 2484 3145 τῶν
2501 3087 2714 3162 ἐχθρῶν
2746 3086 3105 3160 ἁρμόζεσθαι.
3134 3085 3237 3140 Διὰ
3262 3084 3422 3139 τοῦτο
3447 3088 3511 3140 ἐκ
3537 3072 3734 3161 περὶστ

2156 3182 2251 3241 σοῦ
2278 3184 2360 3240 δεῖ
2387 3181 2588 3251 ιξωθεν
2616 3181 2715 3253 τῆς
2744 3180 3107 3253 διφαλαγγίας
3129 3178 3274 3252 ἐχειν
3298 3178 3441 3234 κατὰ
3462 3179 3573 3233 τῶν
3611 3195 3736 3234 τεσ-

2155 3277 2339 3350 σάρων
2382 3275 2566 3349 μερῶν
2593 3315 2609 3342 ,
2654 3273 2752 3344 καὶ
2808 3274 2955 3330 κατά
2998 3273 3278 3345 ἐξαίρετον
3328 3271 3556 3327 όπισθεν
3605 3272 3735 3336 τοὺς

2152 3370 2465 3442 κρείττονας
2505 3365 2904 3442 ἀφορίζεσθαιν
2932 3363 3121 3430 οὕτως
3146 3364 3256 3441 γάρ
3288 3363 3354 3419 ἄν
3386 3380 3471 3428 τις
3509 3362 3733 3435 δυνήσε-

2152 3478 2241 3517 ται
2282 3462 2344 3516 ἐν
2398 3460 2568 3517 παντὶ
2605 3456 2788 3533 καιρῷ
2827 3457 2959 3525 τοὺς
3009 3457 3302 3521 δυσκόλους
3361 3456 3458 3511 καὶ
3512 3454 3732 3529 τραχεῖς

2151 3556 2351 3621 τόπους
2378 3553 2676 3610 διαϐαίνειν
2709 3552 2971 3619 εὐκόλως.

2226 3647 2337 3720 pq’.
2363 3632 2570 3712 Τοὺςδέ
2591 3646 2792 3712 ἵππους
2812 3646 2922 3702 τῶν
2945 3644 3350 3701 ἀποϐαινόντων
3371 3643 3466 3699 καὶ
3488 3642 3726 3710 πεζευόν-

2150 3761 2258 3798 των
2290 3741 2658 3816 στρατιωτῶν,
2690 3740 2786 3796 ἐάν
2839 3739 2994 3807 πεζοὶ
3040 3740 3102 3795 οὐ
3139 3740 3349 3796 σύνεισι
3377 3737 3725 3811 στρατιῶται,

2154 3833 2232 3907 μὴ
2278 3833 2506 3905 πλησίον
2574 3831 2687 3888 τῶν
2742 3832 3085 3899 πεζευόντων
3117 3829 3251 3903 ’ἔχε,
3282 3829 3420 3886 ἀλλά
3464 3830 3525 3883 ἐν
3584 3829 3758 3901 μέσῳν

2148 3929 2303 4000 τόπῳ
2354 3927 2551 3992 αὐτοὺς
2598 3924 2860 3997 ἀσφαλῶς
2901 3925 3003 3995 ἀγε
3036 3941 3053 3957 ο
3104 3922 3245 3979 ὥστε
3277 3924 3375 3996 μὴ,
3424 3922 3503 3988 ὡς
3562 3921 3722 3988 εἰκὸς,

2152 4020 2465 4093 παραλόγου
2495 4019 2698 4083 δειλίας
2742 4017 3064 4092 γενομένης,
3096 4005 3496 4089 ταρασσόμενοι
3535 4016 3588 4069 οε
3632 4031 3724 4069 πε-

2149 4114 2433 4181 ζεύοντες,
2482 4112 2578 4168 ἐὰν
2632 4111 2862 4184 πλησίον
2907 4111 3104 4184 αὐτοὺς
3146 4110 3372 4183 εὕρωσι,
3426 4108 3725 4182 προχείρως

2148 4204 2652 4279 ἐπιλαμϐανόμενοι
2704 4204 2814 4259 τῶν
2860 4202 3045 4259 ἵππων
3095 4201 3568 4273 καταλιμπάνουσι
3632 4198 3724 4269 τὴν

2148 4300 2322 4368 τάξιν,
2346 4300 2442 4354 καὶ
2469 4296 2721 4353 ἐντεῦθεν
2750 4295 2924 4369 βλάϐη
2959 4295 3192 4367 μεγίστη
3211 4293 3441 4365 γίνεται.

2220 4393 2327 4467 μθθ.
2362 4392 2425 4447 El
2459 4389 2517 4445 δὲ
2550 4389 2731 4462 συμϐῇ
2772 4387 3149 4461 αἰχμαλωσίαν
3178 4386 3377 4451 αὐτοὺς
3418 4385 3455 4456 ἢ
3497 4383 3722 4457 πραϊδαν

2148 4484 2531 4557 ἐπιφέρεσθαι,
2576 4484 2673 4538 καὶ
2726 4482 3012 4557 μόλλουσιν
3042 4481 3092 4535 οἱ
3135 4480 3343 4553 ἐχθροὶ,
3384 4476 3718 4550 ἐπιτηδεύειν

2147 4578 2267 4647 δέον
2299 4575 2495 4647 ταῦτα,
2521 4576 2555 4649 ἢ
2585 4575 2731 4631 κατά
2751 4575 2859 4630 τῶν
2886 4574 3003 4639 ἐνὸς
3032 4574 3234 4647 μέρους
3252 4574 3287 4646 ἢ
3313 4572 3453 4628 κατά
3468 4571 3578 4625 τῶν
3610 4567 3718 4636 δύο,

2148 4673 2280 4728 ἔνθα
2301 4674 2336 4745 ἡ
2360 4670 2595 4743 πάροδος
2618 4670 2829 4741 γίνεται
2850 4710 2866 4737 ,
2898 4671 3025 4735 τοὺς
3077 4666 3457 4740 αἰχμαλώτους
3510 4663 3722 4736 δεδεμέ-

2148 4782 2274 4831 νους
2300 4766 2549 4838 ἐξωτέρω
2578 4764 2676 4837 τῆς
2722 4762 2930 4830 τάξεως
2964 4762 3254 4836 παράγειν,
3290 4760 3384 4815 καὶ
3414 4760 3506 4815 ὑπ’
3548 4755 3719 4812 αὐτῶν

2147 4858 2348 4913 ὡσανεὶ
2375 4855 2785 4920 σκουτεύεσθαι,
2813 4856 2901 4910 ἵνα
2920 4856 3100 4910 αὐτῶν
3128 4854 3437 4926 φειδόμενοι
3462 4853 3513 4907 οἱ
3546 4847 3720 4922 ἐχθροὶ

2151 4953 2226 5026 μὴ
2256 4951 2647 5023 ἐπιτηδεύωσιν
2684 4947 2989 5015 ἀκοντίζειν
3016 4966 3031 4983 ο
3061 4951 3111 5004 si
3139 4949 3195 5004 δέ
3227 4949 3320 5005 καὶ
3346 4946 3717 5007 ἀκοντίσωσιν,

2147 5043 2345 5109 αὐτοὺς
2370 5042 2576 5116 μᾶλλον
2606 5041 2979 5113 ἀφανίζουσιν,
3009 5043 3105 5098 καὶ
3132 5042 3210 5115 μὴ
3231 5042 3323 5098 τὸν
3370 5042 3719 5118 στρατιώτην.

2216 5226 2279 5283 ν’.
2307 5227 2369 5284 El
2394 5226 2453 5282 δέ
2473 5226 2586 5297 ἄρα
2607 5226 2667 5281 ἐν
2686 5224 2924 5300 ἀνάγκη,
2956 5223 3033 5289 ὡς
3064 5222 3233 5289 εἰκὸς,
3282 5224 3380 5278 καὶ
3408 5223 3715 5297 περιστάσει

2144 5322 2395 5394 ἀδοκήτῳ
2421 5322 2449 5375 ό
2479 5319 2708 5393 στρατὸς
2738 5319 2985 5392 γένηται,
3007 5319 3103 5375 καὶ
3130 5321 3189 5374 ἐν
3221 5317 3529 5391 στενώμασι
3554 5335 3713 5373 κατα-

467 5414 617 5467 tione
667 5412 967 5484 implicitus
993 5412 1185 5485 lueris,
1223 5414 1380 5472 uude-
1420 5414 1653 5488 telpsum
1698 5415 1819 5472 sine
1851 5415 2050 5487 aliquo

2153 5418 2321 5494 ληφθῇ
2348 5454 2374 5478 ,.
2408 5415 2504 5472 καὶ
2548 5415 2651 5470 οὐκ
2694 5412 2841 5470 ἐστιν
2875 5413 3174 5478 ἀκινδύνως
3220 5415 3319 5485 τὴν
3372 5412 3709 5485 ἀναχώρησιν

466 5506 672 5578 ingenti
711 5508 967 5578 periculo
1006 5509 1263 5582 expedire
1310 5525 1420 5567 non
1465 5510 1671 5580 possis,
1711 5511 1913 5567 melius
1961 5523 2046 5569 est

2153 5510 2352 5567 ικεῖθεν
2401 5508 2755 5583 ποιήσασθαι,
2798 5509 2922 5564 τότε
2963 5508 3209 5581 κρεῖττόν
3265 5510 3414 5562 ἐστιν
3446 5508 3514 5561 ἐκ
3565 5521 3696 5575 συμ-

467 5600 756 5654 communi
783 5603 1170 5671 consensione,
1218 5604 1311 5660 vel“
1332 5613 1542 5675 partem
1570 5603 1789 5676 praedm,
1826 5602 1910 5660 vel
1954 5612 2041 5660 to-

469 5703 579 5745 tum
622 5694 784 5749 etiam
824 5694 1061 5765 praedam
1107 5696 1359 5755 hostibus
1407 5697 1703 5766 dimittere,
1732 5707 1789 5754 et
1850 5712 2041 5753 secure

469 5786 587 5840 sine
630 5785 831 5843 damno
880 5788 1159 5847 discedere
1206 5792 1389 5863 potius
1440 5808 1604 5866 quam
1649 5791 1842 5865 praedae
1874 5806 2039 5849 causa

467 5880 523 5941 "ut
548 5880 770 5959 adquod
803 5885 1102 5955 periculum
1140 5888 1342 5943 venire.

2148 5605 2328 5677 φώνου
2383 5606 2418 5679 ἢ
2470 5607 2641 5678 μέρος.
2686 5604 2785 5675 τῆς
2824 5602 3057 5676 πραίδας
3084 5601 3120 5675 ἢ
3153 5603 3332 5657 πᾶσαν
3369 5616 3711 5674 παραχωρειν

2148 5702 2262 5765 τοῖς
2294 5699 2532 5775 ἐχθροῖς,
2557 5700 2658 5754 καὶ⁴
2685 5697 2939 5767 ἀϐλαϐῶς
2972 5696 3314 5773 ἐξέρχεσθαι,
3355 5695 3491 5754 ἀλλὰ
3531 5696 3609 5770 μὴ
3653 5695 3714 5754 Gt‘

2152 5794 2322 5867 αὐτὴν
2359 5792 2709 5854 κινδυνεύειν,
