4078 6306
253 381 364 458 731
1387 396 1723 459 manca.
1749 423 1802 436 —
1840 398 2344 460 CONSTITUTIO
2372 400 2470 460 1x.
2688 362 2690 366 ’
3403 402 3511 472 78‘2

335 501 442 562 να⁹.
502 504 562 561 Ei
608 504 668 561 δὲ
728 507 804 580 μὴ
854 506 1000 562 οὕτω
1050 507 1489 580 συμϐιϐασθῆναι
1541 510 1843 582 βούλονται,
1872 520 1924 579 Α

1908 549 1924 579 ι
2019 514 2108 568 5|.
2149 515 2242 567 Sin
2291 514 2391 569 hoc
2445 514 2608 570 modo
2648 523 2825 572 tecum
2879 517 2945 572 ad
2992 518 3297 589 pactionem
3335 519 3518 577 venire

259 595 586 669 διαχρῆσθαι
615 597 840 663 τούτους
867 599 954 654 ἐπ’
980 598 1136 670 ὄψεσι
1161 600 1270 654 τῶν
1297 600 1507 672 ὲχθρῶν
1527 642 1544 669 ,
1575 603 1674 657 καὶ
1716 606 1837 658 ὲπι-

1943 607 2239 672 noluerint,
2272 616 2386 661 tum
2421 607 2667 676 captivos
2718 608 2868 680 ipsos
2916 610 2968 664 in
3007 611 3248 667 hostium
3281 628 3517 684 conspe-

265 689 448 760 μένειν
474 691 541 761 τῇ
562 689 722 762 χώρᾳ.
755 691 953 756 αὐτῶν,
993 691 1088 746 καὶ
1105 690 1461 764 λυμαίνεσθαι
1488 693 1658 766 αὐτὴν
1677 695 1839 765 ἀφει-

1942 705 2029 750 ctu
2068 695 2386 761 trucidabis,
2422 703 2588 766 atque
2615 697 2753 752 adeo
2789 698 2872 753 Vel
2919 699 2974 754 in
3014 716 3078 754 eo
3105 702 3228 756 loco
3271 702 3366 756 libi
3395 718 3522 773 per-

259 777 390 847 δῶς,
413 781 471 853 ἢ,
499 782 575 846 ὡς
600 782 824 838 δυνατόν
843 784 1009 850 ἐστιν,
1034 783 1257 849 ἑαυτοὺς
1281 784 1422 855 μετὰ
1444 785 1651 853 τάξεως
1682 805 1839 862 περι-

1943 788 2290 851 manendum.
2329 797 2382 844 et
2415 791 2564 861 regio
2615 791 2853 863 undique
2896 793 3198 863 populanda
3229 795 3522 850 vastanda-

263 873 477 943 σώζειν,
506 874 599 929 καὶ
624 875 724 948 τῆς
758 874 1086 942 ὲξελεύσεως
1126 877 1454 950 φροντίζειν.

1945 897 2051 952 que
2102 891 2206 945 est,
2247 882 2327 937 t'el
2367 882 2529 938 saluti
2563 893 2668 938 tuae
2709 884 3124 951 consulendum,
3160 895 3213 940 et
3264 886 3382 942 acie
3437 887 3523 940 in-

1945 982 2150 1030 structa
2183 975 2251 1030 de
2281 977 2429 1030 exitu
2465 985 2520 1031 et
2549 977 2805 1033 evasione
2831 979 3183 1049 cogitandum
3218 988 3320 1034 est.

339 1053 443 1127 νβ’.
477 1051 587 1107 Καὶ
611 1051 878 1118 παντοίως
900 1071 1005 1121 σοι,
1030 1046 1075 1109 ὦ
1111 1054 1406 1128 στρατηγὲ,
1449 1055 1650 1121 σκοπὸς
1700 1055 1842 1110 ἔστω

2019 1067 2109 1122 52.
2152 1068 2390 1124 Omnino
2447 1070 2550 1124 hoc
2602 1046 2997 1126 consilium‘in
3039 1072 3228 1142 primis
3283 1071 3378 1126 tibi
3433 1087 3525 1127 se-

263 1145 326 1202 ἑν
359 1148 472 1212 τοίς
499 1145 762 1211 τοιούτοις
803 1145 1112 1214 πενὼμασι
1150 1186 1165 1212 ,
1201 1148 1296 1219 καὶ
1325 1147 1557 1219 μάλιστα
1589 1152 1701 1214 τοῖς
1751 1150 1846 1202 ἐπὶ

1949 1161 2223 1230 quendntn
2257 1172 2360 1228 ρει,
2391 1177 2458 1217 ne
2490 1163 2731 1217 exercitu
2771 1163 2956 1234 aliquo
2988 1161 3320 1230 admirabili,
3353 1173 3520 1234 atque

266 1235 408 1292 πολὺ
436 1237 711 1309 διάστημα
739 1236 1023 1310 κρατοῦσι,
1065 1237 1140 1312 μὴ
1171 1237 1510 1310 ἐπιτηδεύειν
1559 1238 1845 1310 βιάζεσθαι

1951 1254 2231 1323 inopinato
2265 1256 2453 1310 labore
2484 1257 2538 1309 in
2577 1256 2646 1311 iis
2672 1255 2984 1328 angustiis,’
3014 1273 3137 1327 quae
3171 1256 3517 1327 potissimum

267 1329 503 1402 στρατοῦ
535 1329 794 1401 πάροδον,
845 1330 1137 1402 ἐξαιρέτως
1167 1332 1225 1384 ὲν
1281 1330 1470 1402 καιρῷ,
1497 1331 1689 1404 θέρους
1711 1372 1726 1396 ,
1763 1333 1851 1386 διὰ

2000 1348 2188 1416 .iquam
2229 1347 2622 1416 longitudinem
2653 1347 2752 1404 viae
2781 1349 3008 1414 habent,
3043 1350 3240 1405 messis
3275 1333 3526 1420 tempore
3605 1339 3610 1346 ’

265 1421 368 1496 τὴν
395 1421 492 1493 τῆς
519 1421 652 1495 ῦλης
678 1421 952 1494 δασύτητα
980 1422 1252 1494 πολεμίων
1293 1423 1527 1496 μάλιστα
1568 1423 1850 1496 ἐνοχλούν-

1953 1451 2175 1512 propter
2217 1440 2364 1495 silvze
2402 1440 2725 1496 densitatem
2766 1456 3039 1507 exerceas,
3071 1440 3116 1496 si
3172 1440 3356 1497 hostes
3406 1449 3521 1496 tum

267 1534 399 1584 των,
430 1516 562 1589 πρὶν
589 1516 655 1572 ἂν
673 1517 721 1570 oi
751 1515 906 1572 αὐτοὶ
927 1516 1307 1587 ἀποσοϐηθῶσι
1345 1517 1692 1587 φαινόμενοι,
1721 1516 1763 1591 ’ἢ
1801 1517 1855 1571 oi.

1957 1542 2009 1589 te
2037 1532 2371 1603 perturbent,
2401 1532 2506 1588 nisi
2539 1533 2584 1588 si
2622 1533 2759 1589 forte
2792 1533 2943 1604 prius
2968 1533 3049 1588 vel
3085 1533 3210 1588 illos
3237 1532 3525 1604 repuleris,

279 1607 603 1701 ὑψηλότεροι
673 1608 839 1665 τόποι
889 1610 988 1683 τῆς
1060 1610 1294 1682 παρόδου
1349 1608 1454 1665 ὑπὸ
1505 1609 1598 1665 σοῦ
1645 1627 1854 1686 προκα-

1956 1623 2042 1682 vel
2072 1639 2286 1682 summa
2316 1625 2460 1682 illius
2485 1625 2588 1682 loci
2611 1625 2742 1701 juga
2775 1625 2974 1682 milites
3016 1624 3092 1680 tui
3121 1624 3523 1698 occupaverint.

269 1699 613 1772 ταληφθῶσι.

342 1793 445 1863 vf.
475 1795 588 1852 Καὶ
613 1792 788 1852 ταῦτα
830 1794 931 1870 μὲν
986 1797 1081 1852 ἐπὶ
1105 1797 1208 1871 τῆς
1261 1799 1670 1873 κασαλλαρικῆς
1696 1817 1862 1872 στραο

2033 1812 2120 1869 55.
2154 1811 2279 1878 Haec
2311 1811 2378 1868 de
2405 1811 2645 1881 equestri
2676 1811 2868 1868 itinere
2901 1830 2914 1865 :
2945 1811 2998 1865 in
3033 1810 3268 1883 pedestri
3312 1809 3527 1876 itinere,

270 1890 440 1956 τείας·
472 1889 565 1945 ἰπὶ
591 1889 648 1944 δὲ
668 1891 768 1962 τῆς
799 1892 1031 1964 πεζικῆς
1057 1893 1363 1965 ὁδοιπορίας
1406 1896 1486 1959 είς
1527 1896 1626 1966 μὲν
1655 1896 1844 1949 ὲπιπέ-

1919 1905 1924 1947 ι
1949 1912 2005 1958 et
2034 1903 2210 1974 planis
2232 1903 2740 1975 eampestribusque
2758 1903 2911 1968 locis,
2934 1912 3058 1958 ante
3080 1910 3135 1957 et
3169 1910 3289 1972 post
3313 1900 3529 1972 equites

270 1982 392 2048 δονς
424 1984 620 2048 τόπους
647 1982 764 2039 δέον
797 2002 858 2039 σε
931 1985 1026 2039 καλ⁸
1059 1985 1282 2041 ὄπισθεν
1311 1987 1488 2043 αὐτῶν
1511 1989 1606 2041 καὶ
1646 1987 1852 2060 ἔμπρο-

1960 1996 2026 2050 ad
2075 1994 2468 2066 speculandum
2525 1995 2892 2052 constituendi
2938 2003 3101 2064 sunt,
3157 2002 3322 2066 atque
3371 2003 3525 2049 extra

275 2074 403 2130 σθεν
429 2075 828 2148 καϐαλλαρίους
845 2079 1107 2151 καθιστᾷν
1137 2081 1215 2143 είς
1237 2079 1465 2150 .βίγλας,
1490 2081 1586 2134 καὶ
1608 2080 1859 2153 ἐξωτέρω

1087 2096 1107 2130 υ
1137 2079 1465 2150 εῑςβίγλας.
1490 2081 1586 2134 καὶ
1608 2080 1859 2153 ἐξωτέρω
1960 2105 2055 2148 eos
2109 2090 2292 2148 nullus
2334 2089 2577 2162 peditum
2607 2090 2697 2146 sit.

271 2171 372 2243 τῆς
400 2169 593 2242 βίγλας
624 2170 827 2244 μηδένα
860 2171 972 2226 τῶν
998 2172 1178 2238 πεζῶν
1208 2172 1514 2242 φαίνεσθαι.

345 2266 439 2320 νδν.
467 2265 551 2320 Τὰ
573 2265 634 2320 δὲ
662 2264 915 2338 ἄπληκτα
956 2267 1022 2321 ἐκ
1059 2265 1154 2321 τοῦ
1181 2265 1408 2337 πλησίον
1456 2265 1726 2337 γίνεσθαι·
1763 2265 1855 2322 ἵνα

2032 2273 2122 2332 54.
2173 2271 2386 2340 Castra,
2409 2271 2463 2327 id
2511 2278 2619 2339 est,
2674 2271 2875 2343 aplicta
2922 2285 3092 2343 prope
3126 2269 3253 2326 illos
3284 2267 3412 2338 sint,
3469 2284 3537 2325 ne

278 2358 356 2433 μὴ
386 2359 714 2418 σκοποῦνται
769 2361 820 2415 οἱ
868 2359 1025 2427 πεζοὶ
1084 2360 1512 2434 περιπατοῦντες
1562 2361 1699 2416 πολὺ
1737 2361 1858 2417 διά-

1960 2369 2184 2441 longum
2227 2366 2486 2436 spatium,
2540 2366 2589 2423 si
2629 2365 3010 2432 discesserint,
3061 2364 3272 2435 pedites
3316 2364 3539 2434 conspi-

279 2472 382 2529 ατη
390 2472 488 2528 μα.

1964 2461 2203 2520 ciantur.

346 2545 444 2604 ιη’.
473 2546 587 2613 Τὰς
611 2547 667 2605 δὲ
695 2546 834 2621 μετά
853 2544 962 2602 τῶν
991 2543 1171 2612 πεζῶν
1192 2546 1408 2618 ἀμάξας
1433 2547 1576 2604 κατὰ
1612 2548 1682 2602 τὰ
1712 2546 1856 2620 μέρη

2037 2556 2129 2612 55.
2166 2557 2378 2612 Currus
2423 2554 2672 2626 peditum
2703 2553 2900 2610 ordine
2947 2551 3184 2622 quodam
3218 2548 3539 2623 procedant,

278 2643 381 2714 τῆς
415 2639 772 2715 παρατάξεως
827 2641 1151 2714 περιπατεῖν
1180 2639 1331 2705 δέον,
1363 2640 1475 2694 εἴτε
1527 2628 1593 2697 ὲν
1632 2640 1856 2711 ὀρδίνῳ,

1963 2651 2079 2707 sive
2103 2659 2227 2721 post
2251 2647 2912 2722 singulas-contubernia
2947 2651 3071 2717 post
3094 2644 3345 2700 dextrum
3369 2657 3553 2696 cornu.

283 2737 394 2791 εἴτε
425 2734 486 2790 ἐν
511 2733 833 2807 παρατάξει,
859 2733 994 2806 πρὸς
1010 2734 1100 2789 τὸν
1125 2732 1292 2787 τόπον
1311 2734 1528 2806 πρῶτον
1561 2733 1657 2788 τοῦ
1679 2732 1857 2798 δεξιοῦ

1964 2744 2162 2817 primo,
2195 2742 2390 2798 deinde
2416 2749 2540 2814 post
2587 2741 2900 2808 sinistrum,
2935 2750 3054 2795 tum
3089 2747 3215 2810 post
3257 2737 3540 2794 sinistrum

283 2831 537 2901 κέρατος,
568 2822 686 2883 εἷτα
727 2826 822 2882 τοῦ
874 2826 1186 2899 ἀριστεροῦ,
1247 2827 1386 2898 μετὰ
1415 2826 1630 2891 ὲκείνας
1673 2826 1732 2880 δὲ
1764 2824 1859 2881 τοῦ

1966 2835 2224 2903 medium,
2252 2845 2305 2892 et
2335 2835 2591 2906 deinceps
2624 2842 2746 2907 post
2776 2834 3030 2890 dextrum
3062 2832 3339 2899 medium;
3363 2837 3545 2902 neque

283 2920 451 2992 μέσον
503 2919 820 2993 ἀριστεροῦ,
884 2919 978 2974 καὶ
998 2919 1121 2974 τότε
1183 2917 1278 2974 τοῦ
1311 2918 1477 2990 μέσου
1513 2917 1687 2984 δεξιοῦ
1718 2958 1732 2981 .
1765 2917 1865 2972 καὶ

1607 2917 1687 2972 ιοῧ
1718 2958 1732 2981 ο
1765 2917 1865 2972 καὶ
1966 2928 2205 2997 contusi,
2241 2939 2336 2985 aut
2364 2929 2618 3000 permixti
2673 2943 2870 2984 currus
2913 2926 3215 2982 ambulent.

284 3014 423 3085 μήτε
455 3012 800 3084 πεφυρμέναι
835 3012 927 3067 καὶ
955 3011 1398 3084 ἀναμεμιγμέναι
1427 3011 1846 3084 περιπατοῦσιν.

351 3105 462 3171 νς’,
513 3105 640 3160 Ἐὰν
672 3104 728 3159 δὲ
773 3107 823 3159 οἱ
849 3104 1034 3177 ἐχθροὶ
1079 3105 1309 3176 πλησίον
1367 3104 1524 3170 είσὶν,
1557 3105 1678 3158 δέον
1736 3104 1862 3168 τοὺς

2040 3111 2129 3169 56.
2174 3111 2229 3167 Si
2260 3125 2430 3183 prope
2457 3109 2645 3165 hostes
2678 3105 2903 3175 fuerint,
2932 3106 3133 3178 singuli
3164 3103 3356 3161 armati
3396 3115 3543 3157 arma

281 3200 510 3264 ὁπλίτας
538 3201 774 3255 ἕκαστον
800 3199 870 3253 τὰ
889 3199 1032 3254 ὅπλα
1062 3198 1228 3253 αὑτοῦ
1260 3197 1596 3269 βαστάζοντα
1627 3213 1865 3270 περιπαο

1970 3215 2200 3279 gestent,
2249 3221 2426 3275 neque
2461 3219 2522 3259 ea
2562 3203 2615 3257 in
2654 3202 2910 3258 curribus
2964 3199 3300 3270 relinquant,
3331 3206 3389 3252 ut
3438 3197 3546 3252 sint

284 3297 420 3357 τεῖν.
454 3295 550 3348 καὶ
592 3293 666 3365 μὴ
691 3295 768 3358 εἰς
795 3293 892 3355 τὰς
928 3290 1144 3361 ἁμάξας
1188 3291 1361 3347 ταῦτα
1403 3290 1860 3362 καταλιμπάνειν,
1891 3292 1894 3315 ⁴

1969 3273 2036 3355 ad
2069 3273 2546 3370 praelium—parati
2582 3312 2595 3348 :
2629 3301 2683 3347 et
2731 3292 2784 3347 in
2831 3291 3154 3362 periculosis
3207 3286 3548 3359 temporibus

283 3391 376 3444 ἵνα
403 3385 535 3444 ῶσιν
562 3389 773 3458 ἕτοιμοι
801 3387 938 3458 πρὸς
966 3386 1065 3458 τὴν
1089 3385 1289 3458 μάχην.
1329 3385 1420 3439 Ἐν
1457 3384 1515 3438 δὲ
1539 3386 1654 3447 τοῖς
1698 3383 1866 3450 ἀναγ-

1969 3404 2161 3444 omnes
2193 3403 2280 3443 res
2311 3388 2383 3440 ita
2416 3387 2697 3441 instructa:
2727 3385 2858 3450 sint,
2891 3399 2955 3439 ac
2985 3383 3029 3438 si
3072 3383 3127 3437 in
3168 3382 3284 3453 ipsa
3311 3381 3432 3437 acie
3463 3395 3549 3434 cs-

286 3483 467 3547 καίοις
500 3483 733 3553 καιροῖς,
761 3478 944 3542 καθὼς
979 3478 1039 3532 ὲν
1057 3481 1124 3550 τῇ
1159 3477 1462 3549 παρατάξει
1486 3475 1770 3529 τάττονται
1800 3473 1869 3527 τὰ

1972 3493 2111 3547 sent,
2158 3494 2215 3536 nt
2249 3483 2294 3538 si
2339 3497 2440 3537 nec
2469 3481 2715 3548 confuse,
2763 3494 2866 3534 nec
2906 3477 3216 3532 inordinate
3261 3473 3542 3548 prodeant,

286 3577 564 3647 τάγματα,
589 3573 761 3636 οὕτως
785 3571 925 3626 αὐτὰ
942 3571 1023 3625 δεῖ
1053 3573 1371 3641 περιπατεῖν
1413 3569 1508 3622 καλ⁸
1540 3569 1614 3639 μὴ
1669 3583 1869 3636 συγκε-

1973 3575 2064 3629 ubi
2095 3576 2238 3628 acies
2268 3572 2583 3627 instruenda
2613 3570 2705 3636 sit,
2742 3569 2793 3624 in
2824 3578 3075 3640 promptu
3140 3578 3301 3639 atque
3331 3567 3388 3623 in
3419 3578 3543 3636 pro-

285 3669 539 3742 χυμένως
589 3667 700 3738 (50)
729 3666 772 3736 ἢ⁴
814 3663 1264 3735 διεσπασμένωςι
1307 3662 1432 3729 ἵνα,
1492 3662 1586 3715 ἐὰν
1642 3659 1869 3731 γένηται

729 3666 772 3736 ἢ,
814 3663 1264 3735 διεσπασμένωςι
1307 3662 1432 3729 ἵνα,
1492 3662 1586 3715 ἐὰν
1642 3659 1869 3731 γένηται
1975 3668 2151 3724 cinctu
2183 3669 2311 3721 sint.

288 3763 448 3836 χρεία
487 3761 582 3817 τοῦ
617 3757 1049 3832 παρατάξεσθαι,
1079 3756 1312 3826 ἑτοίμως
1356 3755 1437 3820 εἰς
1493 3753 1650 3809 τοῦτο
1702 3770 1873 3807 κατα-

294 3873 517 3911 στωσιν.
1259 3882 1261 3884 ’

365 3946 462 4012 νζ¹.
507 3947 634 4002 Ἐὰν
671 3946 728 4000 δὲ
782 3945 965 3999 πολ).οέ
1024 3944 1161 3998 εἰσιν
1193 3943 1244 3996 οἱ
1277 3941 1385 3995 τῶν
1420 3939 1633 4013 ἐχθρῶν
1664 3939 1868 3994 καϐαλο

2046 3939 2133 3996 5Ἱ.
2190 3936 2246 3991 Si
2305 3935 2462 3991 multi
2531 3935 2770 3991 nostium
2829 3932 3031 3989 fuerint
3089 3932 3344 4002 equites,
3401 3938 3452 3985 et
3514 3930 3547 3983 ii

289 4044 494 4115 λὰριοι,
525 4039 848 4109 ἐγγιζόντων
899 4036 1098 4104 αὐτῶν,
1145 4034 1236 4089 τὸν
1281 4032 1510 4106 στρατὸν
1558 4031 1632 4103 μὴ
1681 4032 1873 4103 ἐπιτη-

1977 4049 2142 4105 prope
2174 4031 2240 4086 ad
2273 4041 2324 4084 te
2357 4027 2642 4092 accedant,
2687 4045 2752 4083 ne
2787 4036 3073 4098 propterea
3105 4035 3283 4080 castra
3319 4024 3552 4078 transie-

291 4138 470 4193 δεύειν
511 4133 751 4206 συνεχῶς
782 4131 850 4185 τὰ
884 4131 1140 4200 ᾶπληκτα
1171 4126 1460 4181 ἀλλάσσειν
1487 4124 1639 4196 ἦτὰς
1668 4124 1875 4177 ὁδοιπο-

1978 4141 2089 4192 ras,
2121 4132 2174 4179 ct
2205 4138 2409 4178 novum
2444 4124 2545 4176 iter
2578 4131 2702 4176 ante
2741 4120 2943 4175 bellum
2989 4119 3344 4174 commissum
3381 4116 3552 4170 susci-

299 4232 421 4305 ρὶας
449 4227 718 4284 ποιεῖσθαι
751 4225 858 4297 πρὸ
880 4225 982 4294 τῆς
1003 4222 1097 4277 τοῦ
1130 4222 1364 4292 πολέμου
1399 4219 1696 4280 ἐκτάσεως,
1731 4217 1870 4271 ἀλλὰ

1979 4219 2118 4292 pias,
2154 4215 2249 4273 sed
2299 4223 2412 4271 tres
2455 4225 2552 4268 ant
2599 4221 2835 4282 quatuor
2874 4213 2991 4267 dies
3021 4219 3148 4265 ante
3197 4207 3552 4263 conﬂictatio-

296 4304 407 4397 πρὸ
457 4321 551 4377 δύο
607 4322 641 4392 ἢ
693 4318 860 4392 τριῶν
912 4314 1138 4388 ἡμερῶν
1194 4307 1744 4384 προκαταλαμϐάνειν
1786 4307 1878 4362 τὸν

1980 4327 2100 4368 nem
2140 4311 2336 4382 ipsam,
2378 4308 2641 4364 castrain
2682 4321 2746 4361 eo
2788 4305 2910 4360 ioco
2941 4320 3102 4375 pone,
3145 4304 3233 4358 ubi
3276 4310 3551 4373 pugmtn-

295 4419 481 4479 τύπον,
537 4414 665 4468 ενθα
707 4411 742 4482 ή
800 4407 1043 4480 συμϐολὴ
1079 4405 1260 4478 μέλλει
1307 4403 1603 4473 γίνεσθαι,
1651 4400 1876 4454 κάκεῖσε

1826 4417 1876 4454 τε
1981 4420 2074 4460 rus
2100 4419 2180 4472 es,
2211 4412 2263 4459 et
2296 4403 2365 4457 ibi
2400 4411 2518 4457 tuto
2553 4407 2602 4456 te
2629 4400 2696 4453 ad
2733 4398 2862 4454 illud
2901 4408 3112 4468 tempus
3145 4397 3436 4454 collocato.

299 4507 561 4579 ἀσφαλῶς
603 4502 955 4572 ἀπληκιύιιν.
1105 4508 1107 4512 ’
2056 4577 2120 4589 Μ
2231 4576 2282 4589 η,
2332 4577 2343 4589 υ
2523 4575 2535 4584 ,
2763 4573 2774 4584 ,
2873 4572 2886 4589 ι
3001 4575 3010 4584 ,

371 4571 473 4671 νη’.
516 4597 643 4651 Ἐὰν
694 4571 750 4649 δξ
805 4592 1015 4664 μέλλῃς
1063 4588 1250 4659 ἔφοδον
1294 4587 1470 4642 ποιεῖν
1509 4586 1646 4640 κατὰ
1695 4584 1879 4657 χώρας
1913 4627 1954 4684 D

1941 4633 1954 4680 ,
2052 4577 2143 4634 58.
2230 4576 2287 4632 Si
2331 4575 2706 4631 incursionem
2763 4573 2815 4628 in
2873 4571 3124 4627 hostilem
3177 4579 3381 4626 terram
3430 4584 3551 4624 cum

2281 4670 2302 4684 ρ
2373 4679 2380 4684 .
2480 4679 2485 4684 .
2590 4683 2628 4684 η
2947 4680 3042 4684 ___
3096 4663 3354 4684 ,A_,.-___

305 4663 517 4764 ιχθρῶν
559 4687 698 4761 μετὰ
729 4663 958 4752 πεζικοῦ
983 4683 1215 4754 στρατοῦ
1244 4680 1333 4736 διὰ
1372 4679 1581 4734 δασέων
1611 4679 1706 4734 καὶ
1752 4677 1878 4732 δυσ-ι
1913 4663 1915 4679 ’

1945 4663 1952 4678 ’
1979 4673 2222 4745 peditatu
2278 4670 2526 4725 facturus
2577 4683 2658 4733 es,
2732 4666 2896 4736 idque
2947 4680 3044 4735 per
3090 4663 3360 4718 condensa
3394 4671 3555 4732 atque

304 4752 480 4842 εΞτξυν
502 4752 595 4838 κοὶι
631 4779 831 4837 στενῶν
862 4752 1064 4843 τόπων,
1104 4777 1136 4847 ἢ
1173 4775 1266 4829 καὶ
1315 4775 1372 4827 ἐν
1405 4774 1586 4835 αὐτοῖς
1613 4770 1872 4842 ἐγχειρή-

1977 4773 2209 4837 angusta
2246 4765 2386 4829 loca,
2415 4760 2671 4833 quamvis
2715 4759 2770 4813 in
2817 4773 2883 4814 eo
2917 4759 3036 4812 loco
3064 4772 3240 4828 pugna
3273 4756 3450 4827 gravis
3473 4752 3555 4808 [ιι-

304 4897 420 4944 σεις
449 4880 571 4934 κατ’
599 4876 777 4931 αὐτῶν
801 4869 1100 4934 ποιεῖσθαι,
1126 4867 1186 4923 οῦ
1221 4867 1302 4921 δεῖ
1328 4882 1388 4919 σε
1420 4864 1646 4927 πολλοὺς
1672 4861 1879 4916 καθαλ-

1979 4871 2101 4917 lura
2144 4860 2236 4924 sit,
2289 4873 2467 4927 neque
2503 4869 2760 4924 magnum
2817 4850 3142 4922 equitatum,
3175 4862 3348 4918 neque
3385 4847 3556 4901 multa

300 4937 522 5044 Rapiat);
560 4968 724 5038 ιχειν,
760 4965 897 5037 μήτε
930 4959 1147 5032 ἀμάξας
1176 4957 1342 5030 ἔχειν,
1374 4956 1408 5028 ἢ
1436 4952 1651 5010 τοῦλδον
1684 4953 1879 5017 πολὺν,

1983 4951 2395 5022 impedimenta,
2443 4960 2621 5016 neque
2667 4944 2834 4998 multa
2873 4957 3024 4995 arma
3066 4951 3243 4996 tecum
3290 4937 3456 5000 feras,
3505 4945 3558 4993 ιιι

302 5067 339 5137 ἢ
552 5031 773 5134 πολλὰ,
805 5031 922 5113 οἷον
966 5054 1230 5125 λωρίκια,
1275 5049 1372 5106 καὶ
1401 5047 1743 5118 κασσίδας,ἣ
1771 5046 1887 5099 κλιο

1983 5046 2201 5111 loricia,
2253 5042 2307 5096 id
2352 5050 2455 5106 est,
2502 5038 2706 5108 galeas,
2743 5035 3009 5098 cassides,
3058 5031 3313 5097 clibania,
3352 5031 3403 5084 id
3453 5038 3557 5095 est,

305 5124 489 5223 έάνια,
523 5154 556 5226 ἡ
593 5131 660 5207 δτι
705 5124 984 5209 τοιοῦτον,
1015 5145 1148 5200 ἀλλὰ
1192 5141 1489 5213 σκουτὰρια
1535 5139 1695 5211 μόνον
1743 5137 1886 5208 ἔχειν

1990 5141 2281 5202 thoraces;
2312 5137 2406 5192 sed
2434 5143 2587 5191 scuta
2618 5129 2815 5186 scutati
2855 5128 3031 5183 solum
3064 5124 3317 5188 habeant,
3347 5131 3401 5178 et
3429 5137 3558 5178 con-

304 5252 432 5313 τοὺς
463 5247 810 5309 σκουτατους,
846 5241 1066 5313 μείζονα
1105 5237 1162 5294 δὲ
1191 5236 1452 5308 κοντάρια
1475 5249 1491 5265 ο
1529 5230 1655 5294 τοὺς
1705 5229 1760 5283 δὲ
1797 5228 1888 5280 λε-

1989 5233 2145 5298 taria,
2175 5231 2228 5287 id
2256 5238 2358 5297 est,
2419 5230 2605 5283 hastas
2636 5226 2854 5294 longas,
2880 5231 2933 5276 et
2963 5219 3205 5289 Spatlta's,
3237 5229 3288 5271 et
3312 5219 3558 5270 tzicnria.

308 5310 576 5412 yop'évouc
601 5324 811 5406 ψιλοὺς,
844 5310 1141 5402 σκουτάρια
1200 5325 1366 5383 κοντα
1401 5325 1494 5381 καὶ
1512 5325 1591 5405 τὰ¹
1637 5320 1849 5376 σπαθία
1870 5357 1884 5382 ,

1990 5326 2158 5383 Leves
2190 5336 2366 5379 autem
2399 5322 2630 5376 habeant
2653 5327 2803 5374 senta
2833 5330 3018 5385 parva,
3049 5312 3328 5375 rhictaria,
3358 5310 3557 5380 jacula,

457 5401 738 5508 τζικούρια
791 5421 982 5500 μικρὰ,
1018 5401 1110 5478 κοιλ⁹
1127 5421 1466 5493 ἐλαφρότερα
1484 5402 1879 5508 τοξοφὰρετρα,

1991 5416 2220 5472 tzicuria
2268 5429 2433 5484 parva
2463 5453 2478 5478 ,
2534 5420 2587 5464 ct
2632 5410 2675 5464 Si
2728 5407 2860 5477 quid
2908 5404 3052 5465 aliud
3086 5403 3192 5456 tale
3240 5401 3352 5456 leve
3401 5409 3564 5468 atque

315 5494 589 5598 ῥικτὰρια,
631 5494 856 5579 ἀκόντια
893 5494 1084 5591 μικρὰ,
1114 5513 1418 5582 τζικούρια,
1445 5511 1540 5566 καὶ
1561 5509 1612 5563 εἴ
1635 5525 1688 5561 τι
1714 5503 1888 5560 τοιοῦ-

1993 5507 2302 5578 expeditum
2338 5512 2437 5559 est.
2483 5501 2714 5556 Seeures
2767 5497 2966 5553 multas
3009 5494 3209 5548 habere
3252 5494 3304 5545 in
3349 5503 3561 5559 sagma-

311 5591 405 5674 τον
427 5591 658 5689 ἐλαφρὸν
688 5616 784 5670 καὶ
811 5614 1104 5685 χρήσιμον.
1140 5607 1353 5675 Ἀξίνας
1381 5606 1438 5658 δὲ
1464 5603 1678 5664 πάντως
1708 5615 1887 5689 περισ·

1993 5603 2113 5668 riis,
2168 5601 2222 5655 id
2272 5609 2372 5666 est,
2431 5594 2701 5666 sareiniis:
2757 5591 2823 5646 ad
2868 5603 3089 5645 omnem
3141 5602 3310 5645 usum-
3348 5595 3563 5656 paratas

317 5711 414 5775 σὰς
443 5711 550 5784 χρὴ
571 5688 746 5781 ἔχειν,
787 5706 883 5761 καὶ
911 5709 967 5760 ὲν
1014 5705 1126 5767 τοῖς
1153 5697 1483 5770 σαγμαρίοις
1505 5688 1885 5763 ἐπιφέρεσθαι,
1995 5698 2232 5763 oportet.

315 5803 406 5858 διὰ
429 5800 524 5866 τὰς
557 5800 766 5874 χρείας.

1833 5865 1971 5925 IIO'I'
1976 5865 2065 5924 1E.

392 5989 507 6063 ,(50)
541 5991 643 6048 Καὶ
669 5994 752 6062 μὴ
788 5981 1268 6060 συγκεχυμένως.
1311 5973 1753 6039 Desiderabator,
1785 5966 1881 6039 μή·
