4020 6312
431 327 538 393 ἰ’ὃῖ

1695 326 1889 387 LEON
1898 327 1972 387 IS
2008 325 2468 387 PHILOSOPHI

3577 321 3717 385 788

435 442 538 497 bus
587 451 768 494 autem
825 446 879 493 et
929 450 1103 508 magis
1151 435 1410 507 spatiosis
1461 435 1618 502 locis,
1656 437 1725 491 ad
1776 437 2011 492 frontem

2148 436 2227 499 οἷς
2255 436 2598 508 ἀραιοτέροις
2628 435 2721 488 ἐπὶ
2765 434 3018 506 μέτωπον
3064 435 3122 488 ὲν
3154 433 3365 505 πλαγία
3400 430 3552 500 τάξει
3609 433 3719 497 είς

437 534 556 589 acie
614 533 664 586 in
718 533 885 585 lutum
941 541 1214 600 porrecta,
1258 539 1310 583 ct
1354 529 1658 585 laxioribus
1729 530 2018 585 latitudine

434 624 835 687 contuberniis,
865 624 1154 678 altitudine
1183 623 1551 678 densioribus.

506 718 596 772 78.
635 717 767 771 Illud
798 732 893 787 pro
922 726 1076 770 certo
1100 729 1305 776 teneas,
1333 715 1386 769 in
1412 715 1703 771 condensis
1731 714 1868 770 locis
1898 731 2014 786 eos,

437 814 530 882 qui
567 812 852 876 rhictaria,
883 811 996 867 sive
1033 810 1308 876 menaula,
1341 810 1391 864 id
1417 818 1535 876 est,
1564 809 1739 879 iacula
1769 809 2016 881 longiora

439 920 602 959 manu
658 904 986 972 conjiciunt,
1018 905 1190 973 magis
1233 902 1573 958 necessarios
1625 918 1746 957 esse
1792 905 2020 974 sagitta-

442 998 540 1053 riis
595 1009 692 1053 aut
725 996 1118 1059 funditoribus,
1154 1006 1318 1066 atque
1355 995 1476 1049 ideo
1506 995 1660 1050 multi
1695 996 1837 1051 leves
1862 1012 2019 1051 exer-

438 1082 597 1144 cendi
647 1090 713 1144 ad
755 1089 870 1143 haec
928 1087 1033 1143 tela
1088 1087 1206 1144 sive
1238 1086 1423 1156 jacula
1464 1102 1628 1141 manu
1679 1085 2021 1159 conjicienda

440 1191 592 1239 sunt.

511 1277 602 1331 79.
647 1275 929 1345 Sagittarii
985 1274 1039 1329 in
1095 1274 1215 1330 acie
1259 1273 1526 1330 instructa
1589 1275 2024 1346 prazstabiliores

441 1377 591 1432 sunt,
624 1378 677 1422 et
706 1369 757 1421 in
791 1368 1024 1443 asperis,
1056 1365 1244 1423 arduis
1272 1406 1289 1434 ,
1319 1368 1569 1438 angustis
1601 1377 1765 1438 atque
1795 1371 2019 1438 exposi-

445 1458 513 1514 tis
542 1458 595 1512 in
630 1457 787 1514 locis.
1120 1476 1121 1479 ‘
1348 1512 1350 1514 ,

513 1553 602 1608 80.
631 1550 970 1610 Jaeolatores
1003 1565 1157 1610 extra
1206 1555 1378 1610 aciem
1423 1553 1748 1609 instructam
1797 1554 1850 1609 in
1886 1570 2020 1611 eon-

440 1643 632 1700 densis
659 1645 794 1701 locis
822 1647 1099 1703 utilissimi
1118 1657 1270 1704 sunt.
1299 1647 1480 1720 Atque
1500 1647 1616 1703 haec
1642 1647 1697 1702 in
1731 1647 2022 1706 itineribus

443 1736 707 1794 faciendis
737 1740 1078 1796 observanda
1115 1751 1268 1797 sunt.

516 1917 606 1972 81.
648 1916 979 1988 Priusquam
1023 1934 1216 1975 omnes
1258 1930 1441 1976 castra
1491 1920 1804 1990 posuerint,
1847 1922 2023 1976 aciein

445 2026 623 2082 neque
668 2011 998 2082 pedestrem,
1026 2026 1202 2082 neque
1241 2019 1550 2082 equestrem
1581 2010 1885 2076 dissolvas,
1925 2029 2022 2067 ne-

445 2119 554 2174 que
588 2103 907 2174 priusquam
937 2104 1199 2160 fossatum
1232 2104 1475 2175 undique
1525 2104 1796 2160 munitum
1839 2105 1935 2169 sit,
1969 2114 2023 2160 et

445 2193 822 2267 speculatores
874 2194 1131 2250 exierint.

516 2286 608 2343 82.
644 2287 931 2359 Praecipies
991 2296 1214 2356 autem,
1266 2298 1325 2345 ut
1387 2288 1628 2361 perfecte
1686 2297 2025 2361 cognoscant

451 2381 698 2436 buccinat
725 2395 949 2445 sonum,
986 2390 1046 2436 ut
1079 2382 1174 2437 ubi
1213 2382 1521 2439 consistere
1564 2373 1669 2438 eos
1704 2383 1862 2454 jubet
1897 2396 2028 2436 con-

449 2476 673 2540 sistant,
705 2482 758 2529 et
790 2474 880 2530 ubi
905 2474 1011 2531 alia
1043 2475 1279 2531 buccina
1311 2477 1608 2546 procedere
1642 2492 1738 2532 eos
1770 2477 2025 2547 imperat,

450 2568 772 2640 procedant.
807 2568 889 2623 Ad
926 2568 1076 2624 hunc
1107 2569 1274 2642 igitur
1300 2571 1519 2625 modum
1548 2569 1614 2624 de
1643 2569 1836 2624 itinere
1867 2585 2027 2625 excr-

450 2663 595 2719 citus
626 2661 875 2719 faciendo
896 2664 1236 2736 disputatum
1286 2665 1380 2721 sit.
1418 2664 1603 2721 Restat
1646 2672 1702 2719 ut
1750 2665 1817 2720 de
1851 2663 2025 2731 tuldo,

429 2754 568 2836 sive
593 2756 997 2828 impedimentis
1029 2773 1202 2830 pauca
1233 2759 1595 2815 disseramus.

957 2945 1422 3004 CONSTITUTIO
1462 2947 1534 3003 Χ.

766 3032 846 3088 De
879 3035 1048 3102 tuldo,
1083 3036 1137 3089 id
1165 3047 1263 3098 est,
1296 3037 1710 3106 impedimentis.

2118 528 2339 592 πλάτος,
2369 531 2426 582 ὲν
2452 529 2803 600 ἀραιοτέραις
2833 527 2930 599 μὲν
2964 529 3102 583 κατὰ
3139 527 3203 582 τὸ
3253 526 3454 591 πλάτος
3485 528 3717 592 ἀκίαις,

2120 620 2440 691 βαθυτέραις
2467 620 2522 674 δὲ
2548 619 2689 674 κατὰ
2719 620 2778 672 τὸ
2809 623 3005 690 πάχος.

2189 710 2288 783 οη’.
2317 713 2557 765 Γίνωσκε
2595 712 2671 777 δὲ,
2725 713 2807 765 ὅτι
2846 714 2902 765 ὲν
2941 714 3062 776 ταῖς
3097 712 3344 777 δασείαις
3376 711 3530 775 ὕλαις
3576 712 3716 783 (58)

2119 808 2166 860 οἱ
2196 808 2259 859 ἐκ
2288 805 2467 876 χειρὸς
2485 805 2860 870 ἀκοντίζοντες
2899 805 2987 858 διὰ
3017 806 3312 877 ρικταρέων
3341 805 3373 877 ἦ
3410 806 3718 876 μεναύλων

2119 896 2535 968 ἀναγκαιότεροί
2569 897 2674 950 είσι
2706 897 2927 950 καὶτῶν
2961 898 3191 962 τοξοτῶν
3222 898 3315 951 καὶ
3370 898 3480 952 τῶν
3531 915 3720 970 σφεν-

2120 991 2397 1047 δονιστῶν.
2431 991 2532 1045 Διά
2585 992 2741 1046 τοῦτο
2774 993 2984 1063 πρέπον
3012 995 3130 1066 ἐστὶ
3162 995 3288 1055 τοὺς
3321 992 3548 1058 πολλοὺς
3586 993 3718 1048 τῶν

2119 1085 2288 1156 ψιλῶν
2318 1087 2396 1151 είς
2424 1085 2680 1156 ρικτάρια
2710 1085 2804 1139 καὶ
2832 1086 3054 1140 ἀκόντια
3078 1086 3144 1139 ὲκ
3183 1087 3366 1157 χειρὸς
3390 1085 3716 1158 βαλλόμενα

2119 1178 2522 1249 γυμνάζεσθαι.

2191 1271 2286 1327 οθν.
2322 1272 2387 1328 υἱ
2421 1272 2479 1326 δὲ
2531 1271 2746 1338 τοξόται
2802 1271 3094 1341 ἀναγκαῖοί
3133 1273 3242 1325 είσι
3289 1275 3354 1346 τῇ
3391 1274 3714 1346 παρατάξει

2124 1365 2325 1436 μᾶλλον
2349 1365 2781 1438 ὑποτασσόμενοι
2807 1367 2902 1419 καὶ
2928 1367 3007 1429 εἰς
3024 1369 3244 1436 τραχεῖς
3291 1369 3385 1420 καὶ
3445 1369 3524 1431 είς
3559 1384 3714 1439 κρηο

2124 1456 2353 1530 μνώδεις
2387 1459 2478 1514 καὶ
2507 1461 2584 1523 είς
2618 1459 2834 1522 στενοὺς
2876 1458 2967 1511 καὶ
2997 1459 3241 1530 γυμνοὺς
3270 1459 3494 1522 τόπους.

2195 1553 2269 1607 π’.
2317 1553 2383 1606 Οί
2422 1551 2606 1624 μέντοι
2654 1551 2969 1606 ἀκοντισταὶ
3008 1553 3102 1606 καὶ
3131 1550 3330 1617 ἔξωθεν
3363 1552 3462 1624 τῆς
3521 1570 3713 1624 παραυ

2122 1645 2325 1712 τάξεως
2354 1646 2433 1708 είς
2459 1640 2555 1709 τὰς
2580 1644 2710 1708 ὕλας
2733 1645 2829 1708 τὰς
2859 1643 3080 1708 δασείας
3123 1644 3356 1716 μάλιστα
3409 1643 3712 1714 ἀναγκαῖοί

2124 1736 2280 1788 εἰσιν.
2319 1731 2569 1788 Τοσαῦτα
2605 1733 2704 1805 μὲν
2733 1728 2941 1788 οὖνκαὶ
2975 1735 3032 1787 ὲν
3065 1735 3185 1798 ταῖς
3210 1735 3542 1807 ὁδοιπορίαις
3589 1752 3712 1790 πα-

2125 1825 2488 1899 ραφυλάττειν
2505 1844 2563 1880 σε
2590 1827 2907 1896 ἀναγκαῖον,
2944 1820 2989 1881 ὦ
3016 1828 3312 1899 στρατηγέ.
3645 1859 3672 1876 .-

2196 1915 2306 1972 πα’.
2333 1917 2467 1988 Πρὶν
2492 1917 2525 1987 ἦ
2559 1917 2615 1970 δὲ
2649 1915 2856 1980 πάντας
2884 1914 3228 1986 ἀπληκεῦσαι
3256 1917 3358 1989 τὴν
3384 1917 3710 1989 παράταξιν

2127 2012 2394 2084 μηδέποτε
2433 2011 2635 2077 διάλυε,
2669 2011 2806 2082 μήτε
2843 2011 2935 2065 ἐπὶ
2965 2008 3140 2080 πεζῆς
3194 2012 3502 2084 στρατείας,
3563 2015 3709 2084 μήτε

2123 2106 2213 2159 ὲπὶ
2240 2103 2669 2176 καϐαλλαρικῆς,
2702 2102 2806 2168 ἕως
2831 2103 2897 2157 ἂν
2920 2102 3017 2156 καὶ⁵
3038 2101 3098 2156 τὸ
3129 2104 3398 2172 φοσσάτον
3419 2104 3710 2177 ὀχυρωθῇ,

2125 2196 2218 2252 καὶ
2250 2197 2306 2249 αἱ
2331 2194 2508 2266 βίγλαι
2530 2194 2840 2262 ἐξέλθωσιν.
2927 2246 2930 2249 ,

2194 2290 2306 2360 πβο.
2338 2289 2551 2342 Είδὲναι
2576 2288 2632 2341 δὲ
2671 2288 2882 2354 πάντας
2934 2292 3282 2363 προστάξεις,
3313 2290 3401 2344 ίνα
3424 2291 3491 2362 τῇ
3546 2292 3704 2359 φωνῇ

2124 2384 2219 2439 τοῦ
2287 2383 2428 2440 κατὰ
2481 2381 2771 2454 συνήθειαν
2821 2383 3070 2454 βουκίνου
3133 2385 3492 2457 γνωρίζοντες
3571 2385 3708 2437 αὐτὸ

2127 2479 2390 2544 ἵστανται,
2414 2477 2510 2532 καὶ
2534 2477 2694 2531 πάλιν
2718 2480 2783 2548 τῇ
2813 2478 3033 2548 συνήθει
3069 2477 3182 2549 (59)
3219 2479 3368 2550 φωνῇ
3393 2475 3488 2531 τοῦ
3509 2477 3706 2548 ἑτέρου

2128 2571 2379 2644 βουκίνου
2400 2610 2414 2635 ,
2455 2571 2624 2642 ἧγουν
2651 2569 2745 2626 τοῦ
2781 2571 3081 2644 κινήματος
3122 2572 3367 2627 κινῶσιν.
3392 2572 3579 2635 Οὕτως
3609 2570 3706 2624 οὖν

2127 2667 2259 2737 ἡμῖν
2288 2664 2774 2734 διατετυπωμένων
2801 2663 2911 2718 τῶν
2951 2666 3079 2738 περὶ
3109 2665 3412 2736 ὁδοιπορίας
3443 2665 3708 2735 στρατοῦ,

2128 2757 2327 2829 ἑφεξῆς
2349 2775 2430 2812 σοι
2456 2759 2550 2814 καὶ
2581 2758 2672 2813 τὸν
2695 2758 2825 2832 περὶ
2856 2759 2950 2815 τοῦ
2980 2759 3280 2833 λεγομένου
3335 2758 3558 2816 τούλδου
3585 2758 3709 2813 δια-

2128 2851 2417 2926 ταξώμεθα
2455 2851 2649 2910 τύπον.
3281 2890 3284 2894 ~
3456 2851 3462 2856 ’

2723 2949 3034 3005 ΔΙΔΤΑΞΙΣ
3073 2947 3130 3005 ι’.

2435 3043 2577 3113 Περὶ
2611 3043 2716 3098 τοῦ
2745 3042 3076 3114 λεγομένου
3107 3039 3392 3098 τούλδου.

529 3127 580 3183 l.
623 3127 807 3195 Tuidi,
840 3129 956 3184 sive
999 3129 1514 3200 impedimentorum
1547 3148 1677 3189 cura
1716 3131 1816 3188 tibi
1844 3132 2026 3187 susei-

2201 3135 2270 3192 a'.
2313 3138 2403 3190 Δεῖ
2431 3132 2525 3191 οὖν
2557 3135 2765 3190 καὶτοῦ
2795 3135 3015 3189 τούλδου
3039 3133 3358 3204 ἀναγκαίως
3392 3149 3450 3186 σε
3485 3132 3704 3203 φροντί-

457 3222 651 3292 ρὶυηάα
675 3231 760 3278 est
789 3240 803 3277 :
835 3239 1015 3293 neque
1049 3224 1196 3280 enim
1227 3232 1434 3281 temere
1481 3239 1578 3282 aut
1621 3226 1848 3282 fortuito
1872 3227 2029 3299 disji-

453 3312 648 3368 cienda
687 3322 840 3380 sunt,
873 3315 967 3371 sed
1027 3315 1357 3388 ubicunque;
1387 3319 1796 3391 relinquuntur,
1823 3321 1876 3376 in
1911 3330 2031 3377 tuto

451 3416 586 3461 sunt
613 3407 956 3464 collocanda.

518 3501 580 3555 ’2.
621 3501 807 3572 Neque
839 3519 1053 3559 rursum
1084 3505 1139 3558 in
1167 3504 1309 3560 bello
1370 3504 1826 3577 incircumspecte
1855 3507 2030 3564 duca-

451 3606 580 3662 tur;
622 3611 862 3666 persaepe
914 3599 1058 3652 enim
1106 3599 1342 3654 militum
1389 3600 1736 3666 administri,
1789 3618 2031 3674 persarpe

454 3685 614 3738 tiberi
651 3694 813 3755 atque
844 3688 1080 3757 cognati,
1103 3703 1243 3758 quos
1263 3688 1462 3746 charos
1482 3689 1706 3757 habent,
1729 3707 1854 3746 cum
1879 3693 2030 3747 tuldo

456 3788 607 3833 sunt.
653 3778 812 3842 Quod
855 3780 960 3834 nisi
1011 3781 1066 3835 in
1114 3789 1230 3835 tuto
1284 3782 1376 3847 sit,
1408 3784 1682 3838 anxietate
1720 3785 2029 3840 animorum

458 3885 603 3940 serpe
646 3883 910 3924 vexamur
953 3871 1178 3938 milites,
1215 3883 1269 3929 et
1296 3874 1667 3932 sollicitudine
1703 3876 1756 3930 in
1787 3875 2032 3934 diversas

460 3973 642 4034 partes
671 3965 1076 4022 distrahuntur.

530 4150 583 4207 5.
629 4149 934 4222 Unicuique
967 4152 1114 4209 enim
1162 4153 1415 4224 prudenti
1463 4155 1601 4222 viro,
1630 4166 1827 4227 praeter
1872 4173 2030 4212 suum

455 4243 640 4314 ipsius
677 4244 963 4314 damnum,
997 4245 1173 4302 dolori
1199 4254 1284 4303 est
1311 4249 1476 4303 etiam
1516 4248 1724 4304 inimici
1757 4251 2033 4321 prosper-iv

421 4340 423 4342 ’
460 4350 569 4393 tas.
608 4339 793 4408 Itaque
814 4356 938 4394 cum
971 4357 1130 4396 suum
1171 4340 1340 4411 ipsius
1367 4341 1627 4396 damnum
1653 4344 1830 4400 oculis
1857 4345 2036 4400 intue-

461 4445 571 4494 tur,
605 4433 688 4486 vel
719 4433 942 4488 omnino
987 4433 1129 4490 bello
1167 4433 1426 4501 abstinet,
1457 4434 1537 4490 vel
1569 4434 1636 4490 ad
1665 4436 2021 4506 pugnandum

461 4525 773 4596 inttgnidior
805 4528 886 4584 Iit.

534 4619 587 4671 4.
631 4619 904 4688 Imprimis
933 4627 1112 4676 autem
1145 4629 1478 4692 congregato
1517 4622 1703 4690 tuldo,
1735 4629 1790 4679 et
1814 4623 2038 4694 publico

458 4710 574 4778 jam
631 4712 823 4781 prmlio
874 4713 1227 4779 imminente,
1271 4714 1677 4770 multitudinem
1747 4715 2039 4785 palicario-

427 4819 613 4867 .l'lllll,
665 4804 716 4858 id
767 4814 872 4870 est,
915 4822 1103 4861 eorum
1170 4807 1262 4877 qni
1323 4807 1594 4878 praefectis
1656 4815 1709 4862 et
1770 4807 2038 4865 militibus

466 4913 691 4967 operam
721 4898 876 4966 dant,
907 4915 972 4955 eo
1001 4900 1271 4957 deducere
1317 4916 1425 4956 non
1469 4900 1722 4967 consulo,
1757 4916 1935 4972 neque
1978 4903 2030 4956 in

2129 3232 2265 3299 ζειν,
2315 3231 2412 3286 καὶ
2457 3231 2534 3303 μὴ
2577 3230 2653 3296 ὡς
2696 3228 2854 3300 ἔτυχε
2900 3227 3334 3299 καταλιμπάνειν
3388 3227 3541 3296 αὐτὸ,
3587 3226 3710 3284 ἀλλ’

2128 3323 2523 3396 ἀσφαλίζεσθαι
2558 3325 2690 3379 ὅπου
2722 3322 2788 3378 ἂν
2818 3323 3175 3394 καταλειφθῇ.

2203 3507 2269 3580 β’.
2286 3507 2442 3581 Μηδὲ
2469 3507 2631 3564 πάλιν
2678 3507 3030 3579 ἀπρονοήτως
3075 3507 3433 3579 ἐπιφέρεσθαι
3468 3505 3598 3559 αὐτὸ
3650 3507 3710 3559 ὲν

2130 3602 2196 3672 τῇ
2222 3599 2408 3672 μάχῃ·
2464 3599 2753 3670 συμϐαίνει
2803 3600 2911 3672 γὰρ
2961 3600 3058 3654 καὶ
3116 3599 3448 3670 παλλικάρια
3485 3596 3622 3652 εἶναι
3652 3600 3710 3651 ἐν

2130 3691 2281 3763 αὐτῷ
2302 3692 2547 3763 χρήσιμα
2576 3693 2692 3756 τοῖς
2726 3691 3111 3764 στρατιώταις,
3140 3695 3236 3746 καὶ
3296 3694 3484 3757 τέκνα,
3516 3691 3549 3763 ἢ
3582 3707 3712 3759 συγ-

2132 3787 2310 3854 γενεῖς
2346 3784 2547 3840 αὐτῶν.
2601 3785 2713 3840 Καὶ
2765 3786 2817 3839 εί
2869 3786 2943 3858 μὴ
2979 3788 3038 3841 ὲν
3099 3785 3371 3857 ἀσφαλείᾳ
3429 3786 3708 3855 τυγχάνει,

2142 3876 2222 3949 τῷ
2259 3876 2629 3949 περισπασμῷ
2679 3876 2845 3932 αὐτοῦ
2885 3879 2936 3931 οἱ
2998 3876 3328 3949 στρατιῶται
3373 3877 3712 3950 συνεχόμενοι

2133 3969 2424 4042 ἀμφίϐολοι
2468 3971 2562 4024 καὶ
2592 3969 2939 4042 μεριζόμενοι
2985 3970 3082 4034 τάς
3110 3969 3335 4042 γνώμας
3363 3970 3423 4024 ὲν
3453 3973 3569 4035 ταῖς
3604 3969 3712 4042 μά·-

2134 4079 2258 4133 χαις
2282 4063 2540 4130 γίνονται.

2210 4153 2280 4225 γ’.
2306 4156 2417 4210 Καὶ
2441 4158 2551 4228 γὰρ
2601 4156 2819 4229 ἑκάστῳ
2849 4156 3055 4230 συνετῷ
3105 4156 3262 4229 ἀνδρὶ
3317 4155 3524 4226 σπουδή
3575 4157 3711 4220 ἐστι,

2135 4250 2300 4322 χωρὶς
2356 4250 2491 4315 ἰδίας
2524 4249 2726 4322 βλάϐης
2754 4251 2822 4305 τὰ
2878 4250 2974 4306 τοῦ
3010 4249 3205 4323 ἐχθροῦ
3255 4251 3540 4322 κερδῆσαι.
3590 4249 3716 4301 Ἐάν

2135 4343 2190 4398 δὲ
2211 4344 2418 4398 οίκείαν
2441 4345 2708 4417 ὑφορᾶται
2740 4344 2966 4418 βλάϐην,
2993 4345 3026 4418 ἢ
3059 4345 3345 4416 ἀπέχεται,
3406 4375 3433 4416 η
3485 4341 3715 4415 ὀκνηρό·

2140 4453 2300 4510 τερος
2329 4437 2561 4506 γίνεται.

2211 4615 2274 4671 δ’.
2313 4617 2422 4671 Καὶ
2457 4615 2828 4688 πρωτοτύπως
2857 4615 2955 4686 μὲν
2987 4617 3426 4686 συνεπαγομένου
3448 4615 3543 4669 τοῦ
3565 4613 3718 4668 τούλ-

2137 4709 2250 4774 δου,
2277 4711 2368 4763 καὶ
2397 4709 2670 4780 συμϐολῆς
2696 4708 2962 4780 δημοσίας
2989 4708 3472 4780 προσδοκωμένης,
3513 4707 3714 4776 πλῆθος

2139 4802 2244 4856 τῶν
2266 4800 2573 4872 λεγομένων
2593 4803 2986 4873 παλλικαρίων,
3017 4802 3186 4872 ἡγουν
3225 4800 3331 4854 τῶν
3361 4800 3712 4854 δουλευόντων

2137 4897 2250 4960 τοῖς
2282 4911 2340 4948 τε
2363 4895 2588 4967 ἄρχουσι
2611 4895 2830 4958 καὶτοῖς
2857 4893 3244 4966 στρατιώταις,
3271 4893 3625 4964 ἐπιφέρεσθαι
3651 4893 3708 4946 οὗ

468 5006 568 5044 sua
611 5000 754 5044 terra
805 4990 944 5046 bello
987 5000 1326 5061 exspectato,
1371 5008 1549 5063 neque
1600 4993 1654 5048 in
1696 4994 1908 5061 aliena;
1947 5011 2022 5050 set

2145 4989 2604 5061 συμϐουλεύομεν,
2658 4986 2784 5043 οὔτε
2814 4990 2870 5043 ὲν
2904 4992 2967 5060 τῇ
3007 4989 3110 5060 ἰδίᾳ
3126 4991 3195 5059 γῇ
3223 4987 3380 5060 ἡμῶν
3408 4989 3506 5057 τῆς
3540 4987 3714 5059 μάχης

473 5084 631 5150 panici
661 5093 807 5152 sunt,
841 5083 985 5156 iique
1010 5094 1273 5156 quantum
1313 5085 1426 5141 lieri
1454 5093 1634 5155 potest
1664 5086 1891 5142 firmiter
1921 5104 2045 5143 mu-

468 5177 590 5231 ni:i.

639 5267 885 5324 Totidem
912 5277 1090 5325 autem
1125 5272 1382 5334 retineas,
1419 5281 1550 5342 quot
1575 5271 1642 5325 ad
1667 5272 1879 5343 singula
1917 5288 2045 5328 con-

2143 5081 2529 5152 ἐλπιζομένης,
2585 5079 2711 5134 οὔτε
2765 5083 2822 5134 ἐν
2877 5085 2944 5152 τῇ
3003 5081 3262 5153 ἀλλοτρίᾳ
3312 5080 3714 5152 ἐπερχομένων,

2144 5172 2280 5226 ἀλλὰ
2335 5174 2684 5245 συμμέτρους
2741 5168 2880 5227 εἶναι
2913 5173 3157 5238 καὶτοὺς
3190 5176 3248 5226 ἐν
3277 5175 3501 5244 δυνάμει
3534 5173 3714 5235 δντας.

2215 5263 2277 5318 ε’.
2302 5265 2600 5329 Τοσούτους
2627 5264 2707 5331 δὲ,
2732 5266 2899 5339 ἤγουν
2922 5268 3049 5331 τοὺς
3081 5266 3480 5338 ἐπαρκοῦντας,
3507 5264 3718 5319 κατὰτὸ

474 5361 724 5416 tubernia
774 5361 1209 5417 administranda
1268 5373 1323 5417 et
1372 5364 1618 5432 junn-nta
1691 5364 2027 5433 gubernand:

2147 5358 2532 5430 κοντουϐέρνια
2561 5360 2902 5431 ἀντέχεσθαι,
2937 5362 3029 5414 καὶ
3062 5363 3282 5416 διοικεῖν
3325 5361 3394 5414 τὰ
3417 5359 3587 5428 ἀλογα
3617 5357 3714 5411 αὑ·-

472 5456 609 5510 satis
644 5456 780 5513 sint.
824 5456 880 5510 Id
933 5457 1023 5511 tiet
1059 5467 1170 5510 lttttt
1223 5455 1290 5509 ad
1333 5457 1648 5511 varietatem
1693 5457 1909 5510 illorum
1949 5473 2046 5511 co-

473 5549 869 5618 gnoscendam,
909 5557 1021 5603 tum
1053 5547 1122 5603 ad
1163 5547 1405 5603 acierum
1431 5546 1700 5601 rationem
1741 5545 2048 5617 percipien-

2150 5452 2258 5506 τῶν
2288 5453 2423 5524 πρὸς
2443 5452 2539 5524 τὴν
2563 5453 2825 5533 διαφορὰν
2851 5458 2946 5511 καὶ
2961 5455 3063 5527 τὴν
3093 5455 3355 5526 ποιότητα
3377 5455 3472 5509 καὶ
3496 5452 3720 5521 διάγνω-

2153 5562 2238 5601 σιν
2263 5546 2371 5602 τῶν
2389 5548 2709 5621 ταγμάτων,
2739 5547 2857 5622 ἦτοι
2881 5550 2942 5605 τὸ
2973 5549 3178 5619 πλῆθος
3223 5550 3332 5608 τῶν
3370 5547 3581 5616 ἀλόγων
3601 5561 3614 5576 ·
3637 5541 3720 5600 διὰ

1980 5657 2215 5717 ΝΟΤἉΕ.

551 5753 662 5824 (58)
698 5755 828 5820 ταῖς
881 5753 1151 5821 δασείαις
1211 5755 1403 5819 ὕλαις.
1446 5753 1828 5824 Scribebatur,
1868 5752 2027 5816 ταῖςί

2142 5769 2168 5806 ν
2204 5751 2379 5818 ῢλαις.

553 5822 664 5898 (59)
698 5825 773 5894 TI]
805 5826 1076 5896 συνήθει.
1101 5827 1476 5895 Scribi-batur,
1508 5829 1572 5897 τῇ
1613 5822 1887 5897 συνηθείᾳ.
