4020 6312
516 304 622 371 ’ἶ91
1773 305 1965 366 LEON
1981 307 2047 366 lS
2085 306 2158 368 PI

2182 361 2183 364 η
2197 308 2542 371 ILOSOPHI
3663 353 3677 373 ο
3692 314 3763 376 δὲ

518 420 756 476 volueris
795 419 936 485 loco,
973 427 1028 474 ct
1081 417 1308 486 fossato,
1351 418 1570 490 quando
1614 417 1679 474 ad
1724 415 2085 490 proeliandum
2117 423 2156 478 Α

2189 418 2317 490 δόξῃ
2342 419 2589 488 γίνεσθαι
2615 419 2786 492 τόπῳ,
2814 418 2902 473 ὅτε
2931 418 3067 491 πρὸς
3092 419 3192 494 τὴν
3212 422 3320 478 τῶν
3343 423 3557 497 ἐχθρῶν
3579 426 3768 498 μάχην

515 533 640 569 cum
671 515 921 570 hostibus
953 514 1312 570 contendunt.

2187 514 2615 583 ἀποκινήσωσιν.

590 609 674 664 M’.
718 607 1005 664 Fossatum
1041 608 1119 664 vel
1155 607 1426 679 lapidum,
1461 611 1542 663 vel
1587 611 1818 666 laterum
1859 624 2075 683 aggere,

2261 605 2344 660 ιδ’.
2373 605 2544 660 Τοῦτο
2575 606 2633 660 δέ
2654 603 2718 662 τὸ
2747 605 3015 676 φοσσάτον
3043 607 3078 680 ἢ
3111 607 3221 663 ἀπὺ
3243 609 3534 682 οἰκοδομῆς
3571 609 3762 672 λίθων,

513 701 676 754 etiam
710 699 951 765 munias,
981 713 1296 769 quanquam
1328 697 1396 752 ad
1426 715 1594 754 unum
1626 699 1804 756 solum
1832 700 1974 757 diem
2004 697 2080 754 ibi

2183 697 2218 770 ἢ
2259 697 2518 766 πλίνθων,
2544 697 2844 771 ὀχυρῶσαι,
2875 698 2978 754 κᾶν
3018 699 3156 771 πρὸς
3191 700 3319 774 μίαν
3341 702 3552 774 ἡμέραν
3575 701 3765 775 συμϐῇ

513 799 950 845 commoraturus
979 805 1060 845 es.

2187 790 2370 863 μένειν
2404 792 2607 848 ἐκεῖσε.

589 882 670 936 15.
715 879 1157 952 Unumquodque
1186 882 1451 949 bandum,
1509 883 1562 937 id
1605 891 1711 950 est,
1745 883 1968 951 cohors,
2005 883 2084 940 fe-

2253 881 2335 938 ιε’.
2370 884 2640 938 Ἕκαστον
2673 883 2730 938 δὲ
2760 882 2950 955 βάνδον
2967 883 3322 939 ἀποτίθεσθαι
3344 883 3534 962 χόρτον
3562 885 3596 956 ἢ
3619 885 3764 956 ἄχυ-

514 991 643 1028 num
694 987 788 1030 aut
818 974 1003 1045 paleas
1035 974 1199 1032 unius
1223 974 1330 1031 diei
1360 990 1544 1031 secum
1573 975 1987 1042 circumferant,
2020 987 2082 1033 ut

2187 991 2280 1048 ρον
2309 975 2437 1046 μιᾶς
2457 973 2694 1048 ἡμέρας,
2722 975 2810 1031 ῖνα
2836 975 2950 1044 ἐὰν,
2985 977 3063 1042 ὼς
3093 976 3265 1041 εἰκὸς,
3287 976 3549 1042 ἐναντίως
3567 979 3637 1034 τὰ
3660 978 3764 1033 τοῦ

512 1071 582 1136 si,
625 1069 769 1139 quod
818 1084 922 1124 usu
966 1069 1153 1123 venire
1195 1077 1409 1138 petest,
1453 1068 1630 1139 aliqua
1671 1068 1904 1127 offensio
1949 1069 2077 1126 belli

2186 1066 2427 1136 πολέμου
2459 1067 2671 1140 ἐξέλθῃ,
2726 1069 2786 1122 ἐν
2838 1066 2917 1140 τῷ
2967 1069 3333 1139 ὑποστρέφειν
3374 1068 3467 1123 τὸν
3527 1071 3766 1142 στρατὸν

511 1160 816 1231 contingat,
846 1159 891 1213 si
923 1158 1006 1214 vel
1045 1158 1116 1213 ibi
1157 1165 1531 1228 permaneant,
1563 1158 1760 1213 habeat
1789 1167 1967 1214 tamen
1988 1158 2083 1230 ju-

2187 1164 2326 1234 μετᾶ
2355 1163 2591 1235 σπουδῆς
2620 1164 2678 1218 ἐν
2692 1160 2894 1235 αύτῷἣ
2925 1165 3106 1236 μεῖναι
3129 1165 3188 1219 ἐν
3209 1162 3356 1235 αὐτῷ
3380 1163 3459 1236 τῷ
3481 1164 3767 1236 φοσσάτῳ,

513 1252 711 1306 mentis
756 1249 872 1306 suis
926 1249 1094 1304 unius
1143 1249 1250 1304 diei
1294 1248 1575 1320 pabulum,
1618 1264 1798 1321 neque
1826 1249 1880 1304 in
1930 1258 2084 1305 tanto

2182 1255 2328 1326 ἐχειν
2359 1255 2457 1325 τὴν
2486 1255 2594 1310 τῶν
2635 1255 2849 1325 ἀλόγων
2884 1258 3200 1328 ἀποτροφὴν
3232 1259 3363 1329 μιᾶς
3400 1257 3637 1330 ἡμέρας.
3665 1258 3768 1314 καὶ

511 1343 636 1400 belli
674 1342 871 1397 ardore
902 1340 985 1397 vel
1029 1342 1096 1396 ad
1136 1341 1439 1410 pastionem
1492 1341 1593 1406 ire,
1644 1342 1729 1397 vel
1777 1340 1962 1397 fenum
1996 1356 2084 1398 se-

2185 1346 2261 1417 μὴ
2279 1345 2685 1416 ἀναγκάζεσθαι
2737 1347 2796 1401 ἐν
2827 1346 3056 1419 τοιούτῳ
3108 1347 3389 1420 θορύσῳῆ
3441 1347 3683 1418 βόσκειν,
3725 1349 3763 1420 ἦ

511 1451 657 1503 care,
687 1435 889 1506 quibus
930 1434 1097 1490 rebus
1133 1434 1252 1489 dei
1295 1434 1364 1489 ab
1405 1433 1662 1490 hostibus
1709 1444 1965 1505 possent,
1997 1434 2079 1490 vel

2183 1439 2525 1511 χορτολογεῖν
2551 1441 2723 1494 ποιεῖν
2743 1439 2879 1511 (69),
2907 1440 3002 1494 καὶ
3023 1440 3355 1512 βλάπτεσθαι
3381 1443 3617 1514 ἑτοίμως
3654 1444 3765 1497 ὑπὸ

511 1529 696 1601 vagari
731 1539 784 1585 et
807 1529 1243 1584 circumcursare
1262 1527 1328 1583 ad
1348 1527 1604 1598 pabulum
1625 1528 2078 1598 comparandum,

2182 1534 2289 1586 τῶν
2329 1531 2562 1604 ἐχθρῶν,
2588 1532 2620 1604 ἢ
2661 1533 2917 1605 γυρεύειν
2947 1534 3234 1607 ἐγχωρίοις
3261 1535 3348 1589 διὰ
3375 1535 3623 1599 δαπάνας
3650 1535 3764 1588 τῶν

511 1622 760 1680 hostibus
786 1624 897 1693 jam
938 1621 1370 1684 imminentibus,
1400 1620 1483 1675 vel
1516 1618 1807 1675 discedere
1852 1618 1990 1688 jam,
2026 1617 2080 1671 in

2184 1624 2394 1695 ἐχθρῶν
2437 1626 2818 1697 ἐπικειμένων,
2873 1625 2906 1697 ἢ
2967 1627 3059 1681 καὶ
3103 1626 3405 1699 ¹παρελθεῖν
3449 1627 3507 1680 ἐν
3535 1625 3764 1698 τοιαύτῃ

510 1725 662 1772 tanta
703 1713 987 1770 hominum
1036 1712 1522 1783 jumentorumque
1551 1710 1693 1766 fatue
1739 1717 1791 1766 et
1832 1707 2078 1772 miseria,
2106 1776 2152 1790 ἢ

2184 1718 2361 1789 ἐνδείᾳ
2394 1717 2575 1773 αὐτῶν
2606 1736 2662 1773 τε
2688 1719 2779 1772 καὶ
2801 1719 2911 1772 τῶν
2943 1718 3172 1789 ἀλόγων,
3202 1719 3296 1772 καὶ
3319 1718 3630 1790 ἐκλυθῆναι.

509 1817 674 1882 atque
700 1808 838 1863 adeo
861 1805 1087 1862 interire
1115 1815 1404 1877 cogantur.
2106 1776 2158 1836 Β

583 1903 675 1960 16.
717 1901 776 1957 Si
828 1901 1075 1958 discedat
1108 1898 1384 1954 exercitus
1430 1907 1557 1952 tuus
1584 1937 1599 1962 ,
1646 1896 1963 1969 nulliusque
2003 1899 2080 1955 rei

2259 1902 2354 1961 ις’.
2395 1895 2457 1950 El
2498 1894 2555 1950 δέ
2617 1893 2726 1969 ἄρα
2755 1895 2851 1950 καὶ
2895 1894 3286 1968 παρόρχονται,
3313 1895 3408 1951 καὶ
3437 1895 3538 1952 οὐκ
3577 1892 3766 1967 ἔχουσί

511 1999 772 2069 indigeat,
813 2011 1012 2052 exures
1092 1994 1277 2050 fenum
1336 2007 1640 2064 omnesque
1689 1992 1875 2065 fruges
1922 2009 2084 2065 agro-

2184 2007 2331 2053 τινος
2361 1988 2570 2061 χρείαν,
2605 1987 2891 2060 ἁφορίσεις
2911 1989 3064 2053 τινὰς
3092 1989 3233 2044 ὥστε
3265 1988 3446 2044 καίειν
3494 1988 3587 2043 τὸν
3624 1988 3762 2060 χόρο

513 2106 663 2156 rum,
697 2101 749 2144 et
778 2090 857 2144 sic
890 2087 1278 2158 proﬁcisceris,
1316 2086 1536 2157 propter
1577 2085 1799 2152 hostes,
1830 2085 1924 2157 qui
1958 2095 2081 2158 post

2187 2099 2280 2135 τον
2317 2082 2412 2136 καὶ
2433 2080 2607 2146 οὕτως
2637 2081 2731 2135 ἐπὶ
2760 2080 2830 2135 τὰ
2851 2079 3161 2153 ἔμπροσθεν
3199 2082 3621 2154 περιπατεῖνδιὰ
3635 2081 3761 2144 τοὺς

510 2190 564 2237 te
598 2179 813 2237 venturi
846 2181 1132 2235 timentur.

2189 2175 2574 2246 ἐλπιζομένους
2600 2173 2776 2229 ὀπίσω
2798 2174 3128 2246 ἐπέρχεσθαι
3157 2173 3480 2247 πολεμίους.

585 2275 676 2330 17.
712 2272 766 2330 Ιιι
795 2273 944 2329 omni
986 2272 1200 2337 itinere,
1235 2271 1487 2328 hostibus
1538 2270 1978 2337 imminentibus,
2022 2271 2078 2327 in

2262 2264 2347 2332 ιζ’.
2388 2263 2474 2320 Ἐν
2509 2266 2565 2320 δέ
2596 2268 2714 2331 ταῖς
2762 2265 3096 2339 ὁδοιπορίαις
3121 2264 3400 2337 πολεμίων
3431 2266 3762 2338 ἐγγιζόντων

510 2369 690 2426 medio
735 2365 1014 2425 exercitus
1055 2365 1132 2421 tui
1174 2365 1382 2420 tuldum
1431 2363 1670 2430 habeas,
1704 2380 1772 2419 ne
1813 2364 1857 2420 si
1894 2364 2080 2435 aliquo

2185 2359 2480 2427 ἀναγκαῖόν
2511 2359 2659 2411 ἐστιν
2689 2357 2776 2410 ἀεὶ
2812 2358 2976 2428 μέσον
2997 2356 3144 2428 ἔχειν
3170 2356 3231 2412 τὺ
3268 2355 3510 2426 τοῦλδον,
3556 2356 3647 2412 ἵνα
3688 2355 3763 2428 μὴ

511 2459 858 2532 rejiciuntur,
892 2456 961 2511 ab
995 2456 1246 2513 hostibus
1272 2455 1621 2511 invadantur.

2186 2451 2494 2522 ἀφύλακτον
2523 2450 2582 2503 δν
2611 2448 3007 2523 ἐπηρεάζηται.
3135 2441 3138 2444 ’

582 2552 671 2608 18.
711 2552 770 2607 In
802 2549 1020 2620 itinere,
1052 2548 1513 2620 quemadmodum
1545 2562 1714 2619 supra
1751 2546 2084 2618 praescripsi-

2259 2548 2347 2614 iq'.
2379 2541 2492 2605 Τὰς
2521 2541 2576 2595 δέ
2608 2541 2944 2611 ὁδοιπορίας,
2968 2542 3045 2606 ὼς
3084 2539 3185 2613 ἤδη
3217 2541 3314 2595 καὶ
3349 2541 3462 2598 ἄνω
3483 2559 3587 2596 που
3608 2544 3758 2597 εῖπο-

507 2660 652 2710 mus,
682 2658 793 2699 non
843 2640 1074 2697 confuse
1126 2640 1329 2697 milites
1374 2649 1431 2696 et
1468 2640 1729 2710 permiste
1771 2654 1896 2693 cum
1933 2639 2085 2694 tuldo

2187 2649 2307 2704 μεν,
2344 2631 2419 2704 μὴ
2457 2633 2729 2687 ποιεῖσθαι
2755 2632 3103 2704 μεμιγμένας
3154 2634 3294 2706 μετὰ
3345 2633 3591 2700 τούλδου,
3625 2634 3763 2687 ἀλλὰ

518 2737 821 2802 ambulent,
848 2735 943 2792 sed
983 2733 1237 2790 distincte
1266 2741 1320 2789 et
1371 2732 1694 2803 separatim,
1723 2741 1783 2788 ut
1822 2740 1944 2803 post
1969 2739 2086 2787 tur-

2182 2726 2607 2796 διακεκριμένας
2667 2727 2763 2779 καὶ
2823 2727 3260 2798 κεχωρισμένας,
3309 2726 3450 2781 ὥστε
3506 2727 3654 2793 ίδίως
3701 2728 3764 2781 τδ

513 2844 659 2884 mam
712 2843 868 2884 suam
921 2827 1133 2881 tuldum
1184 2840 1310 2880 eum
1343 2825 1475 2880 viris
1522 2823 1590 2879 ad
1637 2824 1689 2879 id
1746 2824 2082 2891 eonsritutis,

2182 2817 2399 2873 τοῦλδον
2445 2816 2672 2872 ὄπισθεν
2722 2816 2817 2870 τοῦ
2850 2818 2983 2874 ἰδίου
3034 2819 3236 2890 μέρους
3275 2819 3610 2891 ὁδοιπορεῖν,
3669 2823 3762 2874 καὶ

507 2937 647 2995 quos
685 2921 957 2992 euplictos
989 2918 1298 2983 nominant,
1332 2919 1564 2974 seorsim
1601 2916 1887 2988 procedat.

2188 2911 2332 2973 ίδίως
2359 2912 2696 2981 στρατιώτας
2719 2909 3078 2981 εὐπλήκτους.

577 3013 668 3069 19.
714 3011 924 3069 Habeat
957 3020 1136 3066 autem
1184 3010 1417 3076 tuldum,
1446 3009 1903 3080 quemadmodum
1957 3022 2082 3066 ante

2261 3002 2346 3058 ιϐ’.
2395 3003 2508 3057 ’Διὶ
2531 3003 2587 3057 δέ
2621 3003 2682 3058 τὸ
2702 3002 2944 3069 τοῦλδον,
2967 3005 3043 3068 ὡς
3073 3004 3288 3076 εἴρηται
3315 3006 3447 3077 ἡμῖν
3479 3005 3760 3075 ἀνωτέρω,

505 3105 971 3169 memoravimus,
1007 3112 1322 3175 separatum
1357 3101 1592 3172 aliquem
1621 3102 1958 3173 praelectum,
1988 3101 2080 3173 qui
2107 3135 2150 3194 ο

2185 3095 2279 3150 καὶ
2319 3096 2564 3168 ἡγεμόνα
2618 3095 2764 3166 ἔχειν
2825 3094 2976 3160 ἴδιον,
3025 3095 3164 3149 ὥστε
3184 3096 3314 3150 αὐτὸ
3364 3100 3459 3150 καὶ
3488 3097 3759 3164 διατάξαι,

505 3197 828 3254 universum
879 3195 1014 3252 illud
1089 3194 1353 3265 gubernet
1399 3203 1453 3250 et
1505 3194 1704 3266 dirigat
1763 3197 1817 3250 in
1887 3209 2078 3251 onmes
2112 3187 2150 3194 “

2183 3190 2275 3243 καὶ
2298 3187 2623 3254 διευθύνειν,
2653 3188 2750 3242 καὶ
2777 3189 2933 3258 ἄγειν
2962 3189 3124 3245 αὐτὸν
3139 3188 3377 3262 οὓτως,ἢ
3405 3191 3510 3261 πρὸ
3539 3190 3637 3258 τῆς
3662 3207 3763 3243 πα»

505 3303 730 3362 partes;
776 3297 904 3343 ante
954 3287 1275 3342 universum
1322 3286 1650 3353 exercitum,
1696 3288 1746 3340 si
1783 3302 1848 3342 ex
1892 3287 2077 3343 hostili

2182 3282 2477 3355 ρατάξεως,
2507 3282 2600 3334 ἐὰν
2626 3284 2689 3337 ἐκ
2723 3281 2988 3354 πολεμίας
3013 3285 3116 3354 γῆς
3153 3284 3500 3357 ὑποστρέφῃς
3520 3300 3537 3316 ·
3587 3283 3762 3338 ὀπίσω

506 3395 653 3439 terra
705 3381 981 3448 discedis;
1015 3390 1138 3452 post
1167 3379 1455 3436 universas
1499 3380 1716 3452 cepias,
1749 3381 1792 3435 si
1829 3381 2080 3436 hostilem

2182 3375 2236 3433 δὲ
2264 3376 2361 3451 τῆς
2380 3377 2755 3450 παρατάξεως,
2787 3378 2885 3431 ἐὰν
2908 3378 2990 3443 εἰς
3024 3377 3292 3450 πολεμίαν
3316 3378 3423 3451 γῆν
3454 3379 3751 3451 ἐμϐάλλῃς,

505 3477 784 3547 regionem
819 3473 1072 3540 invadis;
1108 3473 1235 3530 hinc
1272 3480 1367 3526 aut
1394 3473 1574 3539 illinc,
1612 3471 1658 3527 si
1688 3473 1847 3528 alicui
1885 3489 1914 3528 ο
1950 3472 2084 3527 late-

2182 3468 2336 3524 ἐνθεν
2356 3468 2470 3542 δέἣ
2506 3470 2736 3534 ἐκεῖθεν,
2762 3471 2856 3524 ἐὰν
2885 3471 2955 3525 τὰ
2993 3470 3200 3540 πλάγια
3247 3471 3349 3543 τῆς
3398 3472 3757 3544 παρατάξεως

506 3570 662 3625 ribus
708 3568 906 3634 times;
951 3567 1006 3621 in
1059 3567 1260 3632 medio,
1321 3568 1370 3621 si
1429 3567 1610 3621 omnia
1655 3566 1751 3620 tibi
1796 3581 1951 3636 alque
1997 3582 2082 3622 sn-

2185 3562 2520 3632 φοϐούμενος
2567 3563 2799 3637 πορεύῃ,
2833 3565 2985 3630 ἐντὸς
3019 3565 3076 3619 δέ
3101 3565 3202 3637 τῆς
3231 3565 3532 3636 φάλαγγος,
3573 3568 3665 3621 ἐὰν
3689 3569 3757 3620 τὰ

508 3673 695 3734 specta
728 3663 862 3716 sint.
907 3660 1086 3731 Atque
1120 3659 1238 3715 hanc
1269 3657 1336 3715 de
1368 3660 1540 3723 tuldo,
1574 3661 1688 3716 sive
1720 3659 2081 3730 impedimen-

2182 3654 2517 3726 πανταχόθεν
2539 3654 2755 3710 ὖποπτα
2779 3656 2929 3729 ἔχῃς.
2957 3657 3204 3712 Τοσαῦτα
3237 3659 3336 3730 μὲν
3367 3655 3460 3714 οὖν
3492 3661 3584 3713 καὶ¹
3628 3661 3765 3730 περὶ

509 3759 602 3823 tis,
637 3755 828 3828 paucis
857 3755 951 3810 tibi
982 3753 1402 3824 explicavimus,
1429 3753 1542 3808 sive
1571 3755 1627 3808 in
1655 3754 1908 3808 curribus
1939 3754 2083 3808 inter

2182 3745 2274 3801 τοῦ
2304 3746 2524 3801 τούλδου
2567 3747 2653 3803 διὰ
2688 3747 2936 3821 βραχέων
2972 3769 3053 3804 σοι
3073 3751 3444 3824 διεξήλθομεν,
3479 3749 3524 3808 ὦ
3556 3771 3752 3824 στρατ-

507 3851 738 3921 pedites,
772 3850 888 3903 sive
930 3847 985 3902 in
1017 3845 1288 3913 sarciniis
1315 3845 1459 3901 inter
1492 3845 1726 3917 equites,
1748 3845 1865 3901 sive
1898 3846 2080 3917 aliqua

2182 3840 2304 3911 ηγέ,
2365 3841 2474 3896 είτε
2529 3845 2586 3895 ἐν
2623 3843 2857 3912 ἁμάξαις
2886 3845 3025 3914 μετὰ
3061 3845 3284 3909 πεζικοῦ
3334 3848 3590 3916 στρατοῦ,
3647 3849 3753 3901 εἴτε

505 3942 766 4014 quapiam
793 3938 1197 4013 pru‘paratioue
1224 3939 1280 3994 in
1316 3939 1579 4011 permista
1617 3939 1802 4003 turba,
1830 3949 1888 3995 ut
1929 3938 2079 3993 nulla

2182 3932 2242 3985 ἐν
2281 3932 2608 4005 σαγμαρίοις
2651 3935 2785 4004 μετὰ
2820 3934 3222 4007 καϐαλλαρίων,
3266 3937 3377 3990 εῖτε
3427 3937 3592 4008 ἄλλης
3621 3940 3763 3992 ἀποι

506 4055 571 4095 ex
605 4049 779 4111 parte,
815 4037 995 4109 quoad
1039 4036 1158 4107 ejus
1198 4037 1315 4092 tieri
1356 4036 1555 4108 potuit,
1590 4033 1796 4106 aliquid
1838 4035 2076 4091 abesset.

2185 4022 2388 4092 σκευῆς
2420 4024 2676 4096 τοιαύτης
2709 4027 2847 4098 μετὰ
2866 4029 3199 4099 συμμίκτου,
3227 4027 3302 4093 ὡς
3331 4028 3399 4082 ἂν
3447 4030 3509 4084 ἐν
3546 4030 3761 4102 μηδενὶ,

505 4130 694 4188 Restat
732 4131 886 4202 jam,
918 4140 978 4185 ιιι
1023 4130 1091 4185 de
1136 4129 1492 4200 aplietornm,
1532 4127 1586 4184 id
1627 4137 1731 4197 est,
1768 4137 2074 4185 castrorum

2185 4116 2309 4171 ὅσον
2356 4118 2474 4170 ἐστὶ
2515 4118 2577 4170 τὸ
2599 4118 2822 4173 δυνατὸν
2864 4121 3015 4192 ἡμῖν,
3057 4120 3277 4194 ἐλλείπῃ
3299 4139 3380 4176 σοι
3402 4125 3680 4194 κεφαλαίῳ
3718 4128 3753 4194 ἡ

505 4225 682 4283 forma
711 4225 1085 4297 disputemus.

2185 4209 2435 4280 ἡμετέρα
2492 4209 2919 4281 παρακέλευσις.
2965 4212 3254 4285 Ἐχόμενον
3301 4214 3358 4268 δὲ
3411 4215 3615 4270 τούτων
3660 4219 3753 4270 καὶ

2182 4301 2248 4356 τὰ
2297 4306 2427 4370 περὶ
2460 4303 2570 4357 τῶν
2619 4304 2930 4376 λεγομένων
2957 4306 3233 4362 ἀπλίκτων
3259 4309 3751 4383 διασαφήσομενιτῇ

2183 4396 2250 4467 σῇ
2283 4393 2604 4467 meamet.

998 4487 1219 4546 CONS'I
1229 4489 1466 4547 lTUTlO
1500 4489 1596 4547 XI.
2108 4497 2158 4558 υ

2753 4493 3066 4547 ΔΙΑΤΔΞΙΣ
3087 4492 3193 4549 IA'.

856 4583 935 4639 De
981 4584 1216 4654 aptictia,
1266 4585 1321 4638 id
1365 4595 1442 4639 est
1494 4585 1717 4640 castris.

2717 4587 2856 4654 Περί
2881 4587 3214 4642 ἁπλίκτων.

579 4682 630 4734 l.
678 4679 890 4749 Aplicta
939 4678 1126 4750 igitur,
1159 4677 1275 4734 sive
1314 4676 1582 4732 fossatum
1616 4680 1762 4750 (nam
1809 4678 2071 4748 aplictum

2253 4673 2324 4730 α’.
2355 4675 2445 4729 Δεῖ
2465 4671 2558 4731 οὖν
2584 4675 2654 4731 τὰ
2677 4676 2935 4744 ἀπλικτα,
2971 4679 3088 4749 ἦτοι
3119 4681 3185 4732 τὰ
3228 4681 3470 4749 φοσσάτα
3525 4681 3746 4753 (κυρίως

504 4775 721 4844 pt‘ttpt'ic
751 4771 1017 4828 tossatum
1052 4772 1223 4826 totius
1256 4773 1532 4826 exercitus
1564 4772 1670 4844 εει)
1693 4773 1871 4828 valide
1897 4788 2073 4842 quan--

2182 4766 2290 4842 γὰρ
2319 4769 2586 4839 φοσσάτον
2615 4771 2675 4823 τὸ
2711 4770 2974 4824 ἂπλικτον
3003 4772 3095 4824 τοῦ
3135 4773 3255 4827 ὅλου
3291 4773 3523 4846 στρατοῦ
3571 4776 3748 4828 καλεῖς

503 4881 613 4919 ιιιιιι
653 4873 806 4932 potes
848 4862 1086 4920 munies.
1127 4861 1186 4915 Si
1235 4861 1289 4915 in
1340 4861 1476 4916 locis
1518 4863 1782 4933 Spatiosis
1827 4863 2078 4934 laxisque

2182 4868 2318 4934 ται),
2355 4866 2527 4922 ταῦτα
2559 4865 2652 4921 οὖν
2681 4865 2937 4935 ἀσφαλῶς
2963 4884 3022 4919 σε
3050 4871 3241 4923 ποιεῖν.
3279 4870 3451 4951 Kcin}
3494 4871 3593 4941 μέν
3641 4871 3745 4940 (70)

499 4959 785 5015 commode
819 4971 999 5014 eastra
1052 4972 1257 5028 ponere
1300 4956 1566 5029 potueris,
1622 4957 1694 5012 ita
1741 4957 1911 5012 facias
1941 4977 1955 5012 :
1988 4960 2074 5014 sin

2182 4959 2476 5031 ἐνδέχεται,
2523 4959 2602 5023 είς
2631 4960 2988 5030 ἁραιοτέρους
3024 4961 3221 5026 τόπους
3275 4963 3648 5037 κατασκηνοῦν
3680 4965 3746 5019 τὰ

499 5054 706 5119 minus,
752 5069 858 5108 non
909 5052 1269 5124 negligenter,
1307 5052 1401 5108 sed
1448 5051 1640 5108 sedulo
1668 5061 1722 5108 et
1763 5053 1994 5108 ﬁrmiter
2019 5063 2074 5107 et

2182 5051 2584 5123 στρατιωτικὰ,
2639 5055 2688 5105 εί
2739 5053 2795 5106 δὲ
2827 5055 2885 5106 οὐ
2937 5055 3076 5108 κατὰ
3118 5056 3315 5122 πάντα,
3372 5057 3448 5127 μὴ
3505 5059 3741 5127 ἀμελῶς,

498 5146 670 5199 dense
700 5152 879 5198 castra
907 5159 1096 5216 pones.
1140 5144 1230 5199 llla
1276 5152 1463 5200 autem
1507 5147 1628 5202 loca
1677 5145 1730 5202 in
1766 5146 1958 5218 primis
1987 5145 2074 5204 [u-

2182 5143 2316 5196 ma
2340 5143 2616 5213 σφιγκτῶς
2649 5146 2742 5199 καὶ
2763 5147 2972 5216 όχυρῶς
2994 5147 3328 5215 ἁπλικεύειν,
3347 5151 3442 5203 καὶ
3501 5149 3742 5220 ἀποφεύο

496 5239 631 5308 gics,
659 5255 781 5310 quae
806 5240 1009 5311 aliquid
1050 5256 1214 5310 prope
1245 5241 1444 5297 celsius
1501 5257 1564 5297 ac
1617 5244 2072 5301 eminentius'ha-

2182 5253 2294 5304 γειν
2323 5240 2447 5302 τοὺς
2477 5237 2674 5302 τόπους
2697 5239 2814 5310 (7i)
2843 5239 3081 5304 ἐκείνους
3104 5241 3217 5294 ὅσοι
3272 5241 3486 5312 ἔχουσιν
3532 5245 3598 5296 ἐκ
3648 5241 3737 5295 τοῦ

496 5332 644 5396 bent,
684 5347 752 5386 ne
784 5331 917 5385 illud
977 5332 1189 5389 inimici
1236 5344 1399 5389 noctu
1437 5341 1492 5389 et
1543 5335 1830 5390 confertim
1873 5338 2069 5394 antici-

2182 5330 2408 5401 πλησίον
2435 5331 2797 5403 ὑψηλοτέρους
2814 5332 3012 5402 αὐτῶν,
3044 5333 3130 5387 ἴνα
3166 5333 3242 5406 μὴ
3284 5335 3527 5399 ἐκείνους
3571 5339 3618 5390 οἱ
3648 5337 3738 5406 ἐχ‹

497 5434 710 5494 pantcs,
747 5425 916 5482 multa
947 5426 1087 5483 mala
1124 5427 1277 5482 vobis
1309 5442 1374 5482 ex
1405 5442 1469 5482 eo
1499 5426 1618 5484 loco
1650 5427 1903 5484 inferant.

2182 5424 2290 5494 lpo‘t
2349 5425 2544 5496 ἁθρόον
2574 5426 2606 5496 ἢ
2649 5430 2704 5479 ἐν
2733 5429 2887 5480 νυκτὶ
2916 5426 3417 5500 προκαταλαϐόντες
3450 5430 3594 5484 κακά
3622 5445 3736 5484 τινα

2171 5518 2484 5589 διαθήσουσι
2516 5519 2592 5591 τῷ
2635 5523 2902 5592 ιξοσσάτῳ.

1944 5628 2148 5685 ἉΟΤίΕ

586 5720 674 5788 G9)
709 5722 785 5776 ’³11
815 5723 1196 5793 κυματωγήν
1237 5722 1447 5780 ποιεῖν.
1497 5724 1706 5788 Scribe,
1738 5726 1768 5796 ἢ
1815 5729 2035 5798 [rma-)0

2247 5729 2356 5805 (70)
2385 5731 2496 5805 Ῑίοὶ
2522 5733 2556 5800 ἡ
2585 5732 2720 5800 μέν.
2759 5732 2967 5796 Scribe,
3002 5733 3092 5786 καὶ
3118 5734 3166 5787 εἰ
3199 5749 3319 5805 μεν.

491 5789 676 5862 mm.
816 5789 898 5792 "
1078 5789 1087 5793 ’

2238 5789 2351 5869 (“lli
2383 5789 2791 5868 Τοὺς-’τξῖπουικ
2823 5789 3348 5876 Ξ(·Γίίιρὶιῃῑυῐ’,’τοῦς
3382 5803 3606 5873 τύπους.
