4078 6306
362 362 477 428 793

1509 364 1842 430 TACTICA.
1870 392 1941 404 -·
1972 368 2481 432 CONSTITUTIO
2504 370 2612 433 XI.

3555 369 3661 462 794

442 474 510 547 β’.
544 476 715 533 Ὅταν
762 476 944 536 τοίνυν
978 479 1034 536 ὲν
1077 483 1143 552 τῇ
1193 481 1298 535 τῶν
1343 483 1554 553 ἐχθρῶν
1595 483 1760 558 χώρᾳ
1796 503 1957 559 στρα-

2141 489 2196 544 2.
2239 488 2472 555 Quando
2494 489 2682 544 hostili
2712 489 2765 542 in
2788 498 2933 543 terra
2958 498 3140 544 castra
3167 485 3347 559 ponis,
3373 488 3661 548 circumda

365 570 634 643 τοπεδεύῃ
649 590 692 640 ς,
727 572 1060 645 περιϐάλλου
1088 574 1294 646 τάφρον
1335 574 1558 646 βαθεῖαν
1584 578 1719 650 (72),
1753 578 1856 632 κᾶν
1884 580 1965 643 είς

370 664 503 736 μίαν
526 665 715 747 μόνην,
755 665 830 732 ὡς
854 669 1094 739 εἴρηται,
1130 669 1346 740 ἡμέραν
1379 670 1582 743 μέλλῃς
1623 671 1962 726 ἀπλικεύειν.

379 758 777 832 Ἀμετανόητος
843 761 953 832 γάρ
1002 762 1034 833 ἠ
1088 762 1312 834 τοιαύτη
1391 765 1806 834 στρατοπεδεία,
1872 767 1966 820 καὶ

365 852 640 924 ἀσφαλὴς,
707 852 796 909 διά
848 854 948 919 τάς
998 854 1298 925 αἰφνιδίους
1366 857 1458 909 καὶ
1519 857 1786 929 άοράτους
1841 857 1965 912 ἑπι-

365 945 565 1012 σουλάς
609 945 742 1019 (75).
819 948 1204 1020 Καταστησεις
1261 948 1317 1002 δὲ
1376 949 1469 1003 καὶ
1526 950 1792 1020 φύλακας,
1859 951 1965 1005 κᾶν

368 1038 590 1108 μακράν
642 1034 784 1091 εἶναι
827 1037 1060 1110 νομίζῃς
1114 1041 1241 1104 τοὺς
1297 1040 1613 1112 πολεμίους,
1673 1043 1748 1106 ὡς
1795 1043 1964 1113 ἐγγὺς

363 1125 560 1184 ὗντων.

438 1228 512 1289 γ’.
546 1222 721 1275 Ὅπου
750 1223 808 1276 δὲ
868 1223 1085 1293 μέλλεις
1119 1226 1394 1308 ποιεῖσθαι
1421 1228 1639 1299 χρόνιον
1697 1228 1759 1283 τὸ
1796 1229 1960 1285 ἄπλι-

363 1331 516 1380 κτον,
541 1315 617 1386 μὴ
648 1314 860 1387 ἐχθρῶν
890 1315 1078 1386 ἔφοδον
1128 1317 1374 1388 δηλονότι
1441 1321 1821 1393 ὑφορώμενος,
1867 1324 1961 1377 καὶ

364 1407 609 1481 φθείρειν
634 1409 820 1491 χώραν
849 1411 1099 1466 ἐναντίαν
1133 1413 1480 1484 βουλόμενος,
1527 1415 1754 1484 ἐκλέγου
1786 1418 1960 1490 χωρία

370 1503 655 1572 χρήσιμα,
694 1503 768 1572 μὴ
804 1502 1005 1574 ὑλώδη,
1031 1505 1200 1576 ῆγουν
1215 1504 1343 1572 ὔλας
1374 1509 1466 1560 καλ.
1506 1508 1676 1578 πηλὸν
1709 1509 1800 1563 καὶ
1834 1509 1960 1580 βάλ-

361 1609 461 1657 τας
492 1590 707 1663 ἔχοντα,
746 1592 840 1647 καὶ
887 1593 1056 1648 ὕδατα
1092 1595 1438 1667 σεσημμὲνα.
1475 1597 1557 1651 Τὰ
1610 1597 1720 1668 γάρ
1772 1598 1960 1654 τοιαῦ-

361 1703 432 1739 τα
481 1687 568 1740 διά
608 1687 706 1751 τάς
762 1685 1155 1757 ἀναθυμιάσεις
1193 1690 1286 1743 καὶ
1344 1689 1441 1755 τὰς
1470 1691 1579 1745 ἀπὸ
1635 1692 1744 1745 τῶν
1777 1693 1958 1747 τόπων

360 1779 628 1843 δυσωδίας
665 1781 862 1852 νοσερὰ
885 1782 1013 1846 εἰσι,
1051 1784 1145 1836 καὶ
1178 1781 1403 1854 λοιμοὺς
1429 1785 1523 1840 καὶ
1545 1785 1732 1852 νόσους
1774 1787 1952 1860 φθαρ-

359 1871 520 1936 τικὰς
551 1872 813 1946 ἐμϐάλλει
837 1874 916 1938 είς
939 1874 1007 1928 τά
1037 1875 1446 1948 στρατεύματα,
1470 1880 1564 1931 καὶ
1591 1855 1823 1945 πολλούς
1853 1855 1953 1952 μ’ὲν
1989 1855 2026 1908 Β

360 1963 625 2029 πολλάκις
663 1964 915 2020 ἐκάκωσε
949 1968 1016 2038 τῇ
1046 1966 1207 2036 νόσῳ,
1248 1967 1477 2032 πολλοὺς
1507 1969 1563 2023 δὲ
1613 1972 1709 2024 καὶ
1735 1970 1952 2026 άπὼλε-

363 2076 457 2113 σεν
481 2075 493 2089 ·
526 2057 668 2111 ὥστε
694 2057 769 2130 μὴ
792 2059 949 2130 μόνον
981 2059 1162 2129 ὀλίγον
1188 2062 1251 2114 ἐκ
1282 2060 1476 2116 τούτου
1505 2063 1786 2134 γενέσθαι,
1818 2065 1953 2120 ἀλλὰ

360 2150 698 2215 καὶάσθενὲς
730 2151 793 2204 τὸ
825 2153 1163 2223 στράτευμα.

432 2245 495 2300 δ’.
548 2246 838 2319 Χρήσιμον
872 2246 928 2301 δὲ
972 2248 1066 2301 καὶ
1098 2248 1364 2319 σωτήριον
1393 2248 1469 2320 τῷ
1531 2253 1750 2326 στρατῷ
1810 2254 1953 2322 γίνε-

361 2340 510 2404 σθαι,
556 2339 653 2393 ἐὰν
707 2339 783 2411 μὴ
836 2340 932 2394 ἐπὶ
979 2339 1075 2394 τοῦ
1105 2340 1271 2395 αὐτοῦ
1310 2341 1448 2415 μένῃ
1479 2344 1743 2400 ἁπλίκτου
1787 2338 1955 2402 πολὺν

361 2431 574 2503 χρόνον,
600 2434 650 2485 εἰ
685 2431 760 2504 μὴ
786 2433 896 2503 ἄρα
928 2433 1202 2504 χειμάζει,
1239 2437 1332 2488 καὶ
1389 2435 1477 2489 διὰ
1501 2437 1593 2508 τὸν
1619 2441 1816 2512 καιρδν
1843 2440 1955 2493 ὦσ-

361 2540 467 2594 ττερ
492 2523 867 2594 πεπολισμένα
895 2524 1008 2596 ἔχει
1035 2524 1103 2586 τά
1123 2525 1365 2580 ἄπλικτα
1389 2533 1450 2582 τὺ
1485 2531 1819 2604 στράτευμα.
1845 2533 1955 2587 Καὶ

360 2619 470 2686 γὰρ
504 2618 600 2672 καὶ
630 2615 687 2669 αἱ
713 2615 1081 2688 σωτηριώδεις
1105 2619 1382 2690 ἐκκρίσεις
1421 2621 1642 2676 ἐπὶτῶν
1676 2624 1856 2678 αὐτῶν
1880 2643 1956 2693 γι-

362 2709 563 2778 νόμενα
589 2710 770 2762 τόπων
813 2710 1020 2781 ἀτμοὺς
1049 2709 1482 2782 διεφθαρμένους
1543 2714 1949 2786 ἁναπέμπουσι,

364 2803 457 2854 καὶ
492 2802 1037 2873 συμμταὸάλλουσιν
1081 2804 1163 2866 είς
1190 2804 1345 2858 νόσον
1368 2805 1463 2858 καὶ
1496 2806 1595 2875 τὴν
1643 2808 1737 2861 τοῦ
1799 2825 1955 2877 ’περι⁸

361 2897 580 2966 έχοντος
604 2896 765 2968 ἀέρος
797 2895 1033 2960 εὐεξίαν.

431 2987 494 3044 ε’.
543 2987 635 3043 Ἑν
685 2989 742 3043 δὲ
791 2992 913 3054 ταῖς
964 2993 1437 3063 παραχειμασίαις
1482 2993 1720 3058 πάντως,
1748 2994 1823 3058 ὡς
1842 2995 1955 3050 ἄνω

365 3103 470 3138 που
506 3085 744 3156 εἴρηται,
779 3083 1027 3156 γύμναζε
1062 3086 1132 3140 τὰ
1162 3087 1524 3159 στρατόπεδα,
1561 3089 1654 3142 καὶ
1683 3089 1954 3160 πολεμικά

2071 591 2192 638 tuos
2223 583 2440 654 taphro,
2466 583 2519 639 id
2542 591 2647 650 est,
2673 583 2842 651 fossa,
2867 598 3183 655 quanquam
3213 583 3281 639 ad
3311 599 3482 641 unum
3508 585 3655 641 diem

2072 675 2142 730 ibi
2175 677 2352 731 solum
2385 692 2783 748 permansurus
2810 692 2891 734 es.
2935 675 3140 732 Secura
3160 677 3308 733 enim
3339 676 3657 748 huiusmodi

2069 778 2248 824 castra
2319 777 2488 838 sunt,
2515 778 2570 826 et
2625 771 2890 827 adversus
2929 785 3124 828 omnes
3165 786 3268 828 nec
3310 772 3564 842 Opinatas
3602 779 3658 827 et

2068 861 2284 918 subitas
2310 863 2555 920 hostium
2593 866 2948 920 incursiones
2989 873 3125 920 tuta.
3157 864 3455 922 Custodias
3486 867 3654 922 etiam

2068 956 2377 1024 adhibebis,
2416 945 2574 1028 (ιυδεὶ
2620 957 2806 1014 hostes
2850 973 3022 1030 prope
3077 958 3282 1027 adsint,
3336 974 3656 1032 quanquam

2070 1047 2230 1119 longe
2259 1064 2356 1105 eos
2391 1049 2588 1106 abesse
2619 1051 2861 1112 noveris.

2143 1239 2199 1292 '5.
2241 1237 2344 1294 Ubi
2376 1237 2636 1294 diuturna
2673 1247 2853 1295 castra
2881 1236 2998 1293 'uno
3029 1237 3216 1309 aliquo
3250 1236 3303 1292 in
3353 1237 3481 1293 loco
3509 1238 3658 1309 posi-

2068 1340 2223 1386 turus
2271 1346 2354 1397 es,
2400 1345 2511 1385 non
2573 1330 2814 1385 hostium
2867 1327 3244 1384 incursionem
3293 1327 3518 1393 timens,
3559 1328 3656 1383 Sed

2065 1424 2282 1479 illorum
2345 1423 2630 1494 regionem
2695 1421 3082 1493 populaturus,
3141 1419 3276 1476 loca‘
3319 1421 3488 1492 eliges
3540 1434 3651 1474 non

2063 1518 2370 1584 condensa,
2421 1532 2670 1583 cmnosa,
2718 1515 3009 1588 paludosa,
3061 1523 3158 1571 aut
3214 1514 3425 1588 stagnis
3476 1513 3655 1570 abun-

2062 1611 2250 1666 dantia
2296 1630 2310 1666 :
2354 1610 2671 1683 hujusmodi
2709 1611 2855 1665 enim
2899 1609 3130 1681 halitum
3186 1609 3449 1666 etnittunt
3499 1607 3654 1664 insa-

2063 1704 2298 1771 lubrem,
2332 1714 2386 1761 et
2435 1705 2635 1760 odores
2675 1717 2871 1775 graves
2919 1702 2986 1758 ad
3029 1700 3364 1774 gignendum
3432 1700 3654 1756 morbos

2063 1797 2289 1853 idoneos
2341 1813 2357 1853 :
2416 1797 2618 1852 multas
2676 1798 2822 1852 cnim
2880 1797 3234 1868 mgritudines
3293 1803 3349 1851 et
3399 1795 3654 1852 ardentes

2059 1899 2241 1962 pestes
2277 1889 2545 1955 inferunt,
2571 1897 2625 1945 et
2652 1905 2797 1961 saepe
2823 1890 3130 1944 exercitum
3159 1887 3402 1966 graviter
3426 1893 3652 1950 vexant,

2057 1999 2199 2054 saepe
2218 1983 2386 2039 etiam
2429 1981 2748 2038 universum
2783 1983 2986 2049 delent,
3019 1991 3210 2038 utnon
3241 1981 3416 2037 solum
3446 1993 3653 2053 parvus

2056 2094 2122 2133 ex
2171 2095 2258 2145 eo,
2301 2085 2355 2132 et
2393 2076 2609 2142 debilis,
2642 2076 2739 2133 sed
2775 2075 2939 2132 etiam
2973 2086 3338 2146 consumptus
3374 2083 3430 2129 et
3464 2072 3652 2130 nullus

2060 2172 2171 2229 ﬁat.

2128 2267 2181 2321 4.
2221 2263 2368 2321 Utile
2397 2275 2450 2321 et
2495 2264 2738 2320 salutare
2773 2263 3039 2321 exercitui
3073 2269 3178 2329 est,
3207 2263 3261 2317 in
3299 2264 3494 2320 eodem
3525 2262 3650 2318 loco

2055 2356 2147 2412 diu
2181 2372 2289 2411 non
2322 2355 2653 2418 consistere,
2686 2353 2792 2409 nisi
2827 2353 2873 2409 si
2901 2352 3135 2408 hiberna
3179 2352 3388 2408 faciant
3420 2369 3434 2407 :
3483 2360 3651 2424 atque

2056 2461 2118 2499 ea
2155 2454 2268 2498 tum
2316 2443 2381 2498 ad
2414 2442 2653 2498 civitatis
2696 2442 2926 2498 formam
2970 2443 3244 2497 muniant.
3279 2440 3418 2496 Nam
3453 2456 3647 2497 excre-

2059 2541 2235 2595 tioncs
2269 2537 2569 2593 faeculenta:
2607 2552 2898 2607 corporum
2926 2535 2982 2591 in
3014 2535 3220 2592 eisdem
3263 2551 3480 2607 semper
3510 2535 3649 2592 locis

2057 2632 2232 2697 factm,
2258 2630 2583 2700 depravatos
2617 2629 2818 2686 halitus
2844 2628 3145 2700 exspirant,
3174 2639 3226 2684 et
3252 2643 3473 2684 omnem
3504 2627 3649 2684 aeris

2056 2725 2434 2780 salubritatem
2468 2723 2523 2778 in
2555 2722 2996 2779 insalubritatem
3031 2722 3388 2779 transferunt.

2130 2991 2179 3046 5.
2214 2990 2469 3048 Hibernis
2514 2990 2567 3046 in
2593 2989 2870 3057 omnibus,
2911 2989 3100 3061 copias
3156 2995 3281 3044 tuas
3321 2986 3388 3043 ad
3419 2997 3650 3044 conten-

2057 3084 2234 3139 tiones
2292 3083 2518 3140 bellicas
2571 3093 2626 3138 et
2665 3083 2937 3138 militares
2981 3082 3199 3137 labores
3224 3096 3440 3147 exerce,
3479 3089 3540 3135 ut
3580 3080 3650 3134 iis

364 3178 531 3244 ποίει,
556 3178 652 3230 καὶ
674 3177 760 3231 ἵνα
784 3178 1172 3244 συνεθίζωνται
1197 3183 1310 3244 τοῖς
1339 3179 1543 3247 πόνοις,
1570 3180 1655 3234 ἵνα
1681 3182 1821 3253 μήτε
1850 3183 1953 3250 άρ-

2059 3174 2375 3242 assuefacti,
2421 3176 2595 3232 otium
2658 3191 2724 3232 ac
2784 3175 3074 3242 desidiam,
3107 3186 3314 3244 pestem
3363 3189 3427 3230 ac
3470 3173 3649 3230 labem

374 3273 526 3340 γῶσι,
558 3273 697 3344 μήτε
719 3271 1066 3344 ρᾳθυμῶσιν.

437 3371 512 3430 ς’.
570 3365 647 3419 Uir
702 3367 862 3435 μόνον
910 3363 1079 3438 [ού]δὲ
1119 3364 1376 3434 ὑγιεινῶν
1431 3381 1492 3418 σε
1520 3365 1601 3417 δεῖ
1650 3365 1956 3437 φροντίζειν

364 3456 668 3522 άπλίκτων,
703 3457 832 3510 ὅταν
857 3456 1044 3511 ἄδειαν
1068 3455 1199 3529 ἔχῃς
1227 3455 1335 3508 άπὸ
1361 3454 1470 3508 τῶν
1490 3454 1786 3525 πολεμίων,
1821 3454 1957 3509 ἀλλὰ

365 3549 462 3606 sal.
489 3549 689 3613 πολλάς
714 3550 810 3602 καὶ
840 3547 1135 3621 διαφόρους
1181 3546 1326 3619 ἔχειν
1357 3545 1497 3602 αὑτά
1535 3547 1636 3611 τὰς
1671 3547 1954 3618 χορηγίας,

363 3642 462 3696 καὶ
494 3640 728 3713 μάλιστα
769 3642 827 3695 ἐν
867 3639 944 3711 τῷ
967 3639 1252 3708 ὲξπεδίτῳ,
1286 3638 1456 3710 ἧγουν
1477 3639 1534 3691 ἐν
1562 3639 1628 3709 τῇ
1651 3637 1793 3692 κατὰ
1831 3655 1956 3693 και-

370 3739 462 3810 ρδν
500 3736 594 3792 τοῦ
620 3737 745 3792 ὅλου
796 3735 1032 3810 στρατοῦ
1069 3737 1384 3807 συναγωγῇ,
1425 3733 1555 3789 ἔνθα
1593 3734 1834 3807 μάλιστα
1861 3737 1955 3792 καὶ

365 3831 635 3906 χρονίζειν
663 3832 803 3890 δέον.

437 3927 502 3991 ζ’.
526 3925 840 3996 Φροντίζειν
879 3925 937 3979 δὲ
967 3925 1062 3978 καὶ
1084 3923 1194 3978 τῶν
1246 3923 1526 3996 ἐμπόρων,
1561 3923 1646 3978 ἶνα
1705 3923 1780 3996 μὴ
1835 3923 1955 3992 άδι-

365 4018 622 4090 κούμενοι
654 4017 977 4086 λυποῦνται,
1020 4019 1116 4073 καὶ
1149 4018 1211 4072 οὐ
1270 4017 1499 4090 φέρουσι
1542 4017 1643 4082 τὰς
1691 4017 1956 4090 χορηγίας

363 4110 473 4166 τῶν
509 4109 857 4184 ἐπιτηδείων.

432 4204 504 4277 η’.
529 4206 592 4260 Εἰ
621 4205 679 4260 δέ
701 4223 784 4270 τις
811 4207 906 4260 καὶ
946 4205 1101 4270 ἐλπὶς
1131 4205 1348 4261 ἐναντία
1375 4205 1600 4277 ἐνοχλεῖ,
1653 4204 1955 4276 ἀσφαλίζε-

365 4297 488 4353 σθαι
511 4298 544 4370 ἢ
571 4298 903 4370 ὀρύγμασιν,
936 4299 969 4372 ἢ
995 4300 1188 4363 πάλοις
1213 4299 1349 4368 (⁸74),
1377 4300 1409 4371 ἢ
1438 4298 1719 4370 ὁλοκλήρῳ
1737 4299 1951 4370 τάφρῳ,

361 4394 392 4448 ὃ
417 4393 634 4464 λέγουσι
674 4393 870 4464 φόσσα,
913 4392 1302 4466 ἣτριϐόλοιςῆ
1345 4393 1681 4464 οἰκοδομαῖς,
1756 4392 1788 4464 ἢ
1845 4393 1954 4446 ἀπὸ

364 4487 602 4558 ξύλωνῆ
655 4485 768 4541 άπὸ
803 4486 990 4550 λίθων,
1034 4485 1068 4556 ἦ
1110 4484 1308 4554 ἄλλως,
1355 4485 1430 4550 ὡς
1479 4485 1709 4540 δύνασαι
1734 4487 1952 4559 ἐπινοῆσ-

362 4600 475 4637 σαι.

433 4675 500 4732 θ’.
539 4678 723 4750 Ἔχειν
751 4676 808 4730 δὲ
837 4677 931 4731 καὶ
952 4673 1145 4747 βίγλας
1171 4671 1396 4741 ἔξωθεν,
1429 4673 1567 4728 ἀλλὰ
1589 4673 1681 4727 καὶ
1709 4671 1949 4746 ἀμάξας,

363 4771 444 4835 εἰς
477 4769 841 4840 χαρακώσεις,
896 4768 992 4821 ὲάν
1030 4767 1162 4831 εἰσι,
1195 4764 1314 4819 λίαν
1345 4763 1592 4820 δυνατόν.
1620 4766 1690 4819 Ἢ
1731 4766 1952 4839 χάρακα

362 4857 1300 4933 πήξεις,ὃλέγεταισταΰαρῶσαι,
1370 4856 1484 4911 εἴτε
1545 4857 1775 4927 ἀραιῶς,
1839 4859 1950 4913 εἴτε

360 4953 718 5025 πυκνότερον,
740 4953 814 5016 ὡς
831 4953 866 5024 ἡ
885 4950 1119 5021 δύναμις
1135 4948 1271 5022 ἔχει,
1294 4948 1391 5021 ἥτε
1411 4947 1496 5002 διά
1513 4947 1686 5016 ξύλων
1707 4945 1950 5015 τελείων,

361 5049 395 5120 ἢ
416 5047 652 5119 δένδρων
680 5045 986 5101 κοπέντων.

433 5147 485 5194 ι’.
512 5142 604 5194 Δεῖ
631 5138 742 5211 γάρ
774 5137 996 5202 πάντως
1041 5135 1345 5208 ἀσφάλειαν
1396 5133 1542 5207 ἔχειν
1566 5133 1626 5189 τὺ
1661 5134 1946 5209 άπλικτον,

361 5237 409 5290 εἰ
443 5234 519 5307 μὴ
544 5233 650 5304 ἄρα
676 5234 734 5286 ἐν
763 5236 828 5304 τῇ
863 5230 1108 5304 ἡμετέρᾳ
1141 5229 1293 5284 ἐστὶν
1337 5227 1510 5302 χώρᾳ,
1542 5229 1576 5302 ἢ
1628 5229 1942 5301 γυμνασίας

359 5329 521 5402 χάριν
546 5327 775 5397 γίνεται,
827 5324 860 5396 ἢ
915 5325 1076 5380 ἄλλου
1130 5324 1276 5388 τινὸς
1319 5321 1616 5396 χρειώδους
1673 5323 1878 5395 τρόπου
1907 5326 1940 5393 ἡ

359 5420 454 5476 τοῦ
497 5418 803 5492 στρατηγοῦ
835 5419 949 5490 (75)
990 5418 1228 5491 κίνησις.

438 5521 526 5572 ια’.
557 5515 808 5571 Μάλιστα
837 5512 893 5566 δὲ
939 5511 1246 5585 φροντίσεις
1283 5512 1375 5567 καὶ
1422 5511 1531 5568 τῶν
1554 5509 1944 5585 πλησιοχώρων

2058 3269 2354 3336 exercitus,
2387 3269 2648 3325 devitent.

2122 3363 2176 3420 6.
2206 3362 2393 3436 Neque
2417 3379 2546 3420 vero
2573 3375 2884 3421 castrorum
2917 3362 3223 3421 salubrium
3260 3361 3438 3418 solum
3473 3359 3651 3418 susci-

2057 3459 2254 3531 pienda
2299 3475 2428 3515 cura
2475 3467 2584 3526 est,
2621 3474 2746 3514 cum
2789 3472 3019 3514 securus
3057 3456 3125 3511 ab
3157 3455 3406 3510 hostibus
3436 3469 3516 3521 es,
3556 3454 3651 3509 sed

2056 3552 2220 3609 etiam
2280 3562 2340 3607 ut
2383 3552 2628 3608 omnium
2687 3567 2870 3608 rerum
2913 3550 3350 3606 necessariarum
3417 3547 3654 3603 aﬂluen-

2059 3647 2190 3702 tiam
2256 3647 2512 3713 habeant,
2563 3646 2726 3717 idque
2775 3645 3124 3717 potissimum
3180 3644 3233 3698 in
3278 3643 3555 3715 expedito,
3592 3640 3648 3696 id

2055 3753 2158 3808 est,
2197 3757 2259 3799 eo
2291 3752 2533 3812 tempore
2561 3759 2669 3813 quo
2701 3754 2891 3796 omnes
2932 3739 3134 3796 milites
3160 3739 3212 3793 in
3254 3754 3425 3794 unum
3451 3751 3653 3794 conve-

2057 3834 2236 3898 niunt,
2271 3833 2361 3887 ubi
2393 3832 2600 3888 diutius
2624 3831 3075 3887 commorandum
3103 3839 3208 3885 est.

2125 3926 2175 3982 7.
2202 3925 2519 3982 Providebis
2542 3927 2706 3981 etiam
2752 3923 3176 3990 mercatoribus,
3215 3936 3282 3977 ne
3316 3919 3390 3975 illi
3417 3918 3646 3991 injurin-

2057 4020 2172 4076 sius
2233 4018 2488 4085 tractati,
2555 4033 2735 4074 rerum
2787 4016 3227 4073 necessariarum
3282 4012 3646 4069 invectionem

2055 4111 2492 4183 pratermittant.
2930 4117 2936 4124 ‘

2124 4206 2179 4261 8.
2235 4203 2330 4258 Sin
2377 4218 2504 4259 vero
2548 4201 2748 4275 aliquis
2788 4210 2966 4258 metus
3020 4200 3261 4258 hostium
3312 4200 3644 4273 impendea',

2057 4299 2374 4354 muniantur
2408 4307 2587 4354 castra
2633 4298 2716 4354 vel
2747 4296 2934 4363 fossis,
2962 4296 3046 4353 vel
3090 4296 3254 4367 palis,
3294 4297 3378 4352 vel
3418 4296 3646 4368 integris

2056 4391 2242 4458 fossis,
2275 4393 2357 4448 vel
2387 4392 2628 4457 tribulis,
2669 4392 2720 4447 id
2752 4399 2855 4456 est,
2890 4390 3216 4456 muricibus,
3244 4390 3329 4446 vel
3377 4390 3646 4457 adiﬁciis,

2057 4486 2171 4541 sive
2199 4501 2264 4541 ex
2308 4485 2476 4552 ligno,
2515 4485 2629 4540 sive
2657 4501 2726 4539 ex
2759 4484 2960 4556 lapide,
3000 4492 3096 4539 aut
3150 4483 3255 4538 alia
3288 4482 3482 4554 quavis
3527 4498 3644 4538 ma-

1979 4569 2031 4628 D
2059 4577 2194 4633 teria
2217 4576 2506 4643 confectis,
2542 4577 3003 4648 quemadmodum
3026 4577 3342 4647 excogitare
3378 4575 3604 4648 poteris.

2131 4670 2184 4726 9.
2217 4669 2602 4742 Speculatores
2639 4669 2776 4725 loris
2823 4668 3124 4725 collocandi
3173 4677 3324 4734 sunt,
3346 4677 3402 4723 et
3445 4683 3644 4726 currus

2059 4778 2253 4820 omnes
2277 4761 2344 4818 ad
2383 4762 2583 4818 vallum
2627 4760 2936 4819 faciendum
2984 4763 3366 4836 congregatis.
3403 4761 3644 4820 Vallabis

2057 4865 2240 4914 autem
2273 4863 2451 4910 castra
2484 4869 2580 4926 pro
2627 4855 2908 4926 copiarum
2946 4856 3178 4922 ratione,
3210 4855 3292 4911 vel
3329 4855 3532 4922 laxius,
3557 4855 3641 4910 vel

2058 4951 2306 5015 densius,
2334 4965 2398 5004 ex
2427 4949 2588 5021 lignis
2612 4949 2860 5021 integris,
2893 4959 2988 5005 aut
3010 4966 3076 5005 ex
3105 4950 3260 5006 caesis
3288 4949 3601 5006 arboribus.

2125 5136 2214 5192 10.
2241 5135 2378 5192 Tuta
2407 5146 2461 5193 et
2494 5139 2700 5192 munita
2739 5144 2919 5193 castra
2969 5151 3184 5208 semper
3233 5151 3358 5194 esse
3401 5149 3638 5209 oportet,

2049 5233 2154 5289 nisi
2188 5233 2242 5288 in
2289 5241 2476 5288 nostra
2518 5233 2737 5305 regione
2769 5233 2849 5288 vel
2894 5231 3310 5289 exercitationis
3336 5248 3526 5300 causa,
3557 5235 3639 5290 vel

2051 5327 2280 5385 alterius
2328 5324 2561 5395 alicujus
2609 5325 2951 5383 necessitatis
2998 5326 3174 5398 gratia
3211 5335 3394 5385 castra
3417 5342 3639 5384 moven-

2053 5430 2160 5475 tur.

2120 5512 2206 5568 ll.
2248 5510 2578 5568 Procurabis
2625 5510 2809 5577 etiam,
2860 5527 2930 5569 ne
2975 5511 3168 5570 vicina:
3212 5512 3468 5585 regiones
3517 5526 3638 5584 quae

1912 5625 2144 5688 NOTAE.

439 5747 550 5815 (7:2)
589 5747 820 5818 Τιίφρεν
849 5743 1540 5818 ,βαθεῖιινηδυιῄἰὺοῇο-ιυτ,
1578 5742 1781 5814 ταῦρον
1822 5744 1946 5817 βαθ.

435 5813 549 5888 (75)
603 5813 988 5885 Ἐἓιιϐουλάᾳ
1015 5817 1232 5882 Scribe,
1257 5813 1537 5888 ἐπιϐολάς.

433 5884 548 5963 (74)
580 5891 655 5947 Ἦ
675 5890 912 5959 mitam.
945 5884 1291 5962 ’chcbatur,
1328 5884 1359 5955 ἢ
1414 5885 1594 5943 πάλιν.
1644 5886 1699 5944 in
1753 5889 1945 5948 codice

2058 5747 2535 5814 Pistoriauocrat,
2565 5763 2764 5818 παΑης.

2127 5819 2242 5895 (75)
2282 5821 2392 5878 Τοῦ
2422 5817 2783 5891 στρατηγοῦ.
2812 5819 3028 5890 Scribe,
3070 5820 3164 5876 τοῦ
3201 5817 3455 5894 στρατοῦ.
