4020 6312
491 262 601 335 795
1763 272 2038 337 LEONIS
2071 273 2532 337 PHILOSOPHI
3663 276 3786 340 796

494 378 600 435 sub
650 384 835 433 nostro
888 375 1114 448 imperto
1156 385 1304 443 sunt,
1336 377 1555 450 aliquod
1606 379 1867 437 damnum
1927 384 2058 439 acci-

2177 384 2455 440 ὑποτελῶν
2501 386 2599 457 τῆς
2655 382 2934 456 βασιλείας
2986 386 3163 459 ἡμῶν,
3198 388 3286 443 ἵνα
3322 392 3397 462 μὴ
3446 390 3780 447 ἀδικοῦνται

491 472 665 542 piant,
698 471 749 524 in
782 471 972 540 primis
1016 482 1197 528 autem
1244 484 1304 529 ut
1328 475 1580 545 agricolae
1609 475 1729 531 sine
1767 475 2058 533 oﬂ'ettsione

2173 478 2323 549 παρὰ
2349 477 2457 530 τῶν
2488 477 2852 547 στρατιωτῶν,
2871 480 2961 531 καὶ
2993 479 3112 533 κατ’
3140 482 3416 552 ἐξαίρετον
3440 483 3555 537 τῶν
3573 501 3639 553 γε
3650 503 3779 555 ωρ-

489 573 901 621 conserventur.
930 562 1059 619 Duae
1112 566 1255 622 enim
1303 567 1387 623 lia:
1438 576 1583 624 artes
1622 569 1856 624 maxime
1908 570 2058 627 utiles

2171 569 2304 639 γῶν.
2332 570 2436 624 Δύο
2468 572 2577 642 γὰρ
2598 571 2773 625 ταῦτά
2796 589 2885 644 μοι
2904 572 3156 629 δοκοῦσιν
3182 574 3600 648 ἐπιτηδεύματα
3631 562 3778 632 λέαν

487 673 613 714 esse
672 657 925 712 videntur
980 658 1049 713 ad
1106 660 1419 731 reipublicae
1484 662 1931 717 constitutionem
2016 672 2058 719 el

2170 661 2443 730 ἀναγκαῖα
2477 661 2611 731 πρὸς
2635 661 2822 726 ἔθνους
2853 663 3115 717 σύστασιν
3151 665 3247 717 καὶ
3268 664 3556 736 διαμονήν·
3583 683 3780 739 γεωρ-

485 759 979 814 conservationem.
1030 759 1393 830 Agricultura,
1457 774 1577 831 quae
1618 751 1790 815 nutrit
1828 775 1893 815 ac
1942 774 2058 831 pro-

2168 753 2299 824 γικὴ
2334 755 2431 825 μὲν
2464 756 2737 827 τρέφουσα
2794 755 2889 809 καὶ
2921 754 3163 823 αὔξουσα
3221 757 3347 822 τοὺς
3387 758 3773 828 στρατιώτας.

487 860 668 908 movet
719 853 937 917 milites,
988 861 1042 908 et
1094 868 1185 908 ars
1235 854 1514 923 militaris,
1564 869 1687 924 qua:
1734 855 1974 911 defendit
2012 862 2058 910 et

2171 844 2541 917 στρατιωτικὴ
2585 847 2641 900 δὲ
2664 845 2957 902 ἑκδικοῦσα
2984 848 3078 901 καὶ
3107 848 3585 919 περιφυλάττουσα
3626 850 3773 914 τοὺς

486 955 790 1018 propugnat
819 947 1084 1017 agricolas
1110 962 1124 1001 :
1157 946 1381 1019 reliquae
1413 963 1542 1005 vero
1570 958 1720 1005 artes
1760 948 1880 1006 istis
1925 948 2066 1004 infe-

484 1038 661 1097 riores
711 1056 832 1096 esse
886 1040 1159 1106 videntur,
1188 1048 1354 1112 atque
1417 1040 1541 1097 ideo
1585 1057 1807 1098 necesse
1835 1050 1919 1097 est
1946 1041 2066 1098 istis

482 1135 788 1205 providere,
816 1143 871 1191 et
915 1134 1135 1189 illarum
1167 1150 1353 1190 curam
1392 1150 1502 1190 non
1542 1135 1801 1206 abjicere.
1829 1143 1890 1191 ut
1916 1134 2063 1190 mili-

482 1234 566 1283 tes
590 1227 734 1297 juste
760 1227 827 1282 ab
856 1226 960 1282 illis
995 1227 1183 1282 nutriti
1220 1236 1439 1282 strenue
1479 1243 1537 1284 se
1585 1236 1797 1299 gerant,
1829 1237 1882 1283 et
1915 1226 2063 1299 agri—

428 1364 429 1367 η
481 1321 611 1377 coire
634 1321 859 1377 honeste
882 1322 1093 1376 tractati
1121 1320 1279 1376 bonis
1309 1320 1455 1376 votis
1478 1320 1601 1377 illos
1633 1329 2057 1392 prosequantur.

560 1504 640 1560 l2.
697 1504 957 1562 Hostibus
1003 1506 1442 1572 imminentibus,
1489 1516 1542 1563 et
1589 1513 1908 1577 exspectato
1943 1505 2055 1579 jam

2167 937 2476 1010 γεωργούς·
2512 940 2568 993 αἱ
2597 938 2641 992 δ’
2673 939 2833 994 ἄλλαι
2868 939 3243 1008 ἐπιτηδεύσεις
3265 941 3495 1011 δεύτερα
3542 941 3773 996 τούτων

2166 1031 2290 1100 ἐμοὶ
2338 1029 2782 1100 καταφιίνονται.
2839 1031 2939 1086 Διὰ
2994 1031 3150 1086 τοῦτο
3196 1036 3292 1087 καὶ
3345 1034 3653 1100 ἀναγκαῖον
3672 1034 3772 1089 ἀεὶ

2164 1123 2372 1179 τούτων
2401 1126 2805 1197 ἐπιμελεῖσθαι,
2837 1126 2934 1182 καὶ
2968 1126 3037 1181 τὰ
3062 1127 3202 1201 ὑπὲρ
3227 1127 3408 1183 αὐτῶν
3440 1128 3771 1199 φροντίζειν

2165 1217 2449 1285 ἑκάστοτε,
2506 1219 2579 1284 ὡς
2638 1220 2703 1274 ἂν
2749 1218 2841 1274 καὶ
2874 1219 2923 1273 oi
2960 1218 3291 1293 στρατιῶται
3342 1220 3573 1285 δικαίως
3619 1238 3768 1289 τρε-

2164 1312 2386 1384 φόμενοι
2413 1314 2815 1387 ἀνδραγαθῶσι,
2840 1314 2939 1369 καὶ
2990 1315 3043 1369 οἱ
3074 1315 3311 1386 γεωργοὶ
3352 1314 3431 1386 μὴ
3457 1313 3768 1385 ἀδικούμε-

2163 1425 2241 1460 νοι
2273 1408 2460 1478 εὐχαῖς
2510 1408 2707 1473 αὐτοὺς
2746 1410 2867 1474 ταῖς
2898 1406 3268 1481 ἁρμοζούσαις
3324 1410 3763 1482 προπέμπωσιν.

2233 1500 2319 1568 ιβ’.
2352 1498 2627 1571 Πολεμίων
2662 1500 2718 1555 δὲ
2752 1500 3097 1572 ἐγγιζόντων,
3136 1501 3235 1555 καὶ
3286 1501 3760 1572 προσδοκωμένου

479 1596 641 1661 bello,
667 1596 712 1654 si
743 1598 1054 1668 anticipatis
1084 1598 1334 1653 hostibus
1358 1610 1535 1654 castra
1574 1597 1789 1663 feceris,
1826 1598 2056 1653 duorum

2166 1593 2417 1662 πολέμου,
2449 1592 2542 1648 ἐὰν
2592 1594 2879 1665 προλαϐὼν
2912 1592 2968 1648 ὲν
2994 1595 3249 1666 φοσσάτῳ
3275 1593 3493 1668 διάγῃς,
3533 1612 3752 1667 στρατ-

480 1699 575 1745 aut
600 1691 765 1745 trium
791 1691 1001 1745 dierum
1044 1692 1327 1762 pabulum,
1358 1694 1475 1748 sive
1517 1693 1752 1763 paleam,
1782 1694 1896 1748 sive
1930 1692 2056 1747 bor—

2159 1689 2283 1760 ηγέ,
2324 1689 2418 1741 καὶ
2478 1687 2604 1753 τοὺς
2646 1687 2874 1759 ἐχθροὺς
2903 1689 3202 1761 ἀναμένῃς,
3234 1689 3412 1741 ἐκεῖσε
3444 1688 3527 1742 δεῖ
3559 1688 3759 1760 εὑτρε-

478 1781 665 1848 deum,
690 1783 1071 1855 projumentis
1105 1783 1214 1839 tuis
1255 1800 1365 1853 prie
1412 1800 1576 1839 manu
1616 1783 1842 1848 habeas,
1871 1798 2057 1853 quem-

2166 1781 2341 1846 πίζειν
2390 1782 2486 1835 καὶ
2519 1781 2835 1836 ἀποτιθέναι
2866 1781 3078 1853 χόρτον,
3119 1781 3152 1853 ἢ
3208 1782 3431 1853 ἄχυρον,
3464 1779 3498 1852 ἢ
3552 1781 3759 1853 κριθὴν

479 1877 774 1933 admodum
812 1876 908 1932 tibi
954 1876 1008 1931 in
1041 1878 1217 1949 capite
1249 1876 1323 1933 De
1369 1878 1557 1932 itinere
1591 1879 1853 1932 exercitus
1884 1876 2059 1947 expli-

478 1971 619 2027 cavi.
644 1970 903 2027 Sinillinc
923 1971 988 2025 ad
1014 1971 1120 2027 alia
1140 1979 1319 2027 castra
1352 1971 1585 2027 transire
1608 1971 1866 2036 volueris,
1896 1972 2059 2026 unius

479 2052 678 2122 saltem
712 2064 820 2121 diei
853 2075 1219 2121 commeatum
1255 2080 1321 2119 eo
1363 2073 1539 2121 tecum
1588 2066 1800 2136 paleam
1833 2074 1929 2118 aut
1978 2063 2057 2119 fe-

410 2194 413 2195 ν
479 2171 612 2211 num
661 2154 823 2223 feras,
861 2165 917 2211 et
956 2155 1010 2210 in
1057 2155 1259 2213 castris
1298 2170 1552 2227 reponas,
1607 2172 1675 2211 ne
1724 2154 1863 2212 forte
1906 2156 2057 2227 pueri

490 2250 806 2304 administri
856 2248 907 2304 vi
956 2249 1025 2305 ab
1070 2249 1319 2306 hostibus
1358 2250 1726 2323 detineantur,
1768 2259 1822 2305 et
1864 2265 1929 2306 eo
1974 2249 2063 2305 die

479 2342 870 2412 prohibeantur
926 2342 1012 2398 vel
1069 2343 1328 2415 pabulum
1375 2342 1652 2415 colligere,
1684 2343 1767 2399 vel
1818 2342 2063 2413 iumenta

481 2434 551 2490 ad
587 2445 810 2505 pastum
841 2434 1066 2492 ducere.

2168 1875 2357 1946 μιᾶςῆ
2408 1874 2665 1945 δευτέρας
2700 1876 2913 1947 ἡμέρας
2950 1875 3060 1930 τῶν
3112 1874 3345 1944 ἀλόγων,
3384 1874 3461 1939 ὡς
3531 1876 3631 1948 ἠδη
3668 1893 3760 1930 σοι

2166 1971 2258 2023 καὶ
2280 1970 2337 2023 ὲν
2368 1967 2446 2041 τῷ
2474 1968 2611 2038 Περὶ
2637 1969 2978 2038 ὁδοιπορίας
3009 1969 3289 2041 κεφαλαίῳ
3320 1968 3753 2039 προδιεθέμεθα.

2166 2064 2275 2118 Καὶ
2304 2062 2466 2117 πάλιν
2489 2062 2582 2117 ἐὰν
2617 2063 2826 2116 ἐκεῖθεν
2862 2062 3130 2135 βουληθῇς
3157 2064 3238 2127 εἰς
3272 2062 3461 2134 ἕτερον
3486 2063 3758 2118 ἄπλικτον

2167 2156 2420 2210 ἀπελθεῖν
2477 2156 2572 2210 καὶ
2632 2155 2843 2210 ἐκεῖθεν
2896 2154 3316 2227 παρατάξασθαι
3343 2193 3360 2220 ,
3452 2157 3757 2226 ἀναγκαῖον

2168 2251 2362 2323 χόρτον
2405 2249 2499 2304 καὶ
2536 2245 2737 2320 ἄχυρον
2768 2249 2873 2303 κᾶν
2904 2251 3033 2321 μιᾶς
3058 2250 3272 2321 ἡμέρας
3306 2248 3617 2321 βαστάζειν,
3654 2251 3755 2303 καὶ

2170 2342 2341 2406 οὕτως
2372 2342 2429 2395 ὲν
2464 2359 2538 2412 τῳ
2570 2341 2838 2411 γινομένῳ
2867 2343 3122 2411 φοσσάτῳ
3154 2340 3506 2396 ἀποτίθεσθαι
3536 2342 3749 2395 τοῦτον·

2165 2436 2294 2500 ἴσως
2325 2435 2433 2505 γὰρ
2482 2436 2542 2489 ού
2578 2433 2983 2506 συγχωροῦνται
3037 2434 3140 2490 ὑπὸ
3167 2436 3271 2490 τῶν
3310 2434 3520 2507 ἐχθρῶν
3570 2436 3619 2490 oi
3669 2438 3754 2497 εἰς

481 2524 726 2581 δουλείαν
742 2526 1113 2600 ἀφωρισμένοι
1139 2528 1329 2593 παῖδες
1357 2528 1493 2602 αὐτῇ
1519 2531 1586 2600 τῇ
1613 2528 1796 2601 ἡμέρᾳ
1825 2527 2059 2589 ἐξελθεῖν
2081 2528 2175 2584 καὶ
2202 2528 2613 2600 χορτολογῆσαι,
2633 2526 2755 2582 οὔτε
2777 2528 2917 2581 δὲτὰ
2939 2528 3111 2598 ἄλογα
3133 2528 3212 2591 είς
3240 2528 3442 2600 βοσκὴν
3471 2528 3749 2583 ἐκϐαλεῖν.

553 2619 641 2675 15.
662 2618 721 2675 Si
752 2620 1044 2676 admodum
1077 2637 1246 2693 prope
1298 2622 1483 2678 hostes
1533 2621 1759 2687 iuerint,
1802 2637 1910 2675 nou
1955 2621 2051 2675 ab-

480 2713 708 2769 surdum
738 2714 843 2770 erit
892 2715 1139 2787 singulos
1174 2717 1375 2772 milites
1424 2716 1564 2771 inter
1613 2717 1851 2771 eundum
1883 2716 2053 2785 pabu—

2228 2628 2316 2690 ιγ’.
2350 2622 2409 2674 Ei
2432 2621 2488 2674 δὲ
2522 2621 2613 2674 καὶ
2644 2620 2779 2675 πολὺ
2821 2618 3132 2689 ὲγγέζουσιν
3162 2622 3209 2674 οἱ
3252 2620 3457 2692 ἐχθροὶ,
3490 2621 3593 2675 οὐκ
3622 2621 3751 2676 tito.

2157 2730 2257 2767 πον
2280 2713 2337 2766 ἐν
2358 2712 2437 2783 τῷ
2471 2714 2816 2784 περιπατεῖν,
2848 2712 2923 2775 ὡς
2948 2712 3189 2783 εἴρηται,
3221 2712 3453 2767 ἕκαστον
3484 2714 3745 2783 συνάγειν

480 2808 592 2863 lum
635 2808 914 2880 colligere,
948 2810 1074 2881 quia
1110 2810 1436 2882 castrisjam
1467 2810 1683 2881 positis,
1710 2811 1759 2865 si
1795 2810 1950 2865 multi
1986 2825 2052 2863 ex

2166 2804 2245 2858 τὸν
2268 2803 2458 2875 χόρτον
2488 2804 2578 2858 τὸν
2599 2803 2881 2874 ὀφείλοντα
2904 2805 3233 2876 ἀποτεθῆναι
3253 2820 3271 2837 ο
3304 2806 3426 2860 οὐδὲ
3460 2804 3571 2881 γὰρ
3603 2806 3750 2877 μετᾶ

480 2901 729 2958 hostibus
762 2902 974 2973 equites
1007 2903 1234 2972 fuerint,
1270 2904 1423 2974 pueri
1454 2902 1767 2959 administri
1822 2903 1970 2959 exitu
2001 2910 2055 2959 et

2166 2899 2217 2951 τὸ
2268 2897 2595 2954 ἀπλικεῦσαι
2653 2897 2913 2962 πολλάκις
2988 2898 3399 2971 συγχωροῦνται
3455 2901 3503 2953 oi.
3556 2900 3747 2964 παῖδες

481 2992 589 3051 feni
615 2995 914 3069 pabulique
945 2999 1192 3054 sectione
1220 2997 1680 3069 probibebuntur.

556 3176 648 3233 Μ.
691 3174 797 3231 Par
830 3184 914 3234 est
949 3177 1003 3231 in
1037 3190 1200 3233 casus
1233 3176 1493 3233 adversos
1532 3190 1675 3246 εωρο
1730 3174 1954 3237 intueri,
2005 3180 2059 3229 et
2087 3188 2130 3248 (ς

478 3283 603 3343 qua:
633 3266 758 3323 inde
787 3266 1228 3338 perturbationes
1264 3269 1395 3324 oriri
1427 3280 1657 3339 possunt
1684 3268 2055 3339 considerare,

480 3379 550 3418 ne
583 3369 774 3434 postea
808 3370 859 3417 te
884 3360 1079 3416 borum
1112 3362 1376 3433 poeniteat
1404 3379 1417 3416 :
1444 3365 1791 3434 maximeque
1819 3364 1884 3419 de
1906 3378 2059 3419 com--

480 3464 660 3512 meatu
684 3463 738 3509 et
769 3453 967 3526 pabulo
993 3440 1225 3511 militum
1256 3464 1308 3511 et
1328 3455 1705 3526 iumentorum
1756 3456 2055 3523 laborabis,

478 3554 534 3602 et
579 3553 760 3602 castra
822 3546 1034 3603 munita
1080 3560 1253 3619 pones
1308 3546 1523 3604 idoneis
1570 3547 1625 3603 in
1679 3547 1835 3616 locis,
1880 3549 1971 3605 ubi
2008 3549 2055 3605 si

480 3638 703 3711 quando
727 3653 818 3696 res
854 3638 908 3694 id
940 3639 1143 3712 exigat,
1171 3640 1255 3697 vel
1286 3655 1429 3712 aqua
1461 3640 1635 3709 ﬂuvii,
1670 3650 1765 3698 aut
1794 3641 1948 3699 locus
1970 3657 2058 3697 ar-

478 3731 645 3796 duus,
673 3736 771 3784 aut
817 3729 925 3785 alia
955 3730 1112 3785 tirma
1166 3730 1424 3799 munitio,
1465 3730 1760 3791 defendere
1787 3732 2055 3792 fossatum

480 3820 819 3907 temporibus
844 3823 1182 3881 necessariis
1208 3824 1408 3897 posslt.

551 4001 641 4059 15.
691 4000 991 4063 Difﬁcultas
1051 4008 1320 4079 temporis
1368 4008 1415 4065 si
1457 4022 1579 4080 quae
1624 4007 1863 4081 pedestri
1920 4008 2059 4067 aciei

477 4095 779 4169 contingat,
812 4098 990 4155 carris
1016 4106 1071 4155 et
1114 4100 1375 4170 plaustris
1403 4116 1591 4158 eorum
1620 4112 1797 4159 castra
1820 4103 2059 4160 circum-

475 4188 628 4247 circa
658 4191 814 4261 quasi
844 4192 983 4248 vallo
1024 4193 1304 4261 defendes,
1339 4195 1456 4250 sive
1492 4195 1727 4266 pedestri
1756 4195 1912 4264 aciei,
1945 4198 2059 4254 sive

475 4282 746 4353 equestri,
788 4283 907 4339 sive
946 4286 1221 4355 permista:
1248 4288 1566 4359 contingat,
1597 4297 1651 4344 et
1682 4288 1887 4344 circum
1915 4304 2060 4345 exae-

474 4373 728 4432 diﬂeabis
764 4390 864 4447 pro
888 4376 996 4434 loci
1019 4380 1256 4446 ratione,
1290 4380 1749 4451 quemadmodum
1782 4397 1813 4437 a
1842 4397 1929 4438 me
1962 4398 2056 4439 su-

476 4482 571 4539 pra
600 4477 685 4524 est
708 4468 955 4538 dictum;
989 4480 1045 4528 et
1077 4472 1321 4528 exterius
1356 4471 1559 4529 fossam
1595 4473 1797 4530 ducere
1828 4484 1895 4530 art
1929 4474 2056 4531 lati-

2164 2990 2403 3057 ἐξελθεῖν
2464 2991 2555 3045 καὶ
2607 2990 3020 3063 χορτολογῆσαι,
3063 2991 3327 3046 πλειόνων
3353 2992 3590 3061 μάλιστα
3643 3012 3747 3047 κα-

2166 3082 2470 3157 σαλλαρίων
2498 3083 2606 3136 τῶν
2631 3081 2841 3156 ἐχθρῶν
2872 3083 3300 3155 εὖρισκομὲνων.

2233 3176 2315 3234 ιδ’.
2347 3178 2455 3233 Καὶ
2489 3178 2604 3243 πῶς
2638 3181 2746 3249 γὰρ
2776 3177 2838 3233 ού
2882 3177 3090 3232 δίκαιον
3122 3178 3219 3231 καὶ
3257 3177 3326 3231 τὰ
3360 3179 3437 3242 εἰς
3484 3176 3743 3249 δευτεραν

2159 3270 2331 3343 τύχην
2359 3272 2570 3343 ἀφορᾷν
2600 3271 2883 3337 πολλάκις,
2908 3270 3002 3326 καὶ
3028 3271 3125 3336 τὰς
3157 3268 3364 3325 ἐκεῖθεν
3393 3270 3746 3335 ἐναντιώσεις

2163 3365 2409 3430 σκοπεῖν,
2436 3363 2529 3417 καὶ
2544 3360 3048 3434 προασφαλὶζεσθαι
3069 3362 3137 3416 τὰ
3157 3361 3444 3433 μέλλοντα,
3468 3362 3543 3434 μὴ
3574 3377 3741 3432 μετα-

2162 3455 2421 3527 μέλεσθαι
2461 3454 2707 3527 ὕστερον,
2747 3454 2841 3510 καὶ
2888 3455 3122 3528 μάλιστα
3148 3455 3256 3520 τὰς
3284 3454 3603 3527 ἀποτροφὰς
3625 3454 3727 3527 (7t)

2156 3548 2380 3621 ἡμερῶν
2412 3547 2608 3618 ὀλίγων
2645 3547 2754 3602 τῶν
2786 3564 2846 3601 τε
2906 3547 3253 3621 στρατιωτῶν
3313 3547 3426 3619 (77)
3484 3547 3581 3602 καὶ
3630 3545 3740 3600 τῶν

2157 3644 2386 3714 ἀλόγων,
2405 3644 2499 3697 καὶ
2521 3642 2765 3713 φοσσάτα
2787 3640 2963 3714 ὀχυρὰ
2986 3642 3162 3696 ποιεῖν
3189 3640 3517 3713 ἐπιτηδείοις
3548 3634 3749 3705 τύποις

2158 3736 2287 3793 ἔνθα
2308 3737 2557 3803 δυνατὸν,
2588 3738 2695 3791 εἴτε
2739 3734 2884 3809 ὕδωρ
2914 3734 3184 3806 ποταμοῦ,
3225 3734 3336 3789 eis:
3360 3731 3736 3805 τόποςδυσχε-

2163 3830 2289 3905 ρὴς,
2320 3832 2431 3886 stes
2463 3828 2591 3885 ἄλλο
2638 3848 2692 3885 τι
2742 3828 3006 3903 ὀχύρωμα
3052 3827 3341 3883 διεκδικεῖν
3376 3828 3438 3883 τὸ
3466 3825 3735 3899 (peccator:

2156 3925 2217 3979 ὲν
2240 3922 2416 3997 καιρῷ
2438 3922 2683 3995 ἀνάγκης
2702 3940 2718 3990 ;

2232 4022 2314 4071 ιε’.
2367 4016 2455 4069 Ἐν
2486 4014 2544 4069 δὲ
2572 4017 2685 4080 τοῖς
2707 4011 3028 4083 ἀναγκαίοις
3047 4011 3143 4067 τοῦ
3188 4009 3416 4077 πεζικοῦ
3465 4010 3731 4067 ἁπλίκτου

2158 4108 2253 4164 καὶ
2307 4108 2406 4172 τὰς
2436 4105 2683 4180 ἁμάξας¹,
2720 4105 2796 4169 ὡς
2864 4105 3100 4177 εἴρηται,
3148 4102 3467 4176 περικύκλῳ
3504 4102 3735 4158 καθίστα

2156 4201 2251 4257 τοῦ
2281 4202 2565 4267 ἁπλίκτου,
2606 4199 2717 4254 εἴτε
2739 4200 2797 4254 ὲν
2816 4198 3025 4269 πεζικῷ
3052 4195 3284 4270 στρατῷ,
3320 4196 3356 4269 ἢ
3387 4196 3482 4251 καὶ
3500 4196 3602 4252 ἐὰν
3625 4197 3734 4253 εισι

2158 4294 2252 4349 καὶ
2277 4295 2337 4348 ὲν
2367 4292 2773 4364 καθαλλαρικῷ,
2825 4289 2859 4362 ἢ
2892 4289 3212 4361 συμμίκτιρ,
3259 4287 3355 4342 καὶ
3405 4287 3732 4358 οἰκοδομεῖν.

2156 4382 2232 4447 ὥς
2267 4399 2357 4454 μοι
2386 4383 2623 4455 εἴρηται,
2651 4381 2746 4434 ἐὰν
2765 4381 2793 4433 ὁ
2824 4380 2989 4444 τόπος
3022 4379 3145 4452 ἔχῃ,
3180 4378 3274 4435 καὶ
3300 4378 3502 4446 ἔξωθεν
3527 4379 3730 4450 τάφρον

2158 4479 2355 4544 ποιεῖν,
2390 4477 2623 4543 πλάτους
2656 4476 2754 4549 μὶν
2804 4475 2982 4530 ποδῶν
3011 4479 3053 4528 ε’
3105 4473 3138 4546 ἢ
3179 4479 3269 4540 ς’⁶
3304 4471 3504 4539 ἔξωθεν
3536 4470 3745 4553 βάθους

439 4592 442 4595 ~
476 4561 720 4618 tudinem
757 4563 1004 4636 quinque
1050 4565 1248 4636 pedum
1278 4575 1396 4622 'aut
1449 4582 1568 4633 sex,
1605 4566 1673 4623 ad
1717 4568 2054 4625 altitudinem

2166 4572 2216 4628 δὲ
2263 4573 2307 4637 ξ’
2352 4572 2387 4644 ἢ
2420 4569 2493 4644 η’,
2528 4572 2623 4626 καὶ
2663 4570 2725 4624 τδ
2756 4570 2919 4641 χῶμα
2951 4569 3011 4622 ἐν
3035 4570 3103 4639 τῇ
3132 4565 3380 4639 ὲσωτέρᾳ
3407 4563 3529 4636 ὕψει
3565 4562 3748 4637 τεθῇο’

477 4664 659 4711 autem
707 4666 919 4727 septem
950 4667 1043 4714 aut
1090 4667 1222 4719 octo
1264 4660 1487 4731 pedum,
1517 4668 1569 4715 et
1604 4677 1850 4735 aggerem
1900 4661 2058 4719 fossa:

2166 4682 2249 4720 ναι
2279 4680 2294 4698 ’
2328 4662 2529 4730 ἔξωθεν
2557 4663 2615 4717 δὲ
2652 4660 2857 4731 ταύτης
2896 4659 3180 4734 τριϐόλους
3227 4659 3322 4713 καὶ
3349 4657 3589 4723 λάκκους
3636 4672 3730 4728 μιν

476 4748 709 4805 iutcrius
734 4750 1017 4821 conjicies,
1054 4744 1108 4809 et
1130 4761 1285 4808 extra
1316 4753 1458 4809 hanc
1497 4752 1699 4811 fossam
1734 4755 1967 4812 tribulos
2005 4765 2060 4811 et

474 4839 664 4897 foveas
696 4858 894 4914 parvas
920 4844 1058 4915 palis
1093 4845 1277 4902 inﬁxis
1323 4846 1512 4910 facies,
1549 4862 1670 4918 quae
1705 4850 1774 4903 ab
1811 4847 2051 4904 exercitu

478 4934 736 4992 universo
771 4939 1164 5010 cognoscenda:
1193 4948 1343 5005 sunt,
1373 4955 1442 4995 ne
1464 4940 1684 4996 illorum
1710 4940 2051 5012 ignoratione

476 5027 764 5085 laedantur.

548 5121 635 5177 16.
684 5121 941 5181 Ambitus
1002 5123 1217 5192 fossati,
1269 5126 1385 5182 sive
1438 5135 1772 5195 castrorum,
1818 5138 2053 5201 quatuor

476 5222 663 5283 portas
691 5213 927 5284 majores
955 5222 1009 5269 et
1055 5214 1300 5289 publicas
1332 5216 1551 5281 habeat,
1581 5219 1828 5287 portulas
1866 5227 2046 5274 autem

476 5320 672 5378 parvas
715 5315 976 5377 praeterea
1019 5308 1346 5379 complures.
1385 5306 1549 5364 Juxta
1604 5324 2048 5381 unamquamque

477 5409 709 5468 portam,
752 5400 803 5454 id
827 5410 931 5468 est,
966 5416 1273 5473 egressum,
1305 5400 1596 5472 praefectus
1631 5403 1833 5473 aliquis
1865 5411 2045 5457 castra

477 5502 641 5563 ponat
664 5494 731 5549 ad
755 5492 874 5565 ejus
898 5494 1228 5550 custodiam.
1264 5492 1498 5551 Interius
1521 5506 1701 5551 autem
1721 5496 1875 5567 juxta
1899 5490 2049 5565 ἱρεοε

2158 4758 2325 4831 κροῦς
2362 4757 2583 4828 ἔχοντας
2610 4755 2814 4820 πάλους
2837 4754 2988 4819 ἐντὸς
3016 4752 3423 4826 πεπηγμένους,
3450 4750 3543 4816 οὓς
3568 4750 3651 4805 δεῖ
3670 4750 3729 4805 ἒν

2157 4849 2356 4920 γνώσει
2374 4851 2549 4905 ποιεῖν
2570 4851 2682 4914 τοῖς
2707 4847 2803 4903 τοῦ
2831 4847 3087 4920 στρατοῦ,
3114 4846 3202 4901 διὰ
3226 4844 3287 4901 τὸ
3317 4842 3394 4918 μὴ
3404 4841 3724 4914 ἀγνοοῦντας

2155 4943 2246 4997 ὑπ’
2276 4942 2456 4998 αὐτῶν
2490 4941 2846 5015 βλάπτεσθαι.

2227 5131 2325 5189 ις’.
2352 5123 2539 5193 Ἐχειν
2564 5121 2622 5175 δὲ
2656 5121 2755 5175 καὶ
2811 5120 2909 5193 τὴν
2944 5118 3276 5190 περίμετρον
3308 5113 3402 5170 τοῦ
3455 5112 3725 5201 φοσσάτουθ

2153 5218 2425 5291 τέσσαρας
2458 5216 2557 5288 μὶν
2590 5215 2743 5289 παρὰ
2772 5215 2871 5280 τὰς
2896 5213 3005 5287 (78)
3039 5210 3412 5284 μεγαλοτέρας
3442 5206 3535 5263 καὶ⁸
3555 5207 3721 5279 δημο-

2157 5311 2299 5373 σίας,
2328 5308 2679 5379 παραπόρτια
2711 5306 2769 5362 δὲ
2805 5306 2977 5378 μικρὰ
3019 5304 3262 5370 πλείονα,
3305 5302 3399 5356 καὶ
3450 5298 3575 5355 καθ’
3596 5296 3722 5353 ἑκά·

2158 5422 2289 5475 στην
2318 5403 2525 5470 πόρταν
2559 5402 2726 5473 ἢγουν
2758 5399 2934 5466 ἔξοδον
2954 5397 3097 5470 ἔχειν
3124 5397 3359 5470 ἄρχοντα
3378 5394 3469 5449 τὸν
3496 5387 3721 5463 πλησίον

2152 5495 2515 5551 ἀπλικεύοντα
2574 5495 2711 5568 πρὸς
2763 5492 3163 5566 παραφυλακὴν
3212 5490 3400 5562 αὐτῆς.
3467 5488 3615 5544 Ἐσω
3665 5482 3721 5537 δι

1987 5609 2221 5668 NOTAE.

527 5700 640 5778 (ἒξ)
658 5701 773 5778 Τὰς
793 5702 1153 5773 ἀποτροφιὶς.
1168 5704 1540 5778 Scribebatur,
1557 5705 1653 5769 τὰς
1668 5705 2036 5778 ἀποστροφάς.

524 5773 634 5846 (77)
685 5773 804 5830 Τῶν
855 5788 919 5827 τε
973 5775 1362 5845 στρατιωτῶν.
1409 5777 1785 5846 Sci-ibebatur,
1829 5773 1934 5833 τόγ’
1968 5796 2025 5832 τε

2147 5706 2395 5775 στρατόν.

2208 5771 2322 5849 (78)
2352 5776 2513 5848 Παρὰ
2533 5774 2662 5846 τάς.
2688 5773 2903 5842 Scribe,
2934 5771 3163 5847 πόρτας.
