4078 6306
262 342 370 409 797

1329 340 1666 403 TACTICA.
1709 365 1773 373 —
1811 335 2315 401 CONSTITUTIO
2349 336 2456 400 XI.

3414 337 3519 404 798

260 460 393 531 παρ’
417 459 587 527 αὐτὰς
614 461 709 525 τὰς
737 461 954 533 ἀμάξας
986 462 1084 526 τὰς
1116 463 1223 518 τῶν
1248 462 1419 534 ψιλῶν
1445 462 1637 523 τένταης
1666 460 1843 523 άπλᾶς

1953 474 2133 515 carros
2160 458 2383 524 levium,
2422 457 2473 513 id
2500 464 2603 521 est,
2631 454 2993 527 jaculatorum
3026 462 3079 513 et
3103 454 3517 529 sagittariorum

261 555 697 624 παρακειμένας,
747 556 914 625 ἦγουν
966 554 1075 609 τῶν
1112 573 1172 609 τε
1223 555 1557 610 ἀκοντιστῶν
1598 555 1693 609 καὶ
1736 558 1845 607 τῶν

258 645 513 716 τοξοτῶν,
546 648 641 701 καὶ
670 648 765 702 ἀπ’
783 649 1004 702 ἐκείνων
1028 646 1280 721 εὔκαιρον
1305 648 1577 718 διάστημα
1613 646 1747 720 (79),
1773 646 1847 710 ὡς

264 739 442 793 ποδῶν
466 746 531 807 τ’,
564 742 598 812 ἢ
630 740 694 807 υ’,
723 743 817 796 καὶ
859 742 982 796 τότε
1014 742 1113 806 τὰς
1150 742 1341 806 λοιπὰς
1372 742 1607 813 ταγῆναι
1630 742 1845 805 τέντας,

261 832 403 886 ὥστε
456 835 514 887 ὲν
572 839 691 900 ταῖς
725 836 833 890 τῶν
881 837 1091 908 ἐχθρῶν
1133 836 1369 901 τοξείαις
1412 836 1487 908 μὴ
1520 836 1846 907 πλήττεσθαι

260 925 363 990 τὰς
395 929 452 981 έν
484 928 561 1000 τῷ
611 930 781 1002 μέσῳ,
805 930 932 984 ἀλλ’
973 932 1031 984 έν
1064 929 1141 1000 τῷ
1180 929 1420 1003 εὐκαίρῳ
1443 931 1593 1001 τόπῳ
1628 930 1848 985 πίπτειν

261 1020 362 1085 τὰς
388 1023 672 1093 σαγίττας.

339 1110 427 1178 ιζ’.
446 1114 534 1166 Ἐν
556 1112 631 1184 τῷ
667 1113 814 1184 μέσῳ
841 1111 897 1166 δὲ
920 1110 1011 1165 τοῦ
1044 1112 1315 1182 φόσσάτου
1346 1112 1671 1184 σταυροειδῆ
1707 1113 1845 1167 πλα-

260 1204 414 1257 τεῖαν
445 1199 585 1258 εἶναι
633 1203 888 1275 στράταν,
938 1204 1001 1257 τὸ
1043 1203 1245 1268 πλάτος
1281 1203 1333 1275 μ’
1365 1204 1397 1276 ἢ
1450 1203 1492 1259 ν’
1519 1204 1716 1274 ποδῶν,
1753 1206 1847 1260 καὶ

262 1295 418 1350 ἐνθεν
469 1296 726 1351 κάκεῖθεν
780 1297 1150 1368 παρακεῖσθαι
1204 1298 1341 1371 αὐτῇ
1376 1298 1477 1361 τὰς
1521 1299 1712 1362 τέντας
1754 1301 1844 1371 ῥυ·

266 1390 497 1461 μοειδῶς
556 1391 679 1445 κατ’
702 1391 908 1464 δρδινον
936 1392 1165 1462 ἐχούσας
1221 1392 1390 1456 αὑτὰς
1423 1393 1602 1463 ὀλίγον
1636 1394 1730 1447 ἀπ’
1756 1394 1849 1448 άλ-

262 1483 444 1557 λήλων
475 1484 769 1557 διάστημα,
795 1486 889 1540 καὶ
914 1487 1143 1540 ἕκαστον
1164 1487 1517 1560 τουρμάρχην
1542 1486 1708 1560 μέσον
1738 1488 1847 1543 τῶν

268 1576 361 1629 ὑπ’
391 1576 554 1633 αὑτὸν
586 1576 923 1633 ἀπλικεύειν.

338 1668 430 1741 ιη’.
470 1671 537 1723 Σὲ
565 1670 621 1725 δὲ
649 1669 739 1725 τὸν
770 1672 1076 1744 στρατηγὸν
1110 1673 1189 1737 εἰς
1224 1672 1282 1725 ἐν
1314 1673 1500 1743 μέρος,
1548 1674 1642 1728 καὶ
1687 1674 1761 1746 μὴ
1792 1678 1847 1729 ὲν

261 1761 345 1831 τῷ
376 1762 526 1833 μέσῳ
548 1763 647 1833 τῆς
692 1761 971 1831 πλατείας,
1004 1763 1089 1819 ἵνα
1123 1764 1199 1837 μὴ
1229 1765 1322 1819 καὶ
1350 1768 1416 1837 τῇ
1450 1766 1589 1839 μέσῃ
1622 1768 1845 1835 ἐμποδί-

265 1825 526 1930 ζῐξςνπρὸς
562 1825 792 1926 πάροδον
820 1825 1046 1911 καὶνόπὸ
1082 1825 1199 1912 τῶν.
1229 1825 1665 1931 παρερχομένων
1690 1860 1850 1932 ὀχλῆ-
1886 1825 1925 1879 Β

267 1964 382 2001 σαι.
421 1948 559 2013 Τοὺς
595 1950 653 2003 δὲ
686 1948 1113 2022 καεαλλαρίους,
1147 1952 1243 2005 ἐὰν
1266 1954 1487 2024 γένηται
1519 1954 1708 2025 καιρὸς
1739 1956 1850 2007 εἰσ-

266 2041 466 2107 ελθεῖν,
515 2043 573 2097 ὲν
609 2042 686 2115 τῷ
715 2045 868 2117 μέσῳ
920 2044 1015 2100 τοῦ
1063 2046 1332 2116 φοσσάτου
1368 2045 1707 2114 ἁπλικεύειν,
1757 2048 1851 2102 καὶ

270 2136 348 2209 μὴ
372 2138 427 2189 ὲν
454 2138 567 2202 τοῖς
591 2136 805 2209 ἄκροις.

342 2226 427 2283 ιϐ’.
462 2230 595 2295 Τοὺς
642 2230 697 2284 δὲ
746 2230 1198 2305 χρησιμωτέρους
1255 2231 1361 2285 τῶν
1403 2231 1660 2303 κομήτων
1712 2233 1851 2304 μετά

266 2318 377 2373 τῶν
413 2321 503 2374 ὑπ’
524 2323 722 2387 αὐτοὺς
754 2323 1053 2394 ταγμάτων
1098 2325 1179 2388 είς
1229 2324 1327 2387 τὰς
1352 2325 1559 2395 πόρτας
1587 2323 1681 2378 τοῦ
1714 2342 1849 2395 (poc-

271 2416 435 2469 σάτου
462 2415 839 2487 ἀφορίζεσθαι,
868 2414 1009 2469 ὥστε
1040 2416 1177 2486 μετὰ
1200 2417 1297 2479 τὰς
1327 2417 1619 2488 έσπερινάς
1652 2418 1850 2488 μίσσας

273 2507 479 2578 μηδένα
534 2507 756 2579 θαρρεῖν
791 2509 950 2580 μέχρι
980 2507 1076 2561 τοῦ
1114 2508 1400 2580 δεδομένου
1438 2510 1664 2580 σημείου
1700 2511 1851 2582 παρὰ

267 2601 495 2672 γνώμην
526 2600 619 2654 τοῦ
668 2601 975 2673 στρατηγοῦ
1024 2603 1204 2657 αὐτῶν
1235 2602 1581 2675 εἰσέρχεσθαι
1626 2604 1658 2678 ἢ
1695 2604 1849 2677 ἐξέρο

164 2770 167 2771 ν
268 2694 463 2767 χεσθαι
494 2696 549 2748 ὲν
575 2694 653 2768 τῷ
679 2695 952 2768 φοσσάτῳ.

343 2784 415 2846 κ’.
464 2787 575 2852 Τὰς
613 2788 670 2842 δὲ
717 2788 1038 2860 νυκτερινὰς
1090 2789 1283 2862 βξγλας
1316 2789 1425 2846 τῶν
1471 2791 1852 2866 καεαλλαρίων

272 2879 475 2934 ἔσωθεν
505 2881 674 2935 όντων
703 2881 961 2953 ἀσφαλῶς
996 2883 1262 2951 γίνεσθαι.
1292 2884 1562 2948 Ἕκαστος
1604 2885 1660 2938 δὲ
1688 2903 1850 2960 τουρ-

1951 552 2232 623 simplices
2252 560 2450 618 tentas,
2490 550 2605 607 sive
2628 550 2861 607 tentoria
2895 566 3093 622 ponas,
3124 560 3177 606 et
3200 566 3229 605 a
3260 550 3521 606 curribus

1951 653 2344 709 trecentorum,
2380 653 2473 698 aut
2503 642 2987 713 quadragintorum
3015 643 3207 713 pedum
3232 640 3525 696 intervalio

1948 740 2235 803 distantes,
2266 748 2489 807 tumque
2535 738 2755 807 reliquae
2785 737 2857 793 ita
2894 736 3298 793 constituantur
3337 745 3523 795 lentae.

1949 832 2001 888 id
2031 841 2133 898 est,
2161 832 2411 898 tentoria,
2446 841 2503 885 nt
2525 832 2653 885 dum
2706 832 2891 887 hostes
2912 829 3390 903 sagittasjaciunt.
3419 832 3521 883 mi-

1950 942 2052 982 nus
2087 927 2141 980 in
2173 925 2354 980 medio
2380 926 2659 980 collocati:
2686 932 2849 979 tenue
2876 923 3167 994 feriantur,
3200 922 3293 980 sed
3319 938 3526 996 oppor-

1950 1030 2084 1075 tuno
2117 1020 2168 1075 in
2196 1020 2317 1075 loco
2352 1020 2561 1090 sagitta:
2598 1021 2817 1074 cadant.

2022 1112 2112 1167 17.
2151 1111 2209 1168 In
2246 1113 2425 1168 medio
2459 1124 2762 1168 castrorum
2789 1113 2963 1185 platea
2993 1123 3160 1169 strata
3191 1115 3261 1171 sit
3295 1114 3361 1169 ad
3395 1129 3531 1169 cru-

1949 1208 2028 1261 cis
2064 1205 2291 1261 formam
2338 1214 2671 1270 transversa,
2709 1207 3065 1279 quadraginta
3096 1211 3206 1281 [aut
3252 1209 3531 1279 quinqua-r

1950 1300 2097 1371 ginta
2146 1301 2340 1371 pedum
2379 1301 2686 1366 latitudine,
2730 1310 2784 1356 et
2828 1302 2956 1356 hinc
3014 1312 3177 1372 atque
3220 1302 3368 1356 illine
3413 1311 3528 1355 ten-

1950 1399 2017 1447 ta:
2056 1401 2111 1449 et
2158 1401 2360 1458 castra,
2392 1393 2531 1449 serie
2562 1393 2796 1464 quadam
2841 1406 2893 1449 et
2924 1394 3117 1448 ordine
3162 1394 3523 1463 compitorum

1951 1499 1981 1539 a
2018 1500 2077 1541 se
2108 1484 2366 1541 distantia
2417 1495 2713 1556 ponantur.
2760 1484 3153 1557 Unusquisque
3192 1496 3373 1540 autem
3408 1495 3525 1540 tur-

1949 1596 2052 1635 mae
2086 1579 2378 1651 praefectus
2408 1581 2459 1635 in
2490 1581 2666 1635 medio
2688 1597 2913 1636 suorum
2944 1592 3119 1636 castra
3154 1581 3369 1635 habeat.

2019 1674 2106 1732 18.
2142 1673 2221 1731 Τιι
2276 1691 2425 1740 vero,
2466 1676 2784 1745 imperator,
2826 1692 2933 1731 una
2965 1676 3145 1746 aliqua
3175 1691 3238 1731 ex
3265 1684 3440 1747 parte,
3473 1686 3527 1731 et

1951 1781 2056 1821 non
2116 1767 2167 1823 in
2210 1767 2384 1822 media
2426 1768 2601 1838 platea
2657 1781 2837 1824 castra
2883 1768 3106 1836 habeas,
3160 1784 3232 1824 ne
3293 1769 3526 1824 aliorum

1955 1858 2149 1915 itinera
2196 1870 2247 1915 et
2280 1861 2568 1915 transitum
2606 1860 2893 1932 impedias,
2934 1873 3103 1932 tuque
3138 1862 3250 1933 ipse
3281 1878 3310 1916 a
3343 1871 3527 1918 trans-

1952 1952 2211 2009 euntibus
2256 1952 2595 2023 perturbere.
2638 1952 2892 2025 Equites,
2952 1955 2999 2012 si
3046 1956 3425 2026 opportunitas
3472 1956 3527 2012 id

1953 2044 2113 2111 terat,
2149 2045 2201 2101 in
2228 2045 2425 2103 mediis
2458 2047 2675 2116 castris,
2708 2057 2762 2105 et
2784 2062 2892 2105 non
2923 2049 2979 2105 in
3006 2051 3288 2122 extremis,
3320 2053 3529 2109 consti-

1955 2149 2098 2196 tues.

2025 2234 2108 2290 19.
2149 2235 2481 2307 Aptissimos
2510 2253 2725 2309 quoque
2769 2238 2998 2295 comites
3026 2255 3149 2295 cum
3184 2241 3299 2298 suis
3328 2244 3526 2296 cohor-

1954 2328 2098 2384 tibus
2133 2329 2197 2385 ad
2232 2338 2419 2400 portas
2453 2331 2645 2388 fossati
2699 2332 3019 2403 collocabis,
3054 2345 3113 2390 ut
3146 2346 3271 2406 post
3302 2352 3525 2407 vesper-

1954 2421 2097 2475 tinas
2136 2422 2332 2477 missas
2379 2438 2538 2479 nemo
2580 2424 2781 2480 audeat
2822 2438 3018 2497 przeter
3048 2427 3391 2498 imperatoris
3435 2446 3527 2483 vo-

1954 2514 2236 2582 luntatem,
2280 2515 2387 2570 nisi
2438 2517 2565 2571 dato
2616 2519 2775 2590 signo
2829 2519 3059 2590 ingredi,
3112 2531 3205 2576 aut
3249 2537 3280 2577 e
3317 2521 3526 2577 fossato

1952 2608 2155 2678 egredi.

2024 2786 2111 2841 20.
2155 2784 2447 2844 Nocturna:
2474 2789 2719 2860 equitum
2757 2790 3002 2847 excubiae
3032 2791 3178 2849 intus
3207 2802 3324 2848 tuto
3369 2794 3515 2853 ﬁant.

1959 2878 2346 2953 Unusquisque
2406 2886 2719 2940 turmareba
2789 2902 2951 2942 suum
3026 2888 3399 2945 mandatorem
3456 2891 3520 2945 ad

276 2971 493 3044 μάρχης
520 2972 604 3026 ἴνα
635 2972 766 3027 ἴδιον
803 2973 1111 3045 μανδάτορα
1145 2974 1405 3047 ἀφορίσῃ,
1443 2975 1584 3030 ὥστε
1607 2972 1745 3030 εἶναι
1772 2979 1851 3043 είς

1957 2976 2302 3045 imperatoris
2344 2979 2625 3034 cohortem
2671 2981 2946 3048 amandet,
2995 2991 3055 3037 ut
3085 2980 3155 3036 ibi
3192 2996 3525 3052 permaneat.

270 3064 373 3135 τὴν
407 3064 609 3137 κόρτην
654 3063 747 3119 τοῦ
782 3065 1089 3137 στρατηγοῦ
1123 3066 1576 3139 προσεδρεύοντα.
1621 3067 1851 3140 Ὁμοίως

1956 3067 2219 3124 Similiter
2249 3071 2556 3140 drungarii,
2601 3071 2654 3126 id
2698 3080 2782 3128 est
2833 3073 3037 3129 tribuni
3066 3084 3120 3130 ct
3164 3075 3415 3143 comites,
3458 3078 3525 3130 ad

271 3157 331 3211 δὲ
353 3159 589 3223 καὶτοὺς
611 3158 1002 3231 δρουγγαρίους
1026 3160 1122 3213 καὶ
1154 3160 1405 3233 κόμητας
1434 3163 1513 3225 είς
1537 3162 1633 3233 τὴν
1663 3162 1851 3215 τένταν

1958 3164 2395 3218 turmarcharum
2432 3176 2611 3220 castra
2640 3181 2771 3221 suos
2808 3168 3044 3233 mittant,
3087 3176 3145 3223 ut
3184 3183 3282 3239 per
3310 3184 3408 3226 eos
3438 3185 3528 3225 ce-

271 3246 371 3301 τοῦ
392 3251 757 3323 τουρμάρχουο
786 3251 873 3306 ἵνα
890 3251 977 3307 διὰ
1006 3251 1210 3307 τούτων
1243 3254 1523 3326 συντόμως
1544 3252 1851 3324 γινώσκωσι

1959 3256 2146 3312 leriter
2172 3267 2529 3328 cognoscant,
2561 3274 2684 3329 quae
2713 3259 2920 3331 agenda
2952 3270 3101 3316 sunt.

276 3342 479 3407 πάντες
498 3347 565 3400 τὰ
593 3344 970 3419 ἐντελλόμενα.

349 3442 454 3493 κα.’.
482 3437 665 3508 Ἐχειν
685 3438 742 3493 δέ
767 3457 847 3507 σε,
876 3436 919 3496 ὧ
949 3441 1245 3514 στρατηγέ,
1278 3441 1406 3514 περὶ
1455 3440 1649 3497 ἑαυτὸν
1673 3442 1855 3513 βουκι-

276 3528 507 3602 νάτορας
534 3533 628 3587 καὶ
658 3533 868 3605 μικρῶν
897 3534 1161 3607 βουκίνων
1185 3538 1279 3591 καὶ
1321 3536 1594 3609 μεγάλων,
1627 3537 1721 3591 καὶ
1758 3536 1852 3591 τοῦ

275 3625 582 3696 εἰθισμένου
610 3626 858 3699 βουκίνου
888 3630 1241 3695 σαλπίζοντος
1270 3630 1399 3702 περὶ
1423 3630 1664 3703 ἑσπέραν
1685 3629 1853 3684 παύε-

277 3720 403 3773 σθαι
448 3720 555 3774 τῶν
600 3721 800 3790 πόνων,
837 3722 932 3778 καλ⁸
956 3723 1309 3789 δειπνοῦντας
1342 3723 1561 3795 ψάλλειν
1586 3724 1677 3779 τὸν
1704 3742 1853 3798 τρισ-

284 3812 440 3882 άγιον
475 3813 644 3883 ὖμνον
670 3815 805 3887 (80).

348 3905 452 3979 κβη
486 3909 866 3980 Ἀφορίζεσοαι
889 3910 945 3964 δὲ
972 3910 1066 3965 καί
1103 3928 1255 3975 τινας
1285 3909 1486 3978 ίδικούς
1522 3929 1615 3966 σου
1641 3911 1852 3984 ἀνθρὼ-

276 4016 412 4063 πους
459 4002 700 4066 πιστοὺς,
741 4004 827 4058 ἵνα
857 4003 1314 4075 καταμανθάνωσι
1371 4003 1470 4068 τὰς
1514 4004 1723 4077 βίγλας,
1759 4005 1853 4060 καὶ

277 4093 414 4150 πᾶσι
450 4095 868 4168 παραγγέλλωσι
900 4098 1110 4170 σιωπὴν
1152 4099 1318 4169 ἔχειν,
1339 4096 1479 4152 ὥστε
1509 4098 1568 4167 ἐξ
1589 4097 1853 4172 ὀνόματος

280 4188 359 4261 μὴ
381 4187 601 4261 θαρρεῖν
641 4190 782 4261 μετὰ
812 4189 1061 4263 κραυγῆς
1097 4190 1281 4245 καλεῖν
1303 4191 1394 4245 τὸν
1418 4191 1632 4263 ἑταῖρον
1661 4190 1848 4247 αὐτοῦ*

278 4280 451 4336 πολλά
479 4283 587 4355 γὰρ
614 4283 683 4337 τὰ
716 4284 780 4337 ὲκ
815 4284 913 4354 τῆς
945 4283 1155 4354 σιωπῆς
1184 4283 1383 4352 ἀγαθά.
1418 4284 1528 4339 Καὶ
1546 4285 1629 4340 ὅτι
1656 4285 1853 4341 πολλά-

275 4393 368 4441 κις
406 4377 744 4432 κατάσκοποι
803 4377 1079 4450 πολεμίων
1124 4379 1188 4432 ὲκ
1214 4377 1401 4434 τούτου
1433 4378 1528 4433 τοῦ
1555 4379 1756 4453 τρόπου
1794 4381 1851 4435 έν

276 4470 359 4543 τῷ
396 4470 746 4544 στρατοπέδῳ
770 4471 1127 4536 λανθάνοντες
1168 4472 1530 4547 ἐφωράθησαν
1562 4474 1655 4528 καὶ
1682 4474 1849 4547 ἔκρα-

2023 3435 2113 3493 21.
2169 3436 2384 3492 Habeas
2428 3447 2630 3505 tecum,
2681 3454 2715 3494 ο
2767 3439 3086 3512 imperator,
3143 3442 3527 3502 buccinatorcs

1954 3537 2069 3585 tum
2103 3530 2370 3602 majorum
2402 3531 2784 3599 buccinarum,
2818 3542 2931 3589 tum
2963 3534 3261 3605 minorum,
3301 3546 3356 3593 et
3386 3552 3524 3594 con-

1953 3633 2110 3678 sueta
2142 3623 2372 3678 buccina
2427 3625 2634 3694 vesperi
2672 3636 2925 3693 sonante,
2969 3628 3225 3685 desinant
3263 3645 3295 3686 ει
3323 3631 3523 3687 labori-

1957 3715 2082 3783 bus,
2129 3722 2185 3769 et
2249 3714 2340 3771 ub'i
2407 3718 2765 3783 camarerint,
2812 3720 3114 3791 τρισάγιον,
3172 3723 3225 3779 id
3291 3732 3395 3791 est,
3447 3734 3525 3783 ter

1955 3817 2203 3864 sanctum
2233 3807 2494 3879 hymnum
2526 3808 2639 3880 (81)
2674 3822 2898 3866 canant,

2024 3898 2114 3954 22.
2173 3897 2453 3966 Quosdam
2512 3900 2676 3955 etiam
2752 3901 3059 3973 singulares
3130 3906 3278 3963 viros
3341 3907 3527 3965 tideies

1953 3994 2283 4061 constitues,
2351 4003 2408 4049 ut
2465 3994 2727 4052 excubias
2776 3997 3128 4067 perlustrant,
3173 4008 3227 4056 et
3270 4001 3527 4060 omnibus

1953 4088 2273 4161 pracipiant
2321 4090 2627 4157 silentium,
2661 4099 2719 4145 ut
2767 4106 2835 4146 ne
2873 4093 3096 4148 nomine
3120 4094 3408 4166 quisquam
3436 4112 3527 4153 so-

1956 4184 2102 4239 cium
2137 4199 2298 4238 suum
2348 4183 2620 4254 appellare
2665 4184 2897 4253 audeat;
2954 4186 3123 4241 multa
3156 4189 3301 4244 enim
3353 4204 3419 4245 ex
3450 4191 3527 4246 si-

1954 4278 2118 4333 lentio
2149 4276 2289 4332 bona
2327 4277 2774 4348 proﬁciscuntur.
2816 4278 3067 4351 Perszepe
3106 4282 3253 4338 enim
3285 4284 3352 4339 ad
3381 4284 3529 4341 hunc

1956 4371 2175 4428 modum
2222 4371 2461 4428 hostium
2506 4372 2881 4443 speculatores
2929 4374 3251 4445 deprehensi
3280 4377 3333 4432 in
3373 4393 3529 4434 exer-

1954 4465 2062 4521 citu
2112 4476 2274 4536 atque
2325 4464 2463 4520 adeo
2502 4466 2645 4536 capti
2694 4473 2845 4532 sunt,
2886 4468 3349 4538 quemadmodum
3393 4487 3529 4529 con-

278 4562 544 4636 τήθησαν,
581 4563 769 4637 ὥσπερ
805 4566 901 4620 καὶ
939 4565 1003 4619 ὲκ
1025 4568 1122 4637 τῆς
1148 4566 1396 4640 κραυγῆς
1428 4565 1598 4621 πολλὰ
1617 4565 1685 4622 τὰ
1713 4584 1851 4639 συμ-

1958 4567 2036 4613 tra
2077 4573 2145 4614 ex
2180 4557 2419 4615 clamore
2458 4567 2513 4614 et
2552 4559 2785 4614 tumultu
2830 4561 2999 4616 multa
3039 4578 3183 4634 saepe
3212 4564 3353 4620 mala
3384 4566 3529 4621 exsi-

276 4657 530 4713 σαίνοντα
549 4658 807 4732 βλαϐερά.

352 4751 457 4821 κγ’.
496 4753 745 4807 Κωλύειν
796 4754 853 4807 δὲ
904 4755 1129 4819 καὶτὰς
1155 4752 1433 4826 ὀρχήσεις,
1476 4755 1572 4808 καὶ
1621 4754 1854 4827 μάλιστα

276 4846 377 4911 τὰς
408 4847 721 4918 ἐσπερινὰς,
752 4849 847 4902 καὶ
870 4847 998 4902 ἄλλο
1026 4849 1081 4901 εἴ
1102 4866 1153 4902 τι
1177 4846 1449 4916 παίγνιον,
1482 4847 1557 4911 ῶς
1588 4849 1663 4922 μὴ
1693 4848 1851 4921 μόνον

274 4942 552 5013 ἀκόσμους
588 4942 681 4995 καὶ
717 4942 1079 5012 θορυδοειδεῖς
1132 4942 1393 4997 ποιοῦντα
1436 4940 1685 5009 ἀταξίας,
1717 4942 1853 4997 ἀλλὰ

276 5036 371 5089 καλ⁸
397 5037 596 5100 κόπους
626 5036 917 5107 ἀνωφελεῖς
950 5036 1276 5107 παρέχοντα.

351 5218 448 5271 κδ’.
486 5220 610 5272 Ἐὰν
650 5219 705 5273 δὲ
750 5219 949 5292 μέλλῃς
1004 5218 1266 5291 μεθιστᾷν
1317 5219 1396 5283 είς
1455 5218 1641 5291 ἕτερον
1688 5218 1848 5271 τόπον

278 5309 389 5365 ἀπὸ
411 5311 675 5365 ἁπλίκτου
699 5312 761 5365 τὸ
797 5315 1135 5385 στράτευμα,
1172 5313 1265 5366 καὶ
1299 5309 1466 5383 βούλη
1509 5311 1689 5365 λαθεῖν
1725 5311 1848 5374 τοὺς

278 5404 590 5477 πολεμίους,
619 5407 653 5479 ἥ
681 5407 880 5473 τόπους
907 5408 1139 5480 ὀχυροὺς
1171 5404 1684 5479 προκαταλαϐέσθαι
1723 5422 1851 5478 προ-

1955 4659 2128 4708 stunt.

2024 4748 2114 4805 23.
2146 4750 2444 4808 Probibeas
2481 4751 2646 4808 etiam
2698 4752 2977 4808 orebeseis
3024 4750 3139 4823 (82)
3192 4760 3247 4808 et
3291 4754 3525 4812 maxime

1955 4853 2276 4911 nocturnas,
2326 4853 2381 4900 et
2416 4847 2460 4901 si
2490 4846 2621 4917 quid
2660 4845 2809 4901 aliud
2841 4844 3110 4900 ludicrum
3140 4855 3241 4914 est,
3270 4861 3393 4916 quae
3418 4862 3527 4907 nou.

1956 4935 2131 4990 solum
2167 4935 2452 4992 indecoras
2508 4945 2562 4991 et
2608 4934 2977 4991 tumultuosas
3024 4932 3235 4993 ordinis
3313 4943 3529 5004 pertur-

1958 5030 2205 5087 bationes
2250 5028 2477 5096 faciunt,
2530 5028 2623 5086 sed
2656 5029 2821 5085 etiam
2856 5027 3072 5084 labores
3112 5027 3335 5084 inutiles
3385 5043 3526 5099 prae-

1956 5126 2105 5182 bent.

2023 5220 2113 5275 24.
2150 5220 2207 5277 Si
2236 5221 2534 5277 exercitum
2586 5236 2616 5276 a
2645 5220 2841 5277 castris
2886 5219 2955 5276 ad
2997 5218 3103 5275 alia
3135 5229 3313 5275 castra
3352 5227 3529 5273 trans-

1959 5314 2101 5370 ferre
2132 5316 2310 5386 cupis,
2357 5315 2519 5386 idque
2563 5315 2704 5371 clam
2742 5314 2927 5370 hostes
2974 5312 3173 5377 facere,
3220 5311 3303 5367 vel
3344 5311 3526 5367 locum

1957 5406 2191 5476 aliquem
2240 5406 2457 5461 firmum
2528 5406 2780 5462 hostibus
2828 5404 3121 5476 praeripere
3170 5402 3378 5469 studes,
3434 5412 3529 5457 aut

1806 5498 2037 5556 NOTAS.

348 5593 791 5684 '(79)Ebrtalp6r
848 5594 1169 5664 διάστημα.
1234 5592 1608 5661 Scribebatur,
1663 5593 1854 5665 καιρὸν

276 5668 575 5740 διάστημα.

353 5738 467 5810 (80)
505 5739 775 5803 intuen-
794 5736 899 5810 τότ
922 5735 1231 5807 τρισάγιον
1248 5736 1461 5808 ὕμνον.
1519 5736 1595 5793 De
1622 5736 1727 5810 hoc
1753 5738 1854 5808 by-

278 5808 413 5866 ιιιιιο
440 5812 597 5883 plene
626 5826 726 5868 nos
765 5812 821 5867 in
849 5808 1126 5866 Glossario
1153 5818 1348 5868 nostro
1373 5808 1722 5867 commcntati
1755 5824 1849 5865 su-

282 5896 433 5940 mus.

2058 5595 2148 5666 8t)
2187 5595 2297 5650 Iloc
2322 5604 2427 5663 est,
2461 5593 2806 5657 saltationes,
2834 5592 3089 5649 choreas.

2058 5595 2148 5666 8t)
2187 5595 2297 5650 Iloc
2322 5604 2427 5663 est,
2461 5593 2806 5657 saltationes,
2834 5593 3089 5649 choreas.

2034 5593 2148 5739 $82)
2186 5666 2471 5739 Trisagion
2505 5682 2613 5721 non
2666 5674 2747 5721 est
2774 5666 3012 5739 hymnus
3041 5672 3127 5739 ter
3149 5667 3399 5739 sanctus,
3429 5657 3528 5739 sed

1961 5735 2219 5866 hymdnus,
2247 5740 2300 5792 in
2326 5735 2435 5812 quo
2462 5739 2604 5796 Deus
2632 5746 2713 5794 ter
2731 5735 2826 5794 seu
2856 5735 3032 5793 tribus
3057 5735 3272 5792 vicibus
3302 5738 3525 5789 sanctus

1962 5826 2071 5880 pra:
2112 5812 2310 5867 icatnr.
