4020 6312
663 440 767 503 803
1913 430 2188 493 LEONIS
2226 428 2681 492 PHILOSOPHI
3821 425 3931 491 8(‘1

732 553 823 607 40.
855 550 949 605 Sin
993 550 1175 607 hostes
1207 548 1544 615 immineant,
1590 543 1984 618 providendum
2014 552 2120 607 est,
2170 555 2238 595 ne
2264 547 2316 607 Α

2412 545 2488 610 μ’.
2528 537 2652 592 Ἐάν
2704 536 2760 591 δέ
2794 536 2844 591 οἱ
2874 536 3057 609 ἐχθροὶ
3080 536 3393 608 ἐγγίζωσιν,
3416 539 3502 592 ἵνα
3534 537 3922 594 συνάπτωνται

661 643 849 699 eodem
898 643 951 697 in
1004 642 1233 707 ambitu,
1275 638 1503 698 confuse
1540 638 1749 710 equites
1801 642 1978 691 castra
2027 639 2230 702 ponant

2341 631 2389 684 οἱ
2413 629 2766 701 καϐαλλάριοι
2797 633 2913 695 τοῖς
2940 630 3144 696 πεζοῖς,
3173 632 3265 685 καὶ
3293 634 3351 686 ἐν
3386 631 3463 703 τῷ
3494 632 3611 702 ἅμα
3660 633 3928 686 άπλικεύη

659 751 782 790 cum
799 733 1086 803 peditibus,
1106 732 1197 788 sed
1212 732 1528 803 separatim,
1544 746 1606 786 ac
1622 729 1870 785 distincte
1886 727 2225 784 consideant.

1736 729 1870 784 incte
1886 727 2225 784 consideant.
2322 740 2485 781 ,ουσιν
2517 723 2575 777 ἐν
2600 726 2711 788 τοῖς
2736 724 3087 795 τεταγμένοις
3117 725 3323 790 τόποις.

729 829 818 884 41.
850 828 980 883 Belli
1019 836 1262 897 tempore
1284 825 1459 881 ﬁrmis
1497 826 1552 880 in
1579 824 1714 880 locis
1742 832 1917 879 castra
1948 835 2144 893 ponas,
2173 828 2227 876 et

2409 813 2521 888 μα’.
2565 817 2653 872 Ἐν
2687 816 2746 871 δὲ
2774 816 2853 889 τῷ
2899 817 2993 872 τοῦ
3055 818 3293 890 πολέμου
3353 821 3531 891 καιρῷ
3585 821 3717 876 δέον
3756 837 3817 875 σε
3847 823 3924 886 εἰς

656 937 788 976 cura
821 922 914 976 tibi
949 930 1284 976 commeatus
1335 933 1626 989 rerumque
1660 918 2089 973 necessariarum
2133 929 2227 970 su-

2333 909 2565 980 ὀχυροὺς
2597 907 2794 974 τόπους
2822 908 2888 963 τὰ
2917 906 3431 979 άπλικταιέπινοεῖν,
3466 914 3562 967 καὶ
3602 913 3920 985 φροντὶζειν

550 1002 551 1005 “
658 1013 937 1084 scipienda
973 1022 1076 1079 est,
1115 1025 1170 1067 ut
1197 1023 1310 1067 tum
1364 1011 1638 1075 homines,
1672 1019 1782 1065 tum
1808 1009 2055 1080 iumenta
2100 1023 2133 1078 p

2333 1002 2440 1056 τῶν
2488 1004 2832 1075 ἐπιτηδείων,
2871 1003 2944 1077 μὴ
2970 1004 3149 1075 μόνον,
3186 1006 3260 1070 ὡς
3284 1008 3519 1078 εἰρηται,
3551 1009 3655 1080 τῆς
3684 1009 3801 1063 τῶν
3830 1010 3920 1064 ἀν-

630 1118 633 1121 ·
660 1120 851 1160 eorum
876 1104 1084 1160 dierum
1115 1114 1497 1169 commeatum,
1530 1113 1749 1174 propter
1775 1102 2068 1172 ancipitem
2097 1099 2217 1154 belli

2332 1094 2570 1167 Θρώπων
2600 1096 2915 1176 ἀποτροφῆς
2949 1097 3144 1167 ὀλίγων
3180 1100 3424 1170 ἡμερῶν,
3447 1097 3563 1155 ἀλλ’
3586 1104 3639 1156 εἰ
3670 1102 3914 1169 δυνατόν,

656 1208 939 1262 eventum,
968 1197 1222 1253 habeant.
1280 1195 1515 1251 Maxime
1555 1204 1735 1251 autem
1780 1193 2220 1266 prospiciendum

2331 1187 2423 1239 καὶ
2472 1186 2582 1240 τῶν
2640 1186 2885 1257 ἀλόγων,
2944 1187 3029 1242 διὰ
3069 1189 3131 1242 τὸ
3166 1189 3358 1261 ἄδηλον
3382 1190 3475 1245 τοῦ
3508 1191 3783 1263 πολέμου,
3830 1198 3917 1248 καὶ

654 1300 761 1355 est,
798 1297 857 1343 ut
898 1291 951 1343 in
988 1289 1177 1360 primis
1222 1303 1419 1357 aquam
1460 1287 1729 1354 obtineas,
1763 1296 1818 1341 et
1861 1285 1930 1341 ab
1973 1285 2223 1342 hostibus

2329 1276 2726 1347 ἐπιμελεῖσθαι,
2754 1278 2845 1331 καὶ
2874 1276 3210 1347 διασκοπεῖν,
3252 1281 3339 1336 ἵνα
3369 1281 3457 1336 διὰ
3488 1283 3716 1339 πάντων
3754 1285 3916 1339 δύνα-

653 1380 937 1448 defendas,
968 1396 1074 1452 qua
1107 1380 1185 1437 illi
1210 1381 1479 1434 interdum
1515 1379 1769 1448 egebunt.
1804 1377 1861 1432 Si
1894 1392 2119 1449 campus
2139 1386 2223 1456 est

2332 1383 2419 1421 σαι
2451 1367 2511 1423 τὸ
2539 1366 2684 1440 ὕδωρ
2714 1368 2973 1424 ἐκδικεῖν·
3023 1372 3080 1424 ἐν
3112 1371 3288 1443 καιρῷ
3319 1372 3428 1443 γὰρ
3460 1376 3556 1427 καὶ
3584 1377 3718 1441 τοὺς
3770 1378 3918 1431 πολε-

653 1471 709 1526 in
748 1486 859 1542 quo
892 1470 1227 1527 conﬂictatio
1256 1470 1381 1526 belli
1414 1468 1596 1525 futura
1628 1477 1732 1534 est,
1766 1483 1795 1523 a
1829 1476 1979 1539 tergo
2012 1467 2095 1523 vel
2120 1465 2223 1522 ilu-

2331 1457 2490 1527 μίους
2519 1456 2663 1523 ’ἐξεις
2689 1457 3001 1530 δεομένους.
3038 1462 3145 1515 Καὶ
3172 1461 3267 1516 ἐὰν
3304 1464 3403 1533 μέν
3446 1466 3563 1518 ἐστι
3605 1467 3835 1538 κάμπος
3860 1470 3914 1521 ἐν

651 1564 799 1619 vium
828 1565 907 1620 vel
947 1563 1123 1619 laeum
1146 1564 1370 1631 habeas,
1403 1574 1497 1619 aut
1523 1563 1760 1635 aliquam
1792 1560 2002 1616 ﬁrmam
2034 1560 2219 1616 muni-

2329 1542 2370 1617 ᾧ
2396 1550 2427 1620 ἡ
2447 1549 2696 1622 συμῦολὴ
2726 1551 2819 1604 τοῦ
2840 1551 3077 1623 πολέμου
3103 1553 3567 1625 μέλλειξγίνεσθαι,
3591 1558 3916 1624 σπουδάζειν

652 1657 877 1723 tionem.
2333 1640 2432 1710 μὲν
2470 1640 2612 1713 ἔχειν
2648 1642 2865 1704 πάντως
2895 1644 2974 1708 εἷς
3004 1644 3071 1698 τὰ
3103 1646 3279 1717 ὀπίσω
3304 1646 3337 1717 ἢ
3363 1648 3607 1719 ποταμὸν
3633 1650 3669 1721 ἦ
3693 1649 3909 1723 λίμνην,

2326 1734 2359 1805 ἢ
2389 1733 2574 1804 ἕτερον
2602 1737 2843 1789 τοιοῦτον
2866 1737 3148 1810 ὀχύρωμα.

730 1838 819 1894 4⁸2.
855 1834 1163 1897 Fossatum.
1200 1832 1253 1887 id
1276 1841 1376 1897 est,
1411 1839 1717 1886 castrorum
1740 1828 2004 1884 ambitum
2037 1827 2218 1883 muni-

2400 1824 2510 1897 μβ’.
2544 1827 2654 1882 Καὶ
2685 1828 2744 1881 τὸ
2772 1829 2871 1900 μὲν
2903 1832 3170 1899 φοσσάτον
3199 1835 3373 1886 ποιεῖν
3393 1833 3612 1905 ὀχυρὸν,
3631 1837 3726 1890 καὶ
3749 1852 3912 1907 στρι-

654 1940 765 1984 tum
822 1927 1017 1990 facias,
1050 1936 1103 1981 et
1141 1925 1277 1980 satis
1309 1919 1509 1977 multos
1548 1919 1623 1975 ibi
1672 1919 1971 1974 instructos
2017 1914 2218 1972 milites

2321 1918 2408 1972 τὸν
2464 1922 2522 1973 ὲν
2554 1918 2703 1990 αύτῷ
2737 1922 3180 1992 καταλιμπάνειν
3211 1924 3301 1979 τὸν
3338 1926 3608 1995 ἁρκοῦτα,
3639 1928 3731 1983 ἵνα
3766 1930 3849 2001 μὴ
3880 1932 3908 1982 ὁ

653 2022 952 2091 relinquas,
999 2001 1060 2074 ut
1102 2032 1170 2072 ne
1199 2016 1247 2072 si
1283 2015 1519 2071 hostium
1564 2013 1673 2069 dux
1706 2012 1901 2068 castris
1936 2011 2043 2066 tuis
2080 2010 2217 2067 insi-

2316 2009 2424 2061 τῶν
2474 2010 2751 2082 πολεμίων
2805 2014 3108 2084 στρατηγὸς
3137 2014 3503 2090 ἐπιϐουλεύσῃ
3539 2018 3633 2071 τὸν
3666 2021 3903 2091 χάρακα,

649 2113 849 2176 dietur,
890 2126 984 2165 eos
1020 2109 1112 2181 qui
1159 2106 1214 2162 in
1246 2104 1444 2161 castris
1487 2112 1615 2159 sunt
1650 2116 1845 2158 omnes
1900 2100 2215 2156 interﬁciat.

2316 2102 2411 2159 καὶ
2434 2102 2726 2180 διαφθείρῃ
2759 2107 2887 2171 τοὺς
2935 2106 3157 2165 ἔσωθεν,
3195 2110 3303 2175 Τὰς
3354 2111 3414 2165 δὲ
3450 2112 3669 2184 ἀμάξας
3700 2115 3903 2169 ἐπακο-

650 2206 859 2263 Currus
898 2211 1081 2260 autem
1106 2201 1182 2257 tui
1204 2199 1375 2255 aciem
1400 2206 1725 2269 sequantur.

1242 2199 1375 2255 ciem
1400 2206 1725 2269 sequantur.
2316 2194 2533 2251 λουθεῖν
2562 2196 2621 2251 ἐν
2657 2196 2829 2263 τάξει.

725 2297 817 2353 45.
847 2296 903 2351 Si
936 2294 1092 2350 fortis
1134 2292 1299 2369 fuerit
1338 2290 1492 2347 locus
1532 2299 1695 2359 atque
1726 2287 2027 2358 inaequalis,
2062 2303 2215 2343 cara-

2390 2286 2496 2360 μγ’.
2528 2290 2589 2344 ΕΞ
2617 2288 2673 2345 δὲ
2710 2290 2934 2356 δυνατός
2981 2293 3127 2348 ἐστιν
3173 2294 3201 2348 ὁ
3247 2296 3411 2359 τόπος
3440 2296 3534 2351 κειὶ
3582 2297 3900 2369 ἀνώμαλοεν

649 2405 801 2459 gum,
857 2389 909 2444 id
956 2394 1057 2453 est,
1100 2365 1399 2451 vecturam,
1448 2372 1762 2453 reliquaque
1808 2381 2214 2453 impedimenta,

2313 2380 2407 2435 τὸν
2434 2383 2532 2454 μὲν
2584 2384 2844 2457 καραγδν,
2875 2386 2996 2457 ἦτοι
3050 2385 3151 2450 τὰς
3202 2386 3439 2457 ἀμάξας,
3485 2389 3577 2444 καὶ
3612 2391 3681 2445 τὰ
3708 2365 3719 2369 ⁷
3744 2392 3900 2461 ὃμοια

650 2492 812 2554 atque
851 2488 1169 2551 apparatum
1209 2478 1263 2532 in
1291 2474 1498 2532 fossato
1519 2490 1640 2530 cum
1677 2474 1863 2545 paucis
1885 2472 2210 2544 quibusdam

2316 2476 2415 2561 και
2457 2475 2519 2529 τὸ
2556 2476 2743 2530 λοιπὸν
2790 2476 3032 2545 τοῦλδον,
3059 2480 3117 2532 ἐν
3143 2479 3220 2551 τῷ
3270 2482 3900 2556 φοσσάτῳκαταλιμπά-

648 2574 782 2629 viris
830 2571 1114 2629 curulibus
1167 2568 1233 2626 ad
1284 2569 1501 2625 illorum
1559 2567 1859 2624 custodiam
1915 2566 2208 2637 relinques.

2316 2584 2427 2622 νειν
2461 2569 2607 2639 μετὰ
2661 2568 2856 2639 ὀλίγων
2886 2570 2995 2625 τῶν
3042 2571 3411 2643 ἀμαξηλατῶν
3447 2576 3529 2641 εἰς
3580 2579 3896 2649 παραφυλα-

648 2667 809 2722 Acics
846 2674 1026 2722 autem
1059 2663 1329 2720 instructa
1365 2661 1560 2730 idoneo
1585 2659 1640 2716 in
1683 2661 1805 2734 loco
1838 2676 2003 2733 prope
2034 2660 2213 2718 fossa-

2314 2659 2437 2730 κὴν,
2465 2659 2562 2731 τὴν
2591 2660 2647 2714 δέ
2679 2663 2983 2732 παράταξιν
3008 2664 3235 2735 πλησίον
3265 2666 3358 2721 τοῦ
3382 2670 3657 2738 φοσσάτου
3678 2671 3896 2726 τάσσειν

652 2770 763 2814 tum
786 2759 1102 2816 collocetur.

2314 2754 2374 2806 ἐν
2406 2753 2699 2824 ἐπιτηδείῳ
2726 2757 2899 2826 τόπῳ.

679 2850 802 2923 144.
833 2847 889 2905 Si
916 2851 1035 2907 loca
1079 2847 1395 2906 diliicultate
1440 2855 1602 2921 atque
1645 2848 1936 2919 asperitate
1981 2848 2209 2918 munita,

2387 2842 2491 2915 μδ’.
2529 2845 2592 2898 Εἰ
2625 2845 2731 2917 γάρ
2770 2846 2911 2900 εἰσιν
2944 2847 2995 2900 οἱ
3022 2846 3178 2901 τόποι
3207 2846 3484 2916 δύσϐατοι,
3517 2851 3612 2906 καὶ
3656 2852 3894 2924 μάλιστα

647 2951 700 2996 et
744 2943 926 2997 hostes
958 2941 1195 2997 maxima
1237 2956 1303 2997 ex
1332 2951 1483 3013 parte
1510 2942 1722 3011 equites
1767 2941 1994 3007 fuerint,
2023 2941 2089 2997 ad
2117 2942 2213 2998 de-

2312 2937 2423 2991 τῶν
2453 2937 2665 3010 ἐχθρῶν
2694 2938 2863 2993 ὄντων
2890 2939 3291 3014 καϐάλλαρεων,
3319 2945 3482 3016 ἀρκεῖ
3501 2949 3567 3018 τῇ
3591 2948 3890 3018 παρατάξει

650 3035 948 3092 fensionem
994 3043 1049 3089 et
1098 3036 1585 3105 propugnationem
1644 3042 1883 3090 vecturae
1927 3047 1991 3089 ac
2042 3034 2213 3105 impe-

2312 3031 2393 3095 εἰς
2450 3030 2715 3104 οχύρωμα
2748 3034 2782 3104 ή
2815 3032 2909 3086 τού
2940 3034 3104 3088 τόπου
3158 3035 3448 3107 δυσχέρεια
3471 3055 3486 3070 ·
3514 3040 3611 3093 ἐὰν
3667 3042 3783 3113 γάρ
3836 3043 3885 3095 αξ

646 3125 1007 3181 dimentormn
1050 3125 1169 3196 ipsa
1205 3125 1310 3181 loci
1363 3133 1560 3180 natura
1614 3125 1745 3182 satis
1775 3125 1898 3181 erit.
1954 3123 2010 3181 Si
2063 3126 2208 3184 enim

2312 3123 2519 3197 ἅμαξαι
2576 3125 2942 3181 ἀκολουθῶσιν
2976 3129 3033 3181 ἐν
3062 3130 3174 3193 τοῖς
3225 3129 3486 3196 τοιούτοις
3522 3132 3738 3201 τόποις,
3798 3136 3891 3189 ἐπ-

646 3234 839 3275 currus
872 3219 1071 3275 talibus
1102 3221 1155 3296 in
1179 3219 1314 3276 locis
1332 3226 1710 3290 sequerentur,
1736 3219 1897 3278 utiles
1932 3220 2211 3278 instructae

2311 3217 2537 3288 ωφελεῖς
2599 3217 2700 3288 μέν
2773 3218 2886 3280 τοῖς
2911 3217 3268 3289 τασσομένοις
3301 3219 3400 3273 οὐκ
3431 3222 3592 3289 εἰσὶν,
3626 3223 3764 3278 ἀλλά
3805 3213 3892 3277 καὶ

645 3310 779 3367 aciei
824 3326 930 3366 non
977 3287 1181 3377 essent,
1241 3310 1335 3367 sed
1386 3311 1825 3382 perturbationes
1874 3326 1999 3369 esse
2049 3284 2281 3385 repe-c
2314 3304 2703 3378 δυσμετάθετοι
2734 3308 3102 3380 εὑρίσκονται.

644 3408 909 3464 rirentur.

712 3496 802 3550 45.
842 3493 1164 3552 Observabis
1205 3496 1369 3552 etiam
1402 3497 1566 3553 boves
1607 3496 1912 3567 diligenter,
1948 3506 2008 3554 ut
2040 3499 2211 3555 aciem

2388 3489 2489 3562 με’.
2534 3489 2871 3569 Ἐπινοήσεις
2918 3492 2974 3547 δέ
3004 3492 3086 3557 εἰς
3135 3493 3261 3557 τοὺς
3319 3493 3448 3566 βόας
3490 3493 3603 3550 τῶν
3639 3498 3888 3568 ἁμαξῶν,

643 3588 815 3645 sicubi
854 3597 1184 3659 sequantur,
1228 3590 1317 3644 ubi
1348 3605 1488 3661 opus
1530 3600 1613 3645 est
1652 3590 1953 3646 consistere
1981 3592 2211 3663 possint,

2315 3584 2403 3638 ἵνα
2438 3585 2567 3639 ὅταν
2601 3584 2936 3640 ἀκολουθῶσι
2962 3589 3028 3656 τῇ
3069 3585 3370 3658 παρατάξει
3397 3587 3493 3642 ἐὰν
3521 3589 3683 3662 χρεία
3732 3591 3890 3661 γένη·

643 3697 713 3737 ne
745 3681 987 3737 tumultu
1025 3682 1366 3737 inimicorum
1388 3721 1404 3747 ,
1438 3689 1491 3738 et
1521 3683 1837 3754 sagittarum
1872 3682 2213 3754 jaculorum-

2314 3693 2402 3731 ται
2441 3676 2550 3750 ἄρα
2590 3679 2685 3733 xal.
2719 3680 3005 3750 ἀναμεῖναι
3050 3680 3149 3745 τὰς
3188 3681 3402 3752 ἁμάξας
3437 3680 3578 3737 ὥστε
3611 3684 3687 3756 μὴ
3711 3684 3890 3739 διατα-

643 3791 748 3846 que
780 3774 1116 3847 conjectione
1156 3774 1445 3846 exagitati,
1488 3789 1606 3830 eam
1662 3776 1957 3847 impediant
2000 3787 2052 3833 et
2088 3793 2210 3848 per-

2319 3767 2611 3839 ράσσεσθαι
2633 3769 2735 3822 ὑπὸ
2764 3769 2857 3824 τοῦ
2881 3769 3112 3842 θορύϐου
3142 3771 3250 3824 τῶν
3270 3772 3504 3845 ἐχθρῶν,
3542 3772 3647 3827 ὑπὸ
3663 3774 3795 3840 τῶν,
3816 3775 3887 3839 ῶς

644 3867 880 3923 turbent.
920 3865 1031 3923 Sed
1072 3867 1154 3922 vel
1200 3867 1447 3938 pedicas,
1493 3867 1575 3923 vel
1607 3867 1821 3924 vincula
1858 3868 2101 3938 injicies,
2144 3885 2214 3926 ne

2313 3861 2482 3928 εἰκὸς,
2536 3860 2878 3933 βαλλομένων
2945 3862 3233 3933 σαγιττῶν,
3280 3867 3374 3920 καὶ
3405 3868 3664 3921 ἀτακτεῖν
3687 3869 3777 3921 καὶ
3798 3870 3884 3921 ἐν-

642 3960 858 4033 sagittis
909 3960 1073 4031 aliqui
1125 3959 1391 4015 vulnerati
1419 3960 1627 4032 pedites
1654 3960 1986 4031 perturbent.
2025 3960 2213 4033 Itaque

2311 3953 2489 4024 οχλεῖν
2527 3957 2593 4027 τῇ
2628 3956 2957 4027 παρατάξει,,
2999 3956 3159 4013 Ἀλλὰ
3198 3958 3230 4030 ἢ
3272 3959 3559 4014 πεδικλοῦν
3598 3959 3884 4035 ταύτας,ἧ

643 4068 711 4110 ne
738 4069 904 4125 prope
928 4055 1148 4127 quidem
1190 4054 1400 4127 pedites
1434 4053 1490 4108 in
1520 4053 1637 4109 acie
1665 4052 2074 4110 admoveantur.

2308 4048 2546 4121 δεσμεῖν,
2575 4049 2681 4118 ἵνα,
2732 4049 2809 4114 ὠς
2835 4049 3073 4122 εἴρηται,
3098 4052 3147 4105 εἰ
3187 4051 3280 4107 καί
3311 4069 3454 4118 τινες
3499 4054 3558 4120 ἐξ
3586 4056 3760 4109 αὐτῶν
3784 4056 3885 4109 ὑπὸ

2313 4142 2583 4211 σαγιττῶν
2634 4141 3051 4214 τιτρώσκονται,
3085 4145 3161 4217 μὴ
3191 4143 3601 4219 διαταράσσωσι
3626 4148 3751 4213 τοὺς
3784 4166 3880 4202 πε-

2313 4230 2458 4297 ζοὺς,
2493 4232 2570 4287 διὸ
2598 4233 2717 4289 οὐδὲ
2743 4234 2850 4308 χρὴ
2878 4234 3011 4289 πολὺ
3051 4238 3215 4307 ἐγγὺς
3251 4239 3549 4294 τάσσεσθαι
3586 4240 3773 4306 αὑτάς.

712 4322 803 4378 46.
834 4319 894 4377 Si
921 4321 1083 4378 alicui
1115 4321 1238 4377 loco
1268 4320 1337 4376 ab
1365 4321 1615 4379 hostibus
1639 4331 1952 4395 oppugnato
1982 4337 2209 4381 succur-

2384 4323 2501 4396 μς’.
2529 4327 2590 4379 Εἰ
2617 4326 2694 4393 δὲ,
2716 4326 2793 4393 ὼς
2824 4327 3005 4395 εἰκὸς,
3047 4329 3268 4401 γένηται
3318 4332 3476 4404 χρεία
3522 4333 3879 4407 ἐνοχλοτλμὲνῳ

641 4416 894 4481 rendum,
938 4424 1033 4470 aut
1064 4414 1445 4485 anticipandus
1500 4415 1697 4486 aliquis
1732 4416 1884 4471 locus
1914 4431 2036 4472 cum
2068 4416 2210 4473 cele-

2313 4416 2576 4491 ﬂo'qeﬁ‘oat
2619 4420 2769 4491 τόπῳ
2818 4420 2922 4475 ὑπὸ
2987 4422 3220 4494 ἐχθρῶν,
3260 4424 3293 4496 ἢ
3330 4426 3760 4497 προκαταλαϐεῖν
3786 4445 3873 4482 τα-

641 4509 801 4565 ritale
844 4518 948 4574 cst,
996 4525 1064 4565 ne
1110 4523 1303 4565 currus
1358 4509 1565 4566 tardius
1598 4509 1957 4580 procedentes
1977 4510 2206 4581 impedi-

2309 4512 2558 4585 χύτερον,
2596 4513 2689 4567 καὶ
2719 4513 2778 4567 ού
2804 4512 3098 4584 φθάξουσιν
3127 4519 3181 4572 αἱ
3206 4516 3437 4588 ἄμαξαι,
3470 4519 3558 4573 ἵνα
3585 4520 3663 4593 μὴ
3693 4519 3874 4592 βραδύ⁴

640 4613 825 4658 mcnto
875 4602 980 4659 illis
1030 4604 1426 4660 maturantibus
1484 4603 1631 4670 sint,
1689 4603 2029 4674 relinquendi
2079 4618 2202 4659 cum

2278 4670 2285 4685 ι
2311 4621 2474 4660 νωσιν
2497 4605 2552 4659 αἱ
2592 4608 2791 4677 χρεῖαν
2826 4609 2887 4660 τὸ
2913 4608 3013 4680 μὲν
3032 4608 3159 4664 ἄλλο
3190 4610 3406 4665 τοῦλδον
3444 4614 3537 4666 καὶ
3567 4614 3637 4667 τὸ
3671 4614 3865 4685 φοσσά-

640 4695 863 4765 rcliquls
908 4696 1307 4766 impedimentis
1352 4697 1405 4751 in
1450 4697 1632 4768 aliquo
1661 4696 1782 4753 loco
1813 4698 2024 4753 munito
2054 4706 2203 4754 sunt.

2274 4690 2285 4712 ’
2311 4714 2401 4781 τον
2432 4690 2869 4781 καταλιμπάνειν
2902 4702 2961 4754 ἐν
2985 4700 3169 4774 ὀχυρῴ
3220 4703 3388 4775 τόπῳ,
3420 4704 3861 4780 Παραλαμὸάνειοδ

640 4786 901 4857 Capiendi
927 4788 1155 4858 pedites,
1195 4789 1601 4860 capiendusque
1631 4790 1845 4846 illorum
1868 4798 2204 4846 commeatus

2308 4791 2364 4845 δὲ
2388 4792 2513 4857 τοὺς
2571 4793 2770 4858 πεζοὺς
2811 4794 2907 4867 καὶ
2930 4794 3028 4865 τὴν
3069 4794 3313 4867 δαπάνην
3346 4796 3546 4864 αὐτῶν,
3574 4800 3625 4851 εἰ
3666 4800 3867 4870 τοιαύτη

640 4892 754 4945 est,
800 4883 843 4937 si
887 4882 938 4935 id
969 4896 1103 4938 usus
1139 4883 1350 4955 exigat,
1389 4896 1441 4939 et
1472 4884 1752 4940 vehendus
1788 4899 1913 4963 cum
1944 4884 2080 4950 illis,
2122 4884 2205 4939 vel

2311 4886 2532 4956 γένηται
2590 4886 2769 4959 χρεία,
2816 4888 2909 4941 καὶ
2961 4889 3401 4960 παρασκευάζειν
3453 4890 3809 4961 βαστάζεσθαι
3832 4894 3868 4962 ’ἦ

640 4975 948 5046 sagmariis,
998 4974 1048 5031 id
1079 4985 1161 5031 est
1193 4977 1445 5042 sarcinis,
1471 4977 1553 5033 vel
1580 4977 1734 5048 equis
1761 4978 1827 5032 ad
1854 4977 1958 5032 hoc
1976 4976 2201 5049 paratis.

2308 4976 2395 5031 διὰ
2428 4978 2744 5049 σαγμσρίων
2771 4979 2805 5051 ἢ
2831 4978 2921 5032 ἐπὶ
2944 4979 3117 5053 τούτῳ
3152 4983 3544 5055 ἀφωρισμένων
3567 4984 3763 5051 ἵππων,
3786 4985 3874 5039 καὶ

639 5068 898 5138 (Iapiendi
926 5069 1088 5124 etiam
1124 5070 1329 5135 tribuli,
1369 5069 1420 5124 id
1451 5079 1555 5137 est,
1586 5071 1819 5126 murices
1845 5079 1992 5134 sunt,
2014 5069 2203 5141 sicque

2310 5071 2409 5133 τὰς
2469 5069 2768 5141 τριϐόλους,
2828 5074 2921 5126 καὶ
2978 5072 3149 5138 οὕτως
3201 5075 3543 5147 ἀπέρχεσθαι
3604 5077 3739 5150 μετὰ
3784 5077 3870 5131 τοῦ

638 5178 759 5218 cum
785 5162 1028 5219 exercitu
1060 5162 1471 5220 discedendum.
2049 5199 2054 5204 -

2049 5199 2054 5204 .
2312 5178 2370 5214 στ
2380 5161 2563 5233 ρατοῦ.
2760 5160 2761 5163 “

704 5253 792 5310 47.
834 5254 973 5310 Tum
1018 5255 1197 5323 enim,
1249 5256 1294 5312 si
1342 5265 1552 5326 tempus
1602 5256 1823 5327 aliquod
1875 5265 2054 5311 castra
2101 5270 2203 5327 po-

2381 5256 2489 5325 μξ⁰.
2518 5256 2647 5309 Τότε
2688 5256 2818 5328 γάρ,
2851 5259 2945 5312 ἐὰν
2986 5260 3077 5314 καὶ
3115 5262 3341 5333 γένηται
3370 5264 3559 5334 καιρὸς
3592 5263 3868 5327 ἀπλίκτου,

636 5351 810 5403 nenda
856 5348 1041 5415 fuerit,
1080 5348 1223 5404 fossa
1253 5359 1557 5419 opportune
1579 5348 1761 5415 ducta,
1792 5355 1845 5405 et
1878 5347 2094 5404 tribulis
2116 5362 2205 5402 or-

2307 5347 2402 5403 τοῦ
2458 5349 2770 5422 ὀρύγματος
2825 5351 2967 5406 κατά
3003 5354 3062 5407 τὸ
3088 5352 3204 5408 δέον
3254 5355 3569 5424 γενομένου,
3625 5356 3712 5409 καὶ
3768 5348 3872 5407 τῶν

632 5440 755 5495 diue
783 5440 993 5511 positis,
1031 5440 1114 5495 vel
1145 5439 1506 5496 aediﬁcatione
1532 5440 1715 5512 aliqua
1756 5441 1902 5497 intus
1937 5440 2204 5507 adhibita,

2310 5441 2571 5508 τριὸόλων
2641 5444 3053 5515 ἀποτιθεμένων
3093 5488 3108 5513 ,
3166 5447 3199 5517 ἢ
3247 5447 3535 5519 οἰκοδομῆς
3592 5449 3872 5520 γενομένης

632 5535 710 5587 vel
732 5534 871 5588 vallo
887 5550 951 5590 ex
972 5535 1128 5607 lignis
1150 5532 1419 5599 confecto,
1439 5549 1593 5605 aeque
1616 5534 1825 5589 ﬁrmam
1848 5532 2205 5589 munitionem

2310 5534 2533 5602 ἔσωθεν,
2565 5535 2598 5609 ἢ
2629 5537 2870 5610 χάρακος
2896 5539 3002 5593 ἀπὸ
3028 5539 3198 5605 ξύλων
3215 5540 3593 5613 πηγνυμένου,
3626 5542 3869 5610 τοιαύτην

631 5624 892 5681 fossatum
937 5626 1190 5694 habebit,
1236 5641 1299 5681 ac
1341 5626 1387 5681 si
1431 5639 1628 5698 carago
1675 5626 1943 5681 munitum
1991 5626 2207 5682 fuisset.

2311 5628 2610 5700 ἀσφάλειαν
2653 5632 2799 5704 ἐχειν
2828 5634 2889 5688 τὸ
2918 5635 3209 5705 φοσσάτον,
3238 5635 3304 5707 ἢν
3330 5635 3533 5705 ὀφείλει
3569 5634 3709 5707 ἔχειν
3740 5638 3869 5707 μετὰ

626 5720 889 5791 (Jaragum
933 5731 1113 5778 autem
1153 5720 1493 5793 appellamus
1532 5736 1726 5778 currus
1772 5730 1826 5777 et
1853 5721 2209 5777 munitionem

2281 5795 2284 5797 Α
2311 5724 2407 5800 τοῦ
2456 5727 2723 5797 καραγοῦ.
2796 5730 3055 5801 Καραγὸν
3081 5729 3138 5784 δὲ
3165 5729 3394 5801 λέγομεν
3414 5730 3515 5795 τὰς
3548 5729 3757 5803 ἀμάξας
3786 5730 3868 5783 καί

628 5808 815 5866 lassati
854 5828 977 5868 cum
1016 5814 1135 5870 istis
1169 5813 1395 5869 factam.
1795 5828 1797 5830 ·

2314 5816 2404 5871 τὸν
2433 5817 2501 5872 δι’
2530 5818 2711 5875 αὐτῶν
2734 5822 3145 5895 περιτειχισμὸν
3178 5822 3272 5879 τοῦ
3310 5827 3600 5895 φοσσάτου.

692 5903 779 5960 48.
818 5904 912 5959 Sin
940 5906 1013 5961 ita
1050 5908 1286 5971 accidat,
1336 5915 1393 5961 ut
1427 5906 1610 5979 plures
1646 5908 1882 5980 equites,
1916 5906 2205 5979 pauciores

2390 5909 2503 5982 μη’.
2543 5912 2671 5967 Ἐἀν
2704 5913 2760 5969 δὲ
2791 5913 2927 5989 τύχῃ
2956 5915 3096 5971 ὥστε
3132 5917 3257 5984 τοὺς
3287 5915 3683 5990 καδαλλαρίους
3701 5916 3869 5971 πλειο-
