4078 6306
237 431 348 500 805

1326 434 1656 501 TACTICA.
1682 461 1749 475 —
1791 437 2288 514 CONSTITUTIO
2320 436 2457 498 xu.

3383 428 3487 494 £06

244 569 340 614 νας
396 550 555 616 εἴναι,
607 543 818 619 ὀλίγους
855 541 909 604 δε
939 551 1063 613 τοὺς
1102 547 1319 614 πεζοὺς,
1349 551 1444 605 καὶ
1473 551 1646 616 οὕτως
1674 551 1801 622 δόξῃ

1923 551 2112 609 ›ρι]ἰιεε
2173 552 2309 615 sint,
2361 549 2750 616 decretumque
2809 542 2967 598 fuerit
3013 541 3195 598 omnia
3251 542 3487 614 impedi-

248 645 388 698 ὥστε
424 645 602 715 μεῖναι
625 644 686 698 τὸ
720 644 932 698 τοῦλδον
967 647 1023 698 ἐν
1057 643 1134 715 τῷ
1184 645 1454 716 φοσσάτῳ,
1493 644 1564 716 μὴ
1609 646 1812 708 πάντας

247 739 373 802 τοὺς
426 738 623 803 πεζοὺς
681 736 931 792 ἵστασθαι
967 736 1168 791 ἔσωθεν
1208 737 1300 791 τοῦ
1349 738 1650 806 φοσσάτου,
1681 737 1815 792 ἀλλὰ

244 831 397 895 τινὰς
421 831 519 902 μὲν
550 831 606 884 ἐν
641 830 787 900 αὐτῷ
812 831 888 900 τῷ
944 831 1196 902 φοσσάτῳ
1232 832 1695 905 παραφυλάττειν,
1732 849 1815 886 τι-

244 924 342 985 νὰς
365 923 418 977 δὲ
451 923 757 994 ἔμπροσθεν
811 923 919 977 τῶν
965 923 1179 994 πορτῶν
1219 928 1312 977 καὶ
1336 923 1445 979 τῶν
1486 925 1814 996 ὀρυγμάτων

244 1015 336 1070 τοῦ
367 1017 632 1083 φοσσάτου
669 1018 724 1069 ἐν
752 1015 899 1081 τάξει
934 1017 1201 1071 ἵστασθαι.
1238 1010 1352 1071 Ἵνα
1378 1017 1470 1071 ἐὰν
1494 1017 1673 1090 συμῧῇ
1706 1019 1816 1072 τῶν

245 1108 626 1180 καὸαλλαρίων
695 1111 902 1182 τροπὴν
952 1109 1246 1178 γενέσθαι,
1297 1109 1392 1163 καί
1452 1112 1528 1182 μὴ
1577 1112 1814 1165 σύνεισιν

246 1199 422 1263 πεζοὶ,
485 1199 640 1253 αὐτοὶ
670 1198 944 1270 δεχόμενοι
997 1202 1190 1264 αὐτοὺς
1231 1199 1462 1272 δύναμιν
1513 1203 1607 1256 καὶ
1632 1201 1816 1257 ἄδειαν

247 1292 430 1356 αὐτοῖς
489 1291 776 1365 διδόασινῆ
804 1294 1218 1365 ἀναστραφῆναι
1261 1295 1399 1349 κατὰ
1433 1294 1540 1348 τῶν
1584 1295 1812 1366 ἐχθρῶν,

245 1385 588 1457 ἢεύτάκτως
627 1386 954 1457 ἐπέρχεσθαι
1017 1386 1095 1450 είς
1145 1387 1205 1441 τὸ
1248 1388 1536 1458 φοσσάτον,
1599 1390 1692 1442 καὶ
1741 1391 1816 1460 μὴ

248 1477 692 1549 στενοχωρεῖσθαι
750 1480 828 1542 εἰς
885 1479 983 1541 τὰς
1037 1479 1241 1550 πόρτας
1272 1480 1327 1534 ἐν
1364 1482 1429 1552 τῇ
1478 1480 1665 1552 εἰσόδῳ
1722 1481 1815 1536 καὶ

250 1570 594 1625 κινδυνεύειν.

321 1657 428 1730 μθ’.
459 1661 596 1725 Τοὺς
635 1659 690 1715 δέ
708 1661 969 1733 ἄρχοντας
1004 1662 1110 1715 τῶν
1138 1663 1240 1718 ὑπὸ
1267 1665 1324 1718 σέ
1373 1663 1670 1736 ταγμάτων
1702 1663 1818 1718 δέον

249 1769 330 1806 σοι
372 1754 792 1824 παραγγέλλειν,
816 1755 902 1808 ἵνα
929 1755 1215 1824 διάγνωσιν
1247 1756 1491 1811 ποιοῦσιν
1513 1759 1568 1810 ἐν
1595 1758 1670 1829 τῷ
1699 1777 1820 1813 και-

249 1847 328 1918 ρῷ
354 1847 446 1901 τοῦ
473 1851 902 1920 παραχειμαδίου
922 1852 1015 1904 καὶ
1042 1851 1127 1907 διὰ
1145 1852 1252 1905 τῶν
1281 1853 1643 1925 τουρμαρχῶν
1661 1856 1818 1926 δηλο-

250 1943 445 2007 ποιεῖν,
479 1942 661 1996 πόσων
687 1943 866 1997 ἵππων
895 1947 989 1998 καὶ
1018 1945 1186 2000 ποίων
1207 1947 1383 2000 ὃπλων
1407 1948 1613 2004 δέονται
1647 1950 1697 2002 οἱ
1728 1947 1817 2001 ὑπ’

247 2034 430 2098 αὐτοῖς
463 2035 780 2105 τεταγμένοι
811 2037 1160 2106 στρατιῶται,
1186 2039 1273 2092 ἵνα
1307 2039 1616 2108 ἀναγκαίως
1644 2055 1818 2113 παραρ

255 2129 525 2202 σκευάζῃς
557 2129 612 2182 ἐν
654 2128 730 2200 τῷ
753 2129 926 2183 δέοντι
957 2130 1136 2202 καιρῷ
1183 2131 1353 2185 ταῦτα
1383 2130 1816 2204 εὐτρεπίζεσθαι,

1644 2200 1658 2220 ο

253 2225 346 2278 καὶ
406 2223 868 2293 ἐπιλαμϐάνεσθαι
925 2226 1064 2281 αὐτὰ
1121 2229 1245 2291 τοὺς
1292 2227 1650 2298 στρατιώτας.
1713 2233 1820 2285 Καὶ

255 2317 485 2387 μάλιστα
534 2317 634 2385 τῆς
689 2315 893 2382 τοξείας
946 2318 1305 2391 ἐπιμεληθῇς,
1345 2319 1483 2375 ὥστε
1520 2322 1568 2375 εί
1599 2324 1820 2379 δυνατὸν

249 2411 342 2464 καλ⁸
387 2411 510 2474 τοὺς
570 2410 1045 2492 ἀστρατεύτουςέν
1072 2415 1182 2476 τοῖς
1232 2413 1401 2476 οἴκοις
1458 2408 1818 2487 ἐπιφέρεσθαι

245 2499 393 2569 τόξα.
437 2501 500 2554 'll
531 2501 636 2573 γὰρ
668 2501 859 2555 τούτου
885 2501 977 2556 τοῦ
1010 2501 1306 2572 κεφαλαίου
1359 2505 1588 2574 ἀμέλεια
1619 2507 1819 2579 πολλὴν

247 2593 451 2664 βλὰὃην
504 2593 598 2647 καὶ
632 2592 892 2664 ἀμέλειαν
938 2593 1013 2662 τῷ
1066 2594 1294 2649 καθόλου
1332 2595 1622 2668 Ῥωμαῖκῷ
1651 2616 1818 2670 στρα-

244 2684 473 2754 τεύματι
526 2685 858 2753 ἐνεποίησεν,
905 2684 980 2749 ὥς
1007 2703 1097 2754 μοι
1147 2686 1242 2739 καὶ
1293 2686 1404 2740 ἄνω
1451 2704 1552 2740 που
1584 2690 1817 2759 εἴρηται.

247 2775 496 2829 Τοσαῦτα
553 2776 650 2847 μὲν
677 2772 770 2830 οὖν
803 2777 898 2830 καὶ
926 2776 1054 2847 περὶ
1093 2776 1373 2830 άπλίκτων
1408 2778 1538 2850 ἡμῖν
1561 2780 1816 2852 εἰρήσθωο

262 2867 571 2921 Ἀκόλουθον
605 2867 659 2920 δέ
683 2870 827 2922 ἐστιν
883 2868 975 2922 καὶ
1015 2869 1142 2937 περὶ
1196 2867 1296 2938 τῆς
1350 2870 1428 2934 είς
1452 2870 1543 2923 τὸν
1587 2872 1820 2942 πόλεμον

246 2963 728 3032 προπαρασκευῆς,
753 2963 871 3033 ἦτοι
904 2963 1010 3034 πρὸ
1041 2964 1168 3034 μιᾶς
1189 2963 1220 3035 ἣ
1244 2962 1336 3017 δύο
1355 2965 1594 3034 ἡμερῶν,
1629 2967 1823 3021 πολλά-

245 3068 334 3115 κις
358 3051 413 3105 δέ
441 3053 532 3105 καὶ
566 3053 671 3124 πρὸ
693 3054 970 3118 πλειόνων,
1001 3054 1074 3117 ὡς
1107 3055 1348 3122 ἀπαιτεῖ,
1391 3055 1711 3123 ὀφειλούσης
1741 3060 1822 3128 γί-

1913 655 2094 702 menta
2133 645 2186 700 in
2218 644 2421 700 fossato
2450 651 2505 698 ut
2546 647 2920 712 permaneant,
2966 638 3114 694 nullo
3146 638 3304 693 modo
3343 639 3489 709 pelli-

1914 751 1993 796 tes
2026 738 2264 794 universi
2301 736 2442 791 intra
2473 735 2735 791 fossatum
2772 749 2830 788 se
2865 733 3198 800 contineant,
3233 732 3328 788 sed
3363 732 3487 802 qui-

1915 832 2040 886 dam
2072 831 2218 884 intus
2251 827 2514 884 fossatum
2552 825 2890 892 custodiant,
2935 825 3156 895 quidam
3199 823 3329 878 foris
3361 833 3490 880 ante

1915 931 2102 994 portas
2154 930 2207 975 et
2249 921 2422 976 fossas
2465 927 2768 974 castrorum
2814 918 3063 972 instructi
3114 925 3295 980 stent,
3353 924 3409 970 ut
3440 915 3489 972 si

1915 1014 2193 1083 contingat
2216 1012 2460 1084 equitum
2486 1009 2666 1082 fugam
2701 1010 2834 1075 fieri,
2859 1009 3068 1080 pedites
3096 1009 3240 1064 domi
3269 1007 3489 1062 illorum

1916 1104 2100 1174 c0pias
2148 1104 2433 1174 recipiant,
2470 1111 2524 1158 et
2557 1105 2904 1158 securitatem
2933 1101 3169 1172 aliquam
3211 1101 3320 1157 illis
3359 1099 3490 1155 aﬂ'e-

1915 1206 2060 1262 rant,
2097 1199 2179 1253 vel
2210 1207 2268 1252 ut
2297 1198 2556 1253 adversus
2593 1197 2777 1252 hostes
2811 1195 3008 1251 iterum
3042 1210 3101 1251 se
3133 1204 3368 1259 vertant,
3400 1192 3487 1248 vel

1918 1291 2166 1347 ordinate
2193 1291 2246 1346 in
2273 1301 2449 1345 castra
2477 1289 2782 1354 discedant,
2809 1303 2984 1358 neque
3009 1287 3062 1342 in
3086 1288 3332 1358 ingressu
3362 1302 3490 1357 por-

1918 1395 2095 1442 tarum
2130 1384 2512 1456 periclitentur,
2530 1394 2622 1439 aut
2649 1382 2975 1452 afﬂigantur.

1990 1662 2076 1719 49.
2112 1655 2386 1717 l‘rmfectis
2409 1655 2513 1712 tuis
2543 1661 2644 1711 hoc
2677 1651 2903 1709 omnino
2933 1651 3354 1724 praecipiendum
3378 1647 3490 1713 est,

1922 1767 1979 1814 ut
2001 1758 2066 1813 de
2101 1755 2340 1811 hibernis
2370 1749 2728 1825 procurandis
2755 1747 3001 1802 nonnihil
3029 1745 3299 1802 laborent.
3325 1751 3489 1812 quot--

1922 1868 2027 1924 que
2060 1860 2113 1906 et
2151 1849 2348 1921 quibus
2381 1847 2538 1916 equis
2571 1853 2664 1900 aut
2710 1842 2876 1897 armis
2918 1838 3114 1894 milites
3148 1837 3233 1893 sui
3275 1845 3488 1906 egeant,

1921 1963 2017 2018 per
2047 1943 2388 2000 turmarchas
2419 1939 2514 1995 tibi
2539 1934 2894 2007 significetur,
2937 1943 2994 1988 ut
3029 1931 3225 1987 idoneo
3251 1939 3492 1999 tempore

1920 2049 1974 2096 et
2018 2047 2072 2093 tu
2115 2039 2227 2092 haec
2267 2048 2568 2106 przepares,
2612 2042 2664 2084 et
2695 2026 2898 2084 milites
2932 2024 3214 2095 recipiant.
3260 2021 3492 2076 Maxime

1920 2141 2099 2188 autem
2142 2129 2220 2184 rei
2269 2125 2559 2196 saginat-ia:
2612 2131 2662 2177 et
2698 2116 3113 2189 diligentissime
3151 2113 3486 2186 providebis.

1922 2232 1981 2279 ut
2024 2220 2116 2291 qui
2161 2218 2304 2274 domi
2343 2217 2611 2271 immunes
2654 2227 2682 2266 a
2725 2210 2916 2264 militia
2966 2206 3202 2269 fuerint,
3238 2219 3400 2258 arcus
3437 2211 3496 2257 et

1921 2329 2071 2371 arma
2125 2308 2404 2379 sagittaria
2457 2312 2666 2376 parent.
2717 2301 2842 2357 Haec
2881 2299 3024 2354 enim
3073 2312 3181 2352 una
3227 2311 3314 2350 res
3356 2308 3489 2349 con-

1921 2415 2147 2476 tempta,
2180 2402 2340 2459 sicuti
2384 2413 2549 2470 supra
2588 2396 2827 2450 diximus
2884 2405 3208 2464 permagnas
3238 2389 3494 2444 univerSo

1924 2498 2183 2557 exercitui
2219 2489 2459 2550 Romano
2481 2490 2810 2546 offensiones
2841 2486 3042 2542 attulit.
3072 2485 3249 2555 Atque
3277 2482 3391 2537 haec
3427 2482 3493 2536 de

1926 2593 2136 2663 aplictis
2168 2589 2281 2645 sive
2306 2586 2500 2643 castris
2531 2601 2560 2639 a
2590 2582 2746 2638 nobis
2779 2581 2921 2636 dicta
2956 2580 3103 2636 sint:
3137 2587 3302 2632 restat
3336 2587 3395 2630 ut
3425 2574 3496 2626 de

1926 2683 2317 2758 prreparatione
2360 2678 2424 2733 ad
2475 2677 2703 2741 bellum,
2745 2681 2868 2728 ante
2912 2686 3079 2726 unum
3127 2678 3220 2724 aut
3261 2669 3492 2722 alterum

1927 2779 2091 2840 diem,
2121 2784 2214 2828 aut
2245 2772 2430 2842 plures
2472 2769 2656 2832 etiam,
2683 2763 3141 2836 quemadmodum
3170 2758 3493 2830 Opportuni-

1928 2883 2009 2928 tas
2037 2871 2087 2926 id
2132 2868 2287 2930 feret,
2328 2865 2438 2935 jam
2475 2877 2620 2916 nunc
2651 2859 3050 2930 prmcipiamus,
3085 2871 3222 2926 quas
3252 2868 3339 2907 res
3367 2868 3495 2907 sus-

1924 2967 2124 3035 cipere,
2158 2977 2187 3015 a
2219 2958 2416 3028 quibus
2446 2953 2720 3010 abstinuere
2747 2953 2962 3016 debeas,
2991 2958 3044 3004 et
3075 2963 3194 3016 qum
3224 2944 3495 3016 praefectis

1925 3061 2032 3117 tufs
2073 3057 2444 3124 militibusque
2468 3044 2825 3122 praecipienda
2857 3045 2985 3101 sint.

243 3143 452 3209 νεσθαι,
498 3145 594 3216 ἤδη
629 3162 710 3199 σοι
756 3145 1134 3213 διατάξασθαι,
1186 3148 1284 3201 ὅσα
1307 3165 1365 3203 τε
1393 3152 1566 3203 ποιεῖν
1598 3149 1800 3208 δεῖκαὶ
1838 3154 1978 3210 ὅσων
2012 3147 2335 3222 ἀπέχεσθαι,
2361 3146 2453 3200 καὶ
2481 3145 2585 3199 ὃσα
2600 3143 2708 3206 τοῖς
2757 3136 3117 3212 στρατιώταις
3184 3131 3494 3206 παραγγέλ-

244 3240 360 3294 λειν
385 3257 442 3293 σε
467 3240 676 3310 πρέπον
699 3242 865 3297 ἐστίν.

809 3338 1125 3393 ΔΙΑΤᾹΞΙΣ
1154 3339 1252 3395 ΙΒ’.

528 3427 666 3496 Περὶ
712 3431 1218 3500 προπαρασκευῆς
1257 3435 1542 3506 πολέμου.
1638 3496 1641 3497 ν

318 3517 386 3575 α’.
423 3520 589 3574 ὐταν
643 3522 740 3591 μὲν
765 3521 855 3574 οὖν
897 3523 1090 3594 καιρδς
1123 3525 1362 3596 πολέμου
1399 3528 1680 3595 ἐλπίζεταί
1713 3547 1817 3597 σοι,

246 3606 296 3667 ὦ
329 3613 619 3684 στρατηγὲ,
661 3614 754 3668 καὶ
799 3615 890 3669 τὸν
918 3616 1017 3687 ἤδη
1049 3619 1539 3689 προγυμνασθέντα
1591 3624 1821 3695 στρατὸν

250 3707 602 3778 ἐπισυνάξῃς,
633 3707 796 3761 καλόν
849 3711 995 3763 ἐστιν
1028 3711 1113 3764 ἵνα
1174 3712 1247 3784 μὴ
1299 3713 1514 3769 ἅπαντα
1551 3715 1684 3786 ὁμοῦ
1743 3717 1821 3782 είς

254 3796 386 3868 μίαν
438 3799 701 3872 ἐκτάττῃς
736 3800 1062 3872 παράταξιν,
1099 3804 1190 3856 καὶ
1228 3804 1461 3876 μάλιστα
1495 3809 1658 3862 πολὺν
1690 3808 1820 3863 ὄντα

250 3891 346 3944 καὶ
406 3891 608 3957 ἱκανὸν,
645 3893 737 3946 καὶ
761 3893 847 3948 διὰ
895 3894 989 3949 τοῦ
1022 3897 1252 3969 ἀκαίρου
1288 3898 1519 3968 πλήθους
1590 3901 1823 3975 συγχέῃς

249 3984 349 4053 τὴν
412 3984 665 4050 εὐταξίαν
691 3986 786 4057 τῆς
833 3988 1212 4059 παρατάξεως,
1247 3990 1322 4055 ὡς
1349 3991 1421 4061 μὴ
1443 3993 1701 4047 δύνασθαι
1734 3994 1821 4048 διὰ

249 4075 313 4129 τὸ
345 4076 574 4146 μέγεθος
601 4079 694 4131 καὶ
725 4079 926 4150 πλῆθος
949 4081 1129 4145 καλῶς
1157 4083 1440 4137 πείθεσθαι
1476 4085 1645 4157 αὐτὴν
1684 4087 1822 4158 πρὸς

253 4170 322 4221 τά
351 4169 704 4241 κελευόμενα,
740 4171 873 4227 ἀλλά
897 4173 987 4228 τὸν
1027 4176 1283 4247 περισσὸν
1317 4177 1545 4248 στρατὸν
1575 4177 1822 4250 διαμέρι-

255 4276 368 4324 σον,
406 4263 501 4316 καὶ
525 4265 748 4334 ποίησον
779 4266 871 4319 καὶ
899 4266 1156 4334 δευτέραν
1197 4269 1522 4340 παράταξιν.

328 4353 391 4424 βι,
418 4354 586 4408 Ὅταν
634 4357 739 4429 γὰρ
769 4356 1003 4428 δημοσία
1035 4360 1202 4431 μέλλῃ
1233 4362 1612 4432 καϐαλλαρίων
1648 4361 1817 4435 μάχη,

257 4445 351 4498 καὶ
385 4447 465 4508 είς
495 4448 626 4516 μίαν
660 4449 827 4520 μόνην
856 4453 1180 4524 παραταγήν
1210 4470 1294 4524 τις
1323 4454 1413 4507 τὸν
1445 4455 1564 4508 ὅλον
1596 4457 1822 4529 στρατὸν

257 4542 376 4596 κατ’
435 4543 555 4611 ὅζιν
603 4543 710 4598 τῶν
761 4545 1031 4615 πολεμίων
1058 4547 1406 4619 παρατάσσῃ,
1449 4550 1538 4602 καὶ
1574 4553 1647 4618 μὴ
1687 4552 1822 4605 ἀπο-

261 4634 432 4707 ϐλέπῃ
463 4634 596 4706 πρὸς
631 4636 877 4690 ἐναντίαν
919 4637 1108 4708 τύχην,
1157 4641 1286 4710 μηδέ
1314 4642 1512 4712 μελετᾷ
1543 4641 1816 4711 βλέπεται,

2402 3321 2863 3386 CONSTlTUTIO
2902 3321 3021 3378 XII.

2293 3427 2362 3482 De
2396 3421 2781 3495 prazparmione
2811 3419 2878 3471 ad
2915 3417 3126 3472 bellum.

1996 3527 2046 3581 l.
2074 3523 2126 3577 Βε
2149 3521 2203 3576 lli
2231 3530 2468 3587 tempore
2493 3516 2604 3584 jam
2629 3511 2965 3573 imminente,
2991 3507 3305 3581 universum
3334 3519 3490 3561 exer-

1923 3619 2090 3676 citum
2131 3628 2297 3667 unum
2337 3609 2388 3663 in
2429 3607 2606 3661 locum
2646 3618 2807 3674 COges
2842 3621 2854 3654 :
2884 3615 2992 3654 non
3025 3608 3202 3653 tamen
3243 3601 3494 3652 ln'unam

1923 3709 2091 3764 aciem
2117 3716 2306 3759 omnes
2328 3698 2516 3770 copias
2542 3706 2684 3760 tuas,
2720 3695 2766 3749 si
2801 3692 2985 3747 multa:
3010 3692 3354 3762 copiosmque
3375 3689 3491 3746 fue-

1923 3801 2050 3864 rint,
2116 3797 2374 3859 instrues,
2420 3805 2489 3845 ne
2548 3795 2767 3860 propter
2816 3785 3028 3840 numeri
3089 3783 3494 3839 multitudinem

1923 3891 2090 3949 aciem
2115 3887 2446 3960 perturbent,
2479 3893 2533 3938 et
2559 3889 2774 3952 pr0pter
2792 3885 3000 3933 vastam
3020 3877 3139 3947 ejus
3166 3877 3493 3947 magnitudi-

1922 3999 2044 4041 nem
2067 3983 2246 4038 minus
2258 3976 2478 4034 obedire
2497 3971 2771 4043 imperatis
2791 3970 2898 4025 tuis
2917 3969 3124 4039 possint
3149 3986 3164 4023 :
3189 3967 3284 4022 sed
3308 3983 3496 4037 super-

1922 4090 2217 4134 vacaneum
2253 4083 2537 4127 numerum
2571 4065 2767 4128 divide,
2815 4073 2866 4118 et
2896 4062 3188 4118 secundam
3225 4062 3395 4116 aciem
3427 4075 3494 4115 ex

1920 4185 1988 4226 eo
2011 4166 2240 4225 instrue.

1994 4350 2048 4404 2.
2085 4346 2186 4415 Qui
2227 4345 2372 4399 enim
2404 4341 2670 4396 universis
2707 4339 2950 4411 equitum
2986 4337 3157 4408 copiis
3188 4347 3410 4408 pugnat,
3441 4349 3497 4391 et

1924 4456 2087 4497 unam
2129 4439 2184 4495 in
2221 4438 2389 4492 aciem
2431 4437 2686 4490 adversus
2733 4435 2916 4488 IIOSIGS
2947 4448 3163 4488 omnem
3195 4433 3492 4484 exercitum

1922 4533 2151 4597 confert,
2182 4547 2354 4601 neque
2399 4531 2451 4584 in
2482 4529 2739 4582 adversos
2770 4526 2893 4580 belli
2924 4533 3088 4594 atque
3119 4523 3383 4592 ancipites
3405 4537 3494 4576 ea-

1922 4645 2016 4684 sus
2051 4627 2308 4684 intuetur,
2357 4636 2530 4690 neque
2569 4628 2824 4689 procurat
2873 4617 3328 4687 quemadmodum
3370 4616 3492 4668 aliis

259 4726 425 4797 ἤγουν
474 4728 562 4781 iui
587 4729 653 4781 δι’
701 4729 896 4798 ἐτέρας
949 4731 1325 4798 παρατάξεως,
1386 4726 1655 4797 οὗτος,ὠς
1696 4735 1818 4806 ἐμοὶ

1923 4719 2112 4788 copiis,
2155 4716 2200 4770 si
2242 4714 2368 4784 quid
2407 4712 2649 4774 accidat,
2694 4724 2932 4779 pugnare
2961 4724 3082 4763 cum
3119 4708 3270 4762 hoste
3301 4707 3491 4776 possit,

257 4819 421 4881 δοκεῖ,
454 4819 590 4889 ἀνὴρ
619 4820 840 4890 ἄπειρός
868 4821 1033 4884 ἐστιν,
1071 4823 1165 4875 καὶ
1198 4823 1491 4892 προφανῶς
1528 4826 1606 4886 εἱς
1646 4823 1823 4878 κίνδυ-

258 4927 346 4962 νον
372 4913 561 4964 έαυτλιν
595 4913 924 4986 ἐπιρῤίπτενι.

329 4999 394 5069 γ’.
431 5001 535 5054 Καὶ
566 5002 672 5071 γὰρ
704 5002 822 5072 οὐχὶ
849 5001 907 5054 τὸ
940 5000 1146 5070 πλῆθος
1177 5003 1284 5055 τῶν
1319 5003 1604 5074 σωμάτων,
1640 5005 1759 5058 οὐδὲ
1792 5007 1823 5076 ἡ

261 5092 490 5156 ἄτακτος
523 5093 814 5164 θρασύτης,
849 5093 968 5146 ούδέ
999 5095 1029 5163 ἠ
1070 5093 1210 5165 ἁπλῆ
1251 5095 1521 5167 προσόολὴ
1551 5097 1641 5149 τὸν
1666 5097 1827 5150 πόλε-

260 5204 362 5258 μον
385 5188 682 5248 κρίνουσιν,
708 5187 739 5258 ἢ
775 5187 1148 5257 κατορθοῦσιν,
1181 5186 1254 5250 ὥς
1286 5203 1430 5251 τινες
1450 5189 1556 5242 τῶν
1586 5189 1822 5258 ἀπείρων

259 5279 589 5350 νομίζουσιν,
625 5279 757 5333 ἀλλὰ
798 5279 934 5348 μετά
963 5278 1094 5332 Θεὸν
1145 5280 1230 5334 διὰ
1259 5281 1453 5350 τέχνης
1489 5282 1583 5334 καὶ
1614 5298 1815 5352 φρονη-

262 5374 447 5446 μάτων
480 5374 857 5444 στρατηγικῶν
903 5374 1037 5444 μετὰ
1063 5376 1159 5445 τῆς
1189 5374 1496 5446 προθυμίας
1523 5375 1614 5429 τοῦ
1662 5394 1823 5447 στραι

259 5467 354 5520 τοῦ
384 5466 740 5535 κατορθοῦται
772 5466 798 5517 ὁ
830 5467 1082 5536 πόλεμος.

327 5559 388 5612 δ’.
409 5558 505 5611 Διὰ
529 5557 628 5630 μὲν
655 5559 1016 5629 φρονημάτων
1034 5559 1123 5611 καὶ
1153 5558 1448 5629 τροπαίων,
1466 5552 1575 5611 οἷον
1603 5559 1681 5622 εἰς
1700 5574 1822 5613 και-

263 5653 388 5725 ροὺς
410 5653 574 5723 ἤγουν
595 5652 829 5724 ἡμέρας,
865 5651 896 5719 ἣ
929 5653 1141 5715 νυκτὸς,
1177 5652 1210 5723 ἦ
1251 5651 1535 5722 χειμῶνος,
1567 5648 1821 5724 ἢεὺδίας,

261 5746 478 5821 ἢπάλιν
523 5748 602 5808 εἰς
650 5747 864 5811 τόπους,
888 5747 1053 5817 ἤγουν
1085 5745 1151 5798 δι’
1187 5745 1612 5815 ἐγκρυμμάτων,
1637 5745 1670 5813 ἢ
1707 5760 1826 5796 στε-

261 5842 546 5910 νωμάτων,
577 5841 668 5893 καὶ
697 5839 763 5892 δι’
794 5839 1199 5910 αίφνιδιασμοῦ,
1225 5838 1256 5908 ἦ
1289 5839 1373 5891 διὰ
1409 5834 1616 5890 πολλῶν
1651 5836 1824 5889 ἄλλων

266 5935 356 5987 καὶ
386 5934 652 6004 διαφόρων
694 5932 871 5986 τόπων
896 5932 978 5987 ἵνα
1014 5933 1226 6006 ἀπατᾷς
1252 5933 1376 5995 τοὺς
1410 5929 1656 6004 ἐχθροὺς,
1684 5928 1822 5983 ὥστε

1925 4809 2012 4863 hic
2035 4810 2116 4861 vir
2139 4806 2268 4860 mihi
2295 4803 2509 4858 videtur
2526 4802 2817 4856 admodum
2841 4802 3124 4870 imperitus
3147 4817 3322 4855 rerum
3348 4817 3486 4865 esse,

1926 4917 1977 4957 et
2007 4903 2059 4956 in
2085 4900 2432 4954 manifestum
2459 4897 2749 4974 discrimen
2792 4895 3029 4963 seipsum
3059 4895 3349 4964 conjicere.

2001 4995 2052 5048 5.
2083 4992 2267 5061 Neque
2300 4991 2445 5046 enim
2485 5004 2710 5042 munero
2738 4987 3041 5051 hominum,
3078 5001 3251 5056 neque
3285 4987 3492 5052 ἰητροί-η

1932 5092 2060 5139 tuna
2100 5084 2358 5144 audacia,
2396 5096 2570 5151 neque
2605 5079 2719 5135 sola
2760 5076 3159 5134 conﬂictatione
3201 5077 3312 5146 ipsa
3354 5078 3491 5129 bella

1934 5177 2312 5239 coniiciuntur,
2346 5174 2453 5229 ’sed
2495 5173 2788 5228 secundum
2834 5170 3159 5224 voluntatem
3207 5168 3334 5231 Dei,
3380 5177 3496 5221 arte

1934 5271 2124 5327 bellica
2156 5279 2208 5324 et
2238 5266 2602 5340 imperatoriis
2628 5264 2801 5331 factis,
2826 5273 2876 5319 et
2896 5264 3140 5318 consiliis
3161 5263 3293 5317 bene
3320 5263 3491 5316 admi-

1933 5364 2211 5426 nistratis,
2253 5377 2374 5416 cum
2420 5359 2653 5430 quadam
2691 5357 2961 5412 exercitus
3005 5354 3316 5420 alacritate,
3357 5355 3492 5409 bella

1931 5471 2191 5528 prospere
2231 5452 2522 5509 succedere
2555 5453 2751 5506 solent.

2000 5551 2055 5605 4.
2088 5548 2376 5603 Prudentia
2400 5553 2578 5600 autem
2606 5561 2669 5599 ac
2705 5543 2946 5598 moribus
2972 5543 3086 5597 hmo
3119 5541 3274 5604 fiunt,
3307 5551 3486 5595 tamen

1928 5659 2028 5717 pro
2057 5643 2264 5696 ratione
2303 5639 2599 5705 temporis,»
2619 5646 2677 5692 ut
2705 5636 2833 5701 diei,
2870 5636 3066 5701 noctis,
3101 5633 3318 5696 hiemis.
3347 5649 3493 5689 sere—

1932 5738 2155 5794 nitatis:
2189 5735 2272 5790 vel
2309 5749 2405 5804 pro
2435 5735 2678 5789 locorum
2713 5731 2837 5792 situ,
2870 5739 2929 5785 ut
2956 5729 3294 5791 insidiarum,
3318 5743 3492 5797 angu-

1933 5831 2194 5893 Stiarum,
2233 5827 2534 5882 subitarum
2586 5824 2958 5880 incursionunt
2995 5840 3008 5877 :
3050 5821 3131 5875 vel
3173 5836 3269 5891 pro
3311 5835 3492 5873 rerum

1934 5926 2161 5980 aliarum
2208 5922 2500 5977 multarum
2540 5919 2748 5976 ratione
2778 5924 3096 5975 occurratur
3128 5913 3399 5980 hostibus,
3435 5920 3495 5966 nt
