4078 6306
541 290 647 355 811
1797 292 2077 357 LEONIS
2113 295 2151 354 P

2185 290 2575 354 IILOSOPHI
3681 286 3795 354 812

543 403 610 459 ad
664 401 946 459 victoriam
995 418 1189 475 magna
1256 403 1503 474 praesidia
1560 403 1758 470 habet,
1826 420 1950 461 cum
2018 405 2153 469 ειμι

2212 406 2616 468 καταστάσεως,
2651 403 2749 475 τῆς
2782 403 2839 458 δὲ
2880 403 2985 457 τῶν
3014 401 3224 473 ἐχθρῶν
3277 401 3633 475 πεφυρμένης
3660 418 3803 473 προ-

542 506 751 553 structa
800 508 854 554 et
898 498 1135 569 perlecta
1184 497 1444 554 adversus
1486 497 1771 554 confusam
1808 508 1862 554 et
1897 509 2110 569 pertur-

2212 501 2390 569 τερεῖν
2448 497 2646 569 μᾶλλον
2706 495 2802 569 τὴν
2844 496 3121 568 ἡμετέραν
3170 496 3260 552 καὶ
3309 494 3619 551 ἐπιδιώκειν
3670 497 3797 562 τοὺς

545 592 726 647 hatam
758 591 1039 648 hominum
1075 591 1472 648 multitudinem
1497 591 1737 648 dimicet.
1792 613 1794 616 ν

1292 592 1472 648 dinem
1497 591 1737 648 dimicet.
1792 613 1794 616 ν
2214 589 2571 653 διαλύσαντας
2597 586 2695 659 τὴν
2720 586 2896 652 τάξιν.

615 682 707 739 20.
741 682 928 752 Neque
965 698 1094 740 vero
1134 683 1308 739 solum
1358 683 1664 739 necessaria
1710 693 1794 739 est
1835 684 2113 755 copiarum

2290 689 2359 737 κ’.
2407 680 2566 735 Ἀλλά
2620 680 2796 735 καὶτὸ
2821 679 3248 752 ἀναγκαιότερον
3300 677 3450 750 παρὰ
3480 677 3678 745 πάντα,
3706 679 3788 733 ὅτι

544 786 858 833 nostrarum
909 776 964 831 in
1013 775 1152 831 duas
1205 776 1353 834 acies
1397 776 1631 844 divisio,
1683 777 1903 847 quando
1955 792 2116 849 pares

2216 775 2277 831 οὔ
2317 774 2476 848 μόνον
2542 773 2678 846 προς
2707 772 2805 837 τὰς
2838 771 3154 845 ίσομέτρους
3177 771 3462 843 δυνάμεις,
3489 772 3656 841 {now
3682 770 3796 825 τῶν

547 878 712 940 atque
748 868 984 941 requales
1024 876 1225 925 nostra:
1273 876 1436 938 atque
1474 869 1715 924 hostium
1756 869 1924 940 cepiae
1974 869 2118 924 inter

2224 888 2277 926 τε
2313 869 2599 943 ἡμετέρων
2648 868 2743 923 καὶ
2783 868 2891 923 τῶν
2950 867 3208 923 ἐναντίων
3266 865 3496 939 ἁρμοδία
3553 865 3797 919 textui.

547 978 610 1018 se
638 961 859 1027 fuerint,
886 961 977 1018 sed
1003 971 1117 1017 tum
1144 960 1199 1015 in
1230 962 1421 1032 primis
1444 976 1566 1017 cum
1595 961 1829 1034 majores
1850 977 1910 1017 ac
1933 962 2117 1033 plures

2218 965 2515 1035 ἀναγκαία,
2543 964 2619 1028 ὼς
2645 961 2879 1034 εἴρηται,
2906 963 2939 1030 ἡ
2972 963 3052 1026 είς
3090 960 3182 1015 δύο
3206 959 3542 1033 παρατάξεις
3587 957 3795 1028 διαίρε‹

550 1055 751 1113 nostris
779 1055 1018 1127 ipsorum
1055 1054 1223 1122 copiae
1260 1054 1480 1110 fuerint.

2222 1075 2304 1121 σις
2355 1056 2451 1111 τοῦ
2499 1055 2753 1126 στρατοῦ,
2784 1053 2919 1108 ἀλλὰ
2965 1054 3060 1106 καὶ
3114 1053 3251 1124 πρὸς
3290 1054 3388 1119 τὰς
3418 1049 3794 1124 ὑπερεχοὸσας

2222 1154 2318 1209 καὶ
2347 1152 2507 1208 πλέον
2536 1151 2644 1206 τῶν
2666 1149 2951 1223 ἡμετέρων
2975 1148 3141 1211 οὔσας
3164 1148 3441 1220 δυνάμεις.

621 1238 711 1295 ει.
746 1236 840 1292 Sin
877 1236 1000 1308 quis
1046 1236 1229 1291 dicat:
1266 1236 1522 1304 Quaenam
1565 1236 1776 1290 tandem
1825 1235 1987 1306 hujus
2029 1250 2119 1291 se-

2291 1252 2395 1302 xa’.
2444 1246 2569 1300 Ἐὰν
2605 1245 2662 1299 δέ
2706 1263 2788 1309 τις
2828 1244 3008 1313 λέγει,
3043 1244 3125 1297 ὅτι
3170 1241 3237 1295 Τί
3283 1240 3510 1311 ὅφελοςς
3547 1241 3647 1311 τῆς
3676 1230 3798 1312 ’γάρ

553 1331 744 1385 cunde
781 1328 916 1384 aciei
963 1327 1323 1382 utilitas‘esse
1361 1326 1586 1398 potest?
1624 1324 1793 1397 prima
1824 1326 1967 1380 enim
2005 1326 2121 1383 acie

2223 1338 2451 1412 πρώτης
2514 1337 2721 1404 τάξεως
2768 1335 3185 1408 ταρασσομένης
3240 1334 3333 1388 καὶ
3400 1334 3747 1407 τρεπομένης
3780 1374 3796 1399 ,

556 1423 677 1477 l'usa
715 1430 769 1477 et
815 1420 1050 1493 repulsa,
1093 1419 1331 1476 secunda
1369 1419 1514 1475 acies
1543 1418 1699 1475 facile
1738 1419 2122 1490 tergiversatur

2224 1431 2464 1503 εὐχερῶς
2530 1431 2625 1485 καὶ
2651 1431 2685 1502 ἡ
2718 1429 2945 1502 δευτέρα
2966 1427 3339 1497 συναπάγεται
3372 1424 3534 1498 αὐτὴ,
3557 1424 3652 1479 καὶ
3675 1442 3800 1479 συν-

553 1516 694 1572 etin
726 1513 907 1588 fugam
950 1530 1010 1570 se
1042 1514 1178 1570 dat:
1211 1514 1261 1570 is
1307 1528 1492 1570 secum
1533 1512 1638 1569 hoc
1684 1515 1844 1587 modo
1884 1513 2118 1584 e03itet:

2224 1523 2485 1595 τρέπεται
2516 1538 2531 1555 ο
2564 1519 2712 1582 ,ἀλλὰ
2763 1521 3053 1576 ἀκουσάτω
3083 1520 3111 1573 ὁ
3150 1516 3414 1582 τοιοῦτος,
3445 1517 3529 1571 ὅτι
3580 1514 3677 1569 ἐὰν
3707 1512 3805 1569 δύο

556 1608 620 1665 Si
669 1607 886 1664 duabus
943 1604 1165 1664 aciebus
1222 1603 1515 1663 instructis
1568 1605 1768 1661 bellum
1828 1604 2121 1671 lubricum,

2227 1612 2607 1685 παρατάξεων,
2652 1610 2835 1675 καθὼς
2854 1610 3177 1683 εἰρήκαμεν,
3200 1607 3539 1680 γενομένων,
3568 1608 3803 1677 ὲπισφαυ

556 1708 719 1771 atque
742 1712 942 1770 anceps
970 1695 1445 1768 fuerit,-quidnam
1480 1696 1603 1768 quis
1631 1697 1943 1772 existimare
1968 1697 2126 1755 debet
2158 1766 2166 1779 ι

2228 1706 2316 1771 λὲς
2345 1705 2407 1759 τὸ
2433 1706 2668 1779 πρᾶγμα
2715 1705 2947 1775 γίνεται,
2979 1704 3034 1758 τί
3067 1704 3132 1759 ἄν
3161 1721 3246 1767 τις
3290 1702 3505 1757 ὲλπίσει
3550 1701 3679 1755 ὅταν
3709 1700 3807 1754 καὶ

559 1766 668 1850 una
706 1766 895 1851 solum
915 1791 1031 1848 acie
1062 1766 1319 1862 apparata
1360 1766 1636 1855 futurum,
1668 1805 1792 1845 cum
1822 1770 2121 1861 presertim
2158 1766 2169 1823 Ῑ

2190 1770 2200 1820 ³
2232 1766 2331 1867 μία
2354 1766 2493 1867 μόνη
2529 1766 2647 1850 ἐστὶ
2686 1766 3013 1866 παράταξις,
3049 1796 3143 1849 καὶ
3194 1793 3335 1864 αὕτη
3368 1796 3664 1865 τραπεῖσα,
3694 1791 3800 1846 οὐκ

498 1878 501 1883 “
559 1881 665 1943 hac
709 1883 908 1955 rejecta
944 1882 1079 1940 nihil
1130 1884 1325 1940 habeat
1367 1897 1480 1954 quo
1516 1882 1708 1953 juvare
1746 1898 1805 1939 se
1846 1890 2009 1955 atque
2038 1898 2108 1940 re

2230 1886 2341 1959 ἔχει
2378 1885 2573 1959 ἑτέραν
2613 1887 2679 1941 δι’
2706 1880 2774 1961 ἧς
2812 1885 3142 1959 βοηθηθῆναι
3168 1884 3389 1942 δύναται
3425 1884 3521 1939 καὶ
3568 1881 3813 1954 ἀνακλη-

560 1993 750 2036 creare
776 1976 983 2048 possit?

820 1976 983 2033 ossit?
2231 1978 2393 2053 ϐῆναι
2414 1999 2430 2048 ;

631 2069 723 2126 22.
757 2067 852 2124 Sin
882 2068 1075 2126 iterum
1105 2070 1353 2141 objicias,
1379 2071 1562 2143 copias
1587 2073 1691 2129 has
1725 2074 1777 2127 in
1812 2073 1949 2129 duas
1982 2072 2126 2131 acies

2302 2073 2408 2147 κβ’.
2448 2074 2574 2130 Ἐάν
2598 2075 2655 2130 δὲ
2678 2076 2838 2131 πάλιν
2867 2074 3035 2146 λέγει,
3073 2075 3154 2130 ὅτι
3180 2074 3291 2146 Τῆς
3316 2072 3599 2144 δυνάμεως
3627 2071 3814 2140 πάσης

563 2162 784 2231 divisas,
813 2160 1088 2234 longiores
1112 2172 1166 2220 et
1192 2165 1463 2221 tenuiores
1491 2164 1644 2236 justo
1682 2180 1832 2230 esse,
1867 2164 2129 2236 intelligat

2236 2167 2406 2238 ἧγουν
2427 2165 2520 2221 τοῦ
2545 2167 2778 2238 στρατοῦ
2826 2166 3184 2241 μεριζομένου
3229 2167 3309 2230 εἰς
3338 2163 3565 2239 πρώτην
3599 2161 3697 2216 καὶ
3728 2162 3813 2226 εις

564 2255 635 2311 iis
662 2251 875 2311 duabus
907 2255 1011 2312 hoc
1047 2256 1295 2313 ellectum
1327 2256 1415 2325 iri,
1445 2267 1503 2313 ut
1533 2273 1656 2315 cum
1702 2259 1978 2314 moderata
2014 2273 2131 2313 ma-

2236 2258 2494 2332 δευτέραν
2527 2261 2830 2332 παράταξιν
2874 2260 3242 2331 ἀσθενεστέρα
3277 2259 3373 2315 καὶ
3426 2254 3817 2326 άδυνατωτέρα

565 2345 846 2419 gnitudine
904 2347 1047 2416 sint,
1087 2357 1141 2405 et
1183 2362 1352 2420 prope
1392 2364 1451 2406 se
1496 2347 1890 2420 adjnngantur,
1942 2346 2072 2403 nulli
2101 2363 2130 2403 a

2240 2351 2447 2424 ήτάξις
2485 2352 2819 2425 εὑρίσκεται,
2868 2353 3195 2423 κατανοήσει
3249 2352 3343 2405 καὶ.
3369 2348 3529 2404 τοῦτο
3553 2390 3569 2415 ,
3604 2349 3691 2403 ὅτι
3716 2345 3817 2402 ἐὰν

569 2440 762 2511 proelio
795 2443 1051 2514 separati,
1085 2444 1180 2499 sed
1207 2442 1392 2498 formae
1420 2443 1659 2499 acierum
1689 2451 1905 2497 mutatae
1929 2442 2058 2509 sint,
2081 2449 2136 2497 et

2246 2445 2344 2515 μὲν
2368 2447 2396 2517 ἡ
2426 2445 2654 2517 δύναμις
2674 2446 2959 2519 ἐμερίζετο
2978 2446 3071 2500 καὶ
3099 2444 3393 2516 ἐχωρίζετο
3421 2440 3517 2497 τοῦ
3547 2440 3816 2513 πολέμου,

567 2534 792 2590 alteram
832 2543 994 2603 ante,
1050 2536 1275 2592 alteram
1326 2544 1472 2592 retro
1523 2536 1796 2601 locantes,
1849 2543 2139 2606 utramque

2244 2538 2424 2605 καλῶς
2451 2540 2518 2595 ἂν
2548 2540 2709 2596 τοῦτο
2748 2540 2970 2612 ἠπόρει.
3008 2537 3149 2593 Ἀλλ’
3179 2539 3337 2609 ἡμεῖς
3366 2536 3428 2590 οὐ
3455 2538 3555 2607 τὴν
3583 2532 3819 2605 δύναμιν

568 2626 742 2682 aciem
779 2625 1127 2683 munitiorem
1162 2627 1569 2700 ﬁrmioremque
1598 2626 1897 2683 reddimus.

2247 2631 2542 2704 κελεύομεν
2598 2632 2946 2705 μερισθῆναι,
2990 2631 3126 2687 ἀλλὰ
3157 2630 3316 2702 μόνον
3345 2629 3406 2684 τὸ
3436 2627 3626 2701 σχῆμα
3650 2625 3819 2681 ἀλλα-

566 2719 755 2793 γῆναι.
810 2721 917 2776 Καὶ
970 2720 1079 2794 γὰρ
1114 2720 1143 2775 ὃ
1175 2721 1283 2795 πρὸ
1342 2720 1436 2777 τοῦ
1489 2721 1786 2795 ἀλλαγῆναι
1828 2720 1889 2775 τὸ
1940 2720 2128 2793 σχῆμα
2170 2724 2451 2781 συνέϐαινε
2474 2726 2752 2795 γενέσθαι,
2785 2726 2851 2779 τὸ
2896 2728 3075 2781 πᾶσαν
3121 2724 3222 2792 τὴν
3271 2722 3503 2794 δύναμιν
3548 2723 3629 2786 είς
3693 2720 3823 2792 μίαν

572 2816 876 2892 παράταξιν
902 2815 1246 2890 τασσομένην
1287 2815 1507 2890 μακράν
1531 2816 1624 2871 καὶ
1670 2815 1878 2891 λεπτὴν
1913 2818 2289 2892 εὑρίσκεσθαι,
2339 2822 2498 2882 τοῦτο
2540 2827 2598 2881 ἐν
2659 2830 2727 2899 τῇ
2795 2825 2955 2897 διπλῇ
3013 2824 3168 2893 τάξει
3232 2822 3619 2895 εὖπορήσαμεν
3684 2837 3821 2891 συμ-

573 2918 809 2990 μέτρους
835 2918 933 2982 τὰς
966 2914 1059 2971 δύο
1107 2914 1290 2982 τάξεις
1337 2916 1684 2986 ποιήσαντες,
1715 2915 1803 2971 διὰ
1823 2916 1883 2970 τὸ
1913 2915 2139 2990 πλησίον
2175 2917 2422 2992 ἀλλήλων
2474 2917 2638 2988 εἶναι,
2669 2923 2731 2977 οὐ
2762 2922 2864 2994 τῆς
2904 2922 3085 2993 μάχης
3129 2919 3488 2993 χωρίσαντες,
3551 2916 3694 2972 ἀλλὰ
3758 2918 3821 2972 τὸ

574 3010 761 3083 σχῆμα
815 3005 1223 3075 ἐναλλάξαντες,
1259 3009 1352 3061 καὶ
1398 3007 1496 3078 τὴν
1537 3006 1637 3079 μὲν
1677 3007 2011 3080 ἔμπροσθεν,
2070 3007 2168 3080 τὴν
2206 3008 2265 3064 δὲ
2337 2995 2561 3068 ὄπισθεν
2607 3011 2890 3079 τάξαντες,
2915 3013 3012 3068 καὶ
3043 3009 3206 3067 πλέον
3240 3010 3340 3076 τὰς
3363 3008 3703 3081 παρατάξεις
3736 3010 3823 3064 διὰ

572 3105 662 3159 τον
683 3104 1080 3179 προειρημένον
1110 3102 1309 3175 τρόπον
1329 3103 1833 3175 κατοχυρὼσαντες.

642 3198 733 3255 '23.
767 3196 1055 3269 Propterea
1105 3206 1284 3253 autem
1329 3212 1426 3269 par
1470 3204 1556 3253 est
1601 3205 1887 3269 equestres
1936 3197 2141 3269 capias,
2171 3201 2218 3263 ο

2214 3203 2218 3260 ι
2322 3204 2425 3268 κγ’.
2464 3197 2564 3253 Διὰ
2619 3197 2776 3254 τοῦτο
2824 3198 2933 3268 γὰρ
2979 3198 3060 3263 είς
3109 3197 3250 3269 μέρη
3279 3194 3511 3268 διάφορα
3539 3192 3725 3258 καλῶς
3755 3190 3824 3248 ἂν

576 3291 692 3348 sive
725 3291 959 3363 majores
990 3291 1103 3347 sive
1129 3291 1369 3347 minores
1398 3290 1536 3354 sint,
1568 3291 1624 3346 in
1656 3291 1844 3363 plures
1871 3291 2145 3349 diversas-

2255 3293 2348 3347 καὶ
2394 3294 2602 3366 πρέπον
2656 3293 2773 3347 ἐστὶ
2797 3292 2859 3345 τὸ
2887 3291 3064 3346 πάντα
3118 3288 3525 3362 καδαλλαρικδν
3587 3284 3820 3358 στρατὸν

574 3398 687 3455 que
718 3392 899 3456 partes
929 3382 1193 3450 dividere,
1220 3382 1348 3453 quia
1384 3397 1609 3439 necesse
1638 3391 1724 3439 est
1752 3392 1804 3438 te
1836 3391 1983 3439 certa
2013 3399 2150 3453 qua-

2252 3385 2685 3459 διαμερίζεσθαι,
2714 3383 2815 3439 κᾶν
2837 3400 2896 3437 τε
2915 3381 3082 3448 πολύς
3104 3384 3240 3447 ἐστι,
3261 3380 3368 3436 κάν
3388 3396 3450 3435 τε
3482 3378 3821 3450 σύμμετρος·

578 3481 705 3534 dam
760 3476 1089 3548 deﬁnitaque
1147 3474 1526 3531 moderatione
1585 3474 1769 3531 omnia
1838 3474 2146 3539 instituere,

2254 3478 2476 3551 εῦδηλον
2512 3477 2619 3550 γὰρ
2647 3474 2741 3531 καὶ
2772 3476 2978 3550 πρέπον
3002 3476 3091 3531 ἵνα
3112 3474 3416 3547 χρεωστῇς,
3444 3465 3491 3527 ὦ
3520 3470 3820 3543 στρατηγέ.

576 3585 706 3627 eum
763 3568 1027 3626 adversus
1074 3568 1260 3624 hostes
1311 3567 1573 3634 dimicas,
1600 3567 1693 3639 qui
1751 3566 1805 3621 in
1849 3564 1993 3623 bello
2034 3575 2148 3619 tum

2253 3568 2412 3638 λόγον
2456 3567 2724 3623 ποιεῖσθαι
2753 3567 2848 3621 καὶ
2876 3565 3228 3633 κατάστασιν,
3261 3565 3337 3630 ὡς
3366 3563 3666 3637 ἐνδέχεται,
3696 3561 3825 3615 ὅταν

581 3672 753 3721 artem
785 3662 1100 3730 militarem,
1132 3672 1245 3718 tum
1278 3660 1523 3717 ordinem
1554 3659 1809 3716 bellicum
1837 3659 2151 3717 observant.

2260 3660 2497 3732 μάλιστα
2549 3660 2643 3716 καὶ
2689 3660 2825 3733 πρὸς
2882 3658 3011 3731 ἔθνη
3036 3658 3279 3730 πολεμῇς
3321 3655 3476 3723 τάξιν
3506 3655 3700 3728 έχοντα
3733 3653 3826 3709 καὶ

2256 3755 2453 3828 τέχνην
2475 3753 2736 3824 πολέμου.
3152 3758 3157 3767 ’

655 3852 747 3909 24.
791 3850 846 3907 Si
880 3850 1105 3923 poteris,
1146 3849 1295 3906 nulla
1336 3850 1545 3906 ratione
1590 3848 1792 3906 bellum
1821 3863 1997 3917 geras,
2027 3861 2151 3903 cum

2329 3848 2430 3905 κδ’.
2476 3848 2602 3904 Ἐάν
2630 3847 2689 3902 δὲ
2711 3847 2959 3915 δόνασαι,
2994 3846 3069 3918 μὴ
3095 3846 3251 3917 ποιῇς
3283 3842 3532 3916 φανερῶς
3547 3841 3639 3896 τὸν
3665 3837 3832 3893 πόλε-

591 3944 829 4014 hostium
862 3944 1046 4015 plures
1076 3942 1263 4014 copias
1285 3957 1407 3999 esse
1437 3940 1715 4014 intelligis.
1740 3939 1927 3997 Primo
1951 3954 2157 4011 cogno-

2263 3943 2530 4013 μον,ὅταν
2554 3940 2841 4009 γινώσκεις
2868 3940 2950 3994 ὅτι
2983 3938 3199 4004 πλείους
3229 3935 3322 3993 σού
3336 3936 3476 3989 εἰσιν
3489 3932 3826 4004 οίπολέμιοι.

590 4036 803 4094 scenda:
840 4036 1125 4108 diligenter
1157 4035 1394 4092 hostium
1423 4037 1592 4108 copiae
1625 4042 1771 4101 sunt,
1808 4044 1917 4090 tum
1952 4031 2152 4089 bellum

2260 4035 2371 4091 Καὶ
2424 4033 2536 4107 γὰρ
2571 4032 2777 4104 πρέπον
2812 4050 2893 4086 σοι
2924 4031 3194 4101 πρότερον
3208 4028 3310 4100 τὴν
3331 4027 3561 4098 δύναμιν
3588 4025 3696 4080 τῶν
3734 4041 3832 4079 πο-

591 4130 773 4190 ιιιιιίιιι
806 4129 1149 4187 inferendum
1180 4142 1287 4187 est.

2260 4120 2463 4193 λεμίων
2514 4137 2607 4175 σου
2668 4117 2988 4189 άναμαθεϊν,
3049 4116 3143 4171 καὶ
3164 4115 3337 4181 οὕτως
3372 4112 3704 4187 ποιήσασθαι
3730 4115 3831 4187 τὴν

2264 4232 2330 4270 συ
2337 4213 2537 4289 μ6ολὴν
2564 4213 2658 4270 τοῦ
2693 4212 2952 4284 πολέμου.

660 4306 755 4386 25.
796 4305 854 4364 Si
889 4307 1188 4379 pedestrem
1226 4307 1428 4363 habeas
1469 4306 1769 4363 exercitum
1792 4348 1808 4373 ,
1848 4306 2157 4377 huiusmodi

2333 4307 2434 4365 κε’.
2467 4309 2593 4364 Ἐὰν
2623 4306 2681 4362 δὲ
2710 4306 2853 4378 ἔχεις
2899 4304 3122 4370 πεζικὸν
3177 4300 3432 4376 στρατὸν,
3461 4317 3475 4327 ·
3495 4299 3836 4374 ποιήσασθαι

590 4402 764 4460 aciem
796 4402 1289 4473 instrues,qualem
1324 4401 1418 4457 tibi
1450 4400 1633 4457 statim
1656 4401 2067 4484 explicabimus,
2102 4401 2159 4457 in

2263 4402 2452 4458 τούτου
2493 4400 2593 4474 τὴν
2630 4395 2954 4470 παράταξιν,
2983 4395 3057 4462 ὡς
3112 4394 3250 4467 μετὰ
3286 4392 3457 4448 ταῦτα
3491 4391 3841 4463 δηλώσομεν,

594 4492 770 4562 capite
805 4491 875 4547 de
912 4490 1028 4546 acie
1068 4489 1335 4561 pedestri,
1368 4498 1423 4545 et
1461 4491 1576 4546 acie
1618 4488 1779 4545 mista
1817 4486 2060 4562 equitum
2096 4504 2161 4547 ac

2266 4497 2327 4551 ἐν
2347 4496 2412 4568 τῇ
2444 4494 2574 4567 περὶ
2622 4490 2805 4557 πεζῶν
2843 4490 2937 4547 καὶ
2968 4490 3077 4545 τῶν
3104 4487 3429 4561 συμμίκτων
3475 4487 3592 4552 τοῖς
3630 4485 3845 4541 xam-

595 4585 837 4657 peditum
874 4583 1213 4640 instruenda.
2190 4576 2205 4631 l

1140 4583 1213 4639 la.
2190 4576 2237 4631 Ῑ)
2263 4588 2471 4661 λαρίοις
2492 4586 2750 4652 διατάξει.

585 4712 594 4721 ι
664 4675 755 4734 26.
802 4675 898 4732 Sin
932 4686 1113 4732 autem
1153 4675 1255 4732 soli
1285 4677 1499 4749 equites
1538 4674 1774 4739 fuerint,
1814 4682 1866 4731 et
1900 4675 2161 4731 adversus

2337 4687 2451 4748 ιιςῆ
2498 4680 2625 4735 Ἐὰν
2650 4678 2706 4734 δὲ
2728 4678 2875 4750 μόνοι
2905 4674 3260 4747 καδαλλάριοί
3295 4675 3425 4738 εισι,
3454 4672 3548 4727 καὶ
3571 4671 3708 4745 πρὸς
3731 4690 3846 4726 κα-

594 4772 809 4842 equites
838 4770 1037 4829 bellum
1073 4769 1479 4841 suscipiendum
1514 4782 1619 4836 εει,
1651 4767 1703 4824 in
1740 4777 1851 4824 tres
1880 4777 2160 4840 equestres

2268 4771 2591 4847 ϐαλλαρίους
2662 4771 2947 4826 ὑπόκειται
2992 4771 3020 4824 ὁ
3069 4768 3347 4838 πόλεμος,
3417 4767 3511 4820 καὶ
3561 4765 3642 4829 είς
3687 4767 3846 4835 τρεῖς

596 4864 743 4923 acies
765 4861 1080 4920 universum
1111 4861 1321 4919 divides
1340 4860 1663 4918 exercitum.
1696 4859 1939 4916 Primam
1961 4860 2158 4928 aciem,

2267 4861 2675 4935 κασαλλαρικὰς
2719 4857 2902 4926 τάξεις
2937 4858 3265 4930 διαμερίσῃς
3310 4856 3403 4911 τὸν
3438 4855 3689 4927 στρατόν.
3723 4856 3846 4909 Καὶ

596 4970 722 5027 qua:
748 4953 1052 5027 πρόμαχος,
1087 4953 1140 5009 id
1170 4962 1254 5010 est
1289 4952 1694 5025 propugnatrix,
1717 4952 1938 5019 dicitur,
1968 4951 2020 5006 in
2055 4962 2162 5008 tres

2265 4956 2365 5030 τὴν
2422 4955 2522 5028 μὶν
2562 4954 2784 5026 πρώτην
2834 4951 3160 5023 παράταξιν,
3194 4950 3315 5021 ἥτις
3359 4949 3575 5018 λέγεται
3623 4935 3849 5019 πρόμαο

600 5056 784 5121 partes
813 5047 1047 5115 divides,
1085 5061 1413 5119 unaquaque
1443 5057 1593 5116 parte
1625 5043 1738 5101 sive
1767 5054 1946 5101 turma
1974 5043 2027 5098 in
2055 5052 2165 5101 tres

2265 5064 2380 5119 χος,
2426 5047 2505 5110 είς
2536 5045 2664 5117 τρία
2709 5043 2800 5097 ἴσα
2830 5042 2972 5115 μέρη
3015 5039 3247 5114 magn;
3279 5040 3386 5093 ἀπὸ
3433 5037 3601 5110 τριῶν
3635 5038 3848 5109 μοιρῶν

603 5140 800 5211 μοῖρας
834 5137 947 5194 sive
973 5139 1234 5210 drungos,
1264 5136 1318 5193 id
1348 5144 1450 5201 est,
1479 5136 1729 5193 cohortes
1768 5134 2052 5191 milliarias
2079 5134 2163 5189 di-

2268 5138 2483 5211 ἔχοντος
2512 5137 2748 5192 ἑκάστου
2782 5136 3001 5210 μέρους,
3034 5134 3204 5207 ἧγουν
3230 5133 3340 5188 άπὸ
3364 5131 3535 5203 τριῶν
3554 5122 3846 5204 δρούγγων

601 5229 716 5286 visa
736 5249 749 5286 :
769 5229 822 5284 in
841 5228 1014 5286 media
1038 5239 1217 5287 autem
1234 5238 1387 5301 parte
1402 5227 1518 5283 sive
1541 5234 1716 5282 turma
1733 5225 2166 5300 ὑποστράτηγον,

2272 5216 2510 5304 ἑκάστης
2530 5231 2795 5304 τούρμας,
2832 5230 2925 5287 καὶ
2948 5231 3007 5284 ἐν
3044 5228 3123 5300 τῷ
3155 5227 3306 5300 μέσῳ
3346 5226 3501 5300 μέρει
3529 5225 3713 5290 τάξεις
3749 5225 3850 5279 τὶν

602 5313 764 5382 idest
812 5324 1108 5397 principem
1137 5324 1252 5381 sive
1278 5332 1661 5395 propraetorem
1689 5329 1840 5378 luunt
1865 5341 1877 5377 :
1906 5322 1959 5378 in
1981 5322 2169 5378 dextra

2273 5324 2686 5398 ὑποστράτηγόν
2726 5337 2853 5397 joco,
2901 5325 2960 5379 έν
2984 5323 3040 5377 δὲ
3068 5324 3181 5386 τοῖς
3230 5321 3437 5394 ἑτέροις
3471 5320 3643 5387 δυσὶν,
3676 5320 3849 5392 ἤγουν

604 5417 931 5489 sinistraque
954 5429 1125 5490 parte,
1149 5417 1489 5473 turmarchas
1518 5431 1669 5481 suos,
1698 5415 1752 5471 in
1787 5416 1964 5473 medio
1991 5416 2167 5472 drun-

2275 5416 2353 5490 τῴ
2373 5417 2528 5489 δεξιῷ
2558 5417 2653 5473 καὶ
2694 5416 2771 5489 τῷ
2797 5413 3087 5489 ἀριστερῷ,
3137 5414 3265 5481 τοὺς
3302 5414 3413 5469 τῶν
3441 5412 3627 5488 μερῶν
3650 5413 3850 5486 ἄρχον-

602 5511 874 5582 gariorum
923 5521 1015 5565 aut
1063 5510 1409 5584 μοιραρχῶν,
1462 5510 1513 5565 id
1561 5517 1645 5565 est
1687 5508 2207 5568 trihunormn‘cola,

2249 5528 2377 5575 στας
2413 5511 2760 5583 μέσουςπτῶν
2802 5508 3258 5580 ὑποτεταγμένων
3294 5507 3493 5572 αὐτοὺς
3544 5505 3846 5579 ἀρχόντων,

607 5602 834 5658 locabis.
1178 5594 1179 5597 “

2279 5603 2444 5674 ἧγουν
2470 5602 2577 5659 τῶν
2613 5601 2925 5677 μοιραρχῶν
2960 5601 3087 5677 (90).

2115 5715 2345 5776 NOTAE.

685 5816 793 5891 (οη)
824 5816 1187 5889 Μοιμφχῶν.
1218 5816 1429 5885 Scribe,
1458 5818 1771 5891 μεραρχῶν.’
