4020 6312
137 345 276 412 813
1229 343 1562 406 TACTICA.
1601 367 1667 379 -·
1706 340 2208 406 CONSTITUTIO
2247 343 2384 405 XII.
3324 335 3430 402 311i

231 456 362 524 κζ’.
407 457 587 512 Ταῦτα
627 456 682 511 δὲ
720 457 784 512 τά
811 457 934 530 τρία
964 459 1101 532 μέρη
1132 460 1416 528 συστήσεις
1445 459 1554 513 ἀπὸ
1586 477 1751 532 κουρ-
1784 495 1793 518 Α

1925 460 2015 514 27.
2059 458 2169 516 Has
2225 471 2335 514 tres
2385 465 2593 513 turmas
2642 455 2941 512 constitues
2986 471 3046 510 ex
3102 457 3187 521 its,
3239 458 3328 523 qui
3367 456 3439 510 ad

149 550 394 622 σύρων,
425 552 590 621 ἡγουν
617 549 723 604 τῶν
760 551 837 614 εἰς
869 548 1097 621 κοῦρσον
1121 551 1465 620 τεταγμένων
1497 569 1758 623 στρατευο

1900 558 2206 615 ncursioues
2266 555 2483 618 valent,
2533 569 2671 624 quos
2719 565 2972 609 cursores
3019 563 3070 607 ct
3138 554 3436 622 proclastas

156 644 410 714 μάτων,
457 642 550 706 οὓς
592 640 684 695 νῦν
729 642 942 712 λέγουσι
987 642 1352 715 προκλάστας,
1385 645 1478 697 καλ⁵
1517 645 1763 714 διφενσό·

1900 649 2155 704 ιοιιιὶηιιηι
2190 667 2203 703 :
2236 657 2289 703 et
2326 662 2391 702 es
2417 646 2502 702 his
2526 646 2619 715 qui
2651 659 2903 701 cursores
2931 644 3206 712 excipiunt
3242 645 3436 700 iterum

156 755 317 806 ρων,
355 737 527 808 ἤγουν
567 735 675 790 τῶν
707 736 1131 806 ’ὑποδεχομένων
1164 737 1289 800 τοὺς
1324 737 1402 800 είς
1443 737 1768 808 τδκοῦρσον

1903 786 1906 788 .
1943 757 2105 797 cursu
2146 739 2460 803 redeuntes,
2498 746 2662 807 atque
2691 752 2786 793 eos
2816 735 3133 799 defendunt,
3166 750 3305 805 quos
3349 737 3442 790 de-

152 827 544 894 ἐλαύνοντας,
575 828 670 882 καὶ
702 827 1057 881 ἐκδικοῦντων
1095 828 1313 892 αὐτοὺς,
1363 829 1503 883 ὥστε
1535 829 1768 882 ἑκάστου

1900 850 2122 890 ensores
2152 832 2426 904 appellant
2454 848 2466 885 :
2501 841 2559 886 ut
2591 829 3024 898 uniuscujusque
3058 838 3251 896 turma:
3280 829 3438 883 tertia

160 924 404 993 μέρους
438 921 497 974 τὸ
533 917 711 990 τρίτον
743 919 906 974 ποσὸν
939 920 1313 990 κουρσάτορας
1341 915 1498 976 εἶναι.
1533 918 1769 986 Τούτους

1900 945 2000 984 νει-ε
2047 941 2302 983 cursores
2337 924 2466 988 sint,
2501 939 2620 994 quae
2667 923 2886 992 reliquae
2939 933 3120 992 parn‘s
3163 922 3216 975 in
3265 921 3444 978 medio

154 1012 224 1066 δὲ
275 1007 436 1066 εῖναι
461 1012 555 1066 καὶ
576 1012 818 1076 τοξότας.
869 1012 942 1066 Τὸ
971 1012 1024 1066 δὲ
1050 1011 1292 1084 δίμοιρον
1327 1014 1388 1066 τὸ
1421 1013 1477 1066 ἐν
1505 1014 1652 1086 μέσῳ
1678 1015 1772 1068 τοῦ

1900 1019 2152 1075 :xet‘citus
2182 1017 2503 1074 defensores
2534 1016 2664 1081 sint,
2697 1015 2790 1086 qui
2824 1014 2954 1070 istos
2983 1030 3236 1070 cursores
3267 1014 3444 1068 vindi-

163 1103 439 1174 στρατοῦ
470 1102 790 1173 διφένσορας
822 1103 988 1172 ἤγουν
1026 1101 1273 1166 ἐκδίκους
1294 1102 1418 1169 τοὺς
1445 1103 1776 1176 ὑποδεχομέο
1875 1121 2001 1169 cem
2026 1120 2079 1167 ct
2106 1109 2418 1167 uefendanl.

159 1210 314 1257 νους
343 1195 479 1259 τοὺς
512 1211 607 1248 κου
614 1194 902 1265 ρσάτορας.

249 1293 385 1356 κη’.
419 1285 760 1356 Παρατάξεις
789 1285 844 1337 δὲ
870 1287 926 1339 ὲν
957 1288 1019 1357 τῇ
1057 1285 1246 1357 πρώτῃ
1274 1285 1424 1350 τάξει
1451 1285 1645 1350 οὕτως·
1683 1287 1777 1352 Είς

165 1379 289 1451 μὲν
327 1379 406 1432 τὸ
437 1377 717 1450 ἀριστερὸν
749 1378 932 1448 μέρος,
965 1379 1042 1442 είς
1074 1378 1102 1430 ὃ
1135 1377 1364 1448 μάλιστα
1397 1381 1451 1434 αἱ
1480 1379 1777 1444 κυκλώσεις

165 1467 297 1522 τῶν
329 1469 600 1523 ἐναντίων
628 1469 866 1532 εὐκόλως
897 1470 1158 1538 γίνονται,
1195 1469 1286 1522 δύο
1335 1470 1367 1542 ἢ
1412 1471 1537 1541 τρία
1586 1471 1777 1542 βάνδα,

163 1561 269 1616 ἵνα
330 1561 452 1614 εἰσὶ
504 1560 942 1630 πλαγιοφύλακες
994 1561 1273 1631 ἱστάμενοι
1318 1563 1419 1616 ἴσοι
1465 1562 1557 1615 τοῦ
1615 1561 1778 1618 αὐτοῦ

170 1653 444 1727 μέρουςο
496 1652 592 1707 καὶ
643 1651 830 1723 βάνδον
861 1653 917 1706 ἓν
966 1653 998 1725 ἢ
1057 1654 1149 1708 δὺο
1199 1653 1360 1724 sive:
1390 1653 1609 1719 τοξότας
1653 1655 1780 1718 τοὺς

166 1745 526 1817 λεγομένους
570 1746 984 1818 ὑπερκεράστας
1012 1746 1122 1820 (91)
1155 1748 1320 1819 ἧγουν
1346 1747 1590 1818 ἑτοίμους
1623 1747 1779 1814 ὄντας

169 1839 264 1904 εἰς
297 1837 590 1894 κύκλωσιν
626 1839 734 1896 τῶν
774 1840 1045 1911 πολεμίων
1069 1857 1080 1870 ·
1116 1840 1337 1902 τούτους
1377 1842 1597 1910 στήσεις
1631 1839 1662 1912 ἦ
1698 1842 1778 1906 είς

167 1927 237 1984 τὸ
271 1931 458 2004 μέρος
478 1931 548 1985 τὸ
572 1931 760 1999 δεξιόν.
796 1933 904 1986 Καὶ
926 1933 1023 2004 τὴν
1052 1932 1149 2004 μὲν
1182 1930 1403 2003 πρώτην
1429 1930 1583 1998 τάξιν
1607 1927 1778 1994 οὕτως

174 2024 562 2096 παρατάξεις.

1947 1293 2038 1349 28.
2091 1291 2327 1346 Primam
2384 1289 2558 1344 aciem
2606 1288 2684 1345 sic
2733 1296 3006 1346 instrues:
3039 1284 3115 1338 Ad
3165 1283 3444 1340 sinistram

1879 1398 2109 1458 partem,
2144 1400 2307 1455 quam
2354 1383 2590 1437 maxime
2640 1391 2692 1435 et
2745 1378 3002 1434 facillime
3049 1377 3450 1433 circumvenire

1883 1485 2064 1538 hostes
2092 1482 2283 1545 solent,
2312 1477 2448 1533 duas
2473 1484 2567 1532 aut
2605 1484 2713 1529 tres
2747 1474 3004 1529 cohortes
3041 1471 3287 1542 ejusdem
3322 1486 3449 1540 par—

1883 1575 1971 1638 tis,
2020 1582 2078 1628 ut
2127 1571 2236 1627 sint
2283 1567 2741 1638 πλαγιοφύλακες,
2794 1565 2847 1619 id
2899 1572 2976 1618 est
3016 1562 3286 1617 laterones
3333 1562 3450 1616 sive

1881 1668 2133 1730 laterani,
2173 1663 2475 1735 assignabis
2510 1680 2524 1718 :
2558 1661 2834 1717 cohortem
2865 1669 3119 1728 praeterea
3156 1666 3454 1724 unam,aut

1882 1760 2018 1816 duas
2047 1774 2106 1814 ex
2136 1755 2446 1828 sagittariis,
2476 1753 2567 1823 qui
2601 1751 3024 1825 ὑπερκεράσται,
3048 1749 3100 1804 id
3130 1759 3212 1804 est
3263 1748 3449 1804 corui~

1885 1850 2057 1918 stites,
2109 1849 2172 1903 ad
2230 1845 2650 1902 circumdandos
2695 1843 2904 1908 hostes,
2951 1839 3454 1897 circumvallandos

1884 1949 2293 2005 constituuntur
2323 1963 2337 1999 :
2369 1945 2472 1999 hos
2502 1942 2569 1997 ad
2603 1939 2852 1996 dextram
2881 1937 2998 2009 ejus
3030 1944 3234 2007 partem
3278 1934 3458 1992 collo—

1886 2039 2059 2097 cabis.
2095 2038 2171 2092 Ac
2197 2035 2428 2108 primam
2463 2032 2632 2088 aciem
2667 2031 2746 2088 sic
2773 2031 3032 2087 instrues.

1951 2126 2042 2188 29.
2082 2128 2384 2185 Secundam
2440 2126 2631 2192 aciem,
2683 2137 2805 2194 quae
2853 2120 3179 2178 subsidiaria
3232 2118 3453 2181 dicitur,

1888 2217 1969 2275 sic
1998 2217 2254 2282 instrues,
2282 2224 2342 2269 ut
2376 2213 2589 2269 tertiam
2623 2222 2826 2282 partem
2860 2211 3026 2266 totius
3065 2210 3344 2266 exercitus
3401 2207 3453 2262 in

1889 2326 1948 2367 se
1980 2310 2277 2368 contineat.
2304 2306 2434 2362 Eam
2462 2314 2642 2361 autem
2669 2305 2721 2359 in
2750 2314 2982 2375 quatuor
3013 2312 3193 2376 partes
3221 2303 3450 2362 divides.

1888 2409 1942 2457 et
1971 2401 2131 2456 unius
2162 2399 2372 2469 sagittae.
2401 2397 2548 2468 jactu
2586 2396 2650 2452 ad
2683 2396 2856 2450 latera
2900 2393 3169 2464 ejusmodi
3214 2402 3393 2464 partes
3425 2408 3456 2446 ι

1890 2507 1948 2548 se
1997 2501 2186 2546 mutuo
2239 2489 2458 2545 distent.
2541 2487 2649 2543 llas
2716 2496 2897 2557 partes
2953 2484 3219 2555 ancipites
3283 2492 3337 2540 et
3386 2485 3455 2539 ad

1892 2597 2176 2655 utramque
2207 2591 2412 2654 partem
2451 2580 2693 2656 inflexus,
2739 2596 2875 2649 quas
2925 2579 3325 2650 ἀμφιστόμους,
3361 2594 3454 2634 seu

1889 2676 2176 2748 διστόμους
2205 2673 2394 2729 dicunt
2422 2671 2640 2737 cmeies,
2673 2681 2731 2725 ut
2764 2672 2854 2742 qui
2882 2670 3187 2725 anterior-es
3212 2678 3358 2734 sunt,
3393 2671 3457 2720 ad

1891 2768 2121 2824 frontem
2143 2765 2235 2837 qui
2270 2767 2616 2837 posteriores,
2646 2763 2712 2819 ad
2741 2762 2970 2818 caudam
3000 2775 3121 2832 qute
3142 2759 3338 2815 dicitur
3365 2774 3463 2813 eu—

1891 2861 2230 2917 stodiendam
2267 2857 2442 2929 parati
2475 2868 2639 2929 atque
2678 2856 2873 2912 armati
2916 2856 3045 2922 sint,
3079 2865 3136 2911 ut
3167 2855 3326 2910 etiam
3354 2851 3396 2906 si
3429 2867 3460 2905 a

1894 2963 2042 3026 tergo
2083 2953 2149 3009 de
2179 2952 2480 3023 improuiso
2516 2950 2700 3007 hostes
2741 2950 2974 3016 irruant,
3023 2954 3343 3003 comertant
3381 2960 3460 3011 se,

1895 3055 1948 3102 et
1974 3044 2039 3100 ad
2068 3043 2430 3100 resistendum
2464 3039 2714 3098 hostibus
2743 3039 2949 3096 habiles
2974 3036 3335 3108 reperiantur.

1813 1813 1856 1867 Β

252 2116 372 2173 κΘ’.
433 2118 546 2190 Τὴν
599 2119 654 2172 δὲ
702 2119 958 2190 δευτέραν
1008 2118 1310 2190 παράταξιν
1349 2118 1447 2189 τὴν
1481 2119 1778 2189 λεγομένην

177 2209 400 2281 βοηθὸν
449 2211 652 2278 τάξεις,
691 2210 776 2265 ἵνα
813 2211 914 2286 ἔχῃ
958 2213 1020 2267 τδ
1061 2214 1239 2285 τρίτον
1274 2213 1437 2266 ποσὸν
1464 2211 1558 2264 τοῦ
1583 2211 1781 2276 παντὸς

178 2300 466 2372 στρατοῦ,
529 2302 624 2354 καὶ⁵
671 2300 875 2374 ταύτην
909 2305 1154 2374 ποιήσεις
1199 2305 1280 2367 είς
1327 2302 1573 2376 τέσσαρα
1611 2303 1777 2374 μέρη,

178 2391 283 2445 ἵνα
309 2390 395 2455 ὡς
427 2391 536 2444 ἀπὸ
562 2391 682 2455 ἐνὸς
711 2391 1088 2462 σαγιττοόὀλου
1124 2393 1488 2464 διαστήματος
1519 2392 1654 2446 κατὰ
1685 2393 1784 2457 τὰς

181 2483 456 2554 πλευρὰς
507 2482 746 2554 ἀλλήλων
811 2484 1169 2555 περιπατοῦσι
1226 2485 1295 2538 τὰ
1338 2484 1564 2539 τοιαῦτα
1615 2484 1777 2556 μέρη.

181 2574 273 2629 Τὰ
327 2575 390 2628 δὲ
423 2573 650 2630 τοιαῦτα
679 2575 817 2647 μέρη
851 2574 1170 2647 ἀμφίστομα
1207 2578 1452 2647 ποιήσεις
1501 2578 1668 2647 ἤγουν
1702 2574 1783 2630 δί-

182 2683 404 2738 στομα,
443 2665 532 2720 ἶνα
561 2667 652 2720 καὶ
673 2669 722 2720 οι
761 2666 1066 2739 ἔμπροσθεν
1101 2668 1234 2740 πρὸς
1254 2667 1314 2722 τὸ
1340 2667 1629 2739 λεγόμενον
1655 2667 1784 2738 μέτ-

185 2760 348 2814 ωπόν
416 2761 560 2814 είσιν
592 2759 807 2814 δυνατοὶ
849 2761 943 2814 καὶ
985 2760 1422 2832 καθωπλισμένοι
1460 2761 1661 2831 ὁμοίως
1693 2761 1786 2814 καὶ

183 2853 241 2906 oi
287 2852 531 2906 ὄπισθεν
578 2852 714 2924 πρὸς
762 2851 860 2923 τὴν
887 2852 1187 2924 λεγομένην
1223 2854 1390 2924 οὐρὰν
1433 2853 1646 2907 δυνατοὶ
1692 2852 1787 2907 καὶ

189 2943 687 3014 καθωπλισμένοι·
729 2944 816 2998 ἵνα
841 2943 938 2998 καὶ
969 2944 1064 2998 ἐὰν
1109 2944 1250 3000 κατὰ
1289 2943 1380 2997 τοῦ
1422 2942 1591 2998 νώτου
1620 2944 1787 3016 ἤγουν

188 3037 382 3092 ὀπίσω
415 3037 601 3091 αὐτῶν
642 3037 940 3109 ποιήσωσιν
974 3036 1277 3107 προσϐολὴν
1309 3035 1359 3090 οἱ
1393 3035 1596 3108 ἐχθροὶ,
1642 3038 1787 3090 ἀντι-

197 3129 585 3201 στρέφωνται,
615 3127 710 3182 καὶ
754 3128 1113 3199 εὑρίσκωνται
1163 3126 1269 3180 ἀπὸ
1304 3127 1413 3179 τῶν
1464 3125 1558 3180 δύο
1605 3126 1783 3198 μερῶν

197 3221 314 3278 ιτοι
324 3239 420 3294 μοι
457 3221 740 3276 άντιτάσσε
750 3220 892 3275 σθαι.

278 3317 346 3367 λ’.
397 3311 562 3365 Ἀλλά
603 3311 697 3365 καὶ⁶
720 3312 778 3365 ὲν
809 3314 921 3376 τοῖς
959 3311 1136 3377 ἄλλοις
1183 3313 1405 3385 μέρεσιν
1444 3313 1665 3369 δπισθεν
1695 3313 1792 3385 τῆς

201 3403 581 3478 παρατάξεως
629 3403 986 3474 ἑκατέρωθεν,
1035 3405 1205 3477 ἤγουν
1237 3403 1388 3459 ἔνθεν
1423 3405 1516 3460 καὶ
1565 3404 1794 3470 ἐκεῖθεν,

206 3497 286 3562 ὼς
342 3496 459 3551 ἀπὸ
503 3495 623 3560 ἐνὸς
675 3495 1054 3564 σαγιττοϐόλου
1109 3495 1497 3568 διαστήματος,
1554 3496 1798 3561 ἐκτάξεις

209 3592 325 3647 άπὸ
349 3592 477 3656 ἑνὸς
518 3590 706 3664 βάνδου
735 3592 794 3645 ἐν
826 3591 977 3657 τάξει
1006 3591 1404 3663 νωτοφυλάκων
1431 3586 1542 3648 οἷον
1574 3593 1652 3656 εἰς
1681 3590 1798 3662 τρί-

208 3703 317 3758 την
349 3685 535 3750 τάξιν.

286 3778 394 3834 λα’.
429 3779 548 3832 Ἵνα
577 3778 632 3832 δὲ
662 3779 755 3833 καὶ
781 3779 838 3831 ὲν
875 3776 950 3850 τῷ
984 3775 1133 3849 μέσῳ
1164 3775 1359 3849 χωρία,
1393 3777 1559 3848 ἤγουν
1587 3776 1655 3829 τά
1688 3776 1801 3829 δια-

217 3873 486 3944 στήματα
521 3870 621 3940 τῆς
670 3869 929 3940 δευτέρας
972 3869 1197 3938 τάξεως,
1231 3869 1484 3940 ἡνωμένα
1537 3867 1800 3938 εὑρεθῶςι

215 3964 309 4019 διὰ
336 3962 563 4028 παντὸς,
593 3963 688 4018 καὶ
718 3965 751 4036 ἡ
784 3965 933 4018 πάσα
965 3961 1116 4028 τάξις
1143 3961 1201 4015 ἓν
1234 3963 1392 4033 σῶμα
1419 3962 1689 4031 φαίνεται,
1711 3963 1803 4015 καὶ

223 4055 301 4127 μὴ
327 4053 720 4126 διαστρέφεται
767 4051 1161 4122 περιπατοῦσα,
1210 4052 1504 4120 ἀναγκαῖόν
1542 4049 1621 4103 σοί
1656 4053 1802 4103 ἐστιν

221 4148 302 4210 είς
327 4145 509 4200 ταῦτα
537 4145 604 4199 τὰ
631 4145 688 4198 ὲν
733 4144 881 4215 μέσῳ
907 4143 1273 4214 διαλείμματα
1305 4144 1412 4197 ἀπὸ
1454 4142 1572 4205 ἑνὸς
1604 4140 1798 4211 βάνδου

1967 3317 2058 3373 50.
2101 3313 2158 3370 in
2191 3312 2452 3370 extremis
2481 3313 2595 3368 oris
2625 3309 2783 3375 aciei,
2810 3309 2937 3364 hinc
2961 3317 3120 3377 atque
3147 3307 3318 3372 illinc,
3342 3311 3463 3374 post

1898 3412 2067 3466 aciem
2099 3410 2421 3464 instructam
2446 3406 2604 3478 quasi
2633 3409 2793 3463 unius
2826 3403 3038 3474 sagittm
3081 3401 3227 3472 jactu
3266 3398 3468 3454 educes

1899 3521 1962 3559 ex
1990 3519 2096 3558 una
2133 3507 2354 3559 cohorte
2380 3501 2446 3556 ad
2475 3500 2647 3555 aciem
2679 3498 3030 3569 tergistitum,
3059 3493 3214 3565 quasi
3247 3492 3314 3548 ad
3359 3501 3468 3546 ter-

1901 3599 2031 3655 tiam
2060 3597 2231 3652 aciem
2262 3593 2662 3651 instruendam.

1977 3783 2066 3836 5|.
2111 3781 2378 3835 Utautem
2408 3777 2525 3832 loca
2561 3778 2675 3831 sive
2712 3775 3019 3839 intervalla,
3045 3788 3165 3843 qua:
3210 3773 3261 3826 in
3293 3770 3470 3827 medio

1907 3876 2154 3932 secunda:
2210 3873 2343 3929 aciei
2402 3880 2550 3938 sunt,
2603 3873 2837 3926 adunata
2885 3869 3110 3923 omnino
3172 3867 3472 3937 junctaque

1907 3970 2272 4030 inveniantur,
2305 3976 2359 4022 et
2393 3965 2647 4020 universa
2681 3964 2826 4020 acies
2857 3962 3011 4033 quasi
3056 3975 3225 4016 unum
3275 3949 3472 4028 corpus

1908 4071 2184 4134 appareat,
2208 4076 2380 4130 neque
2405 4060 2456 4113 in
2477 4057 2651 4113 eundo
2674 4057 3031 4121 distrahatur,
3059 4067 3276 4109 necesse
3299 4059 3380 4107 est
3408 4051 3472 4105 ad

225 4241 572 4312 καταστῆσαι
597 4242 677 4304 είς
704 4231 823 4294 ὅλον
853 4241 912 4293 τὸ
944 4239 1197 4311 εὔκαιρον
1225 4239 1499 4310 διάστημα
1531 4238 1651 4310 ἕχον
1664 4256 1720 4292 τα
1745 4240 1803 4291 τὸ

227 4332 396 4403 βάθος
430 4334 599 4404 ἧγουν
629 4332 687 4387 τὸ
717 4333 887 4404 πάχος
920 4333 951 4404 ἢ
990 4332 1097 4385 ἀπὸ
1125 4332 1216 4386 δύο
1247 4331 1648 4402 καϐαλλαρίων,
1681 4333 1713 4402 ἦ
1745 4329 1804 4383 τὸ

227 4424 420 4490 καλῶς
469 4426 590 4496 ἔχον
630 4426 738 4479 άπὸ
781 4423 1080 4495 τεσσάρων,
1137 4425 1369 4496 μάλιστα
1421 4423 1618 4477 πολλοῦ
1653 4424 1809 4495 δντος

1909 4153 2025 4206 haec
2055 4150 2335 4206 intervalla
2373 4149 2426 4203 in
2466 4148 2646 4204 medio
2675 4147 2997 4217 complenda
3047 4161 3076 4200 e
3106 4146 3329 4201 cohorte
3371 4143 3473 4196 ali-

1911 4258 2018 4314 qua
2045 4241 2307 4312 quosdam
2339 4240 2550 4311 equites
2591 4239 2812 4308 eligere,
2863 4237 2954 4307 qui
3002 4237 3067 4290 ad
3112 4235 3342 4290 duorum
3391 4233 3474 4285 vel

1913 4345 2142 4409 quatuor
2183 4334 2359 4405 potius
2391 4331 2674 4386 hominum
2731 4329 3093 4394 altitudinem,
3139 4327 3182 4382 si
3243 4341 3474 4397 magnus

1916 4427 2078 4483 fuerit
2107 4425 2398 4486 exercitus,
2432 4423 2798 4487 instruantur,
2864 4430 2920 4474 ut
2947 4420 2990 4474 si
3017 4419 3234 4489 quando
3259 4418 3477 4473 occasio

229 4513 327 4569 τοῦ
380 4514 640 4588 στρατοῦ,
686 4514 772 4568 ἵνα
822 4516 950 4569 ὅταν
996 4515 1184 4585 καιρὸς
1231 4514 1456 4586 γένηται
1489 4513 1558 4568 τὰ
1607 4515 1793 4585 τρεπό·

1918 4514 2079 4570 fuerit
2105 4513 2290 4584 primae
2314 4511 2448 4567 aciei
2475 4520 2656 4581 partes
2687 4509 2751 4564 ad
2787 4509 2976 4579 fugam
3012 4510 3295 4564 inclinatas
3327 4509 3477 4563 ριιςῐο

235 4625 376 4678 μενα
413 4609 554 4680 μέρη
587 4608 686 4680 τῆς
721 4609 940 4682 πρώτης
968 4609 1343 4680 παρατάξεως.
1373 4607 1558 4662 Ταῦτα
1589 4607 1656 4661 τά
1681 4607 1808 4679 τρία

237 4699 408 4770 βάνδα
441 4701 512 4756 τὰ
554 4702 687 4756 ὄντα
732 4703 789 4755 ἐν
819 4705 928 4765 τοῖς
971 4702 1246 4772 εὐκαίροις
1270 4702 1454 4764 τόποις
1486 4701 1808 4754 ὑποστελλός

242 4811 382 4864 μενα
433 4797 528 4850 καὶ
562 4799 964 4868 συσφιγγόμενα
995 4795 1224 4868 εὔκαιρα
1271 4796 1482 4850 ποιοῦσι
1517 4797 1582 4850 τά
1636 4795 1810 4867 χωρία

242 4888 381 4960 πρὸς
408 4889 508 4961 τὴν
534 4890 754 4946 ἐκείνων
786 4892 1072 4962 ὑποδοχήν,
1093 4893 1204 4945 Καὶ
1240 4891 1357 4962 ἅμα
1391 4891 1489 4962 μὲν
1519 4891 1811 4962 ὑποδέχον-

239 4993 331 5035 ται
361 4984 488 5046 τοὺς
510 4984 870 5054 τρεπομένους
903 4983 1134 5054 εὔκαιρα
1159 4982 1333 5054 χωρία
1367 4982 1666 5048 ποιοῦντες,
1694 4983 1811 5055 ἅμα

245 5071 301 5128 δὲ
336 5077 428 5128 καὶ
459 5076 840 5130 άναστέλλουσι
871 5078 998 5142 τοὺς
1042 5077 1292 5139 Θέλοντας
1339 5077 1731 5148 σκορπίζεσϐαι
1779 5077 1812 5149 ἢ

250 5169 463 5234 φυγεῖν,
500 5169 615 5238 ἅμα
660 5168 717 5223 δὲ
765 5171 856 5222 καὶ
900 5170 979 5232 είς
1031 5167 1219 5239 τρίτην
1257 5165 1408 5231 τάξιν
1454 5166 1815 5236 συνιστάμενα

254 5257 390 5325 μετὰ
439 5260 545 5313 τῶν
594 5261 986 5330 νωτοφυλάκων
1033 5258 1359 5314 ἁποσοὸοὖσι
1410 5246 1665 5320 πολλάκις
1695 5259 1818 5322 τοὺς

253 5349 395 5404 κατὰ
452 5353 620 5406 νῶτον
687 5355 854 5425 ἤγουν
923 5353 1144 5406 δπισθεν
1213 5349 1660 5420 ἐπιφαινομένους
1723 5349 1817 5403 καὶ

254 5437 646 5513 ἐπερχομένους
670 5444 894 5516 ἐχθροὺς
927 5443 1060 5515 πρὸς
1087 5442 1147 5497 τὸ
1183 5442 1410 5515 ταράξαι
1436 5441 1533 5512 τὴν
1560 5439 1817 5510 δευτέραν

1912 4605 2115 4677 piendi,
2141 4605 2222 4660 hae
2247 4611 2354 4660 tres
2386 4603 2637 4658 cohortes
2671 4602 3072 4657 retrocedentes
3102 4610 3154 4656 et
3203 4601 3255 4655 in
3306 4616 3480 4670 angu-

1913 4709 2054 4754 stum
2114 4713 2173 4753 se
2229 4697 2613 4752 contrahentes
2664 4703 2970 4764 opportuna
3032 4694 3148 4748 loca
3226 4693 3297 4746 ad”
3357 4693 3478 4748 illos

1910 4788 2261 4859 excipiendos
2298 4795 2625 4858 praeparent,
2661 4784 2934 4854 simulque
2967 4784 3018 4838 in
3068 4784 3247 4851 fugam
3294 4799 3480 4838 versos

1911 4881 1964 4936 in
1991 4877 2134 4935 hanc
2159 4879 2405 4934 locorum
2435 4877 2894 4954 opportunitatem
2939 4875 3228 4945 accipiant,
3278 4892 3482 4946 eosque

1915 4974 2003 5044 qui
2041 4970 2388 5042 tergiversari
2429 4967 2738 5036 ιιαίιιῐηςρι
2775 4969 2840 5022 ad
2872 4967 3185 5038 fugiendum
3229 4985 3288 5024 se
3342 4984 3483 5038 pra:-

1917 5076 2128 5138 parant,
2161 5073 2215 5120 et
2245 5061 2852 5130 admodnm'retineant,
2879 5073 2933 5117 et
2959 5061 3024 5116 ad
3062 5063 3276 5118 tertiam
3310 5062 3482 5118 aciem

1913 5177 2036 5217 cum
2073 5159 2430 5231 tergistitihus
2461 5157 2656 5227 juncti,
2687 5172 2830 5228 saepe
2873 5156 3055 5211 hostes
3087 5155 3152 5210 ad
3184 5160 3480 5229 secundant

1915 5254 2086 5308 aciem
2149 5250 2586 5322 perfringendam
2660 5250 3000 5306 incursantes
3071 5249 3370 5320 repellant,
3431 5259 3484 5302 et

1919 5348 2077 5418 quasi
2141 5345 2573 5403 indissolubilem
2627 5345 2922 5400 secundam
2988 5343 3160 5398 aciem
3229 5341 3485 5398 ellieiaut.

1924 5439 2098 5509 Atque
2133 5437 2247 5492 haec
2275 5437 2321 5494 si
2348 5451 2578 5508 magnus
2617 5432 2782 5491 fuerit
2813 5434 3102 5498 exercitus,
3130 5433 3226 5488 alis
3255 5441 3304 5488 te
3334 5431 3483 5486 ﬁant.

261 5535 579 5604 παράταξιν,
609 5536 700 5590 καὶ
721 5535 1000 5591 ἀδιάλυτον
1028 5535 1198 5605 αὐτὴν
1214 5534 1677 5604 διαφυλάττουσιν.
1703 5532 1813 5588 Καὶ
1839 5531 2010 5586 ταῦτα
2037 5531 2134 5603 μὲν
2182 5529 2274 5584 ἐὰν
2330 5529 2493 5594 πολύς
2543 5533 2685 5584 ἐστιν
2716 5530 2742 5583 ὁ
2777 5527 3002 5599 στρατὸς
3029 5527 3170 5581 οὕτω
3217 5525 3485 5597 ποιήσεις,

1759 5687 1990 5745 NOTAE.

337 5807 444 5875 (9|)
487 5805 970 5880 Ὑπερκερὰστας.
1003 5804 1376 5871 Seribcbatur,
1404 5803 1542 5876 ὑπὲρ
1575 5801 1830 5873 κεράσται
