4020 6312
217 350 335 417 sat
1287 347 1617 410 TACTICA.
1655 371 1719 382 —
1758 345 2260 416 CONSTITUTAO
2295 346 2428 406 xu.
3391 345 3498 410 δίε

217 471 310 525 ὅτι
349 469 524 524 πλέον
554 467 662 522 τῶν
683 465 886 520 λοιπῶν
917 464 1013 536 τῆς
1037 464 1283 535 ἀνάγκης
1316 465 1631 534 μετέχουσιν
1660 463 1717 514 ὲν
1751 464 1806 531 τῇ

1923 463 2149 528 accedit,
2179 462 2325 533 quod
2357 463 2427 517 ob
2464 461 2645 516 hostes
2670 460 2928 516 cadentes
2956 459 3340 530 despoliandus
3372 461 3504 518 nulh

219 562 440 633 πρώτῃ
477 559 717 632 συμϐολῇ
768 557 863 612 τοῦ
888 558 1146 628 πολέμου·
1181 556 1384 627 ἀγαθὸν
1430 555 1486 608 δὲ
1511 553 1603 607 καὶ
1632 554 1806 620 ἕτερον

1923 569 1988 607 ex
2031 555 2188 624 equis
2227 553 2594 622 descendunt,
2625 561 2681 609 ct
2712 554 2999 609 stationem
3032 568 3189 608 suam
3227 554 3506 611 deserunt.

216 656 482 725 γίνεται,
511 656 595 710 ἵνα
642 653 720 726 μὴ
759 653 848 711 διά
894 653 955 706 τὸ
994 651 1284 708 σκυλεῦσαι
1326 653 1452 716 τοὺς
1502 651 1797 712 πίπτοντας
1836 648 2080 720 ἐχθροὺς,
2126 652 2268 718 τινὲς
2306 654 2370 706 ἐκ
2432 650 2539 705 τῶν
2585 651 2768 706 ἵππων
2817 650 3207 722 κατέρχωνται,
3254 651 3349 706 καλ⁸
3409 653 3508 722 τὴν

235 748 567 820 παράταξιν
596 747 905 802 διαλύωσιν.

293 837 412 912 νγ’.
447 842 570 896 Ἵνα
597 841 654 894 δὲ
685 840 921 905 εὐκόλως
961 842 1053 895 ἐπὶ
1081 840 1191 896 τῶν
1231 840 1413 896 ἵππων
1458 841 1819 896 ἀναϐαίνωσιν

215 935 279 989 οἵ
323 952 389 988 τε
429 934 714 1006 λεγόμενοι
764 934 1080 990 δεσποτάτοι
1114 935 1208 989 καὶ
1247 935 1297 987 οί
1332 933 1820 1005 τραυματιζόμενοι

217 1027 580 1098 στρατιῶται
612 1027 662 1079 οἱ
711 1024 820 1081 ἀπὸ
869 1025 978 1078 τῶν
1027 1023 1207 1078 ἵππων
1249 1025 1570 1090 πίπτοντες,
1609 1026 1818 1098 πρέπον

215 1119 408 1186 ἐστὶν,
446 1120 536 1174 ῖνα
564 1121 591 1172 ὁ
617 1117 907 1181 δεποτάτος
931 1117 1028 1182 τὰς
1059 1117 1150 1172 δύο
1186 1117 1389 1182 σκάλας
1415 1120 1496 1182 εἰς
1522 1117 1584 1171 τὸ
1605 1119 1819 1190 ἀριστε-

215 1212 321 1283 ρὸν
359 1212 539 1284 μέρος
565 1212 662 1281 τῆς
703 1209 898 1275 σέλλας
937 1210 1056 1282 ἔχῃ·
1082 1209 1224 1264 τοῦτ’
1250 1210 1365 1265 ἐστι
1393 1213 1498 1282 τὴν·
1523 1211 1648 1280 μίαν
1683 1210 1818 1281 πρὸς

215 1303 300 1374 τῷ
336 1302 897 1374 ὲμπροσθοκουρσίῳ,
932 1305 1028 1356 καὶ
1067 1301 1165 1373 τὴν
1190 1302 1384 1374 ἑτέραν
1419 1303 1550 1374 πρὸς
1581 1302 1658 1374 τῷ
1689 1303 1814 1356 ὀπι-

216 1397 604 1468 σθοκουρθίῳ,
639 1396 725 1450 ἴνα
764 1396 891 1450 ὅταν
944 1394 1227 1465 μέλλουσιν
1261 1395 1310 1448 οἱ
1348 1393 1445 1449 δύο
1484 1394 1578 1448 ἐπὶ
1602 1393 1694 1448 τοῦ
1724 1395 1816 1447 τπ-

215 1506 330 1544 που
395 1488 747 1562 ἀνέρχεσθαι,
785 1491 813 1542 ό
845 1486 942 1559 μὲν
973 1485 1062 1540 διὰ
1094 1487 1193 1555 τῆς
1223 1488 1425 1550 σκάλας
1458 1488 1555 1557 τῆς
1603 1487 1813 1558 ἐμπρο-

216 1579 381 1649 σθεν,
419 1584 451 1637 ό
481 1583 540 1636 δὲ
562 1580 650 1634 διὰ
688 1582 788 1652 τῆς
818 1580 1008 1648 ἑτέρας
1041 1579 1244 1643 σκάλας
1273 1580 1580 1652 ἀνέρχεται.
1617 1580 1811 1650 ’Δναγ-

214 1677 388 1730 καῖον
436 1675 496 1728 δέ
522 1676 638 1728 ἐστι
673 1673 797 1738 τοὺς
846 1672 1171 1743 λεγομένους
1200 1673 1562 1736 δεσποτάτους
1608 1671 1700 1726 καὶ
1731 1672 1811 1736 είς

213 1769 507 1841 φλασκεῖα
536 1767 680 1840 ὕδωρ
704 1765 990 1839 βαστάζειν
1009 1764 1096 1819 διὰ
1126 1765 1250 1830 τοὺς
1291 1764 1548 1829 πολλάκις
1592 1763 1808 1818 λιποθυο
1842 1748 1889 1810 Β

215 1861 476 1934 μοῦντας
505 1858 867 1933 τραυματίας.

288 1955 390 2010 νϐ’.
449 1954 541 2008 Ἐν
571 1953 628 2007 δὲ
664 1952 740 2024 τῷ
792 1951 969 2026 καιρῷ
1024 1954 1122 2024 τῆς
1172 1952 1352 2024 μάχης
1411 1949 1696 2022 φλάμουλα
1740 1949 1813 2006 τὰ

213 2048 501 2118 κοντάρια
535 2045 611 2118 μὴ
635 2047 934 2117 ἐχέτωσαν.
961 2045 1123 2100 Ὅσον
1157 2045 1265 2116 γάρ
1309 2045 1446 2098 εἰσιν
1480 2044 1558 2108 εἰς
1601 2043 1808 2097 ἐπίδει-

214 2139 301 2205 ξιν
332 2140 438 2193 καὶ
472 2140 682 2210 κόμπον
736 2139 1010 2207 ἀναγκαῖα
1070 2138 1140 2192 τὰ
1187 2137 1495 2210 φλάμουλα,
1555 2134 1812 2192 τοσοῦτόν

216 2234 369 2286 εἰσιν
397 2232 461 2286 ὲν
492 2232 612 2294 ταῖς
649 2231 853 2301 μάχαις
903 2230 1169 2302 άχρηστα.
1234 2230 1358 2285 Ἐὰν
1401 2230 1510 2304 γάρ
1560 2246 1643 2294 τις
1682 2230 1806 2302 βού-

213 2324 388 2396 ληται
432 2324 704 2394 εὐκαίρως
754 2321 930 2394 ῥίψαι,
960 2322 993 2394 ἢ
1028 2321 1326 2388 ἀκοντίσαι,
1355 2321 1388 2391 ἢ
1438 2320 1712 2389 τοξεῦσαι,
1745 2324 1805 2377 οὺ

217 2417 516 2488 συγχωρεῖ
544 2415 604 2468 τὸ
628 2413 935 2484 φλάμουλον
996 2412 1267 2484 εὐστόχως
1295 2412 1374 2474 είς
1409 2411 1590 2485 ὀρθὸν,
1643 2412 1678 2484 ἢ
1728 2413 1808 2479 είς

218 2511 406 2582 μῆκος
437 2507 732 2581 βάλλεσθαι
757 2507 817 2561 τὸ
841 2506 1189 2578 ῥιπτόμενον.
1237 2504 1360 2559 Ἐάν
1392 2504 1449 2558 δὲ
1482 2507 1574 2559 καὶ
1597 2504 1808 2572 τοξείας

217 2600 421 2673 καιρὸς
451 2600 705 2670 γένηται,
738 2594 1136 2667 παρεμποδίζει
1163 2599 1273 2661 τοῖς
1307 2596 1527 2649 ὄπισθεν
1552 2595 1802 2663 τοξεύου-

219 2711 328 2760 σιν,
357 2692 505 2748 ἀλλὰ
532 2695 626 2745 καὶ
648 2692 727 2755 είς
753 2689 850 2753 τὰς
876 2688 1162 2757 ὲξελασίας
1199 2690 1293 2744 καὶ
1327 2690 1406 2752 εἰς
1426 2687 1523 2752 τὰς
1545 2691 1804 2759 ὲπιστρου

216 2787 329 2857 φὰς
353 2786 451 2839 καί
478 2785 556 2850 είς
583 2783 678 2846 τὰς
711 2781 1075 2853 ἀντιστροφάς
1106 2782 1206 2834 οὐκ
1247 2780 1427 2850 ὀλίγον
1471 2781 1806 2852 ὲμποδισμδν

213 2879 494 2933 ποιοῦσιν.
519 2877 627 2931 Καὶ
654 2877 742 2932 διὰ
760 2876 916 2931 τοῦτο
944 2879 1000 2930 ὲν
1027 2875 1147 2940 ταῖς
1170 2875 1367 2946 μάχαις
1387 2872 1556 2928 ταῦτα
1587 2891 1805 2947 χρημα-

213 2972 392 3036 τίζειν
415 2972 476 3026 οὐ
518 2971 733 3042 πρέπει.

1997 839 2082 893 53.
2109 837 2175 894 Ut
2208 854 2335 893 vero
2367 837 2523 892 facile
2552 835 2917 890 conscendere
2945 849 3117 904 equos
3151 835 3358 902 possint
3390 841 3503 889 tum

1925 930 2215 1001 despotati,
2247 939 2359 985 tum
2389 930 2588 985 milites
2617 928 2906 995 vulnerati,
2941 927 3032 998 qui
3064 943 3129 982 ex
3161 927 3318 998 equis
3355 929 3504 983 ceci-

1925 1025 2144 1091 derunt,
2187 1041 2286 1096 par
2310 1035 2414 1090 est,
2447 1023 2792 1094 utdespotati
2826 1022 2962 1077 duas
2999 1021 3178 1078 scalas
3216 1021 3282 1076 ad
3314 1023 3502 1078 laevam

1922 1129 2128 1188 partem
2155 1119 2300 1174 sella).
2329 1119 2586 1182 habeant,
2617 1132 2779 1172 unam
2809 1117 2880 1170 ad
2902 1116 3500 1186 emprostbocurbium,
3551 1147 3557 1152 -

1923 1211 1975 1266 id
2012 1222 2091 1267 est
2131 1214 2422 1268 antilenam
2449 1254 2464 1278 ,
2505 1213 2730 1266 alteram
2774 1211 2842 1265 ad
2889 1209 3394 1280 epistbocurbium,
3448 1209 3500 1263 id

1919 1313 2002 1361 cst
2051 1305 2372 1376 postilenam
2398 1345 2413 1368 .
2449 1316 2509 1360 ut
2534 1304 2758 1376 quando
2789 1305 2841 1358 hi
2871 1305 2980 1358 duo
3007 1319 3206 1374 equum
3233 1320 3501 1361 conscen-

1913 1397 2028 1453 suri
2067 1409 2224 1462 sunt,
2257 1398 2395 1453 alter
2425 1397 2492 1454 ad
2524 1398 2725 1453 scalam
2759 1398 3014 1462 antieam,
3051 1398 3188 1452 alter
3225 1398 3288 1451 ad
3326 1395 3500 1467 posti-

1911 1505 2029 1546 cam
2063 1492 2409 1547 conscendat.
2457 1489 2658 1546 Ferant
2701 1499 2880 1544 autem
2925 1490 3192 1560 despotati
3222 1506 3404 1547 secum
3441 1489 3498 1544 in

1913 1585 2176 1657 phlasciis
2205 1601 2425 1656 aquam,
2463 1585 2586 1656 quia
2620 1599 2760 1654 szepe
2785 1584 3014 1639 sauciati
3048 1584 3232 1641 animo
3261 1584 3496 1640 deﬁcere

1914 1678 2113 1734 solent.

1981 1951 2072 2008 54.
2103 1951 2235 2007 Belli
2274 1950 2448 2022 ipsius
2502 1961 2766 2020 tempore,
2811 1951 2979 2006 bastm
3014 1965 3080 2004 ne
3117 1949 3354 2004 habeant
3387 1947 3486 2005 ﬂa-

1910 2049 2090 2114 mula;
2137 2048 2192 2104 in
2217 2064 2326 2118 quo
2370 2048 2514 2102 enim
2560 2046 2626 2100 ad
2674 2045 3095 2102 ostentationem
3133 2055 3188 2100 et
3238 2060 3491 2115 pompam

1910 2143 2222 2199 necessaria
2253 2151 2400 2208 sunt,
2451 2141 2506 2195 in
2534 2155 2599 2196 co
2637 2141 2704 2195 ad
2754 2140 2954 2194 bellum
3006 2138 3303 2208 gerendum
3367 2138 3492 2193 inu-

1911 2239 2023 2294 tilia
2105 2245 2255 2293 sunt.
2319 2235 2375 2290 Si
2438 2235 2584 2290 enim
2654 2234 2778 2305 quis
2851 2241 3155 2305 Opportune
3215 2231 3493 2303 conjicere

1909 2333 2161 2397 voluerit,
2222 2329 2336 2386 sive
2397 2329 2665 2400 jaeulum,
2714 2329 2827 2384 sive
2897 2328 3174 2398 sagittam,
3210 2327 3489 2382 llamulum

1909 2439 2108 2497 magno
2137 2423 2526 2491 impedimento
2555 2423 2622 2476 ad
2660 2421 2710 2476 id
2755 2420 2876 2485 erit,
2937 2429 2996 2475 ut
3047 2421 3130 2474 vel
3192 2435 3359 2491 prope
3418 2421 3488 2475 ad

1907 2533 2156 2588 scopum,
2207 2517 2289 2570 vel
2322 2515 2388 2570 ad
2408 2516 2642 2584 spatium
2685 2513 2904 2583 aliquod
2955 2513 3175 2583 longum
3228 2512 3487 2582 projicia-

1910 2621 2016 2666 tur.
2050 2609 2146 2664 Sin
2199 2607 2520 2678 sagittarum
2578 2605 2952 2675 jariendarum
3019 2616 3233 2675 tempus
3297 2606 3487 2673 fuerit,

1905 2702 2127 2757 Il.nnula
2160 2699 2452 2755 admodum
2489 2697 2844 2752 retardabunt
2905 2699 3219 2768 sagittarios
3271 2715 3300 2752 a
3336 2709 3487 2770 tergo

1907 2796 2134 2866 sagittas
2167 2793 2501 2848 emittcntcs.
2532 2791 2612 2845 Ad
2651 2790 3004 2846 excursiones
3034 2800 3214 2845 autem
3271 2806 3486 2856 omnes,

1904 2888 2315 2952 conversiones,
2367 2884 2732 2949 reversiones,
2813 2883 2957 2939 haud
3024 2901 3190 2953 parvo
3253 2885 3483 2954 impedi-

1905 2993 2090 3040 mento
2143 2989 2270 3038 sunt
2345 2980 2526 3050 itaque
2575 2977 2628 3032 in
2661 2978 2801 3033 bello
2868 2978 3095 3033 minime
3153 2977 3260 3033 illis
3325 2985 3486 3032 utcu-

1906 3083 2034 3136 dum
2070 3087 2174 3132 est.

292 3159 387 3208 νε’.
435 3148 597 3206 Ἀλλά
627 3149 713 3203 διὰ
746 3148 844 3221 μὲν
868 3148 957 3201 τὸν
987 3147 1200 3218 κόμπον
1251 3147 1350 3217 τῆς
1408 3141 1788 3216 παρατάξεως,

1911 3108 2034 3136 υυιιι
2070 3108 2174 3132 (alio

1967 3172 2057 3228 525.
2087 3169 2166 3223 Ad
2192 3166 2537 3238 splendorem
2585 3163 2722 3219 aciei
2789 3163 3210 3230 honestandum,
3247 3172 3305 3218 ut
3343 3163 3484 3219 cmi-

215 3244 364 3302 ὥστε
395 3243 688 3318 φαίνεσθαι
725 3242 964 3315 μήκοθεν
993 3241 1134 3313 ἔχειν
1160 3239 1260 3312 μὲν
1290 3236 1357 3292 τὰ
1387 3237 1672 3307 φλάμουλα
1715 3236 1800 3299 είς

1911 3279 2006 3320 nus
2037 3263 2105 3317 ab
2132 3258 2386 3314 hostibus
2416 3255 2635 3311 damula
2667 3256 2718 3308 in
2779 3255 2949 3311 hastis
2985 3267 3306 3324 cernantur,
3352 3257 3483 3311 dum

220 3343 291 3394 τὰ
321 3337 614 3412 κοντάρια,
654 3337 758 3400 ἕως
793 3335 857 3390 ἂν
891 3336 938 3388 οἱ
969 3334 1150 3406 ἐχθροὶ
1182 3331 1459 3402 φθάσωσιν
1481 3330 1586 3384 ἀπὸ
1626 3327 1800 3399 μιλίου

1911 3358 2093 3410 hostes
2120 3352 2262 3406 intra
2312 3364 2480 3403 unum
2508 3346 2741 3401 tnilliare
2767 3356 2915 3409 sunt,
2949 3347 3130 3401 Vah-nt
3163 3366 3176 3414 ;
3213 3359 3326 3403 tum
3354 3364 3484 3404 vero

221 3434 344 3498 ἑνός
377 3449 393 3463 ·
429 3433 542 3486 ἀπὸ
581 3431 702 3485 τότε
748 3430 803 3483 δὲ
865 3429 954 3484 ἴνα
1004 3426 1364 3481 συστέλλωσιν
1413 3425 1552 3479 αὐτὰ
1598 3421 1692 3476 καὶ
1744 3422 1802 3475 ὲν

219 3529 335 3592 τοῖς
365 3522 655 3597 θηκαρίοις
676 3522 856 3576 αὐτῶν
886 3519 1236 3575 ἀποτιϐὦσιν.

293 3616 405 3685 νς⁹.
443 3616 589 3689 Πρὸς
645 3614 856 3678 τούτοις
903 3611 1196 3683 κελεύομέν
1249 3627 1350 3675 σοι,
1403 3609 1491 3665 ἵνα
1538 3607 1645 3662 ἀπὸ
1694 3605 1806 3660 τῶν

227 3712 471 3785 ἰσχυρῶν
503 3710 595 3764 καὶ
617 3707 859 3762 δυνατῶν
889 3704 1182 3778 ταγμάτων
1201 3701 1563 3756 καθ’ἒκαστον
1593 3700 1800 3770 τάγμα,

222 3803 333 3859 ἀπὸ
361 3801 420 3858 δὲ
443 3801 554 3856 τῶν
583 3799 758 3854 ἄλλων
787 3795 1188 3866 ὑποδεεστέρων
1225 3793 1345 3847 καθ’
1377 3792 1614 3863 ἑκάστην
1646 3791 1805 3864 τούρ-

228 3914 338 3967 μαν
377 3891 788 3964 σκουλκάτορας
870 3889 1037 3960 ἤγουν
1095 3885 1440 3957 βιγλεύοντας
1500 3883 1802 3954 ἀφορίσεις,

224 3983 321 4040 δύο
351 3984 453 4055 μὲν
481 3979 619 4036 κατὰ
649 3982 837 4051 τάγμα
865 4019 879 4044 ,
917 3976 1060 4032 ὀκτὼ
1081 3977 1137 4053 δὲ
1167 3980 1200 4050 ἧ
1227 3976 1434 4030 δώδεκα
1467 3977 1606 4029 κατὰ
1634 3973 1794 4050 τούρο

232 4094 340 4146 μαν
376 4075 695 4149 ἀγρύπνους
752 4073 849 4127 καὶ
893 4069 1351 4140 διεγηγερμένους
1403 4069 1496 4122 καὶ
1550 4067 1802 4139 γοργους,

227 4168 424 4231 οἵτινες
442 4167 539 4220 καὶ
562 4164 669 4235 πρὸ
694 4164 788 4218 τοῦ
813 4162 1052 4231 πολέμου
1075 4163 1165 4214 καὶ
1190 4163 1245 4214 ἐν
1274 4157 1421 4230 αύτῷ
1452 4157 1529 4229 τῷ
1578 4158 1802 4228 πολέμῳ

227 4262 288 4313 ἒν
318 4262 431 4324 τοῖς
461 4259 610 4323 ίδίοις
660 4257 838 4311 αὐτῶν
870 4255 1098 4328 μέρεσιν
1151 4253 1230 4316 εἰς
1259 4250 1355 4314 οὓς
1393 4251 1486 4306 καὶ
1514 4251 1804 4305 τάσσονται

226 4351 432 4415 τόπους
487 4350 599 4405 ἀπὸ
643 4347 1027 4420 διαστημάτων
1091 4342 1442 4399 σκουλκεύειν
1503 4342 1804 4412 ὀφείλουσιν

1898 3447 2179 3504 retrahant
2202 3459 2288 3511 ea,
2323 3451 2378 3497 et
2404 3441 2457 3496 in
2488 3441 2661 3495 thecis
2691 3439 2808 3493 suis
2838 3451 3125 3509 reponant.

1969 3633 2058 3691 56.
2094 3632 2174 3688 Ad
2207 3631 2324 3685 haec
2370 3626 2741 3699 praecipimus,
2776 3635 2834 3680 ut
2865 3625 2911 3679 si
2941 3623 3110 3680 fostes
3144 3640 3208 3680 ac
3243 3635 3483 3680 strenuae

1903 3725 2107 3782 fuerint
2144 3724 2422 3787 cohortes,
2457 3720 2689 3791 singulis
2718 3719 3038 3773 cohortibus
3090 3717 3222 3782 duo,
3262 3720 3344 3773 sin
3365 3717 3478 3773 'mi-

1901 3833 2026 3884 nus,
2059 3831 2125 3871 ex
2164 3812 2394 3884 singulis
2416 3810 2612 3866 turmis
2642 3819 2788 3878 octo,
2825 3818 2920 3864 aut
2948 3809 3235 3866 duodecim
3265 3811 3480 3866 sculca-

1904 3919 2088 3971 tores,
2119 3914 2174 3960 et
2202 3904 2573 3976 biglevontcs,
2616 3918 2758 3973 quos
2813 3903 3184 3973 speculatores
3219 3912 3272 3958 et
3316 3920 3482 3959 excu-

1902 4000 2023 4059 bias
2052 3999 2407 4070 appellamus,
2466 3996 2772 4066 vigilantes,
2808 3995 3086 4063 industrii,
3143 4007 3322 4052 truces
3383 3995 3483 4051 eli-

1904 4103 2120 4167 gantur,
2141 4093 2233 4163 qui
2273 4098 2400 4146 ante
2427 4091 2649 4154 bellum,
2684 4099 2736 4144 ct
2766 4089 2884 4159 ipso
2923 4089 2975 4142 in
3037 4089 3177 4144 bello
3203 4105 3374 4160 usque
3411 4091 3476 4145 ad

1905 4188 2074 4243 totius
2107 4186 2231 4241 belli
2255 4185 2484 4248 exitum,
2518 4183 2585 4239 iis
2619 4184 2671 4238 in
2706 4184 2864 4262 locis,
2899 4183 2951 4237 in
3002 4183 3204 4254 quibus
3261 4184 3479 4240 eminus

1904 4279 2276 4343 collocantur,
2311 4275 2595 4350 diligenter
2637 4276 2754 4330 suis
2811 4274 3004 4329 turmis
3058 4283 3110 4329 et
3156 4275 3480 4333 cohortibus

1907 4371 2262 4442 prospiciam,
2299 4378 2353 4424 ct
2377 4369 2750 4438 spcculentur,
2791 4384 2856 4421 ne
2889 4384 2995 4437 qua
3029 4382 3096 4422 ex
3132 4368 3348 4425 insidiis
3391 4368 3474 4425 in-
3535 4443 3540 4446 _

230 4442 335 4508 ἕως
365 4443 461 4512 τῆς
480 4439 693 4504 τελείας
716 4438 812 4493 τοῦ
844 4437 1080 4509 πολέμου
1104 4435 1405 4501 ἐκϐάσεως,
1430 4433 1517 4490 ῖνα
1571 4435 1646 4506 μὴ
1693 4433 1800 4488 ἀπὸ

1911 4462 2086 4519 cursio
2111 4469 2204 4516 aut
2227 4460 2383 4516 dolus
2403 4460 2638 4515 hostium
2681 4459 3021 4515 obversetur.

231 4533 628 4606 ἐγκρύμματος
685 4529 959 4603 ἑπιδρομὴ
1010 4529 1046 4604 ἢ
1103 4527 1253 4593 δόλος
1301 4526 1480 4592 αὐτοῖς
1534 4527 1637 4581 ὑπὸ
1692 4526 1799 4582 τῶν

232 4626 448 4700 ὲχορῶν
475 4627 788 4697 γενήσεται.

303 4721 404 4786 νίζ’.
448 4721 559 4776 Καὶ
601 4719 729 4783 τοὺς
771 4717 1200 4791 μινσουράτορας
1231 4717 1287 4770 δὲ
1318 4716 1599 4780 τοσούτους
1660 4710 1798 4772 εἶναι

235 4814 356 4878 τοὺς
379 4813 695 4885 ὀφείλοντας
717 4809 1141 4883 προλαμϐάνειν,
1176 4809 1268 4863 καὶ
1315 4808 1383 4864 τὰ
1416 4809 1653 4864 άπλικτα
1701 4826 1798 4881 με·

236 4905 406 4971 τρεῖν,
437 4903 530 4957 καὶ
567 4902 665 4968 τὰς
731 4901 885 4965 ὁδοὺς
942 4898 1360 4972 προγινώσκειν,
1411 4901 1505 4953 καὶ
1551 4899 1687 4971 πρὸς
1730 4899 1799 4956 τά

237 4992 472 5050 άπλικτα
508 4994 598 5049 τὸν
628 4993 858 5065 στρατὸν
900 4992 1135 5064 ὁδηγεῖν.
1169 4993 1278 5046 Καὶ
1303 4992 1430 5064 περὶ
1468 4992 1564 5067 μὲν
1597 4990 1799 5047 τούτων

237 5087 475 5143 τοσαῦτα
500 5087 758 5160 εἰρήσθω.

307 5187 408 5253 νη’.
439 5183 556 5254 Χρὴ
577 5181 634 5234 δὲ
657 5181 754 5252 τὴν
789 5179 887 5252 σὴν
917 5178 1233 5250 ὲνδοξύτητα
1256 5179 1327 5232 τὰ
1357 5179 1456 5252 μὲν
1509 5178 1607 5251 τῆς
1652 5177 1797 5253 πρώο

239 5288 336 5346 της
376 5276 730 5350 παρατάξεως
776 5276 915 5348 μέρη
962 5274 1418 5345 παρασκευάζειν,
1467 5273 1606 5327 dia-.3
1669 5275 1799 5346 πλη-

246 5367 353 5422 σίον
375 5369 615 5438 ἀλλήλων
635 5371 956 5440 περιπατεῖν
982 5369 1057 5440 μὴ
1088 5368 1194 5425 άπὸ
1220 5367 1411 5422 πολλοῦ
1435 5368 1796 5440 διαστήματος

245 5460 359 5532 ἦτοι
379 5462 772 5536 διαλείμματος
797 5462 856 5518 τὸ
894 5461 1095 5533 μεταξὺ
1131 5461 1306 5516 αὐτῶν
1346 5462 1453 5514 ἀπὸ
1494 5461 1689 5535 μέρους
1718 5461 1798 5526 είς

250 5553 429 5623 μέρος,
468 5557 582 5612 ἀλλ’
619 5557 741 5610 ὅσον
769 5555 844 5627 μὴ
908 5554 1291 5626 συντρίϐεσθαι
1325 5554 1382 5608 ἐν
1429 5553 1525 5624 τῷ¹
1566 5539 1800 5626 περιπεὶο

246 5649 373 5713 τεῐν,
395 5651 524 5720 μηδὲ
545 5648 934 5722 διακεκριμένα
984 5649 1078 5704 ἀπ’
1107 5649 1349 5720 ἀλλήλων
1385 5647 1688 5716 φαίνεσθαι.

317 5740 414 5799 vb'.
443 5744 579 5808 Τοὺς
636 5743 690 5797 δὲ
739 5742 1183 5812 πλαγιοφύλακας
1232 5742 1393 5813 μέχρι
1426 5743 1523 5811 μὲν
1579 5741 1669 5795 τοῦ
1703 5745 1798 5810 ἐγ-

254 5833 564 5902 γίζειντοῦς
590 5835 816 5909 ἐχθροκ
856 5837 1023 5906 ἐγγυς
1052 5832 1211 5902 εἶναι,
1247 5836 1369 5888 ὅταν
1403 5835 1458 5888 δὲ
1511 5835 1798 5905 ὲγγίζωσιν

1976 4738 2066 4793 57.
2090 4736 2492 4794 Mensuratores
2554 4746 2734 4792 autem
2778 4726 3002 4791 totidem
3057 4751 3179 4792 esse
3239 4747 3473 4808 oportet,

1919 4829 2009 4901 qui
2055 4823 2274 4899 aplicta,
2328 4829 2491 4884 idest
2536 4837 2715 4884 castra
2770 4827 3066 4898 anticipare
3125 4836 3178 4883 ct
3235 4829 3474 4884 dimetiri

1906 4921 2124 4988 debent,
2159 4921 2384 4993 viasque
2415 4919 2724 4993 providere,
2755 4929 2917 4989 atque
2960 4921 3026 4975 ad
3056 4930 3236 5001 castra
3264 4921 3476 4979 exerci-

1905 5029 2020 5074 tum
2046 5017 2266 5072 ducere.
2320 5018 2400 5071 Ae
2461 5014 2526 5070 de
2560 5013 2626 5071 iis
2658 5013 2772 5069 haec
2819 5027 2849 5069 a
2883 5011 3038 5067 nobis
3062 4994 3239 5090 ’ξιῖῖυιίι
3283 5021 3471 5069 sunto.

1976 5199 2067 5256 58.
2087 5197 2326 5254 Primam
2355 5196 2528 5254 aciem
2563 5194 2642 5252 sic
2680 5195 2921 5268 dignitas
2971 5203 3060 5250 tua
3118 5194 3375 5263 instruet,
3412 5209 3474 5253 ut

1905 5304 2075 5362 prope
2101 5303 2162 5346 se
2190 5297 2380 5344 mutuo
2409 5287 2709 5353 ambulent,
2750 5300 2929 5358 neque
2961 5285 3178 5355 longius
3211 5283 3474 5340 intereal-

1905 5381 2017 5438 lum
2051 5390 2146 5439 aut
2175 5382 2409 5453 spatium
2453 5379 2798 5450 interjectum
2835 5379 2927 5445 sit,
2953 5365 3147 5450 'quant
3184 5385 3244 5434 ut
3288 5390 3365 5434 ne
3412 5392 3472 5434 sc

1906 5484 2093 5532 mutuo
2123 5474 2176 5530 in
2212 5474 2406 5531 itinere
2438 5473 2698 5546 amigant,
2733 5487 2800 5529 ne
2825 5470 2987 5528 nimis
3019 5485 3049 5528 a
3073 5484 3134 5529 se
3179 5477 3364 5542 partes
3387 5469 3472 5527 die

1904 5576 2048 5622 stare
2081 5565 2386 5621 videantur.

1974 5748 2058 5802 b9.
2101 5744 2353 5802 Laterani
2396 5745 2700 5813 usquedum
2747 5741 2928 5798 hostes
2972 5753 3141 5812 prope
3190 5719 3464 5799 aﬂu‘eriut,

1910 5841 2046 5896 aciei
2080 5816 2306 5909 reliquae
2365 5837 2604 5909 adjuncli
2659 5836 2806 5892 sint:
2858 5842 2972 5891 tum
3025 5841 3206 5890 autem
3261 5829 3470 5901 sagitta:
