4040 6298
330 424 440 489 825
458 482 461 486 .

1355 422 1689 486 TACTICA.
1716 447 1784 456 ·-
1821 417 2493 483 CONSTITUTIO,X1L

3482 409 3588 476 8'26

329 531 704 605 ἰσομετὼπους
726 532 1023 590 τάσσεσθαι
1058 531 1198 605 μετὰ
1232 530 1735 606 τῶν.βάνδων,,καὶ
1779 530 1902 584 ἑπι-

2034 537 2155 585 ntra
2211 529 2377 586 unius
2443 534 2539 582 aut
2595 525 2821 580 alterius
2879 521 3089 596 sagitta:
3143 521 3352 593 iactum
3403 522 3586 576 hostes

329 627 552 681 ϐλέπειν
575 629 670 682 καὶ
686 626 948 698 ἁρμόζειν
975 627 1074 698 τὴν
1093 625 1280 694 τάξιν,⁸
1300 626 1428 682 ὅταν
1453 625 1511 679 δὲ
1567 625 1736 698 μέλλῃ
1774 641 1835 677 συ
1846 640 1912 694 μ-

328 719 464 788 ϐολὴ
502 717 769 789 γίνεσθαι,
803 721 868 773 ὲκ
897 719 1007 774 τῶν
1036 719 1220 774 ίδικῶν
1241 718 1422 776 αὐτῶν
1444 717 1749 791 ἀνθρώπων
1783 716 1913 780 τοὺς

329 814 738 884 γενναιοτέρους
813 813 895 880 είς
960 813 1026 868 τὸ
1089 812 1320 881 πλάγιον
1383 811 1581 866 αὐτῶν,
1629 808 1914 881 παρατάσ-

335 902 548 970 σεσθαι,
568 905 663 958 καὶ
691 903 1058 976 προέρχεσθαι
1087 905 1168 967 εἰς
1182 903 1304 975 ὄψιν
1325 902 1526 971 αὐτῶν,
1544 903 1638 956 καί
1665 901 1910 966 σκέπειν,

335 997 430 1050 καὶ
462 996 706 1060 ἐκείνους
729 996 929 1066 μᾶλλον
954 998 1144 1065 χεῖρας
1173 992 1446 1066 μιγνύειν.

399 1090 508 1154 ξς’.
537 1089 648 1160 Τὴν
690 1089 748 1142 δὲ
803 1091 900 1161 σὴν
956 1089 1290 1160 evocem-.1,
1351 1085 1699 1157 xahedopev,
1752 1085 1914 1158 μέχρι

336 1181 436 1253 μὲν
464 1185 489 1235 ὁ
517 1182 710 1248 καιρὸς
755 1182 1176 1257 τῆςυσυμϐολῆς
1226 1183 1478 1255 γένηται,
1527 1182 1773 1248 τάσσειν,
1822 1182 1916 1235 καὶ

333 1279 672 1345 ἐπιϐλέπειν,
702 1279 797 1334 καὶ
826 1279 1165 1358 ἁρμόζεσθαι
1188 1283 1255 1351 τῇ
1293 1279 1401 1333 τῶν
1430 1277 1644 1351 ἐχθρῶν
1679 1279 1915 1350 κινήσει.

331 1372 467 1425 Τότε
501 1372 555 1426 δὲ
590 1373 647 1426 ὲν
671 1372 749 1443 τῷ
785 1373 939 1444 ἰδικῷ
966 1391 1060 1428 σου
1103 1373 1360 1450 ἔρχεσθαι
1391 1377 1661 1444 τάγματι,
1688 1374 1824 1447 ὅπερ
1854 1374 1915 1428 ού

335 1462 469 1532 πρὸς
505 1464 706 1536 μάχην,
737 1464 872 1518 άλλά
894 1466 1261 1541 πρὸςσκοπόν
1290 1484 1414 1521 τινα
1447 1467 1544 1531 καὶ
1583 1466 1783 1528 κανόνα
1817 1468 1918 1537 τῆς

331 1555 556 1628 πρώτης
587 1557 961 1632 καὶδευτέρας
998 1556 1209 1626 τάξεως
1233 1560 1496 1616 τέτακται
1534 1578 1549 1593 ’
1591 1561 1737 1616 τοῦτ’
1773 1559 1918 1615 ἔστιν

333 1651 392 1703 ὲν
417 1649 490 1721 τῷ
519 1650 668 1723 μέσῳ
699 1651 883 1724 χωρίῳ
913 1653 1012 1724 τῆς
1030 1653 1291 1727 δευτέρας
1319 1655 1550 1720 τάξεως.

407 1743 504 1809 ξζ’.
534 1745 710 1799 Πολλά
741 1745 795 1800 δὲ
835 1745 1056 1815 βούκινα
1094 1746 1274 1801 λαλεῖν
1324 1749 1375 1820 η.
1415 1751 1613 1805 κινεῖν.
1638 1751 1694 1804 ἐν
1739 1747 1919 1824 καιρῷ

336 1837 537 1908 μάχης,
565 1836 639 1902 ὡς
669 1839 956 1904 ἐπιϐλαϐές
989 1839 1071 1903 ὃν,
1096 1842 1158 1894 ού
1213 1841 1678 1912 συμϐουλεύομεν,
1723 1842 1918 1915 ἵναμὴ

333 1931 399 1984 ὲκ
420 1929 611 1986 τούτου
654 1931 1001 2001 θόρυϐόςντις
1065 1935 1161 1988 καὶ
1224 1933 1488 2005 σύγχυσις
1533 1935 1780 2006 γένηται·
1823 1937 1918 1989 καὶ

331 2025 442 2095 γάρ
459 2024 548 2077 διὰ
579 2026 740 2079 τοῦτο
788 2027 909 2080 οὐδὲ
954 2027 1023 2081 τά
1058 2029 1552 2102 παραγγελλόμενα
1610 2028 1789 2092 καλῶς
1834 2029 1922 2104 ἐξ·

334 2110 632 2166 ακούεσθαι
657 2113 900 2168 δύναται.
941 2114 1089 2171 Ἀ).λῖ
1117 2117 1164 2170 εί
1198 2118 1297 2189 μὲν
1334 2117 1380 2170 ἁ
1404 2119 1565 2184 τόπος
1608 2118 1809 2189 ὁμαλὸς
1828 2119 1917 2172 εὖ·

342 2202 505 2290 ρεθῇ.
535 2205 696 2276 ἀρκεῖ
722 2206 782 2260 τὺ
817 2206 1064 2277 βούκινον
1095 2208 1188 2264 τοῦ
1220 2210 1388 2281 μέσου
1446 2211 1645 2285 μέρους
1681 2210 1920 2284 ἑκατέρᾳ

335 2298 660 2370 παρατάξει.
691 2300 754 2354 Ei
778 2301 836 2354 δὲ
853 2300 1140 2375 ἀνώμαλός
1190 2305 1362 2370 ἐστιν,
1392 2305 1424 2378 ἢ
1448 2307 1667 2378 ἄνεμος,
1695 2306 1770 2372 ὡς
1799 2305 1924 2360 πολ-

336 2389 515 2472 λάκις.
542 2394 860 2467 ταραχώδης
913 2397 1166 2463 κινεῖται,
1200 2397 1232 2469 ἢ
1266 2393 1401 2470 ἦχος
1459 2399 1652 2465 ὕδατος
1707 2417 1923 2472 παρεμ-

337 2487 546 2557 ποδξζει
585 2490 669 2572 τῇἱ
710 2493 858 2560 φωνῇ
923 2492 1017 2544 τοῦ
1073 2491 1331 2562 καθαρῶς
1401 2493 1770 2558 διακούεσθαι,
1824 2495 1923 2549 ούκ

336 2579 538 2653 ἄτοπον
564 2583 686 2638 τότε
718 2585 813 2638 καὶ
845 2586 902 2637 ἐν
933 2587 1047 2649 τοῖς
1075 2585 1283 2650 λοιποῖς
1327 2587 1553 2658 μέρεσιν
1579 2588 1636 2642 ἓν
1671 2587 1924 2660 βούκινον

336 2675 396 2726 ὲν
427 2675 644 2746 ἑκάστῳ
661 2677 1058 2749 μέρειλαλεῖν,
1093 2679 1234 2734 ὥστε
1287 2681 1411 2753 τρία
1463 2681 1642 2737 λαλεῖν
1702 2681 1924 2753 βούκινα

339 2769 399 2821 ὲν
431 2769 623 2854 ὅλῃ-τῇ
649 2771 976 2843 παρατάξει.
1021 2773 1185 2826 Ὅσον
1211 2775 1319 2846 γὰρ
1342 2776 1376 2845 ἡ
1399 2775 1602 2846 ἡσυχία
1652 2775 1919 2845 φυλάττει

337 2878 461 2925 ται,¹
475 2859 731 2928 τοσοῦτον
745 2862 838 2915 καὶ
858 2863 904 2915 oi
933 2862 1187 2934 νεώτεροι
1213 2864 1502 2936 άτάραχοι,
1531 2865 1627 2919 καὶ
1658 2866 1725 2920 τά
1751 2865 1922 2936 ἄλογα

342 2954 596 3028 ἄπτυρτα
624 2955 876 3031 γίνεται,⁵
899 2957 994 3023 καί
1025 2959 1056 3027 ἡ
1101 2957 1252 3022 τάξις
1280 2958 1633 3032 φοϐερωτέρα
1657 3003 1659 3005 -
1685 2963 1796 3025 τοῖς
1829 2961 1924 3032 έχ-

339 3043 488 3115 θροῖς
512 3046 785 3114 φαίνεται..
801 3047 894 3101 καὶ
917 3047 984 3102 τά
1007 3049 1250 3116 μανδάτα
1272 3049 1509 3116 εὐκόλως
1537 3051 1922 3121 γινώσκονται.

413 3132 514 3207 ξτ.
550 3135 640 3190 Διὸ
674 3136 795 3210 ούδὲ
825 3137 924 3208 τὴν
990 3137 1117 3192 οἵαν
1171 3136 1264 3192 οὖν
1323 3139 1506 3212 φωνὴν
1545 3141 1791 3212 ἀκαίρως
1845 3141 1930 3197 δεῖ

2013 619 2219 683 fuerint
2250 640 2262 677 :
2296 620 2388 676 ubi
2418 628 2599 674 autem
2630 617 3037 673 committenda:
3061 615 3208 671 acies
3236 622 3384 678 sunt,
3446 623 3580 670 stre-

2015 713 2313 770 nuissimos
2347 726 2594 783 quosque
2617 725 2683 765 ex
2715 709 2830 765 suis
2862 707 2992 763 viris
3026 707 3272 763 adlatus
3307 722 3468 762 suum
3502 706 3589 760 in-

2014 814 2251 870 struant,
2283 814 2336 859 et
2362 804 2415 858 in
2450 803 2668 858 illorum
2703 810 3059 872 conspectum
3094 799 3339 867 veniant,
3358 799 3591 872 illosque

2015 900 2082 956 ad
2108 897 2697 961 manusconserendas
2726 896 3032 967 impellant.

2087 1079 2178 1139 (36.
2203 1078 2463 1152 Dignitati
2495 1085 2603 1134 tua:
2631 1078 3003 1150 praecipimus,-
3034 1087 3092 1134 ut
3123 1092 3297 1148 usque
3337 1077 3421 1132 ail
3459 1092 3562 1133 con
3588 1112 3595 1120 -

2017 1171 2333 1228 ﬂictationis
2379 1172 2893 1242 tempusinstruas,
2923 1171 3252 1242 perlustres,
3301 1177 3466 1241 atque
3500 1169 3597 1224 ad-

2016 1280 2177 1338 pares
2199 1264 2510 1323 exercitum
2547 1266 2814 1320 adversus
2849 1263 3387 1333 hostium-impetum
3431 1271 3615 1318 :con-'

2017 1357 2179 1414 sertis
2206 1357 2318 1428 jam
2354 1356 2612 1412 manibus
2653 1356 2717 1412 ad
2762 1365 2910 1411 tuam
2964 1356 3138 1427 ipsius
3188 1356 3467 1411 cohortem
3510 1369 3601 1409 ve-

2019 1451 2165 1518 nias,
2198 1465 2305 1506 non
2369 1459 2427 1503 ut
2474 1449 2546 1504 ibi
2604 1449 2895 1522 prmlieris,
2931 1449 3024 1504 sed
3079 1456 3138 1502 ut
3193 1447 3510 1518 speeuleris,
3545 1455 3602 1502 et

2019 1545 2320 1617 perlustres
2368 1553 2489 1600 tum
2509 1544 2761 1614 primam,
2800 1551 2912 1597 tum
2943 1541 3239 1598 secundam
3269 1543 3463 1608 aciem,
3497 1541 3602 1598 hoc

2021 1647 2106 1694 est
2153 1638 2219 1693 ad
2265 1637 2507 1692 medium
2549 1639 2739 1692 locum:
2786 1635 3045 1693 secunda:—
3069 1635 3225 1691 aciei.

2093 1731 2184 1786 6.7.
2214 1729 2414 1785 Multas
2437 1730 3011 1786 buccinastconcitare
3047 1736 3210 1799 atque
3241 1728 3452 1793 inﬂare,
3473 1728 3601 1785 belli

2024 1836 2268 1896 tempore
2307 1825 2563 1880 inscitum
2602 1835 2770 1894 atque
2811 1822 3185 1879 inconsultum
3209 1838 3332 1879 esse
3361 1822 3601 1887 videtur,

1954 1913 1998 1968 Β
2023 1921 2151 1990 quia
2203 1934 2267 1973 ex
2302 1935 2367 1974 eo
2401 1917 2738 1988 perturbatio
2781 1927 2835 1971 et
2888 1916 3141 1972 confusio
3169 1917 3399 1980 orietur,
3426 1931 3605 1988 neque

2023 2013 2170 2068 enim
2200 2012 2336 2067 bene
2372 2011 2636 2081 imperata
2656 2010 2901 2065 exaudiri
2930 2018 3185 2081 possunt.
3213 2008 3271 2064 Si
3323 2009 3469 2065 enim
3521 2008 3604 2063 ιο.

2023 2121 2123 2163 cus
2156 2104 2441 2176 aequabilis
2481 2101 2666 2163 fuerit,
2698 2103 2903 2158 mediae-
2944 2109 3157 2158 turmae-
3193 2101 3427 2158 buccina
3463 2101 3604 2156 utri-

2023 2217 2132 2272 que
2155 2200 2290 2256 aciei
2345 2199 2494 2255 satis
2537 2196 2725 2254 fuerit.
2778 2195 2904 2251 Sin~-
2930 2195 3218 2266 inaequalis
3267 2193 3453 2260 fuerit,
3510 2202 3606 2249 aut

2023 2302 2242 2357 ventus,
2275 2293 2594 2362 quod-sepe
2616 2291 2707 2358 lit,
2740 2288 3090 2345 turbulentus
3121 2287 3233 2354 ﬂet,
3296 2288 3376 2343 vel
3434 2303 3604 2358 aqua-

2027 2403 2154 2442 rum.
2185 2402 2449 2442 susurrus
2481 2399 2668 2441 vocem
2687 2383 3115 2440 clare-exaudiri
3148 2382 3430 2452 impediat,
3456 2380 3605 2438 haud

2026 2480 2125 2534 abs
2151 2495 2206 2534 re
2236 2477 2402 2534 fuerit
2442 2477 2498 2533 in
2535 2476 2762 2548 reliquis
2798 2475 2992 2532 turmis
3029 2491 3193 2531 unam
3229 2474 3516 2531 buceinam
3551 2474 3605 2528 in

2028 2583 2571 2645 unaquaqueturma
2600 2586 2921 2644 personare,
2975 2579 3037 2626 ut
3083 2570 3137 2624 in
3190 2570 3306 2625 acie
3352 2570 3606 2625 universa

2027 2681 2139 2725 tres
2189 2669 2370 2724 solum
2428 2667 2675 2724 buccinae
2731 2675 2948 2722 sonent.
2991 2663 3208 2732 Quanto
3249 2665 3394 2718 enim
3433 2666 3610 2735 magis

2028 2764 2308 2821 silentium
2367 2771 2642 2829 servatur,-
2701 2769 2857 2816 tanto
2908 2759 3085 2832 magis
3147 2759 3609 2814 atlolescentiores

2026 2856 2261 2912 ﬁrmiori
2332 2856 2518 2910 animo
2581 2862 2740 2920 sunt,
2802 2862 2857 2908 et
2933 2850 3186 2922 iumenta
3268 2852 3442 2923 magis
3519 2850 3607 2905 in-

2028 2949 2264 3022 trepida,
2315 2948 2575 3019 aciesque
2597 2947 2717 3018 ipsa
2805 2945 3060 3002 hostibus
3125 2944 3437 3000 terribilior
3486 2959 3609 3000 esse

2029 3042 2283 3106 videtnr,-
2307 3041 2689 3112 imperat-aque
2717 3035 2957 3094 celerius
2986 3048 3111 3092 nota
3149 3037 3306 3092 tiunt.

2101 3133 2188 3190 68.
2258 3132 2443 3205 Itaque
2498 3133 2592 3188 ubi
2642 3131 2915 3187 exercitus
2954 3130 3022 3185 ad
3083 3131 3282 3185 bellum
3341 3130 3608 3200 procedit,

341 3227 634 3282 ἀκούεσθαι
667 3230 803 3300 μετὰ
840 3230 902 3284 τὸ
932 3231 1196 3285 κινεῖσθαι
1232 3231 1330 3304 τὴν
1362 3233 1668 3306 παράταξιν
1692 3234 1783 3289 ἐπὶ
1818 3236 1919 3290 πό-

2031 3228 2236 3285 nullam
2260 3234 2476 3298 oportet
2506 3241 2696 3282 vocem
2727 3241 2820 3281 aut
2841 3241 3036 3282 sonum
3063 3240 3092 3279 a
3131 3238 3409 3296 quoquam
3440 3231 3612 3279 teme-

340 3323 528 3396 λεμον,
546 3324 813 3398 άλλάξάμα
839 3327 933 3381 τοῦ
957 3328 1193 3394 ἐξελθεῖν
1217 3328 1324 3384 ἀπὸ
1347 3330 1440 3383 τοῦ
1469 3330 1739 3402 φοσσάτου
1759 3333 1924 3404 1ἡγουν

339 3415 438 3469 τοῦ
474 3417 737 3471 άπλίκτου
760 3417 852 3472 τὸν
884 3419 1116 3491 στρατὸν
1148 3421 1240 3473 ἐπὶ
1267 3419 1366 3492 τὴν
1421 3422 1603 3494 μάχην
1662 3424 1926 3478 παντοίαν

341 3510 576 3581 ἡσυχίαν
598 3511 754 3582 ἄγειν
774 3513 867 3567 καὶ
899 3512 1066 3584 μηδὲν
1097 3513 1343 3586 ἀκαίρως
1371 3516 1730 3586 φθέγγεσθαι.
1754 3518 1928 3572 Τοῦτο

342 3604 454 3675 γάρ
483 3605 542 3657 οὐ
578 3607 738 3675 μόνον
761 3604 850 3659 τὸν
880 3608 1110 3678 στρατὸν
1155 3608 1428 3680 ἀτάραχον
1492 3610 1927 3680 φυλάττειεάλλὰ

347 3697 440 3748 καὶ
465 3696 532 3749 τά
561 3696 672 3761 τῶν
693 3697 977 3770 ἀρχόντων
1017 3698 1185 3770 βάνδα
1205 3701 1346 3772 μετὰ
1373 3702 1647 3775 προσοχῆς
1690 3705 1928 3759 ἀποσκο-

343 3789 564 3844 πείσθαι
580 3792 742 3846 ποιεῖ.

419 3880 514 3948 ξεν.
544 3882 617 3934 Τὸ
644 3883 700 3936 δὲ
738 3883 938 3957 μέτρον
965 3887 1059 3939 καὶ
1085 3884 1183 3957 τὴν
1213 3885 1476 3958 ποιότητα
1498 3886 1595 3959 τῆς
1651 3887 1927 3960 συμϐολῆς

345 3975 479 4030 αὐτὸ
501 3975 558 4028 τὸ
581 3978 808 4050 πρᾶγμα
824 3977 1130 4050 δοκιμάζει,
1154 3979 1300 4050 καὶ.ιὴ
1322 3979 1590 4052 σφίγξιςὴ
1615 3982 1925 4053 πρέπουσα,

346 4072 441 4124 καὶ
476 4071 509 4141 ἡ
537 4071 649 4125 τῶν
673 4071 883 4143 ἐχθρῶν
907 4072 1206 4144 παρουσία.
1226 4073 1334 4127 Καὶ
1373 4073 1628 4128 κινοῦντα
1665 4076 1766 4145 μὲν
1790 4075 1927 4148 πρὸς

347 4164 448 4226 τὴν
481 4163 803 4236 συμπλοκὴν
829 4166 927 4233 τὴν
961 4164 1168 4238 συνήθη
1198 4168 1524 4238 νικητήριον
1560 4166 1655 4222 τοῦ
1685 4162 1925 4240 σταυροῦ

348 4255 532 4326 φωνὴν
555 4257 880 4328 άνακράζειν
904 4257 1004 4313 δεῖ.

417 4355 481 4404 o'.
523 4351 692 4422 Ὅταν
726 4351 782 4405 δὲ
807 4353 885 4416 είς
914 4354 1104 4424 χεῖρας
1130 4350 1260 4428 ἔλθῃ
1285 4354 1313 4407 ὀ
1364 4353 1618 4427 στρατὸς,
1638 4352 1761 4407 τότε
1791 4351 1924 4407 άλαο

347 4439 608 4513 λάξειν,ἢ
637 4441 930 4514 ὠρύεσθαι,
964 4444 1060 4499 καὶ
1105 4444 1339 4516 μάλιστα
1363 4448 1488 4511 τοὺς
1523 4443 1747 4503 ὄπισθεν
1793 4462 1928 4500 τασ-

353 4535 612 4604 σομένους
642 4535 748 4590 τῶν
770 4537 914 4591 ίὸίων
948 4538 1048 4591 οὐκ
1082 4536 1282 4592 ἄτοπόν
1307 4537 1474 4593 ἐστιν.

422 4832 519 4881 οα’.
573 4828 858 4899 Ἁρμόδιον
903 4829 960 4883 δὲ
1013 4831 1144 4901 ἡμῖν
1178 4833 1574 4902 καταφαίνεται
1609 4833 1668 4887 ὲν
1716 4832 1794 4905 τῷ
1829 4833 1932 4905 τῆς

354 4919 678 4990 συμπλοκῆς
710 4919 890 4992 καιρῷ
922 4921 1014 4975 καὶ
1045 4921 1105 4974 τὸ
1133 4923 1241 4977 τῶν
1290 4923 1602 4995 λεγομένων
1663 4925 1932 4980 καντατό-

355 5031 466 5085 ρων
485 5013 665 5085 ἔργον.
702 5009 864 5069 Οὗτοι
896 5016 952 5069 δέ
987 5017 1125 5070 εἰσιν
1155 5019 1205 5071 oi
1240 5017 1334 5072 τὸν
1371 5017 1603 5089 στρατὸν
1641 5019 1730 5074 διὰ
1757 5019 1932 5090 λόγων

354 5108 812 5180 παροτρύνοντες,
884 5110 976 5164 καὶ
1013 5109 1496 5180 συμϐουλεύοντες,
1559 5111 1656 5166 καὶ
1715 5128 1924 5167 κατεπ-

351 5202 596 5274 ᾴδοντες,
634 5203 729 5256 καὶ
795 5202 1243 5275 παρακαλοῦντες
1307 5203 1446 5277 πρὸς
1511 5203 1638 5269 τοὺς
1691 5204 1931 5275 άγῶνας,

353 5294 449 5348 καὶ
484 5295 590 5356 ἵνα,
618 5297 665 5349 εἰ
691 5296 937 5361 δυνατὸν,
981 5295 1040 5363 ἐξ
1069 5295 1248 5350 αὐτῶν
1278 5297 1501 5350 ἐκείνων
1526 5297 1634 5350 τῶν
1665 5313 1933 5371 στρατιωο

352 5385 514 5458 τῶνῆ
542 5388 647 5440 τῶν
669 5388 943 5460 ἀρχόντων
970 5390 1031 5443 τὸ
1050 5387 1462 5461 τοιοῦτονὲργον
1491 5391 1748 5445 ποιεῖται.
1781 5389 1932 5442 Ἐπι-

354 5480 601 5548 λέγονται
632 5481 688 5535 δὲ
739 5481 1016 5546 τοιούτους
1078 5481 1294 5552 λογίους
1329 5482 1544 5556 -άνδρας
1578 5485 1628 5537 οί
1668 5483 1932 5556 ἄρχοντες

353 5573 449 5627 καὶ
471 5573 726 5640 δυνατοὺς
762 5575 847 5630 διὰ
876 5578 1049 5645 λόγων
1074 5576 1284 5647 ὁμιλεῖν
1335 5575 1415 5649 τῷ
1451 5575 1688 5648 στρατῷ.
1735 5576 1800 5630 Ἦ
1821 5577 1932 5647 γάρ

354 5664 612 5719 κοινωνία
656 5665 750 5720 τοῦ
807 5667 1052 5737 καμάτου
1108 5667 1219 5720 καὶι
1277 5666 1388 5721 τῶν
1438 5666 1618 5722 πόνων
1683 5667 1932 5721 εὐπειθε-

361 5757 583 5826 στέρους
638 5762 782 5813 ποιεῖ
815 5760 938 5824 τοὺς
962 5760 1262 5826 ἀκούοντας
1307 5763 1420 5826 τοῖς
1459 5761 1932 5832 παρακολουθούσι

361 5853 818 5921 συστρατιώταις.

411 5943 712 6018 οβ’..Λὲγειν
728 5947 780 6001 δὲ
793 5948 926 6012 ,τοὺς
947 5948 1282 6021 καντάτορας
1303 5948 1436 6020 πρὸς
1453 5948 1543 6006 τὸν
1561 5948 1790 6023 στρατὸν
1809 5967 1935 6021 προ-

2029 3336 2089 3376 re
2119 3320 2316 3385 emitti,
2372 3320 2466 3376 sed
2497 3318 2667 3374 simul
2695 3327 2754 3372 ut
2783 3333 2813 3373 e
2844 3318 3042 3374 castris
3066 3316 3131 3372 ad
3183 3316 3438 3386 praelium
3467 3315 3640 3372 vadit'

2028 3413 2195 3482 acies,
2239 3412 2401 3468 tacita
2428 3411 2532 3467 iter
2566 3411 2750 3479 faciat,
2786 3410 3035 3482 nihilque
3067 3418 3273 3464 temere
3299 3408 3561 3478 loquatur
3597 3428 3610 3464 :

2029 3506 2134 3562 hoc
2185 3507 2330 3560 enim
2365 3507 2672 3560 non-modo
2694 3504 2994 3563 exercitum
3028 3499 3416 3556 animosiorem
3458 3499 3611 3566 facit,
3639 3528 3642 3530 -

2029 3600 2122 3655 sed
2154 3607 2207 3655 et
2237 3598 2614 3672 praefectorum
2646 3596 2904 3654 cohortes
2938 3595 3202 3651 attentius
3251 3593 3612 3650 animadverti

2029 3690 2189 3746 facit.

2101 3896 2190 3952 69.
2241 3893 2460 3951 Modum
2512 3903 2567 3949 et
2595 3893 2826 3949 formam
2880 3894 3209 3967 conﬂigendi
3239 3913 3326 3954 res
3385 3899 3520 3970 ipsa,
3562 3910 3618 3955 et

2034 3988 2324 4046 commoda
2381 3987 2654 4054 densatio,
2696 3996 2750 4042 et
2773 3986 3120 4041 inimicorum
3152 3989 3463 4058 prmsentia,
3497 3990 3612 4045 elli-

2031 4084 2195 4141 cient.
2249 4079 2384 4136 Cum
2442 4095 2569 4135 vero
2617 4079 2730 4149 jam
2792 4080 2859 4135 ad
2909 4079 3369 4136 conflictationem
3431 4097 3613 4137 movet

2030 4175 2326 4247 exercitus,
2365 4182 2621 4228 consueta
2656 4169 2985 4227 Christianis
3016 4187 3119 4227 vox
3164 4173 3479 4243 usurpanda
3511 4185 3617 4241 est,

2031 4269 2345 4340 νικητήριον
2385 4265 2477 4319 τοῦ
2518 4266 2774 4338 σταυροῦ,
2811 4266 2994 4322 crucis
3028 4265 3281 4321 victoria.

2104 4359 2191 4417 70.
2228 4360 2476 4416 Manibus
2495 4359 2609 4430 jam
2645 4360 2912 4417 consertis
2944 4359 3214 4415 clamores
3243 4374 3408 4430 quam
3437 4361 3626 4417 maxi-

2032 4469 2156 4512 mos
2192 4453 2603 4519 altissimosque
2654 4451 2817 4508 edere
2849 4468 2956 4508 non
2990 4452 3187 4508 inutile
3230 4451 3417 4519 fuerit,
3449 4463 3616 4524 atque

2038 4564 2135 4606 eos
2162 4548 2216 4604 in
2245 4548 2463 4620 primis,
2530 4562 2623 4616 qut
2648 4562 2679 4601 a
2705 4556 2858 4616 tergo
2887 4545 3022 4601 aciei
3096 4546 3471 4609 instruuntur,
3500 4553 3612 4602 tum

1952 4641 2102 4702 Dad
2152 4640 2337 4696 hostes
2386 4638 2932 4708 perterrefaciendos,
2982 4648 3096 4693 tum
3131 4638 3198 4693 ad
3231 4653 3362 4694 suos
3421 4640 3620 4695 contir-

2035 4731 2285 4788 mandes.

2104 4828 2191 4884 Ἠ.
2227 4829 2584 4882 Cantatorum
2637 4840 2853 4898 quoque
2905 4840 3105 4881 munus
3132 4825 3186 4880 in
3226 4823 3420 4896 proelio
3453 4823 3620 4895 negli-

2036 4921 2271 4993 gendum
2330 4937 2438 4976 non
2497 4929 2580 4976 est
2624 4941 2637 4975 :
2677 4919 2715 4975 ii
2745 4929 2893 4983 sunt,
2929 4918 3024 4990 qui
3067 4917 3370 4974 exercitum
3410 4919 3621 4973 univer-

2036 5030 2159 5072 sum
2188 5016 2436 5072 oratione-
2484 5029 2581 5070 sua
2607 5014 2674 5070 ad
2704 5015 2953 5085 prcelinm
2994 5012 3248 5077 incitant,
3307 5012 3619 5084 impellunt,

2036 5109 2358 5176 consulunt,
2421 5108 2806 5165 adhortantur.
2868 5109 2924 5163 Si
2989 5107 3104 5163 fieri
3179 5107 3405 5179 poterit,
3455 5107 3618 5162 iidem

2036 5202 2240 5258 milites
2300 5201 2670 5273 praefectique,
2731 5201 2824 5273 qui
2867 5202 2934 5257 ad
2980 5200 3389 5256 dimicationem
3422 5215 3617 5270 proce-

2036 5297 2195 5362 dunt,
2225 5296 2291 5352 ad
2324 5297 2430 5351 hoc
2453 5311 2654 5351 munus
2679 5294 2990 5350 faciendum
3016 5293 3307 5364 eligantur.
3335 5291 3619 5364 Eligantur

2037 5398 2219 5445 autem
2251 5389 2575 5460 eloquentes
2621 5389 2744 5455 viri,
2776 5387 2982 5459 quique
3007 5386 3254 5442 oratione
3282 5400 3382 5441 sua
3409 5395 3621 5440 vertere

2037 5483 2092 5539 in
2124 5498 2315 5539 omnes
2352 5493 2536 5554 partes
2585 5482 2821 5538 militum
2853 5481 3069 5537 animos
3111 5479 3346 5552 possint.
3373 5478 3620 5534 Societas

2036 5577 2184 5633 enim
2225 5593 2406 5649 operte
2455 5575 2833 5648 laborumque,
2867 5574 3040 5646 magis
3087 5562 3407 5631 obedientcs
3452 5579 3622 5643 atque

2038 5672 2249 5728 alacres
2291 5672 2357 5727 ad
2401 5672 2811 5728 exhortationes
2860 5667 3242 5741 approliandas
3287 5681 3621 5740 persequen-

2036 5765 2245 5836 dosque
2269 5765 2416 5821 facit.

2121 5948 2206 6003 7:2.
2257 5947 2580 6005 Cantatorea
2631 5957 2814 6003 autem
2867 5944 3116 6003 suasoria
3166 5940 3411 6014 quaedam
3465 5948 3627 6009 atque
