4020 6312
468 424 571 486 8‘27

1722 406 1996 473 LEOle
2032 402 2490 471 PHILOSOPHI

3642 392 3777 464 893

462 536 869 595 exhortationes
901 533 1033 588 tales
1075 527 1387 586 adhibeant.
1422 524 1665 581 Primum
1696 538 2031 579 commemo-
2060 581 2062 585 ,

2169 521 2401 592 ρεπτικά
2417 537 2537 574 τινα
2568 518 2701 593 πρὸς
2718 536 2809 575 τον
2824 519 3058 591 πόλεμον
3082 509 3309 574 τοιαῦτα
3327 535 3343 551 ο
3379 515 3643 590 πρῶτον
3669 516 3778 584 μὲν

463 626 585 686 rent
627 627 930 686 mercedem
952 624 1072 680 fidei
1094 622 1146 678 in
1182 620 1349 676 Deum
1380 617 1609 675 :deinde
1640 618 1842 687 regiam
1869 616 2033 670 bene-

465 718 1066 778 ticentiam:beuelicia
1117 725 1244 771 ante
1277 713 1472 769 collata
1533 728 1547 765 :
1593 724 1816 765 causam
1864 723 2039 763 susce-

438 804 612 886 'ptam
646 829 744 884 pro
797 812 926 878 Deo,
954 820 1008 867 et
1042 810 1160 880 ejus
1192 806 1506 872 dilectione,
1552 820 1617 859 ac
1651 819 1749 874 pro
1781 802 2035 857 universa

464 907 706 971 natione,
726 913 887 975 atque
912 889 1048 958 adeo
1073 917 1171 973 pro
1195 899 1457 956 fratribus
1482 896 1739 952 omnibus
1766 895 2037 959 ﬁdelibus,

393 994 398 998 ’
467 1004 522 1050 et
554 996 599 1051 si
639 1010 771 1049 usus
829 993 988 1059 ferat,
1023 1007 1122 1063 pro
1152 991 1349 1056 urere,
1378 988 1584 1053 liberis,
1633 988 1807 1059 patria
1843 1004 1857 1043 :
1891 1001 2038 1041 sem-

468 1088 735 1158 piternam
790 1101 911 1141 esse
940 1083 1256 1139 memoriam
1287 1097 1476 1137 eorum
1519 1081 1610 1151 qui
1650 1089 1870 1135 strenue
1897 1094 1956 1134 se
1986 1076 2038 1132 in

473 1174 617 1231 bello
667 1190 764 1246 pro
808 1175 1037 1231 fratrum
1070 1174 1319 1229 libertate
1351 1181 1585 1243 gerunt:
1619 1179 1806 1227 contra
1832 1167 2041 1225 Christi

484 1266 672 1322 hostes
699 1265 803 1320 hoc
866 1265 1062 1320 bellum
1089 1272 1399 1333 susceptum
1427 1276 1550 1318 esse
1577 1280 1589 1315 :
1624 1274 1723 1315 nos
1750 1260 1918 1313 Deum
1943 1258 2040 1313 ba-

471 1358 599 1414 bere
623 1359 939 1429 propitium,
973 1356 1027 1411 in
1059 1356 1215 1425 cujus
1247 1369 1410 1410 manu
1443 1369 1605 1409 omne
1635 1352 1761 1408 belli
1791 1366 2041 1408 momen-

475 1465 589 1509 tum
625 1455 879 1524 ponitur:
904 1450 1026 1506 illos
1053 1457 1274 1520 propter
1298 1446 1737 1502 incredulitatem
1768 1445 2046 1500 contrario

475 1547 530 1601 in
563 1556 703 1601 statu
736 1560 876 1611 esse,
909 1553 963 1599 et
994 1542 1040 1599 si
1073 1540 1204 1614 quid
1235 1542 1341 1597 tale
1378 1540 1743 1612 exCOgitatum
1782 1539 1873 1606 sit,
1902 1538 2046 1609 quod

476 1640 694 1696 illorum
727 1646 934 1693 mentes
955 1635 1025 1691 ad
1058 1636 1258 1693 bellum
1283 1633 1625 1689 inﬂammare
1658 1633 1852 1703 possit.
1882 1630 2040 1704 Ejus-

476 1732 624 1787 modi
672 1730 817 1787 enim
858 1730 1034 1785 oratio
1064 1726 1349 1784 commode
1374 1726 1582 1793 habita,
1617 1725 1826 1780 animos
1854 1724 2039 1779 homi—

478 1840 610 1881 num
638 1826 808 1897 magis
830 1822 1076 1895 impellit,
1108 1836 1273 1894 quam
1298 1834 1527 1891 magnus
1562 1818 1807 1890 pecuniae
1840 1832 2035 1874 nume—

480 1932 599 1973 I'US.

557 2095 647 2151 75.
674 2094 790 2151 Hoc
823 2103 1004 2151 autem
1039 2093 1472 2165 praetereundum
1510 2105 1618 2147 non
1650 2098 1733 2146 est
1755 2105 1768 2141 :
1794 2087 2050 2160 quoniam

483 2191 672 2247 hostes
718 2187 913 2256 facile,
963 2203 1063 2259 pro
1118 2200 1347 2242 numero
1414 2182 1737 2255 insignium,
1787 2182 2050 2252 integram

483 2280 883 2336 multitudinem
923 2277 1196 2333 exercitus
1223 2289 1557 2348 cognoscere
1578 2281 1830 2345 possunt,
1856 2286 2051 2328 neces-

483 2374 690 2431 sarium
728 2388 849 2430 esse
894 2372 1234 2428 arbitramur
1254 2370 1363 2425 duo
1393 2369 1596 2425 similia
1630 2368 1687 2423 in
1717 2379 2056 2437 unaquaque

482 2465 710 2522 cohorte
765 2479 890 2522 esse
922 2464 1185 2534 insignia,
1236 2478 1404 2517 unum
1458 2461 1675 2533 quidem
1711 2459 1927 2515 comitis
1959 2472 2057 2512 no-

485 2560 925 2627 mine,valterttm
983 2557 1379 2615 centurionis:
1434 2564 1488 2611 et
1537 2567 1765 2626 utraque
1826 2551 2059 2623 insignia

486 2666 659 2722 usque
691 2652 757 2706 ad
788 2651 931 2707 diem
962 2649 1088 2706 belli
1125 2658 1426 2721 gestemur.
1452 2645 1548 2701 Die
1578 2656 1756 2700 autem
1793 2644 1912 2715 ipso
1947 2642 2062 2698 bel-

486 2745 550 2813 li,
584 2744 895 2801 attthentica
951 2744 1129 2800 banda
1188 2742 1303 2799 sola
1362 2741 1653 2801 eleventur
1673 2747 1730 2795 ut
1765 2754 1831 2794 ne
1876 2737 2061 2793 multis

492 2838 805 2910 insignibus
827 2838 1056 2895 elevatis
1115 2836 1299 2892 omnia
1355 2833 1713 2897 misceantur,
1774 2832 2064 2900 minusque

488 2933 706 3004 cognita
755 2935 864 2989 sint
922 2932 1039 2989 suis
1096 2931 1339 3002 ipsorum
1392 2928 1661 2983 militibus
1708 2925 1854 2981 :hac
1916 2925 2062 2979 enim

490 3028 705 3083 ratione
760 3027 869 3095 fiet,
904 3037 959 3082 ut
986 3040 1315 3098 permagnus
1367 3030 1640 3078 exercitus
1699 3035 1798 3091 pro
1836 3033 2066 3074 numero

490 3118 787 3190 insignium
838 3121 1106 3187 videatur,
1146 3130 1201 3174 et
1250 3118 1371 3190 ipso
1423 3116 1513 3172 die
1569 3114 1696 3171 belli
1751 3111 2067 3169 anthentica

491 3219 657 3283 atque
681 3213 936 3268 omnibus
962 3213 1178 3282 cognita
1201 3208 1573 3281 proferantur.

494 3304 779 3376 φαίνεσθαι
819 3306 885 3360 ἐκ
914 3302 1004 3359 τοῦ
1060 3302 1296 3375 ἀριθμοῦ
1360 3300 1560 3367 αὐτῶν,
1610 3299 1702 3355 xei.
1742 3300 1809 3372 τῇ
1864 3297 2049 3372 ἡμέρᾳ
2085 3298 2177 3355 τοῦ
2243 3300 2479 3373 πολέμου
2520 3305 2588 3357 τὰ
2647 3301 2942 3358 αὑθεντικά
2998 3303 3074 3369 ὡς

494 3397 679 3463 νεσθαι
693 3438 707 3453 .

2136 612 2645 682 ἁναμιμνῄσκοντας
2670 610 2777 664 τῶν
2810 610 3016 683 μισθῶν
3049 612 3145 682 τῆς
3172 612 3252 675 είς
3301 610 3433 664 Θεὸν
3454 608 3777 671 πίστεως.

2138 704 2357 767 καὶτὰς
2387 706 2450 757 ἐκ
2481 703 2747 775 βασιλέως
2784 703 3124 775 εὐεργεσίας,
3175 703 3269 758 καί
3328 720 3504 757 τινων
3558 703 3780 755 ἐπιτοο

2136 797 2269 869 χιῶν
2310 799 2814 869 προγεγενημένων.
2850 798 2959 852 Καὶ
2986 799 3066 852 ὅτι
3108 799 3135 851 ὁ
3178 797 3329 869 ἀγὼν
3390 797 3557 868 ὑπὲρ
3614 792 3774 848 Θεοῦ

2138 894 2275 954 ἐστι,
2302 891 2394 944 καὶ
2418 890 2518 961 τῆς
2549 893 2627 956 είς
2645 891 2803 945 αὑτὸν
2850 892 3094 963 ἀγάπης,
3132 891 3229 946 καὶ
3277 890 3417 960 ὑπὲρ
3448 889 3609 945 ὅλου
3669 878 3777 940 τοῦ

2140 983 2343 1048 ἔθνους.
2381 984 2546 1038 Πλέον
2571 984 2628 1038 δὲ
2666 984 2805 1059 ὑπὲρ
2864 985 3110 1054 ἀδελφῶν
3152 981 3261 1039 τῶν
3304 982 3691 1055 ὁμοπίστων,
3725 982 3779 1033 εἰ

2139 1076 2313 1147 τύχοι,
2339 1078 2431 1129 καὶ
2474 1077 2613 1147 ὑπὲρ
2632 1077 2927 1146 γυναικῶν,
2964 1078 3060 1131 καὶ
3102 1075 3329 1145 τέκνων,
3367 1077 3463 1131 καὶ
3537 1074 3777 1145 πατρί-

2142 1167 2229 1233 δος
2258 1185 2269 1201 ν
2307 1169 2401 1222 καὶ
2420 1168 2500 1222 ὃτι
2527 1168 2721 1223 αἱωνία
2758 1170 2907 1240 μένει
2945 1170 3134 1241 μνήμη
3177 1168 3289 1223 τῶν
3318 1168 3777 1236 ἀριστευόντων

2146 1262 2288 1316 κατᾶ
2325 1262 2595 1334 πολέμους
2630 1264 2768 1336 ὑπὲρ
2797 1265 2895 1334 τῆς
2942 1263 3050 1317 τῶν
3082 1263 3328 1334 ἀδελφῶν
3365 1263 3772 1335 ἐλευθερίας’

2146 1357 2240 1408 καὶ
2272 1356 2352 1409 ὃτι
2377 1355 2520 1409 κατὰ
2550 1356 2657 1410 τῶν
2683 1355 2777 1409 τοῦ
2806 1356 2939 1411 Θεοῦ
2970 1355 3181 1430 ἐχθρῶν
3201 1356 3229 1409 ὅ
3260 1356 3527 1421 τοσοῦτος
3571 1354 3773 1425 ἀγών·

2146 1448 2238 1501 καὶ
2264 1447 2343 1501 ὅτι
2368 1450 2527 1519 ἡμεῖς
2559 1449 2657 1518 μὲν
2694 1448 2784 1501 τὸν
2822 1448 2953 1504 Θεὸν
3000 1448 3197 1521 ἔχομεν
3216 1448 3367 1518 φίλον
3391 1450 3483 1502 τὸν
3544 1448 3775 1519 ἔχοντα

2143 1541 2390 1609 ἐξουσίαν
2412 1541 2510 1613 τῆς
2533 1542 2705 1614 ῥοπῆς
2726 1542 2818 1595 τοῦ
2848 1540 3105 1613 πολέμου,
3134 1544 3335 1596 ἐκεῖνοι
3378 1542 3435 1595 δὲ
3467 1542 3766 1596 ἐναντίον

2145 1634 2307 1689 αὐτὸν
2328 1635 2509 1706 ἔχουσι
2544 1634 2632 1689 διὰ
2677 1635 2776 1707 τῆς
2808 1636 2888 1701 είς
2935 1636 3095 1689 αὑτὸν
3139 1636 3418 1703 ἀπιστίας,
3463 1637 3580 1690 καὶ
3622 1635 3775 1688 εἴτι

2146 1726 2336 1799 ἕτερον
2386 1727 2598 1791 τούτοις
2645 1728 2831 1798 ὅμοιον
2886 1726 3232 1791 ἐπινοοῦντας
3290 1727 3585 1781 ποιεῖσθαι
3662 1726 3774 1799 τήν

2150 1817 2561 1889 προτρεπτικὴν
2583 1818 2887 1875 νουθεσίαν.
2921 1818 3099 1873 Πολλὰ
3136 1820 3244 1890 γὰρ
3275 1819 3448 1891 ἰσχύει
3488 1818 3773 1882 τοιοῦτος

2079 1915 2124 1976 Β
2151 1910 2306 1981 λόγος
2330 1911 2601 1983 εὐκαίρως
2628 1914 2913 1985 γινόμενος
2958 1914 3224 1984 διεγεῖραι
3280 1912 3458 1983 ψυχάς
3523 1913 3767 1985 μᾶλλον

2151 2002 2185 2073 ἦ
2222 2020 2327 2074 χρη
2339 2002 2523 2073 μάτων
2557 2001 2784 2075 πλῆθος.
3044 2076 3045 2079 η

2214 2102 2314 2164 ογ¹.
2350 2096 2472 2149 Ἔτι
2496 2095 2553 2148 δέ
2582 2113 2663 2149 σοι
2690 2096 2783 2151 καὶ
2811 2097 2971 2150 τοῦτο
3023 2096 3082 2151 οὑ
3142 2096 3464 2169 παραλείψω
3488 2111 3505 2127 ⁸
3541 2086 3767 2167 ἐπειδὴ

2151 2187 2259 2261 γὰρ
2285 2187 2511 2242 δυνατόν
2555 2191 2671 2243 ἐστι
2727 2190 3240 2262 καταστοχάσασθαι
3286 2193 3413 2257 τοὺς
3446 2191 3765 2255 ἐναντίους

2153 2280 2250 2349 τῆς
2275 2279 2570 2364 πορότητος
2621 2278 2713 2333 τοῦ
2744 2282 3019 2352 ἡμετέρου
3062 2283 3294 2355 στρατοῦ
3327 2283 3404 2348 ὡς
3455 2282 3557 2337 ἐπὶ
3614 2281 3763 2337 πολὺ

2154 2368 2241 2423 διὰ
2268 2368 2361 2423 τοῦ
2394 2368 2634 2441 ἀριθμοῦ
2674 2369 2782 2423 τῶν
2824 2370 3052 2440 βάνδων,
3087 2373 3383 2441 ἀναγκαῖον
3414 2367 3562 2427 εἶναι
3594 2371 3765 2441 λογιε-

2157 2459 2362 2533 ζόμεθα
2382 2461 2474 2516 δύο
2525 2464 2685 2532 ὃμοια
2723 2462 2887 2533 βάνδα
2946 2463 3069 2518 καθ’
3124 2465 3357 2519 ἕκαστον
3417 2465 3652 2536 τάγμα,
3698 2464 3761 2518 ἓν

2161 2560 2259 2629 μὲν
2282 2562 2341 2615 τὸ
2361 2561 2677 2615 αὖθεντικδν
2702 2563 2760 2614 τὸ
2813 2562 3027 2633 ὀφεῖλον
3069 2563 3155 2616 ἐπ’
3178 2563 3406 2635 ὀνόματι
3447 2558 3602 2619 εἶναι.
3642 2561 3751 2616 τοῦ

2160 2652 2416 2724 κόμητος,
2439 2652 2627 2724 ἕτερον
2653 2653 2709 2708 δὲ
2734 2653 2794 2709 τὸ
2839 2653 2933 2707 τοῦ
2969 2655 3288 2727 κεντάρχου,
3325 2656 3416 2709 καὶ
3444 2655 3761 2727 ἀμφότερα

2159 2746 2227 2800 τὰ
2265 2746 2430 2817 βάνδα
2473 2746 2837 2818 βαστάζεσθαι
2897 2748 3059 2821 μέχρι
3092 2750 3188 2820 τῆς
3239 2749 3452 2822 ἡμέρας
3512 2749 3618 2803 τοῦ
3656 2765 3765 2804 πο-

2160 2837 2349 2914 λέμου.
2376 2839 2529 2893 Κατά
2558 2839 2728 2911 αὐτὴν
2753 2840 2809 2893 δὲ
2839 2839 2936 2913 τὴν
2970 2842 3189 2914 ἡμέραν
3226 2843 3323 2913 τῆς
3369 2841 3665 2914 συμϐολῆς
3687 2838 3763 2894 τὰ

2163 2931 2457 2985 αὑθεντικά
2478 2932 2570 2985 καὶ
2619 2933 2754 3003 μόνα
2790 2931 2956 3004 βάνδα
2996 2932 3288 3002 ὑψοῦσθαι,
3321 2932 3462 2989 ὥστε
3499 2933 3581 3005 μὴ
3618 2931 3765 2986 πολ-

2169 3021 2274 3074 λῶν
2310 3022 2519 3092 βάνδων
2571 3023 2892 3095 ὑσέρουμένων
2936 3023 3129 3093 φύρειν
3175 3023 3477 3095 ἆπαντα,ὴ
3528 3024 3632 3079 καὶ
3664 3025 3764 3077 ἀνα

2165 3113 2471 3179 επῖγνωστα
2511 3114 2763 3183 γενέσθαι
2803 3116 2916 3178 τοῖς
2956 3114 3109 3179 ίδίοις
3140 3113 3319 3168 αὐτῶν
3344 3114 3721 3188 στρατιώταις
3742 3129 3759 3145 ⁶

2166 3205 2412 3261 ἐντεῦθεν
2438 3208 2546 3280 γὰρ
2600 3208 2821 3263 δυνατόν
2870 3211 2987 3263 ἐστι
3032 3207 3127 3263 καὶ
3176 3197 3452 3271 πολὺντδν
3510 3210 3760 3282 στρατὶν

3152 3305 3528 3374 εὐεπίγνωστα
3625 3310 3761 3376 φαζο

565 3494 657 3549 ⁸η.
707 3492 846 3547 Ante
902 3489 1027 3547 belli
1078 3489 1245 3555 diem,
1297 3498 1353 3546 et
1385 3488 1595 3561 aliquot
1657 3496 1919 3559 praetcrea
1953 3498 2062 3543 antt

2241 3482 2335 3540 οδῖ
2374 3482 2485 3552 Πρὸ
2513 3482 2570 3538 δέ
2603 3500 2761 3537 τινων
2791 3483 3014 3555 ἡμερῶν
3044 3483 3139 3539 τοῦ
3170 3484 3363 3558 καιροῦ
3413 3486 3513 3558 τῆς
3544 3488 3759 3559 συμϐο-

498 3585 712 3649 diebus,
746 3582 1158 3639 exhortationes
1203 3582 1451 3652 quaedam
1478 3583 1609 3636 tiant
1629 3581 1695 3635 ad
1722 3580 2071 3637 exercitatio-

477 3659 600 3737 nes
634 3676 983 3748 reliquosque
1052 3689 1233 3731 motus
1288 3674 1515 3732 bellicos
1575 3673 1828 3730 alacriter
1894 3674 2072 3730 susci-

505 3765 770 3839 piendos:
807 3764 1184 3837 unusquisque
1232 3765 1377 3821 enim
1411 3765 1723 3820 turmareha
1746 3781 1879 3821 suos
1917 3766 2055 3820 advo

507 3860 681 3928 cabit,
710 3867 764 3915 et
795 3859 939 3931 apud
970 3872 1067 3913 eos
1095 3858 1258 3913 verba
1291 3858 1357 3913 ad
1414 3858 1560 3913 hunc
1586 3866 1681 3913 aut
1734 3859 2075 3914 consimilem

507 3954 730 4011 modum
762 3952 922 4009 faciet
949 3970 962 4006 :
990 3950 1109 4007 Non
1140 3960 1341 4007 temere
1369 3950 1484 4007 haec
1508 3952 1955 4008 exercitationum
1985 3966 2077 4023 ge-

508 4059 639 4101 nera
671 4058 700 4099 a
731 4042 1025 4114 majoribus
1055 4042 1279 4107 nostris,
1304 4050 1467 4113 atque
1486 4042 1649 4096 etiam
1681 4043 1751 4097 ab
1785 4042 2079 4113 imperato-

511 4135 663 4191 ribus
725 4144 836 4190 tum
871 4133 1289 4201 recentioribus,
1321 4142 1436 4189 tum
1474 4134 1879 4205 antiquioribus
1918 4135 2076 4191 insti—

510 4235 626 4282 tuta
650 4237 796 4283 sunt.
821 4225 1006 4298 Neque
1035 4227 1154 4284 sine
1176 4240 1340 4282 causa
1366 4228 1448 4282 bac
1476 4226 1787 4283 artificiosa:
1837 4228 2077 4284 sciet-um

512 4320 925 4386 instructiones,
978 4328 1093 4375 tum
1141 4320 1483 4384 orbiculattc.
1532 4320 1835 4392 reliquique
1896 4332 2081 4377 motus

513 4412 693 4469 bellici
763 4413 1039 4468 adinventi
1099 4421 1246 4467 sunt.
1281 4410 1337 4467 Si
1360 4414 1506 4469 enim
1554 4424 1795 4485 agrestes
1842 4412 1986 4481 ferte,
2023 4422 2082 4470 ut

513 4506 748 4576 lepores,
782 4506 975 4569 damas,
1008 4520 1074 4560 ac
1103 4506 1324 4575 reliqua:
1373 4513 1697 4576 contemptae
1726 4506 1933 4575 bestiae,
1960 4522 2080 4563 cum

513 4615 607 4655 cas
646 4599 891 4654 venando
922 4600 1332 4669 consequimur,
1374 4614 1481 4654 non
1504 4600 1728 4655 omnino
1777 4600 1991 4669 longius
2026 4601 2081 4655 in

515 4694 778 4749 directum
817 4693 1126 4761 aufugiunt,
1175 4693 1267 4748 sed
1308 4693 1360 4747 in
1397 4692 1800 4749 contentionem
1827 4704 1881 4749 et
1911 4694 2081 4765 impe-

516 4795 631 4842 tum
663 4797 985 4843 venatorum
1023 4786 1317 4852 intuentes,
1350 4786 1431 4841 sic
1460 4802 1518 4841 se
1553 4786 1990 4853 accommodant,
2027 4799 2083 4841 ut

2172 3578 2270 3648 λῆς
2311 3578 2397 3631 ὅτε
2451 3576 2685 3646 μάλιστα
2740 3576 2835 3628 καὶ
2891 3578 3309 3648 προγυμνασίαν
3361 3577 3442 3631 δεῖ
3490 3580 3753 3647 γενέσθαι

2173 3670 2281 3726 τῶν
2307 3687 2364 3723 τε
2399 3664 2876 3741 παραγγελμάτων
2903 3670 2997 3722 καὶ
3047 3670 3157 3724 τῶν
3187 3670 3429 3740 μερικῶν
3456 3672 3752 3745 κινήσεων,

2174 3764 2255 3817 δεῖ
2277 3764 2401 3827 τοὺς
2431 3763 2667 3834 ἑκάστης
2704 3761 2949 3834 τούρμας
2972 3762 3238 3835 ἄρχοντας
3269 3763 3749 3836 μετακαλέσασθαι

2176 3856 2271 3910 καὶ
2299 3852 2615 3924 διαλαλῆσαι
2651 3853 2786 3923 πρὸς
2810 3855 2937 3917 τοὺς
2968 3854 3084 3913 τοῦ,
3121 3855 3249 3909 ἰδίου
3283 3856 3485 3929 μέρους
3528 3860 3600 3912 τὰ
3654 3858 3752 3930 ἀρ-

2180 3941 2536 4019 μόδια,·οἷον·
2576 3949 2655 4003 ὅτι
2682 3951 2755 4003 Οὐ
2792 3950 2968 4022 μάτην
3011 3950 3067 4004 αί
3102 3952 3403 4022 γυμνασίιι
3444 3952 3552 4007 τῶν
3586 3970 3752 4027 στρα-

2178 4040 2389 4097 τιωτῶν
2422 4042 2571 4111 παρά
2602 4060 2658 4094 τε
2684 4042 2794 4096 τῶν
2827 4042 3070 4097 παλαιῶν
3106 4045 3199 4097 καὶ
3227 4045 3334 4097 τῶν
3383 4047 3519 4101 νέων
3549 4063 3748 4118 στρατη

2186 4133 2339 4203 ηγῶν
2375 4133 2721 4204 ἐξετέοησαν,
2754 4135 2848 4188 καὶ
2880 4136 2936 4188 al
2978 4136 3118 4189 κατὰ
3166 4135 3361 4207 τέχνην
3414 4140 3751 4210 παρατάξεις
3838 4173 3842 4177 ‹

2181 4229 2275 4279 καὶ
2298 4228 2354 4281 αἱ
2379 4225 2465 4283 ἐπ’
2489 4227 2705 4290 εὐθείας
2726 4228 2819 4281 καὶ
2849 4228 2991 4282 κατά
3041 4226 3270 4293 κύκλους
3325 4231 3420 4284 καὶ
3456 4232 3593 4287 ἀλλα
3616 4234 3748 4304 σχή-

2185 4322 2632 4393 ματαρκινήσεις.
2686 4321 2747 4374 Εί
2774 4322 2882 4393 γάρ
2914 4322 3080 4395 ἄγρια
3133 4321 3246 4387 ζῶα
3279 4321 3602 4400 διωκόμενα,
3644 4320 3750 4379 οἷον

2182 4415 2368 4485 ἔλαφοι
2395 4416 2489 4468 καὶ
2514 4414 2788 4486 λαγωοὶνῆ
2814 4416 2952 4469 ’ἄλλο
2988 4433 3039 4470 τι
3070 4418 3179 4471 τῶν
3233 4417 3465 4473 εὐτελῶν
3488 4418 3643 4483 ζώων
3695 4422 3749 4471 ὲν

2184 4512 2296 4571 τοῖς
2332 4508 2612 4579 κυνηγίοις
2636 4508 2697 4561 οὗ
2733 4508 2951 4574 πάντως
3007 4509 3208 4575 ἔξωθεν
3267 4511 3369 4576 ἔξω
3399 4513 3490 4565 καί
3539 4513 3626 4565 ἐπ’
3660 4514 3747 4565 εὖ·

2186 4602 2336 4665 θείας
2361 4602 2457 4673 τὴν
2489 4602 2671 4673 φυγὴν
2725 4602 3025 4667 ποιοῦνται,
3059 4603 3171 4656 ἀλλ’
3205 4604 3578 4660 ἀποϐλέποντα
3619 4607 3749 4679 πρὸς

2184 4694 2275 4748 τὸν
2304 4695 2456 4747 τόνον
2484 4694 2578 4747 καὶ
2619 4693 2718 4765 τὴν
2750 4694 3065 4766 ὁρμὴντῶν
3126 4695 3515 4767 ἐπιτιθεμένων
3547 4700 3745 4764 αὐτοῖς,
3816 4692 3819 4693 ν

2187 4787 2358 4851 οὕτως
2403 4786 2499 4842 καὶ
2555 4785 2653 4851 τὰς
2713 4787 3091 4858 ὑποχωρήσεις
3146 4788 3456 4843 ποιοῦνταιο
3492 4790 3641 4863 πόσῳ
3676 4792 3749 4845 Esi

514 4880 743 4941 evadere
767 4880 975 4949 possint
1008 4897 1023 4933 :
1056 4888 1262 4951 quanto
1305 4880 1480 4950 magis
1502 4879 1748 4935 homines
1778 4879 2062 4951 intelligen-

2192 4881 2390 4953 μᾶλλον
2419 4882 2545 4945 τοὺς
2577 4878 2897 4952 ἀνθρώπους
2938 4882 2996 4933 ἐν
3039 4882 3252 4935 συνέσει
3286 4880 3464 4951 ὄντας,
3498 4885 3589 4939 καὶ
3615 4885 3748 4955 ὑπὲρ

516 4974 587 5029 tia
626 4973 913 5043 praeditos,
971 4982 1024 5028 ct
1079 4973 1146 5028 de
1203 4973 1414 5042 magnis
1462 4973 1623 5027 rebus
1669 4973 2078 5041 contendentes,

513 5074 718 5121 attente
751 5075 804 5121 et
846 5064 1117 5120 industrie
1183 5075 1298 5120 tum
1351 5063 1744 5136 persequendis
1807 5065 2075 5132 hostibus,

515 5168 630 5213 turn
667 5146 1028 5223 declinandis,
1059 5157 1112 5211 in
1145 5156 1334 5226 prmlio
1364 5171 1582 5227 cperam
1614 5170 1815 5212 navare
1847 5166 2078 5227 oportet,

515 5263 691 5319 neque
722 5245 878 5319 quasi
910 5263 1049 5317 aqua
1089 5249 1141 5301 in
1177 5248 1314 5303 hanc
1347 5256 1441 5302 aut
1479 5247 1623 5301 illam
1651 5256 1856 5319 partem
1883 5247 2079 5320 jactari

514 5340 930 5413 atqueefl‘undi,
973 5341 1016 5397 si
1054 5342 1138 5398 vel
1169 5358 1360 5413 magna
1386 5342 1566 5413 aliqua
1598 5343 1838 5412 incursio
1867 5345 1936 5399 ab
1974 5345 2080 5401 illis

513 5436 631 5503 llat,
684 5435 767 5491 vel
818 5434 1260 5507 aiiquisanobis
1283 5434 1336 5488 in
1390 5436 1513 5492 illos
1564 5438 1797 5507 impetus
1832 5440 2079 5505 exsistat,

515 5525 805 5583 immodice
858 5527 1175 5582 alterutram
1214 5530 1266 5582 in
1297 5542 1502 5598 partem
1570 5529 1719 5597 ferri,
1754 5532 1850 5587 sed
1898 5535 2081 5590 omnia

513 5620 809 5689 sustinere,
836 5629 895 5676 ut
924 5620 1207 5676 victoriam
1241 5622 1456 5677 tandem
1490 5622 1883 5694 adipiscantur.

596 5714 684 5772 75.
713 5715 902 5788 Neque
920 5717 1065 5773 enim
1097 5720 1162 5773 ad
1186 5733 1410 5789 parvum
1460 5719 1692 5789 spatium
1731 5719 1943 5791 insequi
1981 5725 2082 5776 ho-

516 5818 648 5877 stes,
673 5817 728 5865 et
750 5818 865 5865 tum
890 5809 1186 5878 dimittere,
1227 5812 1454 5868 victoria
1489 5814 1726 5883 putanda
1756 5824 1838 5871 est
1868 5834 1879 5870 :
1905 5830 2082 5887 neque

515 5920 707 5964 rursus
730 5905 1010 5980 paululum
1033 5908 1392 5977 retrocedere,
1416 5924 1717 5981 rursusque
1743 5911 1915 5967 in'cos
1944 5927 2078 5969 con~

2193 4974 2442 5047 μεγάλων
2497 4974 2840 5045 πραγμάτων
2899 4974 3333 5045 ἀγωνιζομένους
3384 4979 3745 5048 προσεχόντως

2188 5068 2412 5130 καὶτὰς
2468 5067 2681 5132 διώξεις
2733 5067 2826 5119 καὶ
2878 5065 2973 5130 τὰς
3022 5067 3403 5138 ὑποχωρήσεις
3479 5070 3744 5124 ποιεῖσθαι

2189 5162 2247 5214 ἐν
2315 5164 2435 5224 τοῖς
2466 5161 2713 5231 μάλαιςῑ
2754 5161 2864 5215 Καὶ
2922 5162 2997 5234 μὴ
3049 5160 3239 5233 ῶσπερ
3293 5164 3389 5217 ἐπὶ
3443 5161 3632 5230 ὓδατος
3662 5164 3748 5219 ἐπὶ

2188 5254 2255 5309 τὰ
2312 5253 2793 5324 ἔμπροσθενῆἐπὶ
2837 5254 2903 5308 τά
2961 5254 3134 5307 ὀπίσω
3187 5255 3493 5325 ἐκχέεσθαι,
3527 5260 3740 5330 μικρᾶς,

2188 5347 2260 5409 di;
2293 5348 2460 5411 εἰκὸς,
2488 5347 2631 5409 τινος
2663 5345 2918 5417 ὠοησεως
2946 5346 2977 5417 ἣ
3009 5348 3118 5411 τοῖς
3141 5346 3351 5419 ἐχθροῖς
3379 5349 3741 5423 γενομένης,ἢ

2190 5441 2317 5513 παρ’
2343 5440 2522 5495 αὐτῶν
2545 5442 2890 5512 ἐπαγομένης
2930 5442 3023 5495 καὶ
3057 5441 3309 5514 ἀμέτρως
3338 5441 3509 5508 οὕτως
3538 5444 3745 5498 ἐλαυνο-

2193 5536 2387 5606 μένους
2411 5533 2767 5593 κινδυνεύειν.
2798 5532 2933 5587 ἀλλὰ
2958 5534 3133 5587 πάντα
3162 5535 3474 5606 ὑπομένειν,
3508 5536 3647 5591 ὥστε
3695 5537 3744 5602 ἐξ

2190 5627 2505 5696 οἱουδήποτε
2541 5625 2741 5695 τρόπου
2780 5624 3103 5690 σπουδάζειν
3137 5626 3291 5697 νικᾷν
3319 5626 3411 5681 τὸν
3434 5626 3649 5699 ἐχθρόν.

2260 5720 2394 5773 Οὐδὲ
2421 5718 2528 5789 γὰρ
2562 5719 2626 5773 τὸ
2650 5719 2788 5790 πρὸς
2810 5718 2994 5786 ὀλίγον
3023 5717 3209 5783 διῶξαι
3238 5718 3329 5773 τὸν
3378 5719 3618 5775 ἐναντίον
3661 5719 3745 5773 καὶ

2173 5813 2407 5884 ἀφιέναι
2448 5810 2629 5867 τελεία
2661 5813 2787 5885 νίκη
2845 5814 2993 5867 ἐστίν
3017 5830 3047 5875 ·,
3095 5812 3214 5866 οὐδὲ
3265 5813 3325 5867 τὸ
3369 5814 3503 5885 πρὸς
3560 5813 3746 5887 μ...ρὸν

2752 5908 2791 5932 ι’.
2807 5908 2866 5932 -..Ι

2188 5909 2558 5982 ὑποχωρῆσαι,
2582 5909 2672 5964 καὶ
2696 5908 3049 5979 πάλινζάντιστ
3061 5907 3318 5979 ραφῆναι,
3338 5907 3393 5962 αἱ
3419 5902 3600 5982 ἧτται,
3624 5907 3764 5964 ἀλλὰ.
