4020 6312
251 474 395 539 82‘)

1323 487 1659 550 TACTICA.
1697 510 1761 524 ··’
1824 490 2328 554 CONSTITUTiO
2367 493 2502 556 XII.

3450 507 3558 576 830

251 588 393 653 ἀπο
434 591 534 648 τοῦ
560 593 912 666 πέρατοςτοῦ
941 594 1179 669 πολέμου
1204 598 1436 673 ἑκάτερα
1464 603 1759 672 δείκνυται,
1788 622 1852 658 κα

1954 607 2142 674 verti,
2182 608 2409 664 olfensio
2471 609 2594 664 belli
2660 612 2943 668 indicanda
2999 623 3102 680 est,
3152 616 3245 673 sed
3299 633 3375 698 ex
3430 620 3556 676 belli

253 685 423 758 πρὸς
455 685 588 743 αὐτὸ
615 690 694 743 δεῖ
721 690 1105 760 ἀγωνίζεσθαι.
1145 693 1328 750 Ταῦτα
1359 698 1453 751 καὶ
1481 700 1690 764 τούτοις
1719 701 1881 771 ὅμοια

248 778 348 850 τῷ
391 780 620 853 στρατῷ
649 783 920 837 διαλαλεῖν
957 788 1325 855 χρεωστοῦσιν
1341 791 1388 843 οἱ
1419 791 1652 845 ἑκάστου
1681 792 1881 866 μέρους

249 875 636 948 τουρμάρχαι
668 877 763 932 καὶ
797 877 940 942 ἱδῖως
967 883 1077 944 τοῖς
1106 881 1254 948 ἰδίοις
1288 885 1673 956 στρατιώταις.

334 1054 569 1119 ος’.Σὺ
599 1055 653 1110 δὲ
689 1060 830 1128 μετά
859 1060 955 1134 τὴν
998 1062 1306 1128 ἰδιάζουσαν
1360 1065 1469 1123 τῶν
1507 1070 1874 1143 τουρμαρχῶν

249 1148 368 1196 καὶ
418 1149 734 1216 γυμνασέαν
767 1153 859 1204 καὶ
899 1152 1194 1219 διαλαλιὲιν,
1223 1148 1267 1208 ὦ
1321 1159 1619 1230 στρατηγέ,
1687 1159 1871 1227 τάξεις

249 1237 348 1300 εἰς
384 1239 458 1291 τὸ
492 1241 637 1307 ἅπαξ
663 1242 692 1314 ἦ
720 1245 816 1297 καὶ
842 1245 900 1297 τὸ
930 1248 1065 1299 πολὺ
1102 1248 1359 1322 δεύτερον
1390 1251 1488 1322 τὴν
1523 1253 1652 1325 ὃλην
1687 1257 1867 1328 παρά-

248 1331 466 1398 ταξιν,
499 1336 592 1387 καὶ
624 1337 824 1406 ὁμοίως
843 1342 1209 1412 καταστήσεις
1240 1345 1441 1408 αὐτοὺς
1470 1347 1562 1399 καὶ
1581 1347 1669 1402 διὰ
1695 1348 1872 1419 λόγων

249 1421 365 1474 καὶ
403 1423 482 1476 δι’
516 1424 691 1498 ἔργων
729 1428 979 1500 ἑτοίμους
1014 1427 1152 1486 εἶναι
1183 1434 1277 1488 καὶ
1307 1436 1606 1510 ὲμπεξρους
1635 1442 1869 1496 πάντοτε

249 1515 417 1586 πρὸς
459 1519 584 1582 τοὺς
613 1519 944 1589 πολεμικοὺς
988 1523 1227 1593 ἀγῶνας.

324 1695 444 1760 οζν.
483 1699 865 1776 Παραγγεῖλῃς
895 1705 950 1759 δὲ
981 1709 1092 1771 τοῖς
1142 1708 1244 1780 τῆς
1298 1711 1524 1786 πρώτης
1579 1715 1699 1788 ἦτοι
1765 1718 1866 1790 τῆς

250 1790 573 1862 προμάχου
610 1792 818 1860 τάξεως
870 1797 1149 1868 ἄρχουσιν,
1178 1803 1317 1857 ὥστε
1365 1804 1442 1874 τῷ
1491 1807 1640 1878 μέσῳ
1678 1810 1864 1864 πείθε-

254 1879 638 1953 σέαι,·μέρει,
684 1886 813 1943 ἔνθα
861 1890 950 1944 τὸν
997 1891 1410 1966 ὑποστράτηγόν
1448 1916 1541 1952 σου
1574 1902 1864 1972 συμϐαίνει

246 1975 598 2043 τάσσεσθαι,
620 1979 739 2051 ἦτοι
802 1982 892 2036 τὸν
937 1985 1231 2056 λεγόμενον
1299 1990 1392 2044 νῦν
1452 1993 1546 2047 τοῦ
1621 1995 1677 2049 θέ

253 2069 590 2141 μεράρχην,
616 2073 710 2126 καὶ
735 2074 979 2132 ἰσοῦσθαι
1009 2081 1176 2153 αὐτῷ,
1216 2083 1310 2137 καὶ
1333 2082 1448 2156 ἅμα
1496 2088 1596 2160 τὴν
1653 2092 1859 2159 συμϐο-

248 2156 362 2230 λὴν
395 2163 692 2221 ποιεῖσθαι.

325 2261 444 2324 οη’.
512 2258 622 2312 Καὶ
686 2262 888 2334 ταύτης
950 2268 1250 2342 γενομένης
1327 2274 1422 2328 ἐὰν
1471 2277 1754 2346 τραπῶσιν
1809 2282 1858 2335 ei

250 2343 486 2416 ἐχθροὶ,
517 2350 643 2415 τοὺς
673 2353 770 2424 μὲν
799 2355 1102 2431 κούρσορας
1127 2364 1222 2416 σὺν
1254 2366 1444 2439 ἐλασίᾳ
1499 2343 1674 2443 δρμᾷν
1716 2375 1857 2427 κατὰ

250 2436 460 2491 αὐτῶν
484 2442 564 2506 εἰς
589 2436 863 2513 ἐπιδίωξιν
881 2451 990 2515 ’ἕως
1022 2455 1182 2508 αὑτοῦ
1209 2456 1300 2510 τοῦ
1326 2462 1596 2527 φοσσάτου
1651 2465 1852 2520 αὐτῶν·

250 2529 396 2594 τοὺς
431 2530 490 2584 δὲ
538 2533 864 2606 διφένσορας
897 2541 1285 2600 ἐπακολουθεῖν
1315 2551 1372 2604 ἐν
1426 2552 1599 2619 τάξει,
1647 2561 1740 2609 καὶ
1781 2557 1854 2630 μὴ

251 2621 615 2691 ἀπομένειν·
653 2627 740 2681 ἵνα
787 2630 894 2684 τῶν
943 2633 1174 2705 ἐχθρῶν,
1222 2637 1296 2700 ὼς
1344 2640 1512 2707 εἰκὸς,
1559 2642 1843 2716 ἀντιστρε·

249 2717 551 2786 φαμένων,
595 2720 690 2773 ἐὰν
725 2721 798 2795 μὴ
820 2723 1120 2796 δυνηθῶσιν
1143 2729 1409 2801 βαστάσαι
1437 2735 1486 2788 οἱ
1530 2737 1849 2810 κούρσορες,

250 2808 321 2861 ἐκ
355 2808 460 2861 τοῦ
494 2810 722 2880 πλησίον
747 2818 825 2880 εἰς
863 2820 989 2882 τοὺς
1041 2821 1362 2896 διφένσορας
1414 2831 1852 2902 καταφεύγοντες

251 2900 431 2954 πάλιν
460 2903 689 2969 ἑαυτοὺς
719 2907 1169 2972 ἀνακαλέσονται.

323 2993 429 3047 00'.
481 2997 609 3051 Ἐὰν
638 3001 819 3070 μέντοι
851 3007 908 3057 ὲν
957 3008 1095 3081 αὐτῇ
1128 3012 1192 3082 τῇ
1228 3013 1470 3088 συμϐολῇ
1504 3020 1685 3092 συμϐῇ
1725 3021 1755 3093 ἢ
1791 3021 1850 3077 ἓν

255 3086 435 3157 μέρος
492 3090 627 3160 ἦτα
676 3094 770 3148 ὅλα
818 3100 1106 3171 τραπῆναι,
1167 3105 1467 3178 ὑποχωρεῖν
1517 3112 1642 3176 τοὺς
1688 3114 1850 3187 κούρ-

254 3194 434 3250 σορας
465 3182 538 3246 ὡς
590 3186 681 3237 ἐπὶ
713 3188 812 3261 τὴν
846 3190 1108 3265 δευτέραν
1137 3197 1291 3262 τάξιν
1323 3201 1414 3255 ἐπὶ
1439 3201 1497 3254 ἓν
1527 3205 1558 3275 ἢ
1589 3205 1847 3280 δεύτερον

255 3275 674 3345 σαγιττόϐολον,
717 3282 812 3335 καὶ
844 3286 1003 3340 πάλιν
1034 3289 1490 3363 ἀντιστρέφεσθαι
1544 3301 1685 3354 κατὰ
1732 3300 1844 3357 τῶν

255 3363 480 3436 ἐχθρῶν
498 3365 640 3441 (92),
675 3372 784 3427 τῶν
801 3376 1046 3449 συνήθων
1078 3381 1174 3435 καὶ
1205 3383 1480 3454 ἁρμοδίων
1512 3392 1704 3458 φωνῶν
1730 3394 1846 3467 ¹ἤτοι
1880 3367 1921 3428 C

253 3461 750 3533 παραγγελμάτων
787 3466 1114 3540 λεγομένων.

329 3559 409 3606 π’.
438 3554 550 3607 Καὶ
576 3557 622 3609 εξ
657 3557 757 3626 μὲν
783 3559 1082 3643 δυνηθῶσιν
1136 3569 1215 3630 εἰς
1266 3571 1444 3644 φυγὴν
1481 3575 1677 3648 τρέψαι
1718 3582 1845 3646 τοὺς

255 3641 516 3714 ἐχθροὺς,
542 3645 758 3705 διώκειν
784 3656 922 3707 κατὰ
943 3641 1140 3713 αὐτῶν*
1162 3662 1216 3740 εἰ.
1231 3662 1286 3716 δὲ
1318 3641 1495 3736 μήτγε,
1517 3641 1840 3744 ύποχωρεῖν,

257 3739 354 3789 καὶ
389 3739 556 3793 πάλιν
583 3742 1059 3818 ἀντιστρέφεσθαι.
1110 3754 1167 3808 El
1199 3739 1253 3809 δὲ
1300 3758 1448 3825 ἅπαξ
1495 3763 1526 3833 ἢ
1589 3739 1844 3839 δεύτερον

256 3829 646 3902 ἐγχειροῦντες
679 3838 752 3910 μὴ
784 3841 1075 3913 ὶσχύσωσιν
1102 3849 1412 3923 ἁντωθῆσαι
1435 3829 1561 3922 τούς
1592 3829 1840 3934 ἐχθροὺς,

255 3924 381 3978 τότε
423 3928 525 3998 τῆς
570 3930 828 4006 δευτέρας
870 3937 1080 4006 τάξεως
1116 3944 1520 4019 ὲπιξθανούσης
1563 3957 1838 4024 καταφεύ-

255 4033 376 4084 γειν
403 4020 541 4091 πρὸς
565 4023 752 4096 αὐτὴν,
787 4029 881 4082 καὶ
907 4030 996 4084 διὰ
1019 4034 1125 4088 τῶν
1143 4037 1412 4114 εὐκαίρων
1435 4043 1604 4115 αὐτῆς
1627 4049 1841 4119 χωρίων

258 4108 660 4182 παρέρχεσθαι,
719 4119 812 4172 καὶ
862 4122 920 4175 ὲν
965 4123 1042 4196 τῷ
1078 4131 1280 4197 μεταξὺ
1335 4133 1663 4208 διαστήματι
1700 4142 1840 4195 κατὰ

253 4198 428 4270 οὐράν
454 4203 555 4274 τῆς
583 4206 842 4280 δευτέρας
887 4216 983 4270 καὶ
1033 4220 1224 4293 τρίτης
1263 4198 1679 4302 ἐξελισσομένης
1724 4234 1839 4305 ἃμα

255 4291 319 4360 τῇ
356 4292 586 4371 δευτέρᾳ
616 4299 767 4367 τάξει
796 4303 1112 4378 δρουγγιστὶ
1133 4291 1299 4385 ῆέίουν
1324 4319 1460 4389 ὁμοῦ
1493 4291 1839 4395 empta-Iphin;

255 4387 369 4450 τοῖς
401 4390 618 4461 ἐλθροῖς
649 4395 1000 4470 ἐπέρχεσθαι,
1045 4410 1135 4460 καὶ
1166 4411 1258 4463 ἐὰν
1292 4414 1595 4483 τραπῶσιν,
1627 4421 1834 4476 ἐπακο-

257 4476 474 4535 λουθεῖν
506 4486 690 4558 αὐτοῖς
721 4491 907 4558 ὀξέως.

577 4555 609 4576 ἡ
766 4555 771 4556 ,
869 4555 880 4558 -

330 4575 444 4632 πα’.
475 4580 853 4660 Παραγγείλῃς
891 4592 946 4644 δὲ
965 4593 1059 4645 καὶ
1083 4599 1192 4661 τοῖς
1224 4600 1669 4677 πλαγιοφύλαξιν,
1693 4610 1832 4668 ὥστε

258 4668 352 4722 ἐὰν
388 4673 487 4742 μὲν
518 4680 856 4753 μακρότερον
888 4687 1012 4757 εύρε

259 4757 370 4821 ζειν
406 4764 498 4818 ἐπὶ
526 4767 715 4839 κέρας,
739 4773 884 4848 τοῦτ’
922 4777 1067 4834 ἐστιν
1107 4786 1198 4838 ἐπὶ
1226 4793 1515 4864 σκουτάριν
1559 4796 1836 4865 κλίνοντας

262 4862 692 4918 συνεκτεξνεσθαι
729 4869 898 4941 αὐτῷ,
927 4873 1012 4927 ἵνα
1051 4879 1124 4947 μὴ
1159 4881 1250 4936 ὑπ’
1280 4885 1442 4940 αὑτοῦ
1480 4893 1837 4950 κατακύκλω·

260 4969 342 5017 σις
367 4957 444 5028 τῷ
473 4961 627 5031 μέρει
665 4965 907 5038 γένηται.
957 4971 1018 5026 El
1050 4974 1105 5026 δὲ
1152 4978 1468 5049 κοντότερον
1518 4984 1715 5057 εὑρεθῇ
1774 4988 1835 5040 τὸ

262 5048 406 5116 ἂντις
440 5056 627 5127 κέρας,
664 5062 982 5127 επουδάζειν
1009 5071 1303 5138 μηνοειδῶς
1342 5074 1507 5144 ἤγουν
1536 5079 1674 5132 κατὰ
1707 5083 1837 5151 ἡμιο

261 5140 476 5200 κύκλιον
544 5151 916 5211 ἐπικλίνεσθαι
974 5160 1068 5212 καὶ
1136 5165 1640 5237 ἐμπεριλαμϐάνειν
1697 5174 1827 5228 αὐτὸ

262 5231 456 5291 ἔσωθεν
474 5244 602 5313 πρ“;ν
631 5243 664 5314 ἥ
689 5245 749 5298 τὸ
778 5248 942 5318 μέρος
972 5251 1154 5327 φθάσῃ
1171 5231 1495 5327 συμϐαλεῖν,
1520 5262 1662 5314 τοῦτ’
1680 5264 1826 5318 ἔστιν

261 5327 383 5384 ὅταν
428 5335 592 5407 μέλλῃ
639 5339 670 5408 ἠ
733 5342 883 5413 φωνὴ
938 5344 1042 5416 τῆς
1096 5351 1370 5422 συμϐολῆς
1432 5355 1671 5423 γίνεσθαι
1727 5360 1826 5428 τῆς

268 5422 458 5498 μάχης.
491 5431 550 5482 Εἰ
574 5431 630 5484 δὲ
662 5432 774 5488 ἴσον
807 5438 951 5489 ἐστὶν
984 5441 1042 5493 τὸ
1095 5441 1267 5508 ἇντις,
1298 5449 1481 5516 μένειν
1532 5451 1588 5505 ἐν
1620 5456 1680 5523 τῇ
1718 5454 1824 5526 ἰδία

263 5513 406 5580 τάξει
467 5519 542 5584 ὡς
591 5521 939 5599 διερένσορας,
996 5531 1088 5584 καὶ
1148 5535 1479 5605 συμϐάλλειν
1533 5544 1674 5610 μετὰ
1727 5544 1821 5598 τοῦ

270 5605 474 5676 μέρους.

336 5728 440 5798 πβ’.
472 5733 858 5810 Παραγγεξλῃς
897 5741 953 5796 δὲ
1001 5745 1094 5797 καὶ
1127 5748 1238 5812 τοῖς
1273 5749 1712 5824 ύπερκεράσταις
1743 5758 1827 5811 ὃτι

1019 4689 1082 4761 θῇ
1123 4693 1182 4746 τὸ
1215 4693 1366 4762 ἄντις
1396 4700 1562 4772 κέρας
1593 4708 1827 4762 σπουδά-

1954 4709 2191 4764 .cniatur
2230 4728 2398 4769 cornu
2443 4718 2678 4775 hostium
2725 4742 2865 4793 esse,
2901 4745 2984 4786 co:

1985 701 2137 755 exitu
2175 703 2359 757 omnia
2391 704 2730 770 mstimanila,
2771 716 2934 777 atque
2961 709 3025 764 ad
3063 725 3187 765 cum
3225 713 3557 769 conferenda

1983 804 2132 850 sunt.
2169 797 2294 853 llaec
2323 805 2484 866 atque
2536 798 2600 853 iis
2630 798 2828 854 similia
2853 801 3050 856 turmis
3083 804 3198 859 suis
3231 807 3559 864 turtnarchae

1982 896 2229 954 narrent,
2299 889 2607 960 singulique
2633 903 2891 961 praeterea
2928 894 3192 953 militibus
3220 899 3337 954 suis
3364 901 3557 971 praeci-

1981 977 2151 1048 piant.

2054 1069 2138 1124 76.
2175 1071 2253 1126 Tu
2285 1083 2490 1141 autem,
2525 1075 2843 1147 imperator,
2909 1093 3037 1152 post
3065 1083 3404 1157 singulorum
3436 1101 3552 1145 tur-

1981 1165 2324 1220 marcharum
2375 1170 2821 1243 reliquorumque
2866 1175 3247 1245 praefectorum
3308 1183 3551 1253 privatas

1980 1257 2210 1312 militum
2253 1275 2478 1317 suorum
2504 1267 2925 1324 exercitationes
2976 1282 3140 1343 atque
3210 1273 3550 1334 adhortatio-

1977 1365 2094 1414 nes,
2150 1354 2314 1409 semel
2368 1365 2527 1428 atque
2563 1358 2630 1413 ad
2664 1376 2938 1418 summum
2994 1365 3189 1421 iterum
3238 1370 3546 1428 universam

1976 1443 2148 1498 aciem
2205 1447 2464 1516 instrues,
2511 1453 2874 1524 similiterque
2928 1457 3086 1515 fartis
3141 1477 3206 1517 ac
3243 1463 3405 1521 dictis
3448 1455 3548 1538 pa;

1974 1539 2122 1589 ratos
2169 1536 2380 1597 reddes.
2410 1550 2576 1611 atque
2625 1543 2691 1597 ad
2718 1561 2936 1602 omnem
2981 1549 3233 1607 bellicum
3267 1570 3424 1610 usum
3450 1536 3544 1612 ha-

1972 1626 2132 1682 biles.

2050 1715 2135 1774 77.
2168 1721 2456 1794 Prrecipies
2485 1727 2648 1784 etiam
2699 1732 2884 1801 prima:
2910 1777 2924 1801 ,
2955 1736 3069 1791 sive
3107 1744 3546 1813 propngnatricis

1970 1811 2108 1866 aciei
2149 1815 2439 1885 praefectis,
2474 1830 2531 1875 ut
2561 1823 2752 1879 mediae
2775 1843 2890 1882 suae
2916 1838 3108 1886 turma:
3144 1833 3543 1907 obtemperent,

1970 1905 2059 1959 ubi
2089 1909 2360 1982 princeps,
2396 1914 2510 1970 sive
2545 1931 2864 1990 propraetor,
2897 1923 2989 1994 qui
3041 1941 3184 1982 nunc
3214 1943 3327 1983 suae
3377 1931 3541 1987 ditio-

1686 2014 1852 2066 ματος

1962 2000 2049 2055 nis
2073 2003 2376 2076 μεράρχης,
2438 2009 2551 2064 sive
2592 2015 2903 2070 turmarclia
2933 2018 3152 2084 dicitur,
3214 2025 3543 2082 c0nstitutus

1966 2104 2316 2168 est,eta:qua
2386 2099 2564 2160 frente
2617 2120 2741 2161 curn
2797 2109 2888 2164 illo
2927 2111 3202 2182 incedant,
3236 2116 3541 2190 eodemque

1967 2193 2210 2256 tempore
2232 2191 2484 2258 prcclium
2511 2200 2879 2254 committant.

2045 2277 2131 2334 78.
2167 2280 2279 2337 Hac
2333 2284 2448 2342 acie
2519 2287 2810 2356 instructa,
2848 2295 2892 2348 si
2930 2304 3212 2354 vertantur
3269 2300 3451 2361 hostes
3485 2305 3538 2362 in

1963 2367 2165 2441 fugam,
2205 2388 2458 2433 cursores
2490 2381 2670 2436 statim
2698 2383 2765 2438 ad
2797 2383 3163 2455 insequendos
3187 2407 3304 2460 eos,
3335 2411 3540 2466 usque-

1961 2462 2088 2518 dum
2118 2465 2182 2519 ad
2211 2463 2476 2524 fossatum
2506 2471 2720 2529 illorum
2776 2482 3143 2549 pervenerint,
3172 2488 3429 2544 omnibus
3455 2490 3536 2544 vi-

1961 2557 2113 2613 ribus
2136 2564 2495 2632 contendant;
2521 2550 2838 2629 defensores
2857 2585 3037 2632 autem
3065 2579 3117 2633 in
3149 2582 3265 2638 acie
3284 2584 3535 2644 instructi

1958 2663 2278 2724 sequantur,
2309 2667 2360 2713 et
2391 2675 2499 2715 non
2535 2663 2863 2733 consistant,
2895 2683 2985 2736 ne,
3011 2669 3056 2726 si
3082 2672 3269 2731 hostes
3305 2691 3536 2734 conver-

1959 2756 2141 2802 tantur
2172 2750 2392 2816 iterum,
2436 2765 2488 2810 et
2537 2757 2755 2814 illorum
2799 2761 3061 2832 impetum
3086 2781 3344 2827 cursores
3375 2775 3537 2830 susti-

1956 2855 2086 2897 nere
2136 2856 2426 2914 nequeant,
2470 2865 2636 2921 prope
2682 2854 2746 2908 ad
2798 2856 3117 2917 defensores
3167 2863 3537 2938 confugiendo

1955 2951 2172 2991 rursum
2205 2942 2419 3010 seipsos
2441 2944 2719 3017 colligant.

2029 3027 2114 3083 79.
2173 3029 2270 3087 Sin
2319 3035 2462 3091 inter
2521 3039 2921 3114 confligendum
2960 3064 3066 3105 una
3107 3051 3288 3124 aliqua
3328 3065 3528 3124 turma,

1951 3129 2045 3176 aut
2072 3136 2262 3181 omnes
2283 3127 2444 3183 etiam
2484 3131 2536 3185 in
2575 3131 2757 3205 fugam
2785 3149 3087 3209 vertantur,
3119 3146 3185 3200 ad
3221 3152 3525 3208 secundam

1950 3215 2122 3270 aciem
2175 3220 2243 3273 ad
2273 3223 2437 3278 unius
2495 3235 2660 3297 atque
2697 3231 2922 3288 alterius
2983 3239 3195 3309 sagittae
3228 3241 3436 3311 jactum
3469 3262 3528 3302 se

1954 3311 2242 3381 recipiant,
2308 3333 2638 3392 rursumque
2696 3341 2758 3383 se
2817 3329 2884 3383 ad
2943 3331 3280 3393 invadendos
3342 3339 3526 3397 hostes

1953 3404 2298 3472 conﬁrment.
2351 3417 2628 3472 consuetis
2652 3427 2708 3474 et
2753 3420 2964 3478 idoneis
3019 3427 3076 3481 in
3129 3429 3402 3503 principio
3431 3450 3526 3507 pu-

1949 3511 2069 3566 gnae
2101 3502 2324 3559 vocibus
2350 3516 2402 3560 et
2429 3513 2772 3569 cazremoniis
2796 3516 3082 3576 adhibitis.

2021 3591 2110 3647 80.
2155 3593 2212 3649 Si
2240 3596 2422 3654 hostes
2451 3611 2705 3670 poterunt
2732 3605 2784 3661 in
2812 3607 2992 3681 fugam
3022 3616 3179 3679 verti,
3204 3618 3522 3692 insequendi

1946 3684 2124 3752 primo
2166 3698 2313 3757 sunt,
2343 3691 2538 3749 deinde
2578 3700 2937 3758 recedendum
2984 3705 3178 3763 iterum
3221 3712 3292 3768 ab
3329 3716 3428 3782 eis,
3467 3727 3522 3773 et

1945 3775 2013 3830 ad
2081 3793 2175 3833 eos
2219 3784 2401 3838 statim
2453 3791 2767 3847 vertendum
2828 3807 2928 3852 est.
2986 3798 3301 3862 Sinsemel
3357 3818 3522 3881 atque

1945 3870 2139 3924 iterum
2188 3874 2291 3931 hoc
2323 3883 2582 3936 tentando
2625 3901 2732 3940 non
2771 3890 3075 3960 proficitur,
3118 3901 3357 3957 secunda
3404 3906 3520 3961 acie

1946 3962 2200 4020 cominus
2232 3967 2345 4036 jam
2377 3972 2704 4033 adventante
2733 3982 3054 4054 confugiant
3082 3989 3146 4043 a‘d
3179 4006 3319 4061 eam,
3364 4005 3417 4050 et
3450 4001 3517 4054 ad

1945 4067 2249 4125 oppoi‘tuua
2274 4066 2522 4133 quanlam
2561 4069 2680 4126 loca
2716 4072 2861 4130 intus
2887 4092 2946 4132 se
2973 4080 3262 4153 recipiant,
3303 4081 3518 4162 hocque

1941 4145 2231 4207 intervallo
2281 4158 2440 4225 spatii
2492 4160 2558 4214 ad
2608 4173 2909 4223 extremam
2965 4173 3137 4230 aciem
3197 4177 3394 4237 iterum
3458 4200 3519 4242 so

1941 4242 2244 4313 evolvente,
2305 4249 2469 4306 simul
2522 4268 2645 4309 cum
2695 4261 2932 4331 secunda
2984 4265 3274 4337 drungisti,
3330 4275 3382 4329 id
3435 4290 3518 4334 est

1942 4334 2227 4392 confertim
2262 4356 2324 4395 ac
2354 4343 2542 4412 dense,
2583 4348 2862 4419 invadant,
2897 4365 2950 4410 ct
2985 4358 3031 4412 si
3078 4360 3128 4414 in
3158 4361 3340 4435 fugam
3373 4373 3515 4428 versi

1940 4425 2164 4499 fuerint,
2198 4434 2343 4489 omni
2370 4438 2648 4498 alacritate
2682 4462 2777 4502 eos
2812 4449 3190 4522 insequantur.

2007 4610 2095 4667 8i.
2137 4613 2418 4676 Latet-anis
2448 4623 2611 4678 etiam
2647 4633 2952 4702 praecipies,
2989 4647 3046 4693 ut
3080 4640 3126 4695 si
3167 4642 3384 4716 longius
3425 4650 3512 4706 iu-

3492 4790 3508 4814 9

1936 4801 1985 4854 id
2018 4813 2119 4868 est,
2149 4804 2216 4860 ad
2247 4819 2484 4878 scutum,
2514 4813 2627 4869 sive
2655 4817 2841 4875 laevam
2874 4823 3227 4895 inclinantes,
3264 4835 3329 4890 ad
3362 4853 3510 4894 eam-

1934 4892 2054 4946 dem
2083 4909 2301 4967 quoque
2335 4901 2722 4972 longitudinem
2760 4913 3008 4981 produci,
3047 4929 3104 4974 ut
3136 4937 3202 4976 ne
3236 4925 3306 4978 al)
3335 4927 3510 4983 hosti-

1936 4985 2037 5042 laus
2068 4997 2260 5046 turma:
2299 5006 2496 5050 nostra:
2528 4999 2893 5061 iuclmlantur.
2937 5009 3030 5066 Sin
3067 5016 3341 5075 concisius
3379 5021 3508 5078 fue-

1935 5081 2005 5133 rit
2047 5083 2336 5139 adversum
2373 5102 2565 5154 cornu,
2600 5093 2788 5151 lunare
2837 5114 2933 5156 eos
2967 5116 3200 5175 oportet,
3232 5119 3286 5165 et
3311 5113 3377 5167 ad
3417 5129 3507 5171 se-

1938 5172 2204 5227 micirculi
2251 5175 2482 5234 fortnam
2533 5186 2823 5254 adducere,
2875 5204 2923 5246 ct
2976 5195 3120 5253 intra
3159 5204 3505 5273 complexum

1936 5279 2094 5319 suum
2128 5269 2313 5325 hostes
2343 5289 2615 5342 coercere,
2643 5283 2960 5355 priusquam
2998 5298 3175 5348 turma
3212 5298 3505 5371 confligere

1936 5373 2058 5412 cum
2098 5362 2250 5419 hoste
2296 5367 2539 5438 incipiat,
2585 5374 2688 5430 hoc
2730 5390 2834 5444 est,
2875 5383 3194 5456 priusquam
3229 5405 3508 5453 consuetae

1931 5464 2097 5507 voces
2156 5464 2280 5511 ante
2335 5476 2530 5516 manus
2583 5475 2950 5533 conserendas
2999 5497 3351 5557 usurpentur.
3409 5494 3505 5552 Sin

1933 5549 2140 5616 aequale
2176 5549 2342 5608 fuerit
2376 5555 2614 5614 hostium
2656 5581 2845 5633 cornu,
2886 5570 2938 5626 in
2980 5589 3078 5631 sua
3110 5581 3348 5651 ipsorum
3389 5591 3509 5646 acie

1934 5643 2092 5712 quasi
2124 5644 2438 5706 defensores
2461 5661 2625 5725 stent,
2666 5671 2719 5713 et
2757 5671 2990 5723 turmam
3025 5685 3180 5728 suam
3223 5677 3504 5750 adjuvent.

2009 5761 2104 5818 82.
2145 5764 2433 5839 Prascipies
2470 5773 2634 5832 etiam
2665 5782 3057 5858 cornistitibus,
3094 5795 3310 5864 quando
3336 5815 3507 5875 prope

1749 5879 1977 5940 ΝΟΤλΕ.

334 5966 438 6044 (92)
463 5974 620 6032 Κατὰ
648 5975 766 6034 τῶν
793 5979 1042 6052 ἐχθρῶν.
1072 5981 1444 6060 Scribebatur,
1473 5989 1566 6046 καὶ
1591 5993 1699 6049 τῶν
1729 5996 1957 6070 ἐχθρῶν.
