4020 6312
154 363 288 437 833

1236 374 1575 438 TACTICA.
1618 395 1689 408 ’-
1716 370 2225 440 CONSTITUTIO
2278 372 2420 440 XII.

3375 369 3486 440 834

160 485 435 556 πρώτης
493 484 850 556 παρατάξεως
926 483 1220 556 εὑρεθῆναι
1274 488 1486 558 αὑτήνο
1551 487 1648 546 ἕνα
1699 485 1793 540 ἐὰν

1926 501 2103 555 ιοειθε,
2133 492 2302 563 ίιιιιιεί
2367 490 2759 561 propugnatrix
2801 499 2964 562 atque
3005 487 3334 548 subsidiaria
3381 494 3492 545 non

164 578 503 648 τραπῶσιν
548 581 599 632 οἱ
652 578 860 650 ἐχθροὶ,
902 579 980 643 ὠς
1011 579 1284 650 διφένσωρ
1329 581 1466 650 αὑτὴ
1510 581 1683 651 ήγουν
1713 581 1805 633 ἐκ·

127 667 439 744 ’δικητὴς
492 674 586 728 καὶ
638 673 836 746 βοηθὸς
891 675 950 728 ἐν
980 675 1132 739 τάξει
1181 675 1525 749 ἐπακολουθῇ
1583 679 1679 731 καὶ
1727 678 1803 748 μὴ

164 764 523 837 ἀπομείνῃ.

256 855 389 924 μα’.
433 859 499 912 Εί
524 858 580 912 δέ
608 861 794 930 τραπῇ
824 876 878 911 τι
907 858 1018 912 τῶν
1042 859 1143 930 τῆς
1164 859 1391 933 πρώτης
1433 861 1640 926 τάξεως
1665 877 1803 931 ταγ-

171 950 424 1020 μάτων,
458 951 819 1022 ὑποδέχεσθαι
867 953 930 1006 τὸ
972 951 1312 1024 βαρούμενον
1369 954 1463 1006 καὶ
1508 954 1805 1025 ἐρχόμενον

173 1042 378 1114 μέρος
434 1045 520 1108 είς
584 1047 932 1117 καταφυγὴν,
973 1045 1072 1100 καὶ
1120 1047 1240 1117 νᾶμα
1284 1049 1399 1111 τοῖς
1429 1046 1530 1119 τῆς
1580 1046 1806 1119 πρώτης

170 1137 419 1204 τάξεως
466 1137 810 1212 ἐπέρχεσθαι,
848 1140 1318 1213 συντεταγμένως.
1350 1142 1445 1195 καὶ
1491 1139 1566 1213 μὴ
1601 1141 1808 1195 διαλύε-

176 1231 325 1284 σθαι
377 1232 557 1302 μέχρι
604 1233 818 1297 τελείας
851 1233 1132 1299 ἐκϐάσεως
1161 1233 1256 1288 τοῦ
1291 1234 1555 1306 πολέμου,
1586 1235 1805 1306 καὶτῆς

173 1325 283 1377 ἐπὶ
309 1324 385 1378 τὸ
446 1326 719 1395 φοσσάτον
781 1327 1153 1398 ὑποστροφῆς,
1208 1327 1344 1380 ἀλλὰ
1370 1328 1585 1397 ἀφιέναι
1633 1325 1808 1391 οὕτως

177 1422 668 1492 συντεταγμένως
694 1421 1083 1490 φυλάττεσθαι,
1114 1421 1208 1476 καὶ
1229 1421 1304 1494 μὴ
1331 1420 1648 1476 ἐπιδιώκειν
1675 1420 1808 1476 ἀτά-

175 1527 347 1573 κτως
382 1513 519 1575 τοὺς
549 1511 800 1582 ἐχθρούς.

268 1601 394 1674 ιιβν.
447 1605 574 1659 Ἐάν
611 1605 668 1658 δὲ
695 1605 996 1675 ἀμφίϐολος
1037 1607 1072 1677 ή
1132 1606 1278 1678 μάχη
1308 1605 1409 1676 τῆς
1437 1604 1662 1676 πρώτης
1708 1605 1808 1660 τάο

180 1696 340 1760 ξεως
385 1697 676 1766 φαίνηται,
721 1697 815 1751 καὶ
849 1697 1062 1765 διώξεις
1114 1698 1210 1752 καὶ
1252 1697 1588 1764 ἀντιδιώξεις
1612 1695 1810 1766 γίνων-

200 1807 334 1855 ται,
369 1792 486 1861 χρὴ
509 1791 806 1860 ἀναμένειν
866 1791 961 1843 καὶ
997 1790 1222 1862 θεωρεῖν
1256 1789 1356 1862 τήν
1409 1789 1503 1843 τοῦ
1555 1790 1810 1861 πράγμα-

1910 585 2197 653 consistat,
2236 583 2334 642 sed
2361 585 2536 640 aciem
2577 593 2865 656 sequatur.

1981 850 2072 910 91.
2110 854 2265 921 Quod
2297 855 2342 909 si
2367 865 2488 925 qua:
2526 851 2783 910 cohortes
2819 848 3008 922 primae
3033 851 3172 909 aciei
3201 850 3500 923 profligatae

1913 943 2148 1010 fuerint,
2187 945 2329 999 hanc
2383 945 2636 999 afﬂictam
2679 955 2888 1015 partem
2921 955 2975 1000 et
3010 943 3316 1015 perfugium
3349 958 3502 1013 quae.-

1913 1046 2123 1095 rentem
2165 1034 2425 1110 excipiat,
2465 1054 2532 1094 ac
2576 1039 2742 1094 etiam
2792 1053 2916 1095 cum
2962 1040 3136 1107 prima
3183 1037 3300 1092 acie
3347 1034 3500 1092 ordi-

1912 1143 2041 1188 nate
2086 1148 2151 1188 ac
2218 1133 2485 1201 disposite
2538 1133 2788 1200 incedat,
2845 1149 3023 1204 neque
3073 1134 3246 1189 aciem
3295 1133 3503 1188 instru-

1912 1235 2058 1278 ctam
2097 1232 2223 1278 ante
2252 1223 2378 1278 belli
2426 1223 2658 1287 exitum,
2702 1232 2756 1277 et
2791 1222 3112 1293 priusquam
3149 1236 3208 1278 se
3245 1223 3296 1274 in
3320 1231 3501 1276 castra

1914 1332 2013 1372 sua
2060 1317 2393 1387 receperint,
2425 1317 2709 1383 dissolvat,
2744 1317 2838 1372 sed
2893 1315 2973 1372 sic
3020 1315 3086 1369 ad
3125 1309 3502 1370 conservatio-

1913 1426 2038 1466 nem
2079 1411 2271 1482 primae
2298 1411 2438 1466 aciei
2467 1411 2717 1466 ordinate
2763 1414 3048 1478 sequatur,
3081 1423 3192 1463 non
3224 1413 3404 1463 autem
3435 1405 3502 1462 ad

1913 1506 2323 1577 persequendos
2353 1507 2541 1561 hostes
2574 1504 2806 1560 confuse
2839 1511 2983 1559 ruat.

1984 1597 2075 1654 92.
2120 1597 2178 1653 Si
2224 1613 2430 1670 anceps
2474 1599 2734 1669 prmlium
2785 1597 2980 1668 prima:
3033 1597 3169 1652 aciei
3205 1595 3394 1664 fuerit,
3450 1605 3505 1652 et

1914 1693 2329 1762 persecutiones
2360 1693 2608 1764 fugaeque
2655 1693 2884 1758 fuerint,
2929 1693 3362 1764 permanendum
3393 1703 3502 1756 est,

1914 1797 1967 1842 et
1994 1787 2173 1843 exitus
2199 1789 2275 1844 rei
2303 1788 2780 1859 contemplandos,
2815 1803 3089 1859 vocesque
3139 1804 3204 1844 ac
3233 1783 3504 1844 clamores

191 1900 296 1946 τος
363 1881 636 1944 ἔκϐασιν,
708 1881 803 1936 καὶ
874 1880 1160 1936 ἐκϐάλλειν
1213 1881 1466 1952 δεύτερον
1626 1879 1811 1950 τρίτον

1926 1894 2110 1952 graves
2155 1881 2355 1936 iterum
2411 1897 2476 1937 ac
2518 1883 2678 1938 tertio
2707 1881 3078 1953 profundendi
3108 1889 3259 1944 sum,
3295 1889 3407 1935 tum
3435 1876 3505 1936 ad

185 1971 396 2042 φωνὰς
431 1970 777 2042 βρυγμώδεις
821 1971 961 2043 πρός
987 1989 1046 2025 τε
1096 1971 1447 2026 διανάστασιν
1489 1971 1602 2025 τῶν
1637 1987 1810 2041 μαχο-

189 2063 397 2133 μένων
436 2065 535 2118 καὶ
562 2061 906 2134 κατάπληξιν
956 2062 1064 2116 τῶν
1095 2062 1335 2133 ἐχθρῶν,
1362 2062 1437 2134 μὴ
1489 2061 1812 2127 σπουδάζειν

185 2155 250 2209 δὲ
304 2155 631 2227 προχείρως
692 2156 1103 2226 συμμίγνυσθαι
1171 2156 1205 2227 ἢ
1260 2154 1505 2224 ἐγγίζειν
1555 2153 1692 2207 πολὺ

189 2247 418 2322 πρώτῃ
457 2248 793 2321 παρατάξει,
819 2238 906 2302 ἵνα
945 2251 1108 2320 μήτις
1140 2248 1340 2322 φύρσις
1387 2250 1482 2302 καὶ
1525 2248 1813 2312 ἀλλόκοτος

185 2345 387 2417 τροπὴ
450 2346 510 2398 ἐν
543 2347 609 2416 τῇ
667 2344 913 2414 συμϐολῇ
958 2344 1058 2413 τῆς
1110 2345 1292 2413 μάχης
1321 2341 1808 2414 παρακολουθήσῃ.

275 2437 402 2507 ια’.
437 2437 503 2493 Εί
533 2436 613 2503 δὲ,
645 2436 722 2500 ὡς
755 2435 1022 2499 πολλάκις
1058 2436 1371 2506 συμϐαίνει,
1396 2436 1543 2506 καὶὴ
1585 2435 1814 2505 δευτέρα

189 2529 527 2602 παράταξις
546 2531 730 2600 τραπῇ
750 2527 915 2599 μέχρι
943 2527 1053 2581 τῶν
1080 2526 1500 2594 νωτοφυλάκων,
1524 2526 1693 2597 ήγουν
1713 2526 1816 2597 τῆς

189 2625 398 2694 τρίτης
447 2620 691 2688 τάξεως,
729 2621 1035 2692 ἐρχομένην
1062 2619 1386 2685 σπουδάζειν
1431 2618 1814 2692 ἀναλαμϐάνε-

201 2717 339 2770 σθαι
364 2715 562 2785 αὐτήν.

271 2806 386 2876 ιβ’.
436 2807 565 2860 Ἐάν
590 2806 647 2860 δὲ
697 2805 806 2860 ἀπὸ
860 2804 1088 2878 ἐνέδρας
1133 2804 1278 2870 τινὸς
1322 2805 1411 2860 διὰ
1441 2802 1621 2860 νώτου
1645 2807 1814 2879 ήγουν

191 2899 312 2954 ἀπὸ
358 2900 594 2954 ὄπισθεν
627 2899 814 2968 ἔφοδος
851 2901 1067 2975 μηνυθῇ
1128 2899 1224 2953 καὶ
1247 2898 1532 2962 ἐπέλευσις
1566 2900 1776 2971 ἐχθρῶν
1797 2916 1812 2931 °

196 2995 297 3047 ἐὰν
335 2995 443 3065 μὲν
473 2993 647 3062 ὀλίγοι
676 2992 822 3047 εἰσὶν
858 2993 908 3046 oi
944 2993 1299 3064 μηνυόμενοι,
1330 2992 1425 3047 καὶ
1456 2992 1722 3064 ἀρκοῦσιν
1764 2993 1815 3046 ot

195 3088 301 3159 τῆς
328 3089 532 3162 τρίτης
547 3089 774 3154 τάξεως,
800 3089 923 3144 τότε
959 3088 1128 3160 αὐτὴν
1164 3090 1308 3142 κατὰ
1342 3086 1566 3142 ἐκείνων
1606 3087 1816 3159 ἐκπέμ-

196 3195 366 3235 πειν.
398 3182 465 3234 Εί
500 3181 556 3234 δὲ
596 3181 670 3253 μὴ
694 3180 984 3252 ἀρκοῦσιν,
1038 3181 1162 3235 τότε
1206 3180 1390 3246 καθώς
1412 3182 1567 3235 ’ἐστιν
1596 3183 1630 3253 ἡ
1662 3181 1814 3246 τάξις

1916 1981 2135 2031 nostros
2175 1976 2625 2042 essuscitandos,
2678 1986 2792 2032 tum
2830 1975 2900 2032 ad
2947 1973 3138 2032 hostes
3182 1975 3506 2030 exaniman-

1913 2072 2038 2126 dos.
2060 2068 2250 2140 Neque
2274 2068 2461 2126 statim
2496 2070 2716 2127 coneris
2735 2083 2929 2126 manus
2954 2083 3264 2135 conserere,
3302 2075 3396 2123 aut
3432 2067 3505 2124 ad

1913 2165 2149 2238 primam
2193 2165 2367 2222 aciem
2425 2165 2716 2230 accedere,
2761 2180 2832 2222 ne
2903 2165 3090 2235 aliqua
3138 2162 3394 2220 confusio
3439 2176 3505 2219 ac

1915 2263 2042 2331 fuga
2097 2259 2350 2332 quaedam
2414 2259 2637 2333 indigna
2691 2257 2839 2316 hanc
2899 2257 3363 2316 conﬂictationem
3411 2272 3505 2315 se-

1915 2362 2134 2424 quatur.

1986 2442 2074 2498 95.
2117 2441 2238 2509 Sin,
2266 2439 2413 2514 quod
2441 2458 2586 2515 saepe
2607 2441 2861 2499 accidere
2895 2445 3051 2508 solet,
3085 2435 3328 2499 secunda
3359 2439 3506 2497 acies

1917 2553 2093 2607 usque
2128 2539 2196 2593 ad
2249 2537 2574 2609 tergistitcs,
2615 2553 2711 2593 seu
2764 2531 2982 2593 tertiam
3013 2535 3186 2592 aciem
3220 2536 3274 2590 in
3319 2535 3500 2605 fugant

1914 2637 2179 2695 vertatur,
2236 2629 2352 2686 haec
2413 2630 2570 2685 tertia
2620 2629 2925 2685 adventans
2992 2637 3223 2684 conetur
3272 2638 3504 2697 recupeé

1916 2736 2042 2775 rare
2070 2736 2213 2776 eam.

1986 2813 2078 2869 94.
2121 2812 2218 2869 Sin
2261 2813 2476 2870 insidiis
2508 2814 2635 2871 ullis
2661 2814 2822 2872 factis
2852 2831 2883 2871 a
2916 2826 3070 2888 tergo
3097 2817 3278 2887 aliqua
3312 2817 3504 2872 incur-

1919 2905 2003 2962 sio
2051 2914 2218 2977 atque
2261 2908 2500 2978 impetus
2550 2908 2796 2966 hostium
2843 2909 2962 2978 ﬁat,
3008 2912 3052 2965 si
3095 2911 3255 2979 pauci
3297 2911 3352 2964 hi
3387 2908 3508 2964 fue-

1918 3000 2051 3066 rint,
2082 3001 2176 3070 qui
2207 3002 2538 3058 adoriuntur
2565 3018 2685 3071 eos,
2731 3003 3006 3076 tertiaque
3035 3005 3182 3060 acies
3211 3004 3503 3060 adversum

1917 3107 2012 3150 eos
2055 3088 2190 3149 satis
2238 3103 2342 3160 est,
2400 3096 2517 3151 lucc
2566 3096 2727 3152 tertia
2776 3107 2892 3152 tum
2946 3092 3265 3163 emittatur;
3311 3093 3393 3151 sin
3440 3111 3508 3152 ea

1920 3185 2054 3242 satis
2083 3200 2195 3242 non
2232 3185 2417 3256 fuerit,
2449 3190 2734 3245 conversis
2764 3198 2878 3244 tum
2919 3190 2986 3244 ad
3026 3185 3280 3256 caudam,
3311 3190 3363 3244 id
3397 3199 3504 3256 est,

196 3273 736 3346 ἀντιστρεφομένων
757 3274 868 3327 τῶν
895 3272 1210 3346 προσώπων
1240 3275 1442 3344 ὁμοίως
1482 3274 1541 3328 δὲ
1573 3274 1668 3328 καὶ
1712 3273 1808 3328 τοῦ

1926 3274 2166 3332 ultimam
2197 3276 2395 3342 aciem,
2423 3277 2684 3334 cohortes
2714 3293 2841 3333 cum
2870 3278 3146 3350 praefectis
3177 3279 3249 3334 ita
3276 3293 3336 3336 se
3364 3292 3506 3348 pra:-

201 3364 405 3434 βάνδου
447 3364 588 3434 μετὰ
629 3362 722 3418 τοῦ
758 3363 1019 3435 ἄρχοντος
1067 3365 1148 3426 είς
1192 3362 1359 3434 οὐρὰν
1410 3363 1579 3434 ήγουν
1622 3361 1802 3415 ὀπίσω

200 3458 535 3529 ἐρχομένων
593 3454 668 3521 ώς
716 3456 1068 3529 ἀμφιστόμου
1124 3455 1340 3527 ήτάξις
1369 3454 1467 3527 τὴν
1523 3453 1803 3526 συμϐολὴν

201 3544 497 3620 ἁρμοδίως
514 3551 772 3614 ποιεῖται,
801 3549 893 3602 καὶ
922 3549 1275 3619 τρεπομένων
1303 3547 1414 3600 τῶν
1432 3545 1645 3616 ἐχθρῶν
1665 3545 1790 3599 τότε

201 3640 336 3702 τοὺς
355 3637 779 3707 νωτοφύλακας,
806 3637 915 3692 εἴτε
955 3638 1012 3693 ἓν
1034 3636 1148 3691 εῐτε
1171 3637 1265 3693 δύο
1287 3638 1456 3710 βάνδα
1481 3635 1806 3710 εὑρεθῶσιν,

203 3723 283 3793 ὦς
325 3729 646 3802 κούρσορας
698 3730 819 3784 κατ’
848 3728 1031 3784 αὐτῶν
1059 3731 1382 3800 ἐπαφιέναι.

279 3822 386 3886 ιιε’.
430 3820 558 3874 Ἐὰν
581 3819 639 3874 δὲ
670 3819 854 3874 πολλοί
881 3822 1020 3875 εἰσιν
1046 3822 1094 3875 oi
1122 3820 1451 3892 μηνυόμενοι
1484 3821 1586 3894 τὴν
1623 3819 1812 3891 ἔφοδον

209 3917 413 3980 ποιεῖν,
469 3914 593 3968 τότε
628 3914 1004 3986 παραγγείλῃς
1033 3915 1114 3980 τὸ,
1148 3913 1522 3980 Μετάλλαξον.
1567 3916 1679 3970 Καὶ
1727 3913 1811 3985 ἐρ-

207 4025 404 4079 χονται
456 4008 506 4060 οἱ
556 4007 946 4078 δεκάρχαιέπὶ
998 4004 1188 4077 οὐρὰν,
1255 4006 1425 4076 ήγουν
1483 4009 1811 4076 στρέφονται

211 4099 448 4155 ὄπισθεν
469 4098 613 4154 κατὰ
633 4100 844 4170 τάγμα,
872 4097 1015 4153 ὥστε
1033 4100 1209 4153 ἐκεῖνο
1236 4099 1298 4152 τὸ
1322 4099 1488 4170 μέρος
1516 4099 1614 4171 τῆς
1642 4100 1813 4170 οὐρᾶς

215 4193 483 4265 μέτωπον
510 4191 784 4262 γίνεσθαι.

287 4371 408 4441 ις’.
469 4372 579 4426 Καὶ
613 4370 818 4435 ταύτας
854 4370 954 4443 μὲν
987 4386 1084 4435 τας
1134 4371 1513 4444 παραγγελίας
1557 4373 1811 4444 ποιήσεις

219 4464 328 4536 πρὸ
357 4465 546 4535 ὀλίγου
576 4462 772 4535 καιροῦ
801 4464 901 4534 τῆς
945 4462 1126 4535 μάχης
1155 4463 1253 4516 καὶ
1283 4463 1390 4517 τῶν
1419 4463 1668 4531 ἀγώνων,
1723 4462 1812 4517 ἵνα

218 4556 566 4626 γινώσκωσι-δ
623 4559 672 4611 οἱ
732 4557 1065 4628 στρατιῶται
1103 4557 1174 4611 τὰ
1224 4553 1556 4628 ἁρμόζοντα.
1596 4555 1652 4610 '0
1703 4556 1812 4626 γὰρ

1912 3377 2105 3441 parent
2140 3369 2297 3441 quasi
2336 3369 2708 3441 ἀμφίστομος,
2735 3370 2791 3427 id
2829 3380 2934 3436 est,
2989 3386 3192 3442 anceps
3242 3371 3390 3427 acies
3411 3385 3505 3426 es-

1911 3470 2023 3530 set;
2071 3462 2152 3518 sic
2213 3462 2362 3519 acies
2418 3479 2546 3520 cum
2594 3463 2705 3521 illis
2757 3461 3039 3537 conﬂigat,
3083 3461 3504 3536 proﬂigatisque

1914 3554 2162 3610 hostibus
2190 3553 2509 3625 tergistites,
2539 3555 2655 3611 sive
2683 3571 2809 3622 uua,
2853 3558 2970 3612 sive
3015 3557 3202 3626 plures
3243 3559 3502 3614 cohortes

1911 3643 2141 3714 fuerint,
2160 3647 2319 3718 quasi
2344 3661 2606 3706 cursores
2637 3649 2695 3704 in
2719 3645 2844 3707 illos
2873 3648 3270 3707 immittantur.

1984 3819 2076 3877 95.
2121 3821 2177 3876 Si
2223 3836 2457 3894 magnus
2508 3836 2774 3881 numerus
2827 3837 3016 3882 eorum
3076 3840 3199 3886 esse
3254 3829 3505 3884 videatur

1913 3913 2008 3984 qui
2036 3912 2408 3969 incursionem
2442 3913 2693 3984 fecerint,
2741 3925 2854 3972 tum
2892 3919 3173 3990 praecipies
3205 3919 3272 3976 iis
3301 3920 3502 3984 verbis,

1913 4005 2265 4074 Μετάλλαξον
2309 4008 2363 4063 id
2402 4019 2508 4074 est,
2548 4020 2867 4079 commota;
2903 4027 3012 4082 qua
3057 4028 3188 4067 voce
3218 4013 3406 4068 dccani
3435 4015 3505 4070 ad

1915 4101 2146 4156 caudam
2175 4102 2416 4169 venient,
2451 4102 2504 4158 id
2534 4112 2640 4170 est,
2678 4104 2746 4159 ad
2782 4107 3050 4175 posticam
3083 4118 3292 4176 partem
3324 4116 3506 4163 trans-

1915 4191 2090 4247 ferent
2142 4208 2203 4248 se
2269 4195 2578 4263 cohortes,
2637 4205 2697 4252 ut
2763 4198 2964 4263 cauda,
3022 4212 3146 4268 quae
3194 4196 3337 4266 fuit,
3389 4201 3506 4270 jam

1915 4282 2070 4340 frons
2098 4283 2213 4340 ﬁat.
2896 4291 2912 4302 ‘

1985 4378 2076 4434 96.
2111 4378 2238 4435 llaec
2267 4396 2435 4451 parvo
2460 4390 2706 4455 tempore
2746 4393 2876 4441 ante
2906 4385 3112 4442 bellum
3166 4397 3221 4444 et
3271 4386 3506 4444 dimica-

1916 4471 2121 4526 tionem
2146 4472 2321 4542 ipsam
2354 4475 2609 4545 praecipe,
2645 4490 2704 4530 ut
2748 4477 2882 4548 quid
2928 4477 3074 4535 facto
3103 4496 3242 4550 opus
3276 4481 3348 4535 sit
3400 4482 3505 4536 mi-

1915 4565 2036 4622 lites
2073 4578 2430 4637 cognoscant.
2467 4567 2590 4639 ipso
2619 4571 2766 4625 enim
2804 4579 3050 4643 tempore
3078 4573 3262 4642 proelii
3296 4573 3504 4630 milites

221 4651 331 4704 τῶν
367 4651 594 4722 ἀγώνων
620 4649 811 4721 καιρὸς
837 4650 906 4703 τὰ
926 4647 1153 4704 τοιαῦτα
1183 4649 1456 4704 διδάσκειν
1479 4649 1606 4712 τοὺς
1644 4649 1810 4720 μήπω

1926 4659 2112 4714 harum
2138 4675 2322 4715 rerum
2357 4661 2520 4716 rudes
2555 4673 2721 4732 atque
2752 4663 2971 4737 ignaros
3015 4665 3121 4721 tale
3154 4666 3358 4738 aliquid
3405 4666 3506 4722 do-

223 4745 432 4800 τούτων
465 4747 661 4817 πεῖραν
694 4743 958 4805 λαϐόντας
1005 4743 1106 4797 οὑκ
1143 4742 1451 4815 ἐπιτρέπει,
1483 4742 1532 4795 εί
1594 4742 1668 4814 μὴ
1706 4743 1816 4813 ἀρα

229 4835 344 4908 μετ’
369 4837 627 4909 ὀξύτητος
663 4838 729 4891 τὰ
752 4836 992 4906 σύντομα
1016 4835 1455 4907 παραγγέλματα
1497 4835 1655 4906 μόνα.

298 4929 404 4998 κζ’.
436 4931 608 4985 Πάλιν
635 4930 691 4983 δὲ
723 4928 816 4983 ἐὰν
857 4929 964 4999 πρὸ
992 4927 1191 4982 πολλοῦ
1249 4929 1445 5001 χρόνου
1498 4926 1814 5000 παραγγει-

228 5020 347 5095 λῃς,
373 5027 453 5089 είς
476 5024 646 5094 λήθην
676 5020 887 5092 γίνεται
939 5017 1006 5074 τὰ
1038 5020 1327 5090 μεχθέντα.
1361 5023 1472 5075 Καὶ
1526 5021 1615 5074 διὰ
1658 5021 1814 5074 τοῦτο

231 5118 334 5187 χρή
370 5135 427 5170 σε
478 5119 585 5188 πρὸ
654 5114 850 5187 μικροῦ
889 5115 1002 5186 (95)
1042 5113 1234 5184 καιροῦ
1289 5113 1384 5166 τοῦ
1427 5114 1663 5184 πολέμου
1713 5115 1815 5178 τὰς

233 5207 562 5280 ἀναμνήσεις
630 5209 922 5263 ποιεῖσθαι.
976 5206 1361 5278 Παραγγείλῃς
1414 5207 1472 5259 δὲ
1527 5209 1620 5260 καὶ
1673 5208 1812 5261 καθ-

231 5301 351 5357 όλου
375 5307 561 5368 πᾶσιν,
580 5306 720 5359 ὥστε
743 5303 947 5374 μηδένα
967 5302 1241 5374 θαρρῆσαι
1259 5300 1358 5370 τὴν
1375 5300 1633 5370 δευτέραν
1658 5298 1814 5367 τάξιν

234 5387 541 5468 παρελθεῖν,
571 5396 694 5465 κᾶν,
722 5397 797 5460 ὡς
823 5399 990 5460 eum,
1030 5396 1204 5464 τροπή
1232 5411 1316 5457 τις
1343 5396 1410 5465 τῇ
1439 5394 1632 5466 πρώτῃ
1661 5394 1814 5459 τάξει

233 5490 472 5561 γένηται,
490 5493 575 5546 ἵνα
605 5493 679 5563 μὴ
706 5492 843 5561 πρὸς
868 5489 967 5560 τὴν
998 5489 1141 5559 ζωὴν
1163 5487 1504 5559 κινδυνεύσῃ,
1521 5482 1630 5541 εἴτε
1655 5488 1806 5558 παρὰ

232 5580 338 5636 τῶν
363 5584 589 5657 ἐχθρῶν,
636 5584 746 5637 εἴτε
779 5583 873 5637 καὶ
907 5581 1058 5654 παρὰ
1103 5581 1213 5635 τῶν
1241 5581 1386 5634 ἰδίων
1423 5580 1498 5644 ὡς
1556 5579 1728 5644 ἄξιος,
1758 5583 1806 5635 εί

1916 4763 2042 4804 cere
2075 4749 2220 4804 haud
2253 4767 2352 4821 par
2372 4760 2472 4817 est,
2528 4753 2636 4809 nisi
2663 4769 2727 4808 ea
2755 4756 2935 4811 solum
2984 4771 3108 4826 qua:
3154 4757 3292 4813 levia
3338 4769 3501 4827 sunt,

1915 4851 1970 4897 et
1991 4841 2230 4898 breviter
2260 4844 2585 4901 efﬁciuntur.

1987 4936 2077 4992 97.
2112 4935 2247 4991 Nam
2283 4939 2328 4992 si
2365 4939 2528 5012 longo
2562 4949 2808 5011 tempore
2836 4950 2964 4999 ante
3017 4945 3271 5014 praelium
3307 4947 3502 5017 praeci-

1916 5026 2053 5095 pies,
2111 5029 2226 5083 haec
2271 5030 2536 5086 oblivioni
2593 5034 3024 5102 mandabunlur,
3069 5053 3133 5092 ac
3210 5049 3500 5110 propterea

1916 5118 2197 5188 paululum
2229 5131 2354 5176 ante
2385 5121 2586 5178 bellum
2643 5124 2758 5179 haec
2813 5129 3296 5184 commemoranda
3345 5138 3497 5187 sunt.

1919 5209 2216 5284 Praecipies
2243 5225 2426 5269 autem
2471 5218 2752 5282 omnibus,
2785 5229 2844 5273 ut
2877 5235 3039 5275 nemo
3071 5221 3269 5277 audeat
3299 5238 3499 5279 secun-

1914 5306 2039 5360 dam
2074 5308 2247 5363 aciem
2269 5309 2872 5381 transgredi,quamvis
2905 5315 3079 5385 prima
3102 5312 3249 5372 acies
3279 5317 3500 5385 penitus

1914 5397 2202 5470 profligata
2239 5399 2425 5467 fuerit,
2455 5410 2511 5457 ut
2542 5419 2609 5459 ne
2649 5405 2773 5476 (nisi
2809 5406 3002 5477 ingens
3057 5418 3223 5481 atque
3262 5410 3496 5467 incvrta-

1916 5488 2043 5544 bills
2090 5493 2271 5564 aliqua
2329 5498 2653 5566 necessitas)
2700 5499 2786 5554 vel
2821 5515 2919 5571 per
2957 5502 3238 5572 inimicos,
3267 5504 3352 5561 vel
3400 5517 3500 5576 per

1918 5595 2050 5640 suos
2080 5587 2238 5655 quasi
2256 5588 2456 5662 dignus
2472 5591 2540 5649 de
2571 5593 2678 5648 vita
2708 5592 3070 5666 periclitetur.

237 5673 309 5745 μὴ
337 5675 462 5748 ἄρα,
487 5678 559 5742 ὡς
600 5678 838 5750 εἴρηται,
879 5677 1113 5748 τοσαύτη
1154 5676 1528 5747 ἀπαραίτητος
1582 5675 1799 5747 ἀνάγκη
1836 5681 2315 5759 παρακολουθήσῃ.

1708 5813 1710 5815 ,
1748 5767 1984 5828 NOTAE.

300 5863 405 5935 (93)
437 5866 636 5936 Χρὴσε
661 5865 775 5934 πρὸ
799 5863 1040 5936 μικροῦ.
1077 5863 1449 5931 Scribeliatur,
1485 5862 1685 5934 χρῆσαι
1710 5880 1770 5916 π.
1806 5881 1865 5934 μ.

542 5963 814 6021 ΡΛτιιοι..
847 5959 965 6019 (in.
1006 5957 1185 6021 CV11.

3058 5968 3140 6030 27
