4040 6298
588 339 693 405 839
791 381 797 387 -
1853 338 2130 404 Ῑ.ΕΟΝ15
2163 340 2632 405 PHILOSOPHT
3765 333 3874 406 840

587 462 819 523 quartus
873 452 1175 525 sagittarii,
1246 453 1452 526 quique
1480 455 1533 511 in
1567 453 1746 513 medio
1796 467 2172 528 sunt,quem-

2277 459 2648 526 κονταράτους
2678 454 2840 522 εἶναι,
2873 455 2964 511 τὸν
2991 456 3046 510 δὲ
3078 456 3260 528 τρίτον
3292 456 3386 512 καὶ
3427 456 3688 527 τέταρτον
3719 454 3871 523 solid-

586 546 884 601 admodum
946 549 1245 605 necessitas
1301 548 1532 621 requirit
1587 551 1827 608 maxime
1886 551 2171 607 instruan-

1990 568 2171 606 .ruan-
2279 566 2396 613 τας,
2426 553 2518 604 καί
2547 551 2674 614 τοὺς
2701 552 2758 604 ὲν
2788 551 2955 621 μέσῳ,
2983 550 3058 615 ὡς
3091 553 3125 622 ἡ
3163 551 3320 624 χρεία
3346 551 3585 604 ἀπαιτεῖ.

590 651 696 694 ιιιτ.

659 730 782 786 118.
837 730 1082 789 Flamula
1141 735 1445 801 hastarum,
1499 733 1962 808 quemadmodum
2006 753 2170 810 supra

2350 741 2473 805 ριη’.
2501 735 2582 790 Τά
2609 736 2668 789 δὲ
2697 736 2986 807 φλάμουλα
3018 736 3126 790 τῶν
3162 735 3463 806 κονταρίων
3493 735 3553 788 ὲν
3585 735 3662 805 τῷ
3691 733 3872 804 καιρῷ

581 824 997 891 admonuimus,
1062 837 1307 898 tempore
1353 831 1474 886 belli
1507 833 1732 887 minime
1765 833 1818 888 in
1847 834 2021 889 hastis
2049 849 2172 888 esse

2275 821 2369 880 τού
2402 828 2638 899 πολέμου
2673 827 2749 900 μὴ
2779 830 2986 898 ἀφίειν,
3006 827 3082 894 ὡς
3117 831 3355 900 εἴρηται,
3381 829 3463 892 είς
3484 827 3552 882 τὰ
3584 827 3865 897 κοντάρια,

581 919 990 989 permittantur,
1017 939 1085 977 ne
1117 923 1288 979 basta:
1340 934 1455 980 tum
1509 927 1575 981 iis
1607 927 1701 996 qui
1771 936 2008 998 gestant,
2053 936 2169 980 tum

2276 916 2365 974 ἵνα
2407 922 2481 991 μὴ
2510 925 2623 985 τοῖς
2654 917 2879 978 ὄπισθεν
2927 923 3023 976 καὶ
3051 921 3237 986 αὐτοῖς
3263 922 3448 992 ἔχουσι
3477 921 3740 990 κοντάρια
3767 919 3868 990 ἐμ-

580 1011 647 1067 iis
668 1016 760 1084 qui
793 1030 821 1069 a
850 1026 999 1086 tergo
1022 1027 1175 1084 sunt,
1210 1029 1324 1074 tum
1353 1023 1517 1077 etiam
1550 1024 1762 1094 sagittis
1794 1023 1848 1078 in
1883 1024 2002 1078 acie
2038 1038 2170 1079 con-

2273 1012 2595 1078 ποδξζωσιν·
2631 1015 2693 1068 ού
2749 1016 2907 1087 μόνον
2955 1013 3033 1083 δὲ,
3083 1015 3221 1071 ἀλλὰ
3265 1017 3362 1070 καὶ
3404 1017 3526 1080 ταῖς
3590 1012 3865 1086 βαλλομέ-

572 1103 737 1171 jectis
766 1107 1154 1176 impedimento
1181 1110 1315 1166 sint.

2272 1123 2393 1171 ναις
2410 1108 2564 1180 παρά
2592 1108 2701 1162 τῶν
2721 1106 2954 1174 τοξοτῶν
2982 1107 3289 1178 σαγίτταις.

648 1196 770 1251 119.
809 1197 1151 1270 Despotatos,
1188 1219 1328 1272 quos
1376 1205 1443 1258 ad
1491 1206 1902 1262 conservandos
1927 1217 1981 1263 et
2008 1224 2168 1263 recn-

2345 1198 2470 1272 ptO'.
2511 1201 2652 1266 Τοὺς
2681 1202 2737 1255 δὲ
2768 1199 3100 1273 λεγομένους
3129 1201 3521 1267 δεσποτάτους,
3562 1202 3746 1267 καθώς
3770 1219 3855 1256 σοι

575 1291 849 1355 perandos
911 1308 1027 1360 eos,
1086 1296 1180 1366 qui
1207 1296 1258 1352 in
1289 1297 1432 1352 bello
1466 1299 1699 1355 sauciati
1750 1310 1929 1366 erant,
1966 1303 2167 1360 milites

2272 1295 2368 1348 καὶ
2415 1293 2725 1364 ἔμπροσθεν
2763 1291 3149 1366 διεταξάμεθα,
3183 1294 3276 1360 οὒς
3306 1296 3388 1359 εἷς
3421 1293 3726 1368 θεραπείαν
3755 1297 3853 1349 καὶ

573 1389 733 1436 antea
764 1384 1257 1451 constituebamus,
1287 1404 1354 1442 ex
1395 1405 1722 1460 unaquaque
1785 1391 2013 1447 cohorte
2047 1409 2164 1458 sex,

2272 1387 2410 1457 πρὸς
2427 1389 2485 1440 τὸ
2518 1387 2819 1452 ἀνασώζειν
2844 1391 2969 1453 τοὺς
3001 1385 3315 1461 πληγάτους
3350 1387 3693 1461 στρατιώτας
3725 1388 3859 1460 ὡρί-

570 1483 665 1529 aut
709 1486 837 1531 octo
875 1493 943 1532 ex
993 1479 1346 1536 dehilissimis
1387 1485 1634 1551 separari
1685 1484 1927 1554 jnhebis,
1981 1496 2040 1540 ut
2077 1483 2165 1540 ubi

2273 1497 2468 1551 σαμεν,
2502 1482 2830 1552 προστάξεις
2861 1482 2948 1536 ἵνα
2996 1479 3120 1536 καθ’
3155 1483 3387 1537 ἕκαστον
3435 1483 3625 1553 τάγμα
3679 1479 3859 1537 αὐτῶν

571 1572 791 1636 tempus
845 1571 1096 1642 requirit,
1145 1575 1239 1644 qui
1266 1575 1318 1629 in
1349 1575 1494 1632 bello
1520 1577 1764 1649 graviter
1787 1578 2164 1647 vulnerantur,

2271 1571 2329 1639 ἒξ
2358 1573 2390 1642 ἢ
2431 1572 2576 1628 ὀκτὼ
2607 1576 2673 1628 ὲκ
2699 1575 2808 1628 τῶν
2837 1571 3244 1648 ὑποδεεστέρων
3280 1575 3640 1647 ἀφορίσωσιν,
3669 1575 3760 1630 ἴνα
3801 1578 3860 1629 ἐν

567 1658 638 1712 ab
663 1659 772 1716 illis
803 1671 1116 1719 serventur.

2271 1665 2447 1736 καιρῷ
2473 1666 2890 1738 περιποιοῦνται
2909 1671 3036 1732 τοὺς
3073 1668 3641 1741 τραυματιζομένους.

645 1752 770 1808 120.
811 1753 935 1809 Duo
1007 1758 1406 1829 speculatores,
1469 1761 1586 1818 sive
1642 1763 2019 1834 exploratores
2045 1765 2163 1822 dili-

2343 1765 2449 1829 ρκ’.
2481 1760 2586 1814 Δύο
2636 1762 2693 1815 δὲ
2743 1762 3150 1834 σκουλκάτορας
3188 1763 3357 1833 ἤγουν
3404 1763 3796 1826 κατασκόπους
3821 1762 3855 1832 ἢ

564 1855 776 1917 gentes,
828 1847 1139 1920 vigilantes,
1183 1867 1247 1908 ac
1295 1856 1503 1910 strenui
1567 1857 1800 1927 eligendi
1848 1870 2013 1927 sunt;
2045 1861 2156 1916 duo

2263 1847 2591 1922 βιγλάτορας
2621 1853 2930 1923 χρησίμους
2957 1854 3054 1907 καὶ
3087 1853 3406 1925 ἀγρύπνους
3439 1850 3538 1908 καὶ
3573 1849 3855 1924 ἀνδρείους

567 1950 829 2008 prmterea
883 1945 1258 2010 mandatores,
1292 1956 1345 2002 et
1400 1949 1782 2006 contuberniis
1829 1952 1993 2007 etiam
2045 1954 2156 2008 duo

2259 1939 2631 2009 ἐπιλέγεσθαι,
2689 1943 2783 1997 καὶ
2837 1944 2932 1997 δύο
2997 1943 3363 2014 μανδάτορας.
3403 1942 3741 2014 ’Ᾱφορίσωσι
3799 1945 3854 1998 δὲ

561 2034 667 2089 viri
723 2036 1018 2107 eligantur,
1042 2039 1137 2108 qui
1177 2039 1303 2096 belli
1336 2049 1579 2112 tempore
1599 2043 1839 2099 bandum
1863 2044 2154 2116 diligenter

2257 2030 2353 2085 καὶ
2381 2033 2448 2084 ἐκ
2497 2031 2608 2088 τῶν
2658 2033 2741 2098 είς
2780 2034 2883 2098 τὰς
2937 2035 3103 2097 ἀκίας
3131 2035 3492 2106 τασσομένων
3521 2035 3617 2088 δύο
3645 2035 3849 2106 ἄνδρας

561 2124 898 2182 custodiant.

2257 2125 2563 2197 χρησίμους
2599 2127 2681 2192 εἰς
2724 2127 2974 2200 φυλακὴν
3019 2127 3116 2183 τοῦ
3151 2128 3339 2200 βάνδου
3371 2129 3430 2181 ἑν
3463 2129 3644 2201 καιρῷ
3694 2129 3852 2183 πολέ-

2299 2235 2384 2272 Ου.

630 2306 755 2364 121.
775 2307 1057 2367 Cantator
1109 2310 1340 2370 idoneus
1370 2323 1536 2387 atque
1577 2314 1843 2388 eloquens
1875 2332 2020 2373 unus
2050 2317 2152 2374 ali-

2299 2235 2384 2272 ου.

2258 2235 2298 2289 μ
2327 2307 2471 2382 ρκα’.
2505 2309 2732 2377 Πάντως
2783 2311 2841 2366 δὲ
2890 2313 2984 2368 καὶ
3041 2313 3132 2367 τὸν
3193 2313 3486 2384 λεγόμενον
3539 2315 3853 2386 καντάτορα

559 2402 688 2471 quis
732 2402 1019 2472 eligendus
1067 2413 1190 2472 est,
1241 2410 1336 2478 qui
1373 2408 1491 2479 ipso
1558 2408 1613 2464 in
1665 2410 1867 2479 prtelio
1919 2419 2149 2466 exacuat

2256 2403 2601 2474 ἐπιλέγεσθαι
2647 2405 2955 2478 ἐπιτήδειον
2986 2408 3080 2461 καὶ
3113 2407 3293 2476 λόγιον
3324 2407 3423 2463 ἕνα
3476 2411 3851 2482 στρατιώτην,

558 2502 725 2564 atque
751 2493 940 2552 incitet
973 2497 1208 2554 militum
1234 2501 1472 2564 animos,
1505 2509 1560 2557 et
1595 2503 1845 2558 suasoria
1896 2505 2148 2560 oratione

2254 2495 2345 2550 καὶ
2375 2495 2636 2568 ἀφορίσαι
2692 2495 2833 2550 ὥστε
2887 2498 2944 2550 ὲν
2991 2499 3179 2561 αὐτοῖς
3211 2501 3321 2562 τοῖς
3355 2499 3531 2568 ἀγῶσι
3587 2501 3849 2570 περιτρέ-

558 2585 625 2640 ad
681 2587 1019 2645 alacritatem
1061 2601 1114 2648 et
1164 2594 1519 2663 cupiditatem
1563 2595 1825 2664 bellandi,
1881 2597 2145 2669 quemad-

2256 2605 2412 2659 κοντα
2457 2591 2786 2662 κατῑπᾲδειν
2815 2589 2894 2662 τῷ
2931 2590 3151 2662 στρατῷ
3175 2590 3271 2646 τοῦ
3300 2592 3602 2664 τάγματος,
3651 2595 3751 2648 καὶ
3777 2594 3851 2647 δι-

555 2681 783 2737 nrodum
821 2698 990 2755 supra
1012 2687 1332 2755 memoravi,
1365 2703 1557 2746 omnes
1587 2688 1907 2747 inﬂammet.

2254 2683 2484 2755 ιγείρειν
2535 2685 2616 2748 είς
2657 2682 2994 2771 ,προθυμίαν
3021 2683 3110 2756 διὰ
3172 2686 3591 2757 προτρεπτικῶν
3642 2687 3849 2756 λόγων,

2245 2777 2387 2832 κατά
2419 2775 2511 2832 τὸν
2547 2778 2722 2832 τύπον
2757 2778 2926 2850 ὅνπερ
2955 2794 3039 2832 σοι
3068 2777 3578 2850 προδιωρισάμεθα.

621 2861 747 2918 122.
780 2864 996 2937 Magnis
1020 2869 1073 2922 in
1107 2869 1430 2926 cohortibus
1480 2871 1591 2928 duo
1633 2872 1812 2930 banda
1852 2884 1981 2933 ante
2013 2877 2143 2934 belli

2317 2870 2458 2942 ρκβ’.
2494 2862 2830 2925 Ποιείτωσαν
2863 2871 2921 2924 δὲ
2965 2873 3024 2925 ὲν
3088 2873 3202 2935 τοῖς
3254 2871 3518 2942 μεγάλοις
3560 2873 3849 2943 τάγμασιν

557 2957 701 3010 diem
727 2958 880 3023 tiant,
907 2960 1138 3016 alterum
1160 2964 1399 3032 priel'ecti
1419 2965 1690 3032 cohortis,
1710 2967 1761 3024 id
1787 2979 1873 3024 est
1897 2970 2140 3035 comitis,

2254 2963 2340 3017 καὶ
2363 2962 2534 3018 διπλᾶ
2564 2963 2732 3035 βάνδα
2766 2963 2864 3017 καὶ
2894 2964 3000 3035 πρὸ
3020 2961 3116 3017 τοῦ
3145 2963 3387 3035 πολέμου
3409 3003 3424 3029 ,
3453 2964 3514 3017 τδ
3548 2964 3649 3032 μὲν
3671 2961 3731 3018 ἓν
3753 2965 3849 3019 τὸν

553 3047 782 3102 alterum
812 3050 971 3118 primi
1000 3054 1362 3110 centurionis.
1393 3055 1514 3125 Ipso
1545 3064 1728 3113 autem
1765 3059 1891 3114 belli
1916 3060 2006 3116 die
2030 3076 2137 3117 non

2258 3056 2484 3130 ίρχοντα
2508 3057 2654 3129 ἔχειν
2686 3057 2781 3112 τοῦ
2830 3058 3134 3128 τάγματος,
3164 3057 3222 3112 τδ
3249 3057 3307 3112 δὲ
3334 3057 3462 3112 ἄλλο
3488 3059 3580 3112 τὸν
3619 3059 3853 3130 πρῶτον

549 3140 661 3194 duo
713 3152 995 3210 gestemur
1073 3155 1170 3201 aut
1230 3147 1556 3220 erigantur,
1620 3151 1717 3207 sed
1775 3152 1990 3210 comitis
2047 3168 2138 3210 so-

550 3232 661 3258 In...

2253 3151 2672 3223 ἑκατοντάρχην.
2721 3151 2810 3206 Ἐν
2843 3152 2900 3206 δὲ
2928 3153 2996 3223 τῇ
3031 3151 3221 3225 ἡμέρᾳ
3263 3149 3357 3206 τοῦ
3391 3152 3632 3223 πολέμου
3667 3153 3743 3223 μή
3778 3155 3848 3207 τὰ

548 3232 684 3286 lum.
2164 3232 2206 3258 ν
2239 3244 2333 3300 δύο
2376 3245 2740 3316 βαστάζεσθαι
2785 3246 2904 3316 ἦτοι
2953 3244 3271 3318 ὀρθοῦσθαι,
3307 3244 3447 3299 ἀλλά
3481 3243 3544 3298 τὸ
3588 3244 3686 3298 τοῦ
3733 3246 3843 3316 ἀρ-

2239 3353 2426 3408 χοντος
2457 3339 2640 3408 μόνον.

607 3413 731 3470 ωδ.
768 3413 891 3485 lpso
942 3417 1068 3472 belli
1101 3418 1190 3474 die
1236 3421 1611 3493 unusquisque
1643 3423 1802 3480 miles
1850 3433 2025 3496 gestet
2065 3423 2132 3481 ad

2316 3437 2456 3502 ρκγθ.
2492 3429 2616 3502 Χρὴ
2644 3424 2738 3485 οὖν
2761 3431 2857 3485 καὶ
2895 3432 2955 3484 ὲν
2988 3433 3054 3502 τῇ
3088 3431 3272 3503 ἡμέρᾳ
3295 3431 3392 3485 τοῦ
3419 3431 3662 3500 πολέμου
3704 3431 3842 3485 ἕκα-

543 3509 730 3562 sellam
772 3525 928 3565 suam
1003 3526 1196 3567 secum
1249 3528 1451 3584 aquam
1486 3517 1539 3570 in
1574 3517 1858 3586 phlasciis,
1884 3528 1940 3574 et
1969 3535 2131 3590 paxa—

2247 3542 2361 3580 nov
2388 3523 2731 3595 στρατιώτην
2767 3526 2826 3578 ὲν
2855 3527 2976 3590 ταῖς
3013 3524 3230 3588 σέλλαις
3257 3523 3441 3578 αὐτῶν
3471 3525 3842 3596 ἐπιφέρεσθαι

542 3603 808 3669 madium,
841 3604 890 3658 id
917 3613 1001 3658 est
1029 3605 1351 3669 biscoctum.
1379 3609 1432 3662 in
1461 3609 1819 3683 Bellopungio,
1862 3621 1916 3668 et
1945 3614 2132 3669 larium

2243 3617 2380 3688 ὕδωρ
2435 3618 2515 3681 εἰς
2560 3617 2629 3671 τὰ
2673 3616 2948 3688 λεγόμενα
2987 3619 3252 3688 φλασκία,
3282 3619 3375 3673 καὶ
3427 3619 3748 3690 παξαμάτιν
3775 3622 3838 3674 ὲν

542 3711 707 3750 unam
737 3706 900 3766 atque
928 3698 1154 3752 alteram
1189 3698 1406 3765 libram,
1446 3709 1504 3755 ut
1541 3705 1853 3759 necessario
1887 3714 2131 3775 tempore

2244 3711 2312 3782 τῷ
2337 3709 2768 3779 σελλοπουγγίῳ,
2801 3710 2899 3764 καὶ
2915 3710 3148 3782 ἄλευρον
3175 3711 3305 3782 μίαν
3329 3710 3361 3782 ἢ
3387 3711 3482 3764 καὶ
3505 3711 3600 3765 δύο
3614 3713 3839 3784 λίτρας,

541 3787 656 3842 hmo
704 3789 940 3844 habeant
1004 3790 1074 3845 ad
1131 3792 1587 3849 refocillationem
1642 3805 1698 3850 et
1731 3799 2128 3854 rccreationem

2238 3801 2374 3856 ὥστε
2441 3803 2587 3874 ἔχειν
2638 3803 2699 3856 ὲν
2749 3803 2997 3874 ἀνάγκης
3031 3803 3212 3876 καιρῷ
3240 3803 3336 3857 καὶ
3373 3805 3590 3869 ἑαυτοῖς
3619 3806 3700 3869 εις
3734 3806 3833 3858 εὑ-

540 3883 627 3938 sui
659 3891 825 3954 atque
856 3884 1116 3949 aliorum,
1146 3886 1240 3955 qui
1275 3885 1330 3940 in
1385 3887 1624 3958 aliquam
1652 3891 1820 3944 animi
1865 3890 2129 3947 defectio-

2239 3895 2432 3966 ψυχίαν
2481 3897 2578 3950 καὶ
2616 3887 3005 3966 παραμυθίαν,
3041 3898 3141 3951 καὶ¹
3168 3895 3405 3968 ἑτέροις,
3439 3897 3518 3960 ὡς
3545 3897 3718 3966 εἰκὸς,
3747 3897 3834 3961 εἰς

537 3989 687 4040 nem,
732 3985 824 4031 aut
855 3979 1184 4034 valetudinis
1211 3979 1581 4037 inﬁrmitatem
1619 3983 1890 4040 incidunt.

1546 3999 1581 4037 n
1619 3983 1890 4040 incidunt.
2229 3989 2328 4058 τὴν
2356 3988 2465 4042 ἀπὸ
2495 3989 2789 4060 ὀλιγωρίας
2818 3989 3141 4062 ἀνάκτησιν.

608 4069 732 4126 124.
765 4070 1033 4143 Tempore
1065 4074 1266 4143 prmlii,
1298 4085 1356 4130 ut
1385 4088 1725 4148 cognoscant
1759 4081 1962 4138 milites
1999 4093 2126 4138 ante

2305 4079 2438 4151 ρκδ’.
2487 4081 2575 4134 Ἐν
2608 4081 2664 4134 δὲ
2699 4081 2875 4154 καιρῷ
2910 4083 3091 4154 μάχης
3142 4081 3228 4135 ἵνα
3261 4079 3609 4151 γινώσκωσιν
3633 4083 3714 4136 ὅτι
3762 4083 3835 4137 οὔ

535 4162 663 4219 belli
697 4165 903 4220 exitum
938 4168 1212 4224 nemiuem
1249 4170 1592 4240 spoliandum
1628 4189 1770 4241 esse,
1795 4175 1993 4246 saepius
2025 4176 2127 4231 hoc

2238 4173 2311 4228 δεῖ
2363 4173 2702 4246 στρατιώτην
2753 4175 2860 4246 πρὸ
2923 4176 3026 4245 τῆς
3083 4174 3366 4238 ἐκϐάσεως
3424 4175 3522 4230 τοῦ
3585 4176 3833 4247 πολέμου

535 4257 802 4313 militibus
834 4258 1158 4316 inculcetur.

2238 4267 2512 4322 ςκυλεύειν
2556 4269 2771 4342 ἐχθρὸν,
2816 4267 3098 4324 καὶτοῦτο
3149 4267 3412 4333 πολλάκις
3471 4271 3656 4333 αὐτοις
3691 4287 3833 4341 προ-

2229 4363 2619 4432 παραγγελεῖς.

604 4437 728 4493 125.
753 4437 810 4492 ln
827 4438 1016 4495 itinere
1035 4439 1304 4508 faciendo,
1326 4443 1558 4513 tuldum,
1575 4445 1688 4500 sive
1707 4445 2121 4517 impedimenta,

2240 4380 2619 4434 παραγγειεις.

2299 4464 2434 4530 ρκε¹.
2468 4459 2562 4523 Εἰς
2597 4458 2653 4512 δὲ
2687 4460 2783 4524 τὰς
2827 4459 3143 4529 ὁδοιπορίας
3200 4459 3276 4532 μὴ
3315 4459 3835 4531 ωγκαταμιγψᾶειν

529 4547 655 4586 cum
721 4531 990 4589 militibus
1048 4535 1489 4603 permiscendum
1561 4554 1667 4593 non
1697 4550 1801 4603 est,
1870 4541 2121 4597 hostibus

2240 4548 2370 4621 μετά
2429 4550 2524 4604 τοῦ
2577 4551 2800 4606 τούλδου
2843 4552 2974 4615 τοὺς
3040 4552 3402 4623 στρατιώτας,
3437 4554 3532 4606 καὶ
3581 4553 3835 4623 μάλιστα

527 4625 834 4694 praesertim
896 4627 1330 4694 imminentibus,
1367 4630 1462 4686 sed
1495 4633 1813 4701 separatim,
1852 4644 1904 4687 et
1929 4635 2121 4689 cohor-

2238 4642 2439 4714 ἐχθρῶν
2489 4643 2998 4715 προσδοκωμένων,
3039 4645 3177 4699 ἀλλά
3215 4645 3277 4698 τὸ
3312 4645 3412 4716 μὲν
3461 4644 3651 4716 βάνδον
3721 4646 3833 4716 ἔμ-

527 4725 633 4772 tem
683 4717 922 4788 aliquam
972 4726 1095 4788 post
1140 4719 1349 4774 tuldum
1411 4731 1744 4791 separatam,
1803 4731 1897 4775 aut
1953 4724 2114 4778 aliter

2228 4736 2461 4809 προσθεν
2499 4737 2666 4803 ἰδίως,
2700 4739 2764 4791 τὸ
2788 4739 2844 4792 δὲ
2876 4739 3095 4792 τοῠλδον
3133 4739 3360 4793 ὄπισθεν
3405 4740 3439 4811 η
3490 4739 3588 4793 καὶ
3641 4739 3726 4802 ὡς
3786 4743 3823 4811 ὴ

525 4810 716 4875 etiam,
750 4811 796 4866 si
828 4811 1051 4882 quando
1074 4811 1124 4866 id
1153 4827 1289 4868 usus
1318 4812 1521 4884 exigat,
1567 4815 2031 4884 quemadmodum
2061 4816 2115 4871 in

2236 4829 2378 4901 (ρεία
2414 4828 2654 4895 καλέσοι,
2690 4828 2874 4894 καθὼς
2918 4832 3012 4885 καὶ
3061 4831 3121 4885 ὲν
3153 4831 3231 4904 τῷ
3279 4810 3538 4904 περὶτοῦ
3587 4810 3831 4886 τούλδου

528 4903 708 4972 capite
769 4902 1014 4960 detuldo
1074 4915 1234 4960 antea
1297 4906 1631 4961 mentionem
1703 4905 1960 4964 fecimus.
1990 4907 2115 4965 llaec

2235 4921 2352 4992 ίιμῖν
2382 4921 2665 4994 κεφαλαίῳ
2700 4923 2939 4994 εἴρηται.
2992 4902 3380 4995 Ταῦτα-ειπερ
3438 4943 3520 4978 σοι
3563 4925 3830 4992 διεταξά-

525 5009 649 5064 quaa
667 5010 770 5051 nos
797 4994 892 5052 tibi
915 4997 1284 5068 praecipimus,
1311 5007 1365 5054 tu
1400 4999 1594 5054 iterum
1630 5000 1861 5070 singulis
1892 5003 2114 5057 comiti-

2222 5014 2384 5086 μεθα,
2439 5017 2536 5070 καὶ
2589 5016 2753 5079 αὐτὸς
2803 5017 3017 5088 ἑκάστῳ
3044 5018 3246 5089 κόμητι
3282 4994 3378 5073 καὶ
3433 5019 3817 5088 δρουγγαρίῳ,

528 5089 653 5158 bus,
683 5098 738 5146 et
770 5089 1104 5161 drungariis,
1167 5099 1222 5147 et
1280 5094 1610 5148 turmarchaa
1668 5094 1964 5165 unicuique
2017 5111 2114 5151 co-

2228 5108 2359 5163 ἀλλά
2415 5110 2511 5187 καὶ.
2541 5109 2867 5182 τουρμάρχῃ
2923 5111 3067 5174 ἰδίως
3117 5111 3212 5166 καὶ
3263 5109 3664 5182 προγινώσκειν
3717 5113 3823 5166 καὶ

531 5185 843 5254 gnoscenda
895 5194 950 5242 et
981 5187 1318 5243 conficienda
1345 5187 1522 5253 dabis,
1566 5197 1733 5260 atque
1767 5190 1930 5246 etiam
1996 5192 2114 5261 ipse

2042 5206 2114 5247 ise
2165 5266 2172 5272 _
2217 5185 2610 5255 ἑπιτελεῖνκαὶ
2643 5200 3016 5272 παραγγελεῖς
3049 5202 3143 5255 καὶ
3171 5200 3637 5272 παρασκευάσεις.

525 5284 792 5350 quantum
815 5289 968 5349 potes
991 5278 1059 5334 ad
1094 5279 1284 5336 eadem
1320 5295 1415 5337 eos
1485 5282 1864 5340 exhortaberis
1888 5292 1941 5340 et
1971 5299 2112 5355 prae-
2165 5266 2172 5274 ’

523 5369 766 5442 parabis.

591 5463 719 5520 126.
745 5463 1050 5524 Occasione
1076 5477 1239 5540 atque
1273 5468 1683 5540 opportunitate
1733 5469 1789 5525 in
1824 5469 1966 5527 bello
1993 5471 2110 5529 ido-

2285 5483 2436 5546 ρκς-’.
2495 5475 2586 5529 ω
2639 5475 2695 5528 δε
2734 5467 3120 5546 κελεύομεν,ὧ
3175 5470 3471 5544 στρατηγέ,
3523 5470 3666 5524 ὥστε
3701 5471 3816 5542 ἁρ-

523 5573 627 5616 nee
688 5561 884 5619 utaris.
945 5561 1190 5618 Primum
1259 5574 1441 5620 autem
1480 5565 1752 5634 ejusmodi
1785 5566 2107 5623 occasiones

2218 5569 2414 5641 μοδίως
2463 5568 2765 5641 κεχρῆσθαι
2816 5571 2928 5632 τοῖς
2959 5569 3171 5639 καιροῖς
3203 5568 3263 5619 ὲν
3290 5567 3411 5628 ταῖς
3446 5565 3673 5635 μάχαις,
3705 5566 3813 5618 καὶ

521 5651 740 5722 vitabis,
770 5669 836 5710 ex
863 5653 1064 5728 quibus
1125 5653 1457 5714 oﬂensioncs
1504 5657 1630 5713 belli
1675 5673 1796 5718 esse
1850 5671 2102 5730 possunt.

2220 5662 2478 5735 πρότερον
2512 5663 2613 5733 μὲν
2663 5661 3026 5732 φυλάττεσθαί
3080 5678 3138 5715 σε
3181 5659 3282 5724 τὰς
3335 5656 3592 5729 ἀφορμὰς
3621 5657 3687 5710 δι’
3723 5650 3815 5711 ὧν

519 5744 718 5803 Iisdem
769 5749 961 5808 deinde
1011 5760 1066 5806 tu
1117 5750 1504 5809 occasionibus
1558 5753 1826 5810 adversus
1914 5755 2105 5812 hostes

2218 5755 2268 5808 ai
2305 5753 2502 5824 βλάϐαι
2533 5754 2683 5824 παρά
2730 5755 2838 5809 τῶν
2869 5754 3080 5826 ἐχθρῶν
3129 5752 3488 5821 συμϐαίνουσι
3523 5749 3813 5819 γίνεσθαι.

521 5840 716 5896 utaris.
2224 5845 2320 5899 καὶ
2351 5845 2474 5899 τότε
2509 5844 2598 5899 διὰ
2640 5845 2749 5900 τῶν
2786 5846 3044 5900 τοιούτων
3075 5842 3342 5916 ἀφορμῶν
3387 5843 3527 5898 κατὰ
3566 5841 3676 5897 τῶν
3706 5843 3814 5914 ἑχ-

2214 5939 2360 6012 θρῶν
2384 5941 2670 6012 ἐγχειρεῖν.
