4020 6312
151 395 251 460 εει

1184 390 1525 453 TACTICA.
1566 412 1634 425 -·-
1664 385 2173 449 CONSTITUTIO
2212 383 2356 446 XII.

3327 377 3432 445 81.2

227 502 365 577 pxC.
420 500 531 556 Καὶ
581 497 691 573 πρὸ
728 499 949 555 πάντων
994 497 1113 553 δέον
1171 516 1231 552 σε
1269 491 1394 563 ’τὰς
1443 497 1595 569 παρὰ
1624 496 1735 550 τῶν

1912 493 2036 549 197.
2092 494 2231 550 Ante
2285 492 2471 549 omnia
2504 490 2578 548 ab
2606 488 2861 547 hostibus
2911 489 3132 546 molitas
3186 503 3250 546 ac
3281 502 3438 546 strui.

152 600 417 655 ἐναντίων
449 593 837 668 μελετωμένας
881 593 1105 665 ἐνέδρας
1141 592 1372 663 ἐρεῡνᾷν
1402 591 1492 645 διὰ
1538 588 1743 660 βιεγλῶν

152 691 382 746 πυκνῶν
414 688 557 742 κατά
586 688 699 742 τῶν
745 687 1035 758 τεσσάρων
1073 687 1257 757 μερῶν
1284 683 1380 740 τοῦ
1408 685 1575 737 τόπου
1613 682 1744 737 ἔνθα

151 785 185 853 ἡ
217 781 526 855 παράταξις
570 782 803 849 γίνεται,
835 780 933 833 καὶ
985 779 1291 851 ἀπέχεσθαι
1346 776 1457 831 τῶν
1489 775 1743 831 ἀτάκτων

150 876 245 930 καὶ
269 874 719 946 ἐσκορπισμένων
746 872 1003 939 διώξεων.
1590 932 1596 940 _

223 978 367 1042 ρκηῗ.
430 971 729 1039 Προπετεῖς
772 968 1119 1040 ἐγχειρήσεις
1163 964 1253 1021 διὰ
1298 963 1528 1020 σεαυτοῦ
1568 963 1746 1018 ποιεῖν

146 1064 251 1120 οὐκ
306 1062 679 1135 ἐπιτρέπομεν
714 1081 819 1130 σοι,
872 1062 1007 1118 ἀλλὰ
1052 1061 1143 1116 διὰ
1187 1059 1297 1116 τῶν
1346 1058 1620 1133 ἀρμοδίων
1651 1057 1747 1128 ἀρ-

147 1158 357 1230 χόντων
380 1158 555 1213 ταῦτα
577 1157 844 1226 γίνεσθαι.
886 1156 1013 1211 Ἐὰν
1051 1156 1152 1226 μὲν
1180 1154 1291 1224 γάρ
1325 1154 1389 1207 ἐκ
1421 1152 1532 1206 τῶν
1568 1152 1743 1208 ἄλλων

149 1249 438 1320 ἀρχόντων
499 1249 861 1319 παράπτωμα
910 1246 943 1317 ἢ
997 1244 1228 1315 ἀστοχία
1279 1243 1528 1315 γένηται,
1593 1241 1743 1296 ἐστιν

148 1341 309 1405 ἐλπὶς
359 1342 626 1411 σύντομος
677 1338 1137 1413 ἐπανορθώσεως
1173 1338 1223 1391 εί
1249 1338 1306 1392 δέ
1333 1340 1361 1391 ό
1390 1336 1608 1408 πρῶτος
1645 1333 1741 1388 τοῦ

150 1434 391 1506 στρατοῦ
431 1435 665 1507 πταίσῃ,
723 1434 994 1505 ἀναρχίας
1024 1432 1300 1506 πρόφασις
1324 1433 1359 1503 ή
1397 1430 1590 1485 τούτου
1620 1428 1740 1484 διά⁴

150 1542 362 1589 πτωσις
384 1524 619 1593 γίνεται.

222 1620 363 1690 ρκθ⁸.
421 1619 589 1687 Σοφὸς
622 1618 679 1673 δέ
721 1616 1028 1690 στρατηγὸς
1075 1614 1170 1670 καὶ
1201 1615 1423 1685 ἀριστος
1454 1614 1483 1669 ό
1509 1612 1614 1686 πρὸ
1644 1610 1740 1666 τοῦ

142 1712 395 1782 πολέμου
435 1711 506 1765 τά
548 1712 657 1765 τῶν
688 1711 900 1783 ἐχθρῶν
937 1706 1408 1779 πολυπραγμονῶν
1460 1707 1555 1759 καὶ
1606 1705 1741 1777 πρὸς

144 1798 245 1874 μὲν
282 1806 351 1859 τά
393 1805 850 1877 πλεονεκτήματα
907 1802 1086 1857 αὐτῶν
1142 1801 1569 1873 φυλαττόμενος,
1606 1799 1742 1871 πρὸς

1847 600 1964 645 ctas
1990 587 2220 645 insidias
2254 587 2507 657 explores
2535 600 2635 657 per
2665 582 2935 641 excubias
2957 592 3193 654 quatuor
3221 582 3277 638 in
3304 598 3435 653 par-

1848 681 1996 738 tibus
2053 680 2191 737 aciei
2222 681 2541 737 collocatas.
2583 680 2668 734 Ab
2695 676 2846 733 omni
2875 685 3057 732 autem
3091 674 3322 733 confusa
3379 683 3437 731 et

1846 773 2118 847 dissipata
2145 774 2506 832 insectatione
2541 771 2783 829 hostium
2818 770 3208 829 abstinendum
3239 771 3294 827 in
3317 770 3436 842 pri-

1846 868 1954 925 mis
1990 878 2093 925 est.

1920 963 2045 1020 128.
2085 962 2418 1020 Temerarite
2480 970 2646 1034 atque
2691 961 2930 1019 audaces
2963 975 3148 1017 rerum
3201 974 3429 1031 aggres-

1847 1058 2033 1115 siones
2064 1059 2162 1115 abs
2186 1069 2239 1114 te
2267 1058 2493 1113 minime
2519 1056 2880 1127 suscipiendae
2910 1064 3061 1119 sunt,
3086 1054 3179 1110 sed
3204 1055 3273 1108 ab
3304 1054 3428 1108 aliis

1846 1152 2177 1222 quibusdam
2213 1152 2423 1207 idoneis
2448 1150 2741 1223 praefectis.
2776 1148 2834 1204 Si
2861 1148 3010 1204 enim
3045 1147 3231 1217 aliqua
3255 1145 3430 1200 oli‘enc

1847 1246 1931 1302 sio
1999 1255 2095 1302 aut
2144 1246 2329 1319 gravis
2378 1261 2545 1301 casus
2583 1245 2692 1300 illis
2733 1242 3037 1314 contingat,
3094 1240 3279 1309 aliqua
3307 1254 3435 1309 spes

1845 1350 1929 1396 est
1949 1342 2067 1412 ejus
2110 1340 2428 1407 reﬁciendi;
2465 1340 2551 1393 sin
2582 1338 2914 1409 przecipuus,
2946 1345 3002 1391 et
3052 1333 3435 1391 nobilissimus

1846 1433 1901 1487 in
1936 1433 2181 1489 exercitu
2216 1432 2422 1503 aliquid
2478 1431 2793 1502 hujusmodi
2818 1438 3121 1500 pateretur,
3156 1426 3434 1499 ejusmodi

1845 1525 2077 1581 offensio
2112 1542 2338 1597 magnas
2364 1526 2807 1596 perturbationes
2838 1523 3142 1578 inveheret.

1917 1618 2041 1674 129.
2094 1618 2342 1675 Prudens
2365 1631 2419 1674 et
2469 1620 2906 1688 circumspectus
2956 1616 3258 1686 imperator
3309 1625 3437 1670 ante

1845 1711 2048 1767 bellum
2068 1712 2123 1767 in
2159 1728 2248 1769 res
2279 1712 2522 1767 hostium
2552 1711 2842 1782 diligenter
2872 1710 3190 1776 intuebitur,
3216 1717 3266 1765 et
3298 1723 3438 1779 prae-

1846 1804 1985 1860 sidia
2021 1805 2224 1875 quibus
2262 1804 2507 1860 abundat
2554 1805 2749 1860 sedulo
2779 1803 2992 1867 vitabit,
3052 1801 3304 1857 delectus
3338 1817 3436 1855 au—

142 1897 198 1947 δὲ
246 1898 316 1951 τὰ
350 1897 716 1967 ὑστερήματα
748 1896 1196 1966 ἐπιϐαλλόμενος,
1230 1888 1341 1949 οἷον
1370 1894 1446 1957 ὡς
1480 1895 1539 1946 ἐν
1571 1910 1744 1963 κεφα-

1868 1913 1957 1952 .em
2000 1913 2131 1953 suos
2182 1906 2449 1967 quantum
2472 1903 2656 1967 potest
2691 1896 2912 1950 vexabit
2940 1912 2955 1951 ε
2989 1904 3048 1949 ut
3080 1894 3234 1949 verbi
3266 1910 3437 1950 causa

149 1989 287 2061 λαίῳ
321 1992 525 2054 εἰπεῖν,
568 1990 709 2063 ὑπὲρ
743 1990 803 2043 σέ
853 1989 1255 2060 καϐαλλαρίους
1310 1987 1421 2058 ἔχει
1476 1988 1504 2040 ὁ
1556 1984 1747 2056 ἐχθρὸς

151 2082 432 2149 πλείονας,
469 2084 587 2137 δέον
621 2101 680 2136 σε
708 2082 808 2146 τὰς
841 2082 1044 2152 βοσκὰς
1065 2067 1351 2152 ἀφανίζειν
1410 2080 1501 2134 διὰ
1532 2080 1591 2132 τὸ
1622 2081 1748 2142 τοὺς

151 2176 353 2241 ῐππους
392 2177 645 2246 δαπάνης
672 2178 942 2246 ὑστερεῖν·
978 2177 1073 2230 ἐὰν
1106 2176 1164 2229 δέ
1191 2178 1271 2239 είς
1297 2174 1503 2244 πλῆθος
1536 2172 1749 2243 ἀνδρῶν

153 2270 478 2343 πλεονεκτῇ,
507 2271 606 2334 τὰς
658 2270 851 2324 τούτου
878 2270 1128 2333 δαπάνας
1162 2268 1511 2341 περίστελλε,
1544 2267 1576 2340 ἢ
1602 2264 1745 2337 ἁφάη

153 2364 295 2429 νίζε.

223 2458 324 2529 ρλθ.
377 2458 509 2512 Ἐἀν
539 2457 598 2512 δὲ
629 2456 739 2512 ἀπὸ
766 2456 1042 2529 διαφόρων
1064 2455 1238 2511 ἐθνῶν
1262 2456 1615 2534 συνέστηκεν,
1648 2457 1750 2512 δώ-

157 2567 270 2626 ροις
296 2552 396 2609 καὶ
422 2551 760 2625 χαρίσμασιν
792 2553 888 2607 καὶ
912 2549 1269 2624 ἐπαγγελίαις
1302 2550 1599 2609 ύπονόθευε
1619 2555 1748 2622 τοὺς

155 2646 251 2701 σὺν
269 2645 444 2721 αὐτῷ.

227 2737 367 2809 ρλα’.
419 2738 548 2793 Ἐἀν
606 2738 666 2793 δὲ
725 2738 904 2813 μάθῃς
953 2739 1033 2794 ὅτι
1082 2738 1335 2805 ἐναντίας
1380 2740 1481 2807 τάς
1522 2743 1749 2813 γνώμας

154 2832 291 2903 πρὸς
321 2833 565 2905 ἀλλήλας
586 2833 803 2905 ἔχουσιν
833 2835 881 2889 οί
899 2834 1108 2906 ἐχθροὶ,
1137 2828 1264 2898 τοὺς
1288 2835 1540 2907 πρώτους
1562 2839 1747 2892 αὐτῶν

158 2927 570 2999 μεταχειρίζου.

226 3020 362 3092 ρλβ’.
397 3021 728 3094 Κονταρίοις
774 3022 1006 3094 μάχεται
1056 3022 1120 3078 τὸ
1169 3022 1358 3093 ἔθνος;
1404 3025 1486 3091 είς
1534 3025 1746 3097 δυσχω-

158 3113 279 3185 ρίας
301 3117 442 3170 αὐτὸ
474 3116 794 3189 προσκαλοῦ
829 3118 923 3172 ἐπὶ
956 3119 1159 3190 μάχην.

231 3204 370 3275 ρλγ’.
422 3208 552 3262 Ἐὰν
584 3208 643 3262 δὲ
691 3208 906 3275 τοξόται
939 3210 1098 3276 εἰσὶν,
1134 3210 1215 3274 είς
1249 3210 1507 3281 κάμπους
1539 3211 1743 3267 τάσσε-

158 3294 283 3349 σθαι
306 3297 533 3364 αὐτοὺς,
566 3299 659 3353 καὶ
689 3300 789 3371 τὴν
819 3301 884 3354 ἐκ
914 3300 1095 3371 χειρὸς
1127 3302 1312 3373 μάχην
1340 3304 1637 3358 ποιεῖσθαι.

229 3482 360 3551 ρλδ’.
404 3481 537 3537 Ἐάν
590 3481 648 3536 δὲ
699 3482 1026 3551 ἀφυλάκτως
1072 3482 1539 3557 ὀδοιποροῦσιν,ἢ
1585 3484 1748 3540 ἀπλιο

158 3575 411 3631 κεύουσιν
443 3577 503 3630 ἐν
537 3576 694 3630 νυκτὶ
718 3577 752 3648 ἢ
782 3577 840 3630 ἐν
868 3577 1076 3650 ήμέρᾳ,
1112 3576 1323 3642 τούτοις
1351 3578 1632 3653 ἀδοκήτως
1661 3581 1751 3633 ἐν-

156 3668 361 3740 ἐδρευε.

230 3763 358 3833 pls’.
412 3764 542 3819 Ἐάν
580 3764 640 3819 δὲ
682 3764 928 3837 θρασέως
974 3763 1072 3819 καὶ
1114 3764 1368 3831 ἀτάκτως
1414 3766 1517 3832 τάς
1567 3767 1752 3840 μάχας

159 3859 462 3926 ποιοῦνται,
498 3862 594 3915 καὶ
633 3859 729 3914 τοῦ
770 3859 1105 3915 κακοπαθεῖν
1155 3859 1374 3931 ἄπειροί
1429 3861 1589 3926 είσιν,
1620 3879 1752 3933 σχη-

162 3954 385 4022 ματίζου
438 3954 538 4024 μὲν
576 3954 774 4019 αὐτοὺς
818 3956 895 4019 ὡς
926 3954 1065 4025 πρὸς
1114 3954 1412 4027 συμϐολὴν,
1448 3956 1751 4013 ἀναϐάλλου

158 4043 333 4105 δὲκαὶ
366 4050 662 4122 παράσυρε
704 4050 898 4121 μέχρις
948 4041 1009 4103 οὗ
1062 4050 1123 4105 τὸ
1157 4050 1278 4116 ζέον
1306 4051 1401 4106 τοῦ
1437 4050 1611 4123 θυμοῦ
1663 4053 1753 4109 ἐν·

158 4137 336 4210 δώσει,
371 4146 473 4199 καὶ⁵
529 4144 660 4198 ὅταν
722 4144 1125 4215 ἀποκινήσωσι,
1161 4145 1284 4200 τότε
1316 4145 1419 4220 τὴν
1473 4145 1754 4219 συμϐολὴν

160 4238 276 4291 κατ’
301 4240 486 4295 αὐτῶν
516 4240 765 4309 ποίησον.

233 4330 378 4399 ρλςθ.
422 4331 551 4386 Ἐὰν
590 4331 649 4385 δὲ
696 4332 756 4385 ἐν
806 4331 1004 4404 πλήθει
1062 4331 1246 4399 πεζῶν
1297 4334 1627 4407 προτερεύῃ,
1666 4336 1750 4401 είς

160 4420 397 4492 ὁμαλοὺς
429 4425 629 4488 τόπους
662 4425 883 4489 τούτους
917 4426 1265 4497 προτρέπου⁹
1300 4428 1395 4481 καὶ
1446 4428 1522 4499 μὴ
1555 4428 1753 4498 σύνεγ-

162 4531 283 4583 γυς,
316 4519 458 4573 ἀλλά
506 4518 747 4590 μήκοθεν
802 4517 872 4573 δι’
900 4519 1167 4573 ἀκοντίων
1200 4519 1298 4583 τὰς
1345 4520 1526 4592 μάχας
1579 4525 1754 4577 ποιεῖ-

162 4609 304 4666 σθαι.

233 4704 361 4773 ρλζ¹.
403 4705 486 4760 Τά
514 4704 624 4775 γὰρ
650 4702 759 4757 τῶν
789 4702 1061 4774 πολεμίων
1088 4703 1372 4774 κυνηγίοις
1393 4703 1532 4758 εἰσὶν
1563 4705 1749 4777 ὅμοιαο

164 4793 351 4871 ὥσπερ
381 4800 491 4871 γάρ
519 4800 637 4853 ἐκεῖ
675 4798 764 4851 διὰ
796 4796 1161 4851 κατασκόπων
1213 4800 1309 4850 καὶ
1343 4800 1754 4871 ἐγκρυμμάτων

168 4888 260 4942 καὶ
290 4894 785 4957 κατακυκλώσεων,
817 4892 912 4945 καὶ
941 4889 1197 4944 τοιούτων
1230 4892 1582 4960 σοφισμάτων
1611 4893 1753 4963 μᾶλ-

169 4978 255 5036 λον
284 4984 316 5055 ἢ
354 4986 581 5055 δυνάμει
610 4986 643 5055 ή
668 4983 876 5039 τούτων
911 4983 1055 5053 θήρα
1080 4982 1315 5053 γίνεται,
1357 4984 1531 5047 οὕτως
1551 4984 1633 5038 δεῖ
1658 4987 1753 5040 καὶ⁵

169 5072 260 5128 ἐπὶ
301 5079 409 5133 τῶν
448 5078 725 5149 πολεμίων
769 5075 1131 5149 ἁρμόζεσθαι,
1164 5076 1274 5131 εἴτε
1306 5077 1444 5148 πρὸς
1476 5076 1750 5146 πλείονας,

170 5166 276 5220 είτε
303 5172 439 5242 πρὸς
469 5172 682 5240 ὀλίγους
713 5170 979 5239 γίνονται.

242 5260 377 5332 ρλη’.
414 5265 487 5317 Τὸ
529 5265 638 5334 γάρ
690 5260 940 5332 φανερῶς
974 5259 1069 5314 καὶ
1112 5257 1256 5330 χειρὶ⁴
1282 5258 1349 5312 δι’
1379 5257 1555 5329 ὅψεως
1588 5259 1750 5330 μόνον

174 5350 450 5420 βιάζεσθαι
480 5358 607 5422 τοὺς
636 5356 937 5422 ἐναντίους,
969 5354 1054 5407 ὅτε
1101 5353 1195 5406 καὶ
1216 5352 1358 5421 δόξει
1400 5371 1482 5419 τις
1528 5354 1753 5420 τούτους

172 5450 325 5519 νικᾷν
359 5453 497 5523 μετά
526 5450 771 5506 κινδύνου
803 5448 902 5503 καὶ
928 5447 1152 5520 ζημίας,
1173 5446 1233 5500 οὖ
1289 5447 1388 5518 τῆς
1414 5447 1686 5519 τυχούσης
1722 5452 1754 5521 ἡ

172 5543 263 5597 τοῦ
299 5548 622 5622 πράγματος
648 5545 923 5607 ἀπόϐασις
953 5541 1103 5613 αὐτῷ
1134 5539 1442 5612 συμϐαίνει,
1476 5542 1615 5614 ὅπερ
1645 5542 1755 5596 τῶν

174 5635 470 5710 ἀλογίστων
503 5643 674 5707 ἐστίν,
706 5640 957 5710 ἀνάγκης
982 5635 1246 5709 μεγίστης
1277 5635 1446 5709 χωρὶς
1490 5638 1628 5708 μετὰ
1656 5640 1753 5711 ζη-

174 5727 300 5797 μίας
329 5735 484 5812 νίκην
533 5734 765 5793 κτᾶσθαι
796 5731 992 5802 καινὴν
1029 5729 1141 5803 (95)
1176 5729 1273 5785 καὶ
1317 5729 1557 5801 ματαίαν
1614 5730 1748 5785 ὑπό-

1852 1991 1896 2045 si
1926 1989 2111 2061 plures
2140 2005 2302 2058 quam
2337 1998 2391 2043 tu
2426 1988 2637 2057 equites
2672 1988 2847 2042 hostis
2906 1986 3125 2051 habeat,
3156 1985 3438 2055 pastiones

1853 2097 2044 2137 omnes
2091 2082 2375 2137 vastandas
2401 2088 2549 2147 sunt,
2588 2094 2649 2137 ut
2680 2082 2809 2153 equi
2843 2080 3171 2136 deﬁciamur
3198 2080 3434 2150 pabulo;

1851 2178 1936 2233 sin
1962 2178 2205 2232 virorum
2257 2175 2549 2231 multitudo
2592 2177 2776 2243 fuerit,
2844 2174 3060 2229 illorum
3094 2184 3438 2230 commeatus

1851 2270 2029 2326 omnis
2059 2278 2223 2340 atque
2260 2270 2518 2325 alimenta
2556 2266 3041 2326 circumvenienda
3068 2266 3169 2322 tibi
3208 2276 3265 2323 et
3300 2282 3440 2338 prte-

1851 2362 2095 2434 ripiendn
2132 2363 2200 2418 ab
2233 2363 2341 2417 illis
2375 2371 2523 2420 sunt.

1926 2456 2050 2513 150.
2086 2455 2145 2511 Si
2191 2456 2427 2513 diversis
2455 2471 2523 2513 ex
2582 2455 2903 2513 nationibus
2958 2456 3203 2512 hostium
3265 2455 3440 2527 copiae

1848 2549 2142 2619 exsistant,
2180 2550 2361 2614 donis,
2386 2551 2733 2618 muneribus,
2767 2550 3263 2623 pollicitationibus
3308 2565 3436 2608 eor-

1852 2644 2146 2715 rumpendi
2184 2645 2280 2700 tibi
2314 2654 2465 2700 sunt.

1941 2739 2067 2795 151.
2115 2739 2210 2795 Sin
2259 2739 2617 2797 diversarum‘
2643 2738 2884 2810 partium
2926 2740 3439 2809 sententiarumque

1850 2831 2074 2899 fuerint,
2104 2834 2410 2903 praecipuos
2463 2849 2715 2905 quosque
2754 2848 2817 2889 ex
2845 2832 2955 2889 illis
3000 2832 3066 2888 ad
3100 2843 3154 2888 te
3204 2842 3439 2903 tuasque

1850 2937 2034 2997 partes
2057 2925 2400 2981 sollicitabis.

1924 3018 2046 3074 l52.
2084 3019 2267 3074 iiastis
2313 3019 2358 3074 si
2396 3026 2641 3085 utantur,
2667 3019 2720 3075 in
2772 3019 3009 3091 aiiquam
3062 3020 3431 3090 difﬁcultatem

1851 3114 2309 3184 aSperitatemque
2328 3113 2575 3169 locorum
2607 3115 2727 3168 illos
2751 3114 2818 3168 ad
2848 3113 3103 3183 proelium
3130 3130 3319 3171 evoca.

1924 3208 2048 3263 155.
2088 3206 2145 3263 Si
2187 3208 2455 3279 sagittarii
2507 3208 2730 3271 fuerint,
2775 3206 2829 3262 in
2879 3207 3162 3277 planitiem
3209 3218 3265 3265 et
3318 3209 3436 3266 loca

1851 3302 2177 3372 campestria
2228 3301 2517 3357 trahantur
2550 3344 2566 3365 ,
2612 3310 2673 3357 ut
2728 3300 2802 3357 ibi
2852 3302 3106 3359 cominus
3164 3305 3439 3360 consertis

1852 3395 2107 3452 manibus
2127 3397 2414 3451 dimicent.

1929 3489 2054 3545 134.
2104 3490 2161 3545 Si
2221 3489 2556 3562 negligenter
2608 3500 2705 3547 aut
2773 3492 2953 3549 solute
3002 3494 3092 3550 die
3137 3494 3225 3550 vel
3277 3505 3439 3552 nocte

1852 3582 2136 3639 ambulent
2192 3581 2399 3650 hostes,
2454 3581 2669 3641 insidiis
2695 3584 2763 3641 de
2794 3582 3095 3657 improviso
3147 3586 3436 3644 adoriendi

1853 3684 2004 3731 sunt.

1924 3766 2049 3824 155.
2081 3766 2176 3823 Sin
2230 3768 2479 3825 animose
2524 3780 2576 3826 et
2603 3770 2864 3827 audacter
2897 3773 2965 3828 ad
3007 3773 3207 3828 bellum
3270 3786 3439 3827 vene-

1855 3858 1983 3928 rint,
2006 3867 2062 3915 et
2092 3859 2162 3915 ab
2187 3860 2339 3916 omni
2375 3860 2673 3918 olfensione
2700 3864 2976 3921 immunes
3014 3879 3135 3921 esse
3170 3863 3440 3920 videbun-

1855 3959 1966 4018 tur,
2002 3966 2115 4023 pra:
2165 3960 2220 4008 te
2282 3951 2428 4011 feras
2460 3956 2620 4026 quasi
2666 3957 2870 4012 bellum
2921 3973 3045 4013 cum
3100 3958 3208 4013 illis
3252 3956 3451 4014 statim-

1854 4055 2109 4117 gesturus
2160 4047 2258 4113 sis,
2294 4047 2462 4119 rejice
2525 4057 2703 4105 tamen
2742 4052 2942 4106 bellum
2982 4067 3044 4107 ac
3091 4050 3307 4107 diﬂerto
3334 4053 3437 4107 do-

1855 4151 1958 4194 nec
1981 4138 2162 4195 fervor
2185 4139 2367 4195 omnis
2400 4140 2711 4197 animorum
2743 4143 3117 4213 elanguescat,
3149 4153 3203 4198 et
3233 4143 3325 4199 ubi
3350 4144 3440 4200 hic

1854 4229 2095 4301 impetus
2124 4233 2456 4299 consederit,
2483 4244 2597 4289 tum
2631 4235 2832 4291 bellum
2866 4238 2974 4293 illis
3002 4237 3273 4293 conferto.

1927 4323 2134 4380 {56.Si
2183 4324 2423 4396 peditum
2485 4344 2717 4393 numero
2782 4329 3036 4386 hostibus
3093 4331 3439 4401 praestiteris,

1855 4421 1925 4477 ad
1970 4421 2130 4491 plana
2186 4431 2241 4477 et
2279 4425 2604 4493 campestris
2665 4426 2782 4481 loca
2825 4427 2948 4483 illos
2992 4427 3272 4495 deducito,
3327 4446 3439 4486 non

1858 4523 1922 4570 ut
1960 4516 2236 4584 cominus,
2270 4517 2365 4573 sed
2401 4529 2459 4572 ut
2505 4518 2941 4591 eminusjaculis
2962 4536 3088 4576 cum
3116 4521 3223 4579 illis
3252 4522 3443 4579 conﬂi-

1785 4629 1830 4686 ι)
1860 4626 1979 4682 gas.

1926 4704 2052 4759 {57.
2100 4703 2317 4761 Bellica:
2372 4705 2519 4763 enim
2592 4704 2993 4764 decertationes
3057 4710 3444 4768 venationibus

1856 4795 2066 4853 similes
2096 4805 2258 4863 sunt;
2292 4798 2756 4867 quemadmodum
2781 4801 2927 4855 enim
2956 4801 3031 4856 ibi
3060 4803 3332 4870 excubiis,
3369 4804 3446 4859 in-

1858 4890 2039 4956 sidiis,
2098 4889 2568 4956 circuitionibus,
2618 4902 2789 4964 atque
2847 4894 3166 4966 hujusmodi
3227 4899 3445 4953 asttw'tt'is

1857 4985 2043 5055 potius
2073 5000 2241 5056 quam
2300 4986 2512 5042 viribus
2546 4985 2661 5042 fera
2696 4988 2935 5057 capitur,
2969 4989 3047 5045 sic
3079 4990 3283 5046 bellum
3318 5009 3443 5048 cum

1859 5078 2137 5147 hostibut,
2173 5078 2288 5134 sive
2305 5079 2514 5150 plures,
2543 5081 2657 5136 sive
2679 5081 2972 5152 pauciores
3005 5082 3230 5148 fuerint.
3253 5102 3445 5157 geren-

1856 5170 1991 5225 dum
2021 5180 2125 5225 est.

1927 5264 2050 5321 158.
2112 5264 2309 5321 Coram
2352 5266 2495 5320 enim
2539 5282 2604 5345 ac
2645 5269 2900 5326 manibus
2951 5285 3130 5327 so.un
3172 5273 3449 5344 consertis

1859 5359 2001 5415 velle
2038 5374 2164 5415 cum
2195 5360 2450 5416 hostibus
2516 5373 2701 5433 aperte
2734 5364 3045 5437 conﬂigere,
3084 5369 3302 5437 quando
3338 5369 3444 5423 ali-

1857 5467 1965 5523 qua
2020 5452 2266 5508 victoriae
2296 5469 2421 5524 spes
2452 5454 2560 5510 illis
2605 5454 2863 5521 adfuerit,
2909 5457 3027 5513 sine
3087 5460 3332 5527 periculo
3380 5477 3444 5517 ac

1856 5546 2010 5614 gravi
2058 5546 2361 5603 oﬂ'ensione
2398 5546 2527 5603 belli
2562 5558 2789 5604 eventus
2814 5564 2935 5605 esse
2969 5566 3073 5605 non
3100 5560 3300 5621 potest.
3341 5550 3447 5608 Te-

1854 5640 2153 5697 merarium
2186 5652 2366 5697 autem
2408 5658 2474 5698 ac
2521 5644 2780 5698 inscitum
2809 5654 2915 5711 est,
2947 5646 3095 5701 nulla
3123 5647 3452 5704 necessitate

1853 5733 2167 5807 impellente
2221 5736 2507 5795 victoriam
2570 5738 2732 5796 talem
2767 5752 2892 5795 cum
2938 5738 3141 5798 damno
3180 5756 3450 5814 quaerere,

1712 5857 1943 5921 NOTZE.

244 5925 351 6001 (95)
381 5937 630 6007 Καινήν.
653 5932 879 6007 Scribe,
915 5934 1105 6006 κενήν.
