4020 6312
178 403 316 469 845

1290 408 1623 469 TACTICA.
1664 434 1733 444 --
1768 406 2273 471 CONSTITUTIO
2308 412 2486 475 XIII.

3406 412 3517 478 846

178 520 303 575 καὶ
335 520 452 587 τὰς
485 519 698 574 ἐκεῖαῖν
750 516 1093 583 ἐναντιώσεις
1132 519 1665 590 προασφαλὶζεσθαι.
1700 519 1812 572 Καὶ

1956 526 1970 572 t
2000 522 2120 577 illas
2154 522 2498 580 calamitates
2528 525 2799 596 quantum
2832 520 2949 578 ﬁeri
2991 530 3173 594 potest
3206 534 3510 581 anteverte.

188 612 492 684 μάλιστα,
526 615 606 678 ῶς
658 611 923 677 πολλάκις
953 614 1087 684 ἡμῖν
1134 611 1375 685 εἴρηται,
1428 612 1526 677 τὰς
1577 614 1812 683 ἀποτρο-

184 706 319 776 φὰς
353 706 590 779 ἡμερῶν
623 704 822 774 ὀλίγων
848 704 957 758 τῶν
981 720 1043 757 τε
1066 703 1419 772 στρατιωτῶν
1450 705 1545 758 καὶ
1584 703 1692 758 τῶν
1724 704 1816 757 ἴπ-

1916 615 2199 686 lmprimis
2224 624 2436 685 autem,
2486 616 2957 687 quemadmodum
3010 631 3153 686 saepe
3192 633 3222 672 a
3251 633 3337 673 me
3361 633 3516 675 com¢

1918 715 2282 761 memoratum
2342 716 2451 772 est,
2506 706 2722 762 dierum
2768 706 2978 776 aliquot
3036 717 3381 775 commeatus
3417 724 3536 780 pro-

185 817 337 853 πων
377 801 666 868 συνάγειν,
688 799 779 854 καὶ
812 798 1062 869 φοσσάτα
1088 797 1414 871 ὀχυρώτερα
1442 800 1661 866 ποιεῖν,
1722 798 1817 851 καὶ

1956 796 2188 854 iilitibus
2234 798 2505 871 equisque
2560 797 2922 871 provehatur.
2971 798 3168 855 Castra
3215 799 3522 855 munitiora

187 896 261 949 ἐν
305 895 653 967 ἐπιτηδείοις
678 894 887 957 τόποις.
913 894 1043 949 ἔνθα
1076 893 1301 949 δυνατὸν
1332 893 1393 949 τὸ
1418 893 1564 966 ὕδωρ
1602 894 1818 958 πάντως

190 989 571 1044 ἐκδικεῖσθαι
603 989 660 1042 ἐν
690 988 868 1061 καιρῷ
896 988 1167 1059 ἀνάγκης.

282 1082 370 1147 ζ’.
414 1082 507 1154 Μὴ
531 1082 812 1155 ἀμελήσῃς
854 1083 911 1137 δὲ
948 1084 1047 1155 τῆς
1095 1084 1474 1155 ἀριστοποιίας
1515 1082 1610 1137 τοῦ
1654 1101 1823 1157 στρα-

191 1177 335 1234 τοῦ.
376 1178 446 1232 Εί
484 1179 583 1251 μὲν
610 1178 720 1250 γὰρ
748 1180 837 1233 ὅτε
873 1178 1251 1251 συμϐουλευθῇ
1296 1181 1330 1250 ἡ
1374 1177 1620 1252 συμϐολὴ
1675 1180 1822 1247 γίνε-

194 1290 333 1337 ται.
368 1274 597 1339 πάντως
632 1276 691 1329 ἐν
728 1266 773 1343 ᾧ
816 1274 882 1331 ἂν
932 1274 1241 1349 δοκιμάσῃς
1274 1274 1458 1347 καιρῷ
1509 1274 1571 1329 τὸ
1601 1274 1824 1347 ἄριστον

198 1369 315 1423 τοῦ
349 1370 596 1442 στρατοῦ
622 1370 876 1437 γινέσθω.
913 1367 1049 1423 EtEt
1081 1368 1241 1422 τοῦτο
1266 1368 1343 1439 μὴ
1381 1368 1548 1433 ἔστιν,
1603 1367 1827 1441 μέλλον‹

200 1480 312 1527 τος
337 1461 446 1516 τοῦ
469 1461 708 1533 πολέμου
738 1462 954 1527 πάντως
976 1462 1036 1517 τὸ
1059 1461 1205 1535 πρωῒ
1231 1460 1477 1532 γίνεσθαι
1498 1460 1559 1516 τὺ
1582 1462 1825 1534 ἄριστον,

199 1549 333 1616 ἵνα,
379 1551 437 1605 εί
465 1550 640 1623 τύχοι,
672 1551 769 1607 καὶ
811 1549 1081 1623 εὔρωστοί
1112 1554 1238 1618 είσι,
1267 1555 1363 1606 καλ⁵
1401 1554 1470 1608 δι’
1512 1552 1641 1623 ὅλης
1693 1552 1826 1606 πολ-

200 1646 389 1711 λάκις
424 1648 525 1719 τῆς
554 1644 769 1718 ἡμέρας
808 1644 903 1700 τοῦ
936 1647 1176 1719 πολέμου
1203 1647 1537 1720 κρατοῦντος
1564 1646 1641 1718 μὴ
1666 1645 1827 1699 ἐκλυ-

199 1741 429 1797 θῶσιν.

290 1842 377 1907 η’.
412 1834 539 1908 Χρὴ
563 1834 621 1889 δέ
657 1852 716 1889 σε
751 1834 990 1901 πάντως,
1023 1827 1069 1889 ὦ
1108 1835 1405 1909 στρατηγέ,
1451 1834 1525 1907 μὴ
1566 1836 1726 1908 μόνον
1768 1836 1827 1892 ἐν

198 1933 336 1995 τοῖς
364 1930 557 1995 ἄλλοις
581 1933 817 2003 καιροῖς,
853 1930 992 1984 ἀλλὰ
1037 1931 1132 1985 καὶ
1176 1933 1233 1987 ἐν
1288 1931 1366 2003 τῷ
1397 1931 1629 2002 τοιούτῳ
1657 1932 1828 2001 ἐγγὺς

203 2023 317 2077 τοῦ
346 2019 601 2095 πολέμου
637 2022 817 2096 καιρῷ
850 2022 928 2095 μὴ
958 2023 1183 2096 ἀμελεῖν
1211 2021 1305 2078 τοῦ
1335 2023 1827 2097 συμϐουλεύεσθαι,

205 2114 370 2171 ἀλλά
439 2116 536 2171 καὶ
584 2117 704 2170 τότε
765 2117 1004 2187 μάλιστα
1041 2116 1406 2188 συγκαλέσεις
1453 2118 1581 2182 τοὺς
1621 2116 1725 2172 ὑπὸ
1771 2118 1842 2173 σὲ.

206 2208 620 2283 τουρμάρχας,
657 2209 751 2264 καὶ
770 2209 821 2262 εἷ
848 2226 972 2264 τινα
1002 2210 1193 2283 ἕτερον
1226 2211 1547 2284 δοκιμάσεις
1574 2212 1832 2283 ἀγχίνουν

207 2304 317 2359 καὶ
352 2303 659 2376 φρόνιμον,
686 2305 765 2368 είς
793 2302 894 2376 τὴν
933 2304 1077 2358 κατά
1118 2304 1211 2358 τὸν
1260 2304 1452 2374 καιρὸν
1475 2304 1835 2376 ὀφειλομένην

208 2397 491 2468 γίνεσθαι
529 2414 594 2451 συ
605 2387 845 2470 μϐουλήν
868 2413 880 2428 ·
912 2399 1005 2453 καὶ
1030 2396 1205 2463 οὕτως
1225 2397 1618 2471 βουλεύσασθαί
1638 2414 1695 2452 σε
1720 2396 1836 2453 δέον

211 2492 290 2548 τὰ
326 2492 474 2565 περὶ
497 2490 592 2545 τοῦ
616 2491 886 2561 πολέμου.

291 2588 370 2644 θ’.
406 2588 718 2642 Κατανοείν
751 2588 808 2642 δὲ
852 2585 1098 2659 ἀκριϐῶς
1134 2586 1227 2641 καὶ
1255 2584 1347 2641 τὸν
1395 2585 1559 2640 τόπον
1618 2585 1746 2640 ἔνθα
1798 2586 1831 2655 ἡ

216 2680 495 2753 συμϐολὴ
518 2679 615 2735 τοῦ
651 2680 891 2754 πολέμου
926 2680 1109 2753 μέλλει
1135 2679 1407 2750 γίνεσθαι.

220 2798 229 2807 ”
298 2787 357 2837 t'.
411 2776 921 2853 Προπαραγγείλῃς
971 2775 1028 2830 δὲ
1088 2777 1202 2840 τοῖς
1248 2774 1510 2847 ἄρχουσιν
1562 2773 1651 2828 ἵνα
1696 2775 1839 2829 κατὰ

224 2874 347 2945 τὴν
381 2870 622 2945 πρώτην
663 2869 848 2941 εξωνὴν
876 2867 970 2921 τοῦ
1000 2865 1250 2938 βουκίνου
1283 2865 1339 2917 ἐν
1359 2864 1427 2937 τῇ
1445 2864 1602 2918 νυκτὶ
1623 2863 1724 2934 τῆς
1744 2862 1839 2919 τοῦ

222 2966 489 3038 πολέμου
516 2964 734 3037 ἡμέρας
758 2963 884 3025 τοὺς
916 2960 1115 3024 ἵππους
1153 2959 1248 3013 ἐπὶ
1290 2958 1385 3012 τὸν
1442 2958 1607 3013 ποτδν
1655 2974 1838 3029 παρα-

224 3061 596 3137 σκευάσωσιν
627 3058 935 3127 ἐξαγαγεῖν·
970 3056 1057 3109 ἵνα
1087 3054 1184 3126 μὴ,
1212 3053 1287 3117 ῶς
1316 3053 1487 3121 εἰκὸς,
1511 3052 1841 3125 ἀμελοῦντες

223 3155 441 3211 τούτου
470 3154 527 3208 tv
549 3152 630 3224 τῷ
659 3149 834 3224 καιρῷ
867 3149 967 3221 τῆς
1008 3147 1372 3220 παρατάξεως
1415 3146 1839 3203 ἀπολείπωνται.

1922 893 2076 963 ﬂant,
2132 894 2461 967 idoneisque
2512 894 2566 950 in
2620 893 2777 961 locis,
2823 892 2915 951 ubi
2955 908 3099 967 aqua
3151 895 3380 952 omnino
3425 896 3523 951 de-

1923 989 2070 1047 fendi
2112 975 2313 1059 potest,
2352 996 2651 1062 ponantur.

1994 1086 2049 1142 7.
2076 1085 2237 1141 Curat
2280 1084 2376 1140 tibi
2411 1098 2631 1155 quoque
2680 1082 2978 1154 prandium
3039 1082 3274 1143 militum
3328 1081 3423 1140 sit.
3458 1082 3517 1139 Si

1924 1183 2071 1239 enim
2106 1181 2328 1253 quando
2355 1178 2635 1235 communi
2674 1178 2913 1234 consilio
2954 1177 3237 1233 decretum
3274 1185 3361 1231 est
3401 1176 3518 1232 bel-

1926 1280 2037 1333 lum
2093 1276 2356 1349 incipiet,
2414 1282 2527 1329 tum
2582 1288 2693 1345 quo
2744 1283 2991 1344 tempore
3036 1272 3309 1343 optimum
3369 1272 3522 1341 judi-

1927 1374 2083 1430 cabis
2112 1372 2382 1444 prandeat
2407 1369 2705 1427 exercitus.
2745 1364 2841 1424 Sin
2876 1367 2984 1423 hoc
3014 1366 3241 1421 minime
3274 1364 3518 1420 futurum

1928 1470 2021 1537 sit,
2042 1468 2153 1537 jam
2179 1465 2534 1537 impendente
2560 1464 2730 1530 bello,
2758 1462 2964 1519 milites
2996 1477 3159 1517 mane
3190 1461 3519 1533 prandeant,

1930 1572 1990 1621 ut
2022 1563 2197 1634 magis
2238 1560 2380 1617 llrmi
2412 1560 2565 1625 ﬂant,
2599 1566 2653 1614 ct
2691 1572 2788 1629 per
2818 1556 3089 1627 integrum
3114 1556 3283 1620 diem,
3318 1556 3364 1612 si
3397 1563 3523 1612 tan-

1931 1660 2023 1716 diu
2055 1657 2259 1716 bellum
2294 1652 2601 1721 duraverit,
2628 1655 2812 1710 minus
2842 1651 3056 1709 viribus
3082 1651 3434 1709 deﬁciamur.

2006 1848 2061 1905 8.
2091 1846 2209 1902 Non
2244 1844 2407 1899 modo
2432 1842 2558 1897 aliis
2595 1839 2953 1911 temporibus,
3000 1850 3191 1893 verum
3231 1834 3394 1891 etiam
3428 1849 3525 1904 ap-

1934 1950 2155 2016 petente
2186 1940 2299 2011 jam
2328 1938 2453 1995 belli
2485 1945 2755 2007 tempore,
2778 1932 3073 1991 consilium
3094 1931 3194 1985 abs
3220 1937 3273 1984 te
3299 1928 3525 1983 minime

1936 2032 2319 2108 negligendum
2348 2041 2452 2093 est,
2480 2029 2576 2086 sed
2605 2024 2959 2081 tnrmarchas
2991 2030 3140 2086 tuos,
3175 2027 3231 2076 et
3276 2018 3321 2074 si
3358 2032 3519 2088 quem

1936 2136 2199 2202 praeterea
2224 2127 2481 2182 solertem
2529 2120 2966 2193 prndentemqne
2990 2116 3169 2171 virum
3193 2112 3433 2185 jndicas,
3455 2110 3522 2164 ad

1936 2221 2228 2278 consilium
2270 2232 2335 2272 ex
2376 2225 2626 2285 tempore
2653 2211 2982 2283 capiendum
3019 2206 3340 2273 advocabis,
3371 2212 3425 2263 et
3455 2202 3525 2260 de

1938 2317 2103 2375 rebus
2135 2313 2362 2386 agendis
2395 2309 2744 2366 deliberabis.

2010 2589 2063 2643 9.
2112 2581 2499 2641 Advertcndus
2546 2577 2842 2649 diligenter
2888 2574 3054 2631 etiam
3107 2571 3263 2628 locus
3308 2568 3364 2625 in
3416 2583 3530 2640 quo

1940 2675 2275 2735 conﬂictatio
2310 2671 2441 2728 belli
2474 2670 2655 2725 futura
2686 2662 2792 2724 e'st.
3140 2732 3147 2742 ο

2014 2774 2103 2829 l0.
2152 2769 2447 2839 Praecipies
2483 2767 2648 2822 etiam
2690 2760 2989 2835 praefectis,
3054 2744 3233 2815 ut'ad
3285 2753 3526 2827 primum

1943 2885 2139 2929 sonum
2174 2865 2423 2923 buccinae
2454 2862 2575 2933 ejus
2609 2860 2810 2927 noctis,
2848 2871 2973 2929 qua:
3014 2854 3159 2911 diem
3196 2848 3330 2907 belli
3372 2854 3531 2903 ante-

1944 2966 2110 3027 cedit,
2148 2975 2321 3032 equos
2351 2967 2613 3028 aquatum
2647 2953 2913 3016 educant,
2947 2964 3016 3005 ne
3065 2946 3112 3005 si
3163 2945 3271 3001 hoc
3301 2950 3533 3015 praeter-

1947 3063 2217 3127 mittatur,
2245 3068 2510 3128 equorum
2536 3051 2682 3107 vires
2705 3050 2759 3105 in
2787 3045 2933 3104 bello
2962 3040 3245 3100 deﬁciant.

303 3255 405 3305 ια’.
444 3246 837 3321 Παραγγείλῃς
869 3244 947 3311 δὲ,
986 3242 1169 3307 καθὼς
1209 3241 1467 3315 ἀνωτέρω
1508 3243 1659 3314 ἡμῖν,
1686 3242 1838 3313 εἴρη-

2018 3244 2107 3300 ll.
2164 3238 2453 3311 Praecipies
2508 3235 2693 3297 etiam,
2757 3226 3227 3303 quemadmodum
3292 3236 3458 3294 supra
3504 3237 3534 3276 τι

228 3359 355 3408 ται,
402 3343 501 3397 ῐνα
533 3337 734 3405 κα¹ιεῖς
782 3340 1014 3403 ἕκαστος
1059 3334 1402 3411 στρατιώτης
1448 3336 1506 3391 ἐν
1550 3335 1629 3408 τῷ
1674 3338 1842 3390 κινεῖν

227 3440 380 3514 πρὸς
408 3435 729 3510 παράταξιν
762 3434 952 3507 ἕχῃ“ἐν
988 3431 1064 3504 τῷ
1100 3431 1510 3503 σελλοπουγγίῳ
1548 3429 1843 3503 αὐτοῦ(9ϋ)

230 3536 377 3608 μίαν
408 3533 451 3605 ἥ
477 3533 573 3588 καὶ
601 3530 697 3585 δύο
718 3530 914 3601 λίτρας
966 3530 1165 3600 ἄρτου,
1210 3526 1243 3599 ἥ
1282 3526 1538 3598 ἀλεύρου,
1572 3525 1606 3597 ἦ
1650 3526 1843 3580 πίστου

234 3624 482 3700 ἐψητοῆ
514 3625 547 3697 ἦ
580 3622 928 3694 παξαμάδας,
976 3621 1009 3692 ἢ
1045 3622 1233 3692 κρέας.
1262 3619 1448 3690 Ἐχειν
1476 3617 1533 3672 δὲ
1567 3616 1663 3672 καὶ
1706 3616 1845 3687 φλα-

239 3722 377 3777 σκὶν
417 3716 623 3792 μικρὸν
650 3717 708 3770 ἐν
755 3717 822 3786 τῇ
859 3712 1098 3785 ἀργαϐίᾳ
1147 3711 1337 3775 ὕδατος
1378 3710 1567 3783 γέμον,
1630 3712 1729 3765 καὶ
1771 3710 1847 3783 μὴ

238 3817 420 3880 οἴνου,
456 3812 548 3868 διὰ
583 3828 644 3865 τε
675 3809 776 3874 τὰς
803 3808 1049 3881 τυχηράς
1086 3806 1465 3877 περιστάσεις,
1496 3804 1593 3861 rat
1628 3805 1747 3870 τάς,
1772 3806 1848 3869 ῶς

243 3910 423 3973 είκδς,
456 3902 785 3967 ἀπαντώσας
811 3901 1021 3974 χρείας.
1049 3898 1320 3963 Πολλάκις
1348 3896 1458 3969 γὰρ
1494 3897 1849 3970 τρεπομένων

246 4002 493 4078 ἐχθρῶν,
511 4003 605 4055 καὶ
624 3998 944 4072 ὀχυρώματι
966 3992 1442 4066 προστρεχόντων,
1467 3991 1629 4071 χρεία
1656 4008 1831 4063 παρα-

252 4100 487 4155 καθίσαι
541 4096 729 4157 αὐτοϊς
770 4092 857 4147 διά
922 4088 1117 4153 νυκτὸς
1155 4087 1253 4144 καὶ
1308 4085 1548 4159 ἡμέρας,
1590 4084 1625 4158 ἢ
1686 4085 1851 4139 πάλιν

248 4191 353 4263 τὴν
378 4187 657 4263 συμϐολὴν
713 4184 874 4257 μέχρι
926 4182 1026 4255 τῆς
1088 4180 1328 4251 ἑσπέρας
1378 4174 1847 4249 παρατείνεσθαιο

252 4287 353 4342 καὶ
409 4280 709 4353 ἀναγκαῖόν
764 4281 911 4333 ἐστιν
984 4272 1347 4347 ἐπιφέρεσθαι
1408 4270 1701 4343 δαπάνην,
1760 4268 1849 4323 ἵνα

256 4381 338 4453 μὴ
384 4381 447 4453 τῇ
482 4373 719 4447 ἐλλείψει
770 4372 870 4445 τῆς
906 4370 1156 4441 δαπάνης
1200 4365 1261 4422 τδ
1302 4364 1580 4436 πρακτέον
1618 4363 1850 4437 ἐμποδί-

256 4476 449 4548 ζηται.
813 4492 819 4499 δ
1177 4457 1190 4465 ’
1723 4470 1726 4473 λ

332 4568 424 4640 ιβ’.
456 4564 587 4621 Ἐὰν
617 4563 673 4619 δὲ
701 4561 835 4635 πρὸς
884 4559 1109 4615 δυνατὸν
1142 4557 1298 4622 ἔθνος
1341 4555 1489 4611 ἐστὶν
1519 4556 1550 4611 ὀ
1582 4554 1849 4626 πόλεμος,

1947 3341 2106 3399 nobis
2130 3336 2445 3393 mandatum
2468 3340 2574 3396 est,
2603 3336 2664 3383 ut
2688 3322 3068 3395 unusquisque
3098 3319 3281 3383 miles,
3315 3313 3538 3387 quando

1948 3435 2015 3492 ad
2035 3430 2444 3491 dimicationem
2467 3423 2592 3482 belli
2614 3419 2883 3495 procedit,
2902 3416 3103 3471 habeat
3118 3402 3173 3467 in
3195 3409 3539 3481 sell0pungio

1949 3541 2053 3585 suo
2084 3538 2249 3582 unam
2287 3529 2381 3576 aut
2421 3518 2561 3575 duas
2604 3515 2773 3569 libras
2814 3510 2997 3582 panis,
3047 3513 3141 3561 aut
3174 3503 3388 3566 farinae,
3445 3504 3540 3551 aut

1950 3618 2206 3686 biscocti,
2234 3622 2331 3672 aut
2374 3607 2710 3687 paxamadii,
2747 3614 2841 3661 aut
2866 3603 3051 3661 carnis
3087 3619 3103 3659 :
3140 3600 3343 3655 habeat
3373 3593 3540 3650 etiam

1950 3713 2256 3789 pblascium
2288 3709 2345 3764 in
2376 3704 2598 3778 argabia
2628 3701 2850 3775 plenum
2906 3710 3069 3768 aqua,
3118 3708 3228 3748 non
3259 3689 3412 3755 vino,
3450 3687 3544 3741 ad-

1953 3824 2149 3867 versus
2181 3818 2374 3863 omnes
2406 3800 2661 3857 fortuitas
2692 3810 2782 3867 res
2817 3794 3246 3850 circumstantes
3294 3790 3348 3840 et
3381 3794 3545 3837 casus

1952 3864 2356 3974 necOpinatos.
2392 3895 2547 3967 Saepe
2576 3864 2749 3959 enini,
2781 3884 3087 3960 proﬂigatis
3117 3879 3371 3937 hostibus
3393 3882 3446 3930 et
3477 3872 3546 3926 ad

1954 3968 2321 4055 munitionem
2370 3989 2612 4061 aliquam
2679 3979 3124 4042 accurrentibus,
3175 3968 3465 4059 obsidendi
3517 3983 3546 4020 a

1953 4090 2115 4148 nobis
2149 4088 2292 4145 diem
2328 4059 2494 4141 unam
2532 4095 2597 4137 ac
2625 4086 2842 4135 noctem
2877 4081 3043 4131 sunt:
3074 4078 3170 4126 aut
3199 4067 3246 4122 si
3275 4078 3450 4135 usque
3479 4059 3546 4114 ad

1954 4189 2098 4245 diem
2127 4179 2467 4249 conﬂictatio
2502 4170 2860 4250 producenda
2896 4169 2990 4235 sit,
3021 4178 3250 4222 necesse
3279 4170 3361 4216 est
3398 4171 3549 4212 com-

1955 4289 2195 4339 meatum
2249 4273 2470 4340 aﬂerri,
2533 4278 2595 4327 ut
2649 4283 2736 4325 ne.
2769 4270 3110 4323 commeatus
3162 4253 3395 4331 penuria
3459 4266 3549 4307 res

1954 4374 2183 4451 agendae
2214 4368 2606 4442 impediantur.

2028 4549 2114 4604 1‘2.
2140 4546 2199 4603 Si
2227 4543 2493 4601 adversus
2526 4545 2808 4611 potentem
2844 4535 3124 4591 nationem
3158 4530 3363 4587 bellum
3400 4528 3553 4584 lutu-

260 4621 368 4720 κιιζι⁸
389 4621 455 4717 ἐκ
488 4621 984 4731 προλήψεῶς-τινος
1034 4656 1091 4707 ἐν
1132 4652 1311 4723 δειλίᾳ
1337 4652 1489 4707 ἐστὶν
1535 4651 1564 4704 ὁ
1591 4621 1838 4722 στρατὸς,

1959 4657 2080 4699 rum
2103 4648 2212 4706 est,
2245 4644 2303 4693 et
2333 4635 2387 4691 in
2424 4633 2620 4689 timore
2661 4627 2847 4701 aliquo
2878 4642 2944 4683 ao
2984 4623 3313 4681 demissiore
3367 4621 3555 4675 animo

264 4757 344 4829 μὴ
372 4754 687 4825 σπουδάσῃς
710 4746 1119 4821 συμπλέκεσθαι
1145 4744 1423 4818 δημοσίως
1468 4742 1655 4809 εὐθὺς,
1714 4742 1852 4797 ἀλλά

263 4851 532 4923 πρότερον
558 4843 816 4915 ἀσφαλῶς
861 4842 1147 4913 ὲπιτὴδευε
1201 4838 1310 4911 πρὸ
1360 4837 1460 4910 τῆς
1502 4836 1722 4909 ἡμέρας
1751 4833 1849 4887 τοῦ

1954 4734 2230 4793 exercitus
2254 4717 2447 4785 noster
2474 4723 2660 4791 l'uerit,
2694 4730 2765 4777 ne
2798 4719 2984 4775 statim
3015 4723 3207 4788 aperte
3240 4727 3303 4769 ac
3338 4712 3557 4784 publice

1955 4845 2082 4887 cum
2114 4826 2226 4886 illis
2259 4812 2546 4894 Conﬂigas,
2597 4817 2693 4875 sed
2731 4824 2861 4871 ante
2899 4813 3045 4869 diem
3080 4810 3209 4867 belli
3254 4824 3379 4865 cum
3408 4807 3555 4862 delc-

264 4903 507 5013 πολέιίου
567 4903 711 5011 μετὰ
750 4903 1094 5002 ὲέαπλίκτων
1127 4931 1222 4986 καὶ
1249 4903 1261 4911 ’
1294 4903 1586 5003 χρησίμων
1621 4903 1838 5001 *ἀνδρῶκ

1956 4926 2060 4982 etis
2084 4919 2416 4996 quibusdam
2442 4912 2797 4982 strenuisque
2823 4907 3117 4971 militibus,
3160 4903 3325 4966 clam,
3359 4909 3414 4957 et
3446 4915 3553 4956 non

265 5034 579 5106 λεληθότως
621 5030 715 5085 καὶ
752 5028 831 5100 μὴ
875 5027 1125 5099 φανερῶς
1164 5021 1495 5097 ἐπέρχεσθαι
1538 5039 1646 5077 τινι
1692 5022 1849 5095 μέρει

267 5128 470 5184 αὐτῶν.
532 5126 657 5181 Ἐὰν
693 5123 803 5195 γάρ
864 5119 1165 5193 φονευθῶσί
1216 5134 1357 5183 τινες
1408 5116 1519 5171 τῶν
1569 5116 1850 5185 ἐναντίων,

270 5221 305 5294 ἢ
330 5221 533 5288 ζῶντες
559 5217 963 5291 συλληφθῶσιν,
990 5214 1190 5289 νομίσῃ
1222 5212 1281 5267 τὸ
1314 5211 1519 5283 πλῆθος
1540 5209 1649 5265 τῶν
1686 5227 1854 5284 στρα-

273 5316 486 5372 τιωτῶν
542 5316 625 5371 ὅτι
673 5312 901 5385 δυνάμει
938 5310 1156 5379 ἐγένετο
1188 5308 1248 5361 τὸ
1289 5305 1542 5378 συμϐὰν,
1591 5305 1687 5359 καὶ
1719 5321 1858 5377 προ-

276 5405 568 5480 θυμότεροι
625 5404 868 5475 γίνονται
951 5401 1050 5472 τὴν
1115 5398 1319 5453 δειλίαν
1378 5394 1853 5467 ἀποϐαλλόμενοι,

280 5501 374 5553 καὶ
402 5498 573 5565 οὕτως
612 5498 751 5570 μετά
780 5494 977 5569 μικρὸν
1003 5493 1270 5559 ἐθίζονται
1305 5490 1536 5564 τολμᾷν,
1582 5490 1676 5544 καὶ
1716 5490 1857 5547 καντά

283 5593 462 5649 αὐτῶν
483 5596 775 5667 ἐγχειρεῖν.
1469 5575 1476 5581 ”

358 5689 590 5757 ιγ’.Ὲὰν
614 5687 670 5742 δὲ
695 5683 1076 5757 αίφνιδιασμδς
1094 5683 1320 5753 γένηται
1344 5682 1450 5736 ὑπὸ
1476 5680 1586 5735 τῶν
1626 5679 1859 5753 ἐχθρῶν,

289 5783 381 5838 καὶ
428 5782 502 5855 μὴ
535 5780 810 5854 συμϐαίνῃ
837 5781 904 5850 τῇ
958 5776 1051 5833 τοῦ
1102 5776 1340 5848 πολέμου
1390 5775 1550 5848 χρείᾳ
1608 5775 1640 5847 ἦ
1699 5776 1728 5828 ὁ
1774 5775 1863 5828 τό·

1958 5029 2172 5095 aperte,
2201 5017 2421 5073 illorum
2455 5022 2667 5083 partem
2706 5007 2948 5079 aliquam
2978 5002 3273 5059 adoriaris.
3306 4999 3364 5055 Si
3407 5000 3554 5055 enim

1962 5092 2185 5188 quidam
2210 5127 2277 5167 ex
2320 5106 2576 5165 hostibus
2619 5104 2703 5160 vel
2739 5101 2966 5157 omnino
3012 5096 3439 5155 interlleiantur,
3471 5092 3557 5147 vel

1963 5211 2070 5267 vivi
2104 5209 2413 5280 capiantur,
2437 5202 2716 5260 exercitus
2751 5199 2883 5257 illud
2919 5196 3240 5254 fortitudine
3267 5209 3331 5249 ac
3358 5193 3557 5248 robore

1964 5306 2217 5363 eﬂ'ectum
2244 5299 2537 5375 iudicabit,
2571 5308 2620 5353 et
2640 5296 2785 5351 vires
2806 5292 3047 5364 colliget,
3076 5290 3439 5357 timoremque
3462 5284 3558 5340 de-

1968 5402 2156 5469 ponet,
2189 5401 2354 5465 atque
2393 5389 2530 5457 adeo
2564 5386 2830 5460 paulatim
2890 5382 3188 5440 assueﬂeut
3232 5377 3557 5435 audaciores

1967 5508 2111 5555 esse,
2138 5496 2194 5545 et
2230 5488 2415 5544 hostes
2452 5484 2690 5540 alacrius
2720 5478 3001 5536 invadere.

2051 5674 2133 5729 l5.
2169 5670 2224 5727 Si
2256 5670 2443 5726 hostes
2480 5676 2533 5723 te
2581 5680 2681 5723 nec
2722 5665 2947 5737 opinato
2994 5660 3329 5745 opprimant,
3379 5673 3559 5729 neque

1976 5770 2030 5826 id
2068 5768 2136 5824 ad
2160 5783 2321 5823 usum
2350 5775 2502 5821 tuum
2545 5762 2781 5837 pertinet
2820 5772 2877 5816 ut
2912 5773 3036 5816 cum
3069 5756 3176 5813 illis
3203 5753 3555 5819 dimiccs,vcl

1804 5865 2038 5924 NOTAE.

363 5971 476 6046 (96)
513 5976 569 6033 ln
604 5944 795 6033 codice
850 5972 1225 6032 Laurentiano
1263 5970 1465 6029 desunt
1514 5966 1847 6043 paragraplii
1885 5965 1975 6038 qui
2012 5967 2338 6034 sequuntur.
