4040 6298
502 320 606 384 847

1770 320 2048 392 LEONIS
2079 327 2548 390 PHILOSOPHI

3679 319 3792 385 818

503 439 634 509 quia
666 438 822 493 locus
854 445 1016 507 asper
1062 411 1226 510 atque
1257 441 1572 498 condcnsus
1606 453 1709 509 est,
1747 447 1835 499 vel
1871 455 2089 514 tempus

2200 455 2298 502 πος
2326 438 2402 502 ῶς
2423 437 2586 500 δασὺς
2619 435 2711 490 καὶ
2734 434 3019 508 δυσχερὴς,
3053 434 3086 508 ἢ
3123 436 3152 490 ὁ
3196 435 3387 507 καιρὸς
3430 434 3791 505 ἀπρόσφορός

505 533 907 603 importunum,
939 541 1019 598 ut,
1051 535 1264 606 magnis
1295 535 1596 608 frigoribus
1641 548 1737 595 aut
1784 539 2087 604 caloribus,

503 641 574 682 ne
606 635 718 679 tum
744 626 968 682 coneris
990 642 1114 682 cum
1142 628 1254 684 illis
1279 631 1544 700 prmliari,
1573 632 1670 688 sed
1702 633 1936 704 teipsum
1975 634 2091 688 col-

502 718 609 789 lige
633 707 838 788 potius,
870 726 925 773 et
971 719 1154 774 locum
1199 720 1456 777 idoneum
1501 725 1569 779 ad
1615 731 1797 780 castra
1837 725 2092 795 ponenda

501 828 709 884 quaere,
724 820 778 867 et
812 813 1068 884 proelium
1101 814 1260 870 differ
1289 815 1464 872 donec
1489 819 1935 875 commoditatem
1957 829 2095 876 tem-

505 907 658 977 poris
677 921 752 962 ac
784 907 885 963 loci
915 907 1155 979 aliquam
1193 909 1397 967 habeas
1435 931 1449 966 :
1486 928 1663 981 neque
1692 915 2008 972 committas
2037 927 2096 973 ut

501 998 716 1055 invitus
771 1014 897 1054 cum
950 1000 1060 1057 illis
1117 1000 1403 1074 conﬂigas.
1443 1001 1558 1060 Hoc
1610 1007 1656 1061 si
1705 1006 1926 1075 feceris,
1981 1024 2094 1065 non

502 1089 761 1149 inimicos
813 1091 1016 1165 fugies,
1077 1096 1172 1151 sed
1227 1096 1642 1152 incommodum
1703 1099 1888 1155 locum
1943 1101 2096 1158 devi-

503 1184 668 1244 tabis.

576 1281 666 1337 u.
705 1279 817 1339 Deo
852 1283 1140 1341 victoriam
1176 1285 1363 1356 dante,
1399 1295 1454 1344 et
1485 1289 1738 1347 hostibus
1766 1290 2092 1366 proﬂigatis,

502 1369 819 1430 abstineant
877 1376 1108 1433 omnino
1167 1379 1373 1436 milites
1425 1397 1457 1437 a
1508 1383 1868 1442 cadaveribus
1909 1387 2094 1443 inimi-

502 1480 693 1522 corum
724 1469 1056 1540 spoliandis.
1086 1471 1222 1529 Nam
1263 1475 1534 1532 cadavera
1571 1490 1665 1534 aut
1704 1480 2093 1552 impedimenta

503 1565 601 1612 aut
639 1571 826 1616 castra
870 1561 1112 1620 hostium
1166 1574 1295 1622 ante
1341 1567 1647 1639 perlectum
1711 1573 1839 1630 belli
1884 1576 2091 1632 exitum

503 1649 787 1719 invadere,
839 1655 996 1711 valde
1046 1657 1419 1729 periculosum
1463 1677 1529 1718 ac
1562 1665 1937 1736 perniciosum
1984 1678 2088 1726 est.

502 1741 696 1816 Itaque
736 1748 1169 1820 pmcipiendum
1225 1755 1455 1810 omnino
1492 1765 1595 1823 est,
1644 1766 1702 1812 ut
1755 1759 1880 1835 istis
1925 1762 2091 1819 rebus

2193 532 2343 584 ἐστιν
2395 523 2507 582 οἷον
2548 528 2749 582 πολλοῦ
2806 528 3100 599 χειμῶνος,
3152 527 3424 600 ἢόμοίως
3475 528 3786 600 καύματος,

2196 626 2272 696 μὴ
2307 621 2680 696 ἐπιτηδεύσῃς
2720 622 3023 693 συμϐαλεῖν
3059 624 3246 686 αὐτοῖς
3290 624 3322 696 ἢ
3351 623 3471 678 τότε
3505 625 3538 695 ἢ
3575 625 3785 677 ἐκεῖσε”

2195 719 2333 774 ἀλλά
2363 717 2640 782 σπούδαζε
2664 716 2868 790 μᾶλλον
2901 717 3157 787 συνάγειν
3182 719 3430 788 σεαυτὸν,
3480 720 3579 774 καὶ
3617 720 3792 774 τόπον

2197 812 2329 867 ἴδιον
2353 814 2578 884 κρατεῖν
2601 813 2681 877 εἰς
2702 811 2989 878 άπλικτον,
3013 813 3107 866 καὶ
3148 813 3444 882 ὑπερτίθου
3487 813 3688 885 μέχρις
3725 813 3792 869 ἂν

2197 907 2290 960 καὶ
2311 905 2480 959 τόπου
2513 904 2824 976 ἐπιτηδείου
2852 907 2948 960 καὶ
2968 905 3164 977 καιροῦ
3193 908 3398 978 ὁμοίως
3439 908 3789 980 εὐπορήσῃς,

2194 997 2291 1054 καὶ
2323 998 2398 1071 μὴ
2428 997 2705 1062 ἀκουσίως
2733 996 3041 1070 συμϐάλῃς.
3090 997 3265 1051 Τοῦτο
3299 997 3410 1069 γὰρ
3445 999 3623 1052 ποιῶν
3664 1001 3795 1070 οὐχὶ

2195 1089 2409 1163 ἐχθρῶν
2441 1091 2637 1164 φεύξῃ,
2672 1089 2810 1144 ἀλλὰ
2839 1091 2930 1146 τὸν
2972 1091 3349 1164 ἀνεπιτήδειον
3405 1095 3500 1146 καὶ
3535 1092 3797 1164 ἀσύμφοο

2198 1200 2291 1256 ρον
2320 1185 2489 1238 τόπον
2535 1184 2946 1256 φυλαττόμενος
2973 1184 3093 1259 ἔσῃ.

2266 1278 2348 1332 ιδ’.
2381 1277 2518 1332 Θεοῦ
2553 1277 2610 1333 δέ
2656 1277 2817 1348 νίκην
2873 1279 3213 1352 παρέχοντος
3272 1279 3368 1333 ἐὰν
3428 1280 3478 1333 οἱ
3529 1280 3800 1351 πολέμιοι

2191 1370 2501 1442 τραπῶσιν,
2537 1370 2843 1442 ἀπέχεσθαι
2881 1375 2994 1437 τοῖς
3037 1371 3402 1446 στρατιώταις
3429 1374 3799 1445 παράγγελλε

2193 1463 2289 1518 τοῦ
2325 1462 2609 1518 σκυλεύειν
2656 1465 2785 1528 τοὺς
2816 1464 3046 1533 νεκροὺς
3078 1467 3188 1520 τῶν
3223 1466 3453 1539 ἐχθρῶν·
3486 1468 3548 1521 τὸ
3598 1468 3714 1538 γὰρ
3760 1467 3796 1539 ἢ

2191 1559 2420 1629 νεκροὺς
2464 1558 2772 1625 σκυλεύειν,
2815 1559 3086 1631 ἢτοῧλδῳ
3135 1560 3168 1632 ἦ
3210 1561 3466 1631 φοσσάτῳ
3503 1562 3798 1634 πολεμίων

2192 1653 2524 1726 ἐπέρχεσθαι
2581 1653 2690 1727 πρὸ
2754 1653 2972 1718 τελείας
3030 1655 3314 1720 ἐκϐάσεως
3364 1655 3459 1726 τοῦ
3515 1657 3796 1726 πολέμου,

2193 1734 2428 1817 πρᾶγμα
2449 1745 2692 1817 ὀλέθριον
2740 1747 2837 1800 καὶ
2867 1745 3207 1800 ἐπικίνδυνόν
3236 1748 3408 1801 ἐστιν.
3440 1746 3532 1800 Διὸ
3578 1748 3692 1818 χρή
3729 1763 3794 1799 σε
3842 1761 3844 1763 '

503 1839 710 1894 milites
743 1842 1083 1901 abstineant.
1131 1846 1288 1914 Saepe
1320 1849 1466 1904 enim
1515 1851 1759 1910 victores
1785 1855 1991 1912 talibus
2020 1857 2089 1913 de

2200 1839 2710 1910 προπαραγγέλλειν
2763 1837 2828 1892 τὸ
2873 1838 3143 1903 παντοίως
3196 1837 3502 1910 ἀπέχεσθαι
3548 1839 3794 1894 τούτων.

501 1931 689 1986 causis
721 1947 832 1988 non
877 1935 1144 2006 superati,
1180 1952 1364 1994 verum
1407 1941 1604 1998 iterum
1640 1943 1893 2001 funditus
1925 1947 2086 2004 deleti

501 2032 654 2090 sunt,
692 2024 944 2083 hostibus
975 2029 1042 2085 de
1072 2030 1374 2104 improviso
1424 2033 1846 2096 incursantibus
1901 2048 1957 2096 et
1992 2056 2089 2112 pe-

503 2116 737 2174 riculum
776 2119 1168 2181 inferentibus.

573 2293 663 2349 15.
721 2293 989 2358 Hostibus
1034 2300 1150 2372 iam
1202 2305 1804 2382 appropinquantibus,
1869 2323 1925 2372 et
1981 2314 2088 2370 im-

503 2385 744 2444 minente
784 2388 949 2459 bello,
982 2395 1449 2465 quemadmodum
1498 2410 1629 2460 ante
1673 2405 2087 2477 admonuimus,

503 2493 613 2532 non
666 2481 833 2538 modo
890 2485 938 2539 si
993 2486 1051 2542 in
1119 2487 1353 2560 fossato,
1404 2494 1459 2550 id
1507 2505 1616 2564 est,
1667 2500 1869 2558 castris
1917 2502 2092 2574 copia

505 2582 613 2630 tua}
670 2576 897 2647 fuerint,
945 2581 1128 2655 ibique
1167 2585 1355 2643 hostes
1384 2595 1848 2665 exspectaverint,
1898 2595 2087 2656 fenum

502 2675 598 2722 aut
646 2671 800 2740 palea
857 2675 1021 2732 unius
1053 2685 1218 2751 atque
1252 2681 1485 2741 alterius
1526 2685 1636 2742 diei
1686 2688 1958 2759 iumentis
2003 2707 2091 2748 re-

502 2772 764 2833 ponetnr,
825 2767 920 2824 scd
969 2772 1135 2827 etiam
1183 2773 1228 2829 si
1286 2787 1470 2833 castra
1520 2791 1736 2837 moveat
1787 2786 2086 2856 exercitus,

503 2866 559 2948 et
598 2859 663 2914 ad
726 2861 832 2919 alia
883 2865 1003 2922 loca
1057 2882 1372 2937 commeare
1406 2875 1559 2943 velit,
1593 2885 1758 2948 atque
1794 2881 1973 2939 aciem
2014 2883 2086 2940 ibi

503 2947 804 3021 instruere,
854 2954 1042 3013 nanum
1094 2970 1190 3016 aut
1243 2965 1454 3034 paleam
1521 2947 1688 3025 unius
1735 2971 1843 3028 diei
1897 2989 2110 3031 secum‘

505 3041 707 3110 ferant,
739 3061 803 3103 ac
850 3049 902 3103 in
940 3052 1143 3108 castris
1174 3055 1292 3112 suis
1318 3071 1618 3128 reponant:
1649 3060 1906 3121 fortassis
1941 3067 2086 3122 enim

504 3137 662 3230 pueri
711 3144 768 3195 et
813 3140 1128 3202 administri
1195 3149 1427 3206 militum
1478 3152 1547 3208 ab
1591 3153 1848 3215 hostibus
1898 3158 2090 3230 prohi-

504 3228 737 3287 beantur
787 3248 856 3290 eo
900 3236 990 3293 die
1040 3238 1213 3308 exire,
1262 3250 1318 3297 et
1368 3241 1555 3301 fenum
1601 3262 1815 3316 secare,
1865 3223 1961 3308 aut
1996 3223 2162 3324 ρει-δ

505 3320 696 3381 bulum
755 3327 1038 3410 colligere,
1098 3345 1196 3392 aut
1243 3335 1497 3408 iumenta
1546 3339 1612 3401 ad
1653 3350 1874 3415 pastum
1927 3320 2090 3405 emit-

504 3421 643 3472 tere.

576 3508 668 3567 16.
722 3509 820 3570 Sin
867 3514 1057 3576 hostes
1118 3519 1444 3580 immineant
1491 3526 1676 3592 multi,
1735 3543 1846 3585 non
1889 3529 2089 3588 absur-

504 3601 637 3661 dum
687 3605 881 3676 fuerit,
932 3613 1398 3684 quemadmodum
1431 3629 1561 3676 ante
1589 3620 1855 3691 diximus,
1889 3641 2091 3681 unum-

504 3716 778 3773 quemque
833 3705 889 3760 in
924 3706 1126 3764 itinere
1180 3708 1435 3768 faciendo
1496 3713 1826 3772 frumentari
1879 3734 1942 3774 ac
1990 3737 2092 3791 pa-

506 3791 714 3860 bulari,
786 3804 952 3868 atque
1003 3801 1139 3856 illud
1193 3802 1250 3858 in
1303 3804 1507 3862 castris
1554 3823 1842 3879 reponere.
1907 3811 2092 3884 Neque

504 3890 650 3944 enim
702 3893 904 3950 castris
937 3893 1050 3966 jam
1108 3899 1328 3968 positis,
1362 3901 1516 3970 pueri
1567 3910 1623 3957 et
1667 3903 1981 3962 administri
2022 3906 2093 3963 ab

505 3982 783 4053 hostibus,
831 3989 874 4044 si
908 3993 1215 4060 praesertim
1268 3995 1481 4066 equites
1514 3996 1670 4052 multi
1721 3996 1948 4067 fuerint,
1996 4016 2092 4071 pa-

504 4078 752 4137 bulatum
813 4089 867 4138 et
907 4083 1301 4141 frumentatum
1354 4087 1435 4144 ire
1487 4090 1766 4145 sineutur.
1826 4088 1952 4147 Haec
1994 4093 2092 4150 abs

505 4183 558 4228 te
599 4181 728 4229 ante
776 4175 904 4236 belli
957 4177 1130 4246 diem,
1186 4181 1383 4251 partim
1435 4181 1840 4252 praecipienda,
1892 4186 2090 4255 partim

504 4255 847 4325 conficienda
879 4280 1034 4336 sunt,
1055 4280 1114 4330 ut
1147 4272 1443 4344 perfectior
1469 4290 1530 4332 ac
1548 4276 1869 4347 dispositior
1898 4277 2093 4348 praefe-

504 4368 724 4418 ctorum
751 4363 1099 4438 militumque
1129 4378 1348 4424 tuorum
1390 4369 1716 4427 constitutio
1750 4369 1865 4426 fiat.
1897 4354 2093 4427 Restat

506 4463 568 4510 ut
607 4455 675 4514 de
712 4455 835 4529 ipso
871 4457 1001 4515 belli
1035 4458 1147 4526 die,
1183 4460 1432 4538 quidque
1485 4462 1928 4540 persequendum
1992 4464 2092 4522 tibi

505 4550 751 4620 tuisque,
793 4560 848 4606 et
883 4567 916 4608 a
964 4553 1168 4624 quibus
1211 4542 1614 4629 refugientium
1643 4557 1740 4625 sit,
1771 4559 1968 4636 paucis
1998 4574 2091 4616 ex—

506 4645 818 4722 planemus.

854 4809 865 4816 _
962 4737 1432 4798 CONSTITUTIO
1483 4741 1629 4800 XIV.

1105 4831 1187 4892 De
1235 4833 1321 4889 die
1360 4833 1505 4892 belli.

580 4925 634 4981 i.
676 4924 791 4983 Hoc
833 4935 960 4984 ante
1001 4930 1186 4986 omnia
1224 4929 1658 5007 praecipiendum
1691 4939 1798 4997 est,
1833 4936 1894 4986 ut
1923 4946 2095 5002 purus

503 5034 568 5075 ac
613 5031 841 5077 sanctus
887 5020 1167 5080 exercitus
1216 5030 1347 5080 tuus
1401 5021 1495 5085 sit,
1543 5029 1598 5076 et
1644 5019 1820 5092 pridie
1874 5019 2095 5092 vesperi

503 5126 696 5186 preces
717 5111 966 5170 efﬁcaces
998 5128 1063 5170 ac
1089 5114 1369 5170 diuturna;
1392 5114 2097 5185 adbibeantur,omnesque

505 5206 620 5263 Deo
646 5216 1070 5277 consecrentur,
1111 5208 1299 5265 verbis
1344 5207 1618 5280 factisque
1654 5207 2098 5278 persuadeantur

506 5318 569 5358 se
618 5301 791 5358 Deum
845 5301 1155 5374 adiutorem
1200 5301 1428 5367 habere,
1485 5308 1650 5372 atque
1688 5301 1795 5357 hoc
1824 5300 1990 5357 modo
2024 5298 2094 5356 ad

505 5397 710 5454 bellum
769 5413 968 5470 puros,
1015 5398 1290 5467 sinceros,
1347 5398 1676 5469 alacresque
1729 5396 2053 5470 procedere.

571 5578 630 5638 2.
673 5577 802 5652 Ipso
849 5577 979 5638 belli
1012 5578 1105 5639 die
1148 5593 1219 5639 ne
1249 5578 1483 5639 multum
1526 5585 1580 5636 te
1612 5575 1830 5650 fatiges,
1875 5592 1945 5634 ne
1975 5578 2089 5638 las-

2191 1932 2459 1997 Πολλάκις
2488 1933 2596 2004 γὰρ
2621 1933 2716 1988 καὶ
2738 1934 2787 1986 οἱ
2817 1934 3146 2004 νικήσαντες
3165 1932 3253 1986 διὰ
3283 1930 3543 1986 τοιούτων
3564 1932 3796 2004 τρόπων

2189 2027 2251 2080 οὺ
2272 2027 2432 2098 μόνον
2460 2027 2794 2100 ἡττήθησαν,
2816 2027 2953 2082 ἀλλὰ
2990 2026 3084 2081 καὶ
3114 2025 3398 2081 ἀπώλοντο
3446 2025 3793 2097 σκορπεσανσ

2188 2135 2279 2183 τες
2312 2120 2562 2185 ἐαυτοὺς,
2598 2121 2693 2175 καὶ
2723 2119 2828 2174 ύπδ
2861 2120 2970 2173 τῶν
3020 2120 3232 2194 ἐχθρῶν
3290 2119 3792 2190 αἰφνιδιασθέντες,

2191 2214 2290 2266 καὶ
2327 2211 2504 2277 οὓτως
2525 2213 3003 2278 κινδυνεύσαντες.

2264 2302 2347 2360 ιε’.
2382 2307 2561 2378 Ὅπερ
2587 2305 2642 2360 δὲ
2666 2306 2800 2378 ἡμῖν
2832 2309 2926 2361 καὶ
2959 2307 3232 2380 πρότερον
3262 2306 3498 2379 εἴρηται,
3554 2305 3640 2360 δεῖ
3689 2305 3794 2375 pd-

2190 2397 2345 2454 λιστα
2377 2399 2485 2454 τῶν
2513 2399 2788 2473 πολεμίων
2817 2401 3170 2471 ἐγγιζόντων,
3203 2402 3301 2456 καὶ
3323 2401 3792 2475 προσδοκωμένου

2191 2491 2454 2564 πολέμου,
2489 2493 2577 2548 ῖνα
2609 2493 2706 2548 ἐὰν
2735 2493 2898 2567 διάγῃ
2938 2496 2996 2548 ἐν
3037 2495 3296 2568 φθσσάτῳ
3323 2497 3352 2549 ὀ
3396 2497 3651 2568 στρατὸς,
3691 2498 3794 2552 καὶ

2189 2589 2317 2654 τοὺς
2370 2588 2598 2662 ἐχθροὺς
2640 2589 2887 2661 ἀναμένῃ
2928 2589 3162 2657 ἐκεῖθεν,
3205 2592 3278 2662 μὴ
3323 2591 3794 2666 μόνονςεύτρεπῖ-

2191 2683 2329 2750 ζειν,
2363 2685 2461 2738 καὶ
2493 2684 2810 2739 ἀποτιθέναι
2843 2684 3040 2755 χόρτον
3079 2683 3110 2757 ἢ
3144 2685 3346 2759 ἄχυρον
3379 2687 3567 2759 μιᾶςῆ
3597 2686 3794 2742 δευτὲη

2195 2795 2294 2852 ρας
2353 2780 2571 2852 ἡμέρας
2625 2777 2736 2833 τῶν
2798 2777 3033 2848 ἀλόγων,
3059 2779 3196 2835 ἀλλὰ
3240 2782 3334 2834 καῖ⁸
3387 2781 3484 2834 ἐὰν
3514 2785 3727 2855 κινήσῃ
3766 2785 3796 2838 ὁ

2150 2914 2152 2916 τ
2194 2871 2447 2944 στρατὸς,
2481 2872 2580 2926 καὶ
2619 2871 2880 2945 βούληται
2911 2873 3010 2928 καὶ
3037 2874 3096 2927 ἐν
3145 2873 3321 2944 ἐτέρῳ
3371 2874 3601 2947 πλήκτῳ
3664 2876 3795 2948 (97)

2190 2967 2470 3033 ἀπελθεῖν,
2507 2966 2771 3032 ,κάκεῖθεν
2810 2967 3252 3040 παρατάξεσθαι,
3285 2968 3586 3052 ἀναγκαῖόν
3633 2970 3800 3024 ἐστιν

2192 3060 2335 3116 ὥστε
2362 3061 2554 3135 χόρτον
2585 3061 2619 3135 ἢ
2649 3061 2855 3135 ἀχνρον
2897 3061 3002 3117 κᾶν
3035 3063 3165 3134 μιᾶς
3192 3061 3406 3134 ἡμέρας
3463 3061 3796 3133 βαστάζειν,

2195 3156 2292 3210 καὶ
2319 3153 2495 3218 οὕτως
2542 3156 2601 3210 ἐν
2647 3154 2726 3227 τῷ
2776 3155 3056 3228 γενομένῳ
3123 3156 3380 3228 φοσσάτῳ
3427 3156 3796 3212 ἀποτίθεσθαι

2194 3246 2405 3302 τοῦτον·
2438 3247 2570 3312 ἴσως
2599 3246 2710 3319 γὰρ
2735 3247 2795 3301 οὐ
2829 3245 3245 3319 συγχωρούνται
3288 3246 3395 3301 ὑπὸ
3427 3245 3534 3300 τῶν
3572 3247 3797 3318 ἐχθρῶν

2193 3339 2243 3393 οἱ
2273 3337 2677 3411 ὑπηρετοῦντες
2700 3337 2889 3401 παῖδες
2919 3339 3056 3410 αὐτῇ
3088 3340 3155 3410 τῇ
3182 3337 3366 3411 ἡμέρᾳ
3400 3337 3659 3406 ἐξελθεῖν,
3688 3339 3799 3393 καὶ

2194 3426 2612 3499 χορτολογῆσαι,
2640 3425 2765 3482 οὔτε
2797 3427 2855 3481 δέ
2877 3428 2948 3482 τὰ
2985 3428 3156 3497 ἄλογα
3179 3431 3257 3493 εἰς
3276 3429 3478 3502 βοσκὴν
3509 3429 3794 3486 ἐκϐαλεῖν.

2267 3516 2366 3585 ις’.
2404 3520 2466 3573 Εἰ
2498 3519 2554 3574 δέ
2575 3520 2624 3574 oi
2666 3519 2855 3596 ἐχθροὶ
2907 3521 3041 3576 πολὺ
3070 3521 3406 3592 ἐγγίζουσιν,
3447 3522 3548 3576 οὒκ
3581 3523 3795 3578 ἄτοπον

2195 3615 2256 3669 ἐν
2287 3614 2367 3687 τῷ
2413 3618 2760 3687 περιπατεῖν,
2796 3615 2873 3680 ὡς
2919 3617 3017 3671 καὶ
3074 3615 3312 3688 ἀλλαχοῦ
3359 3619 3493 3688 ἡμῖν
3543 3619 3790 3690 εἴρηται,

2194 3709 2428 3768 ἕκαστον
2469 3707 2728 3778 συνάγειν
2771 3709 2865 3763 τὸν
2891 3710 3085 3782 χόρτον
3117 3709 3210 3764 τὸν
3251 3710 3538 3780 ὀφείλοντα
3589 3713 3796 3767 ἀποτεο

2197 3800 2377 3872 θῆναι.
2413 3801 2547 3855 Οὑδέ
2579 3800 2690 3874 γάρ
2723 3800 2861 3872 μετά
2900 3802 2961 3856 τὸ
2987 3802 3320 3858 ἀπλικεῦσαι
3345 3805 3610 3869 πολλάκις
3652 3824 3792 3875 συγ⁹

2196 3895 2502 3967 χωροῦνται
2557 3896 2607 3948 oi
2659 3894 2849 3959 παῖδες
2911 3895 3149 3962 ἐξελθεῖν
3193 3898 3288 3952 καὶ
3359 3898 3788 3970 χορτολογῆσαι,

2197 3986 2460 4041 πλειόνων
2507 3988 2742 4059 μάλιστα
2780 3987 3166 4062 καόαλλαρίων
3216 3990 3327 4044 τῶν
3365 3991 3580 4064 ἐχθρῶν
3635 3993 3792 4065 εὑρι-

2199 4081 2502 4152 σκομένων.
2545 4081 2731 4137 Ταῦτα
2769 4082 2868 4154 μέν
2893 4100 2977 4138 σοι
3001 4084 3108 4156 πρὸ
3137 4083 3235 4154 τῆς
3259 4083 3353 4138 τοῦ
3387 4085 3628 4156 πολέμου
3657 4103 3793 4155 συμ-

2195 4173 2383 4245 ϐολῆς,
2411 4173 2479 4228 τὰ
2499 4175 2596 4245 μὲν
2622 4175 3033 4243 διατάσσεσθαι,
3062 4178 3132 4232 τά
3159 4177 3215 4232 δὲ
3243 4176 3683 4249 διαπράττεσθαι
3709 4181 3793 4244 εις

2195 4269 2581 4341 ἐντελεστέραν
2610 4268 2850 4342 μάθησιν
2882 4269 2994 4324 τῶν
3021 4289 3080 4326 τε
3127 4271 3233 4326 ύπδ
3285 4272 3344 4326 σέ
3379 4271 3658 4344 ἀρχόντων
3690 4274 3789 4327 καὶ

2194 4362 2303 4416 τῶν
2335 4361 2688 4434 στρατιωτῶν
2705 4364 3156 4435 παρακελεύομεν
3172 4383 3186 4396 θ
3207 4365 3336 4436 ἐξῆς
3361 4365 3418 4420 δέ
3445 4366 3538 4421 καῖ⁵
3557 4367 3660 4420 ὅσα
3678 4365 3788 4438 χρὴ

2197 4455 2311 4510 εἴτε
2370 4457 2545 4510 ποιεῖν
2591 4456 2704 4511 εἴτε
2762 4458 3287 4529 παραφυλάττεσθαι
3341 4459 3480 4531 μετά
3520 4457 3622 4527 τῆς
3679 4459 3791 4512 ὑπὸ

2200 4549 2262 4601 σέ
2294 4547 2576 4619 δυνάμεως
2609 4547 2667 4602 ἐν
2717 4549 2854 4620 αὐτῇ
2886 4552 2951 4621 τῇ
2986 4550 3170 4623 ἡμέρᾳ
3219 4551 3318 4623 τῆς
3355 4549 3630 4624 συμϐολῆς
3690 4550 3816 4605 τοῦ.

2201 4639 2466 4713 πολέμου,
2501 4640 2644 4695 κατά
2673 4639 2906 4713 δύναμιν
2927 4643 3029 4714 ἤδη
3055 4642 3317 4715 ἐροῦμεν.

2780 4736 3093 4790 ΔΙΑΤΑΞΙΣ
3121 4735 3220 4793 iA'.

2407 4826 2551 4896 napi
2581 4826 2692 4898 τῆς
2719 4827 2947 4899 ἡμέρας
2973 4829 3082 4884 τοῦ
3128 4830 3401 4903 πολέμου
3433 4830 3568 4906 (98).
3861 4901 3864 4909 ι

2268 4917 2337 4975 α’.
2385 4919 2788 4992 ’Υποτιθέμεθα
2848 4921 2941 4977 οὖν
2989 4940 3092 4988 σοι,
3140 4917 3187 4978 ὧ
3244 4926 3541 4996 στῳτηγέ,
3587 4927 3698 4998 πρό
3726 4944 3791 4998 γε

2200 5013 2420 5069 πάντων
2466 5016 2526 5070 ἐν
2570 5018 2638 5088 τῇ
2692 5015 2882 5090 ἡμέρᾳ
2924 5016 3019 5072 τοῦ
3056 5017 3298 5090 πολέμου
3356 5019 3595 5091 καθαρὸν
3641 5016 3790 5074 εἶναι

2198 5109 2292 5163 τὸν
2323 5109 2586 5180 στρατὸν,
2627 5110 2726 5165 καὶ
2763 5110 2931 5184 εὐχὴν
2987 5111 3243 5182 γενέσθαι
3290 5112 3392 5180 ⁸διὰ
3441 5112 3543 5184 τῆς
3589 5115 3790 5180 νυκτὸς

2197 5202 2425 5274 ἐκτενῆ,
2483 5204 2578 5258 καὶ
2628 5203 2715 5258 διὰ
2745 5203 2854 5257 τῶν
2906 5203 3098 5276 ἱερέων
3149 5198 3485 5275 ἀγιασθῆνιι
3546 5205 3783 5274 πάντας,

2197 5299 2294 5357 καὶ
2321 5295 2495 5362 οὕτως
2521 5298 2615 5352 καὶ⁵
2652 5298 2837 5366 ἔργοις
2866 5299 2963 5353 καὶ
3011 5299 3192 5369 λόγοις
3241 5300 3534 5369 πεισθῆναι
3571 5300 3655 5354 δτι
3690 5301 3785 5356 τὸν

2193 5389 2326 5445 Θεὸν
2347 5388 2532 5463 έχουσι
2556 5390 2771 5462 βοηθὸν,
2811 5391 2906 5446 καὶ
2936 5391 3030 5445 ἐπὶ
3055 5391 3216 5447 τοῦτο
3241 5393 3466 5464 κινῆσαι
3515 5393 3650 5466 πρὸς
3689 5394 3784 5450 τὸν

2195 5482 2436 5554 πόλεμον
2454 5483 2740 5557 λαμπροὺς
2770 5482 2865 5538 καὶ
2881 5483 3218 5556 προθύμους.

2269 5576 2335 5655 β’.
2360 5577 2428 5633 Σέ
2458 5577 2514 5637 δὲ
2546 5578 2717 5633 πολλὰ
2745 5580 2927 5635 πονεῖν
2951 5581 3008 5633 ἐν
3039 5578 3106 5652 τῇ
3136 5576 3322 5654 ἡμέρᾳ
3350 5579 3450 5652 τῆς
3481 5575 3786 5654 συμϐολῆς,

2025 5696 2234 5758 NOTAE
2245 5741 2258 5756 .

583 5809 697 5880 (97)
743 5806 1018 5880 Πλήκτῳ.
1058 5803 1268 5880 Scribe,
1302 5802 1586 5880 ἀπλῄκτιρ.

585 5865 700 5959 (98)
737 5865 923 5937 Codex
955 5865 1364 5935 Laurentianus
1411 5865 1496 5933 liis
1531 5865 1745 5930 duobus
1779 5869 1970 5947 primis
1997 5867 2358 5944 paragraphis
2389 5865 2617 5925 mutilus
2649 5871 2751 5923 est.
