4020 6312
252 395 378 462 849

1323 407 1660 471 TACTICA.
1696 436 1764 448 -
1799 409 2310 474 CONSTITUTIO
2344 415 2500 475 XIV.

3447 414 3555 480 8&0

261 515 360 567 ἵνα
407 513 486 587 μὴ
511 511 588 584 τῷ
610 513 790 586 πολλῷ
835 515 991 588 κόπῳ
1031 515 1122 570 καὶ
1147 516 1214 589 τῇ
1249 521 1511 593 συντριϐῇ
1549 521 1661 575 τῶν
1691 522 1864 592 ἀναγ-

1974 524 2213 580 situdine
2249 541 2313 581 ac
2361 526 2780 595 perturbatione
2830 529 3014 600 aliqua
3066 545 3249 585 rerum
3298 543 3558 586 necessa-

255 607 451 661 καίων
486 607 872 680 ἐπιλανθάνῃς,
907 609 1076 680 μηδὲν
1113 611 1506 684 κατολιγωρεῖν
1541 631 1599 668 σε
1629 615 1736 669 ἀπὸ
1763 616 1864 686 τῆς

256 702 584 770 φροντίδος,
621 699 758 755 ἀλλὰ
813 701 1067 773 ἀνθηρῶς
1108 703 1204 756 καὶ
1247 704 1533 775 εὐθαρσῶς
1588 706 1864 778 παρέρχε-

258 793 400 849 σθαι
436 795 533 868 τὴν
580 792 910 868 παράταξιν,
943 796 1037 848 καὶ
1069 796 1499 868 προθυμοποιεῖν
1528 800 1738 864 πάντας
1774 800 1864 855 διὰ

253 884 325 939 λό
339 905 454 956 {om

348 979 411 1050 τ’.
441 983 548 1036 Καὶ
569 983 644 1055 μὴ
669 982 1082 1052 συμπλέκεσθαι
1106 985 1222 1048 τοῖς
1246 983 1524 1054 πολεμίοις
1539 983 1624 1038 διὰ
1647 985 1829 1057 χειρός
1847 1000 1862 1016 ’

258 1075 620 1146 στρατιώτου
681 1077 794 1147 γὰρ
851 1076 884 1146 ἢ
937 1076 1250 1146 στρατηγοῦ
1301 1078 1415 1146 (99)
1463 1077 1622 1130 τοῦτό
1668 1079 1817 1132 ἐστιν
1847 1094 1864 1112 ο

254 1168 411 1223 ἀλλὰ
449 1172 621 1222 ποιεῖν
659 1185 717 1222 σε
748 1168 847 1240 μὲν
869 1169 936 1223 τὰ
969 1170 1284 1239 ἁρμόζοντα
1319 1169 1518 1234 πάντα,
1555 1171 1613 1224 ὲν
1668 1173 1864 1242 ἐπιτη-

256 1262 405 1333 δείῳ
441 1261 496 1315 δὲ
531 1263 783 1314 ἵστασθαι
825 1264 998 1332 τόπῳ,
1021 1262 1144 1316 ὅθεν
1199 1261 1336 1334 ὁρᾷν
1379 1261 1608 1317 δύνασαι
1639 1263 1768 1327 τούς
1805 1281 1866 1318 τε

255 1352 738 1424 ἀγωνιζομένους,
768 1352 864 1406 καὶ
894 1353 1041 1417 τοὺς,
1074 1351 1152 1416 ὡς
1177 1351 1344 1415 εἰκὸς,
1372 1351 1734 1421 ἀμελοῦντας,
1770 1350 1869 1405 καὶ

256 1445 608 1516 ἐπεύχεσθαι
655 1445 725 1498 τὰ
754 1445 966 1499 δέοντα.
995 1444 1104 1498 Καὶ
1157 1443 1482 1508 σπουδάζειν
1528 1444 1618 1498 διὰ
1657 1445 1767 1499 τῶν
1809 1447 1867 1498 ἐν

256 1536 615 1608 ὑποσοηθείᾳ.
666 1536 839 1590 ὅντων
890 1534 1244 1607 συναίρεσθαι
1274 1535 1353 1606 τῷ
1384 1535 1621 1607 δεομένῳ
1685 1537 1865 1609 μέρει,

257 1629 422 1684 τοῦτ’
448 1629 564 1683 ἐστι
592 1629 679 1684 διὰ
694 1629 800 1682 τῶν
833 1627 1293 1698 πλαγιοφυλάκων
1324 1630 1418 1683 καὶ
1445 1628 1864 1698 νωτοφυλάκων.

338 1720 410 1777 δ’.
454 1722 580 1776 Ἐὰν
616 1723 713 1793 μὲν
769 1716 863 1777 οὖν
923 1722 982 1774 ὲν
1042 1723 1161 1784 ταῖς
1193 1722 1533 1793 παρατάξεσί
1572 1740 1666 1776 σου
1729 1725 1869 1794 πρὸς

261 1816 504 1882 τοξότας
552 1816 699 1870 ἐστὶν
743 1816 771 1870 ό
827 1813 1085 1886 πόλεμος,
1145 1815 1273 1878 τοὺς
1321 1815 1602 1888 δυσχερεῖς
1646 1815 1864 1880 τόπους,

263 1911 371 1965 καὶ
409 1911 538 1975 τοὺς
573 1909 850 1982 πρόποδας
893 1907 1003 1961 τῶν
1040 1907 1235 1980 ὀρέων,
1267 1908 1435 1979 ἡγουν
1478 1909 1578 1974 τὰς
1644 1909 1867 1980 πρώτας

264 2001 578 2064 ἀναϐάσεις
602 2002 695 2055 ἐπὶ
725 1999 794 2054 τὰ
820 1999 944 2072 δρη,
977 1999 1206 2064 τούτους
1251 1999 1546 2069 φυλάττου,
1577 2000 1673 2054 καὶ
1706 2001 1780 2072 μὴ
1809 2003 1868 2056 ὲν

263 2098 462 2159 αὐτοῖς
513 2093 790 2165 σύμϐαλλε
836 2094 936 2163 τὴν
993 2094 1198 2163 μάχην,
1245 2092 1298 2145 εί
1331 2109 1393 2161 γε
1420 2093 1643 2146 δυνατόν
1695 2093 1864 2147 ἐστιν.

261 2190 386 2243 Καὶ
417 2189 452 2260 ἢ
487 2190 547 2241 ὲν
568 2187 646 2258 τῷ
672 2186 798 2256 ὕψει
823 2184 922 2257 τὴν
948 2185 1257 2258 παράταξιν
1284 2184 1539 2251 Ειιτασσε,
1574 2185 1606 2258 ἢ
1639 2185 1867 2251 τελείως

263 2268 544 2336 ἀπόϐαινε
574 2280 669 2336 τοῦ
723 2280 905 2352 ὅρους,
929 2279 1022 2333 καὶ
1083 2280 1142 2333 ὲν
1182 2278 1523 2354 ὀμαλωτέρῳ
1544 2284 1640 2335 καὶ
1671 2281 1868 2353 γυμνῷ

262 2376 429 2447 τόπῳ
497 2372 876 2446 παρατάσσου,
913 2372 998 2425 ἵνα
1052 2369 1128 2442 μὴ
1168 2370 1279 2426 τῶν
1314 2371 1545 2443 ἐχθρῶν,
1574 2371 1650 2436 ὡς
1697 2371 1866 2439 εἰκὸς,

265 2470 491 2524 ἐκεῖθεν
546 2466 936 2540 ἐνεδρευόντων
983 2463 1092 2519 ἀπὸ
1160 2463 1255 2519 τοῦ
1297 2462 1466 2536 ὕψους
1522 2465 1558 2537 ἡ
1614 2463 1870 2538 παράτα-

266 2563 355 2631 ξις
385 2561 466 2636 (1)
498 2561 712 2633 ἀθρόως
757 2560 1035 2632 βιάζηται.

339 2652 406 2710 ε’.
451 2655 614 2709 Ἀλλὰ
662 2654 796 2726 μηδὲ
837 2654 1154 2725 συμπλέκου
1196 2651 1500 2726 παρατάξει
1566 2640 1862 2722 πολεμίων,

266 2748 418 2820 μηδὲ
454 2749 553 2820 τὴν
590 2746 726 2801 ἰδίαν
770 2764 870 2816 σου,
910 2747 1228 2818 προδείκνυε
1272 2746 1481 2810 αὐτοῖς,
1516 2743 1647 2816 πρὶν
1673 2742 1741 2797 ἂν
1765 2743 1866 2814 τὴν

261 2843 434 2908 τάξιν
488 2841 668 2895 αὐτῶν
722 2843 1086 2911 κατανοήσῃς,
1130 2839 1224 2893 καὶ
1272 2838 1389 2903 τὰς,
1441 2837 1518 2901 ὡς
1561 2834 1728 2899 εἰκὸς,
1764 2853 1864 2906 με-

262 2935 595 3006 λετωμένας
632 2933 762 3004 παρ’
786 2931 964 2986 αὐτῶν
991 2932 1214 3003 ἐνέδρας
1244 2930 1363 3001 ἦτοι
1394 2927 1861 3002 ὲγκρύμματαθὶ)

264 3028 407 3084 miti
417 3028 713 3099 πραγμονή
722 3043 843 3099 σῃς.

1967 618 2176 672 riarum
2225 619 2599 684 obliviscaris,
2642 637 2820 692 neque
2866 639 2998 677 cura
3056 635 3148 678 aut
3187 624 3560 680 sollicitudine

1966 715 2343 778 excrucieris,
2413 715 2510 769 sed
2579 724 2805 771 strenue
2857 726 3021 785 atque
3084 717 3342 770 alacriter
3387 717 3557 770 aciem

1967 813 2239 872 transeas,
2287 815 2342 861 et
2373 806 2625 861 oratione
2657 815 2750 861 tua
2777 807 3023 862 omnium
3067 807 3283 862 animos
3323 807 3557 862 excites.

2038 1003 2093 1058 3.
2135 1001 2325 1074 Neque
2377 1004 2526 1059 enim
2576 1005 2831 1061 manibus
2887 1006 3162 1061 consertis
3218 1021 3342 1060 cum
3401 1005 3561 1061 hoste

1967 1095 2263 1167 conﬂigere
2321 1098 2677 1168 imperatoris
2732 1109 2836 1162 est,
2894 1099 2990 1152 sed
3048 1113 3168 1167 quas
3223 1097 3370 1152 facto
3418 1114 3560 1168 opus

1969 1198 2098 1246 sunt
2155 1191 2474 1261 providere,
2543 1201 2597 1246 et
2659 1190 2972 1258 idoneolin
3037 1192 3156 1244 loco
3214 1201 3404 1256 stare,
3462 1191 3557 1245 ubi

1968 1284 2217 1351 aspicere
2258 1284 2586 1340 dimicantes
2622 1284 2818 1355 possit,
2870 1293 2924 1338 et
2955 1284 3171 1339 solutos
3214 1284 3559 1353 ignaviisque

1969 1373 2160 1430 incitet
2209 1374 2276 1430 ad
2317 1377 2575 1430 alacriter
2632 1376 2834 1430 bellum
2885 1375 3226 1446 gerendum,
3267 1384 3429 1445 atque
3478 1374 3563 1428 af-

1967 1467 2128 1522 ﬂictae
2163 1469 2303 1538 parti
2343 1469 2562 1524 studeat
2593 1468 2857 1525 subsidiis
2883 1469 3023 1533 suis,
3063 1467 3116 1521 id
3148 1475 3235 1523 est
3290 1467 3558 1525 laterariis

1967 1568 2022 1616 et
2075 1562 2457 1633 tergistitibus,
2488 1577 2648 1635 opem
2688 1561 2852 1617 ferre.

2038 1739 2093 1795 4.
2138 1739 2196 1794 Si
2232 1739 2525 1796 adversum
2574 1740 2896 1813 sagittarios
2949 1741 3151 1798 bellum
3208 1740 3388 1812 cepiis
3446 1740 3558 1796 tuis

1972 1832 2387 1904 suscipiendum
2444 1835 2574 1900 erit,
2625 1835 2870 1891 locorum
2907 1835 3233 1906 asperitates
3289 1843 3343 1889 et
3394 1834 3559 1904 pedes

1973 1928 2261 1996 lateraque
2317 1926 2586 1982 montium
2627 1927 2945 1999 primosque
2977 1941 3319 1982 conscensus
3350 1925 3555 1990 devita,

1967 2028 2023 2075 et
2064 2020 2107 2074 si
2165 2018 2280 2073 ﬁeri
2339 2021 2535 2089 possit,
2583 2035 2931 2091 nequaquam
2985 2021 3039 2074 in
3089 2035 3152 2074 ea
3209 2027 3366 2091 parte
3417 2035 3552 2075 cono

1970 2115 2148 2188 lligas,
2183 2125 2237 2171 et
2271 2115 2354 2170 vel
2389 2115 2447 2172 in
2476 2117 2701 2172 editiori
2735 2129 2891 2189 parte
2945 2118 3150 2174 montis
3197 2118 3388 2187 c0pias
3437 2127 3560 2174 tuas

1968 2213 2170 2277 locato,
2223 2210 2309 2266 vel
2361 2210 2586 2266 omnino
2618 2226 2647 2265 a
2695 2222 2884 2269 monte
2913 2213 3163 2276 recedas,
3195 2219 3249 2266 et
3280 2213 3334 2267 in
3367 2227 3554 2283 aequa-

1969 2301 2151 2357 biliori
2207 2301 2330 2358 loco
2383 2300 2674 2372 magisque
2729 2304 2898 2374 plano
2943 2303 3114 2358 aciem
3174 2303 3440 2364 instruas.
3498 2312 3560 2357 ut

1971 2410 2039 2448 ne
2087 2393 2277 2450 hostes
2317 2396 2550 2451 insidias
2584 2395 2898 2458 molientes,
2945 2410 3008 2450 ex
3039 2395 3404 2450 etninentiore
3438 2393 3562 2449 loco

1971 2485 2028 2542 in
2077 2501 2177 2542 vos
2238 2487 2525 2544 invadant.

2037 2672 2093 2728 5.
2130 2669 2244 2727 Nec
2288 2686 2419 2728 vero
2452 2685 2576 2727 cum
2623 2670 2865 2726 hostium
2918 2669 3037 2726 acie
3088 2668 3376 2740 conﬂigas,
3423 2683 3560 2724 neve

1969 2775 2116 2822 tuam
2169 2766 2277 2821 illis
2310 2765 2483 2820 aciem
2517 2772 2941 2825 commonstres,
2977 2763 3298 2833 priusquam
3340 2761 3557 2818 illorum

1967 2857 2141 2913 aciem
2190 2856 2520 2911 instructam
2566 2854 3048 2919 animadverteris,
3101 2863 3157 2910 et
3203 2855 3423 2909 illorum
3477 2851 3561 2906 in-

1966 2948 2140 3006 sidias
2183 2948 2606 3018 molitionesque
2643 2947 3028 3017 exquisivcrls.

342 3121 422 3188 ς’.
478 3123 603 3176 Ἐὰν
647 3121 704 3175 δὲ
731 3124 778 3174 οἱ
809 3119 986 3185 τόποι,
1019 3115 1197 3182 ἔνοῖς
1252 3116 1455 3192 μέλλῃς
1511 3116 1861 3187 συμϐάλλειν,

2043 3133 2098 3191 6.
2158 3132 2217 3189 Si
2264 3132 2382 3188 loca
2429 3130 2484 3186 in
2523 3131 2726 3202 quibus
2771 3127 3136 3184 conﬂicturus
3166 3141 3247 3192 es,
3287 3132 3475 3196 aperta
3503 3130 3558 3179 et

264 3214 479 3285 γυμνοί
507 3213 611 3265 εἰσι
640 3211 734 3265 καὶ
774 3211 998 3273 πεδινοὶ,
1027 3208 1124 3263 καὶ
1166 3209 1265 3262 οὐκ
1294 3207 1442 3262 ἐστιν
1485 3207 1728 3272 εὐκόλως
1758 3209 1862 3280 τὴν

264 3306 542 3377 δευτέραν
577 3322 671 3359 σου
712 3304 867 3369 τάξιν
917 3302 1184 3373 κρύπτειν
1224 3301 1283 3355 έν
1311 3302 1515 3366 αὐτοῖς,
1557 3301 1638 3365 είς
1676 3303 1739 3355 τὸ
1789 3300 1865 3373 μὴ

265 3404 398 3465 τοὺς
433 3399 668 3470 ἐχθροὺς
719 3397 1121 3470 προγινώσκειν
1152 3397 1208 3450 ὲν
1236 3395 1311 3468 τῷ
1342 3399 1513 3451 κινεῖν
1558 3395 1651 3449 τὸν
1702 3413 1868 3469 στρα-

266 3497 362 3549 τὸν
389 3497 477 3558 εΞς
503 3494 599 3565 τὴν
629 3494 830 3565 μάχην.
860 3491 1112 3546 ἐντεῦθεν
1149 3490 1251 3562 ἤδη
1294 3494 1392 3559 τὴν
1421 3490 1680 3563 δευτέραν
1713 3489 1866 3556 τάξιν

270 3586 614 3642 κατόπισθεν
675 3584 775 3654 τῆς
836 3582 1062 3656 πρώτης
1129 3583 1358 3654 πλησίον
1446 3580 1885 3636 συνακολουθεῖν

271 3683 530 3752 ποίησον,
563 3679 704 3732 ὥστε
731 3680 830 3744 τὰς
859 3680 953 3734 δύο
993 3681 1074 3745 είς
1109 3677 1240 3749 μίαν
1262 3679 1376 3740 τοῖς
1418 3675 1687 3739 ἐναντίοις
1733 3675 1864 3746 φαί-

270 3776 489 3830 νεσθαι.
521 3775 687 3828 Ὅταν
719 3774 778 3827 δὲ
821 3774 928 3828 ἀπὸ
959 3774 1077 3837 ἑνὸς
1116 3773 1192 3845 (5)
1221 3771 1404 3844 μιλίου
1433 3770 1534 3841 τῆς
1572 3770 1679 3825 τῶν
1704 3769 1864 3824 πολε-

273 3868 420 3940 μίων
453 3869 680 3939 γένηται
713 3865 1110 3937 παρατάξεως·
1134 3865 1258 3919 τότε
1282 3864 1380 3937 τὴν
1396 3863 1656 3936 δευτέραν
1688 3862 1866 3935 χρεὼν

273 3962 399 4017 κατ’
429 3961 611 4031 ὀλίγον
637 3961 1083 4032 ὲμὸραδύνουσαν
1104 3958 1360 4030 χωρίζειν
1383 3956 1551 4029 αὐτὴν
1583 3957 1685 4028 τῆς
1716 3956 1867 4028 πρώ-

269 4072 376 4127 της
428 4055 494 4109 τὸ
517 4054 810 4126 εἰρημένον
834 4054 1134 4123 διάστημα,
1161 4052 1255 4106 καὶ
1284 4053 1362 4116 είς
1393 4051 1455 4105 τὸ
1502 4050 1634 4103 ίδιον
1677 4053 1866 4136 σχῆμα

273 4148 565 4219 καθιστᾷν,
597 4148 739 4201 ὥστε
766 4140 908 4200 εἶναι
931 4146 1192 4217 δευτέραν
1244 4142 1573 4216 παράταξινο
1612 4142 1866 4197 ἐντεῦθεν

271 4242 385 4314 γὰρ
415 4245 533 4306 τοῖς
556 4241 836 4312 πολεμίοις
857 4240 960 4294 οὐκ
987 4236 1298 4309 εὖγνωστος
1333 4236 1441 4308 πρὸ
1475 4234 1673 4290 πολλοῦ
1704 4237 1737 4310 ἡ
1765 4236 1865 4290 τά·

273 4335 358 4403 εις
376 4335 615 4405 γίνεται.

348 4423 416 4490 ζ’.
447 4425 560 4489 Τὰς
612 4423 667 4477 δὲ
721 4422 1105 4494 ὑποχωρήσεις
1151 4421 1246 4476 καὶ
1289 4419 1470 4492 φυγὰς
1504 4417 1614 4474 τῶν
1650 4417 1863 4491 ἐχθρῶν

1969 3227 2299 3299 campestria
2365 3226 2499 3289 sint,
2553 3232 2608 3280 et
2674 3222 2819 3279 haud
2875 3223 3012 3278 satis
3058 3220 3346 3278 commode
3397 3219 3560 3273 liceat

1968 3317 2264 3375 secundam
2300 3318 2473 3372 aciem
2521 3325 2670 3370 tuam
2719 3315 3018 3380 occultare,
3058 3322 3116 3367 ut
3153 3328 3221 3368 ne
3271 3313 3326 3367 in
3359 3310 3558 3366 itinere

1969 3411 2222 3468 faciendo
2289 3410 2582 3464 adversum
2659 3407 2846 3461 hostes
2904 3411 3201 3476 appareat,
3255 3417 3376 3457 eam
3442 3399 3556 3469 jam

1968 3519 2138 3576 prope
2179 3502 2411 3571 primam
2463 3500 2639 3552 aciem
2700 3498 2983 3561 abducito,
3029 3505 3088 3549 ut
3135 3495 3257 3547 dum
3291 3492 3372 3547 Ιιιε
3409 3491 3559 3546 acies

1968 3611 2078 3652 una
2125 3596 2306 3650 solum
2360 3609 2486 3650 esse
2518 3591 2773 3647 hostibus
2802 3587 3096 3644 videantur
3125 3603 3140 3652 ;
3177 3585 3397 3655 quando
3429 3598 3560 3638 vero

1968 3689 2035 3744 ad
2096 3689 2258 3742 unius
2315 3685 2572 3740 milliaria
2634 3683 2877 3752 spatium
2951 3681 3021 3734 ab
3085 3680 3325 3734 hostium
3384 3677 3561 3744 copiis

1968 3780 2269 3845 abfuerint,
2301 3790 2413 3833 tum
2467 3775 2710 3832 secunda
2755 3775 2905 3830 acies
2946 3772 3230 3844 paululum
3284 3787 3344 3826 se
3378 3779 3558 3824 retar—

1969 3875 2090 3942 det,
2134 3882 2300 3942 atque
2353 3888 2381 3925 a
2438 3871 2611 3942 prima
2672 3869 2791 3924 acie
2837 3868 2905 3924 ad
2958 3867 3164 3936 justum
3213 3865 3557 3920 intervallum

1922 3964 1925 3965 ⁷
1969 3983 2029 4025 se
2077 3975 2312 4037 separet,
2369 3974 2423 4021 et
2468 3963 2534 4017 ad
2583 3977 2740 4017 suam
2789 3962 3046 4026 formam,
3090 3974 3254 4030 quam
3299 3968 3422 4013 ante
3471 3973 3560 4012 se-

1968 4062 2160 4114 cundze
2210 4059 2346 4113 aciei
2398 4056 2825 4126 descripsimus,
2864 4055 3104 4110 redeat:
3144 4053 3271 4108 inde
3337 4051 3446 4113 ﬁet,
3500 4059 3561 4104 ut

1967 4163 2174 4210 nostra:
2203 4153 2339 4208 aciei
2393 4160 2696 4223 apparatus
2727 4165 2894 4223 quam
2937 4149 3162 4204 minime
3197 4146 3267 4201 ab
3307 4143 3559 4200 hostibus

1967 4251 2359 4317 cognoscatur.

2040 4423 2093 4481 7.
2134 4423 2511 4480 Discessiones
2565 4423 2838 4496 fugasque
2891 4423 3128 4478 hostium
3160 4420 3451 4490 diligenter
3477 4427 3565 4472 at-

277 4518 542 4584 σκέπτου,
573 4519 667 4570 καὶ
715 4518 789 4588 μὴ
829 4516 1083 4588 ἀκρατῶς
1136 4515 1417 4587 έπίτρεχε,
1448 4513 1537 4568 διὰ
1581 4514 1650 4567 τὰ
1704 4512 1861 4580 σοφί-

1974 4515 2154 4580 tende,
2190 4531 2369 4585 neque
2397 4516 2835 4586 intemperanter
2869 4523 3090 4584 propter
3132 4514 3371 4567 hostium
3405 4511 3564 4565 falla-

278 4629 490 4683 σματα,
526 4610 602 4675 ὠς
659 4610 826 4677 εἰκὸς,
857 4609 1143 4680 γινόμενα,
1180 4607 1318 4663 ἀλλὰ
1375 4607 1515 4679 μετὰ
1550 4606 1865 4674 συντάξεως

277 4703 463 4773 δίωκε,
496 4706 599 4769 ἓως
639 4705 812 4776 λάϐῃς
857 4702 1232 4775 πληροφορίαν
1279 4701 1378 4772 τῆς
1411 4700 1716 4771 ἀσφαλείας
1765 4700 1864 4789 τῆς

278 4797 462 4871 νίκης.

348 4897 424 4963 η’.
464 4891 590 4945 Ἐὰν
618 4891 674 4945 δὲ
710 4890 819 4944 ἀπὸ
869 4890 979 4944 τῶν
1035 4888 1247 4962 ἐχθρῶν
1306 4888 1592 4952 ὲπέλευσις
1649 4887 1861 4962 μηνυθῇ

279 4978 422 5033 κατὰ
451 4978 551 5049 τῆς
587 4980 812 5050 πρώτης
844 4979 1227 5050 παρατάξεως.
1261 4978 1356 5032 καὶ
1387 4979 1487 5031 οὐκ
1517 4977 1633 5031 ἔστι
1682 4978 1798 5043 πῶς
1827 4977 1861 5050 ἢ

279 5066 372 5123 διὰ
415 5069 526 5124 τῶν
578 5069 1057 5138 πλαγιοφυλάκων,
1129 5069 1161 5138 ἦ
1219 5068 1306 5122 διὰ
1356 5068 1464 5121 τῶν
1501 5070 1583 5132 εἰς
1642 5068 1861 5140 ἐνέδραν

281 5163 427 5216 κατὰ
472 5162 582 5216 τῶν
626 5161 838 5232 ἐχθρῶν
882 5161 1258 5232 πεμπομένων
1303 5160 1539 5232 βοηθεῖν,
1575 5161 1697 5214 τότε
1743 5161 1861 5214 δέον

283 5254 346 5307 ὲκ
363 5255 470 5309 τῶν
506 5256 587 5318 εἰς
620 5255 688 5307 τὰ
733 5254 877 5326 άκρα
913 5257 1012 5320 τῆς
1042 5254 1302 5326 δευτέρας
1340 5252 1702 5325 παρατάξεως
1724 5270 1860 5307 τασ-

285 5346 528 5418 σομένων
559 5346 766 5418 βάνδων
816 5346 1202 5418 μετατίθεσθαι
1255 5347 1336 5410 είς
1388 5345 1698 5408 αὑτούς·εί
1758 5345 1858 5415 μὲν

284 5437 345 5504 ἐξ
386 5441 503 5504 ἑνὸς
552 5441 784 5509 πλαγίου
829 5440 1104 5512 ἔρχονται,
1135 5440 1192 5507 ἐξ
1232 5438 1444 5493 ἐκείνου
1478 5438 1572 5492 τοῦ
1626 5438 1850 5510 μέρους,

285 5529 334 5582 si
377 5529 434 5585 δὲ
469 5533 532 5586 ὲκ
581 5532 689 5586 τῶν
726 5532 841 5600 δύο,
878 5532 936 5598 ἐξ
963 5531 1326 5604 ἑκατέρωθεν.
1377 5532 1611 5604 Ὁμοίως
1653 5531 1710 5587 δὲ
1754 5531 1850 5587 καὶ

1963 4622 2056 4664 ces
2083 4607 2242 4663 dolos
2270 4609 2566 4679 insequere
2593 4605 2738 4674 illos,
2773 4609 2868 4664 sed
2916 4607 3165 4663 ordinate
3191 4622 3254 4661 ac
3283 4605 3566 4661 instructis

1962 4701 2160 4773 copiis,
2197 4701 2365 4773 idque
2410 4703 2769 4772 potissimum
2803 4703 2849 4759 si
2880 4703 3119 4773 aliquam
3149 4710 3354 4756 certam
3395 4699 3565 4753 victo-

1963 4795 2059 4851 riae
2097 4795 2351 4851 ﬁduciam
2412 4795 2643 4852 habeas.

2036 4888 2089 4944 8.
2129 4887 2186 4942 Si
2255 4888 2514 4943 hostibus
2585 4889 2833 4946 incursio
2893 4889 3144 4961 quaedam
3212 4879 3290 4941 in'
3328 4886 3562 4958 primam

1964 4983 2137 5039 aciem
2177 4983 2292 5050 llat,
2351 5000 2590 5054 eamque
2629 5002 2802 5056 neque
2849 4986 3139 5049 lateranis,
3200 4998 3379 5053 neque
3430 4983 3565 5038 insi-

1963 5075 2070 5132 diis
2120 5075 2420 5132 adversum
2457 5095 2553 5133 eos
2603 5079 2829 5134 structis
2874 5078 3172 5133 defendere
3229 5078 3430 5147 possis,
3462 5093 3561 5131 cx-

1961 5169 2451 5226 trcmassecundaa
2479 5171 2613 5226 aciei
2643 5185 2771 5225 oras
2799 5185 3072 5234 assumes,
3100 5169 3346 5239 illucque
3375 5178 3561 5222 trans-

1964 5258 2113 5314 feres
2158 5278 2172 5313 :
2229 5260 2274 5317 si
2330 5277 2445 5318 uno
2498 5279 2565 5318 ex
2625 5263 2792 5317 latere
2848 5264 3087 5327 veniant,
3147 5262 3215 5315 ad
3273 5277 3390 5318 eam
3431 5276 3560 5331 par-

1961 5356 2105 5416 tem;
2159 5351 2244 5406 sin
2288 5363 2532 5425 utroque
2576 5370 2642 5409 ex
2679 5355 2851 5410 latere
2892 5356 2958 5408 ad
2991 5363 3283 5424 utramque
3318 5361 3553 5424 partem.

1964 5441 2230 5498 Similiter
2269 5445 2566 5502 adversum
2641 5461 2781 5514 eos,
2832 5447 2927 5516 qui
2999 5461 3027 5499 a
3083 5455 3234 5516 tergo
3302 5445 3557 5501 secunda:

1960 5535 2096 5592 aciei
2123 5538 2384 5608 veniuat,
2422 5540 2468 5596 si
2502 5539 2805 5612 tergistitcs
2836 5538 2993 5595 multi
3021 5538 3086 5594 ad
3135 5539 3258 5594 illos
3289 5539 3557 5609 repellen-

1830 5667 2066 5729 ΝΟΤΑΕ.

355 5761 464 5831 (99)
496 5767 572 5819 Ἦ
597 5760 956 5833 στρατηγοῦ.
989 5721 1199 5827 Scribe,
1237 5759 1311 5832 μὴ
1340 5737 1674 5834 στρατηγοῦ.

357 5837 434 5905 (ι)
473 5837 542 5891 Ἢ
573 5832 921 5905 παράταξις.
967 5833 1338 5896 Scribebatur,
1377 5832 1421 5904 η’
1444 5832 1608 5905 παρά
1636 5833 1697 5887 τὸ
1727 5832 1849 5898 ἔξω.

361 5838 406 5899 (l
473 5838 542 5891 'H
573 5838 921 5905 παράταξις.
967 5838 1338 5896 Scribebatur,
1377 5838 1410 5904 η
1444 5838 1595 5902 παρὰ
1636 5838 1697 5887 τὸ
1727 5838 1849 5898 ἔξω.

361 5838 436 5978 (2;
473 5906 765 5977 Ἑνέὃρας,
831 5906 964 5976 ἤτοι
1016 5905 1414 5977 ἑγκρύμματα.
1474 5904 1850 5973 Scribebam‘,

1960 5765 2179 5836 ένέδρ...
2218 5766 2306 5839 ἐγ.

2046 5839 2122 5911 (3)
2165 5839 2328 5898 Ἆὶπό.
2373 5841 2734 5900 Scribebatur
2772 5843 2870 5910 ὡς.
