4020 6312
379 362 494 427 855

1663 364 1857 426 LEON
1866 365 1942 424 IS
1972 364 2438 428 PHILOSOPHI

3559 363 3667 428 8.56

387 476 672 548 cognosci.
726 474 881 542 Quod
939 474 988 531 si
1057 476 1172 530 ﬂeri
1230 479 1419 531 statim
1477 477 1649 547 possit
1695 476 1843 546 quod
1903 476 1972 531 ab

2081 478 2109 548 ῆ
2141 477 2223 531 δεῖ
2252 478 2458 550 ταύτην
2490 477 2808 549 μανθάνειν.
2854 479 2967 534 Καὶ
2992 477 3091 533 ἐὰν
3124 475 3187 531 rb
3217 474 3667 548 ’προτεινόμενον

377 569 632 624 hostibus
671 568 1023 639 proponitur,
1047 582 1156 624 non
1194 566 1500 634 diﬂ‘eratur,
1527 567 1623 624 sed
1667 568 1859 624 sedulo
1893 568 1975 623 vel

369 661 755 733 jurejurando,
801 663 887 718 vel
942 661 1052 717 alio
1097 664 1354 733 quopiam
1406 671 1563 733 pacto
1619 662 1972 733 transigatur.

377 754 476 810 Sin
565 755 941 825 perniciosum
1019 766 1073 811 et
1133 754 1204 810 ad
1281 763 1660 827 contemptum
1714 755 1972 824 alicujus,

375 857 470 903 aut
539 848 811 903 universae
878 848 1252 906 multitudinis
1319 849 1710 904 contumeliam
1781 849 1972 914 fuerit,

375 940 493 995 haec
545 949 710 1011 atque
750 942 860 996 illis
917 941 1144 996 duriora
1184 942 1240 996 in
1287 942 1486 1011 vulgus
1540 950 1786 997 nostrum
1841 941 1974 997 etle-

374 1029 544 1086 renda
582 1041 730 1098 sunt,
763 1041 823 1086 ut
851 1032 1133 1087 exercitus
1187 1033 1262 1086 ita
1321 1034 1655 1100 concitatus,
1691 1047 1755 1089 ac
1785 1047 1975 1090 neces-

373 1123 540 1178 sitate
603 1125 948 1195 compulsus,
995 1124 1361 1195 impctuosius
1424 1125 1719 1181 adversum
1782 1127 1973 1184 hostes

378 1216 663 1287 procedat,
733 1227 897 1288 atque
939 1218 1284 1272 obedientior
1328 1219 1602 1287 praefectis
1655 1221 1792 1275 suis.
1830 1220 1904 1292 sit
1950 1240 1965 1276 :

373 1321 584 1380 quanto
634 1310 780 1364 enim
828 1312 1002 1378 major
1055 1309 1293 1364 lardatio
1357 1307 1746 1375 fuerit,'tanto
1800 1314 1972 1382 magis

378 1404 626 1474 superati
677 1405 880 1458 milites
909 1403 1387 1461 formidolosiores
1422 1411 1606 1470 erunt,
1642 1413 1696 1461 et
1727 1405 1970 1461 victores

377 1499 704 1555 audaciores
754 1499 1046 1556 exsistcnt.

447 1592 538 1647 2|.
579 1590 910 1663 Priusquam
955 1601 1138 1648 autem
1171 1593 1491 1648 universum
1547 1593 1719 1648 robur
1747 1599 1968 1649 tuorum

374 1685 653 1751 considat,
688 1687 1022 1741 adhortandi
1055 1687 1152 1741 tibi
1197 1703 1291 1758 per
1323 1687 1696 1751 turmarchas,
1735 1702 1832 1757 per
1870 1686 1970 1742 de—

379 1791 573 1842 canos,
622 1775 945 1846 quintanos,
978 1776 1181 1832 milites
1215 1777 1292 1831 tui
1337 1784 1492 1840 sunt,
1528 1791 1969 1832 commemoran-

377 1871 621 1940 dumque
666 1879 752 1926 est
800 1870 929 1936 illis,
979 1885 1088 1925 non
1115 1885 1251 1926 esse‘
1276 1870 1388 1942 jam
1419 1879 1636 1941 tempus
1660 1869 1888 1940 ignaviae
1911 1886 1975 1926 ac

379 1961 673 2027 socordiae,
726 1960 824 2016 sed
877 1960 1306 2031 impressiouum
1357 1968 1522 2031 atque
1587 1961 1972 2016 incursionum

378 2055 435 2112 in
475 2056 665 2112 hostes
690 2054 1094 2118 faciendarum,
1124 2062 1178 2112 et
1199 2070 1322 2126 quae
1345 2053 1532 2110 clades
1552 2064 1716 2124 atque
1743 2053 1975 2110 olfensio

375 2157 506 2205 ante
532 2157 754 2216 accepta
795 2148 923 2214 fuit,
965 2162 1026 2203 ea
1067 2147 1181 2215 jam
1219 2146 1424 2201 virtute
1463 2160 1530 2201 ac
1567 2147 1734 2201 rebus
1778 2161 1976 2216 geren-

378 2243 466 2297 dis
511 2242 743 2296 delenda
774 2249 943 2310 atque
985 2237 1333 2295 obliteranda
1382 2247 1487 2294 est.
1538 2236 1667 2293 Haec
1696 2247 1864 2309 atque
1894 2238 1964 2294 iis

378 2332 581 2390 similia
620 2331 733 2388 illis
782 2330 1063 2386 narranda
1098 2339 1253 2386 sunt.

447 2424 540 2480 22.
581 2425 641 2480 Si
686 2438 811 2496 spes
843 2424 1031 2495 aliqua
1085 2433 1172 2480 est
1216 2422 1341 2480 acie
1386 2423 1661 2480 instructa
1714 2424 1972 2496 proelium

378 2518 693 2590 recuperari
733 2532 920 2589 posse,
973 2517 1076 2572 hac
1135 2515 1222 2572 via
1253 2531 1419 2589 quam
1466 2531 1632 2589 supra
1678 2517 1794 2573 dixi
1845 2533 1974 2589 pro-

378 2613 630 2670 cedatur.
686 2612 783 2667 Sin
839 2612 944 2666 hoc
988 2609 1153 2666 modo
1203 2625 1315 2666 non
1357 2611 1700 2681 proﬁciatur,
1749 2625 1850 2680 pro
1881 2626 1975 2681 pe-

381 2709 679 2764 riculorum
727 2706 939 2762 ratione
1001 2705 1274 2776 optimam
1324 2705 1429 2761 sibi
1485 2705 1629 2761 viam
1661 2705 1970 2777 conquiret.

453 2886 545 2944 2'5.
591 2886 648 2940 Si
694 2885 970 2956 peditatus
1001 2885 1244 2941 hostium
1277 2884 1484 2950 vincat,
1540 2899 1666 2939 cum
1698 2883 1854 2954 equis
1882 2899 1975 2940 or-

381 2981 570 3036 dinate
607 2978 979 3035 discessiones
1006 2989 1171 3051 atque
1194 2978 1626 3051 demigrationes
1659 2994 1724 3035 ex
1758 2992 1824 3035 eo
1854 2979 1974 3034 loco

386 3071 539 3140 fiant,
584 3079 751 3144 atque
792 3073 868 3126 ita
913 3082 1298 3144 permaneant.

457 3276 552 3332 24.
595 3276 691 3332 Sin
724 3275 940 3347 equites
981 3273 1204 3342 fuerint,
1247 3271 1524 3345 superﬂua
1553 3286 1606 3330 et
1636 3274 1823 3346 gravia
1855 3283 1970 3329 tum

380 3367 660 3438 jumenta,
693 3376 805 3420 tum
826 3367 934 3422 alia
952 3382 1294 3438 quaecunque
1321 3368 1790 3438 pratermittenda
1819 3377 1970 3435 sunt,

389 3459 709 3531 peditesque
729 3459 1128 3525 constituendi,
1147 3466 1202 3514 et
1225 3460 1345 3515 sine
1362 3461 1632 3528 jumentis
1661 3460 1974 3532 equitibus-

377 3567 496 3625 que
536 3550 828 3608 un’iversos
855 3552 908 3606 in
945 3551 1084 3607 duas
1112 3553 1410 3624 phalanges
1437 3556 1558 3608 sive
1592 3553 1761 3620 acies,
1802 3563 1895 3607 aut
1917 3553 1972 3608 in

388 3660 555 3701 uuam
595 3646 924 3717 quadratam
977 3646 1270 3716 oblongam
1323 3645 1554 3700 formam
1593 3646 1872 3710 instrues,
1917 3647 1974 3701 in

389 3740 571 3794 medio
617 3740 866 3810 jumeuta
900 3749 1067 3810 atque
1114 3739 1504 3811 impedimenta
1556 3749 1769 3812 ponas;,
1820 3751 1974 3794 extra

389 3838 504 3888 haec
537 3834 736 3889 milites
779 3834 832 3888 iu
869 3835 1014 3903 acie,
1064 3833 1524 3905 quemadmodum
1580 3833 1973 3906 priediximus,

389 3938 553 3997 atque
583 3929 725 3982 ultra
760 3943 855 3985 eos
891 3930 1205 4007 sagittarios
1241 3947 1255 3985 :
1291 3940 1457 4002 atque
1485 3930 1560 3986 ita
1602 3931 1976 3987 discessiones

390 4021 933 4096 demigratione'sque
965 4035 1084 4081 tuto
1112 4025 1308 4082 facies.
1337 4022 1341 4026 ’

463 4118 556 4174 25.
598 4118 838 4174 Rursum
868 4120 915 4176 si
951 4134 1211 4192 prospere
1234 4120 1301 4176 ad
1332 4120 1621 4177 victoriam
1653 4119 1855 4176 bellum
1886 4118 1977 4174 in-

391 4213 582 4277 clinet,
621 4222 678 4268 et
716 4212 826 4269 Deo
873 4214 988 4283 jam
1021 4215 1258 4286 pr0pitio
1293 4215 1470 4271 victor
1498 4214 1687 4272 eradis
1714 4253 1730 4280 ,
1760 4228 1831 4269 ne
1861 4213 1978 4269 sola

393 4306 722 4376 depulsione
753 4305 994 4362 hostium
1025 4316 1322 4364 contentus
1367 4309 1467 4376 sis,
1498 4307 1655 4378 quasi
1690 4307 1978 4378 imperitus

392 4399 485 4468 qui
521 4407 768 4469 tempore
813 4399 894 4454 uti
944 4399 1168 4456 nescit:
1206 4416 1387 4472 neque
1436 4404 1803 4470 importunum
1845 4397 1978 4453 illud

393 4491 607 4557 audias,
632 4490 824 4564 Vince,
859 4492 956 4549 sed
982 4508 1048 4549 ne
1087 4494 1252 4549 nimis
1281 4494 1470 4550 vincas
1503 4510 1518 4548 :
1557 4508 1648 4559 ne,
1689 4492 1737 4550 si
1768 4493 1979 4549 lubrico

2079 574 2324 645 παρευθὺ
2368 575 2618 645 γίνεσθαι
2673 574 2922 641 δύναται,
2962 573 3036 646 μὴ
3075 571 3500 640 ἀναϐάλλεσθαι,
3528 571 3669 627 ἀλλὰ

2077 666 2342 738 πράττειν
2374 668 2508 722 αὐτὸ
2545 667 2807 738 ἀσφαλῶς
2841 666 2910 721 δι’
2947 665 3228 736 όψίδων,ἢ
3283 663 3475 734 ὅρκου.
3509 662 3573 714 Εί
3602 661 3671 729 δὲ

2074 761 2372 827 ἐπιϐλαϐές
2403 764 2572 829 ἐστιν,
2606 764 2701 818 καὶ
2738 762 2806 815 δι’
2833 761 3127 834 ὑπέρθεσιν
3159 775 3305 822 τινος
3327 759 3422 813 καὶ
3452 756 3669 828 χαύνωβ

2079 872 2164 908 σιν
2222 855 2319 909 τοῦ
2367 856 2526 926 ὄχλου
2573 855 2815 926 λέγεται,
2855 855 2926 909 τὰ
2981 854 3202 910 ἐναντία
3253 854 3336 907 δεῖ
3400 851 3670 924 φημίζειν

2078 948 2420 1020 σκληρότερα
2444 949 2554 1003 τῶν
2576 950 3035 1021 προτεινομένων,
3067 948 3156 1002 ἵνα
3184 947 3386 1018 μᾶλλον
3415 946 3445 999 ό
3492 962 3665 1017 στρα-

2074 1044 2166 1107 τὸς
2194 1045 2332 1114 πρὸς
2357 1043 2528 1116 ὀργὴν
2558 1043 2972 1113 διανιστάμενος
3015 1044 3080 1114 τῇ
3113 1041 3334 1113 ἀνάγκῃ
3364 1039 3668 1110 ίσχυροτέ-ι

2076 1156 2187 1210 ρως
2225 1141 2342 1202 τοῖς
2377 1139 2598 1210 ἐχθροῖς
2642 1139 3051 1209 ἀντικαταστῇ,
3097 1137 3195 1191 καὶ
3247 1135 3327 1189 ἔτι
3379 1133 3664 1204 πειθήνιος

2071 1232 2152 1304 τῷ
2190 1234 2416 1304 ἄρχοντι
2445 1234 2716 1304 γένηται⁸
2769 1233 2895 1288 ὅσον
2948 1233 3058 1302 γάρ
3113 1229 3388 1302 βραδύτης
3426 1228 3658 1298 γίνεται,

2070 1325 2327 1380 τοσοῦτον
2368 1329 2418 1381 οῖ
2465 1326 2793 1398 ἡττηθέντες
2842 1325 3139 1397 δειλότεροι
3193 1322 3454 1393 γίνονται,
3490 1319 3650 1374 mlo

2072 1420 2396 1490 νικήσαντες
2423 1419 2840 1493 τολμηρότεροι.

2142 1611 2250 1668 κα’.
2316 1611 2520 1685 Πρὶνῆ
2567 1608 2662 1665 οὖν
2714 1611 2797 1674 είς
2848 1608 3056 1663 τέλειον
3094 1606 3165 1660 τὰ
3208 1606 3536 1677 φρονήματα
3565 1620 3663 1656 κα-

2069 1708 2373 1773 ταπέσωσι,
2401 1707 2508 1776 χρή
2564 1722 2645 1771 σε,
2696 1697 2742 1758 ὦ
2775 1701 3073 1774 στρατηγὲ,
3106 1699 3197 1755 διά
3221 1715 3282 1752 τε
3324 1697 3434 1750 τῶν
3466 1695 3658 1766 ἀρχόν-

2003 1834 2050 1894 B
2077 1817 2185 1852 των
2211 1798 2320 1852 τῶν
2346 1797 2666 1869 ταγμάτων,
2689 1797 2785 1851 καὶ
2812 1796 2924 1850 τῶν
2951 1794 3256 1865 δεκάρχων,
3283 1793 3378 1846 καὶ
3413 1792 3654 1894 πεντάρ-

2077 1910 2190 1963 χων
2217 1890 2632 1962 προτρέψασθαι
2682 1891 2775 1944 τὸν
2801 1887 3054 1959 στρατὸν,
3085 1887 3182 1941 καὶ
3214 1885 3409 1942 εἰπεῖν.
3447 1882 3526 1946 ὡς
3557 1880 3658 1934 οὐκ

2077 1986 2192 2040 ἔστι
2219 1987 2408 2057 καιρὸς
2433 1985 2723 2049 δειλιάσαι,
2752 1983 2892 2038 ἀλλά
2940 1982 3253 2054 ὁρμηθῆναι
3282 1977 3486 2050 μᾶλλον
3518 1976 3659 2030 κατά

2074 2079 2185 2133 τῶν
2213 2079 2446 2150 ἐχθρῶν,
2496 2077 2593 2132 καὶ
2629 2077 2692 2131 τὸ
2721 2076 3014 2148 γενόμενον
3060 2074 3214 2147 παρά
3239 2090 3405 2126 τινων
3435 2069 3661 2141 σφάλμα

2076 2173 2338 2244 ἀνδρείως
2378 2170 2845 2226 ἀνακαλέσασθαι.
2902 2166 3091 2222 Ταῦτα
3146 2167 3243 2220 καὶ
3277 2165 3347 2220 τὰ
3382 2166 3550 2236 ὃμοια
3576 2161 3660 2216 δεῖ

2078 2285 2140 2321 σε
2171 2266 2517 2338 διαλαλῆσαι.

2147 2441 2252 2512 κβ’.
2289 2440 2398 2497 Καὶ
2420 2441 2472 2496 εί
2503 2442 2605 2514 μέν
2651 2443 2800 2497 ἐστιν
2844 2441 3001 2507 ἐλπὶς
3040 2449 3136 2495 του
3160 2450 3251 2495 δια
3274 2438 3380 2510 τῆς
3407 2435 3660 2507 παρατά-

2078 2533 2213 2600 ξεως
2245 2534 2515 2607 δημοσίας
2534 2535 2635 2607 τὴν
2669 2533 2852 2606 μάχην
2878 2532 3346 2595 ἀνακαλέσασθαι,
3369 2533 3438 2602 τῇ
3481 2545 3659 2600 προει-

2078 2626 2293 2698 ρημένῃ
2336 2625 2548 2696 μεθόδῳ
2578 2626 2680 2696 τῆς
2731 2626 2940 2692 τάξεως
2981 2626 3186 2696 χρήσῃ.
3213 2624 3277 2676 Ei
3305 2620 3364 2674 δὲ
3410 2619 3570 2673 τοῦτο
3593 2618 3657 2672 ού

2076 2716 2408 2788 προϐαίνει,
2457 2716 2538 2770 δεῖ
2576 2715 2969 2788 συμφερόντως
3021 2716 3130 2769 τῶν
3172 2712 3438 2768 κινδύνων
3489 2728 3658 2766 κατα-

2073 2811 2299 2884 τολμᾷν.
2681 2885 2683 2887 ι

2147 2907 2254 2976 κγ’.
2286 2906 2393 2962 Καὶ
2414 2906 2466 2960 εί
2500 2905 2602 2977 μὲν
2641 2903 2798 2971 πεζοί
2824 2906 2965 2959 εἰσιν
2998 2905 3050 2958 οἱ
3080 2902 3411 2974 νικήσαντες
3438 2900 3654 2973 ἐχθροὶ,

2077 3001 2403 3073 σπουδάζειν
2463 2998 2605 3072 μετά
2635 3000 2744 3053 τῶν
2788 2998 2974 3054 ἵππων
3007 2997 3289 3061 εὐτάκτως
3318 2995 3420 3060 τάς
3447 2997 3659 3065 ἀναχω-

2079 3095 2266 3166 ρήσεις
2319 3094 2437 3166 ἦτοι
2509 3091 2874 3164 μεταστάσεις
2944 3089 3040 3144 τοῦ
3101 3091 3376 3160 φοσσάτου
3448 3087 3658 3143 ἐκείνου

2000 3205 2046 3268 C
2079 3188 2339 3259 ἀσφαλῶς
2368 3187 2662 3253 ποιεῖσθαι,
2702 3188 2800 3241 καὶ
2840 3186 2915 3257 μὴ
2945 3184 3263 3255 ἀναμένειν.

2147 3280 2247 3339 κδ’.
2269 3281 2403 3336 Εἰδέ
2426 3281 2783 3352 καϐαλλάριοι
2799 3273 2956 3344 ὦσιν,
2978 3278 3215 3349 μάλιστα
3240 3277 3348 3330 τῶν
3383 3276 3660 3348 περισσῶν

2075 3376 2171 3429 καὶ
2189 3373 2506 3446 βαρυτέρων
2535 3373 2747 3442 ἀλόγων
2773 3373 2868 3427 καὶ
2898 3372 3245 3444 πραγμάτων
3271 3371 3353 3424 δεῖ
3392 3388 3656 3443 περιφρο-

2075 3471 2208 3537 νεῖν,
2248 3469 2341 3522 xui
2364 3467 2502 3539 πεζῇ
2527 3466 2914 3532 καθίστασθαι,
2946 3467 3043 3520 καὶ
3072 3465 3200 3519 ἄνευ
3235 3464 3436 3534 ὀλίγων
3453 3463 3655 3519 καϐαλ-

2075 3559 2277 3633 λαρίων
2311 3560 2522 3621 πάντας
2547 3558 2628 3620 είς
2646 3556 2741 3610 δύο
2771 3556 3059 3624 φάλαγγας
3089 3555 3209 3626 ἦτοι
3228 3554 3447 3619 τάξεις,
3488 3552 3521 3624 ἢ
3565 3550 3656 3606 καὶ

2076 3655 2156 3716 είς
2178 3651 2236 3706 ἓν
2263 3653 2607 3722 τετράγωνον
2621 3648 2868 3703 πλινθίου
2899 3648 3086 3719 σχῆμα
3111 3645 3541 3719 παρατάξεσθαι,
3566 3643 3656 3698 καὶ

2080 3744 2241 3817 μέσον
2279 3747 2378 3815 μὲν
2410 3744 2478 3798 τὰ
2500 3743 2672 3813 ἄλογα
2703 3742 2736 3814 ἦ
2763 3743 2824 3797 τὸ
2853 3742 3073 3796 τοῦλδον
3106 3741 3320 3812 φέρειν,
3358 3738 3558 3804 ἔξωθεν
3599 3737 3654 3790 δὲ

2076 3838 2222 3910 ἔχειν
2245 3837 2372 3902 τοὺς
2399 3838 2759 3909 στρατιώτας,
2787 3838 2864 3901 ὡς
2892 3836 3132 3908 είρηται,
3157 3835 3216 3888 ἐν
3233 3833 3409 3900 τάξει,
3428 3831 3654 3892 καὶτοὺς

2076 3933 2298 4001 τοξότας
2349 3932 2621 4005 ἐξωτέρω,
2655 3933 2750 3986 καὶ
2796 3924 2971 3995 οὓτως
2997 3932 3096 3994 τὰς
3150 3927 3514 4000 μεταστάσεις
3565 3924 3656 3980 καὶ

2077 4028 2458 4101 ἀναχωρήσεις
2492 4027 2766 4080 ποιεῖσθαι
2799 4023 3082 4095 ἀσφαλῶς.

2149 4121 2227 4176 κε’
2244 4156 2261 4176 -.
2297 4120 2467 4176 Πάλιν
2503 4120 2562 4173 δὲ
2592 4119 2688 4173 ἐὰν
2718 4117 2910 4178 αίσὶως
2939 4116 3009 4170 τὰ
3036 4115 3132 4170 τοῦ
3176 4113 3416 4186 πολέμου
3445 4110 3653 4184 ἐξέλθῃ,

2079 4216 2173 4271 καὶ
2222 4213 2357 4269 Θεοῦ
2395 4211 2716 4286 βοηθοῦντος
2746 4211 2978 4283 ἄρξηται
3005 4211 3038 4279 ή
3063 4210 3212 4280 νίκη,
3243 4209 3303 4263 ού
3341 4208 3426 4262 δεῖ
3460 4206 3655 4279 aequet

2080 4309 2176 4364 καὶ
2239 4306 2376 4382 μόνῃ
2410 4303 2702 4375 ἀρκεῖσθαι
2739 4302 2815 4366 ὡς
2871 4296 3272 4371 ἀπειροκάλους
3334 4298 3414 4371 μὴ
3452 4299 3655 4360 εἰδότας

2079 4402 2388 4474 χρήσασθαι
2414 4399 2492 4471 τῷ
2518 4397 2718 4470 καιρῷ,
2751 4395 2888 4450 ἀλλά
2915 4394 3162 4465 ἀκαίρως
3191 4391 3412 4447 ἀκούειν
3441 4388 3655 4459 φιλοῦν-

2081 4515 2175 4560 τας
2201 4498 2284 4560 τδ,
2315 4495 2481 4562 Νίκα,
2514 4494 2610 4548 καὶ
2642 4491 2718 4565 μὴ
2745 4488 3037 4561 ύπερνίκα,
3065 4488 3159 4542 καὶ
3185 4486 3485 4549 ἐνδιδόντας
3524 4500 3661 4554 σφα-

396 4596 640 4655 Iempore
666 4583 832 4641 cedas
853 4625 868 4651 ,
914 4584 1154 4654 majores
1188 4584 1285 4640 tibi
1317 4585 1600 4642 molestias
1637 4584 1974 4650 accumules,

2081 4590 2252 4662 λερῶς
2307 4589 2402 4643 καὶ
2463 4587 2683 4658 μείζονα
2733 4584 2820 4640 διὰ
2868 4584 2969 4653 τῆς
3021 4581 3280 4645 ἐνδόσεως
3319 4578 3414 4634 τοῦ
3467 4577 3656 4648 καιροῦ

395 4687 450 4732 et
474 4678 744 4734 incertum
783 4694 965 4734 rerum
1005 4676 1315 4734 futurarum
1348 4687 1602 4736 eventum
1634 4679 1852 4745 reddas,
1879 4683 1975 4734 sed

393 4772 680 4829 eversione
753 4772 996 4830 hostium
1066 4772 1322 4830 absoluta
1404 4774 1666 4831 utendum
1747 4774 1975 4830 omnino

396 4875 504 4923 cst.

468 4959 558 5016 26.
605 4959 663 5014 Si
708 4959 774 5014 ad
812 4959 1053 5032 aliquam
1088 4961 1451 5016 munitionem
1484 4961 1660 5017 hostis
1689 4961 1973 5033 confugit,

395 5056 484 5113 vel
515 5054 564 5111 vi
597 5065 652 5111 et
678 5070 867 5120 manu,
901 5056 990 5109 vel
1017 5055 1141 5111 aliis
1170 5055 1459 5126 quibusvis
1497 5053 1710 5121 formis,
1737 5054 1978 5110 homini-

400 5151 506 5205 bus
543 5156 597 5204 et
625 5147 918 5219 jumentis,
951 5148 1227 5205 instructa
1265 5148 1383 5216 acie
1424 5147 1478 5202 in
1519 5161 1765 5205 summas
1804 5162 1981 5218 angu-

2076 4670 2331 4756 ἀκάματον
2379 4679 2839 4753 ἐπισωρεύοντας,
2870 4678 2966 4733 καὶ
3002 4676 3196 4748 ἄδηλον
3230 4675 3332 4747 τὴν
3365 4673 3659 4746 μέλλουσαν

2082 4778 2308 4833 ἔκϐασιν
2360 4777 2572 4838 ἐαυτοῖς
2609 4771 3139 4836 κατασκευάζοντας,
3175 4768 3312 4824 ἀλλὰ
3351 4767 3433 4823 δεῖ
3470 4770 3540 4839 τῇ
3567 4763 3654 4820 τοῦ

2082 4871 2281 4945 ἐχθροῦ
2319 4871 2501 4942 τελείᾳ
2535 4867 2830 4923 καταλύσει
2857 4864 3161 4934 ἐπιμένειν.

2154 4964 2272 5031 σις’.
2307 4965 2369 5018 Ei
2397 4964 2453 5018 δὲ
2481 4965 2539 5017 ἐν
2585 4960 2904 5033 ὀχυρώματι
2964 4955 3308 5028 καταφεύγῃ,
3341 4953 3657 5017 σπουδάζειν

2079 5061 2113 5134 ἢ
2146 5059 2290 5131 χειρὶ
2320 5058 2354 5130 ἢ
2390 5057 2479 5112 διὰ
2499 5056 2606 5110 τῶν
2643 5053 2941 5108 λειπόντων
2976 5050 3136 5134 ειδῶν
3177 5052 3292 5114 τοῖς
3327 5048 3654 5120 ἀνθρώποις,

2079 5154 2265 5231 ἢ-τοῖς
2289 5151 2528 5221 ἀλόγοις,
2559 5149 2648 5203 διά
2669 5145 3073 5222 παραφυλακῆς
3113 5143 3469 5214 στενοχωρεῖν
3500 5141 3657 5196 αὐτὸν

403 5245 538 5300 stias
572 5242 908 5298 coercendus
936 5251 1019 5299 est
1047 5285 1062 5309 ,
1110 5243 1198 5297 vel
1233 5243 1337 5297 alia
1371 5244 1566 5314 quavis
1602 5242 1975 5299 consentiente

2085 5248 2250 5319 μέχρι
2285 5245 2495 5308 τελείας
2543 5241 2709 5298 αὑτοῦ
2745 5239 3115 5302 καταλύσεως,
3149 5234 3503 5307 ἥὲπωφελῶν
3532 5235 3658 5304 ἡμῖν

401 5349 564 5408 atque
621 5335 818 5393 idonea
871 5335 1132 5402 utilitate,
1186 5337 1492 5406 usquedum
1537 5335 1777 5406 perfecte
1828 5335 1981 5389 illum

2083 5340 2384 5411 γινομένων
2414 5332 2742 5407 συμφώνων,
2781 5335 2873 5388 καὶ
2915 5332 3050 5404 μηδὲ
3094 5330 3381 5384 ἐκλύεσθαι
3404 5331 3472 5400 τῇ
3508 5327 3658 5398 ὀλίγῃ

402 5431 663 5487 averteris
700 5451 712 5486 :
755 5445 933 5502 neque
982 5440 1099 5485 tum
1149 5430 1438 5502 delatigari
1482 5440 1716 5503 oportet,
1760 5429 1975 5500 quando

2085 5433 2312 5504 ὠθήσει,
2350 5429 2484 5501 μηδὲ
2533 5425 2759 5496 ἀμελεῖν
2777 5427 2877 5496 τῆς
2897 5423 2991 5476 τοῦ
3029 5423 3354 5492 πράγματος
3383 5419 3659 5483 ἐκϐάσεως

405 5525 628 5594 paulum
668 5523 822 5578 illum
860 5523 1127 5593 repuleris
1161 5543 1176 5580 :
1213 5541 1392 5593 neque
1432 5525 1511 5580 rei
1555 5524 1824 5582 universa:
1861 5524 2015 5580 exi-'

2082 5527 2147 5580 δι’
2176 5525 2365 5594 όλίγην
2395 5520 2695 5594 καρτερίαν
2730 5517 2870 5590 μετά
2895 5516 3151 5572 τοσοῦτον
3201 5515 3383 5577 πόνον,
3419 5515 3514 5565 καὶ
3562 5510 3660 5564 κά-

406 5625 524 5670 tum
566 5625 790 5688 propter
817 5617 1071 5689 exiguam
1093 5615 1098 5656 έ
1119 5620 1356 5690 amplius
1388 5595 1639 5674 laborum
1664 5619 1975 5689 patientiam

2088 5635 2256 5692 ματον
2287 5617 2381 5672 καὶ
2413 5617 2552 5688 μετά
2592 5611 2845 5668 τοσοῦτον
2870 5613 2934 5666 ἐκ
2971 5609 3064 5664 τοῦ
3102 5609 3340 5680 πολέμου
3370 5607 3612 5661 κίνδυνον
3641 5621 3658 5637 ο

407 5709 644 5780 abjicere
673 5710 862 5778 debes,
893 5720 1018 5782 post
1053 5722 1240 5771 tantos
1273 5713 1491 5769 labores
1532 5720 1699 5784 atque
1729 5711 1983 5779 sudores,

2085 5713 2211 5768 ἐπεὶ
2245 5712 2341 5767 καὶ
2369 5711 2462 5766 ἐπὶ
2485 5708 2581 5766 τοῦ
2622 5707 2886 5783 κυνηγίου
2920 5705 2982 5762 τὸ
3009 5704 3160 5777 παρὰ
3193 5704 3388 5777 μικρὸν
3425 5701 3545 5759 ἀντὶ
3569 5697 3658 5755 τού

406 5807 528 5868 post
570 5809 720 5856 tanta
747 5801 872 5856 belli
906 5804 1191 5872 pericula':
1233 5805 1493 5877 quoniam
1520 5812 1574 5861 et
1617 5806 1670 5859 in
1695 5805 1975 5861 venatione

2094 5804 2324 5878 μηδενός
2354 5806 2493 5860 ἐστι.

408 5892 549 5964 quod
575 5909 711 5966 pene
739 5894 991 5955 cﬂeclum
1017 5904 1119 5967 est,
1148 5896 1375 5971 perinde
1399 5905 1483 5955 est
1503 5912 1566 5954 ac
1597 5897 1642 5956 si
1674 5896 1812 5954 nihil
1843 5906 2010 5955 esset.
