4020 6312
415 291 527 358 859

1690 282 1971 346 LEOle
2005 281 2489 346 PHILOSOPHI

3628 283 3748 348 εοο

412 398 815 458 ostendendum
861 391 1323 471 quemadmodum
1371 392 1455 450 has
1512 393 1800 450 ﬁrmandae
1852 400 2007 449 sunt.

2142 393 2288 457 ιὺτέις
2321 388 2526 463 ὀχυρὰς
2551 388 2751 455 ποιεῖν,
2789 389 2883 444 καὶ
2920 386 3153 463 διαιρεῖν
3185 391 3312 458 τοὺς
3342 394 3749 466 βιγλεῦηντας,

417 491 694 548 Excubias
716 490 770 546 in
799 492 938 547 duas
962 499 1149 561 partes
1170 487 1419 555 divides;
1448 495 1509 540 ut
1540 486 1727 542 alterae
1759 485 2011 555 vigilem,

420 588 609 642 altera
644 585 893 641 vicissim
925 584 1227 640 dormiant.
1270 579 1484 636 Nemini
1523 581 1668 637 enim
1718 578 1878 635 fidem
1912 579 2016 633 ha-

422 660 578 747 beas,
611 679 873 750 quamvis
908 676 1181 748 receperit
1214 691 1276 731 se
1318 675 1593 745 integram
1623 685 1839 730 noctem
1878 672 2015 745 rigi-

2115 485 2203 537 ίνα
2226 486 2279 538 oi
2329 484 2429 555 μὲν
2474 482 2718 538 ὑπνῶσιν
2742 523 2758 550 ,
2805 484 2853 536 οἱ
2883 482 2941 537 δέ
2976 484 3385 558 ἐγρηγορῶσιν,
3417 488 3514 543 καὶ
3548 488 3754 553 οὕτως

2118 575 2549 638 ἐναλλάσσοντας
2576 574 2845 645 ἀλλήλους
2874 575 3177 645 βιγλεύειν.
3200 577 3294 651 Μή
3319 578 3431 653 γὰρ
3484 580 3752 633 πιστεῦ-

2122 686 2223 742 an;
2251 668 2383 736 τινὶ,
2436 671 2541 724 κᾶν
2586 668 2883 739 ὑπόσχεσιν
2937 672 3177 725 ποιεῖται
3230 671 3361 744 ὅλην
3396 672 3500 744 τὴν
3555 672 3756 725 νύκτα

420 773 687 827 laturum.
746 770 989 825 Somnus
1043 772 1190 823 enim
1247 782 1313 823 ac
1373 783 1540 836 sopor
1598 767 1667 823 de
1714 766 2018 838 improviso

2142 760 2469 834 γρηγορῆσαι
2510 760 2790 833 ἄγρυπνον
2810 778 2827 795 θ
2854 762 2951 815 καὶ¹
2983 762 3094 833 γὰρ
3124 763 3401 835 ἐνδέχεται
3430 766 3531 820 καὶ
3568 764 3757 818 αὐτό-

422 874 619 935 sponte
645 866 882 935 quadam
911 878 1011 918 sua
1031 860 1375 933 opprimunt.
1396 860 1533 915 Cum
1557 859 1787 931 vigilare
1804 861 2018 925 volunt,

420 960 557 1017 recti
577 960 807 1031 pedibus
826 959 1174 1013 consistant:
1209 956 1492 1011 sessiones
1515 956 1661 1010 enim
1691 969 1756 1008 ac
1784 954 2019 1009 recuba-

2124 872 2295 926 ματον
2327 855 2494 911 ὕπνον
2528 854 2795 911 ἐπελθεῖν·
2822 857 2880 910 ἐν
2908 856 2964 911 δέ
2992 858 3117 922 ταῖς
3147 857 3337 924 ἄλλαις
3358 859 3549 930 βίγλαι
3560 876 3620 927 ς,
3654 860 3754 913 ὅτε

2120 951 2303 1020 χρεία,
2352 949 2575 1015 πάντως
2603 952 2695 1005 καὶ
2741 951 2938 1025 ὀρθοὺς
2969 952 3295 1025 ἱσταμένους
3328 951 3653 1026 βιγλεύειν.
3683 955 3760 1007 Δί

410 1050 606 1111 tiones
635 1069 867 1124 corpora
910 1053 963 1107 in
1014 1065 1270 1107 somnum
1306 1049 1659 1121 prmcipitaut
1694 1065 1709 1101 :
1753 1047 2022 1104 stationes

2142 1044 2234 1117 γὰρ
2272 1043 2540 1115 καθέδραι
2568 1045 2664 1100 καὶ
2692 1045 2750 1099 αἱ
2782 1035 3096 1113 ἀνακλίσεις
3126 1047 3195 1103 τὰ
3237 1045 3468 1118 σώματα
3519 1048 3766 1120 μαραί-.

424 1164 605 1207 autem
633 1149 834 1221 pedum
883 1155 1123 1203 mentem
1157 1143 1581 1201 indormientem
1615 1143 1883 1199 excitant.

496 1331 584 1388 35.
628 1330 777 1386 Bello
805 1329 917 1401 jam
956 1325 1237 1394 confecto,
1274 1324 1371 1396 qui
1411 1325 1647 1382 saueiati
1682 1325 1903 1382 fuerant
1939 1341 2026 1381 re-

422 1426 643 1482 levandi
677 1426 1123 1496 consolandique
1162 1434 1329 1493 sunt;
1363 1424 1457 1494 qui
1494 1425 1821 1481 ceciderunt
1850 1425 2019 1481 hone-

425 1527 569 1575 stum
606 1518 771 1573 funus
817 1518 1077 1581 habeant,
1127 1517 1499 1588 laudibusque
1546 1516 1739 1573 multis
1780 1518 2028 1573 cohone-

424 1620 669 1680 stentur,
726 1614 823 1684 qui
876 1626 976 1683 pro
1018 1610 1126 1668 ﬁde
1177 1611 1517 1678 Christiana,
1572 1626 1673 1683 pro
1734 1611 2028 1688 fratribus,

427 1718 587 1758 suam
645 1706 891 1774 ipsorum
958 1703 1130 1758 vitam
1203 1702 1609 1774 profuderunt.
1666 1702 1785 1759 Hoc
1845 1715 2027 1759 autem

2128 1154 2308 1193 νουσιν
2347 1140 2426 1204 είς
2454 1138 2623 1195 ῦπνον
2656 1156 2673 1172 ⁸
2715 1140 2749 1213 ή
2783 1139 2841 1194 δέ
2866 1137 2977 1195 τῶν
3008 1140 3219 1198 σκελῶν
3269 1143 3464 1208 στάσις
3501 1142 3758 1216 διεγερ-

2127 1248 2214 1287 σιν
2241 1235 2344 1306 τῆς
2356 1233 2595 1299 διανοίας
2625 1236 2794 1290 ποιεῖ.

2197 1324 2294 1382 λε’.
2337 1327 2661 1397 Ἀναγκαῖον
2685 1328 2741 1382 δέ
2767 1346 2850 1382 σοι
2883 1328 3023 1401 μετὰ
3043 1329 3134 1384 τὸν
3158 1329 3422 1401 πόλεμον,
3449 1324 3496 1385 ὦ
3527 1346 3759 1405 στρατ-

2123 1420 2251 1490 ηγὲ,
2308 1421 2441 1484 τοὺς
2486 1421 2884 1492 πληγωθὲντας
2931 1423 2989 1475 ἐν
3021 1422 3173 1495 αὑτῷ
3218 1423 3327 1477 τῶν
3371 1423 3759 1498 στρατιωτῶν

2127 1513 2599 1586 παραμυθεῖσθαι,
2641 1518 2735 1571 καὶ
2771 1515 2899 1580 τοὺς
2945 1516 3339 1582 διαπίπτοντας
3373 1520 3433 1573 ἐν
3464 1517 3545 1590 τῷ
3571 1516 3757 1572 πολέ-

2135 1624 2220 1679 μῳ
2241 1607 2419 1678 ταφῆς
2450 1607 2661 1675 ἀξιοῦν,
2692 1610 2784 1663 καὶ
2812 1608 3140 1681 μακαρίζειν
3157 1609 3449 1684 διηνεκῶς,
3474 1611 3555 1675 ὡς
3593 1610 3759 1676 ὑπὲρ

2131 1702 2227 1771 τῆς
2257 1703 2494 1767 πίστεως
2526 1703 2623 1756 καὶ
2653 1701 2765 1757 τῶν
2788 1700 3035 1773 ἀδελφῶν
3069 1703 3205 1774 μηδέ
3232 1704 3332 1776 τὴν
3351 1704 3569 1760 ἑαυτῶν
3591 1702 3759 1777 ζωὴν

334 1821 339 1826 -
423 1795 637 1868 justum
700 1797 1134 1869 religiosumque
1192 1798 1345 1854 factu
1402 1807 1511 1864 est,
1562 1808 1618 1855 et
1675 1799 2024 1855 alacritatem

2142 1796 2584 1867 προτιμήσαντας
2616 1812 2631 1827 ⁸
2670 1797 2860 1868 ἐπειδὴ
2912 1798 3010 1852 καὶ
3041 1797 3189 1853 ὅσιόν
3234 1799 3406 1861 ἐστιν,
3442 1798 3541 1854 καὶ
3600 1816 3752 1871 προ-

431 1890 657 1947 multam
693 1892 1010 1949 viventibus
1041 1892 1218 1949 allert.

500 1983 592 2041 36.
631 1984 690 2040 Si
723 1985 879 2041 liberi
908 1985 1017 2042 illis
1043 1985 1271 2052 tulerint,
1303 1998 1397 2043 aut
1430 1986 1654 2058 conjux,
1680 1986 1725 2041 si
1754 1984 1859 2041 hoc
1890 1998 2027 2041 con-

431 2085 539 2135 stet
576 2087 802 2136 strenue
842 2078 966 2134 illos
1013 2088 1182 2150 atque
1224 2081 1487 2137 alacriter
1535 2082 1590 2137 in
1627 2080 1827 2152 proelio
1862 2077 2030 2135 dimi¢

429 2186 612 2239 casse,
642 2172 893 2231 honestis
918 2174 1096 2229 modis
1138 2175 1236 2232 abs
1267 2187 1318 2231 te
1352 2175 1632 2231 relevandi
1669 2181 1822 2231 sunt.

502 2267 594 2323 57.
636 2267 908 2335 Quoniam
948 2266 1230 2324 Romanos
1258 2282 1565 2343 omnesque
1596 2268 1736 2325 alias
1773 2270 2031 2329 nationes

430 2357 686 2415 videmus
723 2361 874 2417 acies
918 2373 1051 2415 suas
1086 2361 1161 2416 ita
1190 2361 1486 2429 instruere,
1513 2368 1759 2430 utquam
1793 2366 2033 2421 maxime

432 2451 653 2510 eminus
706 2452 858 2507 cerni
920 2453 1159 2523 possint,
1208 2461 1422 2511 trucem
1501 2454 1679 2524 magis
1743 2466 2029 2527 aSpectum

436 2544 593 2601 vultu
632 2559 698 2599 ac
721 2544 883 2610 facie,
923 2561 1088 2617 quam
1134 2548 1306 2602 armis
1346 2546 1622 2603 lucentem
1653 2560 1708 2603 et
1735 2564 2034 2605 coruscan-

438 2645 548 2695 tem
581 2637 757 2693 aciem
797 2639 854 2693 in
897 2638 1043 2695 bello
1075 2654 1187 2710 pra:
1217 2654 1278 2695 se
1311 2638 1532 2696 ferant:
1568 2656 1884 2712 quanquam
1926 2642 2033 2697 hoc

437 2731 732 2790 umbratile
757 2733 867 2790 cito
889 2737 1209 2793 evanescit:
1233 2750 1357 2791 nam
1385 2737 1688 2791 secundum
1717 2736 1810 2792 Dei
1834 2736 2033 2792 volun-

435 2833 605 2883 tatem
633 2864 649 2892 ,
693 2826 1046 2898 imperatoris
1099 2828 1583 2885 administratione
1606 2869 1622 2893 ,
1653 2840 1707 2885 et
1753 2829 2035 2885 exercitus

435 2917 749 2984 alacritate.
790 2919 930 2974 bella
981 2918 1354 2975 conﬁciuntur
1397 2937 1413 2976 :
1456 2932 1680 2991 propter
1722 2936 1819 2977 eos
1850 2930 2031 2978 tamen

436 3011 532 3081 qui
561 3012 676 3069 haec
708 3013 1026 3085 requirunt,
1053 3013 1099 3071 si
1131 3014 1337 3070 silvosa
1367 3024 1462 3069 aut
1492 3029 1627 3069 cava
1662 3016 1780 3072 loca
1808 3014 2033 3085 fuerint,

437 3103 515 3161 ibi
544 3105 719 3176 copim
751 3108 1120 3173 occultanda,
1149 3115 1201 3161 et
1228 3107 1392 3181 longo
1430 3117 1557 3163 ante
1583 3115 1830 3179 tempore
1856 3108 2027 3164 hosti-

2130 1888 2331 1960 θυμίαν
2356 1892 2467 1954 τοῖς
2495 1889 2662 1957 ζῶσιν
2686 1892 2927 1963 ἐμποιεῖ.

2200 1981 2311 2048 λς’.
2342 1984 2405 2037 Et
2434 1984 2492 2037 δὲ
2514 1985 2684 2039 τέκνα
2721 1984 2906 2049 αὐτοῖς
2935 1985 3098 2052 εἰσιν,
3123 1985 3157 2059 ἥ
3192 1984 3444 2057 σύμϐιος,
3470 1986 3567 2041 καὶ
3639 2005 3751 2058 φα-

2130 2076 2290 2149 νερόν
2318 2077 2468 2131 ἐστιν
2500 2077 2631 2153 [ὅτι]
2651 2079 3048 2151 ἀγωνιζόμενοι
3090 2080 3393 2152 προθύμως
3416 2080 3755 2154 ἐτελειώθη-

2134 2180 2254 2233 σαν,
2279 2169 2375 2222 καὶ
2400 2168 2573 2223 ταῦτα
2597 2170 2955 2241 παραμυθίας
2976 2171 3164 2237 ἀξιοῦν
3182 2173 3281 2243 τῆς
3311 2174 3747 2246 προσηκούσης.

2201 2260 2301 2326 λζ.
2339 2263 2559 2336 Ἐπειδὴ
2582 2263 2639 2318 δὲ
2662 2265 2989 2335 εὑρίσκομεν
3011 2266 3108 2319 καὶ
3136 2265 3447 2335 Ῥωμαίους
3464 2266 3559 2319 καὶ
3598 2268 3754 2321 πάν-

2130 2369 2232 2417 τας
2272 2354 2400 2418 τοὺς
2456 2354 2708 2421 ἐθνικοὺς
2736 2355 2812 2419 ῶς
2844 2355 3051 2411 ἐπίπαν
3092 2355 3433 2428 μηκοθέντας
3483 2356 3748 2429 ἀλλήλων

2132 2446 2471 2519 παρατάξεις
2498 2447 2748 2519 ὁρῶντας
2790 2446 3255 2520 ἐπισημαίνεσθαι
3286 2449 3387 2520 τὴν
3421 2438 3751 2518 στυγνωτέο

2134 2558 2236 2613 ραν
2261 2540 2463 2611 μᾶλλον
2502 2544 2567 2614 τῇ
2617 2541 2737 2613 ὕψει
2796 2541 3184 2613 ἐπιτυγχάνειν
3233 2547 3292 2598 ἐν
3340 2546 3464 2607 ταῖς
3503 2545 3743 2616 μάχαις,

2135 2634 2281 2705 ἥπερ
2305 2638 2402 2707 τὴν
2434 2635 2493 2688 ἐν
2523 2636 2634 2699 τοῖς
2665 2635 2853 2700 ὅπλοις
2878 2634 3207 2708 λάμπουσαν
3245 2653 3263 2668 ο
3300 2638 3396 2690 καὶ
3423 2636 3570 2709 τάχα
3597 2636 3749 2707 qm-

2134 2726 2222 2791 δές
2282 2728 2430 2781 ἐστιν
2472 2728 2535 2783 τδ
2566 2729 2787 2800 χυδαῖον
2812 2730 2993 2786 τοῦτο.
3026 2730 3181 2786 Μετὰ
3214 2729 3322 2802 γὰρ
3364 2730 3466 2803 τῆς
3492 2730 3747 2803 κρίσεως

2134 2816 2230 2870 τοῦ
2259 2816 2397 2872 Θεοῦ
2453 2822 2521 2891 τῇ
2552 2818 2646 2874 τοῦ
2677 2820 2989 2892 στρατηγοῦ
3028 2822 3294 2894 διοικήσει
3332 2821 3428 2876 καὶ
3446 2822 3751 2894 προθυμίᾳ.

2135 2910 2232 2966 τοῦ
2276 2914 2511 2984 στρατοῦ
2565 2916 2805 2985 πόλεμος
2849 2916 3103 2986 κρίνεται
3136 2930 3153 2947 ·
3184 2915 3299 2970 ἀλλ’
3326 2911 3421 2970 οὖν
3462 2914 3555 2970 διὰ
3605 2915 3748 2978 τοὺς

2143 3006 2457 3062 τὰτοιαῦτα
2489 3009 2924 3081 στοχαζομένους
2964 3009 3085 3065 δέον
3143 3009 3484 3078 ἐστὶν,ῶστε
3535 3010 3587 3065 εί
3639 3010 3748 3082 μὲν

2140 3097 2267 3153 ὗλαι
2305 3099 2339 3172 ἢ
2392 3101 2562 3155 κοῖλοι
2587 3102 2742 3155 τόποι
2781 3101 3129 3177 πρόκεινται,
3173 3102 3353 3157 ἐκεῖσε
3376 3100 3469 3157 τὸν
3504 3102 3745 3175 στρατὸν

438 3196 542 3254 bus
578 3213 688 3253 non
720 3199 1064 3255 ostentanda.-
1115 3210 1268 3263 sunt,
1318 3208 1378 3254 ut
1406 3216 1476 3256 ne
1505 3199 1551 3256 si
1587 3208 1714 3259 ante
1750 3216 1921 3256 unum
1941 3211 2030 3257 aut

2142 3192 2498 3265 ἁποκρύόειν,
2537 3194 2633 3248 καὶ
2666 3194 2775 3267 πρὸ
2801 3192 2998 3250 πολλοῦ
3027 3197 3141 3261 τοῖς
3191 3194 3483 3268 πολεμίοις
3512 3195 3592 3269 μὴ
3616 3196 3746 3251 ἐπιο

437 3289 668 3345 alterum
696 3293 915 3361 signum
948 3293 1019 3347 ab
1046 3293 1303 3349 hostibus
1332 3303 1771 3365 cognoscantur,
1808 3296 2029 3353 insidia:

434 3383 547 3440 illis
573 3383 796 3457 dolique
829 3393 1142 3445 struantur.

508 3565 603 3624 38.
644 3565 703 3624 Si
735 3566 922 3624 nudus
946 3566 1102 3626 locus
1135 3584 1422 3643 purusque
1448 3584 1544 3626 aer
1578 3569 1762 3636 fuerit,
1786 3570 2034 3629 cassides

437 3674 571 3719 suae
597 3676 708 3717 non
739 3662 940 3733 capite,
972 3662 1067 3719 sed
1101 3664 1359 3719 manibus
1388 3673 1628 3736 gestent,
1658 3664 1835 3721 donec
1864 3680 2036 3737 prope

441 3754 633 3811 hostes
663 3757 920 3813 venerint
951 3773 969 3812 :
1001 3764 1158 3812 scuta
1215 3768 1396 3813 autem
1432 3773 1598 3829 parva
1628 3773 1816 3815 coram
1857 3761 1909 3814 in
1940 3776 2036 3830 pe-

439 3857 603 3906 ctore
637 3848 849 3919 ferant,
882 3861 1178 3924 tegantque
1222 3851 1409 3923 galeas
1452 3860 1508 3909 et
1561 3852 1852 3911 cassides:
1887 3855 1972 3912 vel
2005 3869 2036 3908 a

442 3950 602 4014 tergo
634 3942 882 4000 humeris
913 3953 1149 4015 gestent,
1177 3944 1224 3999 si
1250 3953 1409 4000 senta
1448 3944 1627 4003 ferrea
1656 3962 1719 4003 ac
1745 3947 2036 4018 splendida

442 4034 684 4090 habeant
711 4052 725 4090 :
750 4037 845 4092 sed
876 4046 937 4091 et
974 4035 1180 4093 ferrum
1232 4037 1517 4093 hastarum
1571 4041 1836 4112 praedicto
1871 4024 2033 4098 modo

440 4129 795 4185 occultetur:
828 4137 890 4185 ut
925 4145 1079 4185 arma
1126 4134 1350 4191 eminus
1382 4135 1536 4190 nullo
1573 4137 1734 4192 modo
1776 4137 2033 4205 luceant,

440 4237 567 4279 cum
637 4223 941 4294 praesertim
1010 4226 1285 4296 ejusmodi
1336 4230 1495 4301 signo
1544 4228 1591 4286 si
1641 4232 2036 4303 consignentur

443 4320 654 4385 hostes,
688 4332 901 4378 mentes
932 4321 1153 4378 illorum
1185 4324 1583 4396 anticipentur,
1609 4335 1663 4382 et
1694 4327 1751 4382 in
1780 4325 2033 4383 formidi-

442 4426 569 4468 nem
598 4415 891 4482 quamdam
931 4424 1056 4471 ante
1092 4417 1294 4472 bellum
1325 4419 1549 4475 cadant.

2134 3287 2617 3343 δεικνύεινοῶστε
2685 3288 2762 3361 μὴ
2818 3288 3292 3361 κατασοφίζεσθαι
3358 3290 3455 3345 καὶ
3504 3289 3743 3345 ἐπιϐου-

2132 3378 2313 3436 λεύειν
2343 3382 2529 3450 αὑτὸν,
2561 3384 2610 3437 εί
2644 3384 2814 3455 μήπω
2841 3382 3071 3439 ἔλθωσιν
3094 3383 3205 3439 ἀπὸ
3235 3382 3356 3449 ἐνδς
3382 3384 3417 3457 ἢ
3476 3383 3742 3457 δευτέρου

2134 3473 2382 3547 σημείου.

2207 3565 2311 3641 λη’.
2349 3567 2411 3622 El
2462 3565 2521 3621 δὲ
2570 3566 2784 3639 γυμνὸς
2830 3567 2860 3623 δ
2891 3565 3058 3632 τόπος
3102 3567 3203 3623 καὶ
3246 3566 3493 3641 καθαρὸς
3543 3567 3575 3623 δ
3620 3566 3740 3640 ἀήρ

2138 3665 2311 3729 ἐστιν,
2331 3661 2452 3717 τότε
2484 3660 2584 3728 τὰς
2610 3660 2870 3725 κασσίδας
2890 3660 3336 3733 παρασκευάζειν
3368 3660 3446 3735 μὴ
3468 3661 3580 3735 προ
3600 3661 3737 3716 πολ-

2139 3757 2234 3813 λοῦ
2269 3760 2572 3833 φορεῖσθαι,
2606 3759 2744 3816 ἀλλὰ
2770 3760 2895 3823 ταῖς
2954 3759 3112 3831 χερσὶ
3166 3758 3499 3831 κατέχεσθαι
3534 3758 3738 3831 μέχρις

2141 3851 2209 3907 ἂν
2250 3854 2546 3923 ἑγγὶσωσιν
2598 3853 2650 3907 οί
2697 3850 2905 3924 ἐχθροί.
2966 3850 3130 3906 Ἀλλὰ
3179 3852 3273 3907 καὶ
3317 3851 3390 3906 τά
3432 3850 3733 3920 σκουτάρια

2148 3958 2319 4021 μικρά
2384 3949 2515 4004 ὄντα
2567 3946 2883 4021 ἔμπροσθεν
2928 3947 3008 4011 είς
3037 3946 3099 4001 τὸ
3153 3945 3350 4017 στῆθος
3396 3945 3607 4017 φέρειν,
3640 3945 3735 3999 καὶ

2144 4046 2372 4098 σκέπειν
2404 4042 2474 4096 δι’
2507 4041 2689 4097 αὐτῶν
2717 4042 2816 4097 καὶ
2837 4040 2907 4095 τὰ
2931 4040 3167 4113 λωρίκια
3183 4040 3276 4095 καὶ
3304 4039 3406 4105 τὰς
3428 4040 3692 4105 κασσίδας
3714 4055 3728 4071 ’

2143 4136 2427 4209 ἦὸπισθεν
2467 4137 2609 4191 κατὰ
2646 4135 2759 4190 τῶν
2808 4134 3155 4207 ὠμοπλατῶν
3208 4135 3419 4206 φέρειν,
3457 4134 3507 4189 εί
3549 4135 3733 4207 ἔχουσι

2145 4230 2344 4303 σιδηρᾶ
2368 4231 2668 4302 σκουτάρια
2696 4229 2948 4302 λαμπρά.
2992 4226 3154 4283 Ἀλλά
3172 4230 3267 4283 καὶ
3293 4228 3364 4283 τὰ
3405 4229 3600 4299 σίδηρα
3622 4227 3733 4282 τῶν

2144 4323 2449 4396 κονταρίων
2505 4325 2905 4397 ἀποκρύπτειν,
2932 4324 3012 4387 είς
3065 4322 3129 4375 τὸ
3158 4323 3432 4388 παντοίως
3486 4323 3557 4377 τά
3594 4323 3736 4377 ὅπλα

2146 4419 2388 4494 μήκοθεν
2413 4418 2743 4492 διαλάμπειν
2769 4418 2861 4473 διὰ
2888 4419 2980 4473 τον
3002 4418 3294 4491 εἰρημένον
3345 4418 3565 4490 τρόπον,
3617 4415 3734 4471 ἀλλ’

442 4504 584 4561 ὥστε
614 4509 709 4563 καὶ
734 4508 823 4565 διὰ
846 4509 1090 4565 τοιούτου
1129 4512 1387 4582 σημείου,
1420 4513 1559 4585 ὅπερ
1587 4515 1942 4587 σημειοῦνται
1987 4515 2040 4571 οί
2104 4515 2363 4582 ἐναντίοι,
2417 4511 3047 4588 προκαταλαμϐάνεσθαι
3101 4512 3200 4576 τὰς
3247 4508 3476 4584 γνώμας
3532 4510 3734 4574 αὐτῶν,

445 4602 541 4655 καὶ
569 4601 648 4667 είς
669 4602 870 4659 δειλίαν
901 4605 996 4660 καὶ
1028 4606 1133 4677 πρὸ
1154 4606 1255 4679 τῆς
1286 4607 1469 4679 μάχης
1503 4610 1886 4680 μεταπίπτειν.

514 4696 605 4753 39.
646 4696 883 4755 Insidias
934 4708 1118 4756 autem
1173 4703 1426 4760 occultas
1472 4710 1639 4774 atque
1698 4703 1915 4759 abditas
1971 4718 2030 4761 eo

2214 4697 2315 4753 10'.
2352 4692 2667 4764 Κελεὺομέν
2702 4708 2808 4763 σοι,
2838 4682 2884 4745 ὦ
2911 4690 3210 4763 cepam-ys,
3242 4688 3481 4761 μάλιστα
3513 4691 3607 4747 καὶ
3633 4691 3735 4755 τὰς

443 4788 612 4845 modo
657 4787 852 4857 facies,
898 4808 1063 4863 quem
1122 4792 1222 4848 tibi
1271 4804 1400 4851 ante
1444 4794 1741 4867 descripsi.
1783 4793 1841 4851 Si
1887 4794 2034 4851 enim

446 4881 645 4937 idonee
678 4891 1099 4956 opportuneque
1148 4885 1316 4954 ﬁant,
1364 4888 1635 4944 maximas
1676 4887 1941 4944 utilitates
1979 4890 2036 4943 in

445 4977 593 5034 bello
624 4976 882 5047 aderunt,
916 4994 1254 5052 magnasque
1283 4981 1578 5039 admodum
1610 4983 1798 5053 copias
1830 4983 1904 5037 ita
1938 4982 2037 5037 de-

447 5072 718 5139 leverunt,
745 5082 804 5127 ut
839 5073 1025 5131 nullus
1063 5066 1221 5132 lecus
1244 5076 1579 5151 conﬂigendi
1602 5078 1741 5134 aciei
1763 5078 2037 5135 universa:

444 5162 872 5235 relinqueretur.

517 5430 610 5486 40.
670 5428 776 5497 Qui
828 5431 972 5488 enim
1029 5432 1278 5491 locorum
1330 5436 1749 5510 opportunitate
1804 5436 1872 5494 ad
1929 5437 2047 5495 haec

2144 4792 2367 4862 ἐνέδρας
2400 4790 2520 4863 ήτοι
2555 4784 2929 4858 ἐγκρύμματα
2966 4783 3025 4838 ἐν
3078 4785 3145 4856 τῇ
3198 4783 3347 4857 μάχῃ
3384 4784 3528 4840 κατὰ
3576 4785 3732 4855 λόγον

2146 4883 2443 4948 ποιεῖσθαι,
2475 4881 2594 4953 ἦτοι
2630 4877 2774 4932 κατὰ
2811 4877 2904 4931 τὸν
2934 4875 3130 4950 πρώην
3149 4877 3284 4949 ἡμῖν
3321 4878 3734 4935 διατυπωθὲντα

2145 4975 2370 5047 τρόπον.
2406 4973 2580 5028 Abeat
2613 4971 2725 5044 γὰρ
2756 4969 3080 5042 ἐπιτηδείως
3109 4971 3203 5024 καὶ⁵
3237 4971 3560 5043 πρεπόντως
3588 4974 3732 5041 7M5-

2150 5085 2313 5142 μεναι
2351 5066 2616 5136 μεγίστας
2643 5063 2913 5134 ὠφελείας
2961 5065 3018 5117 ἐν
3062 5066 3185 5127 ταῖς
3240 5064 3444 5136 μάχαις
3497 5065 3729 5129 ποιοῦσι,

2148 5162 2248 5217 καὶ
2292 5161 2565 5233 διαφόρως
2606 5159 2851 5231 μεγάλας
2892 5157 3153 5230 δυνάμεις
3196 5157 3303 5211 ὑπὸ
3352 5156 3551 5227 ὀλίγων
3599 5175 3731 5212 κατ-

2145 5256 2380 5319 έλυσαν,
2412 5254 2557 5309 ὥστε
2591 5253 2727 5325 μηδέ
2762 5253 2957 5325 καιρὸν
2988 5251 3246 5324 γενέσθαι
3268 5253 3369 5326 τὴν
3407 5252 3535 5324 ὅλην
3560 5253 3732 5326 παράο

2143 5349 2301 5417 ταξιν
2336 5347 2751 5422 συμπλακῆναι.

2222 5447 2297 5515 μ’.
2329 5442 2393 5496 Εἰ
2463 5440 2564 5513 μὲν
2602 5439 2714 5511 γὰρ
2763 5437 2945 5494 τόπων
2992 5438 3320 5511 ἐπιτηδείων
3373 5439 3513 5511 πρὸς
3558 5438 3727 5511 ταῦτα

449 5524 848 5594 abundabant,
896 5528 983 5583 vel
1014 5529 1314 5586 condensis
1353 5530 1409 5588 in
1454 5531 1595 5588 locis
1620 5573 1636 5601 ,
1676 5532 1761 5589 vel
1799 5533 1952 5588 cavis
1992 5533 2030 5587 it

2148 5536 2580 5610 εὐπορήσαντες,
2618 5526 2790 5605 οἷονῆ
2847 5531 2979 5605 ὕλης
3008 5530 3252 5598 δασείας,
3296 5532 3332 5606 ἢ
3388 5532 3659 5601 κοιλάδος,
3696 5532 3729 5605 ἢ

448 5619 794 5683 recessibus,
830 5622 914 5677 vel
939 5621 995 5677 in
1026 5623 1169 5679 colle
1199 5624 1387 5697 aliquo
1422 5641 1648 5698 magno,
1677 5627 1761 5683 vel
1782 5627 2041 5692 vallibus,

445 5716 529 5770 vel
583 5716 868 5771 montibus
911 5717 1165 5776 ﬁnitimis
1215 5737 1393 5793 usque
1446 5722 1513 5777 ad
1562 5723 1803 5780 hostium
1851 5722 2039 5795 copias

446 5812 733 5882 productis
755 5853 769 5878 ,
800 5820 859 5867 ut
897 5812 968 5869 ab
999 5813 1237 5872 hostium
1272 5816 1464 5875 notitia
1506 5820 1607 5874 hoc
1652 5818 1817 5875 modo
1848 5818 2040 5873 occul-

2155 5630 2347 5704 βουνοῦ
2383 5629 2647 5700 μεγάλου,
2681 5626 2716 5700 ἢ
2744 5627 3071 5699 φαράγγων,
3111 5626 3146 5697 ἢ
3170 5626 3348 5699 ὀρέων
3381 5628 3728 5698 ἐγγιζόντων,

2148 5725 2247 5781 καὶ
2283 5723 2454 5796 μέχρι
2490 5722 2591 5793 τῆς
2614 5722 2723 5777 τῶν
2752 5720 2967 5793 ἐχθρῶν
3002 5719 3367 5792 παρατάξεως
3397 5737 3731 5775 συνεκτεινο-

2152 5821 2352 5892 μένων,
2404 5818 2546 5874 ὥστε
2600 5818 2668 5873 δι’
2703 5818 2884 5874 αὐτῶν
2934 5816 3120 5872 λαθεῖν
3164 5819 3262 5872 καὶ
3320 5815 3397 5890 μὴ
3454 5814 3731 5891 πόρρωθεν
