4020 6312
209 342 339 408 861
1300 345 1634 408 TACTICA.
1670 372 1740 383 —
1779 345 2281 409 CONSTITUTIO
2317 348 2475 413 XIV.
2920 302 2921 309 Ν
3425 348 3533 415 862

210 453 551 526 ὺρὼμενον
582 453 643 509 τὸ
690 450 992 526 ἔγκρυμμα
1036 453 1427 526 μεθοδευθῆναι
1459 453 1594 524 πρὸς
1632 453 1797 506 ἐπιδο·

1956 452 2056 507 tari
2084 454 2319 523 possint,
2347 462 2403 509 et
2430 452 2745 513 molitiones
2776 455 3005 515 idoneas
3027 463 3263 527 struere,
3295 458 3531 516 insidias

212 547 364 617 λήν.
431 548 632 612 Οὕτως
670 543 761 603 οὗν
814 550 927 611 τοῖς
957 548 1147 612 νώτοις
1199 547 1308 602 τῶν
1360 546 1571 619 ἐχθρῶν
1625 544 1799 598 ὄπισθε

1953 561 2084 602 suas
2130 547 2341 618 positas
2392 546 2718 605 habebant:
2756 547 2847 603 isti
2896 562 2927 603 a
2964 558 3120 622 tergo
3166 550 3406 607 hostium
3463 552 3532 606 de

212 639 413 708 ἅφνω
452 639 781 703 ἐπελθόντες
811 640 917 712 πρὸ
935 639 1031 712 τῆς
1059 640 1377 711 συμπλοκῆς
1402 637 1727 709 διετάραξαν
1755 655 1799 691 κ‹

1951 644 2254 713 improviso
2300 644 2614 709 irruentes,
2654 652 2782 700 ante
2813 659 3009 702 manus
3048 655 3335 703 consertes
3376 645 3532 702 fude-

206 733 501 804 ἔτρεψαν
532 732 749 798 αύτούς.

1952 747 2081 793 runt
2112 752 2229 802 eos,
2255 747 2311 794 et
2339 738 2393 793 in
2424 738 2607 811 fugam
2639 748 2944 795 verterunt.

306 833 457 895 μα’.
504 826 689 879 ’Ἄλλοι
729 824 785 878 δὲ
810 824 869 879 οὐ
907 824 1135 897 πλησίον
1158 824 1266 878 τῶν
1296 823 1510 896 ἐχθρῶν
1535 824 1633 895 τῆς
1669 838 1844 895 παρα-

2022 831 2115 885 M.
2156 830 2264 884 Alii
2293 845 2459 902 prope
2496 830 2738 885 hostium
2785 832 2993 901 copias,
3028 844 3154 886 cum
3184 831 3364 888 locum
3418 847 3527 889 non

205 918 473 983 τάξεως
524 919 730 987 ταύτην
786 919 1052 989 ἐποίησαν
1101 919 1406 990 ἐπιτήδειον
1469 918 1570 972 οὐκ
1634 917 1788 988 ἔχοντ

1953 921 2219 977 baberent
2244 921 2523 990 idoneum,
2551 920 2655 977 hoc
2688 920 2913 977 minime
2950 920 3220 990 fecerunt,
3250 924 3345 979 sed
3376 939 3407 979 a
3446 925 3528 979 la-

217 1011 451 1077 τὰττον,
496 1012 634 1068 ἀλλά
671 1015 735 1066 ἐκ
766 1013 996 1082 πλαγίου
1029 1015 1207 1068 αὐτῶν
1250 1016 1415 1086 μέσον
1444 1015 1541 1086 τῆς
1591 1015 1728 1078 ίδίας
1754 1033 1804 1068 xc

1952 1023 2067 1071 tere
2109 1014 2165 1069 in
2198 1013 2378 1069 medio
2406 1029 2519 1069 suae
2549 1014 2904 1085 hostiumque
2950 1015 3087 1071 aciei
3118 1031 3216 1072 eos
3250 1018 3526 1073 collocan-

214 1106 338 1175 τῆς
381 1104 509 1160 τῶν
553 1105 763 1177 ἐχθρῶν
806 1107 1013 1172 τάξεως
1044 1108 1394 1178 ποιήσαντες,
1438 1106 1596 1178 ἣκαὶ
1626 1106 1801 1161 δπισθε

1951 1113 2060 1174 tcs,
2091 1106 2175 1160 vel
2202 1120 2232 1159 a
2262 1115 2413 1176 tergo
2445 1121 2558 1161 sua:
2588 1106 2727 1161 aciei
2752 1107 3105 1177 obliquantes
3126 1147 3141 1173 ,
3174 1108 3413 1179 majores
3440 1124 3532 1164 co‘

214 1198 341 1269 τῆς
383 1199 539 1264 ἰδίας
567 1200 633 1253 ἐκ
665 1198 922 1268 πλαγίου,
956 1201 1052 1256 καὶ
1089 1200 1188 1273 τὴν
1231 1202 1332 1272 μὲν
1359 1202 1580 1271 μείζονα
1618 1200 1795 1271 δύναμ

1951 1200 2070 1271 pias
2098 1201 2153 1254 in
2181 1199 2398 1255 insidiis
2428 1200 2865 1266 collocaverunt,
2896 1209 2951 1255 et
2976 1201 3222 1258 minores
3248 1201 3319 1257 ad
3339 1216 3526 1259 coram

216 1293 315 1353 εἰς
353 1292 744 1363 ἐγκρύμματα
770 1291 990 1359 ἔταξαν,
1046 1292 1144 1346 τὴν
1189 1293 1248 1347 δέ
1283 1293 1541 1347 ἐλάττονα
1576 1311 1796 1365 σχηματ

1644 1311 1849 1365 ηματιο
1951 1290 2351 1363 conlligendum
2385 1308 2509 1347 cum
2546 1291 2799 1348 hostibus
2828 1294 3231 1351 instruxerunt.

221 1383 355 1448 κῶς
397 1383 722 1455 ἔμπροσθεν
760 1383 977 1447 ἔταξαν.

311 1480 447 1553 μβ’.
487 1481 670 1535 Ἄλλοι
699 1482 755 1534 δέ
785 1480 949 1551 μέρος
991 1479 1086 1533 τοῦ
1122 1478 1357 1549 στρατοῦ
1386 1476 1585 1544 ἔταξαν
1632 1480 1712 1542 είς
1754 1477 1851 1548 ἐγ-

2021 1478 2110 1535 42.
2155 1478 2258 1532 Alii
2291 1484 2498 1547 partem
2523 1478 2804 1533 exercitus
2837 1495 2945 1534 non
2974 1478 3264 1550 majorem,
3302 1479 3397 1535 sed
3424 1478 3530 1534 mi:

219 1591 523 1647 κρυμμα,
557 1576 648 1628 καὶ
681 1577 741 1628 ού
777 1575 837 1629 τὸ
871 1573 1055 1643 μεῖζον
1090 1572 1279 1643 μέρος,
1315 1572 1451 1625 ἀλλὰ
1496 1572 1557 1626 τὸ
1610 1572 1806 1640 ὀλιγότε

1952 1588 2141 1627 norem
2176 1572 2227 1626 in
2256 1570 2474 1627 insidiis
2506 1573 2848 1633 locaverunt,
2881 1570 3286 1626 conllictatione
3313 1570 3427 1640 jam
3449 1573 3532 1627 in-

222 1685 339 1738 pov
365 1685 382 1699 ο
420 1668 532 1738 τῆς
560 1668 617 1721 δὲ
650 1666 924 1738 συμϐολῆς
957 1664 1259 1737 γενομένης
1287 1665 1553 1727 ἑκουσίως
1576 1664 1685 1719 τῶν
1716 1680 1809 1733 πρε

1952 1675 2109 1737 cepta
2143 1665 2284 1735 fuga:
2308 1667 2630 1721 voluntarize
2655 1666 2722 1721 iis
2747 1667 2837 1736 qui
2866 1666 2919 1719 in
2940 1663 3059 1719 acie
3090 1663 3352 1719 instructi
3374 1671 3532 1719 erant

222 1762 545 1830 ταγέντων
589 1762 669 1824 εἰς
701 1762 879 1830 φυγὴν
929 1759 1314 1831 ὁρμησάντων,
1353 1760 1447 1813 καὶ
1492 1758 1602 1812 τῶν
1640 1757 1809 1829 ἐχθριῖ

1954 1775 2076 1816 sese
2111 1760 2499 1815 mandantibus
2527 1800 2541 1822 ,
2574 1767 2625 1814 et
2659 1760 2913 1815 hostibus
2947 1758 3071 1814 illos
3119 1756 3353 1814 confuse
3387 1758 3531 1814 insc-

379 1852 585 1919 δίωξιν
620 1822 875 1918 ἀτάκτως
905 1822 1262 1925 ποιουμένων.
1298 1853 1437 1923 μετὰ
1465 1853 1524 1905 τὸ
1558 1822 1815 1923 παρελθεῖ

1953 1854 2270 1923 quentibus,
2301 1861 2355 1909 et
2388 1854 2567 1908 locum
2612 1854 2764 1907 illum
2806 1852 2896 1906 ubi
2929 1852 3144 1908 insidiae
3180 1860 3311 1908 sunt
3340 1851 3533 1906 locata:

227 1947 463 2010 αὐτοὺς
494 1948 585 2000 τὸν
625 1948 794 2003 τόπον
825 1948 925 2018 τῆς
952 1947 1174 2019 ἐνέδρας
1209 1940 1523 2012 ἐξελθόντες
1563 1946 1612 1998 oi
1644 1946 1706 1999 τὸ
1747 1945 1812 2015 ἐγ

1953 1946 2372 2001 transeuntibus
2400 1962 2415 2001 :
2452 1945 2547 2016 qui
2583 1945 2639 2000 in
2677 1945 2896 2002 insidiis
2929 1944 3095 2015 positi
3125 1951 3285 1999 erant
3313 1958 3346 1998 a
3380 1953 3536 2014 tergo

230 2057 503 2112 κρυμμα
555 2040 880 2112 ποιήσαντες
915 2039 1057 2094 κατὰ
1099 2039 1193 2093 τοῦ
1245 2027 1415 2093 νώτου
1464 2039 1690 2092 δπισθεν
1736 2039 1817 2092 τῶ

1951 2041 2139 2096 hostes
2170 2039 2430 2094 invadant
2465 2058 2478 2094 :
2509 2040 2602 2110 qui
2634 2052 2762 2093 vero
2790 2045 2916 2092 ante
2940 2036 3297 2108 aufugerunt,
3324 2043 3533 2091 tessera

229 2133 482 2206 ἐχθρῶν
508 2134 847 2204 ἐπέστησαν·
881 2128 998 2186 εῐτα
1023 2133 1118 2185 καὶ
1138 2132 1187 2186 οἱ
1218 2130 1478 2203 φυγόντες
1500 2131 1816 2201 ἀντίστροφο

1955 2134 2098 2188 facta
2132 2146 2297 2203 quam
2345 2139 2471 2186 ante
2521 2130 2627 2187 sibi
2668 2136 3107 2201 proposuerant,
3143 2126 3398 2184 conversi
3433 2129 3534 2182 itc-

235 2226 553 2295 γινόμενοι
601 2226 739 2296 πρὸς
775 2225 833 2278 τὸ
872 2224 1124 2295 σύνθημα
1178 2224 1315 2294 ὅπερ
1347 2222 1641 2294 προόρισαν
1686 2223 1745 2276 ἐν
1769 2222 1822 2293 τᾷ

1952 2241 2074 2281 rum
2108 2224 2161 2279 in
2198 2225 2423 2291 hostes,
2468 2224 2835 2293 insequuntur
2862 2238 2980 2279 eos.
3028 2220 3142 2277 Hoc
3187 2230 3375 2275 autem
3417 2219 3533 2274 fere

241 2317 417 2389 μέσῳ
461 2318 738 2371 ἀπέλαϐον
774 2317 993 2380 αύτούς.
1042 2315 1216 2369 Τοῦτο
1254 2315 1310 2369 δὲ
1353 2315 1428 2378 ὼς
1462 2317 1554 2368 ἐπὶ
1588 2316 1721 2369 πολὺ
1755 2316 1828 2369 ἐπ’

1954 2319 2279 2390 plerumque
2326 2317 2595 2374 adversus
2640 2318 2990 2387 aquilonares
3024 2316 3279 2371 homines
3310 2314 3531 2388 Scythi-

232 2410 358 2464 τῶν
392 2409 759 2482 βορειοτέρων
785 2409 878 2462 καὶ
898 2408 1182 2461 Σκυθικῶν
1216 2406 1386 2459 ἐθνῶν
1431 2406 1642 2475 γίνεται
1670 2405 1758 2459 διὰ
1786 2423 1814 2458 τ

1953 2427 2157 2483 easque
2190 2411 2442 2468 nationes
2469 2410 2706 2466 maxime
2742 2412 2825 2476 lit,
2853 2417 2911 2464 ut
2948 2408 3163 2475 Turcte,
3195 2416 3249 2465 et
3274 2408 3373 2479 qui
3404 2416 3534 2464 sunt

234 2502 479 2558 ἄτακτα
522 2497 686 2569 εἶναι,
715 2497 827 2555 οἷον
855 2500 1114 2571 Τούρκων
1142 2498 1236 2552 καὶ
1261 2497 1370 2551 τῶν
1402 2497 1606 2567 ὁμοίων
1637 2497 1821 2560 αὐτοῖς

715 2497 827 2555 οἷον
855 2500 1114 2571 Τούρκων
1142 2498 1236 2552 καὶ
1261 2497 1370 2551 τῶν
1402 2497 1606 2567 ὁμοίων
1637 2497 1843 2560 αὐτοῖς.
1953 2505 2024 2561 iis
2055 2506 2287 2561 similes,

321 2592 446 2665 μγ’.
500 2593 626 2647 Ἐὰν
663 2593 719 2647 δέ
763 2610 847 2655 τις
890 2592 1098 2661 φόσσαν
1136 2590 1379 2660 βαθεῖαν,
1422 2590 1589 2659 ἤγουν
1627 2588 1846 2660 ὄρυγμα

2021 2597 2116 2653 ιδ.
2158 2599 2213 2652 Si
2243 2596 2367 2667 quis
2403 2596 2608 2652 fossam
2642 2597 2806 2651 altam
2841 2595 2907 2651 ad
2943 2604 3067 2652 octo
3096 2605 3192 2651 aut
3215 2595 3403 2652 decem
3438 2611 3532 2666 pe-

238 2688 346 2742 ἐπὶ
372 2686 529 2741 ὀκτὼ
564 2687 597 2758 ἢ
641 2686 774 2740 δέκα
826 2686 998 2747 πόδας
1042 2684 1104 2738 τὸ
1148 2682 1349 2747 πλάτος
1399 2684 1489 2736 ἐπὶ
1525 2682 1706 2735 ἱκανὸν
1738 2681 1825 2735 διά

1952 2688 2083 2745 dum
2130 2688 2470 2744 latitudinem
2522 2690 2657 2745 satis
2704 2689 2868 2759 longo
2916 2690 3206 2744 intervallo
3255 2687 3530 2754 effoderit,

243 2799 450 2854 στημα
491 2780 683 2853 ὁρύξῃ,
715 2778 812 2833 καὶ
860 2777 1110 2846 σκεπάσῃ
1146 2776 1352 2845 ταύτην
1400 2773 1577 2838 ξύλοις
1624 2773 1830 2838 λεπτοῖς

1952 2782 2205 2851 hancque
2228 2780 2394 2851 lignis
2417 2783 2697 2845 tenuibus,
2718 2782 2947 2852 cespite.
2989 2780 3118 2836 feno
3144 2789 3311 2850 atque
3334 2794 3532 2850 aggere

237 2878 438 2949 χόρτῳ
464 2891 527 2927 τε
575 2874 672 2927 καὶ
709 2870 948 2943 χώματι,
1001 2868 1139 2921 ὥστε
1176 2868 1461 2938 ἡνωμένην
1500 2867 1596 2920 καὶ
1650 2866 1824 2935 ὁμοίας

1951 2872 2286 2939 contexerit,
2313 2873 2470 2943 quasi
2506 2887 2616 2927 una
2640 2872 2942 2942 eademque
2965 2889 3089 2927 cum
3126 2872 3374 2927 finitimis
3396 2872 3533 2926 locis

239 2972 348 3043 τὴν
396 2968 728 3038 ἐπιφάνειαν
773 2964 868 3017 τοῦ
919 2961 1231 3033 ὀρύγματος
1272 2956 1412 3012 εἶναι
1450 2962 1516 3031 τῇ
1547 2959 1826 3029 ἐγγιζούσθε

1952 2967 2114 3015 terrae
2150 2960 2485 3030 superficies
2526 2971 2706 3025 esset,
2758 2962 3005 3033 nihilque
3062 2976 3093 3016 a
3138 2963 3533 3018 circumstante

242 3060 409 3133 αὐτῷ
458 3050 560 3132 γῇ,
594 3056 859 3112 καὶκατὰ
896 3055 1061 3127 μηδὲν
1097 3051 1455 3106 διαλλάττειν.
1502 3051 1663 3104 Ἀλλὰ
1708 3051 1829 3122 μηδέ

1954 3061 2100 3108 terra
2145 3052 2348 3118 distet,
2381 3053 2641 3109 eductum
2690 3064 2873 3109 autem
2913 3071 3164 3126 aggerem
3210 3054 3532 3111 universum

242 3153 311 3207 τὸ
342 3150 594 3221 ἐπαρθὲν
642 3147 805 3219 χῶμα
834 3146 970 3216 ἐάσῃ
1018 3141 1385 3212 παρακεῖσθαι
1436 3141 1608 3211 αὐτῷ,
1648 3142 1735 3194 ἵνα
1770 3140 1829 3210 με)

1953 3144 2027 3201 ibi
2052 3146 2240 3216 jacere
2269 3161 2377 3200 non
2406 3147 2583 3217 ‘sinat,
2615 3163 2681 3203 ne
2707 3149 2949 3219 aliquam
2973 3148 3239 3206 novitatis
3268 3149 3535 3219 suSpicio-

218 3244 511 3316 ἐμφαίνει
556 3242 680 3294 τινὰ
754 3236 1175 3309 ξενοπρέπειαν’
1223 3236 1280 3287 ἐν
1319 3231 1398 3303 τῷ
1456 3232 1698 3303 μέσῳδέ
1749 3249 1805 3285 το

1950 3256 2073 3296 nem
2106 3240 2339 3308 afferat,
2375 3242 2429 3296 in
2475 3244 2659 3298 medio
2692 3254 2875 3299 autem
2919 3246 3170 3315 ejusdem
3206 3244 3370 3301 fossa:
3412 3245 3531 3299 loca

246 3335 428 3392 αὑτοῦ
484 3334 799 3406 ὀρύγματος
840 3330 1116 3401 καταλίπῃ
1148 3325 1300 3389 τινὰς
1350 3325 1548 3389 τόπους
1588 3325 1833 3395 στερεοὺς

1948 3332 2194 3403 (ιιιωόδηὶ
2219 3331 2377 3387 ﬁrma
2413 3335 2717 3404 reliquerit,
2749 3336 2818 3389 ad
2862 3335 2916 3390 id
2956 3343 3176 3407 tempus
3224 3344 3435 3399 notata,
3476 3342 3535 3391 et

248 3426 751 3503 σεσημειωμένους
777 3424 870 3479 καὶ
898 3421 1279 3492 ἐγνωσμένους
1306 3418 1444 3490 πρὸς
1473 3417 1533 3471 τὸ
1558 3418 1731 3488 παρὸν
1766 3416 1835 3488 τῷ

1949 3423 2234 3494 designata
2280 3425 2548 3480 exercitui
2582 3432 2712 3489 tuo,
2750 3433 2804 3482 et
2852 3426 3115 3496 utrinque
3156 3426 3287 3482 hinc
3313 3462 3331 3489 .
3364 3434 3535 3495 atque

254 3521 378 3593 ἰδίῳ
410 3518 657 3592 στρατῷ.
696 3518 887 3570 Ἐκατέ
899 3519 1069 3587 ρωθεν
1095 3515 1172 3579 δέ,
1204 3514 1370 3582 ἤγουν
1394 3511 1546 3565 ἐνθεν
1569 3509 1841 3578 κάκεῖθεν,

1950 3517 2101 3571 illinc
2132 3532 2303 3588 prope
2336 3517 2540 3573 fossam
2568 3518 2800 3573 insidias
2833 3518 3037 3574 abditis
3072 3518 3209 3575 locis
3238 3519 3380 3573 clam
3419 3518 3536 3575 col-

252 3615 322 3667 ἐκ
350 3612 455 3667 τοῦ
482 3612 711 3684 πλησίον
738 3608 834 3663 τοῦ
858 3609 1169 3680 ὀρύγματος
1189 3606 1489 3677 ἐγκρυμμα
1511 3605 1591 3668 είς
1623 3604 1839 3672 ἀφανεῖς

1948 3608 2254 3673 locaverit,
2307 3615 2362 3665 et
2411 3618 2540 3665 ante
2590 3609 2795 3666 fossam
2861 3610 3107 3681 reliquos
3164 3609 3532 3681 instruxerit,

256 3708 467 3771 τόπους
501 3706 727 3777 ποιήσῃ,
756 3702 854 3758 καὶ
882 3700 1186 3773 παρατάξει
1216 3700 1343 3762 τοὺς
1378 3699 1597 3761 λοιποὺς
1623 3698 1728 3771 πρὸ
1752 3696 1843 3750 τοῦ

1951 3699 2147 3755 deinde
2190 3700 2600 3756 conflictatione
2640 3701 2860 3773 incepta
2912 3702 3277 3757 voluntariam
3321 3700 3532 3773 fugam,

254 3797 619 3869 ὀρύγματος·
668 3790 789 3849 εἶτα
820 3792 1095 3864 συμϐολῆς
1142 3791 1442 3862 γενομένης
1495 3790 1758 3852 ἑκουσίως
1797 3789 1841 3843 oi

1950 3795 2041 3865 qui
2070 3793 2329 3849 instructi
2357 3794 2413 3849 in
2448 3796 2565 3851 acie
2589 3806 2717 3850 sunt
2743 3836 2758 3862 ,
2805 3795 3204 3860 simulaverint,
3230 3803 3284 3853 et
3312 3810 3407 3867 per
3437 3808 3530 3852 σοι

259 3888 643 3961 προταγέντες
675 3886 775 3958 τὴν
800 3885 1007 3958 τροπὴν
1047 3885 1517 3956 σχηματισάμενοι
1551 3883 1705 3938 αὐτοὶ
1748 3883 1846 3953 μέν

1951 3885 2099 3953 gnita
2140 3884 2406 3955 firmaque
2450 3887 2569 3941 loca
2598 3901 2793 3943 secure
2825 3888 3189 3954 transierint,
3221 3888 3407 3944 hostes
3434 3903 3532 3942 au-

260 3982 353 4036 δ.ὰ
379 3980 495 4035 τῶν
524 3977 883 4049 ἐγνωσμένων
906 3979 1091 4040 αὐτοῖς
1112 3976 1294 4029 τόπων
1322 3977 1416 4030 καὶ
1446 3975 1681 4048 στερεῶν
1699 3975 1847 4029 ἀκιν-

1950 3986 2058 4030 tem
2092 3975 2398 4046 impetuose
2448 3992 2514 4033 ac
2544 3978 2895 4034 vehementer
2920 3980 3306 4051 insequantur,
3330 3979 3531 4035 deinde

257 4072 437 4137 δύνως
496 4071 871 4143 παρέλθωσιν.
928 4072 990 4125 ΟΞ
1046 4070 1103 4125 δὲ
1164 4069 1400 4123 ἐναντίοι
1455 4069 1700 4141 σφοδρῶς
1757 4068 1844 4122 καὶ

1950 4066 2007 4131 ii,
2043 4068 2134 4137 qui
2167 4067 2350 4138 fugam
2397 4070 2733 4127 simulabant
2764 4072 3014 4127 conversi
3048 4072 3103 4127 in
3134 4087 3231 4129 eos
3255 4112 3273 4137 ,
3316 4072 3441 4127 aliis
3473 4072 3528 4127 in

259 4165 513 4236 ἀσχέτως
562 4163 659 4235 τὴν
692 4162 875 4229 δίωξιν
920 4160 1281 4231 ποιησάμενοι
1316 4159 1631 4231 ἐμπέσωσιν
1684 4161 1743 4213 ἐν
1772 4156 1846 4229 τῷ

1950 4158 2154 4215 fossam
2182 4162 2541 4233 praecipitatis
2564 4204 2581 4232 ,
2622 4165 2747 4221 aliis
2794 4166 3075 4236 inopinata
3115 4167 3217 4223 hac
3244 4167 3528 4221 machina-

260 4258 564 4330 ὀρύγματι,
622 4254 1010 4320 ὑπεξελθόντες
1055 4254 1112 4307 δέ
1150 4254 1302 4322 ἄφνω
1336 4254 1385 4305 οἱ
1436 4252 1497 4305 τὸ
1550 4251 1847 4324 ἐγκρυμμα

1953 4252 2104 4309 tione
2131 4255 2185 4310 in
2216 4255 2396 4327 fugam
2427 4258 2720 4328 conjectis,
2754 4273 3006 4330 magnam
3039 4268 3249 4329 partem
3282 4256 3527 4313 hostium

261 4351 656 4423 ποιησάμενοι,
690 4344 810 4403 εἶτα
840 4346 1356 4417 ἐπαναστρέψαντες
1388 4345 1481 4398 καὶ
1508 4346 1558 4398 ol
1582 4344 1678 4416 τὴν
1714 4344 1847 4399 ὑπο-

1953 4345 2231 4414 delebunt,
2283 4348 2389 4403 nisi
2446 4348 2513 4403 ab
2564 4348 2813 4405 hostibus
2864 4348 2970 4404 hoc
3005 4359 3134 4404 ante
3184 4346 3530 4402 animadver-

262 4442 514 4517 χώρησιν
558 4442 1048 4515 σχηματισάμενοι,
1102 4440 1229 4504 τοὺς
1264 4438 1480 4503 πλείους
1500 4439 1609 4492 τῶν
1635 4437 1845 4511 ἐχθρῶν

1954 4455 2079 4495 sum
2121 4480 2140 4510 ,
2205 4442 2290 4496 vel
2356 4456 2388 4497 a
2454 4441 2783 4513 quibusdam
2856 4440 3160 4513 transfugis
3230 4440 3528 4496 indicatum

264 4541 579 4595 ἀπολέσωσι
609 4539 849 4602 πάντως,
889 4539 1016 4601 τοὺς
1063 4536 1161 4608 μὲν
1201 4536 1277 4601 ὡς
1306 4538 1646 4607 ἐμπεσόντας
1678 4538 1757 4601 είς
1784 4538 1843 4591 τὸ
1876 4535 1918 4591 D
1949 4538 2040 4593 sit.

266 4634 511 4709 ὀρυγμα,
545 4635 672 4699 τοὺς
722 4632 779 4688 δὲ
817 4633 894 4697 ὡς
970 4631 1280 4703 τραπέντας
1330 4630 1584 4696 ἀτάκτως
1640 4631 1734 4686 ἐπὶ
1790 4633 1868 4706 τῷ
1934 4634 2177 4704 ἀδικήτῳ
2247 4630 2324 4703 (6)
2382 4630 2772 4704 συμπτώματι,
2814 4632 2864 4685 εί
2924 4632 3000 4703 μὴ
3050 4632 3160 4704 ἄρα
3220 4630 3375 4702 παρὰ
3421 4628 3530 4683 τῶν

268 4735 482 4808 ἐχθρῶν
517 4732 863 4805 προγνωσθῇ,
903 4730 936 4800 ἣ
978 4730 1068 4784 διά
1101 4746 1262 4783 τινων
1296 4729 1436 4800 πρὸς
1475 4728 1715 4800 ῥυέντων
1747 4732 1933 4798 αὐτοῖς
1963 4732 2345 4803 καταμηνυθῇ.

346 4830 451 4902 μδ’.
498 4828 627 4884 Ἐὰν
652 4827 710 4882 δὲ
737 4827 827 4881 τδν
854 4827 1037 4897 ὅμοιον
1062 4825 1263 4896 τρόπον
1292 4825 1386 4878 καὶ
1413 4823 1503 4877 διὰ
1533 4823 1721 4879 πάλων
1750 4842 1848 4880 πε-

2020 4828 2111 4882 44.
2154 4827 2421 4881 Similiter
2454 4825 2501 4882 si
2546 4825 2689 4897 palis
2719 4826 2845 4897 quis
2894 4823 3091 4883 deﬁxis
3148 4826 3341 4883 fecerit
3388 4826 3531 4886 duos

274 4923 575 4995 πηγμένων
614 4937 701 4985 τις
744 4922 989 4994 ποιήσῃ,
1042 4919 1136 4973 δύο
1188 4918 1350 4990 καὶῆ
1408 4920 1559 4990 τρεῖς
1609 4918 1848 4984 εἰσόδους

1955 4928 2051 4976 aut
2078 4930 2192 4977 tres
2210 4923 2514 4992 ingressus,
2540 4936 2790 4989 securus,
2814 4921 3163 4993 integrosque
3188 4923 3529 4994 relinquens,

276 5014 509 5079 ἀπαθεῖς
554 5013 819 5085 ἐπινοήσῃ
861 5014 1212 5084 ἐγνωσμένας
1250 5010 1328 5082 τῷ
1373 5012 1849 5085 παρατασσομένῳ

1956 5021 2009 5070 et
2038 5014 2318 5069 instructae
2351 5015 2485 5069 aciei
2528 5016 2819 5085 cognitos;
2854 5016 3049 5071 deinde
3091 5025 3218 5072 ante
3247 5018 3402 5087 palos
3429 5035 3528 5075 eos

280 5106 515 5181 στρατῷ,
548 5101 670 5161 εἷτα
694 5106 800 5177 πρὸ
833 5106 941 5160 τῶν
962 5106 1151 5160 πάλων
1181 5105 1408 5159 ἐκείνων
1434 5105 1845 5177 παρατάξηται·

1956 5106 2129 5162 aciem
2157 5106 2430 5173 instruat,
2464 5116 2517 5162 et
2556 5107 2610 5161 in
2641 5108 2759 5178 ipsa
2791 5108 3203 5165 conflictatione
3231 5109 3411 5181 fugam
3451 5113 3526 5166 si-

285 5200 761 5273 σχηματισάμενος
812 5200 870 5253 ἐν
920 5199 985 5270 τῇ
1041 5198 1283 5269 συμϐολῇ
1349 5197 1491 5252 κατὰ
1544 5196 1635 5251 τὸν
1666 5198 1851 5270 ὅμοιον

1959 5201 2177 5256 mulans
2206 5200 2396 5256 incitet
2433 5202 2640 5268 hostes,
2675 5211 2733 5255 ut
2779 5201 2833 5256 in
2868 5203 2967 5257 hos
2998 5203 3150 5273 palos
3174 5212 3319 5271 ruat,
3344 5217 3399 5260 et
3430 5221 3526 5262 su-

282 5292 478 5363 τρόπον
518 5296 618 5365 τὴν
660 5293 841 5367 φυγὴν
866 5291 1243 5364 προτρέψηται
1298 5291 1424 5354 τοὺς
1475 5289 1703 5361 ἐχθροὺς
1738 5292 1851 5354 τοῖς

1960 5294 2073 5350 bito
2102 5311 2130 5350 a
2165 5296 2335 5351 latere
2359 5297 2789 5353 intervenientes
2812 5298 3051 5365 insidias,
3090 5302 3274 5356 hostes
3306 5316 3530 5373 magno-

286 5384 471 5451 πάλοις
498 5390 839 5457 περιπεσεῖν.
866 5386 977 5440 Καὶ
999 5384 1261 5457 ἐξαίφνης
1291 5385 1613 5448 ἐπελθόντες
1634 5384 1689 5440 οῖ
1705 5402 1763 5439 τε
1792 5384 1853 5440 τὸ

753 5390 839 5441 εῖν.
866 5386 977 5440 Καὶ
999 5384 1261 5457 ἐξαίφνης
1291 5385 1613 5448 ἐπελθόντες
1634 5384 1689 5440 οἴ
1705 5402 1763 5439 τε
1792 5384 1853 5440 τὸ
1956 5402 2085 5458 pere
2123 5386 2340 5443 laadent.

287 5477 580 5551 ἐγκρυμμα
612 5480 828 5551 ἔχοντες
874 5481 939 5533 ἐκ
968 5479 1235 5548 πλαγίου,
1299 5480 1394 5533 καὶ
1459 5480 1520 5534 οὐ
1573 5483 2044 5554 σχηματισάμενοι
2103 5486 2201 5559 τὴν
2270 5486 2446 5559 φυγὴν
2508 5486 2647 5541 κατὰ
2722 5486 2957 5559 κράτος,
3021 5489 3114 5543 καί
3175 5488 3349 5554 οὕτως
3400 5492 3529 5556 τοῖος

290 5570 508 5645 ἐχθροὺς
533 5574 912 5629 ἀπολέσουσιν.

359 5663 460 5737 με’.
490 5670 706 5725 Γίνεται
734 5669 793 5725 δὲ
839 5670 1083 5735 τοιοῦτος
1113 5670 1264 5737 δόλος
1300 5672 1440 5728 κατὰ
1478 5672 1588 5729 τῶν
1639 5672 1849 5749 ἐχθρῶν

2028 5672 2119 5728 45.
2166 5670 2490 5745 llujusmodi
2516 5671 2678 5729 etiam
2709 5671 2869 5731 dolus
2892 5672 3154 5731 adversus
3187 5672 3374 5731 hostes
3410 5674 3530 5730 sine

1808 5765 2047 5839 Nom.

300 5905 305 5907 ,
360 5852 435 5927 (6)
477 5858 784 5929 Ἀδικήτφ.
820 5860 1031 5933 Scribe,
1062 5861 1328 5941 ἀδοκήτῳ.
