4020 6312
499 312 610 379 863

1762 315 2040 382 LEONIS
2074 314 2539 382 PHILOSOPHI

3659 323 3772 392 εει

496 425 690 492 fossis,
726 431 780 481 et
805 425 944 496 palis
971 423 1299 497 suscipitur,
1331 425 1377 480 si
1409 425 1535 498 quis
1576 425 1786 482 ferreos
1815 430 2072 498 tribulos,

2183 432 2279 486 καὶ
2314 431 2447 486 ἄνευ
2492 429 2831 502 ὀρύγματος,
2880 432 2913 504 ἢ
2970 431 3178 500 πάλων,
3211 429 3307 488 ἐάν
3350 450 3438 499 τις
3478 437 3770 510 τριϐόλους

497 521 554 576 id
576 529 683 585 est,
710 520 948 577 murices
977 519 1044 574 ad
1076 533 1292 592 tempus
1316 521 1551 578 vinculis
1590 523 1924 578 constrictos
1951 539 2079 594 pro-

491 615 672 686 jiciat,
696 615 789 690 qui
817 621 940 685 post
959 628 1118 668 usum
1144 614 1420 685 expletum
1443 614 1692 668 contrahi
1711 613 1765 668 in
1795 629 1854 670 se
1882 615 2076 671 iterum

497 707 755 778 possint,
787 704 855 759 ad
902 704 1248 759 latitudinem
1280 704 1417 759 aciei
1454 704 1776 774 instructae;
1806 705 1862 760 in
1894 705 2075 761 medio

493 807 734 870 quatuor
787 803 884 851 aut
933 794 1180 866 quinque
1219 796 1484 852 transitus
1514 797 1810 868 relinquito
1854 807 2074 853 centum

492 890 694 961 pedum
727 887 1040 954 latitudine,
1073 887 1166 958 qui
1201 887 1469 942 exercitui
1503 887 1771 944 bellaturo
1792 889 1909 945 noti
1941 889 2074 956 sint,

493 983 663 1038 ramis
691 981 926 1053 magnis,
955 989 1048 1034 aut
1078 982 1362 1038 hastarum
1391 982 1714 1053 cuspidibus
1745 983 2075 1054 peregrinis,

492 1085 588 1130 aut
621 1085 781 1131 terra:
811 1075 1103 1146 aggeribus
1131 1074 1198 1130 ad
1239 1074 1463 1130 modum
1492 1076 1692 1130 tumuli
1717 1114 1734 1140 ,
1770 1082 1866 1130 aut
1890 1076 2077 1132 aeervi

490 1166 735 1236 lapidum
763 1167 1086 1232 cumulatis,
1119 1178 1213 1222 aut
1235 1167 1360 1224 aliis
1386 1169 1737 1225 evidentibus
1766 1170 1940 1240 signis
1965 1185 2076 1226 non

491 1263 560 1318 ad
593 1262 837 1330 initium,
865 1263 982 1317 sive
1009 1261 1244 1319 frontem
1275 1263 1636 1335 longitudinis
1673 1264 1866 1319 horum
1901 1264 2078 1320 tribu-

492 1357 670 1411 lorum
707 1356 923 1426 positis,
950 1356 1044 1412 sed
1077 1356 1147 1410 ad
1186 1356 1395 1412 exitum
1429 1356 1737 1410 altitudinis
1763 1355 1831 1411 ad
1860 1365 2074 1410 utram.

501 1462 610 1517 que
633 1462 786 1501 oram
819 1448 1086 1503 transitus
1119 1448 1313 1502 notati.
1343 1447 1760 1503 Conﬂictatione
1781 1447 1893 1517 jam
1921 1449 2075 1503 ince-

489 1550 582 1612 pta
612 1540 795 1612 fugam
830 1543 1132 1606 simulent,
1163 1549 1220 1597 et
1258 1541 1350 1596 ubi
1384 1541 1499 1596 haec
1543 1548 1674 1595 nota
1711 1540 1870 1609 signa
1909 1553 2072 1594 exer-

487 1635 950 1697 citustransicrit
973 1675 988 1700 ,
1035 1633 1360 1690 auferantur
1401 1650 1462 1690 ea
1493 1673 1508 1700 ,
1556 1642 1651 1688 aut
1681 1632 2014 1703 dejiciantur
2043 1645 2073 1684 a

486 1727 657 1782 certis
681 1727 1010 1798 quibusdam
1041 1726 1322 1796 equitibus
1353 1724 1422 1780 ad
1465 1725 1570 1779 hoc
1599 1724 1952 1791 constitutis;
1986 1724 2075 1779 in-

2187 525 2414 595 σιδηρᾶς
2457 524 2798 595 άσυμφανῶς
2829 525 2962 600 ῥίψῃ
3007 527 3147 598 πρὸς
3176 526 3327 599 ὥραν
3359 530 3417 584 ἐν
3461 532 3771 603 σφηκώμα-

2184 634 2271 671 σιν
2305 619 2383 688 (7)
2430 618 2836 689 ἀποδεδομένας
2873 621 2955 685 είς
2991 621 3052 676 τὸ
3090 622 3328 694 ἑτοίμως
3379 626 3770 682 συστέλλεσθαι

2187 713 2326 784 μετὰ
2350 714 2450 785 τὴν
2466 716 2678 786 χρείαν,
2713 717 2991 772 τουτέστιν
3020 718 3116 772 ἐπὶ
3139 718 3340 785 πλάτος
3367 721 3467 791 μὲν
3493 728 3538 792 ρ’
3566 722 3767 790 ποδῶν,

2183 805 2278 858 καὶ
2305 805 2444 877 πρὸς
2469 807 2645 878 μῆκος
2667 808 2725 862 δὲ
2751 809 2889 879 πρὸς
2913 810 2975 864 τὸ
3004 813 3104 882 τῆς
3144 812 3511 884 παρατάξεως
3545 813 3771 884 διάστη-

2186 913 2302 968 μαο
2344 898 2402 952 ὲν
2431 899 2508 970 τῷ
2567 899 2719 970 μέσῳ
2771 901 2828 956 δὲ
2881 903 3154 974 τέσσαρας
3199 904 3232 976 ἢ
3275 905 3438 959 πέντε
3494 908 3771 979 παρόδους

2183 990 2485 1064 καταλείπῃ
2523 993 2631 1048 ἀπὸ
2655 995 2987 1065 τριακοσίων
3011 996 3191 1050 ποδῶν
3237 997 3440 1062 πλάτος
3484 1001 3770 1072 ἐγνωσμέο

2182 1098 2280 1145 νας
2322 1081 2399 1152 τῷ
2434 1083 2800 1153 συμϐάλλοντι
2857 1086 3093 1158 στρατῷ,
3151 1086 3249 1142 καὶ
3308 1092 3770 1162 σεσημειωμένας

2183 1172 2293 1226 ἀπὸ
2344 1172 2555 1226 κλάδων
2598 1173 2872 1242 μεγάλων,
2905 1175 2937 1247 ἢ
2984 1179 3289 1247 κονταρίων
3333 1180 3578 1250 κεφαλὰς
3624 1181 3773 1247 ξενο-

2182 1265 2415 1333 πρεπεῖς
2460 1263 2713 1335 ἐχόντων,
2760 1265 2931 1336 ἢγῆς
2977 1266 3259 1322 ἀναϐολῶν
3299 1268 3376 1334 ὠς
3423 1272 3696 1341 τυμϐίων,
3736 1273 3769 1342 ἢ

2181 1354 2346 1409 λίθων
2392 1357 2823 1428 ἀποτιθεμένων,
2854 1357 2887 1430 ἢ
2923 1358 3111 1430 ἕτερον
3142 1360 3370 1432 εΰδηλον
3399 1366 3648 1434 σημεῖον,
3706 1366 3768 1419 οὐ

2185 1448 2348 1517 μόνον
2377 1450 2498 1503 κατ’
2525 1450 2698 1512 αὐτὰς
2726 1450 2829 1513 τὰς
2856 1451 3055 1522 ἀρχὰς,
3087 1453 3209 1524 ἦτοι
3229 1454 3342 1507 τῶν
3377 1455 3648 1524 μετώπων
3670 1457 3769 1510 τοῦ

2185 1538 2396 1608 μήκους
2420 1539 2708 1609 τριϐόλων,
2743 1539 2879 1594 ἀλλὰ
2903 1542 2998 1595 καὶ
3019 1542 3162 1597 κατὰ
3187 1543 3281 1597 τοῦ
3302 1543 3502 1614 βάθους
3530 1547 3649 1617 ἦτοι
3671 1548 3768 1601 τοῦ

2183 1630 2419 1695 πλάτους
2456 1633 2587 1702 παρ’
2628 1633 2871 1707 ἑκάτερα
2894 1635 3006 1688 τῶν
3038 1637 3311 1708 παρόδων,
3337 1637 3477 1692 ὥστε
3509 1640 3608 1711 τῆς
3633 1658 3772 1710 συμ-

2184 1724 2351 1795 ϐολῆς
2394 1726 2697 1797 γενομένης
2732 1727 3176 1798 σχηματίσασθαι
3216 1731 3445 1803 τροπὴν,
3492 1735 3588 1787 καὶ
3628 1734 3771 1804 μετὰ

487 1819 644 1874 sidize
692 1829 804 1874 tum
839 1819 966 1874 hinc
1003 1828 1168 1889 atque
1201 1818 1354 1872 illinc
1395 1823 1630 1886 utroque
1661 1831 1728 1871 ex
1759 1815 1932 1871 latere
1978 1814 2072 1869 ad-

2180 1815 2234 1868 τὸ
2257 1817 2551 1888 παρελθεῖν
2583 1818 2673 1872 διὰ
2699 1818 2810 1872 τῶν
2837 1820 3096 1874 τοιούτων
3121 1823 3488 1894 ἐγνωσμένων
3513 1827 3766 1896 παρόδων

485 1927 682 1969 versus
714 1912 903 1968 hostes
945 1912 1161 1966 irruant
1184 1951 1199 1976 ,
1229 1910 1323 1966 ubi
1365 1908 1478 1980 jam
1516 1909 1573 1963 in
1603 1908 1707 1964 hos
1734 1907 1968 1962 tribulos
1997 1907 2073 1962 ir-

483 2005 732 2071 ruerint,
795 2017 898 2058 nec
938 2011 1252 2058 antrorsum
1301 2005 1396 2055 aut
1441 2006 1744 2056 retrorsum
1772 1998 2073 2070 procedere

485 2106 743 2170 possunt.

2177 1908 2269 1961 τδν
2312 1911 2544 1982 στρατὸν
2591 1911 2916 1984 ἐπαίρεσθαι
2955 1913 3024 1968 τὰ
3056 1917 3282 1969 τοιαῦτα
3333 1919 3539 1988 σημεῖα
3565 1959 3579 1982 ,
3644 1920 3766 1991 ἦτοι

2179 2003 2655 2075 καταστρέφεσθαι
2687 2005 2841 2078 παρὰ
2877 2007 2985 2062 τῶν
3020 2011 3100 2072 εἰς
3151 2009 3311 2063 τοῦτο
3353 2012 3768 2084 άφοριζομένων

2179 2095 2587 2168 καϐαλλαρίων,
2624 2092 2724 2152 εἷθ’
2755 2096 2930 2163 οὕτως
2979 2098 3078 2172 τὴν
3128 2100 3353 2172 ἐνέδραν
3386 2106 3452 2156 ἐκ
3507 2105 3618 2156 τῶν
3671 2105 3766 2158 δύο

484 2193 731 2261 πλαγίων
780 2187 1176 2261 ὐπεξέρχεσθαι
1229 2187 1382 2244 ἐνθεν
1435 2187 1693 2254 κάκεῖθεν
1745 2186 1889 2241 κατὰ
1939 2185 2052 2241 τῶν
2081 2185 2294 2258 ἐχθρῶν
2330 2192 2779 2262 περιπιπτόντων
2830 2194 2946 2257 τοῖς
2988 2193 3280 2265 τριϐόλοις,
3342 2197 3434 2249 καὶ
3505 2197 3567 2250 οὐ
3609 2199 3766 2252 δυνα-

486 2287 663 2358 μένων
693 2283 814 2337 οὐδὲ
842 2282 1033 2354 πρόσω
1055 2281 1177 2336 οὐδὲ
1201 2280 1426 2335 δπισθεν
1456 2280 1694 2344 εὐκόλως
1719 2281 2054 2353 ὑποχωρεῖν.

552 2379 642 2434 46.
685 2376 811 2433 Haec
845 2376 961 2432 fieri
993 2376 1115 2432 sine
1141 2375 1363 2431 tribulis
1386 2375 1577 2431 eodem
1618 2373 1785 2431 modo
1812 2380 2065 2444 possunt,

483 2472 530 2529 si
563 2473 690 2544 quis
725 2470 992 2527 rotundas
1024 2468 1290 2540 quasdam
1331 2467 1512 2525 fossas
1548 2469 1698 2524 varie
1743 2467 2062 2538 dispersas,

2248 2376 2368 2435 πς’.
2411 2370 2477 2425 Τί
2509 2371 2757 2442 γίνεσθαι
2790 2373 2848 2428 δὲ
2884 2373 3108 2428 δύναται
3135 2375 3231 2429 καὶ
3259 2375 3402 2430 κατὰ
3440 2376 3534 2430 τὸν
3577 2377 3762 2448 ὅμοιον

2171 2463 2375 2533 τρόπον
2406 2463 2503 2517 καὶ
2534 2463 2666 2518 ἄνευ
2708 2465 2996 2536 τριϐόλων,
3026 2467 3122 2522 ἐάν
3147 2485 3232 2532 τις
3265 2469 3579 2538 στρογγύλα
3634 2471 3762 2541 ὀρύ-

482 2579 622 2636 quas
669 2563 880 2633 antiqui
931 2560 1303 2632 hippoclaSIas
1347 2558 1724 2625 nominabant,
1779 2557 1948 2614 ducat
1995 2555 2066 2611 ad

2180 2572 2380 2625 γματα,
2407 2555 2444 2610 ἃ
2473 2555 2663 2626 ελεγον
2689 2560 2736 2611 oi
2766 2557 3122 2631 παλαιότεροι
3152 2561 3554 2626 ίπποκλάστας,
3588 2563 3762 2639 ὀρὺξῃ

481 2654 725 2726 spatium
762 2651 950 2717 unius,
985 2651 1054 2706 ad
1089 2650 1436 2706 altitudinem
1467 2651 1703 2707 duorum
1757 2657 1854 2704 aut
1892 2648 2063 2704 trium

481 2747 706 2819 pedum,
743 2753 837 2800 aut
869 2751 1065 2800 acutos
1080 2743 1245 2813 'palos
1270 2741 1470 2815 deligat
1498 2743 1554 2797 in
1583 2742 1726 2809 illis;
1753 2742 1853 2796 has
1881 2739 2063 2797 diver-

2173 2648 2547 2720 διεσπαρμένα
2595 2648 2706 2704 ἀπὸ
2749 2650 2871 2714 ἐνὸς
2918 2651 3078 2716 ποδὸς
3121 2652 3184 2707 τὸ
3230 2653 3506 2726 διάστημα
3549 2655 3759 2728 ἔχοντα,

2169 2741 2265 2794 καὶ
2305 2740 2472 2811 βάθος
2520 2741 2615 2796 δύο
2658 2743 2690 2812 ἢ
2741 2743 2912 2815 τριῶν
2967 2744 3169 2812 ποδῶν,
3213 2747 3310 2801 καὶ
3359 2749 3566 2814 πάλους
3616 2751 3759 2817 ὀξεῖς

483 2853 596 2904 sas,
629 2843 686 2893 et
725 2838 996 2894 distantes
1025 2851 1053 2890 a
1085 2851 1144 2891 se
1177 2835 1340 2890 trium
1383 2835 1582 2906 pedum
1627 2834 1780 2890 omni
1815 2850 1881 2892 ex
1915 2842 2070 2905 parte

2180 2833 2387 2905 ἐμπήεῃ
2431 2834 2489 2888 ἐν
2536 2835 2739 2898 αὐτοῖς.
2774 2833 2960 2890 Ταῦτα
2992 2838 3046 2892 δὲ
3083 2840 3520 2914 παρηλλαγμένα
3575 2845 3756 2918 ὀρύξει

482 2935 793 3000 intervallo,
820 2933 997 2991 fodies
1029 2932 1098 2988 ad
1131 2932 1370 2988 universi
1400 2931 1564 3002 spatii
1598 2933 1946 2988 latitudinem
1972 2948 2068 3004 pe-

2165 2926 2262 2980 καὶ
2300 2925 2376 2997 μὴ
2423 2925 2511 2979 ἐπ’
2568 2927 2808 2993 εὐθείας,
2841 2929 2874 3000 ἢ
2910 2930 3018 2983 ἀπὸ
3061 2933 3232 3004 τριῶν
3282 2936 3464 2990 ποδῶν
3511 2938 3756 3010 ἀλλήλων

481 3033 609 3088 dum
641 3039 860 3086 centum
892 3027 1316 3101 quinquaginta,
1342 3025 1412 3080 ad
1456 3025 1856 3098 longitudinem
1900 3027 2070 3082 totius

2180 3018 2311 3072 ιατὰ
2346 3019 2416 3073 τὰ
2443 3020 2690 3092 τέσσαρα
2725 3027 2867 3095 μέρη
2902 3025 3316 3098 ἀφεστηκότων,
3347 3030 3439 3083 ἐπὶ
3466 3031 3668 3096 πλάτος
3699 3032 3753 3086 δὲ

481 3125 621 3180 aciei
655 3122 952 3179 intervalli.
991 3121 1109 3178 Hoc
1143 3121 1400 3176 confecto
1431 3119 1656 3190 quando
1683 3118 1749 3174 ad
1780 3118 2068 3175 conflicta-

2166 3112 2332 3178 πόδας
2373 3121 2472 3186 ρνν,
2510 3116 2685 3187 μῆκος
2708 3117 2765 3170 δὲ
2799 3120 2907 3190 πρὸ
2936 3120 3036 3192 τῆς
3064 3123 3426 3194 παρατάξεως
3454 3125 3751 3198 διάστημα.

480 3218 686 3272 tionem
712 3222 935 3272 ventum
961 3223 1065 3283 est,
1086 3230 1186 3286 par
1205 3220 1311 3282 est,
1343 3224 1399 3270 ut
1423 3215 1599 3284 prima
1625 3215 1774 3270 acies
1805 3214 1874 3268 ad
1903 3215 2067 3270 unius

2180 3206 2281 3260 Καὶ
2311 3207 2509 3261 τούτου
2553 3210 2853 3281 γενομένου
2909 3214 2967 3267 ἐν
2995 3216 3061 3287 τῇ
3111 3215 3381 3288 συμϐολῇ,
3414 3218 3541 3272 ὅταν
3589 3220 3752 3292 μὲνὴ

478 3308 732 3364 milliaris
773 3307 1010 3380 spatium
1053 3316 1182 3363 ante
1209 3321 1333 3363 eum
1367 3306 1548 3361 locum
1592 3306 1898 3361 instruatur
1921 3346 1937 3370 ,
1970 3320 2062 3361 se-

479 3402 660 3459 cunda
699 3410 826 3472 post
855 3400 1174 3458 universum
1199 3399 1549 3455 intervallum
1572 3398 1790 3455 duobus
1828 3407 1924 3453 aut
1961 3397 2062 3453 tri-

2170 3299 2363 3372 πρώτη
2395 3297 2548 3370 τάξις
2580 3304 3136 3378 προπαρατάσσηται,
3167 3310 3382 3382 πρέπον
3425 3312 3512 3368 ἵνα
3543 3314 3622 3378 ώς
3647 3315 3752 3384 πρὸ

2169 3392 2286 3456 ἐνδς
2321 3393 2495 3465 μιλίου
2529 3395 2623 3449 τοῦ
2654 3396 2901 3451 τοιούτου
2935 3399 3272 3472 σοφίσματος
3295 3405 3484 3478 ἡαύτῇ
3516 3406 3750 3473 ἵσταται,

476 3494 584 3552 bus
613 3495 827 3565 sagittae
873 3491 1115 3563 jactibus
1157 3491 1228 3546 ab
1254 3505 1319 3547 eo
1363 3491 1485 3546 loco
1520 3489 1699 3558 absit,
1743 3499 1803 3546 ut
1843 3490 1891 3545 si
1923 3503 2061 3560 opus

2180 3492 2200 3560 ί)
2235 3490 2293 3543 δὲ
2314 3489 2548 3563 δευτέρα
2575 3490 2802 3547 δπισθεν
2830 3493 3002 3547 αὐτοῦ
3022 3494 3092 3549 δι’
3113 3496 3236 3550 ὅλου
3267 3497 3362 3552 τοῦ
3388 3499 3751 3574 διαστήματος

478 3584 669 3651 fuerit,
702 3593 756 3640 et
782 3584 876 3654 qui
903 3598 933 3638 e
966 3581 1144 3654 prima
1168 3581 1285 3637 acie
1313 3579 1368 3634 in
1399 3580 1581 3651 fugam
1613 3579 1754 3634 versi
1793 3585 1944 3642 sunt,
1972 3592 2064 3632 se-

2180 3585 2250 3647 είς
2280 3583 2347 3636 τὰ
2378 3581 2660 3655 λείμματα
2683 3583 2794 3640 τῶν
2824 3585 3154 3659 ὀρυγμάτων
3179 3589 3255 3654 ὡς
3274 3592 3384 3646 ἀπὸ
3403 3592 3555 3667 δύοῆ
3586 3595 3749 3666 τριῶν

478 3694 612 3735 cure
635 3693 733 3750 per
751 3692 815 3732 ea
842 3677 963 3732 loca
983 3673 1237 3741 evadant,
1255 3671 1463 3729 eisdem
1495 3670 1801 3727 intervallis
1819 3667 2062 3726 secunda

2180 3672 2570 3742 παγιττοϐόλων
2616 3674 2874 3730 ὀπισθενο
2909 3676 2998 3732 ἵνα
3037 3680 3134 3733 ἐὰν
3171 3681 3334 3753 χρεία
3378 3683 3626 3756 γένηται,
3657 3687 3747 3740 καὶ

478 3768 628 3824 acies
673 3767 797 3823 sine
832 3763 1141 3825 offensione
1176 3769 1464 3829 transeat,
1496 3771 1662 3833 atque
1697 3761 1835 3816 adeo
1871 3761 2060 3818 hostes

2180 3765 2211 3819 δί
2238 3766 2566 3837 τρεπόμενοι
2604 3770 2704 3840 τῆς
2730 3771 2957 3843 πρώτης
2997 3773 3088 3828 διὰ
3126 3777 3237 3829 τῶν
3265 3778 3564 3834 ἀκινδύνων
3609 3797 3747 3849 παρα

479 3861 722 3918 invadat.
2160 3856 2452 3929 έρχωνται,
2485 3860 2580 3913 καὶ
2624 3860 2724 3933 τὴν
2765 3862 3026 3936 δευτέραν
3057 3865 3234 3933 τάξιν,
3263 3867 3359 3922 ἐὰν
3407 3870 3568 3942 χρεία
3603 3871 3744 3924 ἐστὶν

477 3955 763 4012 ἐπιθέσθαι
793 3955 905 4020 τοῖς
934 3952 1149 4026 ἐχθροῖς
1183 3951 1274 4006 διὰ
1301 3950 1412 4005 τῶν
1437 3947 1616 4003 αὐτῶν
1679 3947 1957 4020 εὐκαίρων
2006 3947 2416 4021 διαλειμμάτων
2456 3945 2732 4026 εὐκαίρων
2761 3954 3142 4028 διερχομένην,
3195 3961 3293 4014 κα)⁸
3343 3959 3742 4032 ἀνεμποδίστως

475 4055 650 4119 οὕτως
679 4051 1025 4109 ἐπιτίθεσθαι
1052 4050 1164 4113 τοῖς
1194 4045 1431 4119 ἐχθροῖς.

548 4147 640 4202 47.
669 4143 901 4213 Quando
932 4158 1041 4198 non
1074 4150 1201 4196 ante
1230 4138 1482 4194 fraudem
1519 4137 1662 4192 hanc
1702 4140 2022 4206 apparatam
2047 4175 2062 4200 ,

2237 4134 2345 4208 μζῗ.
2379 4136 2550 4191 Ὅταν
2584 4136 2641 4191 δὲ
2667 4137 2729 4192 οὐ
2771 4139 2880 4209 πρὸ
2908 4139 3004 4194 τοῦ
3042 4141 3376 4213 σοφίσματος
3424 4145 3457 4216 ἡ
3497 4145 3738 4215 παράτα-

478 4238 574 4294 sed
607 4245 732 4310 post
777 4251 900 4291 eam
935 4235 1085 4292 acies
1115 4232 1410 4289 instruitur
1435 4271 1450 4297 ,
1485 4239 1598 4286 tres
1627 4228 1838 4300 sagittae
1880 4227 2064 4298 jactus

2180 4230 2245 4296 ξις
2266 4230 2494 4302 γένηται
2521 4231 2693 4295 πᾶσα,
2726 4230 2861 4284 ἀλλὰ
2881 4232 3107 4286 ὄπισθεν
3136 4234 3326 4302 αὐτοῦ,
3357 4235 3487 4289 δέον
3506 4237 3614 4291 ἀπὸ
3635 4238 3738 4291 τῶν

476 4334 544 4387 ab
587 4347 655 4387 eo
689 4331 811 4385 loco
841 4328 987 4384 acies
1027 4327 1332 4382 instruatur
1361 4342 1375 4379 :
1414 4330 1470 4378 et
1511 4321 1730 4393 quando
1761 4319 1948 4376 hostes
1978 4319 2064 4376 vel

2180 4323 2328 4393 τριῶν
2359 4321 2757 4392 σαγιττοϐόλων
2792 4323 2985 4378 τούτου
3029 4325 3256 4379 ὄπισθεν
3303 4329 3404 4399 τὴν
3438 4327 3738 4400 παράταξιν

476 4423 822 4490 transierint,
851 4422 933 4477 vel
963 4423 1021 4476 in
1055 4420 1176 4475 loco
1211 4417 1423 4472 fraudis
1458 4417 1664 4472 molitae
1691 4413 1921 4480 fuerint,
1965 4427 2060 4468 oc-

2180 4415 2438 4481 ’στασθαι,
2466 4416 2557 4470 καὶ
2591 4417 2719 4471 ὅταν
2754 4417 2802 4470 oi
2841 4416 3028 4490 ἐχθροῖ
3059 4419 3403 4488 παρέλθωσιν
3435 4421 3469 4492 ἢ
3508 4422 3738 4476 καταλά·

474 4526 707 4572 currant
733 4517 842 4572 illis
879 4515 1093 4582 nostri,
1125 4520 1184 4567 ut
1220 4526 1322 4583 pro
1351 4510 1635 4565 celeritate
1664 4506 1788 4577 equi
1841 4506 2058 4560 illorum

2180 4508 2307 4562 δωσι
2335 4509 2396 4562 τὸ
2424 4509 2694 4580 σόφισμα,
2720 4509 2843 4563 τότε
2878 4511 3234 4575 ὑπαντιάζειν
3261 4512 3464 4579 αὐτοῖς,
3501 4514 3586 4568 ἵνα
3610 4514 3740 4583 φλά-

480 4609 774 4666 ltedantur.
813 4608 958 4663 Loca
1003 4613 1185 4660 autent
1215 4604 1375 4659 istius
1406 4601 1618 4657 fraudis
1640 4607 1969 4671 opportuna,
2005 4608 2059 4654 et

2180 4620 2337 4657 rwatv
2354 4604 2403 4656 οί
2431 4603 2588 4657 ἵπποι
2610 4605 2788 4657 αὐτῶν
2809 4605 3142 4674 ἐμπεσόντες
3167 4607 3556 4678 ἀφανισθῆναι.
3585 4609 3738 4661 Ἀλλὰ

473 4707 686 4777 integra
739 4702 804 4758 ad
845 4698 1276 4766 transeundum,
1318 4697 1427 4751 lata
1479 4694 1770 4750 admodum
1820 4693 2054 4764 relinqui

2180 4695 2288 4747 τότε
2322 4695 2383 4747 οὐ
2415 4694 2520 4765 χρὴ
2573 4694 2709 4748 πολὺ
2761 4695 2972 4749 πλατέα
3020 4697 3087 4750 τά
3126 4695 3361 4768 εὐκαιρα
3412 4699 3587 4770 χωρία
3645 4697 3735 4753 τοῦ

471 4770 840 4867 nonoportet,
865 4801 924 4848 ut
949 4808 1016 4846 ne
1041 4805 1271 4861 magnus
1295 4789 1539 4844 hostium
1565 4800 1833 4842 numerus
1861 4799 2054 4841 secure

2180 4786 2497 4857 ιοφίσματος
2526 4786 2984 4860 καταλιμπάνειν,
3008 4789 3139 4842 ὅταν
3171 4791 3202 4858 ή
3231 4790 3539 4862 παράταξις
3567 4793 3736 4845 ὀπίσω

2161 4877 2342 4930 αὐτῶν
2377 4879 2552 4944 ἐστιν,
2601 4878 2740 4932 ὥστε
2794 4880 2868 4950 μὴ
2908 4880 3035 4944 τοὺς
3075 4882 3305 4946 πολλοὺς
3353 4884 3462 4937 τῶν
3529 4884 3737 4956 ἐχθρῶν

2161 4969 2563 5042 παροδεύοντας
2585 4970 2885 5034 ἀκινδύνως
2923 4971 3024 5042 τῆς
3057 4974 3237 5044 μάχης
3268 4974 3695 5044 προσάπτεσθαι.

536 5071 625 5126 48.
669 5068 764 5124 lla:
805 5081 987 5123 rerum
1033 5064 1416 5135 aggressiones
1463 5070 1628 5129 atque
1679 5057 1791 5111 doli
1831 5056 1969 5112 clam
1997 5067 2050 5112 et

2231 5061 2344 5133 μη’.
2372 5063 2453 5116 Τά
2482 5062 2538 5116 δὲ
2561 5062 2787 5116 τοιαῦτα
2815 5065 3040 5135 ἐγχειρή
3051 5083 3196 5134 ματα
3221 5067 3388 5136 ἤγουν
3406 5069 3729 5137 σοφίσματα,

466 5181 495 5220 a
530 5163 722 5236 paucis
756 5161 1114 5230 fidelibusque
1145 5154 1462 5211 hominibus
1507 5153 1586 5208 vel
1627 5151 1745 5221 ipso
1779 5150 1866 5204 die
1898 5149 2046 5218 belli,

2180 5154 2531 5219 ,ανθανόντως
2557 5173 2617 5208 σε
2659 5156 2738 5210 δεῖ
2767 5159 2964 5218 ποιεῖν,
3014 5151 3059 5210 ὧ
3099 5160 3396 5229 στρατηγέ,
3432 5160 3500 5213 δι’
3541 5161 3729 5229 ὀλίγων

463 5258 550 5314 vel
589 5271 699 5312 uno
745 5262 874 5310 ante
918 5254 1029 5318 die,
1054 5250 1122 5306 ad
1151 5261 1434 5319 vesperam
1467 5244 1552 5301 vel
1597 5254 1764 5299 noctu
1798 5243 1950 5304 ﬁant,
1981 5256 2046 5297 eo

2180 5245 2251 5299 εαὶ
2297 5246 2503 5300 πιστῶν
2549 5245 2873 5318 ἀνθρώπιον,
2909 5248 2941 5318 ἢ
2979 5249 3033 5301 ἐν
3065 5250 3199 5319 αὐτῇ
3250 5254 3316 5321 τῇ
3352 5250 3448 5304 τοῦ
3497 5251 3727 5320 πολέμου

463 5354 581 5424 ipso
630 5346 754 5405 loco
807 5363 917 5419 quo
973 5347 1174 5402 bellum
1217 5347 1604 5412 exspectatur,
1646 5337 1833 5406 ibique
1863 5335 2049 5391 hostes

2180 5337 2357 5410 ᾑμέρᾳ,
2390 5338 2422 5410 ἦ
2454 5339 2561 5410 πρὸ
2602 5341 2732 5410 μιᾶς
2759 5341 2924 5395 αὐτοῦ
2951 5341 3169 5412 ἡμέρας
3205 5343 3331 5414 περὶ
3369 5345 3470 5408 τὰς
3501 5344 3728 5407 δειλινὰς

463 5444 793 5517 praestolari.
836 5441 916 5496 Ad
961 5441 1065 5496 hoc
1109 5447 1328 5508 tempus
1373 5442 1555 5489 autem
1609 5429 1938 5502 quibusdam
1979 5443 2048 5483 ex

2180 5431 2318 5484 ιζ»τοῦ
2355 5430 2525 5502 ὧρας,
2557 5432 2590 5503 ἦ
2629 5433 2846 5500 νυκτὸς,
2891 5435 2948 5488 ἐν
2976 5434 3170 5503 ἐκείνῳ
3199 5435 3445 5505 δηλονότι
3477 5436 3554 5506 τῷ
3582 5437 3726 5505 τόπῳ

461 5538 708 5595 exercitu
751 5535 1096 5597 muniantur,
1129 5531 1404 5603 praecipue
1435 5534 1617 5582 autem
1647 5523 1949 5596 signiferis,
1989 5530 2046 5577 ut

2183 5544 2211 5578 ν
2243 5519 2287 5595 ᾧ
2331 5527 2361 5597 ἡ
2402 5526 2551 5598 μάχη
2606 5527 2998 5599 προσδοκᾶται,
3064 5529 3290 5583 κάκεῖσε
3329 5528 3458 5593 τούς
3507 5526 3727 5599 ἐχθροὺς

463 5632 642 5688 sciant
694 5646 756 5688 se
803 5626 1078 5687 asservari
1116 5643 1130 5682 :
1174 5632 1228 5680 et
1271 5629 1396 5695 post
1436 5619 1617 5676 banda
1662 5617 1876 5675 densati
1929 5631 2046 5670 all)-

2180 5619 2466 5689 ίναμένειν,
2497 5619 2753 5691 καὶπρὸς
2782 5619 2933 5690 ὥραν
2957 5620 3183 5692 θαρρεῖν
3205 5622 3317 5686 τοῖς
3347 5619 3441 5674 τοῦ
3473 5616 3726 5692 στρατῷ,

2011 5710 2244 5767 NOTAE.

528 5820 606 5894 (7)
649 5821 750 5878 Ἕν
768 5822 1190 5892 σφηκώμασιν.
1227 5811 1604 5876 Scribebatur,
1631 5809 1688 5862 ἐν
1720 5806 2112 5879 ἀφηκώμασιν.

469 4906 580 4946 non
613 4889 814 4944 acriter
853 4884 1157 4941 adoriatur.
