4040 6298
610 282 720 346 883

1874 290 2068 350 LEON
2079 291 2150 350 IS
2190 288 2650 349 PHILOSOPHI

3788 287 3893 355 881

683 397 805 450 110.
848 395 1078 453 Solertis
1141 399 1538 470 prudentisque
1576 400 1924 472 imperatoris
1978 409 2086 466 est,
2137 402 2184 456 in

2369 407 2458 472 ρι’.
2489 401 2663 468 Σοφοῦ
2686 400 2741 454 δὲ
2765 402 2856 454 καὶ
2877 403 3142 474 φρονίμου
3175 406 3509 475 στρατηγοῦ,
3543 406 3628 471 τὸ,
3664 407 3748 471 εἰς
3779 426 3890 462 τοι·

610 488 881 557 ejusmodi
915 490 1072 554 locis,
1093 492 1137 546 si
1161 491 1213 545 id
1242 493 1459 562 assequi
1483 493 1679 562 possit,
1703 495 1877 549 aciem
1897 496 2194 558 instruere.

610 585 665 636 in
717 585 918 654 quibus
967 602 1142 656 neque
1191 587 1577 650 circumeludi,
1627 604 1804 658 neque
1832 590 1998 644 ullam
2031 590 2193 644 aliam

609 674 968 732 oll'ensionem
998 678 1122 732 belli
1157 681 1412 749 accipere
1459 682 1699 752 possint.
1733 682 2192 752 quemadmodum

607 785 638 820 a
683 770 844 825 nobis
893 787 1060 841 supra
1093 787 1582 829 commemoratum
1627 785 1732 830 est.
1770 774 1998 829 Multum
2044 775 2190 831 enint

608 866 734 920 belli
773 873 1022 936 tempore
1069 868 1137 923 ad
1186 871 1450 926 utilitates
1500 872 1858 928 inveniendas
1900 872 2192 943 prudentia

610 961 967 1027 ttuperatoria
993 960 1156 1027 valet,
1181 964 1325 1033 quod
1366 964 1567 1020 divina:
1597 956 1900 1021 clementiae
1940 965 2188 1034 benigni.

608 1051 850 1121 talisque
881 1052 1085 1107 donum
1117 1071 1217 1124 ego
1248 1058 1356 1120 aio,
1401 1065 1456 1111 et
1492 1057 1731 1112 arbitror
1765 1059 2190 1129 imperatoribus

607 1157 638 1193 a
676 1141 782 1226 Deo
823 1143 1038 1201 dilectis
1073 1147 1253 1203 solere
1284 1148 1426 1217 dari,
1463 1150 1532 1204 ad
1576 1152 1833 1206 virtutem
1875 1167 2029 1207 suam
2071 1166 2192 1204 atu-

606 1231 982 1300 plilicandam.

616 1311 626 1320 ’
680 1324 802 1378 111.
843 1325 1079 1392 Quidam
1129 1331 1259 1386 olim
1304 1342 1546 1404 tempore
1585 1335 1756 1404 przelii
1788 1335 2040 1392 hostibus
2073 1336 2190 1407 jam

606 1418 864 1474 meliores
919 1430 1100 1491 partes
1148 1423 1481 1483 habentibus
1531 1427 1729 1485 falsum
1780 1430 2080 1499 quoddam,
2133 1439 2188 1484 et

606 1509 844 1566 facetum
869 1517 1240 1571 commentum
1270 1520 1456 1575 animo
1484 1523 1973 1587 arcltiteeutbalur,
2001 1524 2188 1579 excla-

603 1619 764 1659 mans
793 1605 1033 1663 hostium
1071 1609 1453 1679 imperatorem
1490 1615 1837 1672 interfectum
1857 1633 2000 1672 esse.
2039 1618 2186 1683 Quo.

602 1697 751 1751 niam
786 1714 915 1754 vero
942 1704 1286 1774 tempusjam
1322 1706 1535 1762 instans
1557 1724 1901 1780 nequaquam
1933 1712 2186 1766 celeriter

2296 489 2484 553 ούτους
2517 493 2737 555 τόπους,
2771 493 3241 571 παρατάσσεσθαι,
3270 497 3363 548 ἐὰν
3390 496 3499 566 ἄρα
3522 498 3622 550 καὶ
3650 499 3888 571 ἐπιτύχῃ

2295 582 2390 635 τοῦ
2424 585 2650 648 σκοποῦ,
2709 586 2767 636 ἐν
2811 579 2892 648 οἷς
2942 583 3064 639 οὔτε
3112 586 3435 652 κυκλώσεις,
3482 591 3609 644 οὔτε
3672 592 3808 645 ἄλλο
3840 612 3885 646 τι

2296 671 2539 725 τοιοῦτον
2569 673 2794 728 δύναται
2839 674 3117 742 γίνεσθαι,
3153 677 3228 740 ὡς
3257 679 3515 750 ἀνωτέρω
3552 683 3692 751 ἡμῖν
3729 682 3885 751 δεδὴ-

2295 763 2464 818 λωται
2491 781 2507 797 ·
2535 765 2708 819 πολλὰ
2750 766 2858 836 γὰρ
2924 767 3098 838 ἰσχύει
3158 769 3416 842 φρόνησις
3472 773 3798 845 στρατηγοῦ
3834 777 3886 825 ἰν

2294 856 2472 928 καιρῷ
2499 857 2738 929 πολέμου
2793 860 3195 930 ἐφευρίσκουσα
3236 861 3304 915 τὰ
3356 866 3714 934 συμφέροντα
3752 868 3886 934 ὅπερ

2292 947 2393 1014 τῆς
2417 947 2626 1002 ἄνωθεν
2651 948 2744 1001 τοῦ
2769 949 2900 1002 Θεοῦ
2934 951 3105 1021 ῥοπῆς
3137 952 3228 1004 καὶ
3254 953 3536 1023 εὐμενείας
3565 954 3752 1025 δῶρον
3778 959 3887 1023 ἐγὼ

2292 1037 2442 1092 καλῶ
2470 1040 2566 1093 καὶ
2617 1042 2917 1111 ἐπίσταμαι
2971 1046 3084 1106 τοῖς
3125 1045 3299 1112 ἀξίοις
3340 1047 3435 1102 τοῦ
3471 1048 3608 1102 Θεοῦ
3661 1049 3763 1103 διὰ
3790 1053 3884 1120 τὴν

2291 1131 2472 1186 αὐτῶν
2497 1134 2697 1206 ἀρετὴν
2736 1136 3135 1208 παρεχόμενον.

2363 1317 2488 1386 ρια’.
2523 1315 2636 1370 Καί
2662 1302 2792 1372 ποτέ
2813 1335 2900 1381 τις
2937 1319 2999 1372 ἐν
3023 1318 3203 1392 καιρῷ
3235 1321 3415 1392 μάχης
3448 1321 3559 1375 τῶν
3594 1322 3881 1394 πολεμίων

2288 1411 2722 1480 προτερευόντων
2755 1410 2946 1482 ψεῦδος
2977 1413 3237 1489 ἐφήμισε,
3269 1414 3474 1484 βοήσας
3500 1432 3518 1447 ο
3539 1417 3834 1489 Τέθνηκεν
3853 1423 3880 1472 ό

2286 1501 2396 1554 τῶν
2429 1501 2706 1572 πολεμίων
2734 1506 3060 1576 στρατηγός.
3087 1488 3306 1578 Tatith
3343 1508 3401 1561 δέ
3427 1509 3525 1579 τῆς
3552 1488 3766 1579 ,φωνῆς
3794 1514 3879 1566 δο-

2289 1592 2495 1666 θείσης,
2523 1596 2710 1669 ἐπειδὴ
2743 1598 2772 1650 ὁ
2802 1598 2990 1669 καιρὸς
3038 1597 3164 1665 ὀξὺς
3193 1596 3269 1652 ὣν
3303 1600 3414 1654 οὐκ.
3451 1600 3644 1654 ἐδίδου·
3676 1605 3877 1674 τάχεος

2286 1687 2346 1740 τὸ
2365 1689 2483 1742 δέον
2519 1691 2650 1743 πᾶσι
2678 1693 2835 1754 νοεῖν,
2867 1693 2917 1744 oi
2957 1691 3058 1760 μὲν
3096 1692 3346 1761 πολέμιοι
3601 1695 3704 1748 τοῦ
3745 1697 3878 1749 ίδὲου

603 1792 946 1859 .argiebatur
975 1798 1235 1853 omnibus
1268 1801 1397 1869 quid
1442 1799 1589 1857 facto
1619 1818 1758 1874 opus
1785 1811 1933 1859 esset
1961 1806 2184 1876 excogi-

2292 1781 2444 1845 δντες
2468 1782 2777 1855 στρατηγοῦ
2807 1785 2858 1838 οί
2891 1785 2990 1854 μὲν
3021 1785 3368 1855 ἀπέγνωσαν,
3393 1790 3443 1842 oi
3469 1789 3526 1843 δὲ
3556 1788 3660 1842 τοῦ
3701 1794 3876 1860 ipan-

603 1883 781 1946 taudi,
817 1886 1004 1944 hostes
1040 1893 1228 1958 procul
1254 1892 1323 1946 ab
1368 1894 1700 1963 imperatore
1731 1912 1856 1951 cum
1893 1907 2098 1963 essent,
2131 1903 2184 1953 et

603 1976 708 2029 boc
761 1995 946 2033 rerum
1003 1982 1405 2052 existimarent,
1455 1997 1676 2057 repente
1713 1989 1898 2044 animo
1928 1991 2185 2046 concide-

603 2073 736 2127 bant
790 2092 804 2140 ;
871 2075 1072 2130 milites
1131 2087 1313 2132 autem
1375 2081 1617 2149 praefecti
1676 2083 1756 2138 sic
1817 2086 2180 2140 exclamantis

602 2168 781 2237 magis
827 2169 1052 2224 animati
1103 2172 1271 2226 robur
1318 2174 1661 2239 colligentes.
1709 2179 1864 2247 quasi
1900 2194 2030 2232 vera
2067 2178 2176 2245 jam

600 2258 744 2312 fatua
785 2272 970 2326 esset,
1014 2263 1312 2320 alacriores
1363 2267 1746 2323 reddebantur.
1803 2267 1917 2324 lloc
1965 2285 2182 2325 rumore

601 2353 682 2406 sic
726 2352 1011 2421 disperso,
1067 2358 1242 2411 victor
1289 2361 1499 2424 evasit,
1549 2361 1642 2429 qui
1697 2363 1846 2417 hunc
1903 2376 2179 2416 rumorem

600 2444 884 2514 injecerat.
911 2447 1097 2519 Itaque
1115 2451 1340 2506 solertia
1363 2456 1772 2522 opportunitate
1795 2472 1977 2510 rerum
1996 2466 2180 2527 capta,

599 2551 842 2608 perszepc
875 2541 1062 2597 hostes
1095 2558 1287 2599 omnes
1320 2545 1589 2615 prolligat.

676 2631 794 2685 112.
823 2634 864 2684 Α
902 2635 1304 2692 recentioribus
1327 2639 1402 2691 rei
1445 2641 1704 2695 tnilitaris
1735 2643 1925 2713 peritis
1966 2658 2177 2714 przcce-

600 2730 753 2790 ptum
803 2735 906 2787 est.
947 2735 1006 2779 ut
1051 2727 1300 2783 hostibus
1348 2730 1493 2784 acies
1544 2739 1633 2785 tua
1680 2733 1944 2789 instructa
1997 2736 2178 2789 minus

600 2815 880 2884 splendida
917 2819 1195 2881 videatur,
1240 2821 1333 2876 sed
1377 2839 1656 2878 armorum
1696 2823 1960 2892 lnlgorem
2005 2843 2178 2893 usque

601 2907 668 2961 ad
722 2908 896 2977 ipsum
936 2911 1062 2965 belli
1096 2920 1312 2982 tempus
1345 2916 1604 2981 occultct,
1651 2926 1874 2987 pr0pter
1914 2933 2179 2988 pervaga-

599 3009 708 3053 tam
743 3003 884 3071 apml
918 3005 1055 3058 alios
1085 3021 1145 3058 ea
1194 3006 1260 3060 de
1293 3024 1350 3063 re
1382 3007 1604 3063 laruaut.
1649 3011 1968 3064 (lnosander
1996 3019 2175 3067 autent

601 3093 906 3162 inscriptis
938 3097 1054 3149 suis
1098 3096 1164 3151 de
1210 3113 1268 3153 re
1306 3085 1569 3165 militari,
1610 3103 1943 3156 contrarium
1991 3103 2174 3172 potius

601 3188 900 3256 praecipere
919 3189 1154 3254 videtur,
1176 3199 1227 3244 nt
1259 3194 1482 3247 omnino
1513 3195 1744 3250 illustris
1789 3197 2181 3267 splendidaque

600 3275 748 3330 acies
776 3288 960 3332 nostra
991 3278 1231 3334 hostium
1260 3283 1393 3336 aciei
1431 3282 1695 3340 videatur.

675 3370 793 3427 “3.
831 3372 907 3425 Ac
942 3373 1073 3427 mihi
1105 3374 1192 3427 ltic
1227 3375 1443 3428 videtur
1475 3379 1747 3445 ignorare.
1785 3378 1947 3433 talem
1985 3394 2173 3432 ι·ιιιιιοο

599 3475 715 3515 rem
774 3463 949 3516 solere
990 3464 1282 3517 admodum
1323 3464 1575 3530 dill'undi,
1612 3483 1673 3521 ea
1705 3483 1829 3536 quze
1867 3479 1995 3524 ante
2045 3485 2184 3536 prae-

600 3553 732 3607 liutu
791 3555 1023 3619 gerenda
1077 3565 1206 3610 sunt
1243 3557 1426 3610 omnia
1476 3559 1913 3627 praaterutittcre,
1966 3569 2019 3614 et
2063 3562 2182 3630 ipso

599 3645 1026 3702 conﬂictatiouis
1056 3657 1320 3717 tempore,
1363 3651 1827 3719 quemadmodum
1858 3654 2181 3707 recentiori-

601 3741 725 3809 bus,
755 3752 801 3794 et
848 3742 980 3795 mihi
1011 3758 1230 3811 quoque
1266 3744 1500 3805 videtur.
1543 3745 1725 3800 subito
1791 3753 1844 3797 ct
1887 3747 2178 3801 conlertim

601 3833 864 3903 lulgorem
899 3849 1173 3898 armorum
1202 3834 1582 3893 demonstrare
1618 3855 1633 3905 ;
1677 3838 1852 3907 major
1879 3827 2024 3892 cnim
2063 3855 2182 3908 per-

600 3928 842 3981 turbatio
886 3929 1192 3982 auituornm
1230 3931 1524 3993 invehitur,
1558 3931 1778 4000 quando
1823 3947 1931 3986 non
1965 3932 2183 3989 eminus

600 4019 935 4074 venientium
967 4031 1303 4076 armatorum
1335 4022 1514 4092 fulgor
1542 4024 1714 4078 aciem
1748 4025 2030 4078 oculorum
2059 4041 2184 4092 per-

601 4113 822 4184 stringit
853 4156 866 4174 ,
918 4114 996 4170 et
1032 4127 1352 4170 consuetum
1421 4117 1855 4187 {andliaremque
1901 4127 2180 4187 aspectum

605 4205 786 4267 habet,
820 4207 912 4261 sed
947 4208 1277 4277 quandoque
1302 4209 1611 4271 videbatur,
1645 4220 1697 4263 et
1722 4210 2015 4278 putabatur
2039 4212 2182 4265 acies

601 4301 756 4352 valde
786 4301 1004 4354 sordida
1028 4317 1172 4364 esSc.
1218 4317 1282 4355 ea
1319 4302 1500 4355 subito
1521 4311 1573 4356 et
1596 4306 1660 4357 de
1683 4301 1981 4372 improviso
2000 4303 2181 4369 ειιιυιις

600 4387 725 4443 dida
798 4399 962 4462 atque
1022 4392 1257 4448 illustris
1318 4405 1601 4462 apparet:
1650 4391 1754 4449 hoc
1813 4395 1958 4449 enint
2013 4395 2180 4448 divini

605 4483 844 4550 praesidii
875 4485 1113 4553 signum,
1158 4494 1322 4554 atque
1365 4501 1524 4538 omen
1557 4484 1743 4539 hostes
1772 4486 2006 4556 capient.
2043 4484 2183 4540 Utile
2219 4516 2258 4568 ο

599 4584 779 4629 autem
829 4575 923 4630 tibi
961 4575 1139 4638 fuerit,
1179 4577 1494 4646 imperator,
1540 4576 1659 4644 ipso
1695 4575 1815 4629 belli
1852 4577 1960 4640 die,
2003 4577 2175 4630 acicm

600 4678 750 4719 tuam
804 4683 909 4720 nott
967 4677 1092 4719 ante
1139 4666 1556 4731 demonstrare,
1593 4666 1908 4736 priusquam
1963 4667 2178 4720 illorum

599 4759 790 4828 copias
838 4759 1194 4822 intellexeris,
1234 4760 1510 4829 quomodo
1540 4768 1595 4814 ct
1623 4759 1770 4829 quali
1825 4775 1950 4815 cum
2009 4757 2181 4814 forma

603 4841 966 4905 instruantur.

673 4943 794 4998 H4.
844 4945 1085 4998 Aliorum
1125 4946 1175 4998 in
1226 4945 1410 5014 praelia
1446 4943 1820 4999 dimicantium
1866 4960 2052 4998 curam
2087 4945 2182 4998 ba-

602 5039 777 5102 bebis,
815 5040 1274 5110 quemadmodum
1313 5040 1406 5094 tibi
1439 5047 1564 5092 ante
1589 5040 1973 5108 explicuimus,
2003 5039 2183 5108 potius

601 5150 764 5211 quam
804 5143 857 5186 tu
895 5133 1008 5202 ipse.
1061 5134 1112 5186 in
1156 5133 1454 5203 periculum
1514 5141 1606 5185 aut
1653 5132 1948 5186 discrimen
1990 5132 2181 5185 turbu-

604 5223 809 5278 lentius
839 5223 1112 5286 incurras,
1147 5223 1239 5277 ubi
1275 5222 1420 5276 nulla
1447 5222 1794 5276 necessitatis
1820 5222 1899 5276 vis
1934 5222 2034 5275 hoc
2072 5237 2099 5273 a
2130 5228 2181 5276 te

602 5319 838 5387 postulat
865 5334 880 5376 :
924 5318 1034 5371 into
1059 5332 1186 5371 vero
1206 5316 1430 5370 omnino
1455 5330 1484 5367 a
1519 5315 1772 5368 manibus
1801 5311 2178 5376 conserendis,

600 5421 655 5466 et
692 5410 1010 5466 fortitudine
1042 5421 1132 5464 tua
1159 5408 1584 5465 demonstranda
1626 5406 1948 5462 abstinebis.
1991 5405 2178 5474 Neque

601 5503 747 5558 enim
793 5503 866 5558 ita
915 5486 1214 5559 exercitum
1253 5501 1543 5571 adiuvabis
1594 5502 1869 5570 prazlians,
1923 5508 1980 5553 ut
2015 5501 2178 5554 laedes

603 5598 866 5662 moriens,
899 5595 1042 5668 quod
1081 5595 1415 5651 inmanibus
1441 5594 1792 5650 conserendis
1819 5595 1887 5649 ab
1921 5593 2178 5647 omnibus

2294 1887 2485 1934 σαντος
2509 1873 2816 1943 στρατηγοῦ
2848 1875 3047 1945 θάρσος
3089 1877 3470 1944 ἀναλαϐόντες,
3504 1881 3578 1943 ὡς
3635 1881 3884 1952 ἀληθοῦς

2289 1965 2389 2033 τῆς
2423 1965 2634 2035 φήμης,
2664 1965 3016 2039 εὐψυχότεροι
3053 1969 3384 2038 ἠγωνίζοντο
3410 1987 3424 2002 ⁸
3458 1977 3552 2026 καὶ
3605 1972 3761 2028 οὕτω
3785 1979 3881 2044 τῆς

2291 2056 2690 2128 σεσοφισμὲνης
2758 2060 2948 2130 φήμης
3008 2064 3414 2134 κατισχυσάσης
3475 2067 3575 2136 τὴν
3640 2068 3808 2139 νίκην
3855 2074 3881 2122 6

2291 2148 2531 2219 φημίσας
2576 2150 2772 2222 ἤρατο.
2828 2150 3018 2218 Οὕτως
3085 2154 3334 2226 ἀγχίνοια
3382 2159 3703 2230 ἐπικαίρως
3774 2163 3878 2215 τῶν

2290 2242 2636 2313 πραγμάτων
2693 2244 3184 2319 ἐπιλαμὸανομένη
3235 2248 3499 2316 πολλάκις
3563 2269 3876 2329 κατεστρα-

2288 2335 2495 2408 τήγησε
2531 2337 2869 2410 σοφισαμένη
2895 2341 3020 2404 τοὺς
3048 2341 3397 2420 ἀντιπάλους.

2359 2624 2483 2694 ριβ⁹.
2520 2625 2750 2698 Εἴρηται
2776 2646 2836 2682 τε
2864 2631 2977 2695 τοῖς
3004 2633 3290 2705 νεωτέροις
3333 2637 3463 2708 περὶ
3490 2639 3589 2692 τοῦ
3619 2657 3705 2712 μη
3735 2643 3872 2712 λαμ-

2287 2718 2432 2788 πρὰν
2461 2719 2745 2788 φαίνεσθαι
2777 2724 2891 2788 τοις
2933 2724 3214 2793 πολεμίοις
3241 2726 3338 2797 τὴν
3370 2730 3470 2802 σὴν
3528 2735 3870 2804 παράταξιν,

2285 2809 2419 2864 ἀλλὰ
2467 2812 2730 2882 κρύπτειν
2759 2816 2866 2869 τῶν
2910 2817 3090 2872 ὅπλων
3121 2819 3218 2890 τὴν
3249 2820 3628 2892 acilii/mito;
3698 2828 3865 2896 αὐτῆς

2284 2903 2385 2974 τῆς
2403 2905 2490 2959 διὰ
2523 2907 2719 2978 χειρῶν
2750 2909 3042 2981 συμϐολῆς,
3063 2912 3152 2966 διὰ
3182 2913 3281 2984 τὴν
3313 2915 3740 2986 ἐπικρατοῦσαν
3769 2923 3871 2983 τοίς

2285 2995 2461 3051 ἔθνεσι
2487 3001 2693 3070 φήμην.
2727 3002 3083 3074 Ὀνήσανδρος
3113 3006 3169 3058 δὲ
3191 3007 3284 3061 καὶ
3317 3008 3478 3072 αὐτὸς
3498 3014 3868 3082 στρατηγικὲι

2287 3091 2549 3155 συντάξας
2579 3091 2735 3161 λόγον
2787 3095 2883 3166 οὐχ
2920 3095 3062 3150 οὕτω
3092 3098 3291 3166 λέγειν,
3323 3101 3521 3165 δοκεῖν,
3555 3104 3708 3160 ἀλλὰ
3742 3108 3874 3177 με).-

2209 3162 2255 3225 C
2286 3178 2375 3232 λον
2412 3179 2674 3252 λαμπρὰν
2707 3162 2921 3238 κελευει
2954 3185 3051 3257 τὴν
3082 3162 3388 3260 παράταξιν
3415 3162 3717 3260 φαίνεσθαι

2283 3273 2380 3344 τὴν
2409 3274 2516 3329 τῶν
2557 3276 2828 3347 πολεμίων
2859 3280 3187 3350 παράταξιν.

2356 3373 2481 3438 ριγ⁹.
2531 3367 2684 3439 Ἐμοὶ
2723 3370 2780 3423 δὲ
2825 3371 2992 3436 δοκεῖ,
3047 3373 3079 3444 ἢ
3120 3375 3336 3441 ἀγνοεῖν
3367 3375 3576 3430 ἐκεῖνον
3617 3379 3755 3433 τότε
3787 3399 3874 3446 την

2282 3459 2538 3529 τοιαύτην
2569 3461 2760 3531 φήμην
2806 3463 2884 3525 ὡς
2910 3466 3182 3534 νεωτέραν
3217 3468 3536 3537 γενομένην,
3595 3472 3630 3540 ἣ
3671 3473 3746 3525 τὰ
3783 3476 3876 3541 μὲν

2285 3552 2389 3619 πρὸ
2411 3551 2508 3622 τῆς
2538 3552 2810 3622 συμϐολῆς
2840 3555 3080 3620 ἀφεῖναι,
3113 3556 3256 3609 κατὰ
3294 3557 3463 3626 αὐτὴν
3496 3559 3553 3612 δέ
3594 3562 3703 3630 τὴν
3737 3581 3876 3633 συμ-

2284 3643 2466 3714 ϐολὴν,
2497 3644 2591 3697 καὶ
2613 3645 2775 3708 αὐτὸς
2805 3647 2904 3699 σὺν
2925 3649 3038 3710 τοῖς
3070 3649 3354 3720 νεωτέροις
3375 3650 3468 3704 καὶ
3498 3652 3636 3721 ἡμῖν
3670 3656 3876 3724 ὁμοίως

2286 3736 2658 3807 παραγγέλλει
2723 3738 2952 3808 λαμπρὰ
3008 3740 3078 3794 τὰ
3132 3740 3271 3797 ὅπλα
3320 3742 3586 3798 δεικνύειν
3635 3747 3877 3818 ἁθρόως.

2285 3819 2635 3899 κατάπληξις
2665 3830 2772 3901 γὰρ
2800 3831 2999 3900 μᾶλλον
3023 3832 3251 3900 γίνεται,
3285 3835 3381 3905 οὐχ
3413 3836 3541 3888 ὅταν
3591 3841 3882 3911 μακρόθεν

2284 3921 2594 3991 ἐρχομένων
2631 3920 2900 3994 λαμπρῶν
2929 3923 3036 3977 τῶν
3077 3924 3312 3979 ὁπλιτῶν
3342 3927 3373 3996 ἡ
3398 3925 3497 3979 θέα
3522 3929 3774 4003 συνήθης
3798 3935 3879 4001 γε-

2284 4031 2468 4085 νηται,
2498 4015 2613 4069 ἀλλ’
2647 4017 2776 4070 ὅταν
2825 4017 2856 4086 ή
2917 4014 3145 4070 δοκοῦσα
3190 4018 3280 4072 καὶ
3313 4019 3615 4090 φαινομένη
3669 4026 3877 4096 σευγνὴ

2288 4106 2592 4177 παράταξις
2605 4107 2800 4177 ἁθρόον
2833 4099 2926 4160 καὶ
2953 4109 3081 4180 παρ’
3102 4108 3229 4162 εὐθὺ
3252 4110 3544 4183 ἁναδειχθῇ
3572 4113 3637 4178 ἐξ
3668 4117 3879 4186 ἀπροτ-

2269 4199 2526 4271 θοκήτων
2577 4201 2843 4270 λαμπρά·
2896 4202 3052 4255 τοῦτο
3110 4203 3217 4272 γὰρ
3280 4203 3489 4274 μᾶλλον¹
3556 4207 3657 4260 καὶ
3725 4208 3875 4274 θείας

2286 4293 2534 4365 βοηθείας
2567 4297 2792 4364 σημεῖον
2823 4295 2962 4365 τάχα
3010 4296 3370 4365 ὑπονοήσουσι
3415 4298 3538 4350 καθ’
3565 4300 3797 4353 ἑαυτῶν
3831 4305 3872 4354 oi

2284 4387 2557 4457 πολέμιοι.
2595 4387 2885 4458 Χρήσιμον
2922 4387 2978 4441 δέ
3029 4405 3134 4450 σοι,
3168 4381 3212 4442 ὦ
3248 4391 3539 4461 στρατηγὲ,
3575 4393 3676 4444 καὶ
3706 4394 3773 4446 τὺ
3803 4397 3871 4464 μὴ

2290 4480 2554 4550 πρότερον
2579 4478 2674 4549 τὴν
2703 4481 2801 4547 σὴν
2826 4480 3132 4551 παράταξιν
3153 4480 3421 4534 δεικνύειν
3445 4483 3558 4544 τοῖς
3581 4482 3872 4553 πολεμίοις

2289 4571 2345 4622 ἐν
2377 4571 2559 4641 ἡμέρᾳ
2586 4570 2846 4641 πολέμου,
2881 4571 3013 4642 πρὶν
3048 4572 3115 4625 ἂν
3139 4573 3238 4641 τὴν
3267 4573 3491 4626 ἐκείνοιν
3532 4573 3720 4644 μάθης
3756 4578 3872 4638 πῶς

2289 4660 2382 4714 καὶ
2410 4661 2578 4732 ὁποίῳ
2606 4661 2848 4731 σχήματι
2880 4659 3237 4731 παρετάξετο.

2363 4926 2480 4999 ριὸ’.
2518 4930 2585 4981 Σὲ
2613 4929 2670 4982 δέ
2706 4927 2810 5000 χρὴ
2845 4926 2984 4980 κατὰ
3019 4925 3110 4980 τδν
3142 4927 3330 4999 καιρὸν
3365 4927 3462 4997 τῆς
3499 4928 3687 4998 μάχης
3739 4947 3874 4999 προ.

2290 5025 2429 5075 νοεῖν
2489 5021 2688 5091 μᾶλλον
2724 5021 2830 5074 τῶν
2888 5019 3230 5092 μαχομένων,
3269 5019 3450 5083 καθώς
3476 5037 3555 5072 σοι
3601 5023 3703 5074 καὶ
3732 5024 3874 5093 7:94-

2290 5114 2414 5167 σθεν
2447 5107 2774 5183 ὑπεθέμεθα,
2815 5113 2846 5182 ἦ
2880 5111 3277 5183 τολμηρότερον
3301 5110 3572 5166 ἅλλεσθαι.
3609 5114 3710 5164 καὶ
3738 5117 3862 5174 ταῖς

2287 5208 2444 5278 χερσὶ
2473 5203 2904 5273 συμπλέκεσθαι,
2943 5203 3071 5257 ὅταν
3108 5202 3183 5272 μὴ
3212 5202 3452 5273 ἀνάγκης
3485 5203 3602 5256 ἐστὶ
3640 5207 3869 5274 καιρός

2289 5301 2488 5372 μᾶλλον
2534 5300 2591 5352 δὲ
2632 5299 2693 5353 τδ
2743 5295 3031 5360 παντελῶςο
3056 5295 3359 5366 ἀπέχεσθαι
3384 5295 3473 5350 διὰ
3504 5295 3708 5365 χειρῶν
3754 5299 3872 5358 rei;

2286 5395 2566 5464 πολεμίοις
2621 5391 3050 5463 συμπλέκεσθαι,
3106 5391 3201 5445 καὶ
3257 5390 3323 5443 ἂν
3372 5390 3720 5462 ὑπερϐλητον
3774 5391 3874 5442 άνο

2285 5491 2468 5561 δρεὶαν
2517 5486 2816 5560 ἐπιδείξῃς.
2857 5486 2934 5540 Οὐ
2991 5484 3246 5539 τοσοῦτον
3272 5483 3380 5554 γὰρ
3441 5483 3755 5553 ὠφελήσεις
3810 5482 3875 5537 τὸ

2286 5586 2604 5659 στράτευμα
2633 5581 2937 5655 μαχόμενος
2971 5579 3108 5651 (15),
3137 5580 3260 5633 ὅσον
3306 5576 3598 5634 ἀποθανὼν
3640 5576 3872 5650 βλάψεις

2081 5683 2310 5741 NOTAE.

678 5781 792 5855 (l3)
834 5782 902 5844 Td
926 5782 1264 5858 στράτευμα
1318 5783 1679 5856 μαχόμενος.
1738 5783 2112 5850 Scribebatur,
2144 5779 2184 5834 τὲ

2289 5775 2556 5851 πράξουμα
2589 5772 2857 5846 κείμενος·

3993 2408 3995 2509 ι
