4020 6312
467 286 571 355 891

469 510 639 549 ιιιιιιιη
673 493 726 549 in
754 494 944 565 plures
973 504 1159 565 partes
1189 497 1469 561 diviseris.
1501 509 1557 555 et
1601 515 2050 572 unamquamque

470 596 681 656 partem
734 587 1155 658 prmparaveris,
1196 596 1256 643 ut
1307 590 1490 646 scalas
1545 592 1612 646 ad
1668 608 1860 648 muros
1894 592 2050 647 adhi-

469 676 655 742 beam,
688 676 897 748 optime
922 677 1156 745 feceris;
1199 680 1441 751 undique
1470 682 1616 737 enim
1648 699 1773 737 cum
1807 683 2050 753 irruptio

468 764 949 831 inobsessosllat,
1014 768 1072 823 in
1131 784 1384 841 magnam
1447 772 1785 827 anxietatem
1836 775 2051 828 animo-

469 874 702 931 rumque
738 862 1212 931 perturbationem
1248 865 1653 935 conjiciuntur,
1686 874 1914 936 tumque
1948 881 2050 937 po-

468 954 745 1009 tissimum
776 971 902 1010 cum
935 964 1134 1025 praeter
1161 959 1340 1015 scalas
1371 959 1507 1014 alias
1568 976 1790 1030 quoque
1836 959 2048 1015 machi-

468 1047 724 1103 nationes
750 1048 1097 1115 adhibueris,
1142 1060 1202 1103 ut
1236 1053 1457 1117 arietes,
1485 1054 1817 1120 testudines,
1841 1061 2047 1118 turres,

465 1150 522 1194 et
550 1139 597 1193 si
639 1140 785 1210 quod
823 1152 1086 1205 praeterea
1118 1144 1471 1200 obsidionale
1499 1147 1928 1200 instrumentum
1964 1145 2049 1200 [υ-

466 1232 576 1287 erit
638 1233 729 1288 :si
794 1235 938 1289 enim
1000 1236 1165 1290 simul
1222 1236 1657 1293 inachinationes
1710 1238 2045 1311 adjuuxeris,

467 1335 523 1381 et
566 1328 751 1382 scalas
786 1343 1007 1399 quoque
1040 1330 1106 1383 ad
1166 1345 1355 1385 muros
1412 1332 1734 1395 adduxeris,
1785 1332 1933 1385 omni
1980 1347 2048 1386 ex

467 1431 646 1492 parte,
680 1423 773 1492 qui
810 1422 960 1476 intus
1011 1422 1224 1478 obsessi
1279 1432 1408 1479 sunt
1466 1425 1943 1488 sollicitalutntur;
2000 1424 2047 1479 si

467 1516 620 1568 enim
659 1516 1003 1585 reliquorum
1051 1532 1338 1571 murorum
1391 1524 1575 1587 partes
1628 1518 1924 1588 negligant.
1990 1525 2050 1573 et

468 1608 736 1665 adverSus
801 1609 1240 1666 machinationes
1311 1626 1371 1665 se
1409 1618 1553 1665 totus
1603 1612 1916 1675 conferant,
1953 1609 2049 1680 qui

471 1696 655 1753 scalas
685 1697 970 1763 adhibent,
1007 1698 1225 1753 nemine
1259 1698 1530 1754 violenter
1560 1698 1915 1768 impediente,
1964 1700 2047 1753 [ιι-

466 1788 576 1842 cile
623 1805 842 1845 llllll‘llln
877 1792 1254 1847 conscenderit
1302 1793 1440 1847 :sin
1490 1792 1557 1846 ad
1612 1794 1794 1848 scalas
1842 1792 2052 1847 machi-

2169 1804 2545 1876 ῑιαμερίζωσιν
2596 1809 2826 1873 ἑαυτοὺς
2869 1812 3011 1865 κατά

469 1881 837 1953 nationesque
876 1884 1247 1955 impediendas
1299 1901 1359 1940 se
1405 1887 1716 1950 diviserint,
1775 1895 1889 1939 tum
1951 1886 2046 1956 qui

467 1972 837 2029 obsidionalia
871 1976 1239 2031 instrumenta
1273 1977 1561 2045 adhibent,
1595 1980 2046 2051 impetuosiores,

467 2072 521 2118 et
562 2066 1274 2124 vehementioresinsnltus
1334 2071 1562 2136 lacient,
1597 2088 1776 2141 neque
1835 2071 2047 2129 obsessi

469 2171 732 2231 poterunt
772 2172 1064 2237 utrumque
1098 2165 1360 2236 impetum
1400 2166 1563 2221 facile
1595 2166 1900 2222 declinare.

542 2360 633 2417 20.
685 2359 817 2429 Qum.
864 2361 1181 2417 ﬁrmissima
1233 2379 1381 2435 smpe
1411 2362 1665 2418 videntur
1709 2364 1849 2431 loca,
1900 2373 1954 2419 et
1984 2363 2051 2420 ad

472 2456 799 2526 capiendum
852 2458 1189 2520 dillieiltima,
1241 2475 1438 2527 magna
1472 2474 1637 2530 saepe,
1672 2471 1733 2515 ut
1765 2459 2057 2530 capiantur

466 2549 714 2605 subsidia
764 2549 1011 2607 aﬂ‘erent.
1054 2549 1187 2606 Nam
1224 2569 1314 2622 qm
1353 2554 1569 2608 obsessi
1625 2562 1781 2619 sunt,
1830 2564 2054 2625 prapter

469 2641 780 2710 Opinionem
810 2642 1101 2712 quamdam
1137 2643 1412 2699 ﬁrmitatis
1459 2659 1524 2698 ac
1573 2644 1911 2708 stabilitatis.
1949 2646 2054 2700 hu-

465 2731 709 2803 jusmodi
739 2734 853 2787 loca
888 2733 1011 2788 sine
1036 2736 1144 2789 ulla
1176 2738 1429 2790 custodia
1451 2737 1788 2807 relinquunt.
1810 2736 1889 2791 Tu
1925 2754 2055 2793 vero

472 2825 693 2880 solertia
718 2833 831 2887 tua.
875 2826 1257 2899 laboriosaque
1288 2828 1557 2883 industria
1595 2831 1905 2899 hujusmodi
1936 2833 2052 2885 loca

470 2915 936 2980 anituadvertens,
968 2918 1430 2973 machinationem
1475 2929 1525 2975 et
1573 2922 1868 2975 artitieium
1895 2922 2057 2977 facile

472 3009 721 3065 invenies
750 3009 816 3064 ad
858 3011 1187 3079 hujusmodi
1222 3014 1339 3066 loca
1380 3014 1623 3082 neglecta
1653 3016 1938 3084 capienda,
1972 3016 2058 3071 vel

473 3101 640 3158 scalis
673 3103 1041 3173 quibusdam,
1078 3104 1160 3159 vel
1200 3105 1381 3175 aliqua
1425 3107 1661 3160 violenta
1703 3109 2052 3173 ascensione,

1737 293 2012 357 LEONIS
2042 294 2507 357 PHILOSOPHI

549 401 635 455 19.
667 399 723 455 Si
754 400 1242 457 exercitum'tuum
1299 401 1496 461 fortem
1550 402 1757 471 adhuc,
1814 418 1867 462 et
1910 420 2052 464 stre-
2084 415 2131 471 Α

3668 300 3790 363 892

2233 406 2317 464 ιϐ’.
2360 408 2489 464 Ἐὰν
2557 409 2614 464 δὲ
2668 410 3042 485 ἀνδρειότερον
3096 415 3439 489 διακείμενος
3477 418 3787 490 κελεύετε-ις

2156 502 2575 575 διαμερισθῆναι
2628 505 2709 569 είς
2759 504 2930 561 πολλὰ
2984 509 3126 580 μέρη
3188 512 3281 565 τόν
3350 516 3629 584 στρατὸν,
3679 515 3788 566 καὶ

2156 592 2387 650 ἕκαστον
2440 596 2607 667 μέρος
2654 600 2986 672 προσφέρειν
3040 603 3247 668 σκάλας
3287 608 3372 670 εἰς
3419 607 3485 660 τὸ
3541 609 3784 678 τεῖχος,

2158 689 2403 758 κρεῖττον
2421 691 2687 760 ποιήσεις·
2715 696 2773 745 ὲν
2790 692 2976 766 κύκλῳ
3001 695 3108 769 γὰρ
3125 698 3418 771 γινομένης
3445 701 3551 772 τῆς
3583 716 3788 770 1:906-

2158 781 2320 851 ϐολῆς
2339 782 2476 853 ὁμοῦ
2502 787 2580 849 εἰς
2606 785 2920 857 ἀμηχανίαν
2948 791 3043 843 καὶ
3088 791 3382 864 ὀλιγωρίαν
3418 795 3471 849 οἱ
3522 794 3785 865 πολιορ-

2157 875 2412 946 κούμενοι
2450 878 2837 948 ἐμπεσοῦνται.
2866 882 3118 938 Μάλιστα
3141 883 3270 939 ὅταν
3296 887 3433 956 μετά
3454 888 3577 942 τῶν
3622 902 3781 941 σκα-

2156 963 2264 1018 λῶν
2317 966 2411 1020 καὶ
2459 967 2527 1020 τά
2575 967 2740 1039 ἕτερα
2787 973 3158 1043 μηχανήμανα
3203 978 3595 1052 προσϐάλλῃςε
3651 974 3786 1033 οἷον

2156 1059 2367 1130 κριοὺς,
2407 1060 2439 1129 ἢ
2469 1060 2729 1130 χελώνας,
2758 1062 2792 1134 ἢ
2828 1064 3094 1135 πύργους,
3132 1068 3164 1140 ἢ
3217 1068 3406 1141 ἔτερόν
3434 1089 3488 1125 τι
3524 1074 3785 1143 πολιορο

2157 1152 2381 1221 κητικὸν
2412 1154 2660 1225 όργανον.
2680 1156 2805 1211 Ἐὰν
2843 1160 2951 1227 γὰρ
2979 1160 3116 1231 όμοῦ
3142 1165 3234 1216 καὶ
3268 1164 3335 1217 τι
3368 1167 3593 1238 μηχαΑή
3610 1184 3783 1237 ματα

2157 1245 2494 1316 προσφέρῃς,
2525 1246 2620 1299 καὶ
2663 1248 2761 1312 τὰς
2811 1250 3016 1315 σκάλας
3045 1257 3122 1316 εἰς
3182 1257 3360 1326 τεῖχος
3409 1262 3776 1331 ἐπιστήσῃς.

2155 1338 2241 1392 διὰ
2268 1340 2481 1392 πολλῶν
2512 1341 2696 1411 μερῶν
2733 1348 3271 1420 συνταραχθήσονται
3306 1351 3356 1404 οἱ
3382 1354 3557 1418 ἐντός,
3609 1356 3691 1409 Εἰ
3714 1370 3780 1409 τε

2155 1431 2265 1502 γὰρ
2289 1431 2667 1503 ἀμελήσαντες
2714 1436 2824 1489 τῶν
2871 1438 3048 1493 ἄλλων
3091 1442 3274 1515 μερῶν
3299 1445 3393 1499 τοῦ
3429 1447 3661 1518 τείχους
3690 1452 3781 1513 εἰς

2154 1527 2254 1591 τὰς
2277 1529 2756 1602 προσϐαλλομένας
2788 1536 3060 1606 -μηχανάς
3086 1540 3482 1611 ἀντιμὰχονται
3500 1544 3775 1608 παντως,

2153 1622 2203 1673 oi
2230 1622 2327 1685 τὰς
2361 1624 2567 1689 σκάλας
2607 1629 3011 1698 προσφέροντες
3052 1631 3281 1703 μηδενὸς
3329 1636 3779 1700 ἁποκωλύοντος

2158 1711 2347 1782 βιαίως
2381 1715 2617 1779 εὐκόλως
2648 1716 2745 1770 sui.
2771 1717 2833 1770 τὸ
2872 1720 3054 1789 τεῖχος
3107 1721 3476 1793 ἀναϐήσονται
3502 1743 3517 1756 ·
3550 1724 3673 1780 κᾶν
3706 1742 3776 1778 τε

3058 1812 3167 1865 τῶν
3197 1818 3622 1888 προσφερόντων
3659 1818 3775 1881 τὰς

2153 1900 2375 1964 σκάλας,
2411 1901 2532 1955 τότε
2571 1904 2619 1956 οἱ
2667 1904 2767 1967 τὰς
2814 1904 3060 1977 μηχανὰς
3109 1910 3484 1979 προσάγοντες
3511 1911 3627 1964 τῶν
3664 1912 3775 1983 ὀρθ

2151 1995 2333 2062 γάνων
2370 1997 2735 2068 σφοδροτέρας
2784 1998 2971 2063 αὐτοῖς
3027 2002 3298 2072 ποιήσωσι
3328 2002 3428 2066 τὰς
3463 2002 3770 2067 ἐπιθέσεις

2153 2087 2248 2139 καὶ
2280 2088 2340 2140 ού
2363 2088 2681 2160 δυνήσονται
2702 2090 2768 2144 τὰ
2800 2090 3173 2162 ἐπιφερόμενα
3198 2094 3348 2147 κακὰ
3375 2094 3464 2147 διὰ
3484 2096 3596 2149 τῶν
3643 2096 3772 2167 ἅμα

2155 2177 2400 2247 φοτέρων
2425 2179 2534 2233 τῶν
2574 2181 2891 2252 προσϐολῶν
2926 2183 3396 2255 ἀποκρούσασθαι.

2226 2366 2295 2416 κ’.
2338 2360 2605 2426 Πολλάκις
2634 2362 2692 2416 δὲ
2721 2363 2814 2416 ἐπὶ
2841 2363 2943 2433 τῆς
2972 2364 3291 2436 πολιορκίας
3314 2367 3363 2420 οἱ
3390 2366 3763 2439 νομιζόμενοι

2156 2453 2493 2527 όχυρὼτατοι
2525 2457 2619 2510 καὶ
2649 2457 2997 2529 ἀνεπινόητοι
3029 2459 3167 2531 πρὸς
3194 2459 3398 2514 ἅλωσιν
3426 2461 3582 2514 τόποι
3614 2462 3769 2533 μίλ-

2158 2547 2251 2603 λον
2282 2549 2538 2622 ἀφορμάς
2566 2566 2649 2603 σοι
2681 2550 3012 2622 παρέξουσιν
3039 2550 3295 2616 ἁλώσεως
3315 2569 3329 2584 ο
3377 2552 3429 2606 οἱ
3457 2554 3567 2624 γὰρ
3598 2554 3765 2617 ἐντὸς

2160 2640 2250 2694 διὰ
2296 2639 2395 2713 τὴν
2438 2640 2705 2695 δοκοῦσαν
2742 2643 3046 2715 ὀχυρότητα
3088 2645 3213 2706 τοὺς
3246 2642 3521 2709 τοιούτους
3548 2645 3769 2708 τόπους

2161 2730 2509 2799 ἀφυλάκτους
2555 2731 3078 2801 καταλιμπάτουσιν.
3132 2732 3205 2785 Σὺ
3239 2732 3327 2799 δὲ,
3374 2734 3464 2787 διὰ
3514 2735 3618 2803 τῆς
3651 2734 3765 2804 σῆς

2163 2821 2406 2884 ἐπινοίας
2457 2821 2554 2875 καὶ
2595 2823 2697 2890 τῆς
2736 2821 2998 2875 ἐπιπόνου
3028 2823 3292 2894 ἐργασίας
3317 2823 3445 2885 τοὺς
3476 2823 3767 2887 τοιούτους

2163 2914 2465 2979 κατανοῶν,
2482 2912 2622 2983 τάχα
2647 2912 2894 2985 μηχανὴν
2919 2915 3177 2986 εὑρήσεις
3201 2915 3531 2969 καταλαϐείν
3550 2917 3765 2979 αὐτοὺς

2166 3006 2512 3077 ἀφυλάκτους
2561 3007 2755 3071 ὂντας,
2804 3007 2838 3079 ἢ
2886 3007 2974 3061 διὰ
3008 3006 3221 3061 σκαλῶν
3251 3008 3683 3074 ἀναϐαινόντων,
3723 3009 3762 3080 ἢ

2164 3097 2250 3151 διὰ
2284 3115 2427 3160 τινος
2465 3097 2643 3168 βιαίας
2673 3098 2994 3163 ἀναϐάσεως
3023 3099 3303 3170 εῦτόλμων
3327 3101 3539 3172 ἀνδρῶν
3572 3102 3760 3169 ἐπαγ-

474 3195 782 3250 audacibus
798 3196 930 3251 viris
956 3212 1023 3251 eo
1053 3197 1521 3267 pervenientibu's,
1540 3205 1591 3251 et
1621 3214 1907 3252 munerum
1930 3216 2059 3270 pro~

2169 3190 2354 3257 γελίας
2399 3188 2676 3243 λαϐόντων
2705 3189 2930 3259 δωρεῶν
2964 3192 3059 3244 καὶ
3087 3191 3283 3261 τιμῶν.
3330 3192 3614 3246 Ἐντεῦθεν
3642 3194 3762 3265 γὰρ

474 3288 742 3344 missione
768 3288 835 3343 ad
870 3288 923 3344 id
962 3288 1271 3344 faciendum
1319 3293 1633 3359 protractis.
1670 3291 1773 3346 Ubi
1818 3292 1962 3346 enim
1991 3292 2060 3346 de

477 3381 779 3453 improviso
808 3394 1044 3436 cernunt
1070 3384 1197 3437 talia
1231 3385 1346 3437 loca
1377 3394 1639 3455 occupata
1666 3400 1811 3445 esse,
1843 3385 2059 3440 animos

474 3475 588 3545 jam
623 3474 923 3539 dimittent,
964 3483 1020 3529 et
1058 3476 1227 3531 armis
1258 3475 1488 3545 abjcctis
1512 3517 1527 3540 ,
1564 3478 1646 3531 vel
1692 3479 1922 3533 salutem
1964 3494 2061 3549 pe-

479 3577 619 3645 tent,
676 3571 757 3625 vel
809 3572 1064 3642 protinus
1105 3574 1466 3641 perimentur.
1511 3571 1615 3639 Qui
1662 3574 1808 3628 enim
1842 3590 1937 3645 per
1964 3576 2062 3631 has

471 3642 824 3720 .dilhcultates
875 3666 1121 3720 locorum
1173 3682 1389 3720 murum
1437 3668 1919 3728 conscenderunt.
1977 3669 2062 3722 vel

482 3758 615 3812 tuha
657 3768 876 3823 canent,
924 3767 979 3814 cl.
1023 3770 1287 3815 terrorem
1334 3760 1632 3814 maximum
1663 3761 1905 3815 obsessis
1957 3759 2061 3815 hoc

483 3854 796 3929 videntibus
850 3853 1117 3919 afferent,
1177 3856 1258 3911 vel
1317 3866 1603 3926 postquam
1652 3856 1884 3927 ingressi
1936 3866 2066 3913 sunt

483 3934 846 4013 descendent,
902 3956 1201 4020 portasque
1259 3948 1548 4014 militibus,
1602 3950 1692 4021 qui
1744 3949 1877 4005 loris
1937 3958 2066 4006 sum

485 4038 756 4108 aperient,
794 4040 879 4094 vel
912 4039 1035 4095 aliis
1071 4038 1399 4109 quihusdam
1439 4040 1854 4109 molitiouibus,
1894 4051 1952 4096 ut
1983 4041 2068 4097 ci-

484 4133 650 4196 vitas,
676 4140 769 4187 aut
799 4135 1088 4190 castellqu
1121 4136 1375 4204 rapiatur
1399 4135 1658 4190 cﬂlcient.

555 4226 650 4282 2|.
678 4226 736 4283 Si
769 4228 989 4292 civitas,
1016 4237 1112 4283 aut
1140 4230 1448 4295 castellum,
1496 4245 1752 4301 magnum
1776 4246 2064 4286 numerum

485 4323 734 4379 virorum
777 4324 1052 4387 habuerit,
1077 4324 1435 4394 audeautque
1477 4324 1554 4378 illi
1591 4323 1659 4379 iis
1689 4323 1781 4394 qui
1833 4325 2068 4396 ingressi

486 4423 618 4471 sunt
655 4414 872 4470 obviam
928 4414 1033 4478 ire,
1084 4424 1138 4470 et
1174 4429 1494 4479 occurrere,
1524 4414 1717 4467 altiora
1760 4421 1927 4484 atque
1961 4415 2071 4470 edi-

2167 3284 2232 3337 ἐκ
2276 3281 2370 3336 τοῦ
2419 3283 2840 3355 ἀπροσδοκήτου
2892 3283 3269 3357 θεωρήσαντες
3321 3286 3371 3338 οί
3420 3284 3573 3350 ἐντὸς
3624 3288 3761 3350 τοὺς

2166 3374 2441 3438 τοιούτους
2470 3375 2668 3439 τόπους
2695 3374 3145 3447 καταληφθέντας
3175 3376 3622 3443 ἀποπαύσονται,
3659 3379 3759 3434 καὶ

2166 3467 2307 3523 ὅπλα
2342 3467 2632 3540 ῥίψαντες,
2682 3467 2715 3538 ἢ
2757 3470 3044 3541 αἱτήσουσι
3079 3470 3180 3540 τὴν
3212 3470 3509 3541 σωτηρίαν,
3544 3473 3578 3543 ἢ
3612 3472 3759 3526 κατὰ

2168 3563 2370 3633 κράτος
2395 3561 2881 3633 διαφθαρήσονται.
2914 3558 2977 3616 Οἱ
3005 3562 3112 3635 γὰρ
3138 3563 3440 3628 ἀναϐάντες
3463 3566 3544 3629 εἰς
3562 3564 3625 3618 τὺ
3643 3567 3758 3618 τεῖ-

2168 3671 2263 3725 χος
2292 3654 2380 3708 διὰ
2394 3654 2497 3724 τῆς
2520 3654 2841 3727 δυσχερείας
2864 3655 3079 3728 ἐκείνης
3110 3656 3142 3728 ἢ
3176 3657 3520 3719 σαλπίσουσι,
3540 3661 3635 3712 καὶ
3658 3659 3758 3727 φό-

2170 3747 2264 3801 ϐον
2293 3747 2657 3819 ἐμποιήσωσι
2689 3746 2950 3818 μέγιστον
2979 3748 3289 3818 όραθέντες,
3323 3749 3357 3821 ἢ
3387 3750 3755 3823 διαδραμοῦνο

2167 3856 2259 3893 ται
2310 3841 2449 3894 κατὰ
2494 3840 2556 3894 τὸ
2600 3824 2896 3905 εἰσελθεῖν,
2948 3843 3045 3895 καὶ
3085 3840 3185 3907 τὰς
3212 3843 3421 3915 πόρτας
3447 3844 3754 3911 ἀνοίξουσιν

2167 3934 2217 3987 εί
2265 3933 2416 4004 τύχοι
2456 3937 2571 3998 τοῖς
2610 3933 2717 4000 ιξω
2756 3934 3138 4007 στρατιώταις,
3169 3936 3202 4009 ἢ
3233 3936 3321 3992 διά
3351 3954 3516 3992 τινων
3547 3937 3750 4009 ἑτέρων

2168 4025 2424 4079 ἐπινοιῶν
2454 4024 2553 4097 τὴν
2576 4024 2787 4081 ἅλωσιν
2816 4024 2916 4097 τῆς
2943 4025 3153 4091 πόλεως
3188 4023 3222 4096 ῆ
3250 4024 3344 4080 τοῦ
3370 4027 3611 4099 κάστρου
3636 4026 3753 4082 διά-

2171 4118 2448 4189 θήσουσιν.

2243 4218 2349 4269 κα’.
2387 4212 2452 4266 Εί
2479 4210 2537 4265 δὲ
2568 4211 2630 4266 τὸ
2657 4210 2893 4282 κάστρον
2922 4210 2956 4283 ἢ
2989 4212 3018 4283 ἡ
3044 4211 3200 4276 πόλις
3230 4211 3434 4283 πλῆθος
3453 4211 3569 4284 ἔχει
3598 4210 3751 4271 λαοῦ.

2172 4305 2271 4358 καὶ
2296 4304 2551 4376 δύναμιν,
2582 4305 2675 4358 καὶ
2698 4304 2973 4374 τολμῶσιν
2994 4305 3417 4369 ὑπαντιάζοντες
3442 4304 3753 4374 ἀμύνασθαι

2173 4400 2300 4460 τοὺς
2328 4398 2695 4461 εἰσελθόντας,
2732 4397 2814 4451 δεῖ
2856 4398 3054 4462 αὐτοὺς
3094 4399 3222 4463 τοὺς
3254 4397 3638 4469 ὑψηλωτέρους
3662 4400 3755 4452 τό⁴

489 4508 629 4562 tiora
682 4509 800 4563 loca
844 4508 1240 4571 conscendant,
1270 4509 1353 4561 vel
1400 4521 1579 4561 arcem
1618 4506 1790 4577 ipsam
1826 4507 2060 4565 civitatis

2175 4508 2312 4556 πους
2360 4491 2725 4557 καταλαϐεῖν,
2780 4490 2813 4563 ἢ
2861 4492 2932 4545 τὰ
2990 4490 3139 4563 ἄκρα
3206 4492 3308 4563 τῆς
3369 4493 3611 4559 πόλεως.
3660 4497 3754 4549 και

490 4612 780 4673 occupent,
817 4601 1053 4673 indeque
1080 4614 1495 4673 propugnantes
1516 4639 1532 4665 ,
1564 4600 1665 4656 hos
1693 4601 1787 4671 qui
1833 4602 2067 4675 ingressi

493 4705 623 4752 Sttttl.
652 4695 852 4750 iterum
890 4695 1176 4764 repellant.

565 4786 657 4841 εὶ.
707 4785 1143 4842 Proclamabunt
1190 4787 1399 4853 statim,
1435 4796 1493 4841 ut
1534 4803 1693 4843 nemo
1742 4803 2070 4860 quemquam

494 4898 647 4937 arma
693 4897 803 4937 non
853 4882 1144 4938 habentem
1185 4882 1501 4946 interﬁciat.
1546 4883 1641 4939 sed
1673 4886 1822 4939 solos
1852 4899 1947 4939 eos
1977 4882 2070 4954 qui

494 4992 647 5031 arma
681 4983 919 5046 gestant.
942 4974 1097 5031 lianc
1129 4986 1311 5031 autem
1336 4992 1447 5032 rem
1481 4977 1697 5031 illorum
1737 4976 1919 5047 lingua
1948 4992 2077 5046 pro-

496 5068 766 5124 clamabis
803 5082 819 5122 :
858 5067 959 5123 hoc
1015 5069 1160 5123 enim
1207 5068 1430 5134 audito,
1485 5067 1867 5140 unusquisque
1912 5069 2076 5125 saluti

494 5174 613 5217 suae
638 5159 955 5221 consulens,
985 5160 1039 5214 in
1072 5159 1194 5231 ipso
1225 5161 1479 5224 terroris,
1505 5159 1846 5231 periculique
1871 5169 2077 5231 puncto

495 5268 652 5316 arma
682 5253 965 5325 abjicient.
992 5252 1197 5309 Horum
1222 5254 1597 5311 resistentium
1629 5269 1894 5311 numerus
1948 5270 2075 5311 cum

488 5354 791 5430 pinuitur,
826 5349 1151 5406 obsessores
1185 5349 1408 5406 eninino
1440 5350 1679 5406 victores
1710 5357 1873 5406 erunt
1907 5367 1924 5405 :
1976 5350 2077 5405 obo

2178 4581 2389 4637 ἐκεῖθεν
2447 4582 2823 4655 πολεμοῦντας
2888 4583 3139 4639 κακῶσαι
3193 4586 3320 4650 τοὺς
3369 4585 3428 4637 ἓν
3481 4588 3548 4658 τῇ
3603 4587 3752 4641 πόλει

2177 4675 2421 4739 ἁλόντας.

2247 4769 2353 4841 κβ’.
2410 4768 2723 4842 Κηρύξουσι
2765 4769 2822 4825 δὲ
2864 4769 3017 4837 τότε,
3073 4770 3159 4825 ἵνα
3212 4769 3399 4841 μηδεὶς
3446 4771 3630 4843 κτείνῃ
3665 4771 3750 4826 τδν

2183 4864 2259 4938 μὴ
2304 4865 2497 4937 ἱχοντα
2546 4863 2712 4920 ὅπλον
2732 4905 2750 4932 ,
2803 4865 2999 4935 μόνους
3028 4863 3084 4918 δὲ
3114 4864 3347 4918 κτείνειν
3377 4865 3506 4928 τοὺς
3528 4867 3595 4919 τὰ
3618 4865 3754 4919 ὅπλα

2182 4961 2467 5032 φέροντας.
2526 4957 2748 5029 Ταύτην
2793 4959 2849 5012 δὲ
2896 4957 2998 5031 τήν
3042 4957 3226 5028 φωνὴν
3275 4956 3643 5029 κηρύττεσθαι
3689 4960 3753 5030 τῇ

2176 5056 2288 5111 τῶν
2312 5055 2547 5110 πολιτῶν
2570 5056 2835 5128 διαλέκτῳ
2860 5054 3093 5119 ἔκαστος
3118 5055 3227 5126 γὰρ
3251 5055 3513 5121 ἀκούσας,
3542 5055 3635 5109 καὶ
3658 5055 3753 5126 τῆς

2182 5149 2322 5215 ἰδίας
2365 5147 2761 5222 προνοούμενος
2803 5147 3077 5220 σωτηρίας
3098 5188 3113 5210 ,
3166 5148 3225 5201 ὲν
3256 5148 3323 5219 τῇ
3352 5147 3506 5219 ἀκμῇ
3536 5144 3632 5201 τοῦ
3657 5148 3751 5216 φό-

2176 5242 2278 5299 ϐου
2328 5243 2623 5316 ἀπορρίψει
2668 5240 2738 5296 τὰ
2773 5241 2943 5309 ὅπλα,
2988 5240 3083 5294 καὶ
3115 5240 3619 5311 ἀντιπολεμούντων
3648 5241 3754 5295 όλι·

2180 5338 2465 5411 γουμένων
2499 5338 2643 5393 κατά
2668 5338 2867 5408 κράτος
2899 5335 2949 5389 οἱ
2976 5333 3391 5407 πολιορκοῦντες
3419 5337 3751 5406 νικήσουσιν.

487 5428 637 5523 ses-si
659 5460 842 5508 autem
874 5444 942 5501 ad
970 5445 1117 5500 hunc
1149 5444 1365 5500 modmn
1390 5443 1701 5515 intercepti,
1737 5442 1828 5499 ubi
1858 5458 2060 5514 parvan

2184 5435 2248 5487 Οἱ
2276 5431 2385 5503 γὰρ
2414 5429 2885 5503 πολιορκούμενοι,
2919 5431 3015 5484 καὶ
3042 5428 3215 5494 οῦτως
3237 5429 3609 5498 ἁλισκόμενοι,
3633 5429 3757 5483 ὅταν

488 5547 696 5619 palatis
724 5558 885 5621 spem
919 5541 1187 5612 reliquam
1234 5539 1491 5605 habeant,
1523 5539 1796 5612 supplices
1821 5538 2083 5595 obsesso—

499 5657 630 5707 xum
656 5638 947 5705 confessio]
981 5636 1139 5691 iiunt.

578 5734 672 5789 ‘25.
697 5731 755 5797 Si
786 5731 1046 5789 diuturna
1080 5724 1248 5782 fuerit
1274 5724 1511 5790 obsidio,
1545 5732 1598 5781 et
1629 5723 1896 5796 quosdam
1932 5730 2088 5779 extra

503 5828 788 5895 ωι-ζιοιρω
824 5820 1035 5905 ceperis
1082 5819 1339 5881 lim-entes
1368 5823 1526 5872 mtate
1559 5814 1810 5887 juvenes,
1845 5810 1987 5883 apud
2014 5819 2089 5879 te,

2189 5525 2392 5598 μικρὰν
2412 5523 2601 5578 ἐλπίδα
2628 5522 2730 5593 τῆς
2755 5522 3027 5596 σωτηρίας
3057 5521 3318 5589 λάϐωσιν,
3346 5520 3557 5576 οἰκέται
3579 5520 3757 5575 λοιπὸν

2186 5619 2308 5676 ἀντὶ
2338 5616 2616 5688 πολεμίων
2643 5617 2905 5687 γίνονται.

2262 5706 2372 5779 κγ’.
2411 5708 2474 5763 El
2505 5709 2563 5763 δὲ
2578 5708 2789 5781 χρόνιος
2816 5707 3043 5780 γένηται
3074 5710 3110 5781 ή
3141 5707 3425 5782 πολιορκία
3458 5707 3553 5762 καὶ
3581 5705 3757 5779 συμϐῇ

2198 5803 2481 5863 συλλαϐεῖν
2510 5804 2568 5861 σέ
2598 5820 2749 5869 τινας
2781 5802 2885 5869 ἔξω
2914 5805 3012 5877 τῆς
3038 5804 3267 5871 πόλεως,
3303 5803 3430 5867 τοὺς
3460 5800 3561 5874 μὲν
3582 5800 3753 5868 ἀκμά-
