4020 6312
84 453 223 518 893

1245 448 1577 508 TMITICA.
1619 470 1683 479 -
1715 444 2214 505 (ῙΟΝΞΤΙΤΠΤΙΟ
2245 445 2361 504 XV.

3311 437 3414 504 894

89 562 344 626 ζον-ξας
387 564 512 626 ταῖς
545 562 780 632 ἡλικίαις
809 559 1110 628 νεωτέρους
1140 560 1213 624 ὡς
1243 561 1308 614 ἂν
1335 559 1497 630 βούλῃ
1522 557 1745 628 κάτεχε.

1864 557 2310 628 quemadmodum
2347 559 2849 614 commodissimum
2887 557 3179 622 videbitur,
3217 561 3409 613 retine.

85 650 359 706 Γύναια
420 653 477 706 δὲ
525 653 614 707 καὶ
662 651 921 721 παιδάρια
958 651 1050 703 καὶ
1083 651 1342 720 γέροντας
1375 650 1469 702 καὶ
1496 648 1742 712 (inclinet;

89 745 487 816 ἀνθρώπους
516 743 812 814 ἀπόπεμπε
854 742 988 812 πρὸς
1019 741 1115 813 τὴν
1140 741 1293 794 πόλιν
1318 740 1518 796 αὐτῶν.
1556 740 1741 804 Οὕτως

91 837 231 906 γὰρ
291 838 334 908 ἡ
379 838 658 908 ἄχρηστος
698 833 888 905 ⁴ἡλικία
919 834 1136 896 καὶτὰς
1188 832 1390 904 τροφὰς
1420 833 1742 901 δαπανήσει,

101 929 218 982 καὶ
258 931 420 992 τοὺς
447 928 933 1000 πολιορκουμένους
967 927 1119 979 οὐδὲν
1143 925 1433 996 ὠφελήσει,
1463 925 1661 995 μᾶλλον
1688 924 1744 978 δὲ

99 1021 220 1072 καὶ
260 1020 512 1091 βλάψει.
559 1021 679 1074 Ἔτι
709 1020 763 1072 δὲ
796 1020 889 1072 καὶ
920 1017 1327 1088 φιλανθρωπίας
1358 1018 1610 1071 ὑπόνοιαν
1641 1015 1744 1069 δὼ-

106 1128 250 1174 σεις
311 1117 448 1177 τοῖς
495 1113 682 1178 ἐντὸς,
735 1110 877 1164 ῶστε
905 1105 1263 1181 διαιρεθῆναι
1310 1110 1378 1163 τὰ
1423 1111 1748 1183 φρονήματα

103 1204 331 1256 αὐτῶν
362 1247 382 1270 ,
429 1205 524 1258 καὶ
553 1203 807 1276 ἀφορμὴν
838 1202 1089 1272 γενέσθαι
1117 1202 1365 1255 ἐντεῦθεν
1395 1203 1494 1272 τῆς
1526 1203 1660 1272 πρὸς
1689 1202 1748 1254 σὲ

107 1299 449 1369 ὑποταγῆς
480 1295 680 1350 αὐτῶν.
1103 1356 1106 1359 ,

192 1387 315 1443 κδ’.
366 1373 594 1458 Ἐπειδὴ
620 1387 676 1440 δὲ
705 1385 897 1440 εἴωθεν
923 1387 1015 1440 καὶ
1041 1386 1264 1458 θόρυϐος
1290 1385 1534 1456 γίνεσθαι
1559 1387 1614 1438 ἐν
1635 1388 1750 1449 ταῖς

111 1480 508 1551 πολιορκίαις
545 1480 649 1532 ὐπδ
682 1478 781 1550 τῆς
809 1479 1054 1549 κραυγῆς
1086 1478 1193 1531 τῶν
1222 1479 1542 1548 ἀνθρώπων,
1576 1478 1610 1550 ἦ
1647 1479 1752 1531 ὑπὸ

114 1571 226 1624 τοῦ
287 1574 448 1644 ἦχον
497 1573 607 1625 τῶν
654 1572 1035 1642 σκουταρίων,
1075 1572 1160 1625 ἵνα
1213 1573 1285 1643 μὴ
1321 1572 1614 1642 βαροῦνται
1659 1573 1754 1626 καὶ

119 1664 509 1736 ἐνοχλοῦνται
535 1666 582 1719 οί
607 1667 700 1718 τοῦ
733 1664 964 1735 στρατοῦ
996 1663 1196 1726 πάντες
1225 1663 1383 1733 ὁμοῦ,
1406 1664 1521 1716 δέον
1557 1681 1616 1716 σε
1647 1663 1755 1716 ἀπὸ

118 1757 258 1820 ἑνὸς
322 1757 363 1829 ἢ
427 1757 682 1828 δευτέρου
731 1755 905 1826 μιλίου
951 1758 1125 1809 ποιεῖν
1158 1755 1354 1820 αὐτοὺς
1390 1755 1754 1826 ἁπληκτεύειν

120 1848 232 1901 τοῦ
272 1849 679 1920 ὀχυρώματος,
713 1849 907 1902 όπόθεν
943 1849 1040 1902 οὐκ
1076 1848 1393 1913 ἐξακούεται
1436 1851 1463 1902 ὁ
1488 1844 1617 1920 ἦχος
1646 1849 1755 1901 τῶν

123 1939 546 2011 θορυϐούντων
572 1941 696 2003 τοὺς
719 1939 1228 2011 πολιορκουμένους.

207 2031 326 2089 κε’.
390 2035 491 2103 Μὴ
525 2032 882 2096 ἐπικινδύνως
908 2032 965 2085 δὲ
1003 2034 1098 2085 καὶ
1125 2032 1382 2097 ἀσκόπως
1411 2033 1758 2105 προστάσσῃς

127 2126 445 2180 ποιεῖσθαι
497 2127 597 2188 τὰς
644 2124 947 2196 προσϐολὰς
968 2163 984 2188 ,
1021 2124 1108 2178 ἵνα
1142 2125 1217 2196 μή
1248 2141 1411 2178 τινων
1438 2126 1758 2180 διαπιπτόνο

131 2237 254 2272 των
301 2219 415 2272 καὶ
460 2219 510 2270 oi
548 2217 641 2270 τοῦ
678 2216 911 2289 στρατοῦ
941 2217 1309 2285 δειλιάσωσιν,
1341 2220 1434 2273 καὶ
1463 2219 1513 2272 οί
1541 2219 1759 2290 πολιορ-

134 2314 431 2384 κούμενοι
480 2310 871 2383 προθυμότεροι
907 2310 1170 2378 γένωνται
1216 2309 1394 2379 (τοῦτο
1423 2310 1529 2386 γάρ
1558 2311 1759 2365 πολλά-

137 2423 236 2470 κις
267 2405 607 2476 ἀνέγνωμεν
633 2403 969 2474 γενόμενον),
986 2402 1080 2454 καὶ
1107 2404 1135 2457 ό
1163 2403 1428 2475 κρείττων
1452 2404 1562 2458 τῶν
1583 2405 1759 2459 ἄλλων

142 2499 518 2571 στρατιώτης
572 2498 677 2550 ὑπὸ
714 2495 972 2566 γυναικὸς
1019 2494 1163 2549 οὕτω
1197 2498 1350 2569 τύχοι
1382 2499 1476 2553 καὶ
1500 2496 1759 2562 ἀσθενοῦς

141 2593 180 2664 ἢ
223 2593 322 2647 διὰ
353 2592 514 2645 λίθου
544 2591 832 2665 βληθέντος
877 2590 910 2660 ἢ
958 2590 1201 2662 κεράμου
1243 2591 1274 2664 ἦ
1312 2593 1401 2646 διὰ
1431 2593 1590 2660 ξύλου
1623 2610 1759 2648 κατ-

138 2683 492 2752 ενεχθέντος
521 2682 752 2753 πληγεὶς
778 2681 1046 2736 ἀπώλετο.

221 2781 355 2841 σις’.
410 2775 542 2828 Ἐὰν
580 2774 637 2828 δὲ
687 2774 859 2844 μικρά
885 2773 1215 2845 ὀχυρώματα
1242 2774 1627 2846 παρακαθίσοι,
1667 2775 1761 2828 καὶ

148 2870 510 2941 ἐπιζήμιον,
559 2869 592 2941 ἢ
641 2869 979 2924 ἐπικίνδυνον
1027 2871 1257 2943 νομίζῃς
1299 2872 1397 2942 τὴν
1435 2871 1758 2943 προσϐολὴν,

152 2961 260 3014 καὶ
290 2957 454 3024 οἶδας
503 2963 586 3015 ὃτι
623 2961 749 3015 οὔτε
778 2961 886 3016 τῶν
911 2963 1232 3034 ἐπιτηδείων
1261 2964 1558 3028 λείπονται,
1599 2965 1762 3018 σπού-

148 3055 294 3120 δαζε
347 3055 447 3109 διά
492 3054 734 3126 θορύϐων
764 3058 946 3120 αὐτοῖς
977 3058 1070 3110 καὶ
1100 3058 1157 3110 ὲν
1190 3057 1372 3129 ἡμέρᾳ
1404 3059 1498 3112 καὶ
1526 3060 1583 3111 ὲν
1607 3061 1760 3112 νυκτὶ

153 3147 416 3215 ὲνοχλείν
445 3162 460 3175 ·
517 3146 604 3200 ἵνα
649 3149 714 3219 τῇ
755 3148 979 3219 όχλήσει
1012 3149 1375 3219 ἀποκὰμωσιν
1407 3150 1578 3218 ὀλίγοι
1610 3151 1761 3214 ὅντες

161 3240 309 3310 πρὸς
346 3238 563 3310 πλῆθος
606 3241 748 3295 κατά
784 3241 1032 3314 διαδοχὴν
1061 3241 1355 3307 ἀνενδότως
1382 3243 1566 3307 αὐτοῖς
1594 3259 1761 3314 προσ-

157 3336 197 3387 6
207 3335 494 3399 allow-0;.

241 3429 352 3492 κζ’.
400 3430 467 3482 El
495 3429 551 3482 δὲ
578 3431 672 3482 καὶ
708 3429 758 3482 0i
786 3423 923 3482 οἶκοί
949 3430 1088 3482 εἰσιν
1119 3429 1179 3482 ὲν
1205 3427 1280 3499 τῷ
1309 3427 1553 3500 φρουρίῳ
1577 3427 1766 3499 ἐπιτη-

159 3520 309 3574 δειοι
352 3521 507 3592 πρὸς
549 3521 615 3574 τὸ
646 3521 844 3592 καῆναι
885 3522 977 3576 διά
1009 3523 1304 3594 πυρφόρων
1339 3521 1608 3590 σαγιττῶν
1639 3537 1766 3574 συν-

167 3611 321 3682 εχῶν
376 3613 474 3666 διὰ
527 3612 734 3666 πολλῶν
777 3613 958 3667 τόπων
1002 3613 1205 3681 ἀνέμου
1253 3612 1492 3682 μάλιστα
1535 3610 1764 3682 σφοδροῦ

174 3705 538 3775 κινουμένου,
574 3704 759 3773 πέμπε
793 3707 889 3778 καὶ
919 3702 1209 3775 ὲμπύριζε,
1241 3703 1374 3773 ὓλην
1401 3703 1573 3770 πυρὸς
1599 3719 1768 3772 προσ-
1793 3709 1796 3718 “

167 3797 400 3867 δεσμῶν
433 3799 506 3868 τῇ
541 3798 772 3870 σαγίτ-τῃ
798 3797 885 3849 διὰ
910 3799 1016 3848 τῶν
1041 3795 1382 3848 πετροϐόλων
1415 3793 1767 3864 μαγγανικῶν

176 3889 287 3941 τῶν
318 3889 639 3959 λεγομένων
665 3887 999 3948 ἀλακατίων,
1025 3887 1060 3958 ἦ
1091 3887 1398 3957 τετραρέων
1421 3885 1530 3938 τῶν
1553 3885 1768 3956 πετρῶν

179 3983 358 4049 πυρὸς
390 3978 843 4052 πεπληρωμένων
872 3980 938 4034 δι’
963 3978 1115 4049 ὕλης,
1143 3981 1236 4032 καὶ
1257 3977 1600 4048 βαλλομένων
1628 3976 1770 4030 κατά

175 4072 293 4125 τῶν
339 4073 749 4146 εὐεμ-πρήστων
793 4071 988 4125 οἴκων·
1054 4073 1148 4124 καὶ
1194 4071 1252 4123 ὲν
1292 4071 1402 4140 δσῳ
1445 4070 1524 4131 εἰς
1553 4067 1650 4137 τὴν
1675 4067 1767 4122 τοῦ

187 4165 363 4236 πυρὸς
416 4164 771 4234 ἀσχολοῦνται
815 4164 999 4217 σϐέσιν
1046 4163 1250 4225 σκάλας
1299 4164 1380 4224 είς
1423 4160 1547 4223 τοὺς
1587 4161 1768 4213 ἐπιδε-

186 4257 460 4327 χομένους
505 4258 705 4321 τόπους
749 4257 904 4327 ὶστᾷν
943 4255 1039 4308 καὶ
1066 4256 1130 4308 δι’
1155 4254 1336 4308 αὐτῶν
1364 4251 1619 4322 ἀσφαλῶς
1644 4254 1767 4307 ἐπι-

184 4349 397 4404 ϐαίνειν
431 4350 641 4406 κέλευε.

262 4449 374 4513 κη’.
428 4444 554 4497 Εἰσὶ
594 4443 652 4497 δὲ
698 4445 775 4507 ὼς
818 4444 1020 4498 ἐπίπαν
1052 4444 1110 4497 ὲν
1138 4444 1256 4506 ταῖς
1284 4440 1624 4513 πολιορκίαις
1653 4440 1768 4511 εἴδη

195 4537 608 4608 μηχανημάτων
653 4537 1048 4608 πολιορκητικά
1081 4536 1335 4605 διάφορα,
1371 4537 1471 4590 ὃσα
1498 4535 1634 4588 οἵτε
1664 4552 1770 4590 πα-

1849 651 2101 706 Feminas
2127 661 2328 716 autem,
2363 667 2581 721 pueros,
2627 669 2786 708 senes
2811 645 2865 707 et
2893 653 3136 708 inlirmos
3166 653 3413 706 homines

1845 743 1915 798 ad
1972 745 2246 799 civitatem
2296 745 2494 799 iterum
2549 746 2812 800 remittes.
2844 743 2918 798 lta
2951 745 3063 812 lict,
3114 755 3173 799 ut
3205 745 3414 801 inutilis

1847 834 1965 890 haec
1992 846 2148 899 aetas,
2178 847 2229 892 et
2263 837 2520 890 alimenta
2569 837 2806 892 civitatis
2837 838 3111 903 absumat,
3141 846 3195 892 et
3223 839 3418 893 obses-

1847 945 1942 987 sos
1989 929 2125 985 nihil
2160 930 2400 998 adjuvet,
2432 931 2542 984 imo
2583 931 2762 1002 potius
2810 933 2985 996 laedet,
3021 942 3071 987 et
3104 933 3415 1002 Opinionem

1849 1021 2203 1078 humanitatis
2229 1024 2426 1078 animis
2449 1038 2660 1089 eorum,
2688 1025 2780 1094 qui
2812 1025 3133 1080 obsidentur
3153 1068 3166 1091 ,
3203 1027 3418 1091 afferes,

1853 1125 1910 1166 ut
1951 1127 2160 1171 mentes
2203 1131 2412 1182 eorum,
2467 1125 2520 1172 et
2574 1119 2857 1173 sententia:
2904 1117 3312 1184 distrahantur,
3367 1130 3420 1174 et

1849 1208 2198 1262 occasionem
2232 1207 2469 1279 aliquam
2505 1208 2798 1266 deditionis
2834 1210 3048 1266 facilius
3079 1223 3347 1282 qumrztnt.

1922 1381 2014 1439 ει.
2046 1381 2510 1449 Quemadmodum
2544 1385 2597 1440 in
2643 1386 2893 1441 omnibus
2931 1387 3308 1442 obsidionibus
3339 1389 3420 1440 iu-

1855 1488 1987 1542 geus
2019 1475 2156 1529 solet
2190 1490 2310 1530 esse
2333 1479 2600 1533 tumultus
2639 1490 2753 1532 tum
2786 1479 3206 1534 vociferantium
3245 1482 3423 1534 bomio

1855 1580 2008 1631 num,
2045 1573 2157 1618 tum
2202 1570 2612 1634 personantium
2659 1580 2960 1636 scutorum,
3008 1582 3066 1626 ut
3108 1589 3174 1626 nc
3229 1572 3328 1625 hac
3365 1589 3424 1628 re

1856 1659 2130 1713 exercitus
2163 1667 2288 1715 tuus
2328 1664 2694 1732 perturbetur,
2725 1679 2834 1717 uno
2880 1672 2973 1717 aut
3008 1664 3178 1718 altero
3204 1666 3421 1719 milliari

1858 1752 1924 1805 ab
1944 1769 2010 1807 eo
2041 1755 2160 1808 loco
2187 1763 2366 1810 castra
2396 1765 2613 1812 tuorum
2643 1772 2932 1828 ponantur,
2957 1776 3067 1831 quo
3093 1761 3178 1815 hic
3209 1763 3426 1816 sonitus

1860 1846 2308 1903 tumultuantium
2336 1850 2582 1905 exaudiri
2615 1869 2720 1907 non
2766 1855 2960 1924 possit.

1925 2022 2016 2077 25.
2059 2022 2136 2080 Ne
2184 2028 2490 2096 periculose
2531 2041 2585 2084 et
2649 2033 3048 2092 inconsiderate
3093 2039 3426 2111 irruptiones

1858 2117 2000 2170 ullas
2037 2118 2148 2172 fieri
2185 2122 2487 2190 permittas,
2522 2141 2589 2180 ne
2625 2128 2670 2180 si
2705 2128 2871 2200 aliqui
2904 2148 2966 2185 ex
3010 2136 3119 2189 tuis
3151 2138 3425 2199 occidant.

1855 2211 2134 2266 exercitus
2183 2225 2306 2267 tuus
2350 2214 2526 2271 fracto
2558 2221 2729 2290 magis
2760 2222 2944 2277 animo
2976 2227 3068 2288 sit,
3113 2236 3166 2282 et
3215 2231 3422 2286 obsessi

1861 2302 2034 2356 multo
2094 2305 2387 2361 alacriores
2434 2311 2567 2374 sint,
2601 2313 2746 2382 quod
2799 2331 3042 2389 persmpe
3083 2336 3186 2376 usu
3241 2328 3428 2379 venire

1859 2397 2143 2454 videmus:
2167 2399 2481 2471 frequenter
2504 2407 2646 2460 enim
2680 2417 2934 2466 strenuus
2954 2402 3120 2469 'miles
3144 2430 3171 2469 a
3198 2417 3430 2474 mulier:

1858 2488 2106 2556 fortuita,
2138 2502 2303 2561 atque
2331 2497 2556 2562 imbelli,
2601 2509 2697 2553 aut
2733 2502 2912 2570 lapide
2944 2505 3128 2573 aliquo
3157 2508 3425 2578 conjecto,

1862 2593 1956 2635 aut
1979 2594 2118 2639 testa
2165 2587 2431 2652 immissa,
2464 2599 2556 2642 aut
2585 2591 2733 2663 ligno
2771 2595 2956 2666 aliquo
2983 2599 3162 2654 delato
3200 2617 3441 2673 percusw

1863 2689 1958 2728 sus
1995 2675 2352 2730 interimitur.

1930 2766 2021 2821 26.
2053 2767 2108 2820 Si
2140 2784 2302 2838 parva
2341 2772 2587 2840 quaedam
2638 2777 2860 2831 castella
2914 2781 3188 2851 obsideas,
3232 2794 3287 2840 et
3337 2787 3431 2841 da-

1863 2873 2108 2913 mnosam
2139 2861 2612 2936 periculosamque
2643 2868 2980 2927 invasionem
3011 2885 3166 2944 putes
3206 2893 3348 2946 esse,
3377 2889 3433 2935 et

1863 2951 2120 3022 intelligis
2154 2964 2457 3010 commeatu
2515 2974 2609 3014 cos
2642 2975 2750 3015 non
2797 2979 2978 3033 egere,
3035 2972 3323 3038 contende,
3373 2982 3432 3027 ut

1865 3040 1986 3096 illos
2016 3043 2134 3098 dies
2185 3054 2484 3116 noctesque
2516 3050 2724 3116 turbes,
2763 3063 2822 3106 ut
2853 3058 2955 3110 hac
3001 3062 3430 3130 perturbatione,

1863 3134 1958 3204 qui
2005 3136 2214 3192 obsessi
2251 3141 2409 3208 pauci
2450 3154 2582 3198 sunt
2625 3159 2885 3216 perpetuo
2935 3148 3252 3221 fatigentur,
3308 3158 3430 3212 uui-

1866 3241 2026 3281 verso
2052 3229 2294 3285 exercitu
2345 3241 2539 3288 nostro
2567 3236 2854 3292 adversum
2887 3240 3009 3295 illos
3049 3243 3168 3298 sine
3217 3248 3323 3300 ulla
3357 3249 3436 3302 in-

1868 3323 2210 3377 tet-missione
2243 3325 2492 3390 alternis,
2526 3339 2580 3383 et
2609 3330 2849 3386 vicissim
2889 3333 3212 3391 dimicante.

1934 3411 2024 3466 27.
2057 3415 2112 3468 Si
2134 3416 2279 3472 aedes
2318 3417 2373 3472 in
2406 3422 2632 3476 castello
2662 3424 2728 3477 ad
2759 3426 3190 3482 comburendutn
3226 3429 3436 3487 idonere

1864 3501 2088 3570 fuerint,
2139 3508 2352 3577 sagittis
2399 3511 2645 3581 igniferis
2689 3530 2785 3584 per
2823 3519 3077 3574 multaut.
3135 3523 3283 3576 varia
3316 3525 3430 3579 locu

1868 3599 2095 3666 sparsis,
2123 3601 2285 3671 idque
2311 3605 2650 3672 potissimum
2678 3618 2840 3664 vento
2864 3609 3067 3681 ingenti
3097 3615 3434 3684 aliquollau-

1869 3697 1942 3755 te,
1993 3691 2269 3748 incendes.
2307 3696 2450 3750 Saxa
2497 3698 2660 3752 etiaut
2708 3702 2974 3770 quadrata
3018 3709 3140 3774 igne
3174 3696 3352 3778 plena,
3380 3721 3435 3764 ct

1871 3784 2187 3851 niauganica
2255 3788 2509 3855 alacatia,
2576 3806 2696 3860 qua:
2751 3807 2882 3847 saxa
2945 3800 3226 3871 emittunt,
3272 3809 3437 3871 atque

1870 3875 2094 3944 ejiciant
2145 3877 2452 3946 adhibebis,
2485 3885 2644 3952 etin
2694 3886 2860 3950 aedes,
2898 3904 3019 3958 qua:
3061 3865 3438 3950 facileoiucen-

1869 3967 2018 4021 dium
2052 3973 2624 4044 rccipiuntconjicies,
2656 3986 2710 4032 et
2739 3978 2867 4033 dum
2900 3981 2979 4035 illi
3006 3983 3061 4036 in
3085 3985 3439 4056 exstinguen-

1870 4061 1940 4115 do
1972 4065 2094 4133 igne
2120 4067 2367 4136 occupati
2400 4068 2531 4135 sint,
2566 4071 2742 4126 scalas
2770 4081 2824 4128 tu
2860 4075 3072 4130 interea
3100 4077 3348 4137 admove'
3382 4092 3438 4136 et

1871 4156 2073 4212 milites
2099 4156 2290 4226 iubeto
2319 4174 2412 4216 cas
2440 4163 2698 4219 audacter
2725 4167 3118 4223 conscendere.

1939 4429 2032 4487 28.
2089 4427 2225 4486 Sunt
2258 4441 2438 4490 autem
2479 4434 2543 4491 in
2564 4435 2954 4497 "obsidionibus
2989 4445 3205 4504 diretlsa
3233 4451 3446 4514 instru-

1873 4531 2049 4575 menta
2088 4523 2470 4589 obsidionalia,
2501 4541 2624 4597 qua
2659 4538 2771 4581 tum
2800 4531 3161 4602 antiquiores,
3203 4548 3317 4592 tum
3354 4557 3446 4595 re-

191 4628 334 4682 λαιοὶ
373 4630 672 4702 στρατηγοὶ
716 4631 812 4684 καὶ
852 4631 904 4682 0!
940 4628 1124 4700 μικρῷ
1153 4628 1260 4698 πρὸ
1286 4627 1442 4699 ἡμῶν
1466 4627 1759 4698 ἐπενόησαν

1874 4616 2144 4670 ccutiores
2191 4618 2353 4686 paulo
2387 4627 2525 4672 ante
2569 4634 2673 4677 nos
2714 4626 3122 4694 echgitarunt,
3174 4645 3273 4699 pro
3337 4635 3442 4689 lori

195 4720 336 4774 κατά
364 4721 593 4792 δύναμιν
623 4723 874 4789 ἕκαστος,
910 4724 1002 4777 καὶ
1031 4722 1131 4792 τὴν
1157 4721 1426 4776 καλοῦσαν
1450 4722 1545 4775 τοῦ
1571 4722 1766 4795 καιροῦ

197 4814 290 4866 καὶ
341 4813 433 4868 τοῦ
483 4817 648 4869 τόπου
697 4815 906 4886 χρείαν.
955 4815 1030 4868 Οὐ
1059 4815 1168 4886 γὰρ
1201 4814 1295 4868 νῦν
1327 4814 1441 4867 ἔστι
1469 4814 1648 4884 λέγειν
1681 4815 1767 4870 διὰ

200 4908 367 4961 ποίων
387 4909 636 4979 ὀργάνων
658 4908 1062 4979 πολιορκήσεις,
1082 4907 1216 4962 ἀλλά
1240 4906 1330 4961 τοῦ
1348 4907 1540 4978 καιροῦ
1561 4909 1594 4978 ἡ
1611 4908 1766 4980 χρεία

197 4997 394 5064 διδάξει
427 5018 484 5054 σε
520 5001 746 5054 ἕκαστα.

271 5093 372 5147 κθ’.
427 5096 536 5149 Καὶ
586 5096 696 5166 γὰρ
741 5097 850 5148 είσὶ
898 5095 991 5148 καὶ
1027 5094 1078 5146 οἱ
1110 5093 1394 5163 λεγόμενοι
1427 5093 1571 5165 κριοὶ
1599 5095 1665 5148 δι’
1692 5087 1766 5150 ὧν

204 5185 270 5237 τὰ
296 5187 442 5257 τείχη
468 5188 778 5259 κρουόμενα
807 5186 1172 5258 συντρίϐεται.

275 5270 337 5325 λ’.
374 5275 490 5328 Εἰσὶ
518 5275 572 5328 δὲ
602 5279 694 5328 καὶ
714 5274 910 5347 πύργοι
941 5275 1048 5328 ἀπὸ
1074 5275 1246 5341 ξύλων
1277 5275 1641 5345 συγκείμενοι,
1672 5275 1766 5329 καὶ

207 5362 293 5417 διὰ
322 5365 532 5437 βυρσῶν
561 5369 594 5439 ἢ
621 5369 813 5440 ἐτέρας
841 5369 972 5438 ὖλης
1002 5370 1422 5439 ὲπισκεπόμενοι
1444 5410 1458 5433 ,
1508 5368 1645 5422 ὥστε
1678 5369 1764 5424 διὰ

212 5458 372 5529 πυρὸς
407 5461 479 5532 μὴ
543 5461 895 5531 φθείρεσθαι·
946 5462 1138 5525 οἵτινες
1177 5463 1269 5515 καὶ
1299 5461 1386 5515 διὰ
1415 5461 1623 5532 τροχῶν
1655 5465 1766 5526 τοῖς

210 5551 416 5620 τείχεσι,
464 5555 897 5626 προσφερόμενοι
957 5554 1067 5608 ἀπὸ
1117 5553 1286 5624 ὖψους
1343 5554 1602 5624 μάχονται
1657 5555 1767 5617 τοῖς

214 5642 270 5695 ὲν
296 5644 367 5715 τῷ
390 5647 576 5718 τείχει.
1144 5644 1147 5645 ν

279 5735 372 5792 λα’.
397 5740 503 5793 Καὶ
538 5740 766 5811 χελῶναι
792 5740 847 5794 δὲ
885 5740 1320 5812 προσφερόμεναι
1348 5739 1424 5812 τῷ
1451 5737 1638 5810 τείχει,
1675 5737 1769 5791 καὶ

217 5825 278 5880 τὰ
305 5827 521 5900 θεμέλια
550 5835 958 5904 ἐξορύσσουσαι.

281 5923 373 5994 λβ’.
413 5928 520 5984 Καὶ
554 5931 749 5985 σκάλαι
782 5930 1020 5985 σύνθετοι
1058 5930 1088 6000 ἢ
1122 5929 1453 5983 ἐπιτεθεῖται
1481 5927 1555 5999 τῷ
1579 5926 1763 5998 τείχει,

1875 4710 2244 4778 temporisque
2265 4714 2695 4781 opportunitate.
2730 4713 2917 4787 Neque
2945 4722 3094 4774 enim
3120 4738 3264 4778 nunc
3299 4734 3442 4780 tem-

1872 4816 1973 4871 pus
2023 4812 2109 4857 est
2159 4818 2628 4873 conunemorare,
2681 4811 2888 4880 quibus
2944 4815 3442 4874 machinatiouilms

1871 4897 2170 4963 obsidebis,
2204 4898 2298 4954 sed
2331 4901 2590 4972 temporis
2621 4906 2986 4963 commoditas
3024 4907 3238 4979 singula
3264 4919 3315 4966 te
3341 4913 3441 4967 do-

1873 4993 2038 5046 celiit.

1939 5087 2030 5139 29.
2072 5085 2210 5140 Sunt
2261 5087 2405 5142 enim
2453 5091 2675 5158 arietes,
2725 5092 2924 5163 quibus
2974 5096 3208 5152 admotis
3239 5103 3438 5153 uid-nia

1868 5187 2221 5246 rumpuntur.
2606 5198 2614 5206 ‘

1941 5272 2029 5326 50.
2068 5271 2207 5328 Sunt
2237 5283 2289 5328 et
2328 5283 2507 5332 turres
2545 5276 2754 5349 lignea‘,
2791 5280 3019 5350 pellibus
3053 5283 3269 5355 aliaque
3319 5302 3434 5338 ma-

1871 5364 2006 5417 teria
2033 5375 2206 5430 tectae,
2236 5379 2295 5420 ut
2326 5368 2450 5438 igne
2481 5372 2698 5426 minime
2725 5374 3038 5445 dellagrent,
3068 5392 3188 5446 qua!
3215 5389 3261 5431 et
3299 5383 3439 5432 rutis

1871 5457 2115 5512 adductae
2147 5461 2212 5512 ad
2243 5477 2450 5527 muros,
2483 5464 2728 5520 homines
2755 5483 2817 5520 ex
2847 5469 2957 5522 alto
2982 5485 3104 5523 cum
3134 5470 3223 5538 iis,
3256 5479 3345 5542 qui
3381 5476 3434 5530 iu

1869 5563 2029 5603 niuro
2055 5560 2182 5604 sunt
2211 5561 2515 5623 pugnantes
2546 5555 2798 5609 habeant.

1939 5729 2026 5785 51.
2063 5729 2388 5789 Testudines
2421 5749 2635 5805 quoque
2668 5734 2732 5790 ad
2765 5752 2980 5791 murum
3015 5736 3282 5808 adiunctae
3311 5739 3429 5796 fun-

1867 5827 2120 5886 damenta
2144 5830 2262 5898 ejus
2293 5838 2565 5884 evertunt.

1939 5922 2025 5975 59..
2081 5922 2252 5976 Scala:
2290 5922 2754 5992 quoquejitucttr,
2783 5923 2863 5979 vel
2891 5923 2958 5978 ad
3005 5939 3223 5981 mutum
3262 5924 3431 5984 addit-
