4020 6312
461 340 576 408 899

1725 331 1998 394 LEONIS
2037 328 2499 393 PHILOSOPHI

3644 323 3742 388 9W

464 452 747 522 subjectos
777 444 1136 521 benignitatis
1168 451 1274 502 tua:
1297 441 1672 514 bonitatisquc
1697 457 1791 513 spe
1825 440 2047 497 efficies.

2188 457 2249 505 ας
2292 439 2565 504 εὐπειθεῖς
2596 438 2795 511 μᾶλλον
2821 438 2913 493 καὶ
2952 439 3418 509 ὑποταττομένους
3446 456 3531 493 σοι
3562 456 3742 511 παρα·

466 544 593 598 Ιιαεο
632 546 727 599 abs
766 552 818 599 te
853 541 1231 597 conservanda
1271 546 1419 605 sunt,
1463 539 1553 594 ubi
1604 539 1739 593 alios
1786 537 2047 593 invadens

467 640 725 696 obsidere
752 653 849 695 eos
875 640 1105 710 cogitas.

538 908 630 964 ιϐ.
685 907 765 971 Si,
807 907 954 978 quod
1000 922 1142 977 saepe
1168 907 1459 978 contingit,
1493 907 1708 973 civitas,
1737 915 1828 962 aut
1857 906 2054 962 castel-

468 1001 609 1068 lum,
661 1010 754 1055 aut
797 1000 908 1055 ulla
953 1000 1060 1055 alia
1094 1000 1328 1055 munitio
1363 1008 1453 1055 tua
1495 999 1563 1053 ab
1609 999 1863 1055 hostibus
1906 998 2055 1054 obsi-

470 1090 648 1147 denda
682 1100 787 1157 est,
836 1090 884 1147 si
933 1091 1038 1147 hoc
1080 1090 1293 1146 emcere
1320 1090 1637 1147 accessione
1664 1099 1753 1145 tua
1785 1098 1965 1161 potes,
1999 1096 2057 1145 ut

471 1183 691 1238 illorum
753 1183 1010 1245 consilia,
1066 1193 1408 1248 conatusque
1463 1183 1663 1249 elevcs,
1723 1180 1834 1238 Ded
1868 1182 2059 1253 gratiae

472 1282 708 1347 agantur
741 1291 756 1342 ;
785 1274 867 1331 sin
903 1276 1111 1341 minus,
1144 1274 1405 1329 omnibus
1442 1274 1606 1329 rebus
1640 1288 1734 1329 eos
1762 1272 2056 1344 apparabis

476 1368 915 1438 atquc-instrues
954 1368 1048 1439 qui
1080 1367 1366 1423 obsidendi
1394 1376 1545 1433 sunt,
1571 1366 1686 1421 sive
1714 1366 1833 1435 ipse
1867 1380 2058 1421 neces-

474 1459 642 1516 sitate
680 1459 914 1528 quadam
944 1456 1234 1515 adfuturus
1269 1459 1369 1523 sis,
1414 1458 1530 1513 sive
1561 1457 1703 1512 alius
1732 1456 2002 1527 quispiam
2030 1472 2061 1513 e

475 1551 590 1607 tuis
626 1549 899 1622 praefectis
924 1551 1169 1623 prudens
1201 1558 1256 1606 et
1287 1552 1523 1622 peritus.

550 1758 642 1815 47.
695 1758 880 1815 Primo
919 1759 1083 1831 igitur
1129 1760 1311 1816 omnia
1363 1762 1425 1817 ad
1461 1771 1821 1817 commeatum
1866 1777 2061 1820 neces-

478 1855 624 1908 saria
675 1853 740 1910 iis
791 1857 884 1925 qui
933 1853 1219 1910 obsidione
1260 1854 1459 1912 inclusi
1513 1864 1664 1921 sunt,
1712 1858 2063 1928 praeparabis,

478 1949 628 2018 quod
653 1950 968 2006 satisfacere
994 1950 1102 2006 illis
1124 1966 1282 2006 omne
1307 1959 1519 2022 ten‘lpus
1537 1950 1845 2008 obsidionis
1874 1955 2069 2024 possit.

479 2042 790 2113 Praeparata
830 2043 944 2115 jam
993 2058 1177 2099 rerum
1231 2044 1673 2099 necessariarum
1710 2044 2069 2113 abundantia,

480 2137 792 2208 proximum
836 2145 943 2204 est,
982 2146 1041 2193 ut
1085 2137 1330 2193 inutilem
1366 2153 1580 2193 omnem
1618 2147 1855 2204 aetatem,
1881 2140 2072 2195 mulie-

486 2244 597 2295 res,
632 2243 814 2307 senes,
843 2227 1074 2295 debiles,
1103 2244 1325 2300 pueros,
1350 2236 1476 2285 ante
1504 2228 1744 2285 hostium
1779 2229 2069 2287 adventum

483 2338 515 2379 e
555 2322 865 2379 munitione
911 2322 1125 2392 ejicias,
1180 2332 1238 2378 ut
1272 2324 1499 2394 reliquis
1546 2326 1640 2394 qui
1674 2324 1882 2381 robusti
1912 2324 2073 2381 babi-

499 2413 690 2485 lesque
725 2423 853 2470 sunt
882 2415 1139 2471 alimenta
1164 2413 1472 2472 sufficiant:
1502 2423 1616 2472 tum
1643 2417 2075 2473 machinationes

486 2504 734 2577 quaedam
766 2506 834 2563 ad
863 2507 1235 2580 depulsionem
1285 2523 1677 2579 manganorum
1750 2525 1881 2566 saxa
1937 2525 2073 2565 con-

484 2598 812 2669 jicientiuin,
843 2600 912 2658 ab
944 2600 1011 2657 iis
1038 2601 1131 2672 qui
1168 2600 1491 2659 obsidentur
1515 2603 1897 2675 comparandae
1926 2610 2071 2658 sunt.

561 2798 652 2855 48.
694 2800 1021 2872 Huiusmodi
1063 2804 1498 2876 cerijectionibus
1526 2805 1869 2877 objiciuntur
1898 2805 2078 2861 cilicia

493 2892 789 2965 pendentia
830 2910 860 2952 e
896 2894 1082 2967 pinnis
1131 2907 1287 2954 extra
1325 2912 1533 2965 muros,
1583 2897 1668 2954 vel
1708 2898 1955 2965 sarcinas,
1998 2896 2081 2954 vel

494 2990 655 3046 t‘uncs
704 2991 966 3058 contorti,
999 2992 1084 3048 vel
1126 2993 1356 3063 pontila,
1387 2995 1467 3050 vel
1506 2994 1649 3065 ligna
1692 2993 2079 3064 prominentia.

494 3088 588 3137 aut
622 3081 882 3138 lateribus
915 3098 1080 3155 agger
1109 3090 1235 3139 ante
1290 3086 1491 3157 pinnas
1516 3093 1852 3143 exstructus.
1877 3086 2079 3141 Arieti-

2158 539 2443 603 σκευάσεις
2482 537 2568 593 διὰ
2607 538 2722 611 τὴν.
2751 534 3114 607 ἐλπιζομένην
3145 534 3296 606 παρὰ
3328 535 3425 588 σοῦ
3453 536 3745 606 εὐμένειαν

2156 634 2249 687 καὶ
2286 631 2618 702 άγαθότητα.
2652 628 2840 709 ςΓαῦτα
2878 628 2976 698 μέν
3020 626 3516 700 παρακελευόμεθά
3552 642 3671 690 σοι,
3703 618 3749 679 ὦ

2159 726 2454 795 στραηγέ,
2515 723 2954 794 παραφυλάττειν
2984 760 2998 787 ,
3058 720 3188 775 ὅταν
3240 718 3405 782 αὐτὸς
3456 718 3747 787 πολεμίοις

2161 816 2410 871 ἐπελθὼν
2452 816 2758 887 πολιορκεῖν
2785 815 2852 875 τὰ
2884 813 3107 869 ἐκείνων
3133 812 3356 885 μέλλῃς.

2234 908 2351 982 μς’.
2392 911 2454 964 Ei
2483 910 2551 976 δ’,
2576 910 2717 980 ὅπερ
2740 908 3000 974 πολλάκις
3046 907 3359 979 συμϐαίνει,
3380 904 3542 969 πόλις
3652 904 3749 957 κά-

2163 1019 2344 1073 στρον,
2379 1003 2411 1075 ἦ
2441 1019 2493 1056 τι
2520 1002 2706 1071 ἕτερον
2746 1001 3008 1071 ὀχύρωμα
3039 999 3141 1053 ὑπὸ
3164 998 3246 1052 νσέ
3283 998 3532 1069 ὑπάρχον
3562 996 3751 1067 μέλλει

2164 1094 2315 1166 παρὰ
2348 1093 2621 1164 πολεμίων
2660 1092 3087 1165 πολιορκεῖσθαι,
3140 1093 3188 1147 εί
3229 1091 3328 1163 μὲν
3358 1091 3585 1145 δύνασαι
3620 1089 3753 1153 τοὺς

2163 1184 2567 1258 ἐπερχομένους
2606 1184 2974 1255 ἐπιτηδεῦσαι,
3006 1183 3101 1238 καὶ
3131 1183 3413 1255 ἄπρακτον
3445 1180 3633 1234 αὐτῶν
3664 1179 3751 1234 διὰ

2164 1278 2261 1349 τῆς
2294 1278 2390 1348 σῆς
2419 1274 2726 1348 προσϐολῆς
2779 1276 2876 1347 τὴν
2928 1274 3125 1346 βουλὴν
3166 1272 3472 1338 ἀποδεῖξαι,
3507 1271 3587 1343 τῷ
3631 1270 3752 1340 Θεῷ

2165 1372 2342 1443 χάρις’
2370 1371 2418 1424 εί
2439 1369 2496 1423 δὲ
2530 1369 2694 1441 μήγε,
2730 1369 2950 1433 πάντως
2982 1368 3423 1440 παρασκευάσεις
3452 1365 3583 1429 τοὺς
3620 1365 3753 1436 μὲλ-

2164 1463 2376 1529 λοντας,
2408 1461 2832 1531 πολιορκεῖσθαι·
2856 1463 2965 1515 εἴτε
2995 1461 3153 1524 αὐτὸς
3188 1459 3401 1532 μέλλεις
3422 1459 3480 1525 ἐξ
3498 1458 3755 1528 ἀνάγκης

2165 1557 2310 1622 τινὸς
2344 1557 2461 1610 ἐκεῖ
2482 1557 2757 1627 παρεῖναι,
2789 1556 2899 1609 είτε
2941 1553 3127 1626 ἕτερός
3154 1572 3236 1617 τις
3277 1552 3387 1607 τῶν
3412 1554 3519 1608 ὑπὸ
3556 1554 3616 1606 σέ
3656 1552 3758 1622 ἁρ-

2167 1652 2370 1723 χόντων
2402 1651 2541 1724 ἀνὴρ
2572 1650 2854 1722 ἐλλόγιμος
2886 1653 2981 1705 καὶ
3012 1650 3296 1723 ἔμπειρος.

2243 1764 2351 1837 μζ’.
2399 1766 2622 1839 Πρῶτον
2662 1766 2761 1837 μὲν
2813 1768 3069 1821 ἁπάντων
3117 1765 3225 1837 χρὴ
3278 1763 3388 1818 τῶν
3430 1760 3758 1831 ἀναγκαίων

2171 1861 2249 1923 είς
2302 1859 2618 1931 άποτροφὴν
2671 1859 2954 1929 φροντίσαι
3002 1859 3110 1911 τῶν
3162 1856 3567 1926 ἐγκλειομὲνων
3623 1857 3755 1909 ὅσον

2170 1947 2317 2017 οίδας
2348 1951 2441 2006 τὸν
2463 1952 2656 2024 ἐχθρὸν
2688 1953 2941 2021 ἐξαρκεῖν
2970 1952 3064 2005 ἐπὶ
3092 1953 3160 2024 τῇ
3199 1949 3489 2022 πολιορκίᾳ
3530 1949 3753 2021 χρόνον,

2170 2048 2265 2101 καί
2299 2048 2347 2101 εί
2384 2046 2484 2119 μὲν
2514 2046 2741 2118 εὐπορία
2767 2046 2885 2101 ἐστὶ
2912 2045 3180 2114 τοσαύτης
3196 2044 3534 2117 άποτροφῆς.
3570 2043 3759 2098 Ἐπεί-

2171 2157 2254 2195 τοι
2285 2157 2351 2211 γε
2378 2141 2476 2213 τὴν
2505 2141 2777 2213 ἄχρηστον
2818 2140 3034 2211 ἠλικίαν
3071 2139 3267 2195 ἐκδαλε
3314 2142 3377 2194 ἐκ
3406 2139 3501 2193 τοῦ
3541 2139 3757 2211 ὀχυρώ-

2179 2250 2347 2305 ματος
2394 2233 2499 2304 πρὸ
2530 2234 2631 2304 τῆς
2661 2234 2768 2288 τῶν
2806 2234 3017 2305 ἐχθρῶν
3052 2234 3382 2303 παρουσίαςο
3414 2228 3527 2286 οἷον
3558 2234 3754 2301 γυναῖ-

2175 2344 2300 2394 κας,
2340 2326 2625 2399 γέροντας,
2649 2326 2917 2393 ἀσθενεῖς,
2956 2325 3051 2381 καὶ
3082 2325 3289 2390 παιδία,
3311 2326 3397 2380 ἵνα
3424 2329 3537 2389 τοῖς
3573 2327 3631 2380 ἐν
3656 2325 3755 2378 δυ-

2174 2421 2335 2492 νάμει
2367 2419 2516 2475 οὖσιν
2547 2420 3011 2493 ἣεύρισκομὲνοις
3036 2422 3069 2491 ἠ
3099 2420 3313 2491 δαπάνη
3334 2420 3631 2491 ἐξαρκέσει·
3656 2418 3756 2474 καὶ

2178 2514 2265 2568 ἵνα
2294 2516 2322 2569 ὁ
2362 2513 2571 2585 μέλλων
2612 2513 3019 2585 πολιορκεῖσθαι
3063 2514 3470 2586 προευτρεπίσῃ
3504 2515 3755 2586 μηχανή-

2181 2626 2326 2680 ματα
2354 2608 2707 2679 ἀντικείμενα
2737 2608 2875 2679 πρὸς
2902 2607 3002 2681 τὴν
3035 2608 3315 2680 άποσοεὴν
3344 2606 3454 2677 τῶν
3488 2608 3723 2679 πετροόό
3741 2637 3757 2647 -

2179 2701 2287 2756 λων
2316 2702 2613 2775 μαγγάνων
2640 2701 2750 2757 τῶν
2774 2702 3007 2774 ἐχθρῶν.

2256 2799 2371 2874 μη’.
2409 2799 2767 2856 Ἀντίκεινται
2797 2798 2853 2854 δὲ
2889 2800 3011 2862 ταῖς
3030 2794 3308 2863 τοιαύταις
3339 2796 3521 2867 βολαῖς
3546 2796 3761 2851 κιλίχια

2182 2891 2505 2965 κρεμάμενα
2530 2891 2729 2959 ἔξωθεν
2761 2890 2855 2945 τοῦ
2881 2891 3098 2962 τείχους
3129 2889 3269 2944 κατὰ
3296 2890 3423 2956 τοὺς
3454 2886 3760 2962 προμαχῶ-

2182 3002 2299 3053 νας,
2341 2986 2375 3059 ἢ
2430 2984 2681 3055 σάρκινα,
2725 2984 2761 3058 ἢ
2827 2982 3037 3055 σχοινία
3091 2982 3374 3054 είλημένα,
3427 2984 3461 3057 ἢ
3508 2983 3759 3047 πόντιλα,

2184 3080 2300 3152 ἦτοι
2337 3077 2468 3145 ξύλα
2513 3076 2858 3149 κρεμάμενα,
2903 3076 3001 3135 καὶ
3044 3073 3265 3141 πλίνθος
3293 3075 3348 3130 δέ
3380 3077 3437 3130 ἐν
3470 3076 3581 3141 τοῖς
3622 3092 3760 3146 προ-

493 3173 601 3231 bus
635 3181 817 3227 autem
845 3174 1062 3240 telaria,
1096 3182 1153 3231 et
1182 3177 1328 3232 sacci
1367 3177 1511 3249 pleni
1546 3177 1721 3247 palea,
1758 3183 1922 3249 atque
1952 3191 2075 3233 are-

2184 3171 2431 3242 μαχῶσιν
2487 3168 2910 3241 οἰκοδομουμένη
2936 3210 2953 3237 ,
3009 3170 3105 3223 καὶ
3140 3169 3278 3241 πρὸς
3321 3168 3464 3233 τοὺς·
3480 3168 3668 3240 κριοὺς
3697 3168 3757 3220 δὲ

494 3281 566 3323 na
597 3280 970 3339 opponuntur.

568 3452 664 3509 49.
702 3454 785 3509 Ad
819 3454 1126 3512 testudines
1157 3455 1426 3530 barpages
1460 3460 1795 3531 praeparandi
1846 3468 1995 3530 sunt,
2023 3460 2077 3517 id

498 3554 584 3601 est
638 3546 783 3614 ligna
835 3560 1035 3618 magna
1075 3548 1361 3618 cuspidata
1395 3549 1595 3620 picata,
1624 3559 1686 3606 ut
1720 3553 1806 3608 vel
1831 3563 2079 3610 avertant

499 3652 617 3701 eas,
650 3638 733 3693 vel
759 3639 939 3693 levent
974 3648 1027 3694 et
1054 3640 1263 3695 nudent
1296 3640 1585 3699 interiores
1628 3644 1918 3701 testudinis
1949 3660 2076 3716 par-

503 3735 610 3795 tes,
644 3738 699 3785 et
730 3729 786 3785 in
819 3729 942 3787 illos
973 3745 1037 3786 ex
1062 3734 1341 3804 superiore
1372 3734 1490 3790 loco
1532 3734 1767 3793 nudatos
1798 3736 2077 3793 invadant.

572 3938 665 3995 50.
716 3936 813 3993 Pix
850 3936 1017 4006 adsit,
1046 3953 1152 4010 qua
1199 3939 1413 3995 nudatae
1443 3940 1747 3998 testudines
1774 3942 2082 4000 incendun-

503 4038 613 4096 tur,
640 4038 692 4086 et
740 4031 883 4101 ignis
920 4032 1237 4102 lapidesque
1277 4048 1473 4104 graves
1525 4035 1817 4091 acuminati
1860 4052 2083 4109 manga—

506 4122 595 4177 nis
642 4121 969 4192 quibusdam
1021 4138 1053 4178 e
1107 4124 1389 4193 superiore
1444 4124 1566 4181 loco
1609 4126 1695 4181 vel
1725 4125 1969 4193 funibus,
1999 4122 2085 4183 vel

506 4216 715 4270 catenis
779 4213 1041 4281 demissi,
1082 4223 1139 4271 et
1186 4214 1309 4271 aliis
1371 4216 1697 4287 quibusdam
1750 4218 2084 4289 ponderibus

507 4304 681 4360 altero
715 4304 771 4359 in
821 4304 926 4361 line
970 4306 1230 4378 mangani
1260 4306 1327 4362 ad
1358 4307 1727 4365 sublevandos
1755 4309 1953 4365 iterum
1998 4311 2083 4365 la-

508 4397 663 4468 pides
692 4398 907 4468 positis.

2178 3262 2507 3321 ἀντίκεινται
2536 3260 2766 3335 τυλάρια
2812 3261 2909 3316 καὶ
2947 3262 3150 3316 σακκία
3189 3261 3429 3333 γέμοντα
3454 3261 3630 3332 ἄχυρα
3661 3260 3756 3313 καὶ

2178 3355 2427 3427 ψάμμον.

2255 3446 2363 3520 μθ’.
2401 3449 2546 3517 Πρὸς
2568 3448 2625 3502 δέ
2654 3448 2753 3513 τὰς
2771 3447 3010 3518 χελώνας
3040 3447 3311 3519 ἅρπαγες,
3342 3448 3460 3519 ἦτοι
3503 3446 3632 3513 ξύλα
3659 3464 3749 3517 με-

2180 3544 2320 3615 γάλα
2346 3544 2534 3615 ἔχοντα
2559 3543 2686 3613 ξίφη
2705 3542 3213 3614 καὶέμπισσόμενα,
3239 3541 3381 3595 ὥστε
3404 3544 3436 3616 ἢ
3462 3542 3754 3613 ἐκστρέψαι

2180 3635 2371 3707 αὐτὴν,
2426 3634 2460 3708 ἢ
2514 3633 2863 3704 ἀναλωφῆσαι
2918 3637 3010 3686 καὶ
3038 3635 3324 3703 γυμνῶσαι
3383 3634 3509 3698 τοὺς
3559 3631 3754 3685 ἔσωθεν

2180 3731 2278 3800 τῆς
2310 3730 2564 3800 χελῶνος,
2602 3729 2697 3782 καὶ
2741 3725 2915 3792 οὕτως
2959 3726 3100 3781 κατὰ
3129 3725 3307 3780 αὐτῶν
3332 3727 3601 3796 ἐγχειρεῖν
3628 3726 3755 3779 ἄνω-

2184 3822 2298 3875 θεν.

2254 3913 2316 3969 ν’.
2351 3912 2512 3967 Ἀλλά
2565 3911 2661 3966 καὶ
2718 3910 2907 3980 πίσσα,
2958 3911 3025 3965 δι’
3058 3906 3126 3985 ἧς
3182 3910 3514 3985 κενουμένης
3546 3912 3755 3983 ἐμπρη-

2185 4006 2494 4079 σθήσονται,
2544 4007 2638 4061 καὶ
2687 4004 2798 4077 πῦρ
2868 4008 2939 4060 αἱ
2977 4006 3116 4061 λίθοι
3157 4006 3343 4077 βαρεῖς
3396 4007 3753 4075 κατάκεντροι

2186 4101 2295 4154 ἀπὸ
2343 4101 2637 4171 μαγγάνων
2678 4100 2831 4168 ἄφνω
2877 4097 3183 4170 χαλώμενοι
3234 4097 3321 4152 διὰ
3361 4098 3611 4168 σχοινίων
3639 4097 3753 4166 ἦτοι

2188 4192 2453 4257 ἁλύσεων,
2485 4192 2580 4247 καὶ
2610 4190 2771 4247 πάλιν
2798 4188 3184 4261 ἀνασπώμενοι
3217 4188 3284 4245 δι’
3317 4189 3520 4260 ἐτέρων
3549 4185 3755 4243 ἀντιϐα-

2190 4300 2258 4355 ρη
2266 4286 2470 4356 μάτων.

578 4491 669 4547 5|.
702 4492 782 4546 Ad
817 4502 997 4550 turres
1024 4494 1311 4562 abductas,
1339 4498 1520 4568 ignem
1547 4509 1598 4552 et
1631 4515 1763 4555 saxa
1810 4498 2075 4571 ejicientia

2261 4505 2361 4554 va'.
2394 4496 2534 4572 Πρὸς
2558 4498 2613 4553 δέ
2632 4498 2753 4564 τοὺς
2785 4500 3162 4572 ἐπαγομένους
3202 4500 3445 4570 πύργους
3489 4496 3757 4570 πυροϐόλα

508 4585 877 4642 instrumenta
913 4589 1127 4658 aptabis
1157 4607 1171 4644 :
1204 4591 1289 4647 sin
1356 4592 1459 4647 hoc
1495 4594 1656 4647 modo
1709 4608 1817 4648 non
1862 4592 2085 4662 prolici-

512 4686 623 4742 tur,
653 4678 791 4736 alias
820 4688 1003 4737 turres
1040 4682 1128 4738 vel
1162 4698 1225 4740 ex
1254 4684 1437 4757 lignis.
1491 4686 1574 4742 vel
1607 4702 1671 4743 ex
1702 4686 1809 4743 alia
1837 4688 2093 4758 quapiam

508 4771 740 4827 materia
770 4772 982 4845 erigere
1027 4789 1145 4843 eos,
1177 4778 1269 4846 qui
1307 4779 1455 4836 intus
1488 4765 1866 4847 includuntur,
1899 4781 2092 4837 adver-

510 4878 632 4919 sum
661 4878 781 4929 eos,
813 4866 910 4936 qui
961 4866 1100 4925 foris
1147 4868 1423 4938 obsident,
1478 4872 1559 4927 vel
1600 4872 1862 4930 adversus
1924 4887 2091 4944 quas-

510 4971 729 5025 cunque
771 4957 987 5014 illorum
1019 4962 1476 5031 machinationes,
1518 4964 1653 5021 alias
1689 4980 1858 5022 novas
1900 4975 2092 5022 contra

510 5044 634 5102 illos
668 5048 849 5103 moliri
870 5060 1107 5120 oportet,
1134 5053 1594 5122 quemadmodum
1632 5054 1923 5127 diligenter
1967 5071 2090 5128 per-

513 5141 770 5195 tractanti
817 5144 1003 5198 animo
1034 5141 1192 5199 facile
1225 5144 1373 5200 factu
1411 5144 1595 5202 fuerit.

586 5231 679 5286 52.
711 5231 918 5289 Turres
947 5237 1402 5307 propugnatrices
1445 5239 1686 5295 virorum
1732 5241 1959 5299 minime
2004 5258 2093 5298 re-

511 5330 629 5377 ctas
659 5338 783 5379 esse
813 5334 1047 5395 oportet,
1086 5334 1145 5381 ut
1179 5328 1382 5386 milites
1428 5330 1599 5388 libere
1630 5348 1697 5388 ex
1732 5348 1799 5390 eo
1829 5335 1949 5390 loco
1990 5351 2092 5408 pu-

513 5430 684 5485 gnare
719 5418 951 5486 possint,
980 5428 1034 5475 et
1058 5436 1326 5494 mangana
1358 5423 1541 5480 facilia
1578 5438 1850 5498 ponantur
1874 5437 1927 5485 et
1961 5446 2091 5486 con-

513 5506 789 5577 ﬁciantur,

587 5597 676 5654 55.
714 5600 952 5661 Portulaa
1012 5614 1193 5663 autem
1251 5610 1563 5682 hujusmodi
1614 5615 1669 5670 in
1729 5618 1975 5673 turribus
2026 5620 2091 5675 ad

514 5689 658 5783 latus
690 5707 955 5768 angustae,
985 5700 1231 5757 dextram
1265 5704 1316 5757 in
1369 5714 1576 5775 partem
1628 5709 1961 5778 aperiantur,
1985 5729 2091 5783 qua

516 5780 753 5845 hostium
802 5806 1070 5865 mangana
1121 5797 1466 5867 emittuntur,
1507 5808 1565 5855 ut
1600 5801 1805 5873 pedites
1837 5820 1866 5862 e
1901 5780 2092 5877 portu-

2196 4592 2312 4663 εῖδη
2339 4592 2431 4645 καὶ
2457 4591 2794 4663 πετροϐόλοι,
2817 4593 2850 4663 ἦ
2873 4594 2921 4645 εί
2954 4592 3030 4664 μὴ
3057 4591 3215 4645 τοῦτο
3242 4592 3492 4663 ἀντισχῇ.
3513 4588 3761 4659 ἀντιπύρο

2195 4703 2323 4753 γους
2353 4685 2553 4756 ὁμοίως
2575 4686 2909 4756 οίκοδομεῖνῗ,
2952 4685 2983 4757 ἦ
3037 4684 3125 4738 διὰ
3170 4684 3359 4752 ξύλων,
3407 4684 3439 4756 ἢ
3480 4684 3546 4739 δι’
3577 4685 3763 4756 ἐτέρας

2196 4779 2328 4850 ὕλης
2380 4779 2506 4841 τοὺς
2553 4778 2753 4832 ἔσωθεν
2812 4778 2903 4832 τοῦ
2958 4778 3207 4848 τείχους·
3250 4777 3314 4833 ἄν
3367 4794 3447 4841 τις
3482 4776 3758 4847 ἐκείνωνῆ

2193 4872 2377 4936 ἁπλῶς
2407 4872 2480 4937 ὡς
2512 4871 2577 4926 ἂν
2607 4872 2826 4926 δυνατὸν
2854 4871 2988 4942 πρὸς
3012 4871 3111 4941 τὴν
3141 4870 3390 4943 μηχανὴν
3424 4871 3533 4947 τῶν
3574 4870 3760 4939 ἔξωθεν

2197 4964 2671 5037 ἀντιμηχανᾶσθαι
2718 4967 2842 5029 τοὺς
2898 4964 3122 5028 ἔσωθεν,
3179 4963 3361 5028 καθὼς
3391 4965 3446 5017 ἐν
3479 4963 3550 5036 τῷ
3581 4964 3759 5019 πλάτει

2199 5057 2335 5129 μετὰ
2363 5056 2555 5128 σχολῆς
2580 5056 2815 5128 ἐρευνῶν
2846 5057 3097 5129 εὑρήσεις
3132 5057 3269 5129 πρὸς
3321 5057 3560 5127 ἑκάστην
3594 5074 3759 5127 μηχα-

2197 5147 2291 5219 νὴν
2318 5148 2780 5221 ἀντεξευρημένα.

2266 5244 2363 5316 νβ’.
2399 5246 2721 5311 Ἀναγκαῖον
2753 5242 2808 5297 δέ
2829 5244 2943 5296 ἐστι
2970 5244 3095 5306 τοὺς
3124 5242 3368 5314 πύργους
3410 5245 3534 5307 τοὺς
3565 5241 3755 5313 ἐπιμά-

2198 5357 2322 5411 χους
2350 5336 2444 5392 τοῦ
2469 5338 2682 5410 τείχους
2718 5338 2974 5399 ἀσκεπεῖς
3009 5332 3171 5401 εἶναι,
3207 5336 3343 5389 ὥστε
3375 5336 3499 5399 τοὺς
3528 5332 3731 5406 μαχομέ

2196 5450 2319 5497 νους
2353 5431 2645 5495 ἀκωλύτως
2668 5430 2873 5485 ἐκεῖθεν
2908 5429 3197 5501 μάχεσθαι,
3254 5430 3347 5483 καὶ
3397 5429 3468 5482 τὰ
3516 5428 3758 5497 μάγγανα

2194 5527 2439 5590 εὐκόπως
2469 5524 2709 5579 τίθεσθαι
2739 5524 2831 5578 καὶ
2865 5522 3276 5594 ἐξεργάζεσθαι.

2266 5619 2367 5690 νγ’.
2392 5621 2501 5673 Καὶ
2534 5618 2886 5691 παραπόρτια
2915 5620 2969 5671 δέ
2996 5619 3053 5671 ἐν
3075 5620 3194 5681 ’τοῖς
3230 5618 3494 5681 τοιούτοις
3537 5615 3759 5687 πύργοις

2195 5716 2257 5770 ἐκ
2298 5714 2527 5790 πλαγίου
2559 5712 2719 5768 στενὰ
2745 5712 3057 5781 ἀνοίγεσθαι
3083 5710 3224 5765 κατὰ
3254 5709 3344 5765 τοῦ
3366 5709 3539 5777 δεξιοῦ
3571 5710 3755 5780 μέρους

2193 5806 2301 5863 τῶν
2334 5807 2761 5879 προσαγομένων
2813 5806 3107 5878 μαγγάνων
3164 5807 3227 5859 ἐκ
3255 5804 3362 5858 τῶν
3391 5801 3618 5876 ἐχθρῶν.
3649 5801 3755 5855 ἰνα
