4040 6298
344 355 443 422 901

1399 362 1732 422 TACTICA.
1776 385 1846 397 ·-·
1877 359 2383 422 CONSTITUTIO
2415 359 2535 421 XV.

3488 357 3602 422 902

348 475 503 540 πεζοὶ
523 475 862 546 ἐξερχόμενοι
885 475 947 528 ἐκ
969 475 1075 528 τῶν
1099 477 1457 548 παραπυλῶν,
1484 479 1577 532 καὶ
1606 477 1746 533 κατὰ
1769 476 1923 550 χεῖρα

2040 476 2103 532 lis
2132 485 2420 540 exeuntes,
2456 480 2508 530 et
2541 472 2713 530 scutis
2748 481 2870 541 apte
2909 485 2966 526 se
2989 476 3253 543 tegentes,
3307 471 3604 542 superiori-

343 565 614 636 ἁρμοδίως
643 569 753 630 τοῖς
788 567 1131 639 σκουταρίοις
1157 570 1507 639 σκεπόμενοι,
1545 570 1643 624 καὶ
1670 571 1775 625 ὕπδ
1807 571 1915 626 τῶν

345 658 551 713 ἄνωθεν
583 658 935 729 βοηθούμενοι
964 659 1216 716 δύνανται
1240 662 1526 716 ἀποσοϐεῖν
1547 663 1614 717 τὰ
1639 666 1912 734 μάγγανα.

349 751 533 822 Ἐχειν
559 751 614 804 δὲ
646 751 817 806 ταῦτα
846 753 1038 817 πύλας,
1066 753 1134 807 δι’
1164 747 1238 808 ὧν
1271 754 1388 808 δέον
1435 753 1827 822 ἀσφαλίζεσθαι
1860 758 1916 809 ἐν

346 845 543 915 καιρῷ,
574 845 667 897 καὶ
701 845 776 914 μὴ
809 847 994 914 μένειν
1027 846 1370 918 ἠνεῳγμένα.

417 934 508 988 νδ⁸.
555 936 900 1007 Ἀποκρεμᾷν
929 937 986 991 δὲ
1022 939 1163 991 κατὰ
1213 936 1321 991 τῶν
1362 937 1740 1010 προμαχὼνων
1788 939 1920 1005 ξύλα

348 1026 520 1100 βαρέα
548 1029 708 1094 πάνυ,
745 1031 968 1103 κορμία,
1018 1030 1112 1084 καὶ
1174 1029 1373 1101 μύλους
1401 1030 1635 1095 λιθίνους
1660 1032 1745 1085 διὰ
1775 1050 1928 1102 οχοιε

350 1113 478 1174 νίων
506 1139 520 1152 ·
556 1121 646 1176 ἵνα
676 1121 768 1175 ἐὰν
815 1122 1136 1194 προσάψωσι
1189 1123 1393 1187 σκάλας
1435 1124 1513 1186 είς
1549 1124 1618 1178 τὰ
1638 1125 1791 1196 τείχη
1831 1143 1921 1179 κο-

349 1214 635 1284 πτομένων
655 1214 762 1268 τῶν
795 1215 1043 1286 σχοινίων
1077 1215 1410 1269 ἐπιπέσωσιν
1431 1216 1613 1271 ἐπάνω
1649 1216 1758 1270 τῶν
1789 1218 1922 1272 ἀνα-

350 1307 666 1370 ϐαινόντων,
707 1310 801 1361 καὶ
857 1307 1241 1379 διαφθείρωσιν
1295 1309 1513 1373 αὐτούς.
1566 1308 1736 1363 Τοῦτο
1779 1309 1834 1364 δὲ
1865 1313 1922 1364 ἐν

350 1401 534 1474 κύκλῳ
563 1401 654 1456 τοῦ
680 1403 890 1474 τείχους
939 1404 1188 1471 γενέσθαι
1233 1403 1546 1475 κελεύομεν,
1593 1406 1686 1459 καὶ
1722 1405 1924 1477 μηδένα

349 1496 558 1549 λείπειν
596 1497 990 1567 προμαχὼνων,
1058 1499 1107 1551 εἰ
1159 1499 1404 1565 δυνατὸν,
1463 1500 1611 1564 ὅστις
1635 1503 1733 1554 οὐκ
1765 1501 1858 1575 ἔχῃ
1891 1501 1922 1572 ἢ

348 1587 495 1641 λίθον
534 1587 854 1660 βαρύτατον,
885 1590 1002 1660 ἦτοι
1039 1589 1224 1661 μύλον,
1279 1591 1312 1662 ἦ
1362 1591 1519 1658 ξύλον
1569 1592 1777 1663 μακρὸν
1833 1593 1926 1647 καὶ

356 1681 494 1753 βαρὺ
551 1683 716 1747 πάνυ,
753 1682 1054 1752 δυνάμενον
1088 1683 1375 1756 συντρίψαι
1422 1685 1514 1740 καὶ
1551 1687 1776 1753 σκάλαν,
1833 1687 1928 1741 καὶ

350 1776 475 1840 τοὺς
506 1775 591 1829 ἐπ’
622 1776 790 1844 αὐτῆς
811 1775 1215 1840 ἀναϐαίνοντας.

2020 570 2122 626 bus
2175 568 2348 639 adiuti
2412 580 2680 636 mangana
2747 565 3016 636 depellere
3067 563 3299 635 possint.
3357 564 3607 620 Habeant

2018 673 2211 734 portas
2241 661 2409 717 etiam
2450 674 2588 730 quas
2613 666 2858 729 tempore
2881 656 3168 724 claudam,
3201 672 3378 728 neque
3402 667 3605 728 aperta

2021 761 2296 811 maneant.

2107 954 2193 1009 δέ.
2224 951 2303 1007 Ad
2327 953 2533 1025 primas
2576 967 2853 1007 murorum
2882 959 3227 1024 apponantur
3253 951 3395 1026 ligna
3418 953 3606 1027 gravia

2024 1046 2336 1110 admodum,
2370 1045 2572 1112 trunci,
2608 1044 2818 1116 lapides
2848 1046 3105 1112 molares,
3138 1054 3198 1101 ut
3230 1045 3474 1113 funibus,
3503 1053 3603 1101 aut

2023 1137 2231 1192 catenis
2264 1137 2376 1192 hzec
2407 1151 2644 1208 appensa
2680 1137 2734 1191 in
2762 1136 2952 1192 hostes
2985 1136 3354 1206 conjiciantur
3375 1177 3390 1204 ,
3424 1144 3480 1192 et
3508 1151 3607 1206 op-

2025 1230 2262 1300 primant
2292 1229 2438 1285 illos.
2471 1228 2588 1283 Hoc
2615 1237 2795 1284 autem
2824 1228 3189 1285 circumcirca
3238 1243 3458 1284 murum
3489 1228 3605 1297 ﬂat,

2027 1337 2201 1392 neque
2245 1323 2412 1394 pinna
2459 1321 2569 1377 ulla
2598 1329 2977 1394 praetereatur,
3004 1323 3052 1379 si
3101 1321 3216 1379 fieri
3250 1322 3448 1393 possit,
3488 1336 3608 1392 qua

2029 1432 2136 1470 non
2185 1415 2415 1486 lapidem
2448 1414 2683 1485 aliquem
2718 1428 3035 1486 pergravem
3067 1415 3326 1471 molarem
3383 1414 3606 1480 habeat,

2029 1509 2110 1565 vel
2135 1511 2336 1578 lignum
2365 1509 2581 1580 longum
2616 1497 2667 1563 et
2691 1507 3035 1585 grave,quod
3068 1509 3406 1580 perfringere
3432 1508 3610 1564 valide

2030 1600 2226 1672 poterit
2291 1609 2403 1655 tum
2452 1598 2651 1666 scalas,
2704 1609 2816 1654 tum
2875 1598 2999 1654 illos
3054 1600 3147 1672 qui
3195 1615 3289 1658 eas
3343 1614 3611 1658 conscen-

2031 1691 2186 1746 dunt.

421 1874 514 1923 νε’.
551 1868 669 1939 Χρὴ
691 1868 746 1923 δὲ
781 1870 873 1922 καὶ
898 1870 1264 1940 καταμερίσαι
1294 1871 1392 1942 τὴν
1424 1871 1673 1944 βοήθειαν
1703 1873 1770 1929 δι’
1803 1875 1924 1930 ὅλου

2098 1878 2188 1935 55.
2231 1878 2356 1936 Haec
2387 1887 2441 1936 et
2485 1878 2802 1950 hujnsmodi
2833 1879 2954 1934 alia:
3006 1893 3201 1950 graves
3231 1892 3322 1934 res
3355 1893 3452 1949 per
3485 1878 3611 1934 uni-

354 1957 450 2012 τοῦ
485 1959 716 2030 τείχους,
777 1960 872 2015 καὶ
903 1960 1046 2030 ἔχειν
1093 1961 1262 2034 ἄλλην
1280 1962 1509 2036 δύναμιν
1543 1967 1606 2020 ἐκ
1643 1967 1927 2038 περισσοῦ,

354 2051 465 2116 ἵνα,
491 2051 568 2124 τῷ
614 2052 852 2126 δεομένῳ
889 2052 1066 2126 μέρει,
1096 2055 1192 2108 ἐὰν
1220 2056 1382 2128 χρεία
1425 2058 1670 2129 γένηται,
1723 2058 1929 2133 βοηθῇ,

357 2149 454 2202 καὶ
486 2149 560 2220 μὴ
611 2148 1029 2217 ἀναγκάζωνται
1081 2151 1141 2206 ἐν
1171 2151 1348 2225 καιρῷ
1399 2153 1646 2225 ἀνάγκης
1670 2157 1733 2209 ἐκ
1763 2155 1930 2209 τόπου

354 2243 436 2306 είς
469 2243 630 2298 τόπον
667 2243 968 2316 διατρέχειν
1012 2246 1063 2300 οί
1108 2247 1243 2319 πρὸς
1274 2247 1675 2319 παραφυλακὴν
1704 2247 1798 2302 τοῦ
1825 2248 1935 2301 τεί-

356 2353 488 2406 xeo;
511 2337 862 2408 τεταγμένοι,
916 2338 1012 2392 καὶ
1067 2338 1131 2393 ἐκ
1163 2338 1352 2393 τούτου
1412 2340 1751 2410 γυμνοῦσθαι
1781 2358 1933 2405 τινας

357 2430 525 2485 αὐτοῦ
555 2429 776 2495 τόπους,
813 2433 953 2503 ὅπερ
985 2432 1133 2486 ἐστὶν
1163 2431 1520 2487 ἐπικίνδυνον.

430 2528 537 2588 νςν.
579 2523 705 2578 Ἐὰν
726 2523 782 2578 δὲ
808 2527 900 2579 καὶ
937 2524 1255 2595 διχοστασία
1274 2524 1392 2578 ἐστὶ
1421 2525 1568 2597 παρά
1598 2543 1758 2579 τινων
1790 2527 1847 2580 ἐν
1866 2526 1931 2597 τῇ

359 2616 541 2681 πόλει,
579 2614 612 2688 ἢ
651 2615 730 2686 τῷ
776 2616 1031 2688 κάπρῳο
1064 2616 1232 2687 δέονῆ
1284 2617 1570 2682 κάκείνους
1621 2619 1934 2690 είρηνεῦσαι

362 2709 457 2763 καὶ
492 2708 756 2781 συμμίξαι
788 2707 845 2761 ἐν
875 2709 994 2772 ταῖς
1034 2707 1128 2762 τοῦ
1172 2709 1381 2780 τείχους
1431 2708 1788 2780 πεδατούραις
1812 2711 1938 2776 τοὺς

363 2800 703 2872 στρατιώτας
738 2802 825 2872 (ἐκ
853 2802 1045 2856 τούτου
1078 2803 1185 2872 γὰρ
1226 2802 1346 2856 οὐδὲ
1392 2802 1708 2875 εὐκαιροῦσι
1749 2805 1937 2860 στάσιν

367 2893 658 2964 μελετῆσαι
704 2894 738 2966 ἢ
777 2895 918 2948 κατὰ
975 2893 1068 2948 τοῦ
1099 2893 1279 2956 κοινοῦ
1311 2893 1345 2966 ἢ
1397 2893 1517 2949 καθ’
1547 2895 1779 2961 ἑαυτῶν,
1804 2896 1940 2952 ἀλλὰ

363 2986 459 3040 καὶ
481 2986 764 3051 δοκοῦντες
795 2987 1040 3058 φυλακὴν
1062 2987 1161 3057 τῆς
1193 2985 1399 3051 πόλεως
1426 2988 1781 3060 πιστευθῆναι
1815 2991 1941 3060 ἐρυ-

365 3078 590 3151 θριῶσιν
613 3079 983 3151 νεωτερίσαι)·
1012 3079 1159 3152 ἢέἀν
1189 3079 1266 3151 μὴ
1295 3079 1475 3146 τοῦτο,
1503 3079 1720 3146 πάντως
1741 3081 1940 3147 αὐτοὺς

366 3175 764 3244 προεξαγαγεῖν
784 3172 1038 3244 ἀλλαχοῦ,
1069 3170 1163 3227 καὶ
1206 3171 1371 3243 μηδὲν
1409 3173 1466 3240 ἐξ
1511 3172 1692 3228 αὐτῶν
1734 3174 1940 3248 ὑφορᾶ-

366 3265 493 3319 σθαι
521 3266 715 3320 παθεῖν
746 3266 986 3330 στάσεως
1017 3267 1074 3320 ἐν
1099 3268 1164 3340 τῇ
1209 3265 1519 3338 πολιορκίᾳ,
1550 3266 1692 3322 ἀλλὰ
1719 3267 1811 3321 καὶ
1835 3267 1937 3334 τὰς

365 3356 656 3427 προδοσίας
697 3357 1004 3430 ὑφορᾶσθαι
1053 3359 1148 3412 καὶ
1177 3357 1610 3430 ἀσφαλίζεσθαι·
1665 3357 1808 3414 ὥστε
1859 3359 1939 3432 μὴ

364 3447 625 3505 δύνασθαί
655 3465 775 3503 τινα
806 3452 918 3515 τοῖς
948 3449 1226 3521 πολεμίοις
1255 3491 1270 3518 ,
1318 3450 1352 3521 ἢ
1399 3451 1652 3524 γράφειν,
1684 3451 1717 3524 ἢ
1744 3467 1938 3506 συντυ-

364 3545 480 3615 χεῖν
514 3543 670 3607 ἐκτδς
697 3541 892 3615 βουλῆς
915 3541 1009 3598 τοῦ
1035 3543 1466 3614 πεπιστευμένου
1499 3544 1597 3617 τὴν
1633 3544 1843 3631 πόλινῆ
1877 3543 1942 3598 τὸ

367 3635 622 3708 κὰστρον.

439 3817 536 3881 νζν.
567 3816 677 3871 Καὶ
699 3814 798 3881 τὰς
827 3815 1002 3880 πύλας
1021 3815 1079 3870 δὲ
1107 3815 1206 3887 τῆς
1234 3814 1440 3878 πόλεως
1468 3813 1677 3876 πιστοῖς
1715 3811 1943 3883 ἀνδράσι

370 3907 764 3981 παραδοθῆναι,
800 3909 895 3962 καὶ
946 3906 1068 3979 μηδ’
1116 3906 1252 3970 ὅλως
1308 3903 1578 3976 θαρρῆσαί
1634 3918 1790 3967 τινας
1837 3901 1944 3956 τῶν

372 4002 722 4074 στρατιωτῶν
763 4001 796 4074 ἢ
849 3999 1083 4054 πολιτῶν
1115 4001 1174 4056 ἐν
1213 3999 1326 4062 τοῖς
1379 3995 1683 4067 προοιμίοις
1713 3995 1946 4066 μάλιστα

373 4094 472 4164 τῆς
497 4092 813 4165 πολιορκίας
835 4089 1150 4165 ἐξέρχεσθαι
1179 4088 1274 4142 τοῦ
1300 4088 1512 4159 τείχους
1536 4086 1630 4141 καὶ
1654 4085 1943 4157 μάχεσθαι,

375 4184 476 4240 κᾶν
508 4186 686 4258 συμϐῇ
722 4185 947 4248 πολλοὺς
981 4185 1075 4238 καὶ
1097 4181 1378 4254 γενναίους
1411 4183 1488 4244 είς
1517 4179 1767 4249 ἀνδρείαν
1806 4172 1947 4231 εἶναι

374 4279 501 4342 τοὺς
539 4276 1044 4347 ἐγκεκλεισμένους,
1077 4275 1172 4328 ἐὰν
1204 4274 1385 4345 μήπου
1424 4271 1613 4343 καιρὸς
1653 4269 1874 4340 γένηται
1911 4270 1944 4342 ἢ

380 4370 658 4440 μάγγανον
679 4368 928 4440 ἐνοχλοῦν
971 4367 1324 4430 ἐπικινδύνως
1357 4364 1434 4436 τῷ
1471 4365 1638 4434 τείχει
1679 4360 1950 4431 ἁποσοδη-

378 4461 535 4533 θῆναι
591 4465 654 4516 ἐκ
685 4461 886 4534 χειρὸς,
933 4462 967 4532 ἡ
1018 4477 1101 4523 τις
1142 4457 1304 4530 ἑτέρα
1351 4457 1511 4530 χρεία
1539 4455 1812 4525 ἀναγκαία
1855 4455 1948 4508 καὶ

2032 1986 2249 2029 versum
2350 1985 2568 2026 murum
2621 1969 2955 2034 dividantur,
3009 1969 3254 2042 aliasque
3313 1970 3502 2040 copias
3554 1970 3610 2026 in

2029 2072 2280 2138 promptu
2306 2065 2564 2128 habeant,
2603 2072 2663 2120 ut
2693 2063 2903 2119 afflictae
2935 2062 3075 2136 parti
3110 2062 3286 2119 sicubi
3312 2078 3454 2135 opus
3487 2061 3610 2119 fue-

2044 2159 2112 2214 rit
2135 2166 2482 2223 succurrant,
2523 2166 2578 2213 et
2619 2173 2687 2214 ne
2736 2172 2766 2212 a
2816 2154 2940 2212 loco
2973 2156 3040 2213 ad
3087 2157 3267 2211 locum
3326 2169 3610 2212 murorum

2038 2248 2300 2304 custodes
2375 2256 2695 2312 excurrant,
2750 2247 2980 2316 locaque
3029 2245 3276 2317 quaedam
3338 2245 3617 2303 nudentur

2036 2337 2328 2409 praesidiis,
2371 2338 2515 2409 quod
2553 2338 2709 2392 valde
2743 2336 3118 2409 periculosum
3146 2344 3255 2392 est.

2103 2541 2190 2599 56.
2213 2541 2270 2597 Si
2298 2541 2564 2599 dissensio
2589 2541 2892 2613 aliquorum
2919 2541 2972 2597 in
3001 2540 3239 2609 civitate,
3267 2548 3360 2595 aut
3384 2538 3615 2596 castello

2036 2634 2220 2705 aliquo
2254 2633 2437 2699 fuerit,
2473 2633 2597 2691 illos
2659 2634 2968 2704 pacitlcare,
3003 2642 3056 2689 et
3085 2632 3140 2687 in
3202 2631 3342 2687 muri
3390 2630 3620 2704 pedatu-

2038 2728 2115 2781 ris
2141 2740 2266 2781 cum
2297 2725 2510 2781 czeteris
2544 2724 2881 2795 conjungere
2910 2729 3129 2795 oportet
3156 2740 3169 2778 :
3206 2723 3281 2778 ita
3312 2723 3401 2778 fiet
3431 2730 3489 2778 ut
3517 2736 3617 2780 ne-

2039 2831 2145 2888 que
2177 2814 2502 2871 seditionem
2557 2814 2761 2880 moliri,
2803 2811 2889 2869 vel
2943 2819 3138 2868 contra
3199 2809 3618 2882 rempublicam,

2040 2907 2123 2963 vel
2145 2916 2336 2962 contra
2357 2906 2570 2976 seipsos
2599 2905 2830 2976 possint.
2861 2902 2999 2958 Cum
3022 2903 3166 2958 enim
3201 2900 3450 2956 custodia
3482 2899 3616 2957 civi-

2043 3001 2172 3056 tatis
2205 2999 2313 3054 illis
2356 2997 2734 3055 commendata
2792 2997 2884 3064 sit,
2949 2995 3118 3052 rebus
3180 2994 3337 3050 novis
3401 2992 3622 3049 studere

2042 3094 2399 3148 erubescunt.
2452 3089 2548 3146 Sin
2585 3091 2687 3146 hoc
2717 3088 2833 3145 fieri
2867 3093 3122 3160 nequeat,
3160 3086 3266 3142 alio
3316 3085 3622 3142 educantur

2048 3185 2174 3256 ipsi,
2211 3192 2265 3240 et
2296 3183 2669 3255 provideatur,
2694 3190 2754 3237 ut
2784 3196 2852 3239 ne
2872 3181 3004 3255 quid
3036 3179 3322 3238 seditionis
3348 3179 3450 3234 hoc
3473 3178 3620 3234 obsi-

2043 3277 2224 3334 dionis
2256 3287 2498 3347 tempore
2522 3291 2619 3348 per
2650 3275 2773 3332 illos
2804 3275 3131 3339 concitetur,
3160 3279 3253 3326 aut
3292 3271 3621 3343 proditionis

2041 3365 2245 3438 aliquid
2279 3364 2640 3436 suscipiatur,
2675 3371 2771 3418 aut
2817 3361 3071 3418 hostibus
3109 3360 3314 3428 aliquid
3374 3358 3622 3430 perscri-

2041 3459 2225 3526 batur,
2255 3467 2348 3514 aut
2387 3473 2511 3513 cum
2560 3457 2671 3513 illis
2705 3455 3165 3520 communicetur,
3203 3453 3310 3509 nisi
3342 3451 3456 3508 haec
3487 3465 3622 3506 con-

2043 3548 2188 3615 silio,
2223 3553 2278 3602 et
2328 3545 2624 3602 autoritate
2657 3553 2883 3600 senatus
2939 3547 3092 3609 liam,
3140 3545 3226 3601 cui
3273 3543 3522 3601 custodia
3568 3549 3625 3600 et

2042 3653 2258 3698 summa
2293 3653 2474 3694 rerum
2497 3636 2602 3693 hoc
2626 3641 2744 3692 toto
2765 3633 3069 3691 obsidionis
3098 3643 3344 3705 tempore
3385 3636 3622 3691 canere-

2041 3733 2153 3789 dita
2177 3738 2280 3788 est.

2114 3821 2202 3878 57.
2240 3814 2477 3875 Portulae
2506 3815 2791 3873 civitatum
2832 3811 3083 3870 fidelibus
3113 3811 3246 3868 viris
3277 3804 3626 3868 cdmmittan—

2047 3925 2138 3972 tur
2175 3929 2355 3985 neque
2382 3911 2557 3968 initiis
2590 3909 2899 3967 obsidionis
2929 3908 3165 3964 audeant
3208 3906 3304 3962 ulli
3338 3899 3423 3960 vel
3474 3902 3625 3958 mili-

2043 4017 2150 4075 tes,
2174 4006 2258 4062 vel
2278 4005 2425 4060 cives
2448 4003 2676 4059 fidenter
2694 4009 2848 4057 extra
2869 4007 3055 4070 portas
3074 3994 3258 4067 egredi
3282 4001 3336 4048 et
3358 4005 3623 4064 pugnare,

2048 4095 2301 4168 quamvis
2357 4092 2512 4147 multi
2565 4106 2628 4147 ac
2661 4089 2874 4147 strenui
2915 4088 3068 4143 intus
3104 4081 3315 4140 obsessi
3345 4090 3509 4152 atque
3537 4079 3628 4134 in-

2048 4185 2185 4242 clusi
2212 4183 2435 4250 fuerint,
2458 4183 2566 4238 nisi
2618 4181 2666 4237 si
2714 4180 2895 4250 aliqua
2923 4175 3146 4233 occasio
3175 4172 3340 4229 fuerit
3369 4167 3627 4241 mangani

2048 4276 2348 4350 periculose
2386 4289 2416 4329 e
2465 4287 2623 4327 muro
2657 4269 3040 4327 conturbantis
3087 4263 3365 4329 servandi,
3392 4270 3487 4317 aut
3522 4259 3631 4314 alia

2049 4349 2254 4441 quaavis
2296 4366 2591 4423 necessitas
2641 4379 2763 4434 qua:
2792 4362 2859 4418 ad
2906 4358 3216 4417 exeundum
3251 4364 3488 4424 urgeat;
3531 4349 3630 4408 sed

2050 4475 2241 4517 omnes
2267 4475 2331 4516 ex
2361 4457 2742 4530 superioribus
2783 4455 2922 4511 locis
2951 4451 3270 4516 defendant,
3306 4455 3362 4505 et
3402 4461 3512 4503 non
3542 4443 3631 4500 fo-

380 4554 785 4624 κατεπείγουσα
804 4554 984 4620 τοῦτο,
1005 4552 1142 4608 ἀλλὰ
1166 4551 1370 4614 πάντας
1390 4550 1596 4604 ἄνωθεν
1619 4545 1936 4618 ἀμύνασθαι,

2056 4556 2132 4612 ris
2161 4554 2536 4626 percutiantur
2572 4558 2668 4607 aut
2707 4549 3102 4623 periclitentur.

381 4649 472 4703 καὶ
510 4649 584 4720 μὴ
609 4647 804 4714 ἔξωθεν
833 4645 1192 4717 πληγοῦσθαι,
1223 4644 1256 4714 ἢ
1287 4642 1637 4698 κινδυνεύειν.

448 4749 551 4815 νη’.
577 4744 639 4800 Ei
664 4743 773 4815 γάρ
797 4758 850 4796 τι
871 4739 1082 4795 τοιοῦτο
1109 4739 1331 4810 γένηται
1355 4776 1371 4802 ,
1420 4733 1529 4788 τῶν
1568 4733 1950 4806 δυνατωτέρων

381 4837 640 4911 ἀνδρῶνῆ
680 4834 1130 4908 ἀποθνησκόντων
1180 4832 1212 4905 ἢ
1248 4830 1661 4902 πληγουμένων,
1702 4829 1732 4880 ὁ
1767 4827 1950 4890 λοιπὸς

379 4932 534 5002 δχλος
589 4933 646 4984 ἐν
700 4930 962 5002 ὀλιγωρίᾳ
1028 4928 1238 4999 γίνεται
1300 4925 1397 4980 καὶ
1451 4922 1777 4995 εὐχείρωτος
1839 4921 1950 4985 τοῖς

380 5025 612 5096 ἐχθροῖς.

452 5115 550 5171 νθ’.
581 5113 817 5185 Φανερὺν
844 5113 951 5184 γάρ
978 5112 1124 5165 ἐστιν
1154 5112 1236 5165 ὅτι
1267 5111 1370 5176 ἓως
1415 5108 1482 5164 ἂν
1532 5108 1581 5161 oi
1622 5105 1813 5176 ἄνδρες
1842 5102 1948 5158 σὼ-

383 5210 565 5275 ζονται
595 5208 685 5262 καὶ
715 5207 774 5260 τὸ
799 5208 977 5276 τεῖχος
1003 5204 1345 5269 συνίσταται,
1371 5200 1593 5256 ἐκείνων
1622 5197 1677 5252 δὲ
1710 5195 1951 5268 προδιδοο

389 5304 586 5375 μένων,
620 5302 678 5356 τὺ
704 5301 1022 5371 λειπόμενον
1055 5294 1370 5353 κινδυνεύει.

456 5395 516 5464 ξ’.
564 5395 689 5449 Ἐὰν
723 5394 782 5448 δὲ
809 5391 1172 5465 προτείχισμα
1209 5389 1321 5461 ἔχει
1349 5388 1534 5459 ἕτερον
1560 5386 1594 5457 ἢ
1623 5386 1656 5457 ἡ
1697 5383 1846 5448 πόλις
1867 5425 1881 5450 ,
1919 5381 1952 5454 ἢ

385 5490 446 5545 τὸ
472 5488 758 5562 ὀχύρωμα,
819 5486 920 5540 οὐκ
969 5486 1166 5540 ἄτοπον
1201 5481 1390 5554 βίγλας
1415 5481 1474 5532 ὲν
1502 5475 1653 5547 αὑτῷ
1706 5475 1954 5545 γίνεσθαι

391 5582 615 5652 ἰσχυρὰς
649 5579 743 5635 καὶ
780 5577 1049 5656 ἀκριϐεῖς,
1087 5575 1181 5629 καὶ
1213 5573 1447 5646 μάλιστα
1495 5571 1574 5632 είς
1605 5569 1704 5631 τὰς
1734 5567 1952 5630 νύκτας,

387 5675 517 5730 ὃταν
539 5675 632 5728 καί
655 5670 1023 5744 προσφεύγειν
1044 5667 1188 5731 τινὲς
1213 5667 1292 5730 είς
1317 5667 1441 5729 τοὺς
1467 5663 1693 5737 ἐχθροὺς
1722 5660 1955 5734 μελετῶ-

390 5785 495 5833 σιν,
528 5767 621 5821 καὶ
651 5764 933 5819 ἐπισουλαὶ
960 5759 1232 5834 λαθραίως
1291 5758 1432 5812 κατὰ
1473 5758 1568 5813 τοῦ
1599 5756 1810 5828 τείχους
1862 5753 1958 5807 δύο

387 5876 574 5915 νανται
603 5857 868 5929 γίνεσθαι.

2124 4733 2210 4790 58.
2249 4732 2304 4787 Si
2327 4731 2473 4787 enim
2531 4729 2636 4786 tale
2669 4725 2876 4799 aliquid
2917 4724 3039 4790 fiat,
3095 4719 3358 4777 inferiore
3395 4733 3459 4775 ex
3509 4718 3631 4772 loco

2051 4830 2183 4882 viris
2205 4830 2290 4883 vel
2332 4824 2654 4889 interfectis,
2686 4822 2773 4878 vel
2811 4818 3116 4875 vulneratis
3142 4855 3158 4882 ,
3213 4814 3420 4885 reliqua
3469 4811 3630 4866 turba

2051 4923 2234 4974 animo
2284 4915 2566 4974 debilitata
2600 4914 2762 4970 facile
2805 4909 3056 4984 superari
3106 4908 3181 4963 ab
3234 4905 3473 4962 inimicis
3530 4916 3632 4974 po-

2054 5019 2211 5158 ιθέθ.
2239 5099 2590 5156 Manifestum
2625 5103 2710 5153 est
2739 5094 2884 5150 enim
2915 5089 3059 5163 quod
3103 5086 3352 5160 quandiu
3381 5058 3482 5138 viri
3511 5097 3632 5139 ser-

2053 5207 2269 5259 vantur,
2301 5207 2491 5248 murus
2524 5191 2736 5259 integer
2766 5185 3025 5242 consistit
3052 5200 3065 5238 :
3103 5183 3211 5238 illis
3233 5180 3347 5252 jam
3378 5174 3631 5250 proditis,

2056 5288 2262 5357 reliqua
2285 5285 2442 5341 turba
2471 5283 2525 5339 in
2569 5280 2812 5354 periculo
2834 5287 2936 5336 est.
3459 5293 3465 5299 ·

2143 5377 2228 5432 60.
2261 5375 2318 5432 Si
2349 5375 2494 5431 enim
2551 5369 3021 5445 propugnaculum
3073 5363 3222 5420 aliud
3284 5362 3503 5429 habeat,
3546 5357 3635 5416 vel

2059 5470 2313 5536 munitio,
2347 5467 2494 5523 haud
2529 5463 2827 5520 absurdum
2852 5460 3013 5516 fuerit
3044 5457 3312 5514 excubias
3353 5453 3427 5509 ibi
3455 5451 3633 5508 fortes

2056 5573 2112 5620 et
2139 5569 2424 5618 accuratas
2448 5559 2740 5619 collocare.
2794 5560 3070 5622 noctuque
3103 5547 3474 5620 potissimum,
3505 5555 3632 5599 cum

2058 5657 2141 5712 vel
2171 5652 2391 5726 quidam
2420 5648 2655 5706 deﬁcere
2685 5645 2756 5700 ad
2789 5647 2972 5699 hostes
3017 5637 3298 5704 studeant,
3356 5634 3444 5693 vel
3483 5629 3621 5726 insi-

2058 5749 2160 5804 diae
2205 5744 2515 5802 clanculum
2547 5739 2719 5796 muris
2759 5737 2898 5795 strui
2935 5731 3172 5806 possint.
