4020 6312
425 249 536 314 903
1624 247 1899 310 LEONIS
1938 247 2396 312 PHILOSOPHI

500 367 592 422 6i.
637 365 1025 438 Conjeotiones
1065 365 1414 437 sagittarum,
1448 369 1542 418 aut
1601 363 1864 433 lapidum,
1922 377 1989 415 au

2186 364 2283 428 ξα’.
2327 366 2486 420 Ἀλλά
2511 365 2601 419 καὶ
2630 367 2695 420 τά
2726 365 3095 437 ἀκοντίσματα
3125 365 3156 436 ἢ
3199 365 3284 419 διὰ
3316 363 3486 430 τόξων
3519 363 3551 434 ἢ
3599 363 3685 416 διά

430 462 686 524 telorum,
753 460 988 514 inaniter
1036 467 1090 513 et
1152 468 1354 514 temere
1391 474 1422 512 e
1453 472 1610 511 muro
1657 470 1798 524 saepe
1833 455 1960 507 fiant
1996 459 2010 495 τ

429 569 495 610 ex
530 569 597 608 eo
641 554 788 608 enim
813 554 898 607 fiet
934 561 992 606 ut
1023 552 1211 607 hostes
1256 564 1316 607 se
1363 549 1572 619 despici
1627 545 2014 622 contemnique

429 655 618 715 putent
644 647 799 716 quasi
830 646 1057 701 intertes
1085 654 1247 715 atque
1267 644 1467 714 ignavi.

501 737 590 793 62.
632 737 728 792 Sin
756 754 822 794 ex
865 739 1106 794 cisterna
1162 752 1360 807 aquam
1407 735 1646 791 habeant
1695 732 2008 804 potabilem,

427 843 537 882 non
571 843 638 884 ex
670 826 1034 896 fonte_aliquo
1057 828 1266 898 jugem,
1297 835 1389 880 aut
1425 842 1489 880 ex
1547 825 1759 895 piscina
1824 820 2011 891 quoti-

425 918 587 974 diana
626 921 990 976 exbaustione
1035 918 1391 985 minuentem,
1429 917 1702 972 dividatur
1725 929 1865 985 aqua
1896 927 2013 965 om-

426 1012 588 1066 nibus
648 1013 963 1083 provisione
1019 1011 1288 1080 quadam,
1342 1025 1518 1078 neque
1545 1008 1721 1078 quivis
1753 1005 2011 1060 fortuitus

425 1112 748 1173 potestatem
772 1104 968 1160 habeat
996 1119 1092 1175 pro
1122 1103 1389 1157 arbitratu
1415 1116 1516 1156 suo
1545 1114 1664 1156 eam
1696 1101 2007 1161 absumere,

498 1198 588 1255 65.
638 1199 696 1253 in
732 1180 944 1269 reliquo
989 1206 1296 1254 commeatu
1345 1197 1600 1253 similiter
1649 1196 1830 1250 omnia
1883 1210 2008 1250 cum

424 1287 804 1343 moderatione
832 1289 1262 1352 distribuantur,
1291 1300 1351 1344 ut
1380 1298 1433 1343 et
1456 1289 1712 1343 omnibus
1743 1287 1880 1343 satis
1909 1286 2006 1352 sit,

423 1388 480 1434 et
507 1379 721 1435 obsessi
765 1379 906 1434 firmi
945 1378 1226 1450 fortesque
1263 1380 1664 1434 custodiantur.

496 1471 583 1526 64.
612 1469 872 1527 Excubiis
922 1471 1215 1542 diligenter
1245 1478 1298 1527 et
1329 1480 1589 1526 accurate
1636 1469 2003 1526 custodiatur.

423 1564 753 1619 Observetur
776 1565 941 1619 etiam
967 1563 1219 1619 custodia
1250 1564 1500 1633 quaedam
1547 1572 1910 1630 commeatus,
1945 1567 2005 1616 ut

419 1671 492 1713 ne
526 1655 686 1713 facile
720 1671 750 1711 a
783 1656 976 1729 quovis
1011 1657 1225 1729 plebeio
1252 1654 1572 1726 decipiatur.

504 1855 596 1914 65.
632 1857 927 1916 Praefectus
977 1858 1271 1930 diligenter
1321 1858 1702 1913 adhortatione
1737 1870 1836 1911 sua
1866 1855 1992 1910 reli-

418 1966 563 2022 quos
613 1950 762 2007 intus
793 1949 1051 2008 obsessos
1081 1953 1305 2016 animet,
1336 1960 1390 2006 et
1423 1949 1720 2004 alacriores
1749 1948 1815 2002 ad
1857 1949 1994 2019 peri-

421 2045 547 2098 cula
582 2043 907 2119 laboresque
955 2042 1308 2100 sustinendos
1365 2043 1551 2104 faciat,
1585 2041 1763 2096 donec
1790 2040 1872 2096 vel
1899 2054 1992 2094 co-

423 2133 530 2204 piis
558 2133 669 2190 tuis
699 2135 941 2203 impulsi,
967 2135 1050 2190 vel
1079 2135 1182 2189 alia
1203 2133 1458 2203 quapiam
1501 2132 1568 2188 de
1600 2146 1766 2187 causa
1799 2131 1988 2186 conci-

424 2225 524 2279 tati
568 2226 754 2282 bostes
809 2226 880 2282 ab
928 2226 1219 2281 obsidione
1264 2223 1568 2280 discedant.
1638 2221 1990 2277 incursiones

420 2336 644 2393 quoque
676 2329 908 2389 quantas
933 2319 1200 2374 maximas
1231 2325 1413 2388 potest
1447 2317 1743 2386 imperator
1801 2315 1854 2368 in
1887 2315 1989 2369 ob-

420 2427 667 2469 sessores
695 2413 882 2478 faciat,
908 2412 1251 2481 diversisque
1299 2418 1563 2480 quantum
1612 2414 1797 2478 potest
1851 2407 1992 2460 irru-

421 2504 706 2575 ptionilrus
760 2503 983 2559 invadat
1033 2520 1046 2557 :
1086 2513 1438 2571 tumoresque
1468 2500 1769 2569 dispergat,
1819 2498 1986 2552 alium

421 2597 718 2651 maximum
769 2594 1071 2649 exercitum
1137 2592 1435 2646 adventare
1487 2600 1593 2647 :et
1646 2603 1989 2662 quaecunque

421 2687 551 2744 talia
597 2685 1028 2757 perterrefacere
1056 2687 1244 2742 hostes
1269 2693 1526 2756 possunt.

487 2780 580 2836 66.
618 2781 744 2836 Haec
765 2794 887 2850 quae
921 2794 948 2832 a
980 2793 1066 2833 me
1091 2785 1516 2833 commemorata
1541 2781 1692 2841 sunt,
1727 2774 1987 2831 obsessus

418 2872 605 2940 faciat,
639 2883 694 2929 et
731 2873 836 2927 alia
877 2871 1123 2942 quadam
1157 2869 1422 2927 adversus
1457 2868 1700 2940 singulas
1721 2868 1980 2925 obsesso-

418 2983 543 3024 rum
586 2965 1036 3020 machinationes
1086 2962 1435 3035 prmparabit,
1478 2971 1532 3016 et
1579 2960 1644 3016 ad
1698 2961 1985 3032 praedictas

2115 457 2297 526 λίθων,
2346 459 2379 530 ἢ
2424 457 2510 512 διὰ
2547 458 2966 531 τοξοὸολιστρῶν
2995 459 3070 530 μὴ
3098 459 3342 530 ἀκαίρως
3376 458 3475 511 καὶ
3507 457 3685 526 μάτην

2115 550 2177 603 ἐκ
2205 550 2298 604 τοῦ
2331 552 2541 621 τείχους
2581 553 2771 616 ποιεῖν,
2796 551 2888 604 καὶ
2919 551 2981 603 ἐκ
3004 551 3196 603 τούτου
3231 549 3309 612 είς
3336 547 3683 617 καταφρόνη-

2117 661 2199 697 σιν
2228 642 2472 713 γίνεσθαι
2504 644 2642 697 αὐτὰ
2676 645 2785 706 τοῖς
2818 642 3079 706 ἐναντίοις
3108 641 3182 703 ὡς
3217 640 3292 712 μὴ
3330 639 3684 710 ἐνεργοῦντα.

2184 737 2422 809 εμηίιάν
2440 736 2496 791 δὲ
2517 737 2623 790 ἀπὸ
2649 736 2964 806 κινστέρνας
2987 734 3148 805 ἔχωσι
3171 734 3232 786 τὺ
3258 734 3381 786 πόσι
3391 748 3490 802 μον
3516 730 3683 799 ὕδωρ,

2112 833 2208 886 καὶ
2239 832 2339 886 οὐκ
2364 831 2472 885 ἀπὸ
2494 831 2674 900 πηγῆς
2705 827 3070 895 ἀδιαλείπτου,
3101 827 3136 895 ἢ
3169 826 3276 879 ἀπὸ
3311 823 3548 896 πλεθροῦ
3575 823 3684 874 όλι-

2113 926 2399 997 γούμενον,
2422 927 2481 980 τὸ
2504 924 2647 997 ὕδωρ
2669 924 2851 995 μέτρῳ
2880 922 2988 976 τινὶ
3021 923 3114 976 καὶ
3150 921 3413 990 διοικήσει
3435 918 3683 985 γίνεσθαι

2111 1025 2210 1091 την
2241 1017 2517 1089 διανομὴν,
2555 1016 2650 1071 καὶ
2676 1015 2749 1087 μὴ
2778 1013 2922 1086 ἔχειν
2949 1013 3034 1068 ἐπ’
3063 1011 3310 1079 ἐξουσίας
3337 1009 3431 1064 τὸν
3458 1007 3683 1062 θέλοντα

2112 1114 2185 1179 ὡς
2215 1112 2440 1183 ἀρέσκει
2474 1109 2622 1182 αὑτῷ
2659 1109 2924 1180 δαπανᾷν.

2183 1204 2282 1273 ἔτ’·
2332 1203 2562 1274 Ὁμοίως
2588 1200 2681 1255 καὶ
2715 1199 2806 1254 ἐπὶ
2852 1199 2950 1270 τῆς
2991 1197 3154 1268 ἄλλης
3197 1194 3443 1264 δαπάνης
3464 1189 3680 1261 συμμέ-

2109 1315 2252 1369 τρως
2277 1297 2491 1352 ἅπαντα
2518 1293 2784 1362 γίνεσθαι,
2815 1291 2902 1348 ἵνα
2933 1292 3026 1345 καὶ
3055 1292 3218 1362 ἀρχῇ,
3250 1288 3344 1343 καὶ
3373 1286 3680 1357 εὐρώστους

2109 1392 2232 1456 τοὺς
2260 1388 2748 1462 πολιορκουμένους
2781 1386 3044 1459 φυλάττῃ.

2181 1484 2272 1552 ξδ’.
2313 1485 2425 1550 Τὰς
2454 1485 2510 1538 δὲ
2541 1483 2730 1555 βίγλας
2750 1479 3022 1552 ἐπιμελῶς
3069 1476 3210 1533 κατά
3241 1474 3492 1546 διαδοχὴν
3530 1472 3679 1542 γίνε-

2110 1578 2253 1642 σθαι,
2297 1577 2391 1631 καὶ
2419 1573 2653 1646 μάλιστα
2688 1574 2745 1625 ἐν
2767 1573 2887 1635 ταῖς
2917 1568 3056 1634 νυξί.
3104 1569 3190 1622 Ἐν
3213 1563 3582 1638 παραφυλακῇ
3616 1562 3678 1616 δέ

2028 1700 2077 1763 Β
2107 1670 2389 1743 τηρεῖσθαι
2431 1670 2523 1723 καλ⁴
2556 1668 2654 1738 τὴν
2681 1665 2945 1736 δαπάνην,
2981 1664 3060 1727 είς
3087 1661 3147 1717 τὸ
3185 1660 3259 1734 μὴ
3294 1659 3532 1723 εὐκόλως
3571 1656 3676 1712 erat

2100 1764 2208 1818 τῶν
2227 1764 2498 1834 τυχόντων
2523 1757 2940 1833 διαρπάζεσθαι.

2167 1855 2258 1922 ξε’.
2286 1854 2578 1926 Παραινείν
2603 1851 2660 1905 δὲ
2689 1850 3072 1921 συνεχέστερον
3101 1846 3191 1900 τὸν
3213 1843 3520 1916 κρατοῦντα
3543 1843 3670 1906 τοὺς

2094 1949 2243 2014 ἐντὸς
2266 1948 2352 2002 διὰ
2389 1947 2581 2014 λόγων,
2621 1945 2716 1998 καὶ
2755 1943 3181 2014 προθυμοποιεῖν
3236 1941 3375 2012 πρδς
3404 1938 3502 2009 τὴν
3535 1937 3671 1990 ὑπο-

2095 2043 2285 2114 μονὴν,
2320 2041 2425 2104 ἕως
2456 2040 2566 2093 εἴτε
2595 2037 2682 2092 διὰ
2711 2036 2807 2108 τῆς
2845 2038 2944 2107 σῆς
2973 2034 3275 2104 δυνάμεως,
3316 2033 3424 2085 εἴτε
3455 2031 3523 2085 δι’
3553 2028 3668 2082 ἐτέ-

2094 2155 2194 2211 ρας
2219 2134 2398 2197 αίτίας
2427 2135 2456 2188 ό
2486 2132 2674 2205 καιρὸς
2707 2129 2805 2200 τῆς
2842 2128 3241 2200 ἀναχωρήσεως
3273 2125 3384 2180 τῶν
3435 2123 3659 2197 ἐχθρῶν.

2105 2227 2430 2298 Ἑπιδρομάς
2470 2226 2526 2279 δέ
2547 2227 2718 2278 ποιεῖν
2741 2223 2831 2276 τὸν
2865 2219 3168 2294 στρατηγὸν
3211 2221 3337 2272 ὅσον
3374 2220 3407 2288 ἡ
3433 2216 3660 2286 δύναμις

2090 2322 2306 2390 ἀπαντᾷ
2344 2318 2482 2373 κατὰ
2503 2318 2612 2371 τῶν
2641 2314 3070 2386 πολιορκούντων
3097 2311 3185 2365 διά
3209 2328 3370 2365 τινων
3390 2307 3658 2379 διαφόρων

2090 2413 2406 2485 προσϐολῶν
2439 2411 2534 2465 καλ⁸
2559 2412 2770 2482 φήμης,
2799 2409 2873 2471 ὡς
2901 2409 3088 2478 ἐτέρου
3124 2404 3378 2458 πλείστου
3430 2398 3656 2472 στρατοῦ

2090 2506 2485 2580 ἐπερχομένου,
2539 2505 2636 2560 καὶ
2679 2506 2778 2560 ὅσα
2835 2503 3012 2575 θροεῖν
3062 2501 3284 2556 δύναται
3327 2499 3453 2562 τοὺς
3507 2496 3658 2550 πολε·

2093 2605 2271 2676 μίους.

2159 2787 2269 2855 ξςο.
2303 2781 2488 2839 Ταῦτα
2545 2781 2645 2855 μὲν
2672 2777 2766 2836 οὖν
2816 2776 3274 2851 πολιορκούμενος
3321 2773 3535 2845 ποιήσει
3558 2773 3655 2826 ὅσα

2092 2898 2182 2953 μοι
2210 2881 2442 2950 εἴρηται,
2495 2875 2591 2930 καὶ
2643 2875 2806 2945 ἐτερα
2837 2873 2896 2925 δέ
2942 2888 3063 2926 τινα
3115 2866 3538 2938 προσεπινοήσει
3586 2864 3654 2918 τά

2089 2971 2308 3026 ἐναντία
2345 2967 2482 3041 πρὸς
2509 2967 2740 3022 ἕκαστον
2778 2965 2885 3020 τῶν
2915 2961 3066 3035 παρὰ
3113 2960 3208 3015 τοῦ
3247 2957 3652 3031 πολιορκοῦντος

420 3059 664 3115 hostium
719 3056 1156 3112 machinationes
1190 3071 1321 3112 suas
1356 3054 1644 3118 adhibens,
1697 3055 1986 3111 confestim

2096 3064 2524 3138 μηχανωμένων,
2554 3060 2649 3115 καὶ
2667 3060 2794 3130 παρ’
2821 3058 2854 3128 ἡ
2863 3056 2976 3129 μῶν
2997 3053 3303 3127 εἰρημένων
3324 3048 3650 3122 ἔμπροσθεν,

419 3151 683 3223 intelliget
720 3150 1176 3221 quemadmodum
1219 3151 1510 3207 adversum
1571 3149 1818 3221 singulas
1871 3161 1989 3203 ma-

420 3246 764 3302 chinationes
799 3259 1041 3318 pugnare
1077 3246 1271 3314 possit.

491 3425 581 3482 67.
629 3424 749 3481 Non
791 3426 1210 3498 .prretermittam
1240 3425 1343 3481 hoc
1389 3422 1531 3493 loco,
1564 3423 1707 3495 quod
1742 3422 1872 3478 mihi
1905 3423 1990 3479 in-

423 3521 662 3590 quirenti
702 3520 990 3592 diligenter
1016 3519 1318 3590 cognitum.
1349 3526 1516 3589 atque
1577 3519 1859 3577 inventum
1905 3522 1989 3572 est

427 3613 783 3684 (quanquam
842 3611 946 3666 hoc
991 3620 1238 3681 tempore
1288 3610 1514 3665 minime
1571 3611 1830 3665 usitatum
1881 3608 1991 3664 fre-

424 3711 855 3773 quentatumque
880 3702 993 3773 sit)
1025 3701 1297 3772 quomodo
1327 3703 1659 3766 clanculum,
1690 3710 1743 3756 et
1795 3701 1989 3758 celeri-

423 3806 509 3853 ter
532 3797 889 3852 munitionem
936 3799 1175 3866 aliquam
1217 3804 1500 3852 exstruere
1527 3798 1579 3851 in
1604 3796 1843 3852 hostium
1875 3790 1989 3850 fini-

398 3890 527 3945 ~bus
556 3889 852 3959 imperator
873 3889 1066 3959 possit.
1093 3888 1542 3945 Considerandus
1570 3890 1802 3958 primum
1834 3889 1985 3943 locus

424 3982 624 4052 aliquis
677 3981 887 4047 firmus,
932 3984 1027 4051 qui
1074 3981 1283 4045 decem,
1316 3991 1410 4037 aut
1455 3982 1744 4048 duodecim
1792 3980 1987 4037 diebus

422 4075 579 4130 arido
611 4075 752 4147 ligno
796 4075 1095 4144 circumjici
1127 4075 1320 4145 possit,
1360 4076 1405 4130 si
1432 4076 1650 4146 quando
1669 4076 1851 4145 gravis
1885 4074 1987 4130 ali-

425 4186 532 4241 qua
560 4172 804 4226 incursio
833 4172 1072 4227 hostium
1109 4171 1330 4226 timetur
1364 4189 1376 4225 :
1409 4171 1604 4226 deinde
1635 4171 1679 4226 si
1705 4169 1987 4226 abundan-

424 4264 496 4316 tia
533 4264 710 4332 aliqua
745 4264 1036 4331 lignorum,
1084 4261 1344 4332 lapidum,
1374 4261 1606 4317 laterum
1643 4263 1696 4317 in
1728 4272 1980 4333 promptu

2089 3157 2382 3219 ἀντιτιθεὶς
2420 3153 2648 3216 ἐκείνοις
2673 3151 2740 3205 τά
2771 3149 2880 3205 ῐδια
2907 3150 2972 3203 ἐκ
3007 3147 3100 3201 τοῦ
3129 3145 3394 3200 ἐναντίου.
3421 3141 3651 3225 ᾼύτόθεν

2089 3252 2198 3324 γὰρ
2229 3250 2507 3321 ἐπινοήσει
2541 3245 2658 3310 πῶς
2690 3245 2769 3300 δεῖ
2796 3243 3010 3314 ἑκάστῳ
3038 3241 3148 3296 τῶν
3178 3237 3532 3310 ἐπαγομένων
3560 3238 3650 3291 ἀν-

2087 3343 2436 3417 τιμάχεσθαι.

2162 3435 2257 3502 ξς.
2309 3435 2384 3488 Οὐ
2434 3429 2754 3503 παραλείψω
2791 3427 2848 3484 δέ
2902 3428 2995 3484 καὶ
3042 3427 3180 3498 ὅπερ
3227 3443 3317 3497 μοι
3368 3421 3646 3496 ἐρευνῶντι

2090 3527 2317 3600 εὓρηται
2340 3527 2433 3580 καὶ
2456 3525 2811 3592 ἀνέγνωσται,
2834 3524 2879 3576 εί
2902 3521 2995 3575 καὶ
3016 3519 3089 3591 μὴ
3104 3519 3198 3572 νῦν
3219 3520 3335 3572 ἐστι
3359 3514 3649 3587 περισπού-

2089 3624 2305 3687 δαστον,
2331 3621 2458 3692 περὶ
2481 3616 2573 3674 τοῦ
2598 3617 2714 3681 πῶς
2742 3616 2963 3671 δυνατὸν
3009 3612 3284 3686 λαθραίως
3324 3610 3412 3665 διὰ
3457 3611 3647 3680 τάχους

2089 3715 2295 3781 κτίζειν
2323 3712 2581 3785 φρούριον
2614 3711 2704 3764 τὸν
2749 3708 3068 3780 βουλόμενον
3100 3704 3404 3777 στρατηγὸν
3434 3705 3493 3756 ἐν
3535 3700 3648 3772 μεθ-

2087 3810 2220 3882 ορίῳ
2250 3805 2522 3876 πολεμίων
2548 3801 2779 3872 ἀλλαχοῦ
2803 3817 2903 3855 που
2920 3799 3249 3854 λανθάνοντα
3267 3798 3391 3860 τοὺς
3409 3793 3646 3867 ἐχθρούς.

2089 3903 2361 3974 Πρότερον
2389 3898 2488 3968 μὲν
2518 3897 2626 3968 γάρ
2658 3895 2738 3948 δεῖ
2767 3910 2826 3946 σε
2855 3893 3270 3962 κατασκοπῆσαι
3320 3888 3484 3942 τόπον
3532 3888 3646 3957 ὀχυ-

2091 3995 2204 4066 ρὸν,
2242 3991 2537 4062 δυνάμενον
2569 3986 2657 4043 διὰ
2677 3987 2806 4041 δέκα
2827 3985 2859 4056 ἢ
2886 3982 3090 4038 δώδεκα
3114 3981 3337 4054 ἡμερῶν
3360 3979 3449 4035 διὰ
3487 3979 3646 4051 ξηρᾶς

2088 4088 2221 4157 ὕλης
2248 4081 2640 4157 περιϐληθῆναι
2660 4080 2718 4133 ἐν
2741 4077 2916 4149 καιρῷ
2939 4077 3196 4148 ἐπιφόϐου
3224 4073 3525 4147 προσϐολῆς
3544 4070 3644 4125 τῶν

2087 4179 2384 4252 πολεμίων,
2411 4177 2506 4231 καὶ
2523 4175 2618 4230 ἐάν
2647 4174 2784 4227 είσιν
2807 4171 2927 4226 ὕλαι
2958 4169 3183 4240 πλησίον
3207 4169 3380 4233 λίθου,
3405 4168 3438 4239 ἢ
3474 4167 3643 4233 ξύλου,

2088 4279 2120 4350 ἢ
2153 4271 2376 4329 πλίνθου
2406 4267 2648 4340 ἑτοίμης,
2695 4266 2790 4320 καὶ
2834 4263 2980 4318 ἐστιν
3014 4262 3190 4333 ὕδωρ,
3234 4261 3267 4335 ἢ
3301 4260 3644 4332 ἐπινοηθῆναι

420 4357 513 4420 sit,
539 4362 594 4410 et
625 4355 670 4408 si
712 4369 851 4424 aqua
881 4355 977 4420 ibi,
1009 4355 1093 4409 vel
1119 4362 1313 4423 prarsto
1343 4355 1436 4415 sit.
1471 4354 1550 4410 vel
1576 4357 1754 4425 parari
1787 4355 1976 4427 possit.
2012 4387 2058 4444 Β
2085 4369 2327 4428 δυνατόν,

499 4446 588 4501 68.
627 4445 848 4502 Parabis
886 4446 1126 4502 artifices
1166 4445 1412 4512 idoneos,
1467 4460 1674 4517 portas,
1722 4458 1778 4504 et
1825 4464 1980 4504 man-

419 4548 558 4606 gana
589 4549 893 4598 murorum,
923 4542 977 4590 et
1005 4533 1256 4603 prasidia
1296 4534 1488 4590 idonea
1528 4536 1768 4606 peditum
1802 4551 1984 4592 arma-

422 4637 602 4684 torum
664 4637 1035 4688 strenuorum,
1072 4624 1571 4698 prazfectorumque
1627 4629 1981 4698 prudentum,

421 4737 485 4776 ac
513 4721 778 4776 nobilium
815 4741 828 4775 :
873 4736 1135 4776 curruum
1173 4736 1391 4792 quoque
1449 4723 1693 4779 subsidia
1725 4724 1882 4794 quasi
1917 4723 1986 4779 ad

424 4813 694 4869 fossatum
729 4812 1111 4868 instruendum
1175 4821 1229 4868 et
1269 4814 1593 4870 ﬁrmandum
1645 4834 1659 4869 :
1706 4831 1984 4873 commea-

417 4915 534 4962 tum
583 4914 845 4975 praaterea
877 4909 1038 4961 trium
1070 4915 1166 4961 aut
1213 4919 1448 4979 quatuor
1497 4911 1789 4976 mensium,
1821 4913 1902 4968 vel
1938 4913 1985 4968 si

418 5014 560 5070 Opus
590 4999 662 5053 sit
702 4999 968 5056 universae
1000 5001 1206 5056 aestatis
1235 5019 1247 5054 :
1282 5010 1470 5072 pastus
1528 5004 1735 5058 vicinos
1764 5021 1826 5060 ac
1867 5005 1986 5060 lini-

421 5093 585 5148 timos
612 5106 805 5148 omnes
839 5094 1154 5150 incendens.
1186 5093 1283 5149 Sin
1320 5097 1386 5150 ad
1418 5096 1850 5152 comburendum
1879 5098 1984 5154 dif-

424 5184 594 5238 ficiles
643 5183 882 5250 fuerint,
933 5188 1224 5242 absumant
1256 5190 1564 5256 universos,
1623 5206 1985 5260 rumoresque

419 5276 722 5347 disperges,
747 5278 884 5333 velle
915 5286 967 5335 te
997 5281 1103 5336 alio
1141 5282 1194 5335 in
1237 5282 1357 5337 loco
1387 5282 1755 5339 incursionem
1787 5287 1983 5341 adver-

367 5428 369 5431 ,
419 5385 517 5426 sus
558 5371 744 5425 hostes
767 5370 968 5436 facere,
1000 5382 1054 5430 et
1079 5375 1330 5442 praesidia
1355 5375 1602 5446 quaedam
1636 5377 1701 5432 ad
1746 5393 1870 5432 eum
1908 5378 1986 5432 lo-

420 5474 543 5515 cum
574 5461 642 5515 de
663 5476 770 5530 quo
797 5477 983 5518 rumor
1010 5472 1095 5519 est
1130 5465 1335 5529 mittes,
1360 5475 1417 5519 ut
1444 5468 1513 5521 ibi
1545 5476 1597 5521 te
1620 5468 1986 5538 exspectando

422 5552 608 5607 hostes
637 5565 924 5617 vexentur.
965 5567 1188 5628 tumque
1220 5560 1407 5614 subito
1441 5570 1569 5616 ante
1623 5562 1767 5616 diem
1807 5578 1974 5618 unum

440 5645 709 5702 animabis
740 5661 834 5704 eos
866 5650 960 5716 qui
1004 5651 1060 5705 in
1107 5649 1248 5706 banc
1279 5650 1636 5708 munitionem
1682 5656 1982 5725 ingressuri

2162 4461 2266 4528 ξη¹.
2299 4457 2411 4512 Καὶ
2433 4453 2959 4528 προπαρασκευάσαι
2997 4447 3246 4519 τεχνίτας
3281 4445 3530 4510 ἱκανοὺς,
3560 4441 3646 4497 καὶ

2093 4551 2318 4624 πόρτας,
2350 4548 2444 4602 καὶ
2473 4550 2730 4616 μάγγανα
2767 4543 3001 4612 τείχους,
3048 4540 3143 4594 καὶ⁴
3177 4537 3426 4610 βοήθειαν
3455 4533 3644 4606 ἀρκοῦ-

2093 4662 2194 4699 σαν
2251 4641 2428 4706 πεζῶν
2461 4639 2700 4693 ἐνόπλων
2749 4637 2843 4692 καὶ
2891 4633 3152 4704 γενναίων
3199 4632 3337 4704 μετὰ
3381 4632 3648 4702 ἀρχόντων

2092 4735 2372 4809 φρονίμων
2413 4734 2511 4788 καὶ
2561 4729 2834 4801 εὐψύχων,
2884 4727 3001 4799 ἅμα
3042 4729 3136 4782 καὶ
3192 4724 3440 4797 ἁμαξῶν,
3481 4726 3555 4788 ὡς
3573 4723 3648 4786 είς

2091 4828 2362 4899 φοσσάτου
2393 4824 2554 4891 ’τάξιν
2591 4823 2686 4879 καὶ
2726 4821 3023 4891 ἀσφάλειαν
3071 4818 3252 4874 αὐτῶν
3285 4820 3380 4872 καὶ
3412 4817 3648 4886 δαπάνην

2090 4919 2256 4992 τριῶν
2283 4918 2316 4989 ἧ
2341 4916 2624 4985 τεσσάρων
2652 4912 2855 4985 μηνῶν.
2896 4912 3006 4965 Καὶ
3037 4913 3085 4963 εί
3111 4910 3300 4980 καιρός
3327 4911 3443 4962 ἐστι
3468 4905 3646 4979 θέρους

2091 5013 2373 5084 ἐμπρῆσαι
2399 5010 2497 5074 τὰς
2531 5007 2730 5078 βοσκὰς
2751 5007 2850 5070 τὰς
2890 5004 3114 5075 πλησίον
3152 5001 3244 5057 τοῦ
3281 5004 3482 5057 τόπουο
3513 5003 3561 5055 εί
3595 5000 3646 5054 δέ

2091 5104 2292 5174 καῆναι
2317 5103 2598 5173 δυσχερεῖς
2623 5101 2782 5166 εἰσιν,
2817 5096 3268 5166 καταῶπανῆσαι
3319 5096 3512 5159 αὐτὰς,
3559 5095 3646 5148 καὶ

2090 5195 2417 5266 διαφημίσαι
2465 5193 2541 5256 ὡς
2593 5195 2651 5246 ἐν
2698 5192 2870 5262 ἐτέρῳ
2913 5189 3062 5260 τόπῳ
3095 5188 3341 5259 ’ποιήσεις
3377 5189 3517 5243 κατά
3548 5187 3646 5240 τῶν

2091 5287 2301 5358 ἐχθρῶν
2333 5286 2645 5340 ἐπέλευσιψ
2691 5284 2788 5338 καὶ
2843 5281 3081 5354 πέμψεις
3131 5281 3383 5353 βοήθειαν
3439 5280 3646 5350 ἀσφαλῆ

2090 5381 2235 5435 κατά
2262 5378 2356 5432 τοῦ
2383 5376 2752 5450 φημιζομένου
2779 5375 2966 5440 τόπου,
2995 5374 3083 5428 ἵνα
3109 5374 3228 5426 ἐκεῖ
3248 5363 3646 5444 προσδοκῶντες

2092 5467 2466 5539 περισπῶνται
2496 5470 2545 5521 oi
2584 5467 2790 5538 ἐχθροὶ,
2835 5465 2929 5519 καί⁵
2960 5466 3079 5518 τότε
3128 5465 3235 5536 πρὸ
3285 5465 3412 5535 μιᾶς
3444 5465 3646 5537 ἡμέρας

2091 5559 2357 5632 θαρῤήσει
2393 5561 2504 5625 τοῖς
2536 5559 2838 5629 ὀφείλουσιν
2868 5557 3126 5611 εἰσελθεῖν
3151 5560 3208 5611 ἐν
3236 5557 3314 5628 τῷ
3345 5558 3512 5626 τόπῳ,
3562 5558 3648 5611 καὶ

2091 5658 2214 5714 τινά
2244 5653 2341 5727 μὲν
2373 5651 2521 5725 δῶρα
2550 5651 2728 5708 δοῦναι
2751 5653 2826 5717 είς
2858 5650 3170 5724 προτροπὴν
3193 5650 3391 5719 αὐτῶν,
3430 5651 3548 5704 τινὰ
3595 5647 3646 5701 δὲ

3588 238 3693 303 904
