4040 6298
304 367 413 432 905

1389 363 1723 427 ΤΑΟΤΙΕΑ.
1749 386 1820 399 -
1848 360 2351 425 CONSTITU'I‘IO
2381 363 2502 425 XV.

3472 359 3580 424 906

309 486 406 539 atati.
430 482 885 555 ἐπαγγέλλεσθαι,
908 484 1001 538 καὶ
1030 481 1294 552 αἰφνίδιον
1320 481 1377 536 ἐν
1408 481 1581 552 ἑτέρῳ
1604 481 1756 552 τόπῳ
1776 480 1884 532 τῶν
1913 483 1928 537 ὲ

2035 487 2136 545 int,
2174 486 2229 535 et
2301 478 2553 548 quaedam
2609 475 2753 532 dona
2808 473 2917 531 illis
2968 474 3035 529 ad
3075 472 3431 545 impellendos
3484 489 3581 529 eos

311 579 523 652 ἐχθρῶν
574 577 989 650 ἀσχολουμένων
1050 578 1190 648 μετά
1243 576 1445 641 παντὸς
1500 574 1596 629 τοῦ
1659 572 1892 645 στρατοῦ

314 673 543 743 ὲπιστῇς
567 668 644 742 τῷ
677 670 969 741 ὡρισμένῳ
999 688 1081 723 σοι
1117 670 1287 739 τόπῳ,
1321 670 1414 723 καὶ
1455 669 1675 740 στήσεις
1710 666 1901 738 βίγλας

315 763 598 832 ἀσφαλεῖς,
627 762 722 817 καὶ
740 762 790 816 οἱ
821 762 977 827 πεζοὶ
996 760 1410 831 ἀπληκεύσουσι
1442 760 1627 831 κύκλῳ
1650 758 1744 813 τοῦ
1772 760 1901 830 ὀχυ⁹

320 858 593 931 ρὼματος,
618 856 713 910 καὶ
740 856 947 928 τάφρον
978 854 1284 927 βαθυτάτην
1311 854 1559 927 ποιήσεις
1580 894 1596 920 ,
1642 854 1690 907 εί
1722 852 1903 906 ἐπιδέ-

319 966 473 1023 χεται
499 951 528 1004 ό
557 949 741 1013 τόπος.

391 1123 491 1193 ξθ’.
515 1124 625 1179 Καὶ
649 1127 696 1180 εί
725 1126 824 1195 μὲν
855 1124 1077 1199 λίθος,ἢ
1108 1125 1325 1188 πλίνθος
1351 1124 1907 1198 εὑρίσκεται,οίκοδο-

322 1219 497 1289 μῆσαι
522 1216 685 1288 ξηρὸν
712 1216 814 1279 δεῖ,
850 1218 943 1270 καὶ
982 1217 1144 1287 δῆσαι
1169 1216 1257 1270 διὰ
1301 1215 1474 1284 ξύλων
1504 1217 1763 1288 ἀσφαλῶς
1814 1219 1909 1273 καὶ

324 1311 595 1381 συνεχῶς·
624 1312 675 1364 εί
709 1309 764 1363 δὲ
799 1308 931 1375 ξύλα
958 1309 1117 1380 μόνον
1150 1309 1283 1376 είσὶ,
1313 1308 1384 1364 δι’
1425 1309 1607 1364 αὐτῶν
1652 1309 1910 1365 ἀποκλεί-

324 1422 419 1459 σαι
442 1404 619 1473 ὀλίγον
654 1403 747 1458 καὶ
780 1403 975 1473 ὀχυρὸν
1010 1402 1176 1455 τόπον
1200 1402 1297 1457 καὶ
1329 1400 1405 1473 μὴ
1441 1401 1615 1473 μέγαν
1641 1402 1801 1467 τέως.

395 1502 459 1552 o'.
485 1495 639 1552 Μετά
665 1494 721 1549 δὲ
751 1495 811 1549 τό
844 1494 1274 1566 ἀποκλεισθῆναι
1321 1494 1487 1549 αὐτὸν
1518 1494 1657 1549 κατά
1706 1491 1798 1547 τόν
1821 1494 1911 1548 λε-

322 1589 523 1661 χθέντα
544 1587 710 1642 τόπον
741 1587 878 1656 (20),
913 1587 963 1639 εί
996 1584 1096 1656 μὲν
1122 1585 1443 1659 ὁρμήσωσιν
1472 1585 1519 1639 οι
1560 1586 1748 1658 ἐχθροὶ
1772 1585 1913 1640 κατά

325 1682 421 1739 τοῦ
451 1682 643 1745 τόπου,
677 1681 772 1736 καὶ
798 1679 948 1746 σίδας
968 1680 1052 1733 δτι
1081 1679 1142 1733 ού
1164 1678 1390 1734 δύνασαι
1415 1678 1553 1754 πρὸς
1580 1681 1760 1751 μάχην
1791 1680 1916 1734 ἀντ.

326 1779 494 1850 ἐχειν,
529 1777 651 1832 τότε
678 1775 1057 1849 ἀναχωρήσεις
1092 1773 1201 1847 πρὸ
1244 1775 1345 1847 τῆς
1384 1774 1687 1845 παρουσίας
1713 1773 1913 1841 αὐτῶν,

326 1870 644 1927 καταλιπὼν
693 1868 895 1923 ἔσωθεν
941 1870 1069 1933 τοὺς
1127 1869 1370 1934 ἱκανούς,
1416 1869 1511 1921 καὶ
1544 1867 1916 1938 ἀπληκεύσεις

330 1961 559 2034 πλησίον
584 1960 860 2026 τοσοῦτον,
896 1960 1035 2015 ῶστε
1072 1962 1211 2033 μήτε
1246 1962 1415 2030 ἐγγὺς
1443 1960 1553 2015 τῶν
1598 1959 1807 2032 ἔχθρῶν
1842 1956 1919 2013 εἶ-

328 2071 443 2121 ναι,
488 2054 584 2109 καὶ
616 2053 1031 2125 ἀναγκασθῆναι
1092 2054 1435 2125 πολεμῆσαι,
1501 2055 1643 2125 μήτε
1678 2053 1919 2124 μήκοθεν

330 2148 443 2203 τῶν
481 2150 540 2203 ὲν
564 2144 643 2221 τῷ
670 2147 1011 2220 ὀχυρώματι,
1030 2148 1118 2201 ἵνα
1151 2148 1227 2220 μὴ
1247 2145 1636 2218 εὐκαιροῦντες
1668 2149 1717 2201 οί
1735 2146 1921 2219 ἐχθροὶ

334 2240 583 2315 σφοδρῶς
618 2242 923 2299 ἐπίκεινται
952 2244 1066 2308 τοῖς
1092 2241 1316 2297 ἔσωθεν.

402 2431 505 2479 οα’.
532 2424 735 2489 Δώσεις
762 2424 819 2479 δὲ
851 2426 1078 2496 σημεῖον
1104 2425 1213 2489 τοῖς
1245 2423 1301 2477 ἐν
1330 2424 1500 2496 αὐτῷ,
1533 2424 1587 2480 τί
1627 2426 1727 2497 μὲν
1769 2426 1827 2479 ὲν
1854 2428 1921 2499 τῇ

336 2516 610 2588 ἡμέρᾳ,τί
640 2516 697 2569 δὲ
721 2516 779 2569 ἐν
813 2518 879 2587 τῇ
904 2514 1060 2570 νυκτὶ
1085 2514 1359 2584 ὀφείλουσι
1394 2519 1587 2581 ποιεῖν,
1626 2517 1697 2570 δι’
1727 2511 1787 2572 οὗ
1818 2535 1924 2587 φα-

344 2612 507 2683 νερὸν
537 2611 690 2665 ἔσται
726 2628 829 2677 σοι,
857 2613 914 2666 ἐν
946 2610 1076 2682 ποίᾳ
1098 2611 1235 2664 είσὶν
1262 2610 1312 2664 οἱ
1342 2608 1790 2676 ἀποκλεισθέντες
1824 2631 1923 2666 καο

339 2705 605 2759 ταστάσει
619 2745 635 2760 .

412 2794 512 2867 οβ’.
546 2794 608 2849 Ei
637 2795 693 2849 δὲ
722 2794 947 2850 δυνατὸν
980 2794 1069 2851 διὰ
1103 2792 1337 2863 πεζικῆς
1365 2792 1547 2866 μάχης
1585 2795 1929 2868 ἀποσοσηθῆ.

343 2906 433 2941 ναι
452 2889 577 2957 τοὺς
597 2888 848 2961 ἐχθροὺς,
863 2890 960 2943 ἐὰν
978 2889 1086 2961 ἄρα
1103 2889 1537 2961 περίστασις,ίώς
1557 2887 1727 2954 εἰκὸς,
1743 2907 1805 2943 συ
1814 2890 1925 2963 μϐῇ

342 2982 456 3045 τοῖς
485 2980 545 3035 εν
570 2980 647 3052 τῷ
682 2980 946 3055 φρουρίῳ,
970 2980 1092 3036 οὐδὲ
1116 2981 1274 3035 τοῦτο
1302 2981 1383 3038 δεῖ
1408 2981 1816 3053 ὑπερτίθεσθαι,
1842 2984 1929 3037 ἵνα

346 3073 425 3146 μὴ
452 3072 656 3128 ἔσωθεν
687 3072 1099 3130 κινδυνεύωσιν.

415 3131 517 3231 ᾉγο.
550 3162 720 3255 ’ρων
749 3164 805 3219 δὲ
832 3164 986 3255 ,ἄδεια
1013 3131 1275 3236 γένηται,
1327 3164 1529 3230 εὐθέως
1571 3166 1709 3221 κατά
1751 3166 1932 3236 ὀλίγον
1959 3196 2002 3255 C

343 3251 715 3325 ἀποτειχίζειν
752 3254 856 3325 χρὴ
904 3255 964 3308 τὸ
1020 3255 1393 3328 προσποιητόν
1440 3256 1783 3328 οἰκοδόμημα
1837 3258 1931 3313 καὶ

348 3348 410 3402 ἐν
449 3347 639 3421 χωρίῳ
666 3348 872 3421 ίσχυρῷ
903 3349 1108 3415 κτίζειν
1148 3350 1281 3402 αὐτὸ
1308 3351 1402 3403 καὶ
1428 3350 1794 3423 ὀχυροποιεῖν,
1834 3354 1930 3407 καὶ

346 3443 457 3498 τῶν
483 3442 793 3512 ἀναγκαίων
827 3446 884 3498 ἐν
916 3444 1064 3516 αύτῷ
1094 3443 1427 3515 φροντίζειν.

418 3533 512 3589 οδ¹.
550 3532 793 3589 Γίνονται
822 3536 877 3589 δὲ
916 3537 972 3589 al
1006 3536 1255 3591 τοιαῦται
1278 3537 1621 3610 ἔγχειρήσεις
1658 3537 1932 3609 ἁρμοδίως

352 3623 499 3678 κατά
527 3624 927 3698 καὸαλλαρικοῦ
956 3626 1067 3698 κΞΙ)
1096 3626 1306 3693 ἔθνους,
1340 3626 1469 3699 περὶ
1491 3622 1583 3681 τὸν
1628 3627 1866 3693 Ἰούλιον,
1894 3627 1929 3699 ἦ

354 3715 742 3787 Αὕγουστον,ἢ
772 3717 1144 3789 Σεπτίμὸριον
1176 3709 1341 3789 μῆνα,
1373 3719 1506 3773 ὅταν
1535 3719 1571 3790 ἡ
1605 3716 1804 3789 βοτάνη
1838 3718 1936 3771 εύ-

352 3806 563 3879 καίρως
593 3807 959 3881 ξηραινομὲνη
994 3808 1086 3864 καὶ
1121 3808 1276 3864 ἔσται
1308 3810 1446 3883 (‘22),
1474 3811 1568 3865 καὶ
1588 3811 1638 3868 oi
1664 3810 1936 3866 κασαλλά-

355 3916 464 3973 ριοι
491 3898 597 3957 τῶν
626 3900 836 3974 ἐχθρῶν
861 3900 1171 3957 στενοῦνται
1196 3902 1575 3976 παρακαθίσαι
1602 3902 1793 3977 χρόνον
1818 3904 1936 3958 ίκα-

352 3990 466 4047 νόν.

427 4086 523 4136 σε’.
556 4082 618 4137 Ei
640 4081 697 4138 δὲ
723 4083 943 4155 ἀπόρως
966 4084 1105 4157 πρὸς
1131 4083 1191 4141 τὸ
1226 4086 1371 4158 ὕδωρ
1396 4089 1425 4141 ὀ
1448 4087 1609 4152 τόπος
1636 4089 1769 4161 ἔχει,
1801 4089 1935 4161 μηδὲ

360 4171 559 4243 βρυτοΰ
581 4173 639 4227 ιν
662 4173 813 4246 αὐτῷ
848 4175 1023 4240 ὄντος,
1053 4175 1180 4246 μηδ’
1206 4178 1265 4231 ὲν
1294 4177 1570 4249 ὀρύγματι
1611 4179 1937 4251 εὑρισκομέο

351 4283 471 4332 νου,
492 4266 627 4339 δεΞῆ
662 4266 854 4333 πίθους
877 4269 1255 4341 ὀστρακίνους,
1280 4271 1314 4344 ἦ
1343 4270 1566 4342 βουττία
1593 4272 1777 4331 τέλεια
1800 4290 1935 4346 προ-

356 4360 740 4431 ευτρεπίζειν,
796 4363 893 4418 καὶ
918 4364 1167 4435 γεμίζειν
1194 4362 1412 4432 ὓδατος,
1447 4365 1542 4419 καὶ
1576 4365 1848 4437 κόχλακας
1880 4369 1939 4421 ἐν

358 4452 510 4525 αὑτῷ
543 4454 843 4528 ποταμίους
887 4457 1120 4527 ῥίπτειν,
1154 4460 1232 4523 εἰς
1254 4458 1315 4512 τὸ
1369 4459 1709 4530 αύταρκέσαι
1773 4462 1935 4533 μέχρι
1965 4438 2017 4499 D

358 4546 465 4617 τῆς
489 4546 584 4603 τοῦ
625 4549 917 4621 χειμῶνος,
952 4551 1045 4605 καὶ
1073 4551 1267 4621 φθάσει
1294 4554 1385 4607 καὶ
1420 4553 1712 4625 κινστὲρνα
1739 4554 1943 4609 οἰκοδο-

364 4641 624 4712 μηθῆναι,
652 4644 747 4698 καὶ
770 4643 1000 4716 ὅμσριον
1034 4644 1392 4712 ὐποδέξασθαι
1419 4645 1586 4718 ὕδωρ.

432 4743 542 4803 ος.
570 4737 685 4791 ἰνα
711 4737 767 4791 δὲ
806 4736 901 4810 μὴ,
930 4740 1005 4803 ῶς
1034 4738 1202 4803 είκδς,
1247 4738 1347 4813 ὀζῃ
1392 4737 1651 4809 ἀκίνητον
1695 4739 1855 4810 μένον
1880 4739 1942 4793 τὸ

364 4830 511 4903 ὕδωρ
536 4832 592 4910 ἐν
618 4834 728 4897 τοίς
760 4828 1023 4901 ἀγγείοις.
1050 4834 1146 4887 καὶ
1170 4834 1351 4905 δοχεϊα
1392 4833 1567 4904 μικρά
1599 4832 1715 4887 δέον
1747 4831 1937 4896 αὐτοῖς

364 4920 783 4992 παρατίθεσθαι,
819 4923 901 4978 ἴνα
929 4925 1067 4979 κατὰ
1088 4923 1268 4994 ὀλίγον
1297 4924 1603 4988 ἀποστάζον
1630 4924 1691 4977 τὸ
1719 4924 1863 4993 ὕδωρ
1883 4926 1941 4977 ἑν

360 5015 548 5079 αὐτοῖς
604 5016 817 5085 κίνησιν
846 5016 1056 5085 δέχεται
1079 5033 1093 5047 ·
1123 5018 1241 5088 ἅμα
1270 5015 1327 5069 δὲ
1368 5015 1460 5069 τοῦ
1494 5016 1838 5089 πληροῦσθαι
1874 5018 1942 5071 τὰ

360 5108 544 5179 δοχεῐα
576 5108 737 5162 πάλιν
759 5109 1130 5181 ἀποφανοῦμεν
1154 5113 1263 5174 τοῖς
1288 5110 1464 5173 πίθοις
1487 5110 1520 5181 ἢ
1546 5112 1656 5175 τοῖς
1680 5110 1942 5179 βουττίοις

360 5202 543 5271 τοῦτο,
575 5201 663 5256 ἶνα
702 5202 788 5256 διὰ
840 5202 939 5274 τῆς
984 5204 1251 5277 κινήσεως
1280 5203 1484 5275 ταύτης
1525 5203 1846 5274 διαπνέηται
1881 5204 1940 5258 τὸ

364 5296 510 5366 ὕδωρ
537 5296 629 5349 καὶ
661 5297 736 5369 μὴ
768 5297 1127 5368 ἀφανίζηται,
1157 5297 1166 5307 ”

435 5385 531 5452 οξ.
572 5389 857 5461 Χρήσιμον
900 5391 957 5443 δέ
997 5393 1111 5444 ἐστι
1162 5392 1255 5445 καὶ
1286 5392 1347 5443 τὸ
1399 5391 1618 5454 σανίδας
1648 5407 1936 5463 προπαρα-

366 5481 632 5535 σκευάσαι
661 5483 993 5554 παχυτέρας,
1022 5484 1114 5537 mi
1162 5486 1219 5536 ἐν
1246 5484 1623 5555 κατορύχματι
1651 5484 1933 5554 συμπῆξαι

366 5569 535 5635 αὑτὰς
559 5571 633 5635 ῶς
662 5573 756 5625 ἐπὶ
787 5573 1037 5645 σαρπίου,
1068 5573 1161 5629 καὶ
1187 5574 1272 5627 διὰ
1302 5573 1501 5644 πίσσης
1535 5573 1629 5627 καὶ
1668 5574 1937 5627 στυππίου

2002 572 2183 639 dabis,
2212 571 2463 643 quaedam
2496 585 2624 627 vero
2654 569 2818 627 etiam
2876 576 3137 641 praeterea
3173 569 3483 638 promittes,
3515 582 3583 622 ac

2004 664 2190 721 subito
2243 664 2497 720 hostibus
2536 662 2650 732 jam
2686 662 2796 718 alio
2832 663 2887 716 in
2930 662 3051 718 loco
3092 661 3405 731 occupatis.
3458 662 3585 716 uni—

2005 772 2170 813 verso
2200 772 2324 813 cum
2358 757 2601 813 exercitu
2636 754 2703 809 ad
2728 754 2953 810 deﬁnita
3010 754 3127 809 loca
3159 754 3471 823 pervenies,
3530 759 3587 808 et

2008 850 2274 906 excubias
2324 856 2472 904 tutas
2507 847 2827 913 collocabis,
2881 856 2935 903 et
2965 845 3177 917 pedites
3228 844 3587 901 circumcirca

2004 939 2363 996 munitionem
2400 937 2661 1004 instrues,
2691 943 2747 993 et
2770 936 2983 993 fossam
3026 934 3384 999 altissimam,
3429 933 3478 990 si
3530 932 3588 989 id

2006 1032 2159 1089 locus
2191 1031 2464 1099 admittat,
2508 1028 2700 1087 facies.

2077 1125 2167 1181 69.
2226 1123 2283 1179 Si
2344 1122 2574 1194 lapides,
2607 1129 2700 1177 aut
2753 1122 2951 1178 lateres
3011 1120 3083 1177 ibi
3134 1118 3359 1184 fuerint,
3406 1119 3591 1175 locum

2024 1222 2237 1277 aridum
2295 1218 2686 1284 exaedificabis,
2763 1218 3035 1289 lignisque
3084 1224 3201 1271 tuto
3238 1229 3318 1288 ac
3369 1213 3595 1269 assidue

2014 1312 2250 1385 illigabis
2300 1330 2315 1368 :
2379 1312 2464 1367 sin
2521 1310 2667 1381 ligna
2705 1310 2883 1366 solum
2950 1308 3175 1375 fuerint,
3228 1302 3594 1363 includendae

2012 1409 2167 1463 locus
2200 1405 2365 1477 lignis
2420 1412 2506 1461 cst
2546 1403 2977 1474 firmandusque.

2086 1500 2172 1555 70.
2207 1498 2308 1555 Ubi
2338 1498 2425 1553 hic
2456 1496 2610 1554 locus
2641 1497 2705 1552 ad
2740 1498 3061 1568 praedictum
3095 1496 3318 1551 modum
3348 1497 3595 1552 inclusus

2018 1591 2208 1661 fuerit,
2258 1592 2558 1661 hostesque
2608 1605 2733 1645 eum
2798 1590 2977 1645 locum
3015 1590 3358 1656 adoriantur,
3418 1604 3597 1659 neque

2025 1687 2244 1743 illorum
2312 1686 2575 1755 impetum
2633 1684 2907 1741 sustinere
2967 1693 3143 1753 potes,
3208 1692 3335 1739 ante
3387 1684 3599 1739 adven-

2026 1788 2145 1835 tum
2213 1778 2459 1834 hostium
2524 1778 2799 1843 discedes,
2887 1777 3141 1832 homines
3197 1776 3335 1831 satis
3394 1773 3601 1832 multos

2020 1881 2183 1940 atque
2236 1869 2465 1927 idoneos
2496 1870 2570 1927 ibi
2609 1870 2929 1940 relinquens
2972 1885 2985 1921 :
3030 1868 3118 1925 vel
3143 1882 3313 1939 prope
3342 1884 3467 1924 eum
3516 1868 3604 1923 lo-

2021 1980 2144 2021 cum
2203 1973 2387 2021 castra
2448 1978 2640 2034 pones,
2704 1970 2763 2017 ut
2819 1977 2999 2034 neque
3068 1976 3239 2033 prope
3301 1976 3427 2017 cum
3496 1960 3602 2022 sis.

2024 2058 2263 2132 praeliari
2324 2072 2451 2113 cum
2516 2056 2766 2112 hostibus
2826 2054 3106 2124 cogaris:
3155 2068 3336 2124 neque
3381 2052 3611 2124 longius

2027 2154 2097 2211 de
2168 2150 2475 2209 munitione
2536 2149 2813 2218 discedas,
2878 2158 2939 2204 ut
3000 2163 3070 2204 ne
3134 2147 3607 2217 opportunitatem

2023 2247 2207 2303 hostes
2265 2245 2411 2300 nacti
2466 2243 2820 2301 vehementer
2859 2241 3110 2299 inclusos
3162 2240 3267 2298 bac
3292 2240 3610 2298 munitione

2026 2339 2314 2397 invadant.

2095 2432 2184 2489 7i.
2228 2432 2457 2503 Signum
2488 2428 2711 2501 aliquod
2775 2429 2886 2486 illis
2949 2438 3162 2486 certum
3200 2428 3477 2487 interdum
3512 2430 3610 2485 da-

2027 2528 2135 2591 bis,
2201 2534 2368 2595 atque
2426 2525 2578 2580 aliud
2638 2533 2848 2581 certum
2903 2532 3093 2591 noctu,
3154 2538 3265 2597 quo
3324 2523 3611 2597 cognitum

2026 2619 2125 2675 tibi
2174 2618 2282 2675 erit
2331 2631 2571 2689 quonam
2629 2616 2683 2671 in
2744 2624 2891 2673 statu
2920 2616 3052 2673 sint.

2097 2797 2187 2854 72.
2241 2796 2300 2853 Si
2346 2796 2585 2870 pedestri
2637 2798 2827 2869 praelio
2864 2798 3051 2869 repelli
3103 2798 3308 2856 milites
3354 2805 3610 2872 possunt,

2029 2892 2124 2949 ubi
2166 2892 2351 2963 aliqua
2409 2893 2660 2948 molestia
2719 2892 2967 2948 inclusos
3003 2892 3353 2955 circumstat.
3406 2906 3474 2949 ne
3510 2892 3615 2947 hoc

2028 2983 2248 3054 quidem
2279 2980 2801 3054 praetermittendum
2830 2993 2936 3051 est,
2990 2991 3049 3039 ut
3080 2998 3147 3040 ne
3170 2983 3227 3038 in
3261 2982 3483 3056 aliquod
3520 2996 3616 3053 pe-

2031 3076 2269 3133 riculum
2306 3074 2550 3130 veniant.

2106 3170 2201 3226 πί.
2257 3166 2362 3225 Ubi
2419 3170 2602 3239 aliqua
2662 3168 2933 3225 securitas
2985 3166 3100 3237 jam
3171 3174 3281 3231 est,
3354 3166 3620 3237 paulatim

2033 3248 2305 3320 mililica‘re
2346 3271 2561 3334 oportet
2596 3273 2909 3332 susceptam
2941 3260 3330 3324 munitionem,
3372 3259 3618 3315 firmam~

2032 3372 2139 3429 que
2184 3373 2307 3413 eam
2369 3372 2433 3412 ac
2486 3357 2768 3412 robustam
2812 3354 3036 3410 facere:
3090 3354 3449 3427 omniumque
3511 3367 3614 3411 no-

2032 3449 2397 3508 cessariarum
2427 3462 2613 3503 rerum
2642 3462 2836 3503 curam
2870 3446 3177 3516 suscipere.

2107 3541 2195 3596 7i.
2238 3538 2569 3610 Huiusmodi
2608 3553 2789 3594 rerum
2833 3538 3222 3609 aggressiones
3292 3536 3494 3595 idonee
3517 3534 3618 3591 ad—

2034 3647 2231 3689 versus
2278 3638 2563 3702 equestres
2589 3627 2801 3699 copias,
2858 3625 3031 3692 Julio,
3060 3628 3333 3699 Augusto,
3390 3637 3486 3683 aut
3515 3626 3617 3682 Se-

2036 3723 2275 3797 ptembri
2306 3738 2495 3779 mense
2525 3721 2937 3792 suscipiuntur,
2977 3720 3201 3791 quando
3234 3720 3405 3777 herba
3434 3721 3619 3777 omnis

2035 3817 2279 3874 arefacta
2333 3823 2642 3887 exustaque
2692 3822 2800 3880 est,
2831 3815 3162 3887 equitesque
3210 3816 3451 3873 hostium
3500 3818 3621 3874 im»-

2038 3911 2327 3982 pediantur
2384 3910 2478 3965 diu
2512 3909 2567 3965 in
2594 3923 2661 3965 eo
2717 3909 2839 3964 loco
2898 3909 3228 3965 consistere.

2107 4095 2198 4149 75.
2238 4092 2297 4150 Si
2344 4094 2592 4150 defectus
2645 4092 2737 4147 bic
2796 4090 2954 4147 locus
3002 4106 3144 4162 aqua
3203 4090 3392 4159 fuerit,
3443 4108 3621 4162 nequo

2039 4197 2236 4244 natura
2297 4188 2371 4246 ibi
2420 4190 2511 4253 sit,
2570 4203 2749 4258 neque
2800 4188 2855 4241 in
2913 4188 3062 4243 fossa
3115 4187 3224 4241 ulla
3284 4188 3621 4254 inveniatur,

2036 4285 2123 4338 vel
2158 4282 2304 4338 dolia
2337 4289 2597 4349 testacea,
2631 4282 2716 4338 vel
2756 4281 2931 4337 buttia
2991 4281 3201 4351 integra
3256 4296 3472 4351 parare,
3534 4291 3621 4338 at—

2040 4394 2147 4447 que
2194 4392 2336 4449 aqua
2388 4378 2632 4447 explere,
2684 4383 2739 4432 et
2787 4376 3101 4432 colchlaces
3148 4375 3440 4433 fluviatiles
3487 4392 3622 4433 con-

2037 4470 2230 4541 jicere,
2274 4485 2397 4541 quae
2450 4470 2559 4525 illis
2590 4472 2656 4526 ad
2702 4470 2996 4525 hibernum
3046 4479 3263 4539 tempus
3318 4467 3613 4535 sufficiant,

2039 4565 2403 4635 cisternaeque
2447 4563 2787 4620 aedificentur
2821 4563 2888 4619 ad
2934 4578 3133 4635 aquam
3177 4562 3421 4634 pluviam
3466 4546 3649 4619 exci-V

2041 4659 2318 4731 piendam.

2110 4752 2203 4809 76.
2240 4752 2310 4808 Ut
2361 4767 2431 4807 ne
2481 4766 2621 4822 aqua
2661 4752 2809 4808 oleat
2866 4751 3094 4807 immota
3139 4761 3319 4813 stans,
3376 4749 3479 4805 sub
3521 4764 3618 4803 va-

2041 4847 2121 4903 sis
2175 4845 2519 4917 receptacula
2572 4846 2820 4915 quaedam
2876 4852 3174 4916 ponantur,
3234 4852 3295 4898 ut
3357 4843 3621 4913 paulatim

2048 4938 2295 4995 defluens
2355 4954 2495 5007 aqua
2551 4949 2760 4995 motum
2818 4937 3056 5006 capiat:
3108 4936 3203 4990 ubi
3240 4942 3423 4992 autem
3468 4950 3619 4991 com-

2050 5031 2191 5100 pleta
2233 5030 2347 5085 haec
2389 5029 2732 5098 receptacula
2814 5029 3035 5093 fuerint,
3104 5044 3298 5084 rursus
3362 5028 3416 5083 ln
3474 5029 3621 5083 dolia

2047 5130 2103 5175 et
2135 5118 2309 5173 buttia
2345 5117 2726 5181 infundantur,
2764 5126 2823 5173 ut
2862 5118 2967 5173 hoc
3007 5127 3159 5173 motu
3200 5132 3341 5188 aqua
3397 5118 3623 5186 perflata

2050 5206 2275 5262 minime
2315 5217 2727 5277 corrumpatur.

2114 5386 2206 5441 77.
2238 5385 2380 5442 Utile
2406 5392 2585 5440 autem
2619 5384 2782 5441 fuerit
2804 5399 3017 5442 asseres
3050 5399 3358 5455 [imperare
3381 5385 3625 5442 crassio-

2047 5495 2158 5546 res,
2189 5487 2245 5535 et
2295 5478 2349 5535 in
2402 5478 2547 5535 fossa
2573 5494 2667 5536 eos
2713 5480 3064 5548 conjungere,
3098 5487 3209 5532 tum
3236 5480 3441 5547 sarpio,
3479 5479 3621 5545 pice,

2049 5570 2267 5644 stuppa,
2322 5571 2617 5642 iuncturas
2647 5587 2839 5629 omnes
2896 5572 3115 5626 ﬁrmare
3172 5572 3455 5641 nodosque
3497 5572 3619 5627 ido-

1873 5684 2103 5744 NOTAE.

1145 5782 1307 5836 ὀπόν.

1152 5852 1304 5916 :ribc,
1351 5851 1677 5924 κακαρικοῦ.

441 5782 554 5850 (‘20)
589 5782 799 5841 Τόπον,
835 5782 1049 5845 Scribe,

439 5853 552 5926 (2i)
586 5853 1057 5925 Κασαίληρικςῦ.

2126 5779 2239 5853 (2‘2)
2283 5781 2387 5837 Kal
2422 5780 2612 5838 ἔσται.
2646 5779 2855 5849 Scribe,
2896 5778 3132 5835 καίεται.
