4020 6312
483 304 591 372 9J7

1656 298 1933 361 LEONlS
1960 297 2420 363 PHILOSOPHI

3644 295 3759 361 sos

483 430 593 476 nec
650 423 857 488 aptare,
915 424 1031 470 tum
1087 411 1282 471 ordine
1330 413 1565 486 quodam
1617 412 1892 469 cisternas
1936 427 2053 467 me-

2181 416 2664 485 ιατασφαλίσασθαι
2698 416 2794 481 τὰς
2818 414 3029 486 ζεύξεις
3065 416 3183 489 ἦτοι
3214 416 3345 480 τοὺς
3380 416 3593 488 ἀρμοῦς
3641 414 3756 467 αὖ·

481 510 701 566 diocres
752 520 1017 578 apparare
1065 504 1256 580 viginti
1300 520 1552 570 numero,
1608 503 1797 561 decem
1850 500 2052 574 pedum

485 599 799 666 latitudine,
863 597 1155 653 altitudine
1220 604 1404 654 autem
1485 603 1633 663 octo,
1699 604 1795 652 aut.
1843 597 2054 660 decem,

486 697 665 751 donec
721 707 914 750 omnes
967 693 1221 749 cisterna:
1285 691 1355 746 ad
1422 705 1622 763 aquam
1688 703 1907 746 omnem
1959 703 2057 744 ea.

486 785 745 857 piendam
788 784 997 841 habiles
1029 783 1249 842 fuerint.
1278 783 1336 838 in
1380 782 1681 853 majoribus
1718 781 1864 838 enim
1910 780 2060 837 vasis

488 878 702 936 diutius
752 893 896 951 aqua
950 887 1254 951 permanet.
1284 876 1558 933 Transtra
1594 884 1779 934 autem
1805 874 2057 948 quaedam

490 971 671 1045 lignea
701 973 997 1045 trabesque
1027 970 1095 1031 ad
1115 971 1450 1028 continenda
1478 972 1651 1029 latera
1678 972 2051 1028 eisternarum

491 1060 878 1127 adhibeantur,
919 1068 981 1117 ut
1008 1077 1078 1118 ne
1100 1075 1257 1132 aquae
1292 1060 1646 1117 multitudine
1694 1060 1931 1131 disrupti
1967 1076 2061 1117 as-

493 1172 650 1215 seres
672 1156 981 1227 discedant,
1038 1172 1289 1230 aquaque
1341 1156 1524 1215 omnis
1592 1154 1928 1214 effundatur.

565 1434 658 1493 78.
695 1432 886 1508 itaque
964 1435 1129 1507 igitur
1167 1434 1235 1492 de
1270 1434 1372 1491 hac
1409 1448 1472 1491 re
1522 1434 1681 1491 nobis
1713 1434 1923 1491 dictum
1969 1434 2062 1497 sit.

492 1535 557 1585 ut
605 1537 855 1599 tempore
905 1525 1010 1583 hoc
1062 1525 1409 1583 desiderante
1464 1526 1778 1597 hujusmodi
1829 1540 2064 1599 appara-

492 1627 612 1675 tum
668 1619 724 1675 in
801 1627 1058 1693 promptu
1109 1620 1335 1677 habeas.
1406 1618 1485 1676 De
1544 1618 1838 1678 obsidione
1898 1618 2069 1690 igitur

496 1709 730 1786 aliisque
776 1713 942 1771 rebus
980 1713 1096 1769 haee
1147 1712 1260 1769 sint
1313 1711 1473 1769 satis.

948 1803 1419 1863 CONSTITUTIO
1466 1802 1609 1863 XVI.

828 1898 909 1954 De
936 1897 1327 1955 incursionibus
1369 1908 1485 1970 post
1520 1897 1735 1955 bellum.

568 1995 623 2049 Ι.
663 1990 860 2049 Restat
907 1991 1019 2062 jam
1057 1997 1117 2046 ut
1143 2005 1265 2062 quae
1296 1997 1420 2061 post
1468 1991 1677 2046 exitum
1710 1989 1836 2045 belli
1878 1988 2067 2046 futura

496 2094 651 2151 sunt,
686 2085 958 2141 dicamus.
1006 2082 1064 2138 Si
1117 2083 1265 2140 enim
1310 2083 1615 2139 exercitum
1665 2083 1802 2139 bene
1860 2081 2071 2138 instru-

500 2179 671 2245 xeris,
722 2176 833 2235 Deo
875 2175 1111 2249 propitio
1163 2190 1457 2247 speramus
1519 2173 1809 2230 victoriam
1874 2190 2071 2233 conse-

498 2279 775 2330 culut‘am.

566 2364 625 2419 2.
687 2364 766 2420 Ac
828 2363 1065 2434 primum
1126 2361 1316 2435 gratia:
1392 2359 1629 2420 Domino
1695 2370 1884 2417 nostro
1941 2359 2071 2417 lesu

498 2457 721 2517 Christo
775 2459 1015 2529 agendae,
1057 2455 1142 2513 vel
1182 2464 1313 2513 ante
1364 2455 1653 2513 victoriam
1686 2454 1813 2511 belli
1864 2455 2069 2524 aliquid

497 2550 651 2622 pium
692 2548 1147 2625 promittendum,
1208 2544 1357 2620 quod
1417 2546 1750 2620 promissum
1782 2552 1908 2617 post
1940 2542 2069 2602 belli

499 2641 710 2701 exitum
753 2640 1077 2698 faciendum
1124 2642 1220 2698 sit.
1539 2713 1545 2717 δ

567 2737 622 2793 3.
659 2734 867 2794 Deinde
924 2732 1383 2806 perserutaherls,
1418 2732 1515 2806 qui
1566 2730 1710 2790 sein
1739 2731 1886 2789 bello
1925 2740 2070 2788 stre-

497 2842 609 2885 nue
666 2827 960 2899 gesserint,
1029 2827 1251 2899 illisque
1316 2824 1548 2883 idoneos
1602 2825 1846 2881 honores
1898 2824 2067 2881 hahe-

497 2920 609 2989 his,
654 2919 882 2992 ignavos
927 2928 1114 2977 autem
1160 2933 1273 2991 quo
1320 2931 1423 2992 par
1470 2925 1557 2975 est
1601 2916 1877 2991 supplicio
1930 2932 2068 2973 eou-

498 3012 767 3083 stringes.

566 3108 625 3164 4.
672 3105 944 3163 Strenuos
993 3104 1145 3163 viros
1210 3103 1282 3163 iis
1327 3104 1654 3162 muneribus
1728 3103 2065 3161 honorabis:

498 3201 746 3274 integras
806 3208 1141 3266 armaturas,
1194 3199 1243 3257 si
1302 3215 1427 3273 quas
1477 3201 1645 3256 clarae
1713 3199 2072 3270 illustresque

498 3294 722 3361 fuerint,
766 3309 830 3351 ac
855 3294 922 3350 de
960 3293 1173 3351 bellicis
1204 3293 1399 3365 spoliis
1438 3308 1564 3365 quae
1596 3291 1887 3350 commoda
1917 3301 2075 3359 sunt,

498 3388 611 3446 illis
653 3386 834 3453 dabis,
891 3386 1311 3459 honoribusque
1356 3402 1456 3460 pro
1505 3386 1774 3458 dignitate
1823 3402 1890 3443 ex
1917 3400 2078 3457 aequo

500 3497 566 3538 ae
613 3482 759 3537 bono
823 3494 1288 3553 unumquemque,
1345 3487 1407 3536 ut
1447 3479 1706 3535 cohortes
1760 3477 2070 3541 milliarias,

502 3575 794 3641 cohortes,
844 3575 1155 3641 centurias,
1206 3574 1561 3647 reliquasque
1610 3584 1902 3630 consuetas
1973 3571 2077 3628 sub

501 3669 843 3727 dominatum
882 3676 1035 3726 tuum
1071 3668 1351 3741 subjectus
1385 3667 1788 3724 multitudines.
1825 3664 2076 3747 Plebeios

507 3763 734 3834 milites,
793 3765 887 3835 qui
946 3764 1162 3821 strenui
1225 3762 1446 3831 fuerint,
1506 3762 1816 3819 minoribus
1876 3760 2075 3832 donis;

501 3857 789 3929 praefectos
827 3865 1010 3913 autem
1060 3856 1362 3927 majoribus
1411 3856 1747 3915 honorabis:
1800 3858 1876 3912 ita
1929 3858 2078 3913 enim

502 3951 597 4007 ﬁet
646 3959 706 4007 ut
739 3950 939 4023 majori
992 3949 1328 4021 fortiorique
1385 3950 1572 4006 animo
1607 3950 1717 4006 sint
1766 3949 1861 4022 qui
1915 3949 2078 4005 dimi-

502 4044 730 4111 eahunt,
778 4043 826 4102 si
878 4059 944 4102 ea
988 4058 1114 4115 quin
1170 4042 1400 4115 cupiunt
1433 4042 1490 4100 in
1527 4044 1721 4117 primis
1771 4057 2078 4116 assequan-

502 4144 617 4193 ιυτ.

573 4230 629 4287 5.
663 4226 769 4286 Ubi
792 4228 939 4287 enim
988 4230 1228 4287 honores
1259 4238 1311 4287 et
1340 4227 1565 4302 praemia
1589 4228 1863 4286 habentur
1890 4230 2077 4299 bonis,

502 4322 773 4397 supplicia
819 4330 877 4380 et
923 4337 1100 4395 pinnae
1162 4322 1466 4380 atl'eruntur
1513 4323 1694 4390 malis,
1754 4323 1829 4380 ihi
1879 4321 2079 4381 bonam

503 4430 659 4487 spem
718 4413 941 4471 habebit
993 4414 1302 4471 exercitus:
1359 4413 1489 4469 mali
1544 4413 1691 4469 enim
1771 4414 1827 4470 in
1892 4413 2082 4470 formi-

2155 508 2275 575 τοῦ,
2303 510 2485 565 καὶέν
2512 508 2662 576 τάξει
2696 509 2913 581 ξυλίνης
2937 511 3257 582 κινστέρνης
3282 509 3601 582 συμμέτρου
3642 528 3755 564 κα-

2156 604 2513 668 τασκευάσαι,
2548 605 2656 659 εἴτε
2696 606 2843 675 μίαν,
2868 605 2979 659 εἴτε
3000 606 3235 670 πλείους,
3285 605 3517 676 ἐχούσας
3565 607 3753 658 εἴκοσι

2156 697 2250 752 ἐπὶ
2284 697 2414 752 δέκα
2443 699 2606 763 πόδας
2642 699 2700 752 τὸ
2728 699 2951 766 πλάτος,
2990 699 3050 753 τδ
3074 699 3131 753 δὲ
3158 697 3291 769 ὕψος
3320 698 3466 753 ὀκτὼ
3498 699 3535 771 ἢ
3579 698 3753 762 δέκα,

2162 790 2352 863 μέχρις
2401 785 2463 845 οὗ
2487 793 2777 864 ἐγχόρηγοι
2811 793 2865 847 αί
2916 792 3224 864 κινστέρναι
3258 792 3546 863 γένωνται⁸
3579 793 3755 865 δῆλον

2158 886 2267 956 γάρ
2289 887 2435 939 ἐστιν
2460 886 2533 950 ὡς
2561 888 2617 941 ἐν
2652 888 2764 951 τοῖς
2813 886 3148 959 μειζοτέροις
3191 886 3436 958 ἀγγείοις
3487 885 3658 941 πλέον
3692 886 3755 939 τδ

2160 973 2308 1048 ὕδωρ
2346 973 2606 1046 διαμένει.
2655 977 2898 1047 Κατόχια
2923 976 2980 1032 δὲ
3021 975 3205 1044 ξύλινα
3233 978 3293 1032 ἐν
3332 978 3412 1049 τῷ
3454 978 3607 1049 μέσῳ
3634 976 3757 1032 τῶν

2160 1066 2492 1139 κινστερνῶν
2522 1060 2635 1120 οἷον
2662 1065 2992 1138 συνδέσμους
3015 1065 3090 1129 ὡς
3122 1066 3401 1139 spartea:
3430 1064 3512 1120 δεῖ
3544 1065 3753 1135 βάλλε-

2164 1159 2290 1214 σθαι
2328 1160 2423 1214 καὶ
2477 1160 2695 1225 σανίδας
2735 1158 2985 1231 παχείας,
3041 1159 3127 1214 ἵνα
3165 1160 3244 1233 μὴ
3288 1159 3367 1232 τῷ
3424 1160 3622 1232 πλήθει
3651 1158 3755 1213 τοῦ

2165 1249 2357 1313 ὓδατος
2377 1249 2693 1323 βιαζόμεναι
2712 1252 2772 1306 αἱ
2788 1250 2996 1314 σανίδες
3015 1252 3379 1322 στρέφωνται,
3400 1252 3494 1307 καὶ
3512 1252 3575 1304 τδ
3598 1250 3755 1323 ὕδωρ

2162 1343 2532 1404 ἀπολλύωσιν.

2235 1450 2333 1514 οην.
2371 1441 2530 1498 Οὕτω
2562 1441 2659 1513 μὲν
2684 1437 2777 1497 οὖν
2812 1441 2907 1496 καὶ
2933 1441 3063 1513 περὶ
3088 1439 3283 1495 τούτου
3306 1438 3570 1512 εἰρήσθω,
3596 1439 3753 1502 ὅπως

2168 1535 2301 1591 ποτε
2324 1534 2516 1608 καιροῦ
2546 1534 2837 1599 καλοῦντος
2863 1536 2993 1608 ἔχῃς
3020 1535 3088 1589 δι’
3120 1532 3341 1605 ἑτοίμου
3371 1533 3464 1586 καὶ
3504 1530 3605 1605 τήν
3630 1548 3754 1585 τοι-

2167 1630 2338 1704 αύτην
2365 1627 2629 1697 διάταξιν.
2656 1627 2905 1683 Τοσαῦτα
2928 1627 3028 1699 μέν
3057 1644 3139 1681 σοι
3168 1626 3263 1681 καὶ
3291 1626 3421 1697 περί
3444 1641 3506 1679 τε
3532 1622 3756 1697 πολιορ-

2170 1725 2296 1791 κίας
2322 1726 2417 1781 καὶ
2447 1724 2554 1781 τῶν
2580 1724 2756 1781 ἀλλων
2782 1722 3044 1793 εἰρήσθω.

2659 1814 2971 1873 ΔιΑτΑΞιΣ
2993 1817 3089 1883 ις’
3123 1813 3260 1884 (εδ).

2491 1911 2631 1981 Περὶ
2666 1908 2785 1965 τῶν
2814 1909 2964 1981 μετὰ
2993 1908 3101 1964 τὸν
3129 1908 3420 1978 πόλεμον.

2245 2006 2309 2060 α’.
2357 2004 2587 2076 Ἐφεξῆς
2616 2003 2672 2068 δὲ
2697 2002 2900 2059 τούτων
2921 2004 3018 2058 καὶ
3047 2004 3147 2057 ὅσα
3176 2001 3318 2075 μετά
3362 2003 3463 2072 τὴν
3503 1998 3750 2071 πολέμου

2174 2100 2398 2154 ἔκϐασιν
2443 2098 2561 2153 δέον
2612 2095 2857 2167 γίνεσθαι
2906 2095 3119 2169 ῥητέον.
3169 2096 3282 2150 Καὶ
3309 2094 3419 2167 γὰρ
3449 2092 3753 2156 ὶάνκαλῶς

2171 2193 2404 2266 ἑκτάξῃς
2433 2192 2494 2247 τὸ
2543 2189 2877 2264 στράτευμα,
2914 2188 3051 2260 μετά
3091 2186 3191 2259 τῆς
3210 2185 3304 2241 τοῦ
3329 2183 3464 2240 Θεοῦ
3495 2182 3753 2257 βοηθείας

2172 2284 2463 2357 ἐλπίζομεν
2492 2282 2588 2339 καὶ
2615 2285 2713 2356 τὴν
2741 2282 2896 2353 νίκην
2922 2279 3277 2353 παρέσεσθαι.

2245 2379 2309 2450 β’.
2337 2377 2445 2433 Kal
2467 2378 2679 2447 πρῶτον
2702 2376 2798 2447 μὲν
2823 2374 3120 2438 ἀποδώσεις
3143 2372 3333 2445 Κυρίῳ
3356 2368 3434 2444 τῷ
3452 2367 3569 2439 Θεῷ
3589 2368 3755 2441 ήμῶν

2185 2471 2360 2544 Ἰησοῦ
2388 2470 2608 2544 Χριστῷ
2638 2473 2737 2541 τὴν
2769 2469 3141 2541 εὐχαριστίαν,
3175 2470 3269 2524 καὶ
3307 2468 3410 2523 εἴτι
3438 2464 3757 2538 ὲπηγγείλω

2173 2566 2280 2643 πρὸ
2302 2566 2400 2636 τῆς
2434 2564 2590 2636 νίκης
2612 2563 2705 2617 τοῦ
2732 2562 2971 2633 πολέμου
3004 2560 3273 2617 ἀποδώσει
3307 2560 3444 2633 μετά
3467 2558 3567 2632 τήν
3592 2558 3754 2628 νίκην

2172 2657 2545 2730 χαριστήριον,
2581 2653 2654 2726 μή
2684 2654 2966 2726 ἀμελήσῃς
2992 2650 3306 2709 ἀποδοῦναι.

2241 2757 2316 2819 γ’.
2349 2750 2461 2804 Kal
2492 2745 2591 2803 εἷθ’
2622 2748 2796 2813 οὕτως
2826 2748 3215 2821 ἀνερευνήσεις
3230 2747 3360 2811 τοὺς
3388 2746 3752 2820 ἀριστεύσαν-

2171 2861 2268 2908 τας
2290 2845 2348 2898 ὲν
2386 2846 2494 2907 τοῖς
2522 2845 2624 2913 τῆς
2654 2841 2833 2914 μάχης
2859 2839 3141 2906 κινδύνοις,
3166 2840 3265 2895 καὶ
3283 2838 3509 2905 τούτους
3537 2841 3758 2913 ἀνευρί-

2176 2953 2321 2991 σκων
2339 2936 2568 3007 τίμησον
2592 2935 2659 2989 αὐ
2670 2934 2789 2999 τοὺς
2811 2933 3040 3006 δωρεαῖς
3062 2932 3157 2988 καὶ
3183 2934 3373 3004 τιμαῖς
3394 2935 3514 2998 ταῖς
3536 2933 3757 3004 ἑκάστῳ

2175 3029 2532 3101 πρεπούσαις·
2553 3030 2675 3092 τοὺς
2697 3029 2753 3083 δὲ
2783 3027 2986 3093 κακοὺς
3013 3026 3281 3096 φανέντας
3310 3024 3532 3111 κόλαζε.

2247 3127 2310 3183 δ’.
2344 3127 2605 3197 Τιμήσεις
2623 3125 2679 3179 δὲ
2710 3126 2835 3189 τοὺς
2859 3123 3288 3196 ἀριστεύσαντας
3314 3114 3544 3196 δωρεαῖς
3572 3122 3760 3177 τοιαύ-

2179 3240 2321 3286 ταις,
2350 3214 2461 3274 οἷον
2490 3218 2790 3283 πανοπλίας
2824 3216 3109 3281 ἐπιδώσεις
3137 3216 3401 3290 τερπνὰς,
3438 3215 3534 3271 καὶ
3559 3216 3624 3270 τά
3642 3215 3759 3269 ἀπὸ

2175 3316 2270 3372 τοῦ
2297 3317 2534 3386 πολέμου
2568 3313 2875 3386 συνηγμένα
2900 3312 3071 3369 σκύλα
3111 3313 3388 3383 διανεμεῖς
3432 3312 3642 3377 αὐτοῖς·
3675 3328 3758 3365 τι·

2181 3410 2373 3480 μήσεις
2401 3408 2457 3462 δὲ
2487 3408 2579 3462 καὶ
2602 3392 2679 3470 είς
2709 3403 2993 3478 ἀξιώματα
3013 3404 3133 3460 κατ’
3155 3402 3452 3473 ἀναλογίαν
3479 3401 3757 3474 ἁρμοδίως

2176 3500 2426 3565 ἕκαστον,
2462 3492 2572 3553 οἷον
2604 3500 2684 3559 εἰς
2711 3496 3128 3569 δρουγγαρίους,
3153 3499 3234 3559 εἰς
3258 3494 3447 3568 βάνδα,
3483 3497 3563 3560 εἰς
3595 3511 3758 3549 κεντ-

2179 3591 2372 3663 αρχίας
2397 3633 2413 3659 ,
2451 3592 2543 3647 καὶ
2601 3592 2682 3655 είς
2735 3589 2833 3653 τὰς
2883 3588 3053 3655 ἄλλας
3092 3589 3355 3662 ’συνήθεις
3397 3587 3504 3642 ὑπὸ
3527 3588 3627 3660 τήν
3654 3587 3757 3659 σὴν

2179 3672 2427 3749 ἐξουσίαν
2454 3682 2781 3755 ἀρχοντικάς
2812 3680 3082 3755 προϐολὰς
3101 3722 3117 3747 ,
3138 3681 3248 3735 τῶν
3277 3680 3378 3752 μὲν
3395 3678 3557 3734 λιτῶν
3590 3694 3754 3751 στρα-

2178 3775 2391 3833 τιωτῶν
2408 3775 2534 3841 τοὺς
2559 3774 3081 3848 ἀνδραγαθήσαντας
3112 3774 3193 3839 εἰς
3212 3773 3545 3846 μικροτέρας
3565 3771 3753 3844 τιμὰς,

2179 3866 2290 3925 τῶν
2318 3869 2372 3924 δὲ
2416 3869 2694 3942 ἀρχόντων
2744 3869 2828 3935 είς
2864 3866 3114 3941 μείζονας
3172 3866 3391 3940 ἀρχάς·
3444 3863 3616 3928 οὓτως
3646 3863 3755 3936 γὰρ

2183 3961 2550 4033 μεγαλόψυχοι
2606 3961 2700 4015 καὶ
2742 3960 2981 4029 γενναῖοι
3020 3958 3235 4015 ἔσονται
3287 3959 3341 4013 oi
3366 3957 3756 4030 ἀγωνιζόμενοι

2179 4055 2536 4128 τυγχάνοντες
2562 4054 2798 4127 μάλιστα
2827 4052 2923 4108 καὶ
2952 4045 3027 4109 ὧν
3046 4051 3425 4124 ἐπιθυμοῦσιν.

2252 4230 2315 4290 ε’.
2350 4230 2527 4288 Ὅπου
2552 4230 2607 4287 δὲ
2637 4231 2795 4304 τιμαὶ
2829 4230 2929 4303 μὲν
2961 4229 3057 4287 καὶ
3084 4229 3249 4303 κέρδη
3277 4227 3617 4284 ἀποδίδονται
3646 4228 3757 4291 τοῖς

2182 4324 2429 4393 ἀγαθοῖς,
2459 4324 2721 4395 τιμωρίαι
2744 4322 2799 4378 δὲ
2828 4322 3124 4392 ἐπάγονται
3146 4323 3258 4385 τοῖς
3281 4323 3490 4387 κακοῖς,
3524 4316 3758 4375 ἐνταῦθα

2182 4416 2352 4481 καλάς
2390 4416 2610 4481 ἐλπίδας
2637 4415 2781 4488 ἔχειν
2809 4415 2869 4483 ἐξ
2895 4417 3144 4487 ἀνάγκης
3185 4414 3248 4469 τὸ
3280 4412 3672 4484 στρατόπεδον
3701 4411 3755 4464 οἱ

504 4507 636 4565 dine
688 4505 956 4579 peccandi
1020 4515 1208 4574 erunt,
1260 4504 1391 4561 boui
1446 4518 1580 4563 vero
1631 4514 1691 4560 ut
1721 4506 1935 4561 strenui
1965 4504 2071 4561 sint

2187 4510 2285 4582 μὲν
2319 4510 2430 4579 γάρ
2479 4511 2642 4565 κακοὶ⁵
2672 4508 2960 4578 φοϐοῦνται
3010 4506 3371 4579 ἁμαρτάνειν,
3401 4506 3448 4558 oi
3480 4504 3536 4557 δὲ
3566 4500 3758 4573 ἀγαθοὶ

506 4599 855 4657 laborabunt.

576 4679 635 4748 6.
692 4691 878 4764 Neque
909 4707 1041 4748 vero
1085 4693 1262 4749 solum
1299 4690 1603 4763 unicuique
1648 4689 1965 4762 singulatim
1996 4688 2077 4744 vi-

504 4798 571 4839 ro
621 4783 859 4840 honores
919 4782 1171 4848 habebis,
1217 4783 1313 4839 sed
1365 4783 1531 4839 etiam
1590 4782 1834 4855 integras
1889 4783 2081 4839 cohor-

503 4884 610 4942 tes,
637 4868 897 4932 cohortes
959 4875 1273 4942 milliarias,
1310 4889 1375 4931 ac
1430 4882 1643 4930 turmas
1688 4874 1930 4946 praemiis
1989 4873 2079 4932 de-

505 4969 749 5025 eorabis.
798 4968 905 5025 lies
955 4968 1196 5024 hostium
1263 4967 1531 5023 militibus
1594 4966 1933 5039 diripiendas
1983 4968 2081 5023 da-

503 5063 615 5131 his,
674 5062 791 5118 sive
843 5069 1145 5133 apparatus
1209 5060 1435 5132 aliquis,
1490 5062 1607 5117 sive
1666 5059 2077 5132 impedimenta,

505 5156 623 5213 sive
669 5153 907 5221 tuldum,
965 5154 1081 5211 sive
1134 5153 1352 5222 civitas,
1387 5154 1505 5210 sive
1554 5154 1839 5210 castellum
1878 5153 2074 5211 fuerit:

506 5249 615 5306 nisi
662 5249 708 5306 si
748 5248 982 5321 captivis
1048 5249 1326 5319 rebusque
1370 5248 1604 5319 direptis
1639 5248 1850 5318 aliquid
1884 5249 2079 5305 melius

506 5359 571 5399 ac
618 5344 939 5416 praeclarius
1003 5342 1195 5400 facies.

576 5436 633 5494 7.
674 5436 814 5509 Quid
847 5437 994 5494 enim
1019 5451 1201 5493 causa:
1232 5449 1356 5493 esse
1389 5443 1591 5508 potest,
1624 5449 1725 5491 cur
1766 5449 1873 5490 non
1898 5451 1926 5489 e
1961 5435 2073 5491 bel-

508 5530 629 5586 licis
656 5530 848 5602 spoliis
879 5529 1089 5587 strenui
1128 5527 1332 5584 milites
1381 5527 1601 5598 prmtuia
1637 5527 1939 5595 baberent;
1979 5543 2075 5584 ve-

508 5632 729 5683 natores
768 5624 915 5681 enim
954 5622 1235 5680 cernimus
1258 5636 1425 5679 canes
1468 5637 1599 5679 suos
1631 5621 1938 5679 venationis
1969 5636 2082 5677 suae

2183 4603 2573 4669 σπουδάζουσιν
2606 4602 2985 4673 ἀνδραγαθεῖν.

2256 4704 2328 4765 ς’.
2360 4697 2469 4752 Καὶ
2505 4698 2583 4769 μὴ
2628 4696 2788 4768 μόνον
2849 4694 2989 4749 κατά
3018 4691 3117 4748 ἕνα
3169 4691 3342 4764 ἀνδρα
3372 4691 3473 4755 τὰς
3525 4687 3753 4761 ἀμοιϐὰς

2184 4790 2454 4857 ἁποδίδου,
2483 4786 2619 4843 ἀλλά
2650 4790 2744 4843 καὶ
2785 4786 2909 4842 ὅλον
2933 4786 3140 4855 τάγμα,
3167 4785 3203 4857 ή
3222 4783 3508 4857 δροῢγγον,
3538 4782 3571 4854 ἢ
3598 4779 3751 4851 τούρ-

2186 4899 2313 4958 μαν,
2354 4880 2870 4955 ἀνδραγαθήσαντας
2900 4878 3163 4952 ἐπίτρεπε
3210 4874 3527 4948 διαρπάζειν
3552 4874 3619 4928 τὰ
3650 4872 3755 4927 τῶν

2189 4976 2464 5046 πολεμίων
2496 4975 2623 5037 τοὺς
2677 4970 3039 5046 στρατιώτας,
3093 4968 3205 5023 είτε
3245 4966 3551 5023 ἀποσκευαί
3596 4967 3752 5031 εἰσιν,

2187 5072 2297 5125 εἴτε
2328 5069 2388 5124 τὸ
2416 5066 2657 5132 τοῢλδον,
2683 5065 2793 5119 εἴτε
2829 5063 3005 5127 πόλις,
3038 5062 3073 5134 ἢ
3101 5062 3354 5132 κάστρον,
3390 5060 3425 5132 ή
3452 5076 3506 5112 τι
3537 5058 3752 5129 ἕτερον·

2188 5160 2284 5216 ἐὰν
2313 5161 2418 5232 ἄρα
2448 5158 2522 5232 μὴ
2548 5156 2708 5230 βούλῃ
2729 5153 3095 5229 χρηστότερόν
3120 5170 3173 5207 τι
3217 5152 3346 5223 περὶ
3383 5149 3494 5203 τῶν
3525 5147 3753 5202 ἑαλωκό-

2185 5272 2295 5309 των
2332 5254 2425 5307 xal
2449 5251 2790 5325 πραγμάτων
2819 5249 2912 5304 καὶ
2944 5242 3309 5319 αἰχμαλώτων
3344 5239 3747 5313 βουλεύσασθαι.

2267 5431 2329 5496 ζ’.
2367 5431 2473 5484 και
2524 5428 2641 5488 πῶς
2700 5425 2806 5498 γὰρ
2834 5427 2894 5479 οὐ
2925 5424 3131 5478 δίκαιον
3166 5423 3278 5486 τοῖς
3308 5421 3619 5493 εἰρημένοις
3648 5417 3753 5473 ἀπὸ

2190 5528 2297 5583 τῶν
2327 5522 2597 5595 πολεμίων
2629 5520 2842 5583 σκύλοις
2867 5519 2995 5582 τοὺς
3032 5514 3460 5587 ἀριστεύσαντας
3491 5509 3750 5585 στρατιώ-

2187 5637 2286 5684 τας
2321 5615 2718 5688 φιλοτιμείσθαι
2746 5633 2759 5674 ;
2788 5613 3000 5685 ὁρῶμεν
3052 5610 3159 5682 γὰρ
3195 5611 3276 5664 ὅτι
3303 5609 3399 5663 καὶ
3430 5607 3557 5673 τοὺς
3626 5624 3750 5661 κυν-

1998 5740 2207 5799 NOTAE

578 5822 692 5895 (τε)
718 5823 776 5879 in
798 5821 919 5880 cod.
956 5819 1121 5877 Laur.
1156 5828 1385 5888 estcap.
1420 5815 1489 5872 {5‘
