4020 6312
209 350 338 414 909
1296 352 1633 416 TACTICA.
1670 377 1740 392 -·-
1778 354 2283 419 CONSTITUTIO
2320 359 2472 421 XVI.
3399 355 3507 420 910

201 467 535 534 ηγετικοὺς
561 464 727 529 κύνας
780 465 830 520 οἱ
890 465 1117 536 κυνηγοὶ
1151 463 1244 519 τοῦ
1286 465 1653 539 θηρευομένου
1687 464 1827 530 ζώου

1958 468 2202 540 anguine
2245 470 2491 527 inescare
2516 511 2532 537 ,
2570 468 2843 526 interdum
2889 468 3052 524 etiam
3092 468 3370 525 intestinis
3415 467 3512 520 do—

199 557 294 628 τῷ
327 559 562 632 αἵματι,
599 558 691 614 καί
737 575 866 611 ποτε
925 559 1018 612 καὶ
1071 559 1178 622 τοῖς
1239 558 1532 622 ἐντοσθίοις
1559 557 1833 622 δελεάζειν

1958 575 2093 625 tare,
2125 569 2181 616 ut
2213 564 2279 616 ad
2315 563 2718 633 persequendas
2751 560 2896 616 feras
2925 559 3218 614 alacriores
3249 557 3406 613 fiant.
3435 557 3512 609 lta

199 648 540 717 ἀναγκαῖον
597 648 900 712 ποιοῦνται,
946 648 1034 702 ἵνα
1065 647 1506 719 προθυμοτέρους
1541 648 1637 701 καὶ
1670 646 1832 701 πάλιν

1958 661 2066 708 inte
2085 653 2210 711 belli
2240 658 2445 710 exitum
2477 657 2522 712 si
2557 655 2994 711 munerabuntur
3026 650 3248 717 milites,
3280 650 3516 705 alacrior

201 742 296 804 είς
330 741 737 814 τοὺςιάγῶνας
773 741 873 810 τῆς
929 740 1103 813 θήρας
1139 744 1461 810 ποιήσωσιν.
1504 737 1691 804 Οὕτως
1722 738 1832 812 γὰρ

1958 746 2220 801 :xercitus
2245 747 2308 801 ad
2335 748 2534 802 bellum
2567 747 2862 817 gerendum
2896 745 3006 800 tiet.

207 837 506 908 μάλιστα,
553 839 603 893 εί
653 838 745 892 καὶ
790 838 956 908 μήπω
1015 836 1168 901 τέλος
1219 835 1438 906 δέξηται
1491 837 1520 889 δ
1568 833 1826 906 πόλεμος,
1865 835 2275 912 προθυμότερος
2310 843 2337 894 ὁ
2372 841 2600 912 στρατὸς
2664 839 2799 910 προς
2872 835 2970 899 τὰς
3035 835 3213 906 μάχας
3289 832 3516 903 γενήσε-

204 947 337 984 ται.

288 1030 376 1095 η’.
417 1021 683 1096 Διαφέρει
747 1021 1173 1095 γὰρόπόλεμος
1218 1018 1319 1090 τῆς
1379 1020 1579 1091 μάχης·
1635 1020 1663 1073 ὁ
1732 1019 1831 1091 μὲν

212 1115 339 1187 γὰρ
409 1116 647 1186 πόλεμος
714 1113 823 1169 ἀπὸ
853 1114 1028 1185 ἀρχῆς
1056 1114 1153 1168 καὶ
1203 1115 1370 1184 μέχρι
1395 1111 1581 1176 τέλους
1608 1112 1702 1166 καὶ
1731 1129 1832 1166 κα-

1958 1111 2011 1168 io
2037 1127 2209 1183 usque
2234 1112 2299 1166 ad
2326 1111 2490 1167 finem
2512 1120 2564 1167 et
2591 1109 2833 1166 omnium
2863 1109 3094 1163 militum
3125 1105 3514 1173 cessationem,

213 1209 428 1264 ταπαύ
440 1226 576 1272 σεως
603 1208 711 1262 τῶν
771 1207 1098 1279 μαχομένων
1119 1204 1360 1274 λέγεται,
1395 1203 1597 1268 πολλὰς
1620 1204 1679 1257 ἐν
1709 1203 1834 1258 ἐαυ-

1958 1206 2136 1261 nultas
2174 1206 2378 1262 dicitur
2408 1205 2462 1260 in
2493 1221 2554 1262 se
2578 1220 2789 1277 pugnas
2827 1203 3112 1259 continere
3142 1219 3156 1256 :
3195 1214 3376 1272 pugna
3415 1215 3516 1254 au-

214 1301 304 1373 τῷ
343 1303 540 1374 μάχας
591 1300 898 1372 περιέχωνο
931 1301 965 1371 ἡ
1010 1299 1067 1353 δὲ
1130 1298 1275 1370 μάχη
1338 1296 1564 1368 μερικὸς
1609 1296 1832 1366 λέγεται

1958 1315 2040 1354 em
2098 1315 2226 1370 pars
2266 1300 2516 1370 quaedam
2565 1297 2724 1370 quasi
2772 1297 2899 1354 belli
2963 1295 3165 1351 dicitur
3206 1335 3221 1361 ,
3281 1309 3400 1365 quae
3461 1294 3517 1348 in

217 1396 513 1464 πόλεμος,
570 1393 834 1457 πολλάκις
888 1391 1149 1463 γινομένη
1193 1389 1362 1461 ἐντῷ
1392 1388 1485 1443 τοῦ
1532 1388 1658 1444 καθ’
1711 1387 1836 1443 ὅλου

1958 1388 2198 1444 iniverso
2233 1388 2376 1444 bello
2403 1404 2545 1458 saépe
2589 1396 2674 1444 est
2697 1429 2713 1451 ,
2760 1403 2904 1459 saepe
2941 1387 3132 1453 abest,
3175 1401 3295 1456 qua:
3331 1393 3517 1440 tamen

2001 1019 2053 1075 8.
2099 1019 2306 1075 Bellum
2340 1035 2370 1073 a
2408 1034 2590 1092 pugna
2631 1017 2848 1074 differt:
2878 1017 3077 1073 bellum
3127 1012 3270 1070 enim
3303 1013 3371 1070 ab
3403 1013 3516 1069 lni-

219 1487 492 1560 πολέμου
547 1483 747 1557 καιρῷ,
808 1483 904 1538 καὶ
946 1482 1340 1553 ἀπο-γινομένη.
1370 1481 1446 1535 Οὐ
1489 1482 1595 1552 μὴν
1619 1480 1677 1534 δὲ
1706 1481 1840 1535 πάν-

1958 1479 2100 1534 inem
2138 1479 2264 1534 belli
2296 1494 2406 1535 non
2437 1478 2616 1534 affert.
2654 1477 2868 1533 Etenim
2909 1492 3055 1546 saepe
3087 1475 3190 1540 bis,
3221 1489 3367 1543 saepe
3406 1479 3514 1537 ter,

214 1599 358 1636 τοτε
448 1581 602 1646 τέλος
675 1579 956 1648 ἐπάγουσα
1014 1577 1252 1647 πολέμου
1281 1617 1296 1644 ,
1353 1575 1491 1630 ἀλλὰ
1548 1574 1683 1646 πρὸς
1739 1573 1840 1645 τὴν

1958 1579 2034 1624 tut
2075 1569 2239 1627 etiam
2287 1569 2654 1641 frequentius,
2683 1583 2782 1639 pro
2807 1583 2994 1624 rerum
3020 1563 3387 1639 gerendarum
3418 1577 3519 1619 ne-

218 1677 438 1748 χρείαν
475 1675 568 1730 καὶ
603 1672 696 1728 δύο
720 1672 815 1727 καὶ
844 1671 964 1745 τρὶς
991 1672 1084 1723 καὶ
1140 1667 1399 1730 πολλάκις
1427 1667 1484 1720 ἐν
1511 1666 1615 1739 ὅλῳ
1641 1663 1716 1738 τῷ
1746 1664 1839 1719 τοῦ

1958 1661 2215 1728 :essitate,
2250 1662 2306 1716 in
2340 1662 2541 1718 bellum
2578 1659 2906 1733 confligunt.

219 1767 494 1839 πολέμου
532 1765 710 1837 καιρῷ
746 1763 846 1828 τὰς
879 1761 1154 1833 συμϐολὰς
1187 1759 1504 1831 ποιουμένη.

301 1822 395 1918 θ’..
413 1860 532 1925 Τὰς
564 1822 900 1930 δέιὰρπαγ-ὰς
932 1822 1032 1909 οὐκ
1059 1822 1151 1908 ἐπι
1189 1822 1370 1925 πάσης
1396 1822 1577 1924 μάχης
1605 1850 1834 1921 λέγομεν

2008 1845 2064 1902 9.
2099 1843 2491 1900 insectationes
2543 1841 2786 1897 hostium
2833 1855 2941 1895 non
2993 1853 3211 1910 semper
3247 1848 3368 1910 post
3413 1854 3516 1910 pu-

223 1953 521 2024 γίνεσθαι,
550 1951 684 2009 ἀλλὰ
708 1950 836 2004 ποτὲ
863 1951 982 2020 μὲν,
1010 1948 1138 2002 ποτέ
1153 1947 1208 2000 δὲ
1236 1945 1320 2011 οὒ,
1351 1946 1532 2009 καθὼς
1551 1945 1681 1999 αὐτὸ
1701 1961 1837 2015 συμ-

1958 1955 2124 2012 gnam,
2152 1938 2249 1997 sed
2281 1937 2552 1994 interdum
2603 1935 2756 2002 fiunt,
2807 1933 3082 1990 interdum
3118 1948 3222 1989 non
3246 1974 3262 2000 ,
3308 1948 3505 2004 quem-

226 2050 413 2120 φέρον
442 2045 726 2116 ἀπαιτήσῃ
751 2042 846 2098 τοῦ
869 2040 1086 2114 καιροῦ.

309 2147 365 2196 ι’.
448 2138 559 2196 Καὶ
601 2138 671 2192 τὰ
701 2137 800 2208 μὲν
849 2134 1176 2206 αίχμάλωτα
1236 2131 1464 2202 σώματα
1505 2129 1837 2202 πιπράσκειν

226 2234 336 2289 τὸν
400 2230 671 2306 στρατόν·
710 2229 758 2283 εί
797 2228 855 2282 δὲ
894 2227 1192 2299 χρημάτων
1226 2225 1342 2279 ἐστὶ
1397 2226 1575 2295 χρεία,
1624 2223 1720 2279 καὶ
1745 2224 1839 2276 61-

228 2325 430 2398 πᾶνης
479 2322 665 2393 κοινῆς
694 2320 789 2376 καὶ
818 2319 1081 2390 μεγάλης,
1110 2317 1288 2374 πάντα
1311 2316 1445 2389 πρὸς
1476 2315 1539 2370 σὲ
1571 2313 1840 2386 ἀναφέρε-

232 2414 370 2468 σθαι
401 2411 664 2486 κήρυξον,
729 2408 824 2464 καλ.
863 2410 1041 2463 πᾶσαν
1094 2407 1389 2477 ἐπιθυμίαν
1423 2405 1517 2461 καὶ
1549 2403 1645 2459 σοῦ
1671 2404 1837 2459 αὐτοῦ

233 2506 341 2562 καὶ
379 2507 499 2561 τῶν
543 2503 648 2559 ὑπὸ
675 2507 734 2558 σὲ
755 2501 1035 2574 ἀρχόντων
1063 2499 1171 2554 ἀπδ
1202 2499 1312 2553 τῶν
1339 2495 1598 2552 τοιούτων
1638 2497 1840 2551 ἐπισω-

233 2599 570 2673 ρευομὲνων
632 2594 933 2667 χρημάτων
991 2592 1324 2665 χαλίνωσον,
1372 2590 1468 2644 καὶ
1521 2587 1841 2658 ἀναλογίζου

234 2691 342 2764 τὴν
374 2690 575 2762 χρείαν
610 2688 720 2742 τῶν
754 2686 1090 2756 ἀναγκαίων.
1126 2684 1234 2739 Καὶ
1263 2683 1439 2747 οὕτως
1478 2681 1707 2737 δύνασαι
1741 2681 1842 2753 τὴν

235 2783 340 2838 τοῦ
376 2779 569 2838 κοινοῦ
620 2781 870 2852 δαπάνην
918 2779 1057 2834 κατά
1082 2779 1142 2833 τὸ
1170 2777 1395 2832 δυνατὸν
1427 2775 1725 2840 ἀναλῶσαι,
1748 2773 1846 2830 καὶ

236 2878 374 2941 τοὺς
412 2879 477 2932 ἐν
504 2878 569 2949 τῇ
607 2875 756 2948 μάχῃ
811 2872 1258 2944 ἀγωνισαμένους
1305 2866 1838 2941 παραμυθήσασθαι,

239 2973 291 3025 εί
321 2969 432 3042 μὲν
455 2969 678 3023 δύνασαι
710 2967 798 3022 ’ὁιά
833 2967 1156 3039 χρημάτων,
1178 2967 1226 3018 εί
1247 2962 1294 3018 δ’
1322 2964 1424 3018 οὐκ
1458 2961 1712 3035 ἐπαρκεῖ,
1755 2958 1847 3014 διὰ

240 3064 437 3136 τιμῶν
470 3061 564 3116 καὶ
589 3060 941 3133 ἀξιωμάτων.

317 3161 419 3211 ια’.
453 3153 598 3218 Τοὺς
623 3153 681 3207 δέ
706 3151 1087 3224 αἰχμαλώτους
1139 3148 1246 3220 προ
1276 3147 1368 3204 τοῦ
1414 3146 1637 3211 τελείως
1678 3161 1847 3200 κατα·
1871 3173 1918 3236 C

244 3250 466 3307 παῦσαι
518 3247 613 3302 τὸν
664 3245 900 3317 πόλεμον
951 3244 1025 3316 μὴ
1061 3246 1257 3308 κτεῖνε,
1297 3243 1393 3296 καὶ
1453 3240 1689 3312 μάλιστα
1717 3237 1847 3302 τοὺς

176 3349 180 3352 ’
244 3341 499 3410 ἐνδόξους
552 3340 646 3394 καὶ
687 3327 955 3410 μεγάλους
1016 3335 1167 3407 παρά
1199 3337 1314 3400 τοῖς
1353 3332 1636 3404 πολεμίοις
1657 3331 1843 3396 ὄντας

245 3438 660 3511 ἐνθυμούμενος
685 3435 745 3490 τδ
777 3433 971 3506 ἄδηλον
1006 3433 1105 3504 τῆς
1148 3431 1321 3504 τύχης
1346 3470 1361 3496 ,
1394 3430 1491 3483 καὶ
1551 3429 1612 3482 τὸ
1660 3425 1849 3481 παλίν-

245 3550 458 3606 τροπον
483 3532 559 3596 ὡς
584 3530 676 3586 ἐπὶ
705 3529 764 3584 τὸ
793 3528 927 3582 πολὺ
979 3527 1079 3598 τῆς
1119 3525 1298 3597 νίκης·
1355 3522 1425 3578 ἶν’
1456 3521 1609 3597 ἔχῃς,
1673 3521 1726 3574 εἴ
1783 3536 1850 3588 γε

249 3623 440 3698 συμϐῇ
474 3624 506 3695 ἢ
552 3623 663 3677 τῶν
696 3622 800 3676 ὑπο
842 3622 901 3675 σέ.
936 3636 1092 3684 τινας
1138 3617 1504 3690 κρατηθῆναι,
1538 3617 1570 3688 ἢ
1609 3614 1848 3684 κάστρου

249 3717 512 3788 γενέσθαι
561 3715 692 3770 ίδίου
728 3732 822 3770 σου
858 3713 1080 3778 ἅλωσιν,
1107 3710 1174 3765 δι’
1203 3711 1388 3766 αὐτῶν
1422 3707 1851 3764 ἀντικαταλλάτ-

250 3825 369 3862 τειν
424 3807 519 3862 καὶ
576 3804 959 3860 ἀνακαλεῖσθαι
1009 3802 1098 3867 τά,
1132 3801 1206 3866 ὡς
1237 3801 1407 3865 εἰκὸς,
1466 3797 1845 3867 συμϐαίνοντα

255 3901 394 3971 ἡττή
404 3914 574 3970 ματαο
592 3901 685 3954 καὶ
701 3900 822 3954 ἀντὶ
841 3897 951 3950 τῶν
971 3895 1248 3967 πολεμίων
1269 3891 1632 3965 αἰχμαλώτων
1649 3889 1848 3947 ἀναλά-

254 3994 360 4068 ὁῃς
391 3994 522 4058 τοὺς
547 3993 735 4063 φίλους
757 3993 852 4046 καὶ
879 3991 1217 4062 συμμάχουςο
1256 3988 1305 4040 εί
1333 3985 1388 4039 δὲ
1413 3982 1544 4057 ἶμὴ]
1568 3983 1849 4054 βούλονται

256 4086 422 4141 τοῦτο
472 4087 645 4139 ποιεῖν
683 4085 733 4140 οἱ
775 4084 1048 4154 πολέμιοι,
1090 4081 1214 4135 τότε
1242 4079 1469 4140 δικαίως
1490 4076 1632 4129 κατά
1653 4073 1712 4127 τδ
1740 4073 1853 4128 ἴσον

258 4178 496 4250 ἀμύνου,
527 4177 899 4250 διαχρώμενος
931 4175 1006 4240 ὡς
1030 4174 1197 4247 βούλῃ
1225 4171 1317 4225 ἐπὶ
1370 4169 1515 4240 λύπῃ
1546 4167 1653 4222 τῶν
1691 4168 1849 4220 ἐναν-

259 4273 421 4326 τίων.

338 4362 433 4434 ιβ’.
471 4359 627 4417 Μετὰ
653 4358 710 4414 δέ
738 4357 806 4412 τὰ
838 4355 1239 4428 κατορθώματα
1292 4355 1386 4410 καὶ
1443 4353 1569 4416 τοὺς
1612 4349 1847 4421 ἀγῶνας,

263 4448 312 4511 ὧ
347 4453 644 4525 στρατηγὲ,
675 4452 770 4506 καὶ
799 4450 934 4523 πρὸς
963 4447 1205 4520 εὐωχίας
1227 4448 1394 4518 ἧγουν
1430 4444 1710 4516 τραπέζας
1756 4441 1852 4496 καὶ

1940 2032 2234 2092 admodum
2265 2028 2567 2087 necessitas
2595 2028 2721 2084 belli
2750 2027 2943 2098 exigit.

2011 2127 2100 2183 10.
2143 2124 2274 2191 Qum
2314 2122 2460 2178 bello
2511 2121 2802 2191 capiuntur
2829 2119 3024 2174 vendat
3069 2117 3393 2173 exercitus:
3428 2117 3516 2172 sin

1940 2218 2188 2294 pecuniis
2213 2222 2309 2271 aut
2331 2219 2640 2269 commeatu
2675 2226 2815 2280 opus
2837 2210 2907 2266 sit
2935 2210 3117 2264 omnia
3144 2209 3208 2264 ad
3238 2217 3289 2265 te
3312 2206 3509 2264 abduci

1939 2309 2178 2383 iubebis,
2216 2316 2473 2376 tuamque
2501 2318 2566 2360 ac
2620 2302 2955 2374 reliquorum
2999 2299 3383 2372 praefectorum
3411 2314 3516 2355 cu-

1943 2402 2224 2473 piditatem
2252 2399 2322 2454 iis
2349 2395 2598 2468 pecuniis
2622 2393 2870 2450 collectis
2898 2393 3145 2457 obstrue,
3175 2400 3231 2447 et
3261 2405 3516 2447 necessa-

1945 2496 2147 2550 riarum
2181 2506 2365 2547 rerum
2385 2488 2626 2559 inopiam
2651 2499 3041 2542 commemora.
3063 2483 3237 2554 Atque
3258 2482 3334 2537 ita
3364 2488 3520 2553 potes

1942 2602 2128 2645 rerum
2165 2583 2603 2643 necessariarum
2635 2595 2700 2637 ac
2737 2587 3080 2635 commeatus
3113 2576 3354 2647 inopiam
3385 2590 3522 2646 sup.

1947 2684 2218 2756 peditare,
2253 2693 2458 2750 eosque
2488 2678 2583 2748 qui
2617 2678 2669 2731 in
2693 2675 2883 2748 praelio
2912 2674 3175 2731 dimicant
3212 2672 3521 2738 sublevare,

1944 2779 1990 2836 si
2027 2785 2205 2850 potes,
2235 2774 2486 2846 pecunia,
2522 2773 2607 2829 sin
2655 2771 2838 2828 minus
2864 2769 2966 2827 hoc
3017 2767 3151 2826 satis
3197 2766 3387 2834 fuerit,
3421 2765 3526 2823 lio-

1945 2870 2175 2928 noribus
2199 2876 2253 2924 et
2277 2866 2567 2938 dignitate.

2022 3144 2109 3200 Η.
2150 3140 2410 3212 Captivos
2450 3145 2580 3195 ante
2633 3136 2836 3193 bellum
2871 3133 3277 3191 confectummc
3320 3130 3528 3186 interii-

1959 3241 2098 3307 cias,
2133 3238 2463 3308 nobilesque
2509 3235 2564 3290 in
2605 3233 2800 3306 primis
2845 3247 2910 3288 ac
2947 3231 3187 3286 illustres
3216 3228 3364 3284 viros
3395 3245 3408 3280 :
3442 3241 3528 3283 re-

1956 3341 2155 3408 putare
2191 3330 2339 3392 enim
2369 3329 2532 3386 debet
2564 3327 2856 3400 ancipitem
2887 3325 3015 3381 belli
3061 3323 3268 3380 exitum
3290 3361 3306 3390 ,
3350 3323 3531 3375 incer-

1955 3440 2151 3498 tosque
2178 3441 2344 3483 casus
2367 3467 2385 3492 ,
2416 3422 2947 3492 conversionemquc
2982 3433 3164 3474 rerum
3201 3423 3254 3472 et
3276 3413 3533 3470 .victoriaa
3579 3411 3581 3414 ’

1951 3536 2112 3593 quam
2151 3517 2344 3574 habes.
2368 3515 2474 3571 Aut
2504 3515 2550 3572 si
2579 3513 2862 3583 contingat
2919 3512 3133 3582 aliquos
3172 3507 3240 3565 de
3269 3506 3401 3572 tuis,
3428 3513 3525 3560 aut

1957 3613 2247 3670 castellum
2272 3608 2497 3680 aliquod
2523 3608 2668 3678 capi,
2695 3605 2802 3661 illis
2830 3612 3137 3658 commutes
3167 3609 3221 3655 et
3253 3599 3526 3656 resarcias

1952 3706 2165 3776 objecta
2200 3702 2435 3765 damna,
2487 3705 2542 3756 et
2585 3713 2685 3769 pro
2741 3694 2994 3750 hostibus
3034 3691 3268 3762 captivis
3322 3687 3530 3744 amicos

1955 3798 2244 3867 sociosque
2263 3791 2636 3863 recuperabis.
2664 3787 2760 3844 Sin
2793 3787 2973 3842 minus
3003 3785 3105 3840 hoc
3131 3785 3317 3839 hostes
3344 3782 3530 3836 volue-
3558 3852 3559 3855 η

1954 3891 2110 3954 rint,
2160 3904 2230 3943 ex
2284 3898 2442 3955 aequo
2488 3889 2605 3939 tum
2648 3889 2702 3937 et
2747 3880 2892 3935 bono
2939 3878 3061 3932 illos
3111 3872 3416 3939 ulcisceris,
3465 3871 3533 3925 ad

1955 3980 2230 4041 vexandos
2288 3979 2476 4035 hostes
2530 3975 2652 4032 illos
2716 3986 2816 4045 pro
2880 3970 3150 4026 arbitratu
3207 3977 3301 4023 tuo
3359 3963 3530 4021 truci-

1955 4076 2134 4133 dabis.

2029 4345 2114 4400 12.
2158 4343 2285 4399 Post
2322 4355 2412 4397 res
2470 4339 2677 4408 aliquot
2708 4310 2846 4391 bene
2894 4341 3080 4404 gestas
3112 4345 3166 4385 .u
3212 4325 3434 4399 praelia,
3472 4338 3536 4377 ac

1956 4436 2341 4494 dimicationes
2373 4431 2636 4504 quasdam
2671 4425 2905 4483 feliciter
2928 4422 3209 4487 cadentes,
3246 4419 3314 4474 ad
3344 4416 3535 4486 epulas

264 4549 465 4620 ἄριστα
507 4547 818 4620 προτρέπου
875 4542 1241 4598 καθίστασθαι
1284 4539 1411 4604 τούς
1464 4556 1523 4593 τε
1556 4537 1843 4608 ἄρχοντας,

1958 4542 2008 4588 et
2038 4528 2292 4586 convivia
2326 4532 2381 4582 et
2410 4521 2648 4579 lautiora
2678 4518 2908 4592 prandia
2948 4525 3062 4571 tum
3103 4513 3390 4585 prmfcctos
3419 4519 3535 4562 tum

266 4639 363 4694 καὶ
384 4638 513 4702 τούς
532 4655 624 4692 σου
650 4635 1008 4708 στρατιώτας,
1029 4634 1101 4688 τὰ
1131 4635 1228 4704 μὲν
1246 4633 1334 4688 διὰ
1363 4630 1458 4686 σού
1481 4628 1672 4696 αὑτοῦ,
1698 4629 1766 4683 τὰ
1797 4628 1850 4682 δὲ

267 4732 354 4788 διὰ
403 4729 512 4787 τῶν
565 4729 861 4802 ἀρχόντων,
920 4729 985 4782 τὰ
1019 4728 1076 4780 δὲ
1133 4729 1222 4782 διὰ
1268 4726 1377 4780 τῶν
1422 4722 1850 4796 κοντουϐερνίων

272 4825 439 4892 ἰδίων,
474 4824 570 4880 καὶ
624 4823 859 4894 μάλιστα.
908 4822 972 4877 ἐκ
1003 4819 1112 4873 τῶν
1147 4817 1521 4890 κερδηθέντων
1583 4816 1694 4871 ἀπὸ
1745 4813 1854 4867 τῶν

271 4917 565 4987 πολεμίων.
623 4915 731 4970 Καὶ
785 4911 958 4978 οὕτως
1005 4912 1095 4966 διὰ
1136 4909 1346 4965 πολλῶν
1387 4906 1854 4980 ἀριστοποιεῖσθαι

271 5007 362 5062 καὶ
404 5005 777 5062 ἀναπαύεσθαι
832 5004 959 5068 τοὺς
1027 5001 1360 5073 στρατιώτας
1415 4996 1848 5071 παρασκεύαζε*

273 5098 360 5151 ἵνα
417 5098 615 5162 εἰδότες
656 5097 784 5152 οἵων
828 5095 1103 5162 ἀξιοῦνται
1146 5096 1284 5166 μετά
1313 5092 1373 5146 τδ
1411 5084 1698 5162 παρελθεῖν
1730 5090 1865 5153 τοὺς

278 5188 565 5262 πολεμίους
621 5189 843 5259 ἀγῶνας
884 5189 936 5243 οί
968 5187 1347 5260 ἀριστεύοντες
1380 5185 1474 5238 καὶ
1523 5185 1572 5237 οἱ
1603 5184 1861 5254 νικήσαν-

1943 4622 2160 4678 milites
2193 4617 2390 4691 partim
2432 4631 2530 4688 per
2573 4610 2973 4677 contubernia,
3018 4624 3085 4664 ex
3132 4605 3198 4660 iis
3231 4618 3352 4676 qua:
3394 4601 3537 4656 bello

1961 4721 2119 4785 capta
2145 4721 2273 4768 sunt
2297 4706 2656 4782 praeparabis,
2690 4712 2853 4774 atque
2889 4701 3025 4757 adeo
3063 4696 3365 4770 prandeant
3397 4693 3537 4748 hila-

1962 4815 2263 4878 renturque
2314 4803 2569 4858 milites:
2619 4797 2822 4854 ellicies
2882 4794 3028 4851 enim
3079 4800 3138 4846 ut
3185 4790 3278 4861 qui
3326 4785 3538 4841 strenui

1965 4912 2096 4960 sunt
2123 4938 2142 4965 ,
2173 4897 2476 4955 sentientes
2506 4892 2709 4964 quibus
2741 4890 2907 4946 rebus
2945 4902 3010 4942 ac
3059 4884 3263 4941 laetitiis
3303 4888 3426 4952 post
3459 4879 3539 4932 vi-

1962 4994 2191 5049 ctoriam
2221 4990 2474 5045 fruentur
2500 5025 2516 5052 ,
2556 4984 2850 5039 alacriores
2891 4980 2960 5035 ad
2987 4964 3170 5034 omnia
3202 4983 3329 5031 ante
3364 4971 3540 5028 victo-

1967 5089 2103 5143 riam
2130 5083 2448 5140 sustinenda
2483 5078 2730 5153 pericula
2762 5074 2899 5141 sint,
2935 5080 2989 5130 et
3017 5071 3085 5128 ad
3116 5070 3331 5126 labores
3364 5066 3543 5137 magis

1967 5176 2221 5251 prompti.

277 5296 392 5352 τκς,
412 5254 809 5358 προθυμότεροι
828 5254 1092 5351 γένωνται
1115 5281 1250 5352 πρὸς
1278 5281 1338 5335 τδ
1363 5277 1657 5351 ὑπομένειν
1685 5277 1859 5332 πάντα
1888 5275 1992 5347 πρὸ
2021 5271 2115 5326 τοῦ
2160 5270 2398 5341 νικῆσαι,
2428 5267 2524 5322 καὶ
2546 5264 2678 5337 πρὸς
2727 5262 2851 5327 τοὺς
2896 5260 3090 5322 πόνους
3155 5254 3354 5329 μᾶλλον
3406 5254 3545 5307 ἑτοι-

282 5376 405 5443 Mra
413 5394 492 5445 ροι
501 5417 514 5430 .

350 5466 439 5534 ιγ’.
466 5466 698 5541 Προνοοῦ
719 5467 775 5522 δὲ
800 5467 1031 5540 μάλιστα
1053 5464 1146 5518 καὶ
1177 5464 1272 5535 τῆς
1291 5463 1402 5516 τῶν
1421 5461 1630 5533 νεκρῶν
1655 5464 1856 5532 ταφῆς,

285 5563 419 5631 μήτε
452 5562 659 5632 καιρὸν,
689 5562 821 5633 μήτε
844 5560 1012 5630 ὤραν,
1045 5559 1181 5628 μήτε
1228 5555 1414 5619 τόπον,
1467 5555 1603 5625 μήτε
1670 5553 1853 5623 φόϐον,

288 5648 773 5716 προφασιζόμενος,
800 5645 970 5699 κᾶντε
990 5642 1154 5696 νικῶν
1177 5641 1367 5711 τύχῃς,
1402 5640 1502 5694 κᾶν
1526 5657 1583 5692 τε
1605 5637 1851 5710 ἡττώμε-

286 5753 369 5798 νος
395 5755 408 5770 ο
445 5739 674 5792 πάντοτε
734 5738 829 5808 μὲν
861 5736 966 5809 γὰρ
995 5734 1157 5788 καλὸν
1210 5739 1304 5787 καὶ
1331 5734 1476 5787 ὅσιον
1504 5734 1536 5803 ἠ
1564 5731 1697 5801 πρὸς
1726 5732 1850 5795 τοὺς

2042 5453 2127 5508 l5.
2171 5448 2248 5505 De
2277 5445 2606 5519 sepeliendis
2638 5440 2869 5498 mortuis
2899 5439 3193 5496 admodum
3237 5433 3541 5494 laborahis,

1965 5561 2141 5614 neque
2164 5552 2380 5612 tempus
2407 5579 2424 5606 ,
2453 5553 2631 5610 neque
2667 5535 3016 5591 occasionem
3047 5573 3062 5597 ,
3097 5544 3274 5600 neque
3318 5529 3494 5582 locum
3522 5567 3535 5587 ,

1961 5651 2139 5706 neque
2174 5634 2425 5687 timorem
2468 5644 2726 5685 causans.
2758 5625 3053 5680 Pulchrum
3096 5623 3240 5677 enim
3278 5621 3537 5689 piumque

1961 5743 2085 5784 esse
2120 5726 2338 5781 videtur
2361 5766 2376 5791 ,
2427 5722 2659 5778 mortuis
2695 5721 3034 5789 sepulturam
3074 5729 3294 5787 parare.
3331 5713 3530 5767 Neces-

289 5826 602 5900 τεθνηκότας
644 5804 895 5884 εύσγέἦεια
922 5804 950 5860 ’1
996 5827 1271 5898 ἀναγκαία
1325 5826 1381 5880 δὲ
1426 5826 1658 5898 μάλιστα
1688 5824 1721 5895 ἡ
1757 5824 1848 5878 ἐπὶ

1958 5821 2102 5878 saria
2126 5826 2305 5875 autem
2333 5832 2454 5873 cum
2486 5816 2678 5887 primis
2702 5827 2788 5868 res
2813 5811 2978 5867 ostiis
3005 5808 3096 5879 qui
3122 5807 3262 5864 bello
3298 5804 3532 5873 cadunt;
