4020 6312
462 341 566 410 911

1603 386 1605 388 .
1701 331 1896 394 LEON
1902 331 1975 392 IS
2004 324 2465 389 PHILOSOPHI

3636 307 3740 373 91?.

464 462 638 532 pietas
668 459 813 516 enim
848 472 913 514 ea
953 456 1007 513 in
1041 471 1101 513 re
1140 461 1484 511 monstratur
1511 492 1526 516 ,
1571 462 1626 508 et
1653 452 1900 508 viventes
1929 463 2043 504 ma-

2161 445 2257 508 τοῖς
2297 443 2589 496 πίπτουσιν
2609 440 2667 494 ἐν
2703 437 2874 510 μάχῃ.
2913 438 3026 494 Kal.
3053 436 3164 510 γάρ
3189 438 3284 493 καὶ
3312 437 3374 491 ἐν
3398 436 3644 502 ἐκείνοις
3677 438 3738 492 τὸ

465 565 708 621 gnopere
744 551 851 605 hoc
908 546 1054 604 facto
1086 545 1519 603 consolationem
1557 543 1804 614 capiunt.
1843 539 2048 608 Quem-

462 643 756 700 aJmodum
779 642 832 696 in
855 641 976 696 istis
994 638 1110 694 fieri
1140 635 1308 704 videt,
1331 635 1731 709 unusquisque.
1762 635 1833 689 ita
1858 648 2044 690 secum

463 737 713 790 futurum
772 731 1171 796 arbitrabitur,
1224 727 1271 784 si
1320 727 1376 783 in
1433 727 1574 785 bello
1620 725 1932 782 occumbat.
1989 721 2047 778 Si

464 828 612 883 enim
647 823 952 896 insepultos
989 819 1366 890 disiectosque
1393 832 1518 874 esse
1542 816 1742 881 videat,
1768 829 1929 870 suum
1956 829 2041 869 se-

466 936 591 976 cum
617 927 822 974 statum
863 913 1138 987 reputabit
1167 953 1182 980 ,
1211 912 1356 966 hanc
1389 908 1783 966 contumeliam
1817 907 2047 962 moleste

467 1011 627 1076 feret,
661 1018 714 1064 et
739 1015 969 1064 mortem
1000 1014 1263 1077 quantum
1284 1011 1464 1073 potest
1492 1002 1546 1056 in
1574 999 1760 1072 pra-.lio
1786 997 2044 1069 refugiet,

466 1120 537 1161 ne
567 1103 878 1174 insepultus
909 1099 1227 1169 abjiciatur.
1263 1095 1359 1151 Sin
1398 1095 1639 1151 honores
1672 1093 1902 1148 mortuis
1933 1092 2046 1146 lau-

467 1197 675 1266 desque
708 1195 817 1250 illis
846 1193 938 1265 qui
971 1191 1348 1248 occubuerunt
1379 1195 1762 1259 proponantur
1786 1227 1800 1252 ,
1832 1185 2046 1241 excita-

469 1287 623 1344 bitur
664 1286 837 1359 magis
868 1285 937 1340 ad
981 1281 1188 1356 quaevis
1223 1279 1467 1352 pericula
1512 1279 1946 1349 discriminaque
1985 1277 2042 1331 in

468 1380 614 1436 bello
647 1379 959 1437 subeunda.

539 1472 626 1528 14.
671 1471 768 1528 Sin
802 1472 1082 1542 contingat
1111 1469 1415 1528 exercitum
1455 1476 1610 1523 tuum
1651 1463 1920 1534 superari,
1947 1478 2043 1519 eos

467 1564 564 1634 qui
597 1564 650 1620 in
680 1562 1008 1620 discrimina
1041 1563 1158 1619 haec
1197 1569 1512 1624 evaserunt,
1560 1558 1809 1614 oratione
1839 1554 2046 1611 excita-

467 1654 579 1721 bis,
618 1663 675 1712 et
716 1655 928 1712 alacres
968 1661 1236 1726 quantum
1264 1661 1419 1724 potes
1454 1651 1580 1707 illos
1612 1648 1843 1711 reddes,
1879 1656 1930 1702 et
1962 1645 2045 1700 of-

470 1746 779 1804 fensionem
829 1747 958 1804 belli
1004 1757 1282 1817 acceptam
1338 1742 1571 1802 occultis
1624 1740 2045 1798 incursionibus

471 1850 640 1914 atqtte
673 1839 891 1897 insidiis
919 1839 1208 1897 resarcics.

543 2019 632 2076 i5.
675 2018 868 2075 Solent
911 2017 1055 2074 enim
1089 2016 1344 2073 homines
1377 2015 1540 2071 rebus
1579 2013 1816 2070 feliciter
1875 2015 2047 2083 gestis

471 2110 544 2167 ad
620 2111 835 2182 seipsos
902 2107 1310 2165 conservandos
1385 2107 1813 2180 negligentiores
1878 2122 2045 2162 esse:

471 2202 696 2268 quando
723 2202 869 2257 enim
899 2201 1077 2258 victos
1104 2207 1488 2268 contemnunt,
1508 2199 1724 2271 seipsos
1740 2199 2046 2270 negligunt.

471 2292 651 2364 Atque
693 2294 766 2347 ita
799 2291 1034 2348 felicitas
1058 2290 1134 2345 rei
1160 2296 1328 2362 gestae
1359 2303 1506 2360 sepe
1529 2288 1844 2345 fortunatos
1876 2288 2049 2360 magis

471 2397 635 2454 quam
663 2382 837 2439 victos
865 2387 919 2438 et
944 2386 1233 2452 superatos
1258 2378 1430 2436 laedit.

549 2559 636 2616 {6.
679 2557 760 2614 Tu
798 2561 943 2614 enim
985 2558 1078 2630 qui
1101 2557 1459 2615 offensionem
1490 2556 1619 2613 belli
1655 2555 1916 2627 accepisti
1954 2571 2050 2625 per

473 2656 531 2707 te
556 2665 620 2706 ex
656 2651 727 2706 iis
769 2663 890 2721 quae
919 2665 1214 2721 perpessus
1237 2665 1298 2706 es
1324 2647 1568 2705 didicisti
1591 2646 1826 2716 teipsum
1857 2644 1924 2701 de
1950 2662 2050 2700 cae-

473 2748 594 2798 tero
628 2749 804 2795 tutum
840 2756 1212 2797 conservare:
1249 2740 1341 2796 ille
1369 2748 1552 2796 autem
1577 2739 1671 2810 qui
1698 2753 1879 2795 rerum
1922 2753 2050 2808 pro-

476 2834 739 2904 speritate
787 2834 977 2901 alliuit,
1019 2834 1303 2890 adversam
1338 2832 1614 2889 fortunam
1640 2847 1749 2888 non
1782 2832 2049 2896 sentiens.

475 2929 630 2983 nulla
665 2926 975 2998 provisione
1006 2937 1058 2983 et
1087 2928 1349 2984 cautione
1379 2925 1554 2982 utitur
1579 2925 1648 2981 ad
1679 2940 1743 2981 ea
1767 2924 2051 2981 declinan-

477 3021 572 3084 da,
599 3036 830 3093 quorum
868 3021 1079 3078 nullum
1113 3021 1293 3076 adhuc
1317 3034 1541 3077 sensum
1588 3018 1798 3076 habuit.
1837 3018 2050 3075 Scitum

476 3121 566 3170 est
598 3115 742 3170 enim
777 3114 880 3170 hoc
927 3113 1191 3185 sapientis
1225 3113 1513 3183 cujusdam
1567 3111 1818 3167 verbum.
1865 3110 2053 3166 Timor

477 3217 822 3278 opportunus
855 3249 870 3273 ,
919 3206 1107 3262 sedula
1156 3205 1508 3261 incolumitas
1537 3211 1622 3261 est
1659 3223 1678 3259 :
1715 3205 2054 3274 contemptio

479 3299 816 3370 importuna,
853 3297 1185 3356 insidiabilis
1218 3297 1446 3354 audacia
1480 3304 1589 3354 est.

553 3390 645 3448 17.
685 3390 748 3446 Si
789 3391 1253 3448 intermissionem
1308 3390 1436 3447 belli
1486 3389 1683 3447 feceris
1732 3387 1815 3446 vel
1868 3389 2057 3447 verbis

478 3483 568 3538 vel
598 3481 773 3554 pact-is
812 3489 867 3538 et
907 3481 1363 3538 conventionilius
1386 3521 1402 3547 ,
1443 3491 1601 3553 pacta
1634 3487 1744 3550 tua,
1766 3479 2055 3552 diligenter

482 3575 752 3642 servabis,
796 3589 977 3645 neque
1005 3575 1196 3630 hostes
1249 3574 1490 3639 invades,
1532 3580 1699 3644 atque
1738 3572 2050 3643 imparatus

484 3668 750 3724 adversus
777 3667 963 3722 hostes
993 3667 1124 3730 eris.
1156 3666 1252 3721 sed
1282 3665 1505 3737 quiesce
1526 3666 1684 3738 quasi
1721 3659 1775 3721 in
1811 3679 1944 3736 pace
1964 3680 2058 3721 esi

487 3771 601 3822 ses,
632 3763 856 3826 propter
893 3755 1148 3812 inducias
1177 3770 1303 3810 cum
1336 3755 1592 3812 hostibus
1621 3754 1794 3811 factas
1824 3795 1841 3821 ,
1888 3769 2055 3825 appa-

485 3859 638 3906 ratas
661 3859 842 3906 autem
869 3852 1056 3922 copias
1086 3850 1242 3921 quasi
1267 3850 1333 3906 ad
1358 3851 1555 3906 bellum
1584 3865 1804 3921 semper
1834 3850 2053 3916 habeto,

487 3951 713 4014 propter
751 3943 989 3998 hostium
1023 3941 1343 4014 foedifragas
1366 3948 1420 3998 et
1452 3956 1554 3999 nec
1578 3943 1831 4015 opinatas
1864 3942 2056 3999 incur-

487 4038 694 4094 siones.

557 4129 646 4185 18.
698 4128 804 4186 Par
840 4138 926 4188 est
976 4138 1158 4187 autem
1211 4142 1274 4186 ut
1332 4145 1510 4202 neque
1557 4130 1894 4202 improﬁdus
1953 4131 2059 4187 hoc

490 4231 735 4293 tempore
759 4223 860 4290 sis,
888 4238 988 4280 nec
1014 4239 1206 4281 rursus
1235 4223 1437 4295 aliquid
1471 4223 1695 4294 impium
1737 4232 1932 4294 praeter
1978 4223 2063 4280 in-

490 4314 703 4380 ducias,
744 4313 859 4370 Deo
885 4322 1042 4382 teste,
1071 4314 1242 4370 factas
1292 4315 1604 4370 committas
1627 4356 1643 4381 ,
1680 4315 1782 4371 sed
1820 4314 2062 4370 circum—

489 4416 713 4475 apertus
757 4408 834 4464 sis
868 4408 934 4463 ad
975 4409 1210 4464 hostium
1243 4409 1396 4464 dolos
1432 4417 1596 4479 atque
1640 4407 1869 4464 insidias
1913 4407 2065 4463 devi-

2149 536 2295 590 ὅσιον
2327 537 2619 599 δείκνυται,
2643 533 2737 587 καὶ
2770 532 2906 603 πρὸς
2938 531 3063 596 τοὺς
3091 530 3303 598 ζῶντας
3344 532 3601 603 μεγάλης
3635 550 3740 585 πα-

2151 627 2422 699 ραμυθίας
2452 624 2748 692 ἀπόδειξις.
2780 624 3050 689 Ἕκαστος
3090 623 3201 695 γὰρ
3231 621 3341 678 τῶν
3376 623 3740 694 στρατιωτῶν

2145 720 2290 792 ὀρῶν
2317 719 2379 772 τὸ
2408 719 2713 788 γινόμενον,
2752 715 2926 780 οὕτως
2951 716 3146 772 ἑαυτὸν
3173 715 3387 788 νομίσει
3416 715 3642 770 παθεῖν.
3677 719 3714 770 Ε
3722 718 3739 770 ί

2149 813 2248 883 μὲν
2267 813 2374 884 γάρ
2394 812 2633 881 ἀτάφους
2647 811 2733 883 ἴδῃ
2749 808 3080 883 κειμένουςῆ
3101 808 3596 882 σπαρασσομινους
3613 813 3745 875 τοὺς

2148 904 2468 971 πίπτοντας,
2504 902 2698 957 ἑαυτὸν
2727 899 3100 973 λογιζόμενος,
3147 901 3406 973 ἐπαχθῶς
3437 902 3607 974 φέρει
3638 904 3740 974 τὴν

2147 994 2325 1066 ὓϐριν,
2376 994 2471 1047 καὶ
2521 993 2713 1063 φεύγει
2741 990 2802 1047 τὸ
2827 994 3019 1047 παθεῖν
3039 1011 3090 1047 τι
3138 992 3382 1048 τοιοῦτον
3418 995 3742 1066 μαχόμενος

2147 1087 2238 1142 καὶ
2264 1087 2469 1157 ἄταφος
2515 1085 2966 1158 καταλειφθῆναι.
3001 1086 3063 1139 El
3090 1085 3149 1138 δὲ
3177 1086 3350 1157 τιμῆς
3394 1087 3610 1153 ἀξιοῖτο
3643 1087 3741 1143 καὶ

2147 1181 2286 1250 μετὰ
2314 1179 2375 1234 τὸ
2401 1180 2589 1233 πεσεῖν
2641 1179 2738 1232 καὶ¹
2777 1178 2998 1250 μνήμης
3031 1178 3246 1248 ἀγαθῆς
3291 1178 3524 1250 ὁμοίως,
3557 1179 3743 1234 ταῦτα

2149 1270 2388 1342 συνορῶν
2443 1271 2505 1326 οὐ
2554 1269 2952 1342 παραιτήσεται
2995 1268 3408 1343 προθυμότερον
3454 1270 3739 1338 ἀγωνίσαο

2147 1362 2296 1418 σθαι.

2219 1458 2300 1513 ιδ’.
2351 1455 2488 1514 Είδὲ
2513 1455 2658 1511 οὕτω
2713 1453 2897 1527 συμϐῇ
2944 1451 3087 1509 ὥστε
3139 1453 3445 1527 ἡττηθῆναι
3471 1454 3534 1508 τὺ
3570 1453 3739 1524 στρά-

2144 1567 2342 1621 τευμα.
2381 1548 2456 1621 μὴ
2481 1549 2673 1619 ἀμέλει
2709 1546 2802 1602 τοῦ
2823 1547 3238 1618 ἀνακτήσασθαι
3273 1548 3402 1610 τοὺς
3423 1547 3740 1603 ἀνασωθέν-

2143 1657 2239 1704 τας
2285 1641 2371 1695 διὰ
2423 1640 2596 1709 λόγων
2649 1637 2744 1692 καὶ
2802 1637 3280 1711 προθυμοποιῆσαι
3329 1638 3553 1704 αὐτοὺς,
3598 1638 3742 1693 ἀλλὰ

2151 1731 2419 1798 σπούδαζε
2477 1733 2573 1787 καὶ
2625 1732 2778 1804 ζήτει
2831 1730 3022 1804 καιρὸν
3064 1729 3208 1785 ὥστε
3232 1731 3361 1785 ποτὲ
3400 1731 3496 1785 καὶ
3531 1731 3743 1802 μᾶλλον

2150 1821 2740 1896 ὲπανορθὼσασθαιτὴν
2768 1823 3063 1880 ἐλάττωσιν
3092 1822 3183 1879 διὰ
3210 1823 3497 1897 κρυφαίων
3525 1824 3742 1895 sip/.wa

2148 1918 2181 1990 ἢ
2213 1916 2651 1988 ὲγκρυμμάτωνς
3336 1959 3338 1961 .

2221 2015 2304 2064 ιε’.
2331 2005 2569 2062 Εῑὼθασι
2622 2007 2734 2078 γὰρ
2777 2004 3038 2069 πολλάκις
3079 2003 3128 2060 οἱ
3172 2003 3582 2076 εὖπραγοῦντες
3631 2007 3741 2078 (59-

2151 2103 2443 2176 θυμότεροι
2505 2101 2751 2170 γίνεσθαι
2801 2100 2932 2171 περὶ
2962 2101 3064 2164 τὰς
3113 2099 3361 2168 φυλακάς
3385 2098 3589 2154 αὐτῶν.
3624 2100 3741 2152 Καὶ

2149 2199 2257 2270 γάρ
2309 2199 2438 2250 ὅταν
2506 2197 2614 2250 τῶν
2662 2194 3008 2266 ἡττηθέντων
3079 2197 3558 2266 καταφρονήσωσι,
3624 2195 3744 2247 τῶν

2153 2290 2301 2344 ίδίων
2323 2287 2716 2360 καταμελοῦσι.
2751 2289 2860 2342 Καὶ
2892 2285 3067 2353 οὕτως
3098 2287 3360 2352 πολλάκις
3390 2286 3460 2342 τά
3503 2289 3744 2363 εὐτυχήο

2154 2399 2298 2453 ματα
2337 2381 2502 2434 πλέον
2541 2379 2767 2452 βλάπτει
2797 2379 2924 2444 τοὺς
2962 2378 3327 2449 εὐτυχοῦντας
3368 2379 3506 2454 mp'
3530 2379 3561 2435 ὃ
3592 2381 3743 2451 μᾶλ-

2150 2473 2241 2528 λον
2269 2474 2317 2528 oi
2335 2475 2770 2545 δυστυχήσαντες
2796 2471 3126 2546 ἐϐλάϐησαν.

2225 2573 2322 2630 ις’.
2355 2567 2426 2619 Σὺ
2476 2567 2575 2635 μὲν
2635 2564 2746 2637 γάρ
2805 2563 3041 2627 πταίσας
3072 2563 3361 2636 ἐδιδάχθης
3387 2565 3485 2634 ἀφ’
3514 2562 3736 2631 ἑαυτοῦ,

2151 2656 2246 2710 καὶ
2291 2654 2564 2723 ὲφὺλαξας
2615 2652 2808 2708 ἑαυτὸν
2851 2653 2987 2723 πρὸς
3007 2654 3067 2708 τὸ
3093 2655 3284 2725 μέλλον
3304 2653 3365 2721 ἐξ
3396 2651 3470 2710 ὧν
3505 2655 3740 2720 ἔπαθες.

2164 2741 2398 2805 Ἐκεῖνος
2423 2742 2478 2796 δὲ
2500 2743 2724 2814 μηδέπω
2747 2744 3113 2815 δυστυχήσας,
3142 2743 3217 2808 ὡς
3240 2743 3469 2816 ἄπειρος
3489 2744 3589 2816 τῆς
3609 2745 3743 2798 δυσ-

2150 2834 2363 2906 τυχίας,
2401 2834 2499 2888 οὐκ
2579 2835 2691 2906 ἔχει
2761 2835 3017 2907 πρόνοιαν
3079 2835 3172 2890 τοῦ
3251 2835 3584 2907 φυλάξεσθαι
3663 2835 3744 2909 μὴ

2152 2928 2344 2980 παθεῖν
2402 2927 2503 2980 ὅσα
2543 2927 2642 2981 οὐκ
2695 2926 2916 2998 ἔμαθεν.
2973 2927 3210 3001 Εἷρηκεν
3239 2929 3350 3002 γάρ
3372 2928 3458 2993 τίς
3491 2947 3597 2984 που
3628 2947 3744 2984 πα-

2152 3019 2302 3083 λαιὸς
2331 3061 2345 3085 ,
2393 3019 2474 3073 ὃτι
2523 3019 2686 3088 φόϐος
2743 3019 3007 3093 εὖκαιρος
3059 3021 3200 3092 μετά
3271 3021 3587 3094 ἐπιμελείας
3637 3023 3738 3077 άσ-

2156 3111 2387 3180 φάλεια,
2449 3111 2854 3183 καταφρόνησις
2905 3109 2963 3164 δὲ
3019 3111 3246 3184 ἄκαιρος
3293 3113 3739 3177 εὑεπιϐούλευτος

2154 3205 2328 3276 τόλμα
2340 3243 2354 3258 .

2226 3400 2312 3467 ιζ’.
2353 3398 2480 3455 Ἐάν
2509 3398 2568 3455 δέ
2618 3415 2750 3453 ποτε
2802 3388 3000 3470 ἀνοχὴν
3056 3397 3154 3452 τοῦ
3210 3396 3450 3469 πολέμου
3499 3398 3736 3469 ποιήσῃς

2151 3495 2241 3550 διά
2292 3509 2439 3558 τινος
2493 3492 2652 3561 λόγου
2700 3491 2797 3545 καὶ
2838 3491 3121 3563 συνθηκῶν
3151 3489 3618 3561 ὁμολογηθέντων,
3671 3490 3735 3542 σὺ

2158 3585 2260 3655 μὲν
2312 3585 2410 3650 τὰς
2453 3584 2658 3646 οίκείας
2706 3583 2990 3652 φυλάττων
3037 3581 3310 3653 συνθήκας
3353 3579 3429 3652 μὴ
3484 3579 3736 3648 ἑπιτεθῇς

2154 3677 2270 3739 τοῖς
2326 3673 2622 3737 ἑναντίοις·
2677 3673 2988 3743 ἀφύλακτος
3044 3670 3103 3725 δὲ
3164 3669 3238 3742 μὴ
3301 3670 3585 3741 διαμένῃς,
3620 3668 3735 3721 ἀλλ’

2156 3767 2394 3841 ἡσύχαζε
2436 3764 2533 3836 μὲν
2564 3764 2700 3830 πρὸς
2751 3764 2878 3830 τοὺς
2927 3762 3219 3834 πολεμίους
3249 3761 3339 3815 διὰ
3366 3762 3463 3826 τάς
3505 3760 3735 3825 σπονδάς

2155 3860 2228 3925 ὡς
2251 3862 2304 3913 ἐν
2335 3858 2549 3931 ιίρήνῃ·
2578 3856 2639 3910 τὸ
2662 3856 2721 3910 δὲ
2755 3855 2996 3926 ἀσφαλὲς
3015 3896 3032 3924 ,
3068 3857 3149 3920 είς
3173 3856 3232 3909 τὸ
3257 3855 3332 3926 μὴ
3361 3855 3545 3909 πεσεῖν
3570 3855 3602 3927 ἢ
3637 3871 3736 3907 πα-

2157 3953 2272 4007 θεῖν
2298 3969 2352 4005 τι
2383 3948 2512 4022 παρ’
2537 3947 2740 4015 αὐτῶν,
2779 3948 2852 4013 ὡς
2889 3947 2982 4003 ἐπὶ
3036 3946 3281 4020 πολέμου
3308 3945 3486 4012 οὕτως
3516 3947 3607 4019 ἔχε
3638 3946 3734 4000 καὶ

2161 4043 2421 4114 προνοοῦ.
3174 4030 3181 4037 ’

2233 4145 2322 4210 ιη’.
2351 4139 2568 4210 Πρέπον
2594 4135 2704 4207 γάρ
2721 4135 2860 4208 μήτε
2884 4129 3195 4204 ἀφύλακτον
3217 4132 3276 4186 ἒν
3298 4131 3529 4202 τοιούτῳ
3554 4128 3728 4200 καιρῷ

2158 4250 2222 4289 σε
2246 4229 2406 4297 εἶναι,
2443 4233 2583 4303 μήτε
2603 4229 2766 4284 πάλιν
2794 4245 2850 4282 τι
2875 4227 3050 4281 ποιεῖν
3090 4224 3286 4287 ἀσεϐὲς
3311 4222 3465 4294 παρὰ
3493 4220 3593 4286 τὰς
3647 4222 3738 4275 ἐπὶ

2160 4325 2280 4396 Θεῷ
2334 4323 2572 4397 μάρτυρι
2621 4318 2945 4385 τεθειμένας
2996 4316 3250 4382 σπονδάς,
3278 4314 3399 4370 ἀλλ’
3444 4309 3585 4370 εῖναι
3636 4314 3740 4368 ῦπ-

2173 4434 2360 4482 οπτον,
2419 4415 2561 4470 ὥστε
2590 4412 2956 4483 φυλάττεσθαι
2986 4409 3048 4464 τδ
3088 4407 3198 4463 τῶν
3227 4408 3502 4481 πολεμίων
3531 4409 3743 4480 δολερδν

492 4499 687 4556 tandas
724 4518 738 4554 ε
780 4500 1033 4556 obscura:
1064 4501 1208 4556 enim
1241 4511 1369 4557 sunt
1410 4502 1645 4557 hostium
1691 4501 1942 4556 inducias
1980 4508 2052 4554 te-

2165 4511 2258 4566 καὶ
2284 4510 2536 4564 ὓπουλον.
2571 4506 2793 4578 Ἀδηλοι
2823 4504 2931 4576 γὰρ
2962 4500 3140 4557 αἰτῶν
3165 4500 3550 4573 σπεισαμένων
3579 4501 3745 4573 ἡγουν

496 4605 623 4644 cum
664 4591 981 4646 facientium
1013 4591 1344 4646 voluntates.
1378 4591 1486 4646 Sed
1510 4598 1568 4645 tu
1598 4590 1679 4645 sic
1709 4597 1762 4645 te
1786 4604 1967 4661 geras,
2001 4595 2061 4643 ut

492 4683 699 4737 nullam
723 4683 831 4739 illis
863 4683 1119 4752 injuriam
1145 4682 1366 4754 pietatis
1394 4698 1559 4739 causa
1579 4681 1750 4738 facias
1779 4699 1792 4737 :
1817 4680 2060 4737 hostium

491 4785 678 4831 tamen
728 4774 1004 4848 perﬁdiam
1059 4774 1280 4832 cavebis
1320 4814 1337 4841 ,
1368 4783 1524 4831 utne
1562 4775 1802 4842 abillis,
1844 4781 2066 4846 propter

493 4867 694 4938 impios
727 4869 943 4924 illorum
976 4876 1232 4932 conatus,
1266 4866 1507 4924 laedaris.

567 4961 654 5032 i9.
697 4960 892 5016 Omnia
923 4961 1070 5017 enim
1096 4961 1161 5016 ad
1197 4961 1289 5016 Dei
1319 4959 1619 5015 vindictam
1669 4961 1899 5026 referre,
1939 4959 2061 5018 sin-

495 5055 609 5112 ceri
664 5054 830 5110 animi
883 5064 1116 5111 nonest.
1168 5053 1286 5109 Non
1341 5053 1632 5110 confestim
1690 5055 1834 5109 enim
1880 5053 2063 5110 divina

499 5148 737 5204 vindicta
771 5145 1005 5204 infertur
1029 5186 1043 5209 .
1076 5146 1171 5203 sed
1204 5149 1422 5218 quando
1461 5146 1705 5202 omnium
1744 5155 2066 5216 procurator

499 5253 552 5296 et
591 5241 1003 5295 administrator
1029 5239 1172 5296 D‘eus
1212 5241 1316 5295 hoc
1343 5237 1586 5295 futurum
1619 5239 1886 5295 decernit.
1919 5239 2056 5306 Quis

501 5337 643 5390 enim
700 5336 847 5388 novit
912 5334 1132 5405 quando
1184 5333 1438 5403 iniuriam
1497 5333 1701 5388 inferre
1764 5334 2066 5388 moliuntur

505 5431 711 5490 hostes,
745 5437 928 5482 utrum
956 5426 1371 5482 illitrucidandi
1408 5425 1541 5492 sint,
1572 5433 1630 5479 tu
1673 5442 1800 5481 vero
1834 5441 2062 5481 conser-

502 5522 712 5577 vandus
732 5522 758 5574 ?

570 5615 665 5671 20.
705 5615 912 5671 Licebit
942 5613 1105 5687 igitur
1133 5613 1290 5670 nobis
1318 5613 1516 5669 eodem
1547 5613 1708 5670 modo
1735 5627 1822 5672 res
1852 5619 2070 5671 nostras

2156 4605 2265 4658 τῶν
2321 4601 2752 4674 εἰρηνευσάντων
2817 4597 3076 4653 ἐναντίων
3115 4593 3356 4664 γνῶμαι.
3391 4594 3504 4649 Καὶ
3541 4595 3606 4649 σὺ
3646 4592 3740 4664 μὶν

2159 4696 2249 4768 ἔχε
2274 4697 2333 4752 τὸ
2358 4695 2595 4766 βέϐαιον,
2665 4692 2806 4757 ὥστε
2866 4690 2944 4761 μὴ
2991 4688 3248 4759 ἀδικῆσαι
3279 4687 3367 4742 διὰ
3397 4685 3458 4741 τδ
3494 4686 3742 4751 ιῦσεσὶς,

2159 4790 2266 4844 τῶν
2319 4788 2374 4842 δὲ
2425 4786 2698 4856 πολεμίων
2763 4783 2825 4837 τὺ
2863 4781 3096 4837 ἄπιστον
3173 4774 3403 4833 ὑπονοοΰ
3457 4776 3601 4834 ὥστε
3669 4779 3741 4852 μὴ

2162 4881 2483 4952 ἀδικηθῆναι
2514 4880 2600 4933 διὰ
2632 4880 2692 4932 τὸ
2721 4875 2942 4940 ἀσεϐές.

2233 4972 2319 5028 ιϐ’.
2357 4973 2556 5043 Τὸγάρ
2602 4969 2780 5026 πάντα
2820 4967 3118 5040 ἀναφέρειν
3179 4969 3259 5032 είς
3329 4967 3430 5040 τήν
3493 4968 3603 5024 άπὸ
3654 4965 3741 5020 τοῦ

2159 5065 2296 5121 Θεοῦ
2329 5066 2611 5133 ὲκδίκησιν
2662 5064 2764 5118 οὐκ
2795 5062 2940 5117 ἐστιν
2967 5061 3228 5132 άκαιρὲου
3254 5060 3368 5131 (ει)
3401 5060 3648 5132 γνώμης.
3672 5060 3742 5114 Οὐ

2162 5158 2270 5228 γὰρ
2299 5157 2460 5220 εὐθὺς
2484 5157 2517 5225 ὴ
2538 5153 2658 5209 θεία
2690 5153 2814 5223 δίκη
2862 5150 3149 5221 ἐπάγεταιο
3187 5148 3310 5202 ἀλλ’
3351 5151 3442 5203 ὅτε
3499 5149 3743 5221 βούλεται

2161 5251 2190 5303 ὁ
2218 5249 2435 5303 πάντων
2471 5245 2796 5319 προνοητής.
2833 5242 2929 5307 Τίς
2977 5241 3084 5312 γάρ
3115 5237 3256 5296 οἶδεν
3290 5241 3339 5294 εί
3375 5241 3492 5312 ἅμα
3523 5240 3600 5312 τῷ
3618 5241 3746 5294 duo

2170 5341 2337 5412 ὁῆσαι
2389 5341 2516 5404 τοὺς
2566 5337 2796 5410 ἐχθροὺς
2839 5334 2996 5391 αὐτοὶ
3037 5332 3137 5408 μὲν
3187 5332 3558 5397 διολεσθῶσιν,
3590 5333 3654 5386 σὺ
3690 5330 3744 5386 ιι

2175 5433 2572 5507 περισωθήσιῃ

2247 5611 2313 5666 κ’.
2343 5611 2587 5678 Ἔξεστιν
2634 5602 2726 5666 οὗν
2773 5611 2904 5682 ἡμῖν
2970 5607 3106 5680 μετὰ
3151 5606 3252 5679 τῆς
3313 5604 3422 5662 τῶν
3466 5603 3746 5679 ἡμετέρων

2012 5707 2146 5767 NOT
2156 5707 2220 5766 1E
2238 5747 2250 5763 .

577 5809 690 5880 (ει)
709 5808 1031 5879 Ἀιιτιιρὲοιν⁴
1063 5811 1271 5880 Scribe,
1300 5811 1576 5882 ἀκεραίου.
