4040 6298
553 337 663 405 915

1828 341 2105 404 LEONIS
2131 335 2589 402 PHILOSOPHI

3732 321 3841 384 916

549 470 719 529 atque
747 454 1064 512 humaniter
1090 455 1358 523 dimittes,
1394 454 1801 528 confestimque
1831 457 1957 514 illos
1992 473 2125 514 con.

2245 454 2747 530 ὶντιδηλώσας,καῖ
2800 452 2939 525 μετὰ
2971 449 3136 523 τιμῆς
3187 448 3312 512 τοὺς
3362 442 3839 514 ἀποκρισιαρίους

548 550 821 623 sequeris,
856 560 912 606 et
943 549 1202 623 Opinione
1232 552 1397 609 citius
1437 552 1626 608 hostes
1658 551 1952 608 adat-ieris.

620 729 672 785 7.
711 725 948 800 Legatos
971 735 1098 785 tuos
1125 729 1190 784 ad
1212 729 1397 785 hostes
1420 729 1767 787 mollioribus
1795 745 1920 787 cum
1949 732 2132 790 verbis

546 824 793 890 mittens,
829 823 1209 879 incursionem
1251 824 1440 879 subito
1473 821 1667 879 facies.

615 1002 669 1060 8.
707 1001 987 1060 interdum
1024 1002 1189 1058 etiam
1218 1003 1461 1060 hostium
1490 1010 1669 1061 castra
1699 1043 1716 1071 ,
1749 1003 1867 1061 sive
1898 1004 1951 1059 in
1997 1012 2088 1059 tua
2108 1044 2125 1071 ,

545 1092 660 1148 sive
709 1092 765 1148 in
811 1093 997 1149 hostili
1051 1102 1200 1151 terra
1248 1096 1426 1151 coacti
1471 1096 1693 1163 fuerint,
1743 1096 2129 1153 considerabis

543 1183 863 1257 diligenter,
892 1188 1359 1258 quemadmodum
1404 1198 1697 1260 ponantur.
1743 1188 1900 1254 Quod
1937 1188 1983 1244 si
2020 1189 2127 1243 ulla

547 1276 770 1332 occasio
821 1277 1055 1334 inveniri
1106 1286 1523 1349 potestgnoctu
1567 1280 1696 1334 luna
1740 1280 1959 1337 lucente
1988 1282 2127 1338 duas

554 1378 650 1422 aut
670 1375 783 1425 tres
807 1368 975 1426 horas
1018 1377 1145 1426 ante
1192 1371 1334 1428 diem
1363 1372 1419 1428 in
1449 1371 1638 1428 hostes
1664 1389 1790 1428 cum
1826 1375 2130 1445 sagittariis

544 1456 703 1514 bonis
742 1472 809 1514 ac
856 1460 1047 1517 multis
1100 1460 1377 1517 invadas:
1430 1460 1623 1518 horum
1664 1462 1810 1519 enim
1856 1463 2127 1521 maximus

546 1567 685 1611 usus
710 1561 799 1611 est
830 1554 919 1612 bis
948 1555 1314 1629 temporibus.
1358 1584 1363 1589 -

610 1732 669 1791 9.
704 1731 811 1792 Ubi
855 1738 1186 1810 cognoveris
1213 1738 1268 1794 in
1298 1738 1496 1795 itinere
1517 1737 1780 1796 confusos
1816 1737 2125 1812 dispersos-

2238 552 2350 605 τῶν
2390 549 2602 623 ἐχθρῶν
2630 548 2927 611 ἀπολύσας,
2965 545 3166 611 εὐθέως
3207 540 3681 611 ἐπακολουθήσας
3732 538 3839 591 αύ-

2236 648 2370 711 τοῖς,
2413 646 2507 699 καὶ
2538 642 2818 713 ἀδοκήτως
2843 638 3098 712 ἐπέλθῃς.

2309 734 2375 802 ζ’.
2407 736 2545 792 Ποτέ
2595 735 2651 790 δὲ
2690 733 2851 798 ἰδίους
2888 732 3147 804 πρέσϐεις
3183 730 3302 800 ἦτοι
3366 726 3837 798 ἀποκρισιαρίους

2232 830 2556 894 ἀποστείλας
2592 827 2730 900 μετὰ
2771 827 3032 900 ῥημάτων
3088 822 3516 892 ταπεινοτέρων,
3566 818 3673 891 τὴν
3741 819 3837 871 ἐπι

2236 923 2447 978 ἐλευσιν
2484 924 2639 992 ἀφνω
2668 922 2934 993 ποιήσεις.

2308 1014 2378 1088 η’.
2402 1015 2533 1069 [loss
2558 1014 2615 1069 δὲ
2645 1014 2740 1070 καὶ
2762 1014 2819 1067 ἐν
2836 1013 3020 1076 αὐτοῖς
3035 1012 3149 1076 τοῖς
3164 1010 3272 1064 τῶν
3284 1007 3495 1081 ἐχθρῶν
3508 1007 3775 1063 ἀπλίκτοι
3784 1023 3831 1069 ς·

2231 1108 2341 1160 εἴτε
2363 1108 2418 1159 ἐν
2439 1108 2503 1177 τῇ
2533 1105 2639 1176 ἰδίᾳ
2677 1103 2769 1159 σού
2797 1104 2934 1158 εἰσιν
2972 1106 3065 1173 γῇ,
3101 1102 3210 1156 εἴτε
3245 1101 3303 1154 ἐν
3334 1102 3400 1172 τῇ
3432 1098 3677 1171 πολεμίᾳ
3704 1114 3834 1152 συν-

2231 1197 2480 1269 ηγμένοι,
2548 1197 3093 1269 πολυπραγμονὴσῃς
3148 1194 3207 1247 τὸ
3265 1192 3382 1256 πῶς
3432 1190 3829 1247 ἀπλικεύουσι.

2230 1291 2339 1344 Καὶ
2369 1290 2464 1344 ἐὰν
2494 1289 2816 1363 εὑρίσκηται
2862 1289 3132 1361 πρόφασις
3163 1288 3222 1340 ὲν
3254 1286 3411 1341 νυκτὶ
3446 1284 3545 1357 τῆς
3580 1285 3832 1356 σελήνης

2229 1382 2551 1456 λαμπούσης
2588 1382 2695 1455 πρὸ
2724 1382 2819 1438 δύο
2870 1382 2905 1455 ἦ
2941 1381 3108 1453 τριῶν
3142 1379 3303 1452 ὡρῶν
3323 1378 3421 1449 τῆς
3443 1377 3663 1449 ἡμέρας
3730 1377 3832 1448 τὴν

2229 1476 2369 1531 κατὰ
2392 1475 2501 1530 τῶν
2529 1474 2742 1549 ἐχθρῶν
2768 1474 3082 1546 ἐγχείρησιν
3117 1474 3389 1543 ποιήσεις,
3420 1470 3650 1536 τοξότας
3682 1487 3830 1541 χρη-

2229 1568 2424 1639 σίμους
2478 1569 2717 1641 μάλιστα
2765 1566 2904 1639 ἔχων
2932 1581 2947 1597 ⁸
3002 1562 3271 1619 τοιούτων
3324 1564 3434 1635 γάρ
3468 1563 3635 1635 χρεία
3668 1562 3829 1616 ἐστὶν

2227 1658 2285 1712 ἐν
2310 1660 2421 1722 τοῖς
2453 1657 2717 1722 τοιούτοις
2767 1658 2998 1729 καιροῖς.

2298 1747 2365 1806 θ’.
2385 1750 2521 1805 [loss
2537 1750 2592 1806 δὲ
2614 1747 2803 1823 μαθὼν
2829 1750 2886 1803 ἐν
2907 1749 3030 1813 ταῖς
3054 1746 3301 1820 πορείαις
3324 1746 3707 1812 ἀσυντάκτους
3732 1747 3834 1802 καὶ

541 1841 650 1896 que
676 1827 875 1917 hostes
897 1830 1185 1889 ambulare
1214 1832 1268 1888 in
1306 1832 1484 1890 medio
1524 1833 1646 1898 viae,
1681 1832 1909 1891 invades
1941 1833 1996 1888 in
2027 1847 2124 1889 eos

2245 1842 2694 1915 εσκορπισμένους
2718 1830 3043 1915 περιπατεῖν
3068 1842 3197 1908 τοὺς
3217 1840 3471 1912 ἐχθροὺς,
3488 1843 3547 1895 ἐν
3570 1839 3655 1913 τῷ
3672 1841 3832 1912 μέσῳ

542 1918 843 1991 Ιεάεειιυο.
862 1908 867 1917 ί

612 2011 702 2069 10.
737 2012 1015 2070 Interdum
1042 2015 1436 2074 discessionem
1464 2018 1731 2074 simulans
1766 2032 1831 2073 es
1866 2017 1934 2074 iis
1964 2017 2123 2085 locis,

540 2106 598 2164 in
633 2105 836 2180 quibus
867 2109 1215 2181 versabaris,
1247 2111 1434 2166 subito
1461 2125 1765 2169 conversus
1815 2112 1870 2167 in
1927 2112 2119 2170 hostes

540 2199 909 2273 frruptionem
946 2200 1140 2258 facies.

456 2362 458 2365 λ
610 2284 704 2351 Η.
739 2292 1019 2351 Interdum
1050 2295 1107 2350 in
1149 2294 1289 2352 locis
1328 2295 1656 2366 quibusdam
1704 2295 1994 2353 occultans
2046 2306 2129 2353 te-

546 2391 733 2460 ipsum
785 2403 912 2445 cum
965 2388 1203 2444 militum
1260 2388 1656 2457 multitudine,
1706 2390 1890 2447 subito
1948 2390 2132 2447 hostes

542 2481 790 2538 invades.

611 2596 699 2653 η.
748 2594 983 2664 Quidam
1037 2604 1285 2653 armenta
1330 2595 1497 2652 boum
1533 2605 1697 2668 atque
1741 2597 1973 2653 aliorum
2013 2597 2135 2652 ani-

538 2685 809 2742 mantium
878 2695 1257 2758 exponentes,
1303 2696 1491 2757 atque,
1546 2688 1734 2744 hostes
1797 2689 1863 2743 ad
1940 2688 2136 2742 horum

540 2775 902 2848 direptionem
944 2775 1274 2847 invitantes,
1300 2778 1392 2835 ubi
1420 2778 1654 2835 viderint
1685 2780 1749 2835 ad
1777 2786 2023 2836 armenta
2054 2778 2138 2834 di-

543 2868 792 2941 ripienda
844 2870 1147 2945 dissipatos
1217 2887 1383 2941 esse,
1434 2874 1618 2930 statim
1679 2875 1734 2931 in
1798 2874 1920 2931 illos
1980 2874 2136 2930 inva-

540 2958 699 3017 dunt.

616 3074 708 3130 l3.
743 3074 881 3157 Apte
908 3076 1045 3133 iiunt
1078 3076 1445 3144 incursiones,
1477 3079 1699 3151 quando
1753 3082 1808 3138 in
1849 3082 2140 3141 intervallo

548 3165 795 3226 hostium
819 3167 1019 3228 ﬂuvius
1047 3171 1114 3227 ad
1142 3172 1543 3229 transeundum
1568 3174 1953 3233 incommodus
1976 3178 2133 3234 inve-

546 3258 717 3315 nitur.
762 3258 878 3316 Hoc
903 3263 1085 3319 solent
1118 3263 1335 3335 equites
1387 3265 1738 3336 potissimum
1774 3269 1959 3329 facere
1991 3287 2006 3328 ι
2052 3272 2128 3328 ibi

540 3352 691 3408 enim
745 3362 966 3425 pontem
1013 3358 1317 3413 coniiciunt
1362 3360 1447 3416 vei
1495 3375 1562 3416 ex
1602 3363 1852 3420 trabibus
1888 3365 2127 3435 magnis,

541 3446 1007 3516 quemadmodum
1043 3463 1164 3505 mos
1211 3458 1299 3505 est
1349 3450 1554 3507 multos
1600 3461 1795 3523 pontes
1841 3452 1957 3511 ﬁeri
1994 3470 2009 3511 :
2049 3449 2129 3510 vel

543 3538 731 3607 parvis
769 3539 1096 3609 quibusdam
1130 3542 1385 3614 navigiis,
1418 3544 1470 3599 id
1498 3552 1585 3600 est
1633 3547 1885 3611 ratibus;
1918 3555 2130 3605 turres-

541 3644 651 3699 que
687 3629 895 3701 ligneas
934 3631 1017 3687 vel
1047 3633 1329 3689 aridorum
1365 3635 1605 3707 lapidum
1633 3672 1649 3700 ,
1689 3638 1774 3694 vel
1814 3654 1879 3697 ex
1932 3647 2129 3710 aggere

518 3720 782 3793 quodam
839 3722 905 3777 ad
966 3732 1243 3782 extremas
1298 3741 1426 3783 oras
1486 3729 1670 3798 pontis
1726 3730 2014 3795 excitant,
2067 3738 2127 3787 ut

542 3810 767 3881 quando
825 3827 958 3871 usus
1000 3813 1151 3882 fert,
1209 3831 1305 3888 per
1356 3832 1481 3873 eum
1542 3834 1740 3877 secure
1800 3829 2122 3890 transeant,

540 3919 876 3977 rursumque
904 3906 1192 3963 disCedant
1216 3910 1437 3980 quando
1480 3912 1694 3979 volunt,
1728 3923 1787 3969 ut
1816 3930 1918 3987 pro
1947 3916 2123 3987 impe-

543 3996 745 4054 ratoris
777 3997 1048 4055 arbitratu
1084 4010 1405 4071 permaneat
1439 4018 1577 4078 pons
1620 4004 1865 4077 quandiu
1893 4008 1987 4065 ille
2026 4024 2125 4065 vo-

543 4088 727 4154 luerit,
762 4098 819 4148 et
848 4092 1107 4165 conﬂigat
1137 4109 1261 4150 cum
1307 4095 1593 4169 hostibus,
1632 4100 1713 4157 vel
1748 4100 1996 4159 discedat
2026 4103 2124 4161 ite-

544 4194 668 4237 rum
693 4197 912 4251 secure,
939 4194 1108 4258 ponte
1131 4184 1246 4257 jam
1277 4187 1574 4248 dissoluto.

627 4465 715 4523 ιι.
756 4463 864 4524 Sed
894 4467 948 4524 in
974 4468 1041 4527 iis
1067 4469 1449 4529 invasionibus
1499 4472 2033 4549 incursionibusque
2065 4462 2119 4534 in

546 4556 803 4615 hostilem
838 4565 1074 4628 terram,
1122 4577 1300 4633 neque
1348 4562 1707 4621 incendenda:
1743 4584 1921 4639 neque
1950 4582 2123 4640 papu-

544 4649 724 4707 iande
754 4665 832 4707 ea
854 4660 1035 4723 partes
1059 4663 1209 4720 sunt,
1228 4671 1325 4726 per
1354 4673 1493 4727 quas
1516 4656 1711 4714 iterum
1741 4661 2020 4719 rediturus
2039 4680 2122 4732 es,

542 4751 604 4796 ut
638 4756 705 4797 ne
744 4752 798 4798 te
831 4742 1009 4814 ipsum
1038 4744 1144 4802 hoc
1168 4756 1332 4818 pacto
1360 4748 1591 4822 aﬂligas.

609 4854 708 4911 £5.
741 4856 1072 4928 Huiusmodi
1121 4860 1289 4917 etiam
1343 4871 1541 4935 pontes
1606 4864 1738 4924 ﬂant
1799 4868 1857 4925 in
1912 4871 2131 4941 publico

542 4948 756 5018 prelio,
784 4958 838 5005 et
860 4958 1042 5007 castra
1074 4963 1299 5025 propter
1325 4956 1464 5014 tales
1507 4957 1706 5016 ﬂuvios
1738 4972 2041 5034 ponantur,
2077 4967 2126 5023 si

543 5040 689 5096 altus
722 5051 777 5096 et
801 5043 1027 5101 minime
1065 5048 1419 5117 permeabilis
1448 5049 1555 5104 ulla
1583 5066 1652 5107 ex
1676 5064 1837 5123 parte
1876 5055 2125 5112 invenia-

544 5141 659 5198 tur,
692 5143 753 5189 ιιι
788 5134 1106 5207 huiusmodi
1132 5139 1283 5195 ﬂuvii
1328 5141 1504 5210 ripam
1542 5144 1747 5203 habeas
1786 5162 1855 5203 ex
1893 5149 2127 5207 adverso

545 5226 809 5293 hostium,
836 5239 894 5284 ut
918 5230 1035 5287 sine
1065 5232 1173 5289 ullo
1193 5233 1585 5305 impedimento
1605 5247 1659 5294 et
1677 5238 1980 5299 oﬂensione
2006 5224 2126 5315 ipso

542 5320 635 5377 die
688 5323 855 5393 pmlii
890 5323 1061 5385 aciem
1093 5324 1300 5384 educas
1329 5348 1342 5384 :
1376 5331 1514 5399 fuga:
1552 5342 1735 5389 autem
1793 5343 2035 5406 tempore
2067 5340 2123 5395 in

544 5415 747 5472 castris
773 5428 1033 5473 maneant
1078 5422 1258 5477 securi
1291 5436 1355 5502 ac
1386 5425 1453 5479 ab
1500 5426 1648 5481 omni
1683 5436 1896 5486 terrore
1940 5431 2119 5500 liberi,

545 5523 727 5581 neque
758 5520 1030 5582 cogantur
1055 5512 1306 5572 hostibus
1348 5515 1461 5586 jam
1505 5519 1925 5581 imminentibus
1959 5524 2115 5581 inviti

2230 1936 2328 2007 τῆς
2358 1933 2479 1989 ὁδοῦ
2503 1934 2741 2007 ἐπέλθῃς
2763 1936 2859 1988 καὶ
2893 1933 3124 2007 βλάψῃς.

2304 2030 2357 2081 ι’.
2377 2026 2513 2080 Ποτέ
2544 2026 2601 2081 δὲ
2636 2025 3114 2098 σχηματισάμενος
3140 2022 3492 2096 ἀναχώρησιν
3519 2024 3582 2090 ἐξ
3634 2019 3715 2080 ῶν
3745 2024 3829 2079 δι-

2230 2117 2362 2189 ῆγες
2388 2118 2572 2172 τόπων
2602 2118 2754 2189 ἄφνω
2779 2118 3200 2191 ἐπαναστρέψας
3235 2122 3347 2183 τοῖς
3376 2119 3594 2191 ἐχθροῖς
3627 2120 3833 2175 ἐπιπε-

2234 2215 2343 2276 σεῖς
2364 2210 2501 2283 (26).

2305 2302 2398 2360 ια’.
2456 2304 2680 2359 Ἀλλοτε
2728 2303 2786 2359 δὲ
2845 2304 2904 2361 ἐν
2947 2305 3133 2370 τόποις
3184 2304 3295 2360 τισὶ
3348 2303 3566 2378 κρύψας
3632 2305 3833 2362 ἑαυτὸν

2237 2397 2375 2468 μετά
2402 2397 2535 2453 λαοῦ
2585 2399 2957 2471 στρατιωτῶν,
2976 2399 3130 2471 ἀνρνω
3183 2399 3284 2471 τὴν
3332 2400 3473 2455 κατά
3517 2399 3634 2455 τῶν
3669 2404 3833 2456 Evas-

2234 2491 2364 2547 τίων
2382 2492 2665 2547 ἐπέλευσιν
2688 2491 2922 2564 ἐργάσῃ.

2311 2605 2399 2678 ιβ’.
2437 2607 2548 2662 Καί
2604 2625 2747 2673 τινες
2784 2608 2843 2662 δὲ
2889 2607 3321 2680 προϐαλλόμενοι
3377 2609 3583 2678 ἀγέλας
3646 2611 3836 2677 ζώων,

2237 2702 2331 2755 καὶ
2363 2700 2613 2756 ἐντεῦθεν
2640 2703 2767 2767 τοὺς
2820 2702 3051 2775 ἐχθροὺς
3074 2705 3155 2769 εἰς
3205 2703 3303 2776 τὴν
3343 2706 3551 2759 τούτων
3580 2705 3838 2778 διαρπα-

2237 2794 2342 2866 γὴν
2389 2794 2853 2867 προτρεψάμενοι,
2883 2796 2961 2861 ὼς
2991 2792 3133 2851 εἶδον
3165 2798 3366 2863 αὐτοὺς
3408 2799 3675 2865 ἀτάκτως
3712 2801 3841 2856 κατ’

2241 2886 2418 2941 αὐτῶν
2446 2884 2562 2960 (27)
2585 2889 3110 2955 διασκεδασθέντας,
3136 2890 3394 2945 ἐπέθεντο
3431 2893 3647 2957 αὐτοῖς.

2316 3087 2404 3159 ιγ’.
2446 3089 2689 3146 Γίνονται
2722 3091 2779 3147 δὲ
2808 3093 2900 3148 καὶ
2934 3094 3187 3165 φανερῶς
3238 3094 3438 3165 ἔφοδοι,
3467 3095 3599 3150 ὅταν
3636 3097 3703 3150 ἐν
3761 3104 3841 3170 τῳ

2246 3181 2448 3251 μεταξὺ
2500 3183 2832 3257 διαστήματι
2888 3186 2998 3241 τῶν
3048 3186 3259 3259 ἐχθρῶν
3312 3190 3563 3261 ποταμὸς
3612 3191 3830 3264 εὗρεθῇ

2236 3273 2521 3342 δύσϐατος.
2555 3278 2666 3332 Καὶ
2714 3278 2948 3349 μάλιστα
2993 3280 3155 3335 τοῦτο
3180 3282 3424 3337 ποιοῦσιν
3457 3283 3507 3338 οἱ
3544 3285 3837 3341 καϐαλλά-

2239 3385 2347 3440 ριοι
2366 3384 2381 3401 ⁸
2415 3369 2649 3424 ἐνταῦθα
2676 3371 2782 3442 γὰρ
2814 3374 3231 3446 συμπηγνύουσι
3256 3376 3522 3448 γέφυραν,
3541 3379 3578 3448 ἦ
3612 3378 3714 3435 διὰ
3742 3380 3834 3447 £6-

2236 3459 2345 3514 λων
2400 3463 2652 3531 μεγάλων
2679 3502 2694 3529 ,
2727 3463 2804 3529 ῶς
2840 3466 2988 3519 ἐστιν
3023 3466 3144 3532 ἔθος
3170 3469 3271 3532 τὰς
3325 3469 3526 3533 πολλάς
3572 3473 3831 3544 γεφύρας

2236 3550 2503 3620 γίνεσθαι,
2535 3554 2567 3622 ἢ
2620 3553 2709 3609 διά
2750 3557 2965 3627 μικρῶν
3016 3559 3336 3631 πλοιαρίων,
3363 3560 3473 3616 τῶν
3504 3561 3832 3635 λεγομένων

2239 3644 2561 3715 μονοξύλων.
2589 3648 2842 3720 Πύργους
2882 3668 2942 3705 τε
2974 3649 3221 3717 ξυλίνους
3267 3653 3300 3726 ἢ
3370 3653 3480 3709 ἀπὸ
3519 3655 3829 3728 οἰκοδομῆς

2234 3737 2299 3791 ἐκ
2340 3738 2505 3793 λίθων
2533 3739 2733 3815 ξηρῶν,
2765 3743 2799 3813 ἢ
2839 3742 3095 3817 χώματος
3124 3747 3464 3819 ἑκατέρωθεν
3492 3748 3607 3804 τῶν
3631 3750 3830 3823 ἄκρων

2232 3829 2335 3898 τῆς
2385 3830 2633 3903 γεφύρας
2669 3835 3014 3908 ἐγείρουσιν·
3060 3838 3150 3893 ῖνα
3176 3840 3308 3895 ὅταν
3352 3841 3539 3913 χρεία,
3604 3842 3679 3897 δι’
3719 3844 3826 3898 αύ-

2231 3921 2333 3992 τῆς
2362 3924 2620 3995 ἀσφαλῶς
2641 3923 2741 4001 τὴν
2769 3929 3022 3987 διάϐασιν
3042 3934 3333 4005 ποιήσωσι,
3360 3933 3455 3988 καὶ
3486 3933 3653 3990 πάλιν
3683 3936 3823 3990 ἀνα-

2231 4014 2555 4086 χωρήσωσιν
2593 4016 2682 4071 ὅτε
2718 4017 2999 4089 βούλονται
3024 4035 3044 4056 ο
3081 4020 3222 4076 ὥστε
3256 4024 3315 4076 ἐν
3364 4025 3428 4096 τῇ
3463 4023 3561 4077 τοῦ
3619 4039 3821 4096 στρατο

2232 4106 2369 4178 ηγοῦ
2382 4109 2702 4166 ἀποκεῖσθαι
2722 4112 2993 4189 rubum?)
3024 4117 3353 4189 προσμένειν
3378 4118 3503 4177 ὅσον
3530 4118 3823 4190 ἐμϐαστά-

2230 4197 2315 4265 ζει
2363 4201 2513 4276 αὐτῷ
2544 4206 2753 4277 χρόνον,
2787 4208 2821 4279 ἢ
2850 4208 3183 4280 συμϐάλλειν
3231 4214 3345 4275 τοῖς
3382 4211 3600 4283 ἐχθροῖς
3640 4213 3827 4282 ἀσφα-

2230 4289 2361 4358 λῶς,
2390 4293 2423 4367 ἢ
2450 4296 2755 4369 ἀναχωρεῖν
2791 4299 3044 4368 ἀϐλαϐῶς
3074 4305 3175 4376 τῆς
3206 4303 3453 4377 γεφύρας
3478 4306 3614 4376 παρ’
3645 4306 3825 4361 αὑτοῦ

2232 4383 2662 4459 καταλυομένης.

2300 4494 2379 4550 ιδ’.
2421 4497 2581 4552 ’Λλλά
2607 4502 2665 4554 ἐν
2694 4503 2813 4569 ταῖς
2843 4504 3124 4580 τοιαύταις
3154 4507 3509 4580 ἐγχειρήσεσι
3555 4511 3656 4565 καὶ
3697 4516 3827 4576 ταῖς

2158 4607 2201 4663 ι)
2230 4588 2451 4653 εἰσόδοις
2491 4592 2630 4647 κατά
2683 4595 2783 4666 τῆς
2850 4595 2958 4651 τῶν
3005 4600 3218 4671 ἐχθρῶν
3269 4600 3475 4673 χώρας,
3510 4602 3572 4658 ού
3629 4603 3717 4659 δεῖ
3748 4622 3825 4675 ,σε

2228 4677 2635 4768 καὶ-ἀφανίζειν
2686 4684 2789 4749 τὰς
2849 4685 3097 4754 δαπάνας
3148 4692 3374 4746 ἐκείνων
3425 4692 3533 4747 τῶν
3597 4698 3828 4768 χωρίων

2227 4770 2293 4824 δι’
2319 4764 2394 4828 ῶν
2418 4773 2631 4845 μέλλεις
2657 4777 3040 4851 ὑποστρέφειν,
3086 4782 3172 4838 ἵνα
3201 4784 3279 4857 μὴ
3294 4786 3487 4840 ἐαυτὸν
3514 4764 3823 4865 στενῶσῃς.

2300 4882 2380 4938 ιε’.
2440 4886 2553 4951 Τάς
2601 4887 2659 4942 δὲ
2709 4890 2972 4960 τοιαύτας
3027 4895 3276 4967 γεφύρας
3332 4898 3579 4968 γίνεσθαι
3638 4901 3819 4971 ἀναγ-

2228 4978 2384 5031 καῖον
2410 4980 2617 5052 νομίζω
2644 4984 2740 5047 καὶ
2768 4986 2828 5039 ἐν
2872 4986 3050 5060 καιρῷ
3082 4989 3351 5061 δημοσίας
3380 4992 3579 5065 μάχης,
3607 4994 3705 5048 καὶ
3745 4996 3819 5050 τά

2227 5068 2469 5125 ἀπλικτα
2506 5074 2564 5127 ἐν
2616 5077 2727 5140 τοῖς
2775 5076 3033 5144 τοιούτοις
3076 5086 3343 5154 ποταμοῖς
3394 5084 3665 5155 γίνεσθαι,
3713 5088 3818 5143 ἐὰν

2226 5160 2333 5233 ἀρα
2362 5162 2626 5233 δύσϐατος
2650 5168 2847 5243 εὑρεθῇ
2870 5171 2930 5225 ἐν
2962 5172 3060 5246 οἵῳ
3111 5175 3315 5247 δήποτε
3352 5177 3531 5249 μέρειο
3574 5180 3665 5233 ἴνα
3710 5180 3819 5252 τὴν

2226 5252 2321 5306 τοῦ
2353 5256 2599 5311 τοιούτου
2637 5262 2883 5334 ποταμοῦ
2921 5264 3089 5337 ὄχθην
3110 5268 3495 5342 κατεξαίρετον
3542 5272 3687 5326 κατὰ
3714 5274 3814 5327 τοῦ

2229 5348 2430 5417 μέρους
2456 5348 2565 5405 τῶν
2601 5352 2811 5424 ἐχθρῶν
2856 5358 3183 5433 καταλίπῃς,
3213 5359 3354 5415 ὥστε
3401 5362 3816 5435 ἀνεμποδίστως

2226 5440 2324 5492 καὶ
2367 5443 2821 5517 ἁστενοχωρήτως
2875 5450 2934 5503 ἐν
2992 5453 3058 5522 τῇ
3101 5453 3290 5525 ’ἡμέρᾳ
3333 5453 3431 5525 τῆς
3482 5455 3668 5526 μάχης
3714 5456 3812 5509 τὸν

2228 5540 2459 5604 στρατὸν
2489 5537 2801 5609 ἐξάγεσθαι.
2836 5538 2970 5599 Εἶτα
2999 5544 3093 5599 καὶ
3114 5546 3172 5599 ἐν
3202 5545 3382 5618 καιρῷ
3413 5548 3625 5619 τροπῆς
3646 5550 3705 5601 ἐν
3730 5547 3813 5621 τῷ

854 5726 995 5818 ξοιιἒ
1022 5726 1313 5818 ῖτνιιιιξρει.
1354 5734 1731 5818 peragi-aptius
1772 5736 1854 5818 [Ι.
1911 5643 2495 5818 άοοὶιιὲοέοξροεὶιο,

616 5724 734 5866 ἓὶϐ)
761 5724 817 5779 In
863 5726 988 5781 cod.
1024 5726 1187 5784 Laur.
1222 5738 1306 5785 cst
1354 5734 1731 5805 paragraphns
1772 5736 1854 5799 ll,

642 5793 733 5869 ‘27)
760 5799 895 5854 Κατ’
928 5799 1145 5856 αὐτῶν.
1179 5803 1550 5863 Scribebatur.
1577 5806 1716 5861 κατὰ
1746 5808 1871 5863 τῶν.
