4020 6312
147 377 273 439 921

1227 380 1559 440 TACTICA.
1596 406 1661 417 --
1698 379 2211 443 CONSTITUTIO
2242 382 2428 445 XVII.

3384 384 3490 449 9'22

143 488 247 544 ὃτι
290 492 331 561 ἢ
370 492 603 562 βλάψεις
634 492 747 565 (51)
776 494 901 557 τοὺς
933 490 1232 557 ἐναντίους,
1260 494 1291 564 ἢ
1316 492 1560 565 άὸλαὸὴς
1586 494 1776 565 ἀναχωι

1902 496 2057 552 sione
2088 498 2485 566 discessurum,
2516 512 2639 554 cum
2667 498 2877 571 pedites
2906 499 3121 573 insequi
3153 502 3289 558 alios
3318 504 3483 575 equi-

148 582 413 652 ρήσεις,
468 585 576 639 τῶν
613 584 793 650 πεζῶν
832 584 1049 640 διώκειν
1094 587 1223 649 τοὺς
1270 587 1668 661 καθαλλαρίους
1721 589 1776 642 οὐ

1901 601 1982 647 tcs
2013 607 2125 647 non
2153 593 2391 663 possint.

142 670 308 725 δυνα
318 677 536 746 μένων.

232 766 359 835 ιβ’.
404 768 467 823 Ei
489 769 544 822 δὲ
577 769 938 842 καόαλλάριοί
957 772 1096 827 είσιν
1118 772 1214 828 καὶ
1232 772 1279 826 oi
1309 772 1566 838 ἐναντίοι,
1590 773 1696 844 χρή
1725 791 1784 827 σε

143 858 315 928 πρὸς
348 863 431 916 τὰ
463 863 843 934 συμϐαίνοντα
870 866 1131 930 πολλάκις
1156 866 1374 919 ὲναντία
1396 864 1615 938 ἕτοιμον
1645 862 1787 921 εἶναι

145 952 262 1005 καὶ
290 946 865 1027 παρεσκευασμένον.

232 1043 361 1115 λγ¹.
403 1046 467 1101 Ei
496 1047 553 1101 δὲ
577 1050 634 1101 ἐν
663 1050 819 1103 νυκτὶ
853 1048 1042 1120 ἔφοδος
1067 1050 1292 1124 γένηται
1319 1053 1463 1106 κατὰ
1487 1054 1783 1133 φοσσάτου,

147 1134 287 1189 εἴτε
328 1137 402 1189 ὲν
432 1138 639 1211 ἡμέρᾳ,
673 1138 704 1210 ἢ
735 1138 877 1193 κατὰ
926 1140 1241 1206 ὁδευόντων,
1294 1144 1327 1215 ἢ
1364 1144 1504 1199 κατὰ
1542 1144 1782 1213 τούλδου,

144 1227 245 1282 δεῖ
282 1230 670 1303 ἀφωρισμένα
702 1234 959 1304 τάγματα
993 1234 1138 1305 ἔχειν
1188 1253 1250 1289 σε
1300 1236 1437 1309 πρὸς
1477 1238 1785 1310 διαρπαγὴν

148 1322 282 1378 τῶν
313 1323 677 1396 πραγμάτων
703 1339 717 1352 ·
755 1324 842 1379 ἵνα
876 1328 953 1397 μὴ
984 1328 1065 1391 είς
1093 1326 1252 1382 τοῦτο
1284 1330 1500 1385 πάντων
1532 1332 1786 1403 ἀσχολου-

154 1415 396 1487 μένων,
449 1419 734 1486 ὲπέλευσις
769 1422 876 1477 ὑπὸ
926 1421 1139 1496 ἐχθρῶν
1173 1424 1422 1498 γένηται,
1467 1428 1564 1482 καὶ
1605 1429 1786 1484 κινδυ-

150 1510 354 1586 νεύσῃ
386 1515 420 1567 ό
468 1515 721 1588 στρατός.

232 1605 348 1661 λδν.
399 1608 517 1673 Τὰς
562 1608 619 1664 δὲ
673 1608 931 1675 τοιαύτας
981 1612 1205 1683 ἐφόδους
1244 1613 1344 1679 τὰς
1394 1614 1648 1686 μείζονας
1686 1616 1786 1688 μὲν

153 1698 265 1751 καὶ
330 1699 560 1765 τελείας
608 1700 676 1756 δι’
716 1702 912 1757 ἑαυτοῦ
973 1708 1255 1779 ποιήσῃς’
1308 1708 1534 1763 δυνατὸν
1591 1710 1649 1764 δέ
1704 1727 1786 1763 σοι

1963 769 2051 825 39..
2094 768 2189 825 Sin
2222 772 2437 840 equites
2462 772 2648 830 hostes
2683 772 2907 840 fuerint,
2946 785 3165 846 oportet
3189 785 3243 833 te
3268 779 3334 834 ad
3372 793 3490 834 om-

1894 874 1994 916 nes
2021 877 2185 919 casus
2226 864 2496 921 adversos
2526 874 2837 937 promptum
2869 877 2921 922 et
2959 880 3211 937 paratum
3235 885 3379 928 esse.

1966 1043 2056 1099 35.
2108 1043 2163 1099 Si
2200 1044 2435 1101 interdiu
2471 1053 2565 1100 aut
2602 1057 2766 1102 noctu
2818 1048 3059 1106 incursio
3092 1049 3145 1103 in
3191 1058 3406 1114 castra,
3434 1053 3486 1109 in

1894 1136 2309 1206 impedimenta,
2344 1138 2398 1192 in
2438 1139 2642 1193 milites
2673 1141 2778 1195 iter
2805 1140 3073 1197 facientes
3103 1140 3285 1209 fuerit,
3330 1159 3488 1214 sepa-

1894 1238 2046 1285 ratas
2068 1232 2337 1300 quasdam
2378 1233 2637 1287 cohortes
2674 1233 2739 1287 ad
2775 1248 2958 1289 rerum
2995 1235 3359 1306 direptionem
3393 1238 3489 1291 lia.

1894 1324 2023 1379 bere
2050 1325 2345 1395 oportebit,
2385 1335 2531 1381 utne
2566 1327 2824 1383 omnibus
2865 1328 2966 1383 hac
2993 1329 3049 1384 in
3092 1344 3152 1386 re
3176 1333 3483 1403 occupatis,

1894 1415 2142 1473 incursio
2173 1418 2243 1471 ab
2269 1418 2510 1474 inimicis
2542 1418 2634 1472 tiat
2673 1428 2726 1475 et
2760 1422 3125 1489 periclitetur.

1966 1596 2056 1652 51.
2091 1595 2450 1653 incursiones
2478 1596 2719 1666 majores
2765 1604 2821 1652 et
2851 1596 3131 1655 absolutas
3155 1609 3210 1654 tu
3244 1599 3361 1671 ipse
3390 1617 3486 1672 per

1895 1702 1947 1748 te
1987 1691 2204 1749 facies:
2248 1693 2457 1764 poteris
2507 1692 2672 1749 etiam
2717 1707 2814 1762 per
2864 1695 3211 1749 turmarclias
3244 1695 3309 1750 ad
3343 1695 3485 1751 hanc

154 1792 396 1864 μᾶλλον
466 1795 563 1849 καὶ
618 1796 709 1851 διὰ
770 1798 1135 1870 τουρμάρχων
1168 1800 1305 1854 τῶν
1361 1801 1455 1855 ἐπὶ
1519 1802 1776 1867 τοιούτοις

1901 1806 2009 1846 rem
2058 1789 2284 1846 idoneos
2322 1789 2427 1846 hoc
2471 1788 2703 1854 edicere,
2754 1790 2849 1859 qui
2883 1790 3055 1845 vicem
3081 1797 3233 1846 tuam
3265 1788 3488 1846 fortitu-

150 1881 487 1954 πράγμασι
518 1884 805 1956 χρησίμων
838 1886 1011 1949 αὑτὰς
1038 1888 1304 1955 γίνεσθαι.
1336 1888 1547 1953 Οἵτινες
1612 1892 1776 1944 ίκανοι

1901 1885 2017 1942 dine
2051 1885 2389 1958 solertiaqne
2439 1899 2537 1941 sua
2569 1884 2795 1956 explere
2822 1884 3063 1956 possint.

151 1978 281 2030 εἰσι
331 1977 443 2032 τὸν
476 1979 567 2033 σὸν
602 1980 767 2033 τόπον
794 1980 1189 2053 ἀναπληρῶσαι
1214 1982 1305 2036 διὰ
1331 1980 1432 2054 τ’ὴν
1462 1984 1789 2040 ἀποδεικνυ-
1826 2008 1830 2013 ·

156 2069 354 2141 μένην
385 2072 449 2123 ὲν
481 2072 664 2135 αὐτοῖς
698 2073 792 2126 καὶ
823 2072 1077 2145 ἀνδρείαν
1108 2075 1202 2128 καὶ
1231 2075 1537 2146 ἀγχίνοιαν.

232 2162 347 2222 λε’.
402 2166 534 2221 Ἐὰν
560 2166 616 2220 δὲ
646 2169 703 2220 ὲν
735 2170 800 2240 τῇ
829 2168 935 2222 τῶν
966 2168 1244 2241 πολεμίων
1279 2169 1435 2243 χώρᾳ
1484 2171 1787 2227 είσσάλλων

154 2258 496 2330 ὁδοιπορεῖν
551 2260 753 2333 μέλλῃς
785 2263 963 2317 ὲκετσε
1020 2263 1114 2316 καὶ
1161 2262 1475 2334 πραιδεύειν
1516 2265 1789 2337 (732)514-

155 2350 274 2422 6ης
317 2352 469 2415 ἰδίας
503 2354 947 2433 χωρὶς-πρῶτον
978 2358 1077 2426 μὲν
1109 2358 1241 2412 ἴδιον
1274 2359 1369 2413 καὶ
1389 2361 1643 2431 ἁρμόδιον
1672 2362 1785 2433 (55)

160 2445 373 2518 καιρὸν
408 2446 760 2515 ὲπιλεύσσου,
788 2442 943 2513 οὗτος
984 2450 1040 2505 δέ
1086 2451 1236 2504 ἐστιν
1293 2454 1322 2505 ό
1376 2452 1626 2525 ἀσφαλὴς
1684 2454 1785 2524 τῆς

156 2540 563 2613 ἐγχειρήσεως
615 2544 826 2613 καιρὸς,
892 2545 980 2598 ὅτε
1030 2545 1062 2615 ἢ
1097 2544 1389 2615 συμϐαλὼν
1419 2547 1521 2619 ἤδη
1551 2550 1665 2613 τοῖς
1693 2551 1783 2619 εχ-

164 2633 334 2705 θροίς
386 2635 546 2707 μάχῃ
578 2637 890 2709 ἐκράτησας
942 2637 1145 2703 αὐτῶν,
1193 2638 1225 2709 ἢ
1269 2639 1513 2710 νομίσεις
1554 2642 1635 2696 δτι
1682 2645 1782 2698 οὐκ

158 2728 277 2781 εἰσὶ
299 2727 535 2782 δυνατοὶ
559 2728 693 2799 πρὸς
714 2730 813 2800 τὴν
840 2733 939 2802 σὴν
966 2730 1220 2803 δύναμιν,
1248 2733 1279 2807 ἢ
1312 2734 1441 2788 ὅταν
1474 2735 1780 2807 ἀνετοίμοις

160 2821 367 2886 αὐτοῖς
403 2822 506 2877 καὶ⁸
535 2824 945 2893 ἀπαρασκεύοις
975 2824 1148 2893 οὖσιν,
1203 2827 1485 2898 αἰφνιδίως
1537 2830 1782 2903 ἐπιτεθῆ-

160 2932 253 2968 ναι
290 2914 636 2986 μελετήσῃς,
677 2914 753 2979 ῶς
788 2915 887 2989 ἤδη
924 2918 1282 2990 προείπομεν.

241 3006 367 3074 λς’.
430 3008 567 3063 Δέον
617 3026 676 3062 σε
729 3011 837 3081 πρὸ
886 3011 1125 3075 πάντων,
1155 3006 1200 3066 ὦ
1230 3014 1524 3084 στρατηγὲ,
1561 3015 1781 3069 εἰσϐάλ-

162 3100 340 3157 λοντα
365 3104 455 3167 είς
483 3103 580 3173 τὴν
611 3103 890 3173 πολεμίων
915 3105 1038 3176 γῆν,
1072 3106 1172 3178 τῆς
1213 3108 1531 3179 ἀποτροφῆς
1561 3109 1779 3182 φροντί-

168 3213 266 3250 σαι
300 3194 407 3249 τοῦ
447 3194 707 3267 στρατοῦ,
742 3198 836 3251 καλ⁸
880 3196 913 3269 ἢ
948 3198 1036 3253 διὰ
1067 3199 1350 3272 βασταγῆς
1400 3200 1684 3272 δημοσίας,
1737 3203 1773 3275 ἢ

162 3288 235 3342 δι’
272 3290 483 3343 αὐτῶν.
504 3288 618 3343 τῶν
657 3291 1028 3362 στρατιωτῶν,
1057 3293 1092 3365 ἢ
1128 3293 1301 3360 ἄλλως
1336 3313 1453 3359 πως
1491 3296 1777 3368 ἐπινοῆσαι

170 3378 458 3452 βαστάσαι
506 3381 825 3454 ἀποτροφὴν
875 3384 970 3437 καὶ
1021 3384 1234 3453 ἀλόγων
1282 3386 1376 3441 καὶ
1426 3386 1730 3458 ἀνθρώπων
1757 3405 1776 3424 ο

169 3472 262 3526 ῐνα
304 3473 387 3545 μὴ
433 3472 565 3545 περὶ
594 3472 769 3544 μέσην
800 3475 901 3546 τὴν
946 3473 1129 3548 χώραν
1182 3476 1338 3546 ἄφνω
1385 3477 1494 3532 τῶν
1543 3479 1775 3551 ἐχθρῶν,

169 3565 250 3631 ὡς
284 3568 470 3634 εἰκὸς,
510 3567 883 3637 ἀφανιζόντων
908 3569 978 3623 τὰ
1008 3570 1201 3642 ἕτοιμα
1237 3571 1351 3643 εῐδη
1395 3574 1774 3647 στενοχωρηθῇ

167 3661 198 3712 ό
229 3660 499 3732 στρατός.

244 3750 350 3817 λς’.
389 3753 487 3824 Μὴ
520 3751 881 3827 ὲπιτηδεύσῃς
926 3752 982 3808 δὲ
1015 3755 1340 3828 νυκτερινὰς
1376 3758 1685 3832 ὁδοιπορίας
1719 3763 1777 3815 ὲν

173 3846 425 3919 πολεμίᾳ
460 3845 615 3919 χώρᾳ
650 3848 942 3912 ποιεῖσθαι,
994 3851 1043 3903 εί
1087 3850 1162 3922 μὴ
1210 3852 1347 3924 πρὸς
1386 3854 1553 3922 ἅπαξ,
1609 3857 1777 3927 ἤγουν

177 3941 314 4011 μίαιν
346 3944 447 3994 καὶ
497 3941 693 4013 μόνην,
752 3943 847 3996 καὶ
897 3941 988 3996 τοῦ
1018 3943 1343 4014 λεληθότως,
1401 3948 1527 4012 ίσως
1589 3949 1778 4021 χρείας

175 4034 501 4103 ἀναγκαίας
548 4033 825 4105 καλούσης
874 4037 958 4099 είς
1007 4035 1067 4090 τὸ
1115 4034 1298 4091 λαθεῖν
1348 4040 1473 4104 τοὺς
1525 4041 1773 4112 ἐχθροὺς,

176 4128 273 4182 καὶ
304 4127 479 4182 τόπον
525 4125 765 4200 δυσχερῆ
815 4129 1253 4201 προκαταλαϐεῖν
1294 4133 1454 4204 χάριν
1483 4133 1775 4206 ὀχυρώμα-

175 4221 363 4292 τος,ἢ
412 4219 713 4289 παρελθεῖν
762 4223 821 4275 ἐν
878 4221 1048 4294 ἑτέρῳ
1094 4223 1248 4296 τόπῳ
1296 4224 1404 4279 τῶν
1455 4226 1665 4300 ἐχθρῶν
1699 4228 1774 4301 μὴ

176 4313 587 4382 γινωσκόντων.

249 4404 357 4476 λη’.
402 4406 679 4479 Πρότερον
705 4407 760 4461 δὲ
791 4408 1259 4481 περιεργάσασθαί
1292 4427 1351 4464 σε
1381 4410 1581 4466 δεῖκαὶ
1611 4412 1771 4485 ἐρευ·

179 4497 281 4566 νᾷν
307 4499 409 4563 τὰς
437 4496 621 4563 ὁδοὺς.
655 4499 749 4553 καὶ
770 4498 914 4555 οὕτω
938 4501 1037 4565 τὰς
1060 4502 1367 4575 ὁδοιπορίας
1399 4506 1689 4563 ποιεῖσθαι.

1960 2166 2048 2222 55.
2089 2165 2146 2221 Si
2187 2166 2256 2222 ad
2284 2164 2765 2237 depopulationem
2795 2170 2851 2220 et
2882 2162 3273 2235 praedationem
3312 2164 3485 2219 hosti-

1889 2259 1957 2317 lis
1984 2269 2142 2316 terre
2178 2258 2285 2315 iter
2325 2259 2447 2315 sine
2478 2240 2781 2314 offensione
2824 2265 2917 2312 tua
2955 2257 3203 2313 facturus
3231 2258 3328 2324 sis,
3364 2258 3481 2328 pri-

1888 2369 2036 2409 mum
2064 2352 2320 2408 idoneum
2355 2359 2653 2423 aptumque
2679 2358 2896 2422 tempus
2916 2349 3123 2421 eligito.
3154 2348 3266 2404 Hoc
3295 2358 3478 2405 autem

1888 2447 2148 2503 idoneum
2188 2452 2671 2517 opportunumque
2710 2454 2926 2515 tempus
2974 2444 3099 2509 erit,
3151 2460 3272 2499 cum
3310 2445 3353 2498 si
3400 2445 3479 2499 vel

1886 2540 2179 2612 conﬂigere
2208 2554 2332 2595 cum
2375 2538 2632 2593 hostibus
2680 2533 2912 2609 cogitas,
2951 2538 3135 2593 minus
3166 2538 3375 2592 habiles
3410 2539 3476 2592 ad

1885 2634 2257 2691 resistendum
2307 2632 2425 2702 [tibi
2492 2631 2862 2704 reperientur,
2918 2631 3005 2686 vel
3056 2631 3355 2701 imparatos
3392 2632 3478 2687 Vel

1884 2728 2125 2784 omissos
2157 2728 2287 2784 illos
2315 2727 2590 2792 invenies,
2625 2724 3090 2796 quemadmodum
3129 2736 3257 2781 ante
3284 2726 3476 2782 admo-

1884 2838 2133 2879 nurmus.

1951 3049 2040 3106 56.
2088 3052 2230 3105 Ante
2260 3048 2446 3103 omnia
2494 3050 2806 3118 irrupturus
2844 3044 2902 3103 in
2944 3046 3199 3104 hostilem
3246 3056 3473 3115 terram,

1880 3153 2224 3199 commeatus
2265 3158 2329 3199 ac
2365 3159 2549 3198 rerum
2594 3142 3032 3199 necessariarum
3075 3142 3340 3197 exercitui
3372 3158 3473 3197 en-

1804 3252 1852 3316 ρ
1883 3252 2207 3307 rnm'geres,
2244 3236 2327 3291 vel
2361 3242 2420 3289 ut
2466 3234 2649 3305 aliqua
2692 3242 2914 3290 vectura
2950 3234 3251 3299 communi,
3298 3234 3379 3289 vel
3414 3242 3475 3290 ut

1880 3347 1912 3387 a
1959 3331 2225 3386 militibus
2256 3329 2489 3401 singulis
2522 3329 2901 3399 deportentur,
2947 3327 3053 3382 alia
3095 3327 3291 3398 quavis
3323 3338 3473 3384 certa

1880 3426 1969 3484 via
2003 3434 2117 3480 tum
2147 3424 2428 3480 hominum
2457 3431 2570 3478 tum
2604 3423 2977 3494 iumentorum
3008 3422 3268 3493 pabulum
3310 3424 3472 3478 veha-

1882 3531 1989 3586 tur,
2028 3526 2086 3573 ut
2124 3534 2194 3574 ne
2224 3533 2321 3573 sua
2354 3518 2407 3573 in
2454 3518 2681 3589 regione
2719 3516 2974 3572 hostibus
3005 3516 3187 3570 omnia
3219 3516 3286 3571 ad
3321 3532 3472 3573 com-

1880 3622 2121 3668 meatum
2176 3611 2484 3683 speCtantia
2520 3610 2890 3675 vastantibus,
2923 3608 2978 3663 in
3024 3622 3252 3679 magnas
3294 3624 3469 3681 angu-

1880 3704 2015 3761 stias
2046 3712 2175 3758 tuus
2200 3701 2509 3757 adducatur
2546 3702 2842 3756 exercitus.

1953 3799 2041 3852 57.
2081 3796 2279 3852 Hostili
2305 3795 2356 3849 in
2387 3797 2610 3867 regione
2635 3810 2703 3849 ne
2726 3795 2944 3850 coneris
2970 3803 3239 3850 nocturna
3270 3790 3466 3847 itinera

1882 3891 2087 3953 lacere,
2148 3888 2257 3944 nisi
2301 3887 2510 3953 semel,
2568 3885 2734 3957 idque
2776 3885 3089 3941 clanculum
3138 3884 3467 3939 necessitate

1880 3983 2220 4053 impellente,
2255 3989 2316 4035 ut
2350 3980 2539 4035 hostes
2565 3979 2756 4044 lateas,
2796 3985 2852 4031 et
2898 3976 3173 4032 dillicilem
3218 3976 3462 4045 aliquem

1882 4076 2063 4131 locum
2099 4074 2426 4128 munitionis
2459 4073 2633 4145 gratia
2668 4072 2958 4142 anticipes,
2987 4071 3071 4127 vel
3105 4081 3163 4125 ut
3191 4069 3258 4124 ad
3290 4070 3459 4123 alium

1879 4169 2060 4226 locum
2111 4167 2478 4225 inscientibus
2511 4165 2765 4221 hostibus
2802 4171 3075 4233 transeas,

1947 4441 2042 4498 58.
2076 4440 2263 4496 Primo
2310 4437 2723 4511 perscrutanda:
2783 4437 3292 4510 per-lustrandaque
3349 4438 3449 4495 vite

1880 4545 2037 4600 sunt,
2073 4533 2278 4590 deinde
2313 4542 2431 4589 tuto
2464 4532 2855 4606 ingretliendae.

252 4589 355 4647 λθ’.
400 4593 592 4646 Πᾶσαν
619 4591 676 4647 δὲ
712 4592 930 4658 πάντως
960 4597 1231 4649 ποιεῖσθαι
1279 4598 1538 4671 σπουδὴν,
1571 4600 1657 4655 τνα
1689 4618 1771 4655 τι·

1949 4626 2039 4685 59.
2070 4626 2307 4681 Omnino
2344 4589 2739 4683 elaborandum
2794 4625 2893 4681 abs
2941 4631 2993 4677 te
3032 4630 3138 4687 est,
3175 4630 3234 4675 ut
3286 4637 3459 4693 quos-

183 4682 278 4746 νὰς
302 4682 416 4737 τῶν
462 4687 563 4755 τῆς
590 4684 775 4756 χώρας
813 4682 1125 4759 ζωγρήσῃς,
1179 4690 1328 4755 ὅπως
1360 4692 1418 4759 ἐξ
1449 4693 1631 4748 αὐτῶν
1671 4697 1774 4769 τὴν

181 4777 293 4831 τῶν
343 4779 559 4850 ἐχθρῶν
600 4779 776 4855 μάθῃς
803 4780 1053 4853 δύναμιν,
1096 4785 1191 4839 καὶ
1228 4786 1298 4840 τὰ
1335 4787 1516 4842 αὐτῶν
1551 4788 1776 4861 βουλεύ-

189 4888 359 4943 ματα,
385 4876 439 4929 τί
464 4875 572 4946 ἄρα
602 4874 968 4940 σπουδάζουσι
997 4879 1242 4951 ποιῆσαι.

258 4964 334 5036 μ’.
377 4968 492 5032 Τὰς
522 4971 820 5042 ἐρωτήσεις
848 4970 903 5024 δὲ
933 4971 1045 5024 τῶν
1072 4974 1462 5046 κρατουμένων
1483 4976 1573 5031 διὰ
1603 4995 1769 5034 σεαυ-

187 5057 281 5111 τοῦ
308 5060 476 5129 ποίει,
505 5062 597 5115 καὶ
624 5062 698 5134 μὴ
722 5062 790 5115 δι’
824 5064 1011 5136 ἑτέρου
1033 5065 1199 5129 τινός.
1232 5068 1342 5121 Καὶ
1372 5068 1481 5140 γὰρ
1512 5072 1771 5138 πολλάκις

189 5155 465 5227 ἀναγκαῖά
504 5178 625 5214 τινα
670 5162 766 5215 καὶ
812 5161 965 5232 παρὰ
1008 5164 1189 5217 πᾶσαν
1245 5165 1500 5221 ὑπόνοιαν
1530 5167 1618 5223 διὰ
1664 5171 1771 5226 τῶν

192 5248 561 5323 ὲρωτωμὲνων
595 5254 1025 5326 ἐφανερώθησαν

265 5438 375 5501 μα’.
422 5434 583 5489 Ἀλλὰ
613 5436 747 5507 μηδὲ
766 5439 879 5501 τοῖς
907 5438 1316 5509 προσφεύγουσί
1346 5458 1428 5496 σοι
1457 5445 1767 5518 προχείρως

196 5522 437 5593 πίστευε,
468 5528 606 5584 ἀλλὰ
645 5532 755 5595 τοῖς
803 5530 860 5596 ἐξ
895 5531 1161 5602 αἰφνιδίου
1197 5533 1500 5609 ἐπιδρομῆς
1533 5556 1768 5612 κρατου-

1879 4719 2004 4775 dam
2038 4735 2104 4774 ex
2142 4718 2393 4791 hostibus
2446 4720 2673 4790 capias,
2714 4728 2880 4789 atque
2922 4733 2987 4772 ex
3047 4717 3158 4772 illis
3206 4716 3453 4772 hostium

1876 4812 2067 4881 copias
2108 4813 2475 4884 consiliaque,
2534 4822 2587 4869 et
2626 4812 2757 4884 quid
2813 4811 3087 4884 agendum
3145 4811 3459 4881 suscipiant

1876 4917 2207 4974 cognoscas.

1948 4997 2037 5051 40.
2077 4995 2156 5051 Ad
2186 5011 2282 5051 eos
2314 4996 2410 5066 qui
2445 4998 2741 5067 capiuntur
2796 4994 3179 5065 explorandos
3220 5000 3271 5048 et
3324 5008 3455 5048 exa-

1879 5086 2174 5143 minandos
2205 5088 2442 5158 teipsum
2477 5088 2791 5155 adhibebis,
2845 5102 3024 5157 neque
3062 5102 3157 5157 per
3188 5086 3327 5140 alios
3358 5085 3456 5139 de-

1879 5181 2059 5236 lectos
2090 5180 2239 5237 viros
2276 5179 2468 5236 facias.
2506 5180 2658 5251 Saepe
2692 5182 2838 5237 enim
2859 5181 3172 5237 necessaria
3206 5178 3456 5249 quaedam

1878 5277 2077 5340 praeter
2108 5269 2425 5339 opinionem
2487 5272 2756 5338 incidunt,
2817 5271 2970 5327 etab
3018 5271 3086 5326 iis
3126 5268 3458 5325 examinatis

1878 5360 2329 5433 proﬁciscuntur,
2365 5379 2486 5434 qna:
2515 5364 2701 5420 multis
2732 5364 2975 5435 pateﬁeri
3023 5361 3383 5418 nondebent.
3420 5363 3423 5366 ⁴

1944 5456 2035 5519 Li.
2078 5452 2147 5511 lis
2173 5457 2263 5526 qui
2298 5459 2363 5512 ad
2400 5469 2451 5513 te
2485 5460 2812 5529 confugiunt
2838 5475 2905 5513 ne
2942 5458 3109 5514 nimis
3141 5458 3298 5512 facile
3330 5471 3457 5511 cre-

1875 5546 1997 5617 das,
2026 5564 2205 5621 neque
2240 5550 2311 5607 lis
2343 5553 2437 5623 qui
2506 5555 2799 5625 repentina
2850 5554 3086 5625 quadam
3137 5550 3457 5607 incursione

1703 5750 1939 5813 NOTAE.

414 5827 695 5910 eadem.
724 5832 1098 5910 Scribebatur,
1136 5837 1350 5910 βλάψει.

246 5894 378 5966 i5?)
409 5894 773 5969 Πραῐδεῦειν.
811 5894 1183 5980 Scribebatur,
1217 5894 1501 5987 τέροδεύειν

1954 5844 2066 5921 (55)
2095 5850 2205 5908 Καὶ
2227 5852 2535 5924 ἁρμόδιον.
2568 5854 2780 5913 Censeo
2812 5853 3071 5913 delenda.
