4040 6298
607 362 723 430 923

1874 351 2068 414 LEUN
2082 351 2151 412 IS
2189 350 2650 413 PHILOSOPHI

3763 343 3864 408 92l

605 475 938 544 capiuntur:
973 483 1116 540 saepe
1149 465 1293 524 enim
1325 474 1440 522 tum
1475 462 1569 535 qui
1603 463 1668 517 ad
1724 470 1778 519 te
1830 463 2178 536 confugiunt,

2291 460 2504 525 μένοιςο
2548 463 2737 536 ἐπειδὴ
2791 463 3078 533 συμϐαίνει
3113 463 3469 537 πεπλασμένα
3525 463 3621 519 καὶ
3670 466 3735 518 ἐκ
3762 466 3865 519 τῶν

599 575 726 619 tum
757 561 846 629 qui
874 558 1194 628 capiuntur,
1216 555 1486 626 permulta
1515 553 1651 608 falsa
1681 554 2002 623 loquuntur.

679 654 770 708 ιε.
812 653 1000 721 Neque
1030 650 1100 705 iis
1132 663 1254 718 quae
1305 648 1374 703 ab
1405 662 1516 702 uno
1549 646 1734 716 aliquo
1772 646 2053 707 dicuntur,
2083 641 2181 699 sed

610 760 731 815 qua:
763 758 790 796 a
833 741 1086 809 pluribus
1118 747 1519 802 memorantur,
1559 736 1776 792 eredas.
1838 736 2039 791 Eorum
2084 749 2183 789 au-

608 848 718 892 tem
750 837 1170 892 consensionem
1200 834 1385 905 potius
1445 833 1701 886 attendas
1747 831 1841 901 qui
1899 829 2042 885 bello
2090 843 2182 884 ea-

611 927 860 997 pittntur,
892 940 1056 995 quam
1093 923 1185 996 qui
1213 922 1511 979 voluntarii
1543 919 1610 976 ad
1634 929 1686 976 te
1725 918 2073 988 confugiunt.

675 1105 764 1160 4'5.
801 1103 910 1161 Eos
937 1105 1028 1175 qui
1053 1105 1121 1160 ab
1147 1103 1400 1160 hostibus
1425 1104 1499 1159 ad
1528 1113 1583 1159 te
1617 1105 1969 1178 confugiunt,
2000 1114 2049 1162 et
2097 1119 2182 1162 se-

605 1208 756 1252 creta
789 1208 951 1268 atque
981 1197 1162 1253 abdita
1194 1198 1444 1270 quaedam
1471 1213 1530 1252 se
1563 1199 1858 1253 enuntiare
1904 1197 2044 1253 velle
2093 1197 2181 1253 di-

606 1297 761 1352 cunt,
785 1289 838 1342 in
871 1289 1122 1346 custodia
1155 1296 1367 1356 teneas,
1391 1298 1485 1345 aut
1511 1290 1614 1343 alia
1646 1299 1762 1344 tuta
1795 1290 2012 1346 ratione
2036 1289 2180 1359 apud

606 1390 658 1436 te
697 1397 914 1437 serves:
941 1390 996 1436 et
1027 1384 1338 1453 promittas,
1366 1381 1410 1438 si
1447 1397 1580 1436 vero
1610 1381 1926 1452 loquantur,
1968 1389 2022 1437 te
2057 1381 2180 1437 illos

605 1483 1064 1530 muneraturum:
1120 1475 1207 1530 sin
1268 1475 1633 1541 mentiantur,
1682 1483 1918 1530 mortem
1959 1474 2182 1530 minita-

607 1570 777 1622 beris.

672 1662 762 1718 Η.
789 1661 876 1718 Si‘
907 1664 1144 1720 hostium
1187 1664 1465 1720 exercitus
1520 1665 1764 1736 cogitur,
1831 1671 1996 1731 tuque
2022 1670 2176 1716 extra

605 1757 965 1814 munitionem
997 1759 1096 1822 sis,
1133 1774 1200 1813 ne
1224 1758 1449 1814 militem
1477 1759 1644 1813 ullum
1683 1757 1749 1811 ad
1785 1755 2173 1826 praedatiouem

2291 555 2744 624 προσφευγόντων
2767 557 2862 610 καὶ
2885 559 2948 610 ὲκ
2969 557 3076 611 τῶν
3103 559 3487 629 κρατουμένων
3517 557 3796 626 λέγεσθαι.

2357 647 2468 718 μβ¹.
2524 648 2680 701 Ἀλλὰ
2735 649 2873 720 μηδὲ
2909 654 3022 714 τοῖς
3071 651 3179 704 ἀπὸ
3202 651 3320 715 ἑνὸς
3355 651 3518 722 μόνου
3549 651 3862 721 λεγομένοις

2284 739 2506 794 πίστευε
2537 740 2570 812 ἢ
2609 741 2864 812 πρόσεχε,
2915 743 3054 797 ἀλλὰ
3086 747 3151 815 τῇ
3197 745 3261 797 ἐκ
3297 744 3406 798 τῶν
3434 744 3705 798 πλειόνων
3731 762 3862 814 συμ-

2284 833 2460 905 φωνία
2492 832 2711 898 πείθου,
2748 836 2983 906 μάλιστα
3014 835 3072 889 δὲ
3106 836 3213 889 τῶν
3251 836 3310 901 ἐξ
3333 836 3635 907 ἐπιδρομῆς
3666 837 3866 908 ἀθρόας

2283 925 2675 998 ἁλισκομένων,
2717 926 2792 992 ὡς
2837 929 3086 998 εἴπομεν,
3141 930 3284 1001 ᾗπερ
3326 930 3433 983 τῶν
3490 932 3864 1001 προσιρευγὸν⁹

2282 1039 2413 1075 των.

2357 1117 2465 1181 μγ⁹.
2509 1110 2652 1182 Πρὸς
2702 1111 2758 1164 δὲ
2802 1109 2926 1173 τοὺς
2966 1109 3410 1180 προσφεύγοντας
3462 1128 3542 1164 σοι
3598 1110 3715 1164 ἀπὸ
3763 1112 3866 1165 τῶν

2282 1203 2514 1277 ἐχθρῶν,
2541 1207 2633 1258 καί
2651 1221 2772 1258 τινα
2795 1203 3019 1276 μηνύειν
3041 1203 3544 1275 ἐπαγγελλομένους
3565 1206 3866 1276 μυστήρια,

2287 1297 2321 1368 ἢ
2354 1298 2410 1348 ὲν
2440 1298 2661 1368 δεσμοῖς
2687 1297 2922 1366 φύλαττε
2945 1295 3102 1361 τέως,
3129 1296 3162 1366 ἥ
3200 1295 3374 1360 ἄλλως
3398 1314 3515 1360 πως
3539 1297 3680 1364 μετὰ
3705 1297 3868 1364 ἀσφα-

2282 1387 2430 1452 λείας
2457 1387 2570 1461 ἔχε,
2601 1389 2694 1442 κατι
2731 1387 2963 1459 πρόλεγε
2998 1389 3178 1451 αὐτοῖς
3202 1386 3410 1458 δωρεὰς
3431 1386 3653 1441 δώσειν·
3690 1387 3791 1441 ἐὰν
3819 1388 3868 1442 δὲ

2283 1481 2615 1552 ψεύδωνται,
2646 1482 2858 1536 ἀπείλει
2883 1482 3132 1537 θάνατον.

2356 1661 2465 1731 μδ’.
2517 1661 2646 1715 Ἐὰν
2706 1661 2763 1714 δὲ
2823 1659 3149 1730 συνέστηκεν
3199 1661 3428 1732 στρατὸς
3482 1661 3727 1734 ἐχθρῶν,
3782 1668 3869 1719 καὶ

2281 1753 2479 1820 ἔξωθεν
2512 1752 2885 1824 ὀχυρωμάτων
2913 1753 3109 1823 διάγῃ,
3164 1752 3237 1823 μὴ
3273 1755 3518 1825 ὲπαφιῇς
3554 1753 3671 1807 τῶν
3706 1772 3870 1827 στρα-

605 1850 1080 1922 direptionemque
1117 1852 1361 1905 hostium
1404 1851 1613 1918 mittas,
1638 1851 1731 1907 sed
1778 1851 1957 1922 primo
1984 1850 2178 1904 invade

2291 1843 2495 1898 τιωτῶν
2529 1821 2682 1907 τινας
2706 1821 2811 1897 θὲς-εὶ
2855 1821 3111 1913 ἁρπαγῆν
3228 1821 3867 1917 πραίδαννπραγμάτων,

604 1943 751 2003 illos.
783 1951 837 1999 et
868 1945 909 1999 si
940 1945 1078 2000 bene
1113 1945 1236 1999 belli
1268 1945 1452 2000 exitus
1507 1945 1866 2015 processerit,
1912 1957 1979 1999 ne
2023 1942 2179 1998 δισθ-

603 2051 698 2092 ras
724 2046 959 2108 tempus,
993 2038 1086 2092 sed
1130 2037 1257 2092 dum
1305 2038 1358 2092 in
1424 2038 1665 2092 tumultu
1721 2037 2027 2108 timoreque
2064 2035 2181 2091 fue-

603 2131 737 2197 rint,
769 2129 1185 2200 impressionem
1220 2130 1274 2185 itt
1335 2130 1460 2186 illos
1499 2129 1690 2195 facies,
1744 2129 1922 2185 donec
1951 2128 2180 2184 omnino

603 2224 821 2294 disjecti
844 2226 1194 2297 dispersique
1227 2224 1452 2291 fuerint,
1477 2231 1646 2296 tuque
1676 2223 1729 2279 in
1762 2230 1880 2279 tuto
1932 2236 1997 2279 ac
2024 2231 2181 2280 extra

604 2318 909 2389 perieulum
937 2319 1129 2376 l‘tteris.

675 2494 764 2551 45.
800 2493 899 2550 Sin
951 2497 1139 2553 hostes
1186 2498 1365 2554 coacti
1429 2496 1656 2563 fuerint,
1690 2497 1940 2568 praelium
1995 2505 2179 2554 tamen

603 2602 667 2644 ac
695 2588 1104 2646 dimicationem
1134 2590 1447 2660 rejecerint,
1489 2591 1761 2648 contende
1819 2591 2031 2661 junctis
2083 2606 2180 2646 co-

603 2684 709 2753 piis
749 2693 913 2754 atqtte
948 2684 1204 2740 adunatis
1241 2685 1532 2741 adversum
1583 2700 1678 2741 eos
1705 2684 1950 2755 prodire,
1977 2696 2031 2741 et
2057 2700 2180 2756 quae

601 2783 729 2828 ante
756 2772 920 2842 pedes
945 2780 1075 2830 sunt
1105 2775 1288 2829 omnia
1321 2783 1557 2830 vastare.
2104 2770 2106 2772 ’

671 2862 762 2919 46.
788 2862 843 2919 Si
867 2878 962 2934 per
981 2864 1233 2920 eamdem
1275 2867 1418 2920 viam
1454 2865 1652 2921 reditio
1691 2873 1786 2920 tua
1840 2865 1965 2934 erit,
2000 2882 2179 2939 neque

603 2955 860 3012 alimenta
901 2965 993 3012 aut
1015 2959 1296 3029 pastiones
1328 2959 1454 3014 ulla:
1485 2959 1596 3016 sint
1625 2968 1917 3032 praeterea,
1970 2977 2038 3018 ne
2063 2973 2176 3017 tum

605 3048 720 3104 hzee
751 3049 1009 3105 alimenta
1041 3066 1162 3123 quae
1190 3058 1319 3108 ante
1387 3052 1554 3124 pedes
1609 3063 1739 3110 sunt
1797 3053 2176 3125 populaberis,

603 3141 700 3198 sed
741 3143 831 3199 ubi
873 3158 1129 3201 reversus
1157 3143 1335 3210 fueris
1371 3153 1486 3201 tum
1516 3147 1703 3215 potius
1751 3147 2023 3204 vastabis.

673 3323 764 3379 47.
804 3321 873 3380 Ut
907 3342 975 3381 ne
1001 3325 1177 3381 aliena
1217 3326 1269 3381 in
1314 3326 1532 3398 regione
1566 3342 1742 3392 erres,
1773 3326 1826 3382 in
1870 3327 2179 3385 diverticu-

604 3413 671 3469 lis
709 3423 764 3470 et
791 3416 1060 3487 ambiguis
1093 3417 1194 3473 viis
1217 3416 1371 3488 signa
1401 3431 1590 3487 pones.
1629 3415 1686 3471 Si
1741 3418 1893 3473 silva
1945 3419 2092 3476 sint:
2125 3419 2179 3475 in

600 3509 934 3565 arboribus:
966 3510 1010 3567 si
1041 3510 1201 3581 plana
1249 3512 1616 3582 expositaque
1671 3512 1814 3576 loca,
1858 3513 1912 3567 in
1964 3514 2178 3568 acervis

603 3603 872 3674 lapidum,
928 3613 1025 3660 aut
1102 3604 1530 3662 suffossionibus
1602 3606 1930 3676 quibusdam
1994 3609 2178 3680 parvis

601 3698 843 3762 notabis,
879 3708 937 3754 ut
985 3701 1080 3772 qui
1131 3707 1321 3772 postea
1371 3710 1680 3770 sequuntur
1720 3717 1788 3758 ex
1853 3701 1963 3758 tuis
1996 3703 2177 3760 minus

601 3793 883 3849 aberrent.

1747 3934 1777 3960 ο

674 3972 766 4029 48.
802 3971 953 4041 Quos
977 3973 1044 4028 ad
1066 3972 1426 4044 przeliandum
1460 3975 1837 4047 segregaveris
1869 3975 2183 4048 atqueemi-

604 4067 765 4134 seris,
810 4068 1043 4139 praecipe
1070 4078 1130 4122 ut
1165 4083 1235 4124 ne
1288 4085 1479 4125 omnes
1542 4069 1970 4141 praedationibus
2009 4084 2180 4126 occu-

605 4166 826 4230 pentur,
858 4159 953 4216 sed
983 4159 1148 4218 divisi
1182 4160 1327 4228 sint,‘
1360 4171 1420 4216 ut
1447 4162 1539 4217 alii
1593 4162 1937 4233 prtedentur,
1999 4162 2180 4233 major

605 4273 733 4328 pars
767 4257 1282 4313 illoruminstructa
1319 4258 1386 4311 ad
1424 4257 1859 4322 cttslodiam,vel
1891 4267 2177 4327 sequatur,

604 4355 723 4407 sive
747 4351 802 4406 in
836 4351 1136 4422 regionem,
1171 4350 1287 4408 sive
1319 4349 1371 4405 in
1426 4359 1612 4405 castra
1657 4349 1926 4414 hostium,
1957 4351 2075 4406 sive
2123 4350 2180 4404 in

606 4457 878 4512 armenta,
911 4444 1027 4502 sive
1060 4445 1113 4499 in
1169 4444 1560 4516 impedimenta
1602 4443 1852 4501 incursio
1905 4443 2013 4500 ulla
2061 4442 2178 4500 ﬁat.

681 4743 770 4800 49.
797 4739 913 4797 Hoc
944 4746 1127 4795 autem
1149 4737 1318 4794 facies
1351 4737 1570 4808 quando
1602 4737 1876 4795 universis
1935 4752 2061 4794 cum
2089 4753 2182 4795 co—

2282 1935 2417 1989 ἀλλὰ
2449 1935 2713 2005 πρότερον
2743 1935 2855 2007 (54)
2891 1935 3124 2007 ἐπέρχου
3152 1935 3270 1988 κατ’
3316 1935 3482 1990 αὐτοῦ
3504 1953 3517 1966 ·
3548 1939 3650 1990 καὶ
3681 1940 3732 1990 εί
3779 1940 3871 2010 μὲν

2281 2027 2466 2091 καλῶς
2503 2027 2694 2100 ἐξέλθῃ
2738 2028 2797 2082 τὸ
2828 2028 2921 2082 τοῦ
2953 2028 3191 2099 πολέμου
3221 2028 3414 2099 πέρας,
3448 2029 3526 2099 μὴ
3560 2029 3870 2088 ἀναῦάλλου

2283 2122 2375 2175 τὸν
2415 2122 2626 2196 καιρὸν,
2670 2121 2784 2176 ἀλλ’
2830 2123 2888 2176 ὲν
2933 2122 3044 2194 ὅσῳ
3077 2124 3135 2175 ὲν
3176 2121 3325 2191 φόϐῳ
3354 2121 3449 2175 καὶ
3478 2125 3703 2192 ταραχῇ
3738 2125 3870 2176 είσιν

2283 2217 2334 2271 οἱ
2362 2217 2548 2287 ἐχθροὶ
2583 2216 2829 2269 ὲπιτίθου
2862 2216 3045 2279 αὐτοῖς
3077 2215 3269 2286 μέχρις
3304 2212 3397 2268 τοῦ
3433 2213 3666 2279 τελείως
3699 2221 3868 2269 stata-

2291 2308 2493 2362 λυθῶσι
2528 2310 2622 2362 καὶ
2665 2307 3094 2377 σκορπισθῶσιν·
3128 2306 3161 2378 ἦ
3205 2305 3470 2377 σύμφωνα
3518 2305 3874 2379 συμφέροντὲ

2285 2419 2367 2456 σοι
2396 2401 2660 2471 γένωνται
2685 2401 2966 2470 ἀσφαλῶς.
3339 2444 3343 2449 .

2355 2501 2458 2566 με’.
2510 2493 2636 2549 Ἐὰν
2685 2493 2742 2547 δὲ
2770 2493 2821 2547 oi.
2862 2491 3050 2564 ἐχθροὶ
3098 2490 3358 2545 σύστασιν
3390 2491 3490 2562 μὲν
3527 2491 3870 2564 ποιήσωσιν,

2283 2586 2696 2642 ἁναϐάλλωνται
2738 2586 2795 2640 δὲ
2845 2583 3115 2657 συμμίξαι
3172 2586 3381 2656 μάχην·
3437 2587 3560 2638 τότε
3598 2583 3872 2649 σπούδαζι

2279 2682 2577 2752 ἡνωμένως
2623 2679 2718 2734 καὶ
2766 2678 3153 2750 ἀδωσπάστως
3197 2680 3548 2752 περιπατεῖν,
3584 2679 3694 2734 καὶ
3721 2679 3796 2734 τὰ
3820 2682 3872 2733 ἐν

2283 2775 2442 2826 ποσὶν
2466 2771 2687 2841 ἀφανίζε
2699 2789 2771 2828 ιν.

2357 2873 2481 2936 μς’.
2509 2865 2570 2918 Et
2600 2865 2653 2918 δὲ
2683 2864 2771 2919 δια
2793 2864 2892 2935 τῆς
2914 2863 3171 2936 τοιαύτης
3193 2863 3314 2918 ὁδοῦ
3349 2865 3381 2936 ἠ
3417 2863 3753 2936 ὑποστροφή
3788 2880 3872 2918 σω

2283 2955 2564 3019 ἐλπίζεται
2592 2955 2867 3024 γενέσθαι,
2893 2957 2986 3010 καὶ
3016 2956 3119 3010 οὐκ
3145 2956 3283 3009 είσὶν
3304 2955 3463 3011 ἄλλαι
3492 2957 3866 3028 ἀποτροφαὶῆ

2288 3047 2502 3117 βοσκαὶ,
2534 3048 2656 3102 τότε
2683 3047 2863 3118 φείδου
2896 3048 2991 3112 τὰς
3025 3049 3082 3101 ἐν
3115 3048 3294 3114 ποσὶν,
3339 3047 3458 3119 ἦτοι
3490 3046 3552 3100 τδ
3582 3048 3866 3118 ἀφανίζειν

2207 3176 2250 3236 C
2289 3142 2386 3205 τὰς
2433 3141 2713 3206 δαπάνας*
2761 3143 2818 3194 ὲν
2867 3140 2943 3212 τῷ
2978 3141 3342 3212 ὑποστρέφειν
3377 3157 3457 3209 σε,
3491 3141 3616 3195 τότε
3675 3141 3874 3211 μᾶλλον

2287 3235 2520 3305 ἁφάνιζε
2551 3234 2770 3297 ταύτας.

2361 3327 2469 3400 μζ.
2513 3329 2673 3382 Ὥστε
2726 3328 2800 3399 μὴ
2846 3329 2903 3382 έν
2933 3331 3000 3401 τῇ
3049 3326 3309 3400 ἀλλοτρία
3344 3329 3416 3399 γῇ
3463 3326 3788 3382 πλανᾶσθαί
3825 3345 3875 3380 σε
3988 3345 3989 3400 l

2282 3425 2362 3487 εἰς
2380 3422 2478 3488 τὰς
2507 3424 2680 3488 ὁδοὺς,
2717 3423 2834 3478 δέον
2858 3422 3069 3494 σημεῖά
3094 3439 3215 3476 τινα
3242 3424 3299 3476 ὲν
3322 3423 3443 3486 ταῖς
3471 3419 3611 3484 ὁδοῖς
3645 3422 3750 3475 καὶ
3773 3423 3878 3482 τοῖς

2284 3517 2608 3588 ἀμφιϐόλοις
2659 3514 2923 3571 τίθεσθαι.
2987 3517 3112 3570 Ἐὰν
3156 3516 3257 3585 μὲν
3298 3515 3419 3568 ὕλαι
3465 3515 3631 3573 είσὶν.
3673 3517 3738 3569 ἂν
3768 3517 3875 3578 τοῖς

2283 3610 2549 3682 δέναροιςο
2583 3612 2632 3663 εί
2660 3609 2717 3664 δὲ
2759 3609 2958 3679 γυμνοὶ
2979 3610 3026 3662 oi
3060 3607 3238 3672 τόποι,
3273 3607 3359 3662 διὰ
3401 3606 3605 3678 σωρῶν
3643 3605 3875 3677 λίθωνῆ

2288 3702 2692 3774 ὑπορυγμάτων
2747 3699 2981 3773 μικρῶν,
3041 3699 3131 3754 διὰ
3185 3698 3246 3752 τὸ
3284 3698 3766 3768 ἐπιγινώσκοντες
3813 3698 3878 3750 δι’

2288 3797 2468 3851 αὐτῶν
2511 3796 2636 3859 τοὺς
2666 3794 3042 3866 ὑστερίζοντας
3093 3794 3160 3846 ὲκ
3193 3789 3285 3845 τοῦ
3322 3787 3558 3860 στρατοῦ
3609 3791 3697 3861 μὴ
3745 3790 3882 3844 πλα-

2289 3889 2487 3946 νᾶσθαι
2519 3887 2616 3960 τὴν
2639 3887 2777 3942 ὁδόν.

2360 3991 2472 4057 μη’.
2517 3983 2712 4047 Ὅσους
2758 3983 2816 4036 δὲ
2857 3983 2938 4046 είς
2986 3979 3222 4052 πραίδαν
3271 3976 3544 4050 ἀφορίσῃς
3590 3977 3694 4031 καὶ
3747 3980 3886 4032 ἀπο.

2289 4076 2525 4148 στείλῃς,
2587 4073 2932 4147 παράγγελλε
2969 4073 3044 4145 μὴ
3087 4072 3293 4133 πάντας
3327 4071 3405 4134 είς
3425 4071 3524 4140 τὴν
3551 4069 3886 4140 διαρπαγὴν

2286 4168 2650 4242 ἀσχολεῖσθαι,
2681 4167 2818 4223 ἀλλὰ
2844 4165 3206 4239 διῃρημένους
3232 4160 3370 4219 εἶναι
3391 4179 3405 4193 ⁸
3439 4164 3525 4218 ῖνα
3550 4164 3603 4217 oi
3638 4163 3754 4234 μὲν
3787 4165 3886 4217 αύ-

2287 4262 2394 4317 τῶν
2430 4260 2817 4334 πραιδεύωσινο
2837 4259 2886 4313 οί
2913 4257 2970 4312 δὲ
3000 4255 3216 4319 πλείους
3238 4255 3414 4308 αὐτῶν
3444 4253 3885 4325 συντεταγμένοι

2290 4356 2535 4410 ἵστανται
2567 4355 2645 4418 εἰς
2675 4351 2940 4424 φυλακὴν,
2973 4350 3006 4422 ἢ
3045 4347 3551 4422 παρακολουθῶσιν,
3582 4347 3700 4399 εῖτε
3745 4346 3887 4400 κατὰ

2289 4448 2514 4520 χωρίου,
2555 4447 2666 4521 εἴτε
2693 4443 2838 4500 κατὰ
2876 4443 3146 4515 φοσσάτου
3179 4439 3412 4513 ἐχθρῶν,
3445 4439 3556 4491 εῐτε
3596 4438 3756 4490 κατὰ
3788 4441 3886 4505 ἀγ-

2215 4534 2260 4592 D
2289 4541 2453 4613 γέλης
2493 4541 2628 4613 (55),
2671 4538 2783 4593 εἴτε
2830 4538 2973 4593 κατὰ
3013 4535 3256 4604 τούλδου,
3309 4533 3344 4605 ἦ
3390 4531 3581 4606 ἑτέρου
3615 4532 3805 4598 τινὸς,
3851 4533 3884 4601 ἡ

2279 4635 2562 4698 ἑπέλευσις
2589 4633 2819 4700 γίνεται.

2354 4727 2464 4802 μθ’.
2512 4726 2684 4782 Τοῦτο
2712 4726 2772 4779 δὲ
2813 4725 2957 4780 ποίει
2990 4724 3084 4779 καὶ
3125 4723 3252 4778 ὅταν
3282 4719 3559 4792 ἡνωμένου
3592 4718 3760 4782 δντος
3795 4720 3887 4774 τοῦ

607 4837 717 4910 piis
743 4836 808 4891 atl
845 4833 1200 4906 praeliandum
1253 4832 1526 4906 procedis,
1567 4839 1627 4888 ut
1673 4847 1742 4888 ne
1795 4847 1986 4890 omnes
2017 4833 2178 4890 simul

2291 4822 2486 4886 παντὸς
2537 4819 2771 4893 στρατοῦ
2828 4817 3064 4890 πραίδας
3119 4815 3472 4887 ὲγχειρήσῃς,
3527 4813 3612 4876 εἰς
3675 4812 3748 4867 τὸ
3813 4812 3887 4883 μὴ

609 4932 664 4988 in
699 4929 1129 5001 praedationibus
1159 4935 1523 4996 occupentur.

603 5019 607 5026 ’
674 5025 764 5080 50.
792 5024 972 5094 Atque
996 5023 1088 5078 ubi
1132 5021 1426 5090 pabulandi
1485 5031 1700 5088 tempus
1735 5019 1924 5088 fuerit,
1959 5021 2049 5075 alii
2077 5036 2175 5090 pa-

605 5119 794 5175 bulum
821 5116 1104 5185 colligant,
1139 5114 1232 5169 alii
1260 5113 1504 5184 apparati
1543 5112 1914 5183 instructique
1941 5129 2181 5183 sequano

605 5223 718 5280 tur,
759 5219 818 5267 ut
850 5227 917 5266 ne
951 5211 999 5266 si
1035 5224 1231 5265 omnes
1283 5223 1341 5263 se
1379 5207 1446 5261 ad
1486 5206 1748 5272 pabulum
1806 5206 2176 5276 colligendum

603 5306 996 5371 converterint,
1023 5313 1075 5358 et
1100 5301 1281 5359 subita
1322 5300 1571 5372 quasdam
1607 5299 1863 5370 irruptio,
1890 5311 1984 5355 aut
2041 5300 2180 5355 insi-

604 5399 710 5455 dia:
734 5397 955 5465 fuerint,
992 5396 1093 5468 ipsi
1120 5395 1375 5467 imparati
1420 5393 1712 5465 sparsique
1765 5394 2176 5464 opprimantur,

605 5494 736 5565 quia
758 5506 1092 5550 serevocare
1144 5490 1211 5546 ad
1267 5487 1512 5544 ordinem
1567 5489 1970 5560 stationemque
2016 5504 2176 5544 suam

606 5600 718 5642 non
755 5594 1009 5658 possunt.

2283 4917 2492 4980 πάντας
2518 4915 2610 4970 ἐπὶ
2641 4915 2705 4985 τῇ
2733 4913 2955 4983 ἁρπαγῇ
2983 4907 3350 4981 ἀσχολεῖσθαι.

2346 5009 2408 5067 ν’.
2461 5008 2601 5064 Ἀλλ’
2629 5010 2678 5061 εἰ
2705 5008 2798 5061 καὶ
2829 5005 3091 5075 συλλογῆς
3120 5002 3365 5072 δαπάνης
3389 4999 3576 5070 καιρὸς
3605 4997 3884 5072 γένηται,

2277 5107 2358 5161 δεῖ
2387 5107 2514 5170 τοὺς
2547 5104 2644 5176 μὲν
2673 5101 2971 5170 συλλέγειν,
3005 5100 3127 5163 τοὺς
3176 5098 3233 5150 δὲ
3265 5093 3750 5165 συντεταγμένους
3787 5097 3887 5148 καὶ

2279 5196 2802 5271 παρατεταγμένους
2836 5189 3152 5247 ἀκολουθεῖν
3173 5206 3188 5219 ο
3217 5187 3359 5243 ὥστε
3387 5186 3609 5240 πάντων
3643 5188 3732 5248 εἰς
3783 5186 3887 5256 ἀρα

2281 5294 2462 5367 παγὴν
2499 5294 2532 5366 ἢ
2574 5290 2841 5360 συλλογὴν
2885 5287 2993 5342 τὼν
3021 5284 3339 5355 ἐπιτηδείων
3367 5280 3563 5354 χρειῶν
3605 5279 3887 5348 ἀσχολου-

2293 5390 2490 5462 μένων,
2525 5387 2599 5458 μὴ
2626 5381 3008 5455 αίφνιδιασμόν
3052 5397 3175 5434 τινα
3207 5378 3242 5450 ἢ
3286 5376 3585 5448 εγκρυμμα
3621 5374 3736 5427 ὑπὸ
3772 5373 3886 5427 τῶν

2288 5482 2543 5536 ἐναντίων
2579 5478 2760 5551 συμϐῇ
2804 5473 3096 5547 γενέσθαν
3139 5473 3187 5525 εἱ
3222 5469 3330 5541 γὰρ
3359 5467 3542 5539 συμϐῇ
3585 5465 3761 5520 τοῦτο
3808 5464 3885 5536 μὴ

2290 5576 2458 5630 ὄντων
2479 5573 2657 5628 αὐτῶν
2678 5567 3147 5640 συντεταγμένων,
3187 5564 3247 5619 ού
3280 5562 3600 5634 δυνήσονται
3647 5558 3890 5619 ἑαυτοὺς

2291 5665 2753 5721 ἀνακαλέσασθαι.

2130 5756 2362 5816 NOTAE.

682 5862 794 5932 (34)
827 5862 1006 5917 Codex
1048 5859 1446 5917 Laurentianus
1484 5876 1591 5916 una
1623 5861 2057 5932 integraqcbarta
2091 5857 2180 5912 hic
2221 5856 2444 5912 mutilus
2469 5861 2575 5912 est.

677 5931 790 6007 (35)
824 5935 988 5990 Κατὰ
1015 5934 1293 6004 ἀγγέλης.
1321 5933 1536 6003 Scribe,
1572 5932 1713 5988 κατὰ
1745 5931 1964 6003 ἀγέλης.

3977 1515 3979 1574 ι
