4040 6298
265 383 372 446 925

1349 378 2264 444 ’l‘ACTICA.——CONSTITUTIO
2307 353 2496 439 xvu.

3415 378 3521 442 926

335 507 434 554 να’.
477 501 646 554 Ὅταν
676 499 732 553 δὲ
762 500 866 571 χρὴ
900 497 994 551 τοῦ
1022 495 1133 569 (56)
1165 497 1429 567 αἰφνιδίου
1461 497 1555 560 τὰς
1584 495 1837 566 ἐγχειρή-

2013 495 2103 550 5i.
2133 492 2365 560 Quando
2397 489 2712 562 repentinas
2754 489 2967 561 aliquas
3021 489 3394 555 incursiones,
3437 491 3522 546 vel

271 611 382 657 σεις
437 593 577 646 κατά
630 610 793 646 τινων
823 591 1100 644 Σκυθικῶν
1137 592 1170 662 ἧ
1216 608 1373 643 τινων
1416 587 1617 660 ὁμοίων
1665 586 1835 641 ἐθνῶν

267 687 561 748 ποιεῖσθαι,
585 685 673 738 διὰ
707 685 765 738 τὸ
788 684 1023 756 μάλιστα
1048 683 1378 749 ἀνύποπτον,
1410 680 1520 757 χρὴ
1552 679 1688 751 μετᾶ
1716 695 1841 732 σκο-

271 777 371 832 ποῦ
415 779 482 831 τά
515 795 572 832 τε
601 778 739 847 δάση
791 778 884 831 καὶ
927 777 1022 840 τὰς
1053 775 1358 846 δυσχωρίας
1407 773 1698 844 προσέχειν
1746 770 1842 825 καὶ

268 869 660 940 διερευνᾶσθαι.
730 867 837 922 Καὶ
897 867 1070 929 οὕτως
1129 864 1534 936 προορδινεύειν
1608 863 1713 934 χρὴ
1774 862 1842 916 τὰ

273 962 454 1033 βὰνδα,
486 961 564 1025 είς
590 961 652 1014 τδ
679 959 880 1013 εἰδέναι
911 960 1070 1023 αὐτὰ,
1099 961 1249 1012 ποῖον
1289 956 1527 1028 πρῶτον,
1565 957 1659 1011 καὶ
1691 958 1843 1009 ποῖον

270 1054 538 1125 δεύτερον,
581 1055 677 1106 καὶ
728 1055 877 1106 ποῖον
931 1052 1136 1123 τρίτον,
1185 1051 1278 1104 καὶ
1322 1049 1520 1118 ἐφεξῆς
1567 1047 1843 1118 ὀφείλουσι

272 1148 619 1217 περιπατεῖν·
658 1145 751 1198 καὶ
782 1145 1014 1213 μάλιστα
1045 1144 1140 1198 ἐὰν
1171 1144 1257 1196 διὰ
1289 1142 1488 1196 στενῶν
1533 1142 1713 1194 τόπων
1754 1139 1848 1209 ἔφ-

273 1241 384 1303 οδος
414 1238 640 1306 γίνεται’
678 1239 770 1292 καὶ
803 1237 888 1290 ἵνα
921 1236 996 1308 μὴ
1026 1236 1359 1307 συγχέωνται
1392 1233 1629 1306 βραδέως
1662 1233 1720 1285 ἐν
1770 1231 1846 1301 τῷ

275 1328 615 1400 διαμερισμῷ
648 1329 1035 1398 συνέρχωνται.

341 1418 438 1489 νβ’.
484 1420 672 1488 Ἄφνω
698 1418 806 1489 γὰρ
837 1416 937 1484 τῆς
968 1413 1303 1478 ὲπελεύσεως
1331 1411 1644 1482 γινομένης,
1669 1409 1717 1460 εί
1750 1409 1847 1479 μὲν

277 1513 359 1566 διὰ
410 1513 503 1566 δύο
557 1511 775 1580 τρόπων
834 1507 1137 1579 ἐπιτήδειόν
1195 1507 1310 1558 ἐστι
1369 1504 1466 1574 τὴν
1532 1504 1848 1572 ἐγχείρησιν

280 1603 631 1675 ποιήσασθαι,
679 1602 760 1655 δεῖ
816 1601 905 1654 τὸν
953 1597 1181 1668 στρατὸν
1230 1597 1310 1659 είς
1354 1595 1447 1648 δύο
1506 1592 1848 1666 μερίζεσθαι,

279 1697 372 1751 καὶ
413 1696 473 1750 τὸ
503 1694 602 1766 μὲν
647 1693 704 1746 ἒν
738 1692 902 1764 μέρος
938 1690 1235 1762 λαμϐάνειν
1266 1689 1300 1760 ἢ
1332 1689 1422 1742 τὸν
1459 1688 1765 1757 μερὰρχην,
1794 1685 1852 1737 ὃν

277 1791 321 1843 oi
352 1787 572 1842 παλαιοὶ
601 1786 1016 1856 ὑποστράτηγον
1059 1782 1263 1851 ἔλεγον,
1292 1781 1324 1851 ἦ
1354 1780 1444 1833 τὸν
1472 1779 1847 1850 τουρμάρχην,

279 1882 308 1952 ἢ
334 1883 504 1934 ὁποῖοι
531 1880 790 1949 ἄρχοντες
815 1875 911 1948 τὴν
951 1874 1136 1943 ἔφοδον
1166 1873 1464 1928 ποιοῦνται.
1498 1870 1600 1923 Δύο
1632 1872 1850 1933 πάντως

277 1977 542 2046 ἄρχοντας
588 1971 805 2044 πρῶτον
844 1970 939 2024 καὶ
967 1967 1218 2038 δεύτερον
1259 1967 1336 2030 είς
1377 1967 1443 2018 τὰ
1467 1965 1557 2017 δύο
1585 1964 1727 2034 μέρη
1753 1960 1853 2015 ἕνα

278 2066 397 2120 καθ’
425 2066 657 2119 ἕκαστον
705 2060 1028 2130 ἐπιστῆσαι,
1084 2061 1177 2112 καὶ
1225 2059 1286 2111 τὸ
1320 2058 1416 2128 μὲν
1453 2056 1509 2109 ἓν
1561 2056 1746 2125 μέρος,
1777 2051 1853 2116 ώς

279 2160 510 2230 εἴρηται,
537 2156 629 2209 τὸν
650 2155 745 2208 ἕνα
765 2151 1361 2225 ἄρχοντααέξάπληκτον
1383 2149 1550 2220 ἔχειν,
1569 2148 1663 2201 καὶ
1684 2144 1853 2217 χωρὶς

279 2253 523 2316 τούλδου,
570 2250 664 2302 καὶ
709 2249 1086 2318 προκόπτοντα
1123 2245 1196 2307 ώς
1228 2251 1286 2297 ιε’
1324 2250 1417 2296 και
1447 2248 1491 2296 κ’
1521 2241 1713 2312 μιλίων
1736 2237 1855 2292 διά-

280 2361 460 2417 στημα
500 2342 585 2396 διὰ
625 2340 806 2394 τόπων
855 2338 1149 2408 ἀγνώστων
1190 2335 1399 2390 ἐκεῖθεν
1432 2333 1695 2405 ἄρχεσθαι
1751 2330 1852 2400 τῆς

280 2437 507 2509 πραίδας
535 2433 674 2487 ὥστε
701 2433 794 2484 ἐπὶ
814 2433 875 2483 τὸ
904 2431 1066 2503 μέρος
1104 2428 1197 2482 τοῦ
1226 2426 1532 2496 στρατηγοῦ
1560 2422 1813 2496 ἔρχεσθαι
1834 2437 1851 2453 ⁶

279 2530 371 2584 τὸν
411 2525 715 2597 στρατηγὸν
761 2523 952 2593 ἔχοντα
978 2523 1036 2576 τὸ
1065 2521 1194 2575 ἄλλο
1232 2524 1396 2591 μέρος
1427 2518 1514 2570 διὰ
1538 2518 1634 2586 τῆς
1662 2515 1854 2585 ἐτέρας

280 2616 454 2687 ἀρχῆς
497 2613 607 2667 τῶν
651 2612 868 2684 χωρίων
917 2610 1218 2664 εἰσϐάλλειν
1248 2609 1342 2663 καὶ
1393 2605 1727 2679 πραιδεύειν,
1759 2605 1856 2657 καὶ

280 2707 621 2778 ἀμφοτέρους
669 2707 748 2768 εἰς
796 2701 1040 2771 ἀπαντὴν
1067 2702 1308 2772 ἀλλήλων
1359 2698 1708 2770 ἐρχομένους,
1764 2695 1858 2750 καὶ

285 2798 677 2870 πραῶεύοντας
712 2797 781 2850 τὰ
813 2799 869 2850 ἐν
903 2796 1052 2867 μέσῳ
1078 2795 1276 2866 χωρία,
1310 2795 1368 2847 ἐν
1391 2785 1435 2862 ᾧ
1463 2791 1857 2860 συμφθάσωσιν

285 2899 364 2959 είς
391 2894 648 2966 ἑσπέραν,
693 2895 870 2946 ἐκεῖσε
901 2893 958 2945 ἐν
982 2890 1061 2961 τῷ
1087 2890 1200 2962 ἄμα
1224 2886 1560 2942 ἁπλικεύειν.
1605 2885 1700 2938 Ἐκ
1737 2881 1859 2936 τού-

281 3006 375 3042 του
408 2987 513 3059 γὰρ
545 2986 639 3040 καὶ
689 2984 945 3055 ἀσφαλῶς
973 2985 1007 3055 ἡ
1048 2982 1363 3053 ἐγχείρησις
1411 2980 1640 3049 γίνεται,
1683 2977 1778 3031 καὶ
1806 2977 1855 3029 oi

279 3081 668 3150 διαφεύγοντες
715 3079 822 3132 τῶν
881 3077 1092 3150 ἐχθρῶν
1135 3075 1226 3131 τὸν
1273 3074 1369 3128 ἕνα
1399 3073 1577 3126 αὐτῶν
1603 3071 1681 3142 τῷ
1712 3069 1858 3142 ἄλλῳ

285 3175 711 3247 περιπίπτουσιν
739 3173 1038 3244 ἀδοκήτως,
1071 3169 1188 3242 μηδ’
1224 3165 1656 3238 ἐπισυναχθῆναι
1699 3163 1858 3217 δυνά.-

287 3281 463 3334 μενοι.

357 3449 460 3512 νγθ.
504 3442 562 3494 Εἰ
601 3441 658 3493 δὲ
714 3439 812 3510 μία
853 3437 1062 3508 ἐστἰνὴ
1109 3434 1390 3506 ἐπιτηδεία
1421 3433 1537 3499 ὁδὸς
1577 3433 1645 3487 δι’
1671 3428 1738 3506 ἧς
1762 3434 1861 3505 τὴν

286 3535 540 3605 εἰσϐολὴν
591 3533 734 3587 κατὰ
780 3531 879 3604 τὴν
929 3530 1038 3586 τῶν
1076 3529 1286 3601 ἐχθρῶν
1315 3527 1539 3582 δυνατὸν
1572 3526 1858 3596 γενέσθαι,

285 3627 396 3701 χρὴ
427 3627 522 3681 καὶ
569 3624 740 3688 οὕτως
787 3624 876 3678 τὸν
921 3621 1153 3694 στρατὸν
1200 3618 1617 3690 διανεμηθῆναι.
1662 3618 1769 3671 Καὶ
1802 3616 1863 3670 τὸ

293 3721 393 3792 μὲν
422 3719 618 3790 δίοιρον
637 3717 750 3790 (57)
779 3715 943 3770 αὑτοῦ
973 3717 1006 3787 ἢ
1032 3716 1120 3769 κα⁴ί
1141 3714 1202 3768 τὸ
1224 3714 1382 3766 πλέον
1406 3711 1596 3766 τούτου
1629 3711 1863 3783 ἐξάπλη-

290 3830 422 3866 κτον
458 3813 550 3865 καὶ
593 3810 891 3881 ἐνδύναμον
938 3808 1029 3862 τὸν
1079 3805 1492 3878 ὑποστράτηγον
1544 3803 1861 3875 λαμϐάνειν,

291 3905 390 3958 καὶ
423 3904 557 3974 μετὰ
583 3901 678 3956 τοῦ
709 3901 838 3955 ἰδίου
859 3898 1024 3955 αὐτοῦ
1053 3901 1108 3952 ἐν
1201 3897 1362 3959 αὐτὸς
1393 3895 1650 3951 τάσσεται
1673 3893 1862 3965 βάνδου

293 3997 604 4069 ἔμπροσθεν
635 3997 853 4051 πάντων
890 3991 1333 4066 προηγήσασθαι,
1371 3990 1564 4061 ἔχοντα
1595 3987 1714 4058 μεθ’
1746 3990 1867 4042 ἐαυ-

291 4088 387 4143 τοῦ
415 4088 620 4151 πάντας
645 4087 770 4150 τοὺς
799 4086 905 4140 τῶν
935 4084 1235 4155 ταγμάτων
1262 4081 1428 4135 αὑτοῦ
1457 4079 1744 4151 ἄρχοντας,
1773 4078 1866 4134 καὶ

289 4184 420 4236 ὃταν
448 4180 527 4250 τῷ
568 4178 769 4252 πρώτῳ
799 4178 982 4250 χωρίῳ
1025 4177 1220 4248 ἐπιστῇ
1259 4174 1395 4247 πρὸς
1424 4174 1522 4243 τὴν
1554 4173 1719 4226 αὑτοῦ
1773 4172 1865 4224 δύ-

293 4291 484 4344 ναμιν,
537 4271 834 4344 ἀφορίζειν,
885 4269 994 4323 εἴτε
1056 4270 1136 4334 ἐν,
1197 4271 1306 4322 εἴτε
1366 4266 1459 4320 δύο
1505 4265 1688 4337 βάνδα,
1726 4263 1867 4318 ὥστε

288 4366 416 4428 τοὺς
453 4364 552 4434 μὲν
599 4363 933 4435 πραιδεύειν,
967 4361 1092 4424 τοὺς
1135 4360 1191 4414 δὲ
1223 4359 1516 4429 φυλάττειν
1541 4358 1663 4422 τοὺς
1701 4374 1867 4428 πραι-

287 4458 595 4521 δευθέντας.
1790 4466 1792 4469 ’

1944 598 2135 641 contra
2159 586 2446 657 Scythicas
2466 586 2713 638 nationes
2731 592 2824 638 aut
2842 584 2978 638 alias
2997 584 3312 654 ltnjusmodi
3332 595 3522 654 gentes

1944 679 2191 734 facturus
2209 693 2290 743 es,
2313 686 2374 732 ut
2389 677 2570 730 omnia
2597 677 2768 747 magis
2786 675 3105 746 suspicione
3126 684 3370 740 caream,
3387 689 3522 729 con-

1941 774 2108 828 densa
2158 773 2272 826 loca
2312 768 2782 838 diﬂicttitateSque
2841 770 3128 839 regionum
3183 767 3522 838 speculatdri

1944 865 2108 921 alicui
2161 865 2313 934 prius
2355 863 2750 933 perlustrandae
2795 871 2945 924 sunt,
3013 862 3195 930 itaque
3252 861 3400 917 acies
3430 859 3518 914 in-

1945 950 2224 1013 struendae
2256 965 2312 1008 ut
2367 957 2539 1009 sciant
2574 969 2765 1009 omnes
2797 968 2915 1024 qua:
2943 953 3141 1008 cohors
3163 952 3363 1023 prima,
3387 965 3515 1021 qua!

1946 1050 2210 1116 secunda,
2228 1037 2348 1119 quae
2375 1049 2534 1102 tertia
2553 1062 2671 1102 esse
2689 1045 2913 1111 debeat;
2936 1057 3099 1116 atque
3121 1046 3193 1100 ita
3231 1061 3296 1100 ex
3330 1045 3526 1100 ordino

1949 1143 2244 1208 ambulem,
2272 1142 2315 1196 si
2359 1156 2453 1211 per
2479 1140 2762 1210 angustias
2785 1138 2999 1210 aliquas
3038 1138 3325 1194 transituri
3364 1139 3470 1192 sint
3506 1177 3522 1201 ,

1944 1240 2060 1287 tum
2118 1234 2284 1287 etiam
2338 1243 2395 1284 ut
2449 1246 2515 1285 ne
2559 1231 2774 1285 tardius
2833 1230 2888 1284 in
2931 1230 3178 1285 ordinem
3210 1228 3520 1286 adducendi

1950 1334 2098 1387 sunt,
2159 1325 2533 1377 instruantur.

2021 1417 2110 1472 52.
2144 1415 2336 1470 Subita
2366 1415 2615 1470 incursio
2669 1413 2850 1485 aliqua
2883 1415 2928 1469 si
2969 1413 3148 1469 intura
3197 1415 3287 1479 sit,
3336 1415 3379 1469 si
3427 1429 3526 1485 per

1951 1508 2060 1562 duo
2089 1508 2209 1561 loca
2239 1508 2344 1561 iter
2378 1507 2728 1561 commodum
2761 1505 2875 1560 ﬁeri
2904 1514 3109 1576 potest,
3143 1507 3195 1560 in
3232 1506 3371 1561 duas
3395 1520 3523 1576 par-

1953 1610 2034 1654 tes
2068 1600 2348 1655 exercitus
2370 1597 2667 1662 dividatur,
2703 1608 2756 1652 et
2788 1598 2946 1653 alteri
2986 1599 3124 1669 parti
3184 1599 3369 1670 praesit
3407 1617 3524 1653 rne-

1957 1690 2173 1754 rarcha,
2213 1705 2375 1761 quem
2410 1687 2621 1758 antiqui
2679 1689 3008 1758 principem,
3046 1689 3163 1744 sive
3222 1703 3526 1761 propraeto-

1958 1798 2071 1838 rem
2100 1785 2394 1850 vocabant,
2427 1781 2519 1852 qui
2551 1784 2712 1836 etiam
2730 1783 3043 1837 turmarcha
3086 1782 3311 1838 dicitur.
3351 1784 3525 1851 Quot-

1952 1892 2167 1946 cimque
2188 1875 2334 1932 enim
2371 1883 2423 1930 et
2446 1875 2860 1946 qualescunque
2889 1876 3138 1931 homines
3173 1876 3376 1932 fuerint
3428 1876 3526 1947 qui

1957 1970 2329 2024 incursionem
2386 1966 2584 2022 facturi
2641 1978 2792 2035 sunt,
2852 1967 2993 2024 duos
3052 1969 3178 2023 illos
3240 1970 3526 2040 praefectos

1962 2062 2197 2132 primum
2233 2059 2649 2132 secundumque
2679 2059 2908 2131 deliges.
2942 2061 3118 2132 Atque
3179 2062 3346 2116 altera
3398 2061 3526 2135 qui-

1957 2155 2079 2210 dem
2108 2170 2257 2224 pars,
2290 2153 2750 2226 quemadmodum
2802 2162 2928 2208 ante
2967 2152 3104 2222 dixi,
3165 2156 3420 2227 expedita
3473 2164 3527 2211 et

1957 2247 2077 2302 sine
2108 2246 2235 2300 ullis
2261 2245 2667 2314 impedimentis
2715 2247 2993 2316 procedat,
3052 2255 3105 2300 et
3139 2257 3426 2318 postquam
3456 2249 3526 2304 ad

1955 2337 2274 2410 quindecim
2322 2337 2406 2392 vel
2467 2336 2658 2408 viginti
2696 2337 3008 2392 milliarium
3060 2338 3406 2395 intervallum
3458 2345 3527 2397 ah

1955 2431 2077 2487 aliis
2103 2431 2401 2494 abfuerint,
2437 2447 2531 2501 per
2550 2432 2667 2486 loca
2693 2431 2972 2501 incognita
3012 2440 3177 2503 atque
3201 2449 3268 2488 ex
3302 2434 3528 2507 obliquo

1958 2525 2131 2595 posita
2179 2523 2409 2594 pra‘dari
2477 2523 2764 2593 incipiant,
2806 2522 2963 2593 quasi
3012 2524 3082 2578 ad
3139 2525 3526 2596 imperatorem

1955 2616 2142 2672 venire
2169 2617 2387 2671 vellent.
2451 2615 2756 2685 Imperator
2786 2623 2969 2670 autem
3019 2616 3286 2687 reliquam
3315 2626 3525 2688 partem

1959 2711 2187 2776 habens,
2221 2709 2445 2765 aliunde
2476 2709 2719 2781 regionis
2777 2709 3048 2782 incipiens
3081 2709 3255 2765 irruat
3280 2720 3334 2767 et
3383 2728 3527 2783 prte-

1956 2805 2136 2871 detur,
2165 2816 2328 2874 atque
2363 2803 2500 2859 adeo
2533 2803 2758 2874 utrique
2811 2805 3063 2859 cominus
3113 2805 3179 2860 ad
3235 2821 3295 2861 se
3336 2815 3527 2861 muttto

1957 2902 2258 2962 venientes,
2289 2912 2408 2967 qua!
2436 2896 2489 2951 in
2523 2895 2699 2951 medio
2726 2897 2903 2967 posita
2944 2907 3074 2953 sunt
3108 2897 3225 2953 loca
3282 2899 3526 2971 depopu-

1958 2989 2159 3054 lentur,
2191 2989 2365 3046 donec
2391 2988 2460 3044 ad
2483 3003 2763 3059 vesperam
2819 3005 2987 3045 unum
3017 2989 3071 3044 in
3104 2991 3282 3045 locum
3337 3008 3529 3064 perve-

1961 3081 2139 3136 niant.
2177 3080 2291 3136 Hoc
2322 3081 2482 3137 modo
2507 3081 2598 3137 lict
2631 3091 2688 3136 ut
2717 3090 2833 3135 tuta
2863 3081 3112 3137 incursio
3169 3083 3222 3138 in
3262 3083 3382 3139 illos
3414 3085 3528 3150 liat,

1962 3180 2016 3228 et
2042 3173 2228 3230 hostes
2246 3174 2338 3245 qui
2372 3174 2428 3228 in
2471 3175 2698 3230 alteram
2725 3187 2935 3247 partem
2971 3175 3304 3248 aufugerim,
3344 3179 3398 3232 in
3448 3179 3530 3234 al-

1964 3274 2136 3320 teram
2171 3266 2238 3321 de
2271 3267 2570 3337 improviso
2622 3268 2870 3323 incidant
2919 3288 2933 3324 :
2995 3284 3174 3340 neque
3231 3273 3532 3328 convenire

1963 3374 2132 3413 unum
2163 3361 2217 3414 in
2250 3363 2428 3415 locum
2453 3360 2692 3431 possint.

2035 3451 2124 3506 55.
2173 3451 2232 3506 Si
2266 3467 2373 3507 una
2438 3461 2651 3508 tantum
2697 3453 2896 3510 idonea
2944 3455 3029 3511 via
3069 3457 3162 3523 sit,
3220 3474 3318 3530 per
3362 3475 3528 3531 quam

1965 3544 2197 3615 irruptio
2225 3543 2278 3599 in
2318 3545 2503 3601 hostes
2529 3543 2776 3602 facienda
2811 3548 2901 3614 sit,
2940 3549 3040 3604 hoc
3069 3550 3227 3606 modo
3260 3552 3532 3609 exercitus

1965 3636 2258 3692 dividatur.
2289 3636 2474 3693 Bessis
2503 3638 2645 3708 ejus,
2672 3646 2765 3693 aut
2795 3655 2860 3694 eo
2883 3641 3119 3712 amplius
3145 3642 3213 3697 ab
3251 3644 3533 3715 hypostra~

1965 3738 2109 3802 tego,
2147 3730 2197 3786 id
2227 3741 2332 3798 est,
2375 3732 2624 3803 principe
2659 3733 2775 3788 sive
2807 3746 3143 3804 propt‘aatore
3186 3746 3411 3795 strenua
3449 3749 3533 3794 at-

1965 3837 2073 3892 que
2108 3823 2362 3893 expedita
2399 3825 2672 3894 capiatur,
2737 3833 2792 3880 et
2843 3829 3037 3884 subeo
3105 3845 3323 3901 quoque
3370 3847 3532 3887 suum

1968 3915 2204 3971 bandum
2241 3915 2311 3970 sit
2357 3934 2369 3970 :
2420 3917 2680 3987 princeps
2738 3927 2919 3974 autem
2951 3922 3249 3992 assumptis
3307 3924 3534 3993 reliquis

1968 4010 2209 4064 omnium
2237 4009 2548 4066 cohortium
2609 4026 2832 4067 suarum
2891 4011 3187 4083 praefectis,
3223 4024 3349 4070 ante
3402 4017 3535 4071 reli-

1967 4118 2107 4172 quos
2167 4117 2360 4159 omnes
2417 4103 2706 4173 procedat,
2753 4112 2917 4176 atque
2963 4108 3051 4163 ubi
3102 4110 3279 4179 primo
3312 4111 3366 4165 iu
3411 4112 3534 4168 loco

1968 4197 2301 4264 constiterit,
2345 4212 2373 4252 c
2400 4197 2575 4268 copiis
2605 4198 2720 4252 suis
2756 4214 2918 4252 unam
2972 4209 3138 4270 atque
3186 4204 3411 4258 alteram
3446 4219 3537 4261 co-

1971 4290 2182 4344 hortem
2221 4300 2488 4362 segreget,
2523 4298 2580 4344 ut
2615 4293 2707 4347 alii
2765 4291 3098 4364 prandentur,
3135 4295 3225 4352 alii
3263 4294 3535 4368 praedato-

1970 4399 2057 4440 res
2085 4384 2153 4439 ab
2185 4384 2383 4455 injuria
2411 4395 2762 4444 conservent.

365 4551 459 4605 νδ’.
510 4550 687 4604 Καλὸν
727 4550 783 4604 δέ
831 4551 981 4603 ἐστιν
1008 4549 1066 4602 ἐν
1112 4550 1224 4613 τοῖς
1256 4547 1490 4619 πρώτοις
1526 4545 1745 4618 χωρίοις
1786 4544 1857 4616 μὴ

2039 4565 2129 4622 Si.
2177 4564 2436 4632 Quamvis
2493 4568 2730 4638 spatiosa
2775 4573 2897 4628 loca
2951 4566 3178 4633 fuerint,
3227 4585 3294 4627 ne
3355 4577 3544 4628 tamen

290 4643 464 4697 πολλὰ
495 4644 659 4716 βὰνδα
703 4642 1080 4715 ἀφορίζεσθαι,
1110 4642 1213 4696 κᾶν
1255 4642 1304 4694 εἰ
1345 4640 1555 4711 μεγάλα
1587 4639 1862 4713 συμϐαίνῃ

285 4737 362 4791 τὰ
406 4735 580 4808 χωρία
636 4732 794 4790 εἶναι.
865 4732 1288 4804 Ἐπιφθὰζοντος
1339 4730 1448 4802 γὰρ
1498 4731 1721 4786 ὄπισθεν
1769 4729 1864 4784 τοῦ

292 4829 532 4902 στρατοῦ
578 4830 637 4882 οὐ
670 4829 867 4882 δίδοται
907 4828 1093 4900 καιρὸς
1127 4827 1634 4890 ἀντικαταστάσεως
1665 4826 1778 4889 τοῖς
1808 4827 1866 4877 ἐν

291 4923 477 4986 αὐτοῖς
520 4921 948 4991 εὑρισκομένοις.
1001 4919 1290 4989 Συντόμως
1318 4918 1409 4972 τὸν
1452 4918 1866 4989 ὑποστράτηγον

291 5016 388 5070 ἐπί
417 5017 486 5068 τὰ
520 5015 706 5085 πρόσω
739 5015 836 5084 τὴν
874 5013 1106 5085 πάροδον
1156 5011 1480 5082 ποιούμενον
1532 5011 1730 5082 ὁμοίως
1774 5009 1868 5063 καὶ

290 5111 373 5174 είς
397 5110 465 5161 τὰ
494 5106 656 5161 λοιπὰ
700 5105 1122 5179 χωρία-ἐφεξῆς,
1163 5105 1322 5160 τοῦτο
1364 5107 1537 5159 ποιεῖν
1570 5104 1761 5175 μέχρις
1801 5103 1869 5158 ἂν

292 5200 676 5271 ἐπαρκέσωσιν
726 5200 794 5252 τὰ
852 5197 1058 5270 rapaci.
1109 5197 1363 5269 διδόμενα
1399 5195 1512 5266 (38)
1572 5194 1722 5266 αὐτῷ
1773 5193 1869 5248 τά-

291 5311 504 5365 γματα.
534 5292 707 5347 Αὑτὸν
741 5290 1153 5362 ὑποστράτηγον
1186 5287 1437 5360 ἐξωτέρω
1477 5289 1692 5342 πάντων
1723 5287 1871 5358 εὑρι-

294 5387 563 5458 σκόμενον
591 5387 671 5440 δεῖ
706 5385 834 5458 τρία
864 5385 896 5455 ἢ
927 5385 1170 5454 τέσσαρα
1215 5383 1378 5454 βάνδα
1410 5382 1536 5454 ἄχρι
1562 5382 1747 5453 χιλίων
1778 5383 1870 5437 ἀν-

291 5480 438 5553 δρῶν
475 5479 758 5551 χρησίμων
804 5479 931 5548 περὶ
981 5477 1144 5530 αὑτὸν
1187 5475 1354 5545 ἔχειν,
1399 5473 1503 5537 ἕως
1537 5473 1748 5537 τελείας
1779 5473 1868 5528 τοῦ

295 5575 623 5644 πράγματος
653 5570 953 5634 ἐκϐάσεως,
991 5571 1159 5641 ἡγουν
1196 5568 1297 5638 τῆς
1346 5565 1558 5636 ἐφόδου,
1601 5567 1686 5620 ἵνα
1719 5566 1877 5638 βίγλα

295 5667 530 5738 ἀκριϐὴς
563 5667 656 5719 καὶ
689 5663 960 5734 ἀσφάλεια
986 5665 1094 5722 τοῖς
1121 5661 1325 5722 λοιποῖς
1351 5659 1604 5728 γένηται.

1973 4661 2173 4714 multas
2202 4659 2459 4715 cohortes
2514 4661 2706 4730 primis
2763 4667 2816 4720 in
2883 4663 3020 4718 locis
3069 4677 3322 4732 separes:
3380 4664 3538 4720 l'esti-

1973 4759 2138 4807 nante
2161 4751 2307 4806 enirn
2345 4767 2372 4804 a
2401 4760 2551 4824 tergo
2574 4755 2843 4824 exercitu,
2877 4757 3064 4812 nullus
3098 4755 3252 4810 locus
3281 4755 3542 4826 relinqui-

1975 4851 2064 4896 tur
2095 4842 2358 4897 advcrsus
2379 4858 2472 4898 eos
2509 4857 2567 4898 se
2598 4843 2934 4912 instruendi,
2972 4857 3025 4902 et
3072 4847 3191 4902 sine
3232 4847 3337 4901 ulla
3391 4863 3547 4904 mora

1976 4937 2230 5006 princeps
2254 4951 2469 5006 semper
2522 4936 2753 4992 ulterius
2815 4943 3216 5014 progrediatur.
3279 4938 3545 4996 Similiter

1979 5025 2203 5096 reliquis
2241 5026 2293 5080 in
2326 5026 2464 5081 locis
2491 5025 2593 5080 hoc
2620 5024 2804 5089 faciat,
2851 5030 3095 5102 quandiu
3153 5030 3233 5084 illi
3285 5030 3548 5086 cohortes

1977 5120 2191 5173 tradita:
2219 5118 2513 5172 adfuerint.
2549 5119 2867 5189 Principem
2912 5141 3039 5180 vero
3074 5123 3252 5192 ipsum
3275 5130 3400 5178 ante
3427 5138 3542 5177 om.

1977 5225 2073 5265 nes
2108 5209 2243 5265 alios
2268 5209 2678 5280 procedentem,
2715 5217 2823 5272 trm
2852 5225 2946 5272 aut
2973 5224 3208 5287 quatuor
3267 5215 3443 5268 banda
3476 5213 3551 5267 ad

1977 5303 2124 5358 mille
2162 5304 2404 5357 virorum
2430 5319 2719 5357 nunterum
2779 5325 2968 5367 secum
3025 5308 3225 5363 habeat
3275 5322 3446 5378 usque
3481 5309 3556 5361 ad

1976 5396 2276 5466 perrectum
2310 5395 2388 5449 rei
2413 5395 2577 5464 hujus
2624 5397 2740 5450 sive
2802 5401 3139 5460 incursionis
3199 5401 3425 5466 exitum,
3491 5410 3559 5455 ιιι

1977 5488 2220 5545 excubiae
2255 5489 2467 5544 czeteris
2493 5496 2764 5544 accurata:
2803 5495 2953 5552 ﬁant.

1823 5752 2055 5861 Ν9ΤᾸΕ.

371 5875 479 5945 ('56)
515 5875 636 5942 Χρὴ
672 5873 796 5928 τοῦ.
830 5871 969 5926 Ριιιο
996 5871 1162 5945 scrib.
1194 5871 1300 5942 χρὴ
1332 5873 1392 5926 ἐκ
1423 5871 1535 5926 τοῦ.

373 5942 743 6016 (57Ἲ)Δίοιρο-ν.
779 5945 991 6011 Scribe,
1015 5942 1277 6015 δίμοιρον.

2049 5873 2161 5945 (38)
2201 5873 2273 5929 Τὰ
2317 5876 2539 5944 παραυ-ξ
2583 5874 2891 5945 διδόμενα.
2927 5879 3137 5946 Scribe,
3172 5878 3237 5935 τὰ
3270 5879 3560 5953 παραδιδό-

1986 5963 2142 6017 μενα.
