4020 6312
581 327 683 391 927

1845 329 2118 391 LEONIS
2148 331 2604 394 PHILOSOPHI
2629 353 2632 356 ’

3754 345 3865 410 923

649 447 743 502 55.
787 445 911 501 Haec
942 461 970 500 a
1004 446 1278 518 principio
1308 445 1352 501 si
1380 445 1530 512 fiant,
1577 454 1662 508 tu,
1699 446 2021 517 imperator,
2055 458 2138 502 aut

2323 447 2416 502 vs’.
2449 449 2666 504 Τούτων
2699 445 2791 505 οὖν
2818 451 2882 506 ἐκ
2920 451 3012 507 τοῦ
3047 454 3468 530 ὗποστρατήγου
3512 460 3862 529 γινομένων,

577 541 628 596 si
668 541 790 611 quis
815 541 955 595 alius
981 541 1318 595 incursionis
1379 539 1542 610 hujus
1606 539 2147 596 administrationem

582 632 800 697 haheat,
831 633 1077 703 sequeris
1105 648 1201 688 eos
1251 634 1342 702 qui
1375 631 1713 702 praedantur,
1762 639 1816 687 et
1867 634 2150 704 dispersos

575 726 969 796 eongregabis,
989 736 1041 780 et
1062 726 1296 780 ulterius
1337 726 1402 780 ad
1436 726 1744 796 principem
1770 727 1888 780 sive
1913 735 2149 780 turmar-

577 817 740 873 cbam
775 817 1166 887 progredieris.
1207 815 1474 871 Similiter
1501 815 1592 870 ille
1643 816 1747 872 hoc
1777 816 1919 872 idem
1954 816 2145 883 faciat,

578 910 1027 979 transeundoque
1063 909 1288 979 colligat
1338 909 1622 979 dispersos
1670 908 2027 980 praedatores,
2064 922 2148 963 at-

573 1019 686 1075 que
737 1005 930 1059 eodem
972 1004 1026 1058 in
1087 1003 1206 1058 loco
1243 1011 1410 1058 noctu
1485 1003 1822 1057 conveniant
1881 1010 1934 1057 et
1965 1009 2149 1057 castra

577 1107 806 1169 ponant.
838 1097 1025 1167 itaque
1049 1097 1173 1166 plus
1210 1096 1526 1167 quindecim
1568 1103 1665 1150 aut
1687 1095 1885 1168 viginti
1941 1095 2148 1150 miilia-

576 1192 732 1246 ribus
761 1206 789 1244 a
825 1205 884 1246 se
916 1190 1180 1261 separati,
1221 1188 1536 1261 huiusmodi
1569 1188 1780 1244 subitas
1802 1186 2148 1245 incursiones

576 1300 646 1338 ne
682 1283 912 1346 faciant,
945 1292 1007 1336 ut
1035 1280 1226 1336 eodem
1266 1279 1356 1336 die
1386 1289 1441 1335 et
1489 1279 1728 1350 praedam
1771 1277 2058 1350 diripiant,
2093 1287 2148 1334 et

571 1378 766 1434 eadem
793 1384 951 1432 nocte
970 1374 1135 1431 simul
1164 1382 1347 1430 castra
1383 1381 1610 1446 ponant.

590 1648 592 1650 ’
644 1648 735 1704 56.
779 1647 834 1702 lu
870 1645 1185 1718 huiusmodi
1231 1645 1647 1702 incursionibus
1681 1644 1872 1702 hostes
1895 1643 2145 1713 obiectos

573 1756 684 1796 non
723 1737 1050 1795 utile.fuerit
1093 1739 1244 1794 vivos
1290 1752 1488 1808 capere
1536 1745 1591 1794 et
1651 1736 2142 1807 comprehendere,

2256 540 2373 594 δέον
2398 557 2479 605 σε,
2505 535 2548 592 ὧ
2579 547 2873 612 στρατηγέ,
2904 544 2936 615 ἢ
2961 546 3013 598 εἴ
3038 562 3121 611 τις
3150 548 3339 620 ἕτερος
3365 551 3394 603 ὁ
3433 549 3537 618 τῆς
3583 554 3863 620 τοιαύτης

2261 631 2611 698 ὲπελεύσεως
2640 637 2738 705 τὴν
2786 622 3054 709 διοίκησίν
3107 642 3564 712 πεπιστευμένος,
3602 645 3698 698 ἵνα
3752 647 3860 697 ὲπ-

2263 724 2566 797 ακολουθῇς
2594 729 2705 791 τοῖς
2735 728 2875 782 κατὰ
2902 731 3066 802 μέρος
3090 733 3462 804 πραιδεύουσι,
3497 739 3594 789 καὶ
3623 738 3860 790 ἐπισυνο

2256 817 2421 891 time,
2450 819 2544 872 καὶ
2579 820 2672 872 ἐπὶ
2702 820 2768 877 τὰ
2800 821 3106 894 ἔμπροσθεν
3147 826 3459 899 προκόπτῃς
3490 829 3568 891 ὡς
3617 828 3720 882 ἐπὶ
3767 830 3858 882 τὸν

2256 908 2714 984 ὑποστράτηγονῆ
2735 912 2826 966 τὸν
2842 930 2932 966 του
2942 916 3217 987 ρμάρχην.
3251 917 3484 987 Ὁμοίως
3501 919 3560 972 δὲ
3578 923 3682 974 καὶ
3708 924 3857 974 ὲκεί-

2255 1019 2346 1057 νον
2377 1006 2440 1059 τὸ
2469 1003 2605 1059 αῠτδ
2642 1008 2841 1070 ποιεῖν,
2883 1006 2980 1060 καὶ
3019 1009 3373 1080 ὲπισυνάγειν
3417 1016 3854 1086 παρερχόμενον

2253 1094 2379 1160 τοὺς
2411 1097 2831 1169 πραιδεύοντας,
2872 1100 2968 1154 καὶ
2999 1102 3057 1155 ὲν
3099 1095 3146 1173 ᾧ
3176 1105 3243 1159 ἀν
3276 1107 3424 1178 τόπῳ
3477 1110 3855 1180 ἀπαντησητε

2255 1189 2506 1262 ἀλλήλοις
2558 1189 2894 1246 ἀπλικεύετε
2953 1193 3069 1264 ἅμα
3107 1197 3205 1250 καὶ
3240 1196 3340 1269 τὴν
3389 1199 3564 1270 αὐτὴν
3595 1202 3850 1272 ἡμέραν.

2252 1281 2345 1333 Διὸ
2372 1282 2492 1335 οὐδὲ
2525 1283 2630 1354 χρὴ
2673 1284 2836 1339 πλέον
2862 1285 2972 1340 τῶν
2998 1293 3060 1342 ιε’
3093 1289 3128 1360 ἢ
3157 1296 3205 1344 κ’
3240 1291 3434 1360 μιλίων
3483 1297 3851 1365 χωρισμένας

2253 1373 2527 1428 ποιεῖσθαι
2571 1376 2670 1439 τὰς
2711 1376 2970 1443 τοιαύτας
3012 1381 3312 1451 αἰφνιδίους
3354 1384 3708 1454 ὲπελεύσεις,
3757 1388 3848 1441 ῖνα

2252 1468 2496 1538 φθὰζητε
2524 1469 2824 1542 ἀμφότεροι
2851 1473 2943 1526 καὶ
2965 1473 3062 1546 τὴν
3087 1478 3321 1548 πραῖδαν
3353 1481 3550 1546 ποιεῖν,
3580 1484 3682 1534 καὶ
3702 1484 3848 1538 κατὰ

2250 1559 2350 1631 τὴν
2385 1561 2555 1634 αὐτὴν
2585 1565 2796 1636 ἡμέραν
2837 1565 2955 1636 ἅμα
2977 1569 3320 1626 ἀπλικεύειν.

2321 1661 2431 1719 νς’.
2487 1654 2576 1708 Ἐν
2620 1656 2677 1710 δὲ
2720 1660 2841 1717 ταῖς
2890 1659 3169 1726 τοιαύταις
3229 1664 3552 1738 ἐπιδρομαῖς
3601 1669 3666 1722 οὐ
3735 1671 3843 1742 χρὴ

2250 1746 2375 1809 τοὺς
2407 1747 2739 1818 δυναμένους
2780 1750 3270 1810 ἀντικαθίστασθαι
3327 1757 3556 1829 ἐχθροὺς
3596 1761 3842 1833 ζωγρεῖν

574 1833 674 1890 sed
708 1847 898 1889 oumes
930 1833 1066 1886 tales
1090 1831 1176 1887 vel
1222 1829 1611 1894 interficiendi,
1659 1828 1741 1885 vel
1777 1825 2138 1900 praetereundi

2249 1840 2370 1911 ητοι
2403 1840 2825 1912 συλλαμϐάνειν,
2859 1843 2995 1898 ἀλλὰ
3041 1846 3246 1914 πάντας
3291 1825 3441 1914 τους⁷
3468 1825 3841 1924 rapam—7'14-

571 1935 721 1990 sunt,
755 1933 812 1979 ut
860 1940 934 1980 ne
963 1916 1114 1978 mora
1140 1921 1321 1992 aliqua
1363 1921 1466 1975 iter
1496 1920 1830 1978 facientibus
1851 1918 2142 1986 aﬂeratur,

569 2027 629 2076 et
658 2031 874 2092 tempus
907 2026 1114 2074 temere
1154 2025 1490 2072 assumatur.

649 2202 738 2258 57.
775 2200 831 2255 Si
851 2199 1139 2256 castellum
1175 2205 1270 2253 aut
1293 2210 1471 2254 arcem
1493 2205 1591 2252 aut
1636 2195 1999 2252 munitionem
2037 2195 2142 2250 ali-

567 2313 732 2369 quam
771 2309 971 2366 capere
1029 2294 1265 2364 cogitas,
1309 2305 1375 2346 ne
1431 2290 1564 2346 illud
1612 2291 1668 2344 in
1703 2290 1896 2361 vulgus
1923 2289 2140 2356 efferas,

566 2389 746 2444 donec
779 2389 834 2440 in
878 2386 998 2456 ipso
1026 2385 1147 2438 loco
1196 2382 1391 2448 fueris,
1435 2389 1491 2437 et
1549 2381 1824 2452 negotium
1859 2380 2039 2451 ipsum
2083 2382 2139 2435 ir.

568 2496 765 2535 alarius
791 2478 1120 2548 sumpseris.

641 2575 734 2631 58.
767 2573 868 2628 Sin
919 2584 1144 2625 necesse
1201 2567 1367 2623 fuerit
1419 2580 1589 2639 prope
1641 2565 2003 2620 munitionem
2038 2565 2140 2620 ho-

569 2667 736 2722 stium
769 2664 958 2735 copias
1001 2675 1123 2717 tuas
1150 2660 1408 2724 transire,
1474 2659 1560 2714 vel
1616 2657 1780 2713 etiam
1829 2665 2010 2713 castra
2043 2671 2142 2727 po-

569 2773 724 2821 nere,
759 2770 929 2811 unum
951 2755 1189 2826 aliquem
1219 2751 1540 2825 praefectum
1571 2764 1696 2805 cum
1735 2750 2007 2820 expeditis
2059 2749 2139 2804 vi—

570 2852 649 2906 ris
701 2849 756 2903 in
808 2848 927 2919 ipso
978 2845 1219 2901 transitu
1264 2843 1586 2907 collocabis,
1650 2841 1744 2912 qui
1787 2841 2137 2899 incursiones

568 2942 806 2999 hostium
833 2940 1142 3013 prohibeat.
1172 2936 1287 2993 Hoc
1311 2951 1529 3008 quoque
1550 2934 1714 2991 etiam
1755 2935 1814 2990 in
1867 2935 2137 3007 angustiis

566 3036 814 3092 locorum
845 3034 961 3089 fieri
991 3031 1090 3089 abs
1111 3040 1163 3087 te
1191 3032 1368 3088 debet.

637 3128 725 3184 59.
751 3126 926 3195 Prope
982 3125 1341 3181 munitionem
1379 3126 1617 3182 hostium
1669 3133 1765 3182 aut
1822 3125 2017 3182 silvam
2062 3137 2134 3179 ne
2160 3181 2202 3206 η

563 3230 746 3275 castra
767 3232 958 3289 ponas.
994 3216 1091 3272 Sin
1144 3230 1375 3272 necesse
1424 3219 1496 3272 sit
1544 3216 1642 3272 tibi
1667 3216 1884 3271 habere
1926 3224 2130 3282 castra,

565 3319 827 3366 accurate
865 3310 1126 3366 excubias
1171 3316 1226 3364 et
1278 3307 1559 3366 custodias
1621 3321 1843 3381 propter
1896 3308 2134 3363 hostium

569 3406 916 3460 incursiones
940 3403 1242 3469 adhibebis,
1274 3412 1329 3459 et
1349 3403 1766 3473 diligentissime
1801 3401 2133 3471 providebis,

565 3511 625 3555 ut
652 3498 880 3555 editiore
902 3498 1307 3568 munitioreque
1327 3497 1447 3553 loco
1479 3505 1659 3552 castra
1690 3510 1881 3568 ponas.

636 3680 725 3736 60.
760 3679 990 3748 Quando
1015 3677 1266 3734 hostilem
1301 3678 1356 3733 in
1391 3685 1593 3734 terram
1646 3678 1978 3750 ingrederis,
2037 3694 2133 3751 ap-

565 3787 811 3845 paratum
870 3787 1088 3828 omnem
1141 3780 1306 3844 atque
1352 3773 1745 3843 impedimenta
1803 3790 1833 3829 a
1880 3788 2030 3847 tergo
2081 3785 2135 3832 te

563 3867 830 3938 consequi
870 3866 1077 3922 facies:
1107 3865 1523 3922 imminentibus
1562 3875 1745 3922 autem
1787 3867 2038 3925 hostibus
2077 3868 2132 3925 in

565 3961 745 4017 medio
781 3959 1055 4017 exercitus
1077 3960 1152 4016 tui
1177 3975 1239 4016 ea
1276 3962 1578 4033 procedere
1621 3960 1812 4018 facies.

635 4145 726 4200 6|.
759 4144 842 4200 Ab
874 4144 1100 4200 armatis
1158 4143 1424 4199 militibus
1481 4143 1868 4216 impedimenta
1907 4146 2134 4220 reliqui-

561 4252 667 4307 que
687 4246 1002 4306 apparatus,
1037 4245 1200 4307 atque
1234 4239 1399 4293 etiam
1457 4238 1682 4308 captivi,
1711 4238 1756 4294 si
1778 4239 1871 4309 qui
1903 4239 2129 4308 fuerint,

561 4331 1333 4401 separentur:nequeitinere
1361 4334 1465 4385 hoc
1480 4332 1657 4387 solum
1683 4331 1799 4398 fiat,
1835 4333 1928 4389 sed
1961 4335 2129 4389 etiam

557 4423 779 4496 quando
815 4433 996 4479 castra
1053 4439 1246 4494 ponas,
1307 4441 1376 4480 ne
1412 4425 1664 4480 hostibus
1699 4426 1988 4481 adversum
2043 4428 2132 4482 iu-

2248 1950 2441 1997 νοντας
2475 1933 2754 2000 τοιούτους
2795 1935 3144 2009 διαχρῆσθαι,
3182 1941 3277 1994 καὶ
3300 1942 3702 2015 παρέρχεσθαι,
3741 1948 3839 2000 καὶ

2249 2027 2324 2098 μὴ
2350 2029 2432 2090 είς
2451 2029 2653 2093 αὐτοὺς
2683 2030 3044 2102 ἐμϐραδύνειν
3067 2036 3193 2098 τοὺς
3213 2035 3313 2106 τὴν
3330 2035 3561 2106 πάροδον
3595 2037 3835 2109 μάλιστα

2244 2123 2628 2193 ποιουμένους,
2673 2124 2880 2178 καὶτὸν
2903 2126 3092 2197 καιρὸν
3120 2125 3487 2183 δαπανᾶσθαι.

2319 2211 2418 2277 νζ’.
2465 2213 2590 2269 Ἐἀν
2612 2215 2670 2270 δέ
2698 2233 2829 2272 ποτε
2864 2217 3131 2291 βουληθῇς
3158 2220 3422 2291 φρούριον
3444 2223 3563 2292 ἦτοι
3589 2225 3832 2297 κάστρον

2244 2304 2277 2377 ἢ
2309 2306 2486 2378 ἄκραν
2510 2309 2628 2363 τινὰ
2664 2311 3020 2382 παραλαϐεῖν,
3056 2311 3090 2382 ἦ
3132 2311 3318 2383 ἕτερον
3350 2313 3537 2380 τόπον,
3569 2316 3648 2388 μὴ
3687 2319 3830 2388 πρὸ.

2244 2395 2371 2465 λεγε
2412 2398 2488 2468 τῷ
2527 2399 2743 2471 πλήθει,
2779 2403 2938 2473 ἄχρις
2974 2402 3040 2457 ἂν
3073 2404 3166 2457 ἐπὶ
3198 2401 3360 2458 τοῦτό
3397 2421 3498 2458 που
3531 2408 3829 2480 γενόμενος

2243 2490 2570 2563 ἀγχειρήσῃς
2600 2492 2660 2546 τὸ
2687 2492 2865 2564 ἔργον.

2313 2579 2416 2652 νη’.
2472 2582 2599 2637 Ἐὰν
2627 2584 2682 2638 δὲ
2727 2585 2822 2640 καὶ
2871 2585 3084 2658 ἀνάγκη
3131 2589 3262 2643 ποτὲ
3313 2593 3543 2662 γένηται
3584 2592 3731 2646 ὥστε
3761 2594 3830 2646 ἐκ

2242 2670 2444 2736 παντὸς
2481 2673 2685 2744 τρόπου
2730 2675 2827 2745 τὴν
2862 2678 3151 2748 στρατείαν
3183 2681 3413 2752 πλησίον
3463 2683 3826 2755 ὀχυρώματος

2241 2763 2520 2833 πολεμίων
2554 2765 2587 2836 ἥ
2629 2765 2955 2821 ἁπλικιῦσαι
2988 2772 3068 2833 είς
3099 2771 3198 2835 τὰς
3231 2773 3450 2839 ἐξόδους
3486 2776 3581 2830 τοῦ
3610 2776 3826 2847 ὀχυρώ-

2243 2871 2432 2925 ματος,
2464 2857 2553 2913 ῖνα
2576 2858 2694 2924 τὰς,
2731 2859 2804 2924 ὡς
2836 2861 3003 2927 εἰκὸς,
3035 2863 3307 2932 αἰφνιδίας
3333 2867 3639 2937 ἐπιδρομάς
3660 2870 3826 2921 ὲνανο

2237 2949 2368 3003 τίων
2417 2949 2658 3027 κωλύσῃ.
2707 2952 2879 3010 Τοῦτο
2911 2954 2968 3009 δὲ
3005 2956 3100 3010 καὶ
3132 2959 3189 3011 ὲν
3235 2961 3348 3024 τοῖς
3397 2963 3603 3024 στενοῖς
3633 2962 3827 3026 τόιωις

2237 3038 2481 3107 γίνεσθαι
2507 3044 2824 3114 ἀναγκαῖον.

2308 3131 2407 3186 νθ’.
2447 3133 2682 3204 Πλησίον
2717 3135 2773 3190 δὲ
2806 3135 3166 3210 ὀχυρώματος
3200 3139 3432 3212 ἐχθρῶν,
3480 3143 3512 3204 ἧ
3551 3141 3706 3215 ὕλης,
3738 3144 3822 3215 μὴ

2239 3224 2564 3298 ἐπιτηδεύῃς
2593 3227 2912 3285 άπλικεύειν
2956 3231 3050 3283 τὸν
3102 3234 3354 3302 στρατόν.
3393 3235 3454 3288 El
3505 3235 3564 3289 δὲ
3598 3239 3816 3308 ἀνάγκη

2238 3318 2390 3371 πᾶσα
2428 3318 2608 3374 ἐκεῖσε
2638 3320 2982 3390 ἀπλικεύειν,
3012 3323 3256 3395 ἀκριϐῶς
3287 3326 3386 3390 τὰς
3408 3328 3819 3397 παραφυλακὰς

2237 3407 2395 3461 ποιοῦ
2441 3407 2529 3462 διὰ
2572 3409 2672 3476 τὰς
2697 3410 2806 3466 τῶν
2851 3411 3064 3483 ἐχθρῶν
3120 3413 3413 3478 ἐπιθέσεις.
3447 3417 3555 3469 Καὶ
3610 3418 3816 3487 μᾶλλον

2239 3499 2537 3569 σπούδαζε,
2598 3503 2684 3558 ἴνα
2734 3504 3067 3578 ἡπλωμένῳ,
3100 3508 3134 3578 ὴ
3174 3506 3492 3581 ὑψηλοτέρῳ
3538 3508 3688 3580 τόπῳ
3715 3510 3814 3562 καὶ

2237 3592 2330 3665 όχυ
2340 3594 2562 3666 ρωτέρῳ
2591 3595 2948 3669 ἀπλικεύσῃς.

2313 3684 2375 3751 ξ’.
2413 3687 2579 3743 Ὅταν
2618 3689 2674 3742 δὲ
2707 3690 2785 3754 είς
2817 3690 2916 3763 τὴν
2951 3692 3218 3764 πολεμίαν
3261 3695 3368 3767 γῆν
3408 3699 3653 3772 εἰσέρχῃ,
3708 3702 3808 3774 τὴν

2236 3779 2548 3850 ἀποσκευὴν
2598 3784 2776 3836 πᾶσαν
2812 3783 2931 3855 ἢτοι
2985 3786 3081 3841 τοῦ
3132 3787 3354 3843 τούλδου
3413 3792 3527 3864 (59)
3586 3795 3806 3849 ὄπισθεν

2234 3872 2553 3927 ἀκολουθεῖν
2592 3877 2841 3947 ποιήσεις
2863 3892 2877 3906 ·
2928 3880 3340 3952 πλησιαζόντων
3370 3884 3427 3938 δὲ
3456 3886 3566 3940 τῶν
3599 3889 3803 3959 ἐχθρῶν

2234 3967 2293 4020 ἐν
2326 3966 2481 4037 μέσῳ
2502 3965 2596 4020 τοῦ
2645 3968 2877 4039 στρατοῦ
2927 3971 2988 4025 τὸ
3037 3972 3224 4028 τοῦδον
3265 3974 3381 4048 (40)
3430 3973 3569 4034 εἶναι
3629 3998 3801 4053 παρα-

2236 4056 2535 4111 σκεύαστον
2572 4059 2708 4130 (41).
3560 4113 3564 4116 .

2308 4155 2408 4218 ξα¹.
2443 4155 2874 4228 Κεχωρισμένην
2921 4157 2977 4213 δὲ
3007 4153 3146 4215 εἶναι
3199 4159 3308 4217 ἀπὸ
3352 4162 3463 4219 τῶν
3490 4167 3799 4240 ὁπλοφόρων

2235 4248 2580 4317 στρατιωτῶν
2607 4248 2705 4320 τὴν
2754 4251 3067 4324 ἀποσκευὴν
3110 4254 3204 4307 καὶ
3255 4255 3384 4321 τοὺς
3431 4259 3799 4330 αἰχμαλώτους

2233 4339 2327 4392 ἐὰν
2361 4339 2498 4393 είσί·
2568 4341 2778 4412 μήποτε
2842 4344 3118 4417 πολεμίων
3174 4346 3390 4419 ἀθρόως
3425 4350 3800 4425 ἐπερχομένων

2233 4435 2346 4498 τοῖς
2390 4432 2815 4506 ἀγωνιζομένοις
2845 4439 3155 4510 ἐμπόδισμα
3199 4441 3462 4512 γένηταιο
3517 4445 3593 4518 μὴ
3648 4449 3801 4518 μόνον

560 4528 802 4573 structos
849 4517 1052 4573 milites
1105 4519 1452 4573 venientibus
1493 4533 1690 4588 magno
1738 4518 2128 4589 impedimento

2249 4526 2288 4581 ἰὲ
2323 4527 2378 4579 ἐν
2411 4529 2474 4598 τῇ
2528 4526 2808 4601 ὁδοιπορίᾳ
2853 4530 3008 4585 τοῦτο
3043 4532 3314 4603 φύλαττέ,
3357 4534 3494 4592 ἀλλὰ
3540 4517 3801 4600 κάιίδταν

561 4613 712 4665 fiant.

629 4701 719 4754 62.
749 4700 940 4756 llostili
975 4701 1028 4756 in
1055 4708 1198 4756 terra
1232 4707 1644 4757 mensuratores
1676 4699 2131 4771 incircumspectc

560 4797 627 4852 ad
658 4797 773 4851 loca
799 4796 1145 4865 anticipanda
1174 4796 1292 4852 sine
1326 4796 1523 4850 idoneo
1549 4794 1803 4866 praesidio
1825 4811 1893 4850 ne
1921 4798 2128 4861 mittas,

553 4890 647 4946 sed
681 4905 777 4961 per
812 4890 1146 4960 transfugas,
1181 4891 1271 4961 qui
1339 4897 1544 4957 sponte
1585 4904 1678 4943 sua
1711 4888 1776 4942 ad
1803 4899 1854 4944 te
1908 4887 2125 4945 defece-

552 4991 702 5050 runt,
734 4982 976 5037 locorum
1010 4995 1264 5038 naturam
1309 4989 1429 5033 tuto
1460 4979 1924 5050 pcrscrutaberis.

622 5165 711 5220 65.
737 5165 968 5231 Quando
1025 5169 1298 5223 exercitus
1370 5169 1550 5219 castra
1595 5165 1876 5234 pasiturus
1909 5176 2013 5231 est,
2056 5183 2125 5223 ne

550 5260 868 5331 perturbate
896 5267 988 5313 aut
1020 5259 1243 5315 confuse
1266 5260 1334 5314 ad
1374 5268 1553 5313 castra
1591 5257 1780 5313 fossati
1816 5270 2122 5327 transeant,

551 5353 644 5406 sed
669 5352 710 5407 si
735 5352 921 5407 hostes
950 5352 1296 5419 immineant,
1333 5359 1386 5405 et
1412 5350 1621 5420 pedites
1645 5353 1905 5408 exercitui
1933 5365 2122 5409 nostro

551 5443 846 5509 adfuerint,
879 5460 1075 5500 currus
1110 5460 1302 5499 omnes
1343 5455 1406 5495 ex
1432 5438 1626 5495 ordine
1657 5449 1884 5511 ponant,
1922 5453 1974 5498 et
2003 5443 2120 5502 fos-

549 5549 641 5592 sas
687 5535 925 5607 undique
991 5536 1057 5591 ad
1121 5535 1343 5590 modum
1409 5529 1802 5602 valliqducant.
1871 5533 2116 5606 Expediti

2232 4619 2568 4684 ἀπλικεύεις.
3417 4666 3419 4669 .

2300 4711 2396 4784 ξβν.
2449 4714 2571 4767 Ἐπὶ
2598 4714 2654 4768 δὲ
2682 4717 2780 4788 τῆς
2815 4717 3082 4789 πολεμίας
3113 4718 3217 4794 γῆς
3265 4726 3391 4791 τοὺς
3439 4727 3802 4799 μινσουράτω-

2230 4823 2326 4876 ρας
2370 4807 2695 4878 ἀπροόπτως
2727 4809 2801 4879 μὴ
2847 4811 3184 4887 ἀποστέλλῃς
3226 4818 3630 4889 προλαμϐάνειν
3675 4821 3797 4873 ἄνευ

2229 4897 2482 4971 βοηθείας
2525 4901 2802 4973 ἀρκούσης
2857 4904 3072 4972 αὐτοῖς,
3130 4907 3268 4962 ἀλλά
3324 4911 3484 4982 μόνον
3542 4912 3631 4966 διὰ
3693 4912 3798 4967 τῶν

2217 4992 2592 5062 ἀἰχμαλώτων
2620 4997 2714 5050 καὶ
2744 4997 3059 5068 αὐτομόλων
3108 5001 3365 5071 ἀσφαλῶς
3406 5005 3669 5077 ἀνερεύνα
3705 5006 3798 5079 τὴν

2228 5085 2336 5138 τῶν
2362 5087 2542 5140 τόπων
2570 5090 2852 5162 ποιότητα.

2300 5178 2400 5247 ξγ’.
2440 5180 2606 5235 Ὅταν
2656 5181 2711 5235 δὲ
2741 5185 2769 5236 ὁ
2824 5185 3054 5256 στρατὸς
3109 5188 3427 5244 ἀπλικεύειν
3477 5192 3665 5264 μέλλῃ,
3723 5193 3795 5264 μὴ

2227 5273 2696 5346 ἀναμεμιγμένως
2726 5278 2822 5330 καὶ
2858 5278 3111 5344 ἀτάκτως
3153 5282 3598 5353 ἑπερχέσθωσαν,
3639 5288 3696 5338 ἑν
3720 5284 3795 5356 τῷ

2225 5363 2320 5416 τοῦ
2354 5367 2626 5432 φοσσάτου
2671 5369 2949 5441 ἀπλίκτῳο
2978 5373 3116 5428 ἀλλὰ
3152 5373 3249 5428 ἐὰν
3285 5375 3473 5448 ἐχθροὶ
3511 5377 3790 5446 ἐγγίζωσι,

2228 5458 2322 5508 καὶ
2365 5459 2705 5529 συμπάρεισι
2737 5460 2891 5526 πεζοὶ
2923 5463 2999 5535 τῷ
3034 5467 3248 5539 στρατῷ
3276 5468 3552 5541 προτέρας
3581 5469 3792 5541 ἀμάξας

2226 5548 2542 5616 τιθέτωσαν,
2589 5555 2681 5607 καὶ
2725 5555 2784 5608 ὲν
2825 5555 2976 5622 τάξει
3017 5558 3086 5612 τά
3137 5558 3426 5632 ὀρύγματα
3473 5563 3790 5620 ποιείτωσαν

2055 5680 2287 5745 NOTAE.

614 5773 727 5841 (59)
765 5770 876 5825 Τοῦ
906 5770 1182 5825 τούλδου.
1212 5769 1434 5841 Scribe,
1454 5769 1545 5822 τοῦ
1581 5770 1814 5826 τοῦλδον.

611 5839 725 5917 (40)
768 5841 1008 5900 Τοῦδον.
1044 5842 1254 5912 Scribe,
1289 5839 1523 5895 τοῦλδον.

2291 5785 2403 5860 (41)
2439 5791 2973 5858 Παρασκεύαστον.
3008 5793 3219 5867 Scribe,
3247 5797 3686 5870 παρασκεύασον.
