4020 6312
192 423 318 488 929

1310 426 1642 490 TACTICA.
1671 448 1738 460 -
1772 421 2274 486 CONSTI'I‘UTIO
2304 423 2493 485 XVII.

3389 413 3493 479 930

195 540 558 610 πρεπόντως
610 540 706 595 τοῦ
757 542 990 614 τάφρου.
1020 541 1082 600 Οἱ
1107 543 1162 597 δὲ
1195 543 1544 614 ὲξάπληκτοι,
1577 543 1744 612 ἦγουν
1769 538 1820 591 οἱ

1946 547 2110 595 intem
2165 538 2389 604 milites,
2432 538 2484 592 id
2540 545 2642 602 est,
2694 536 2786 608 qui
2845 536 2996 606 gravi
3051 543 3327 591 armatura
3383 551 3495 592 non

195 630 563 703 εὐπλήκτως
608 632 740 686 ἄνευ
792 633 994 704 βάρους
1027 635 1457 706 περιπατοῦντες
1487 634 1686 696 πάντες
1715 633 1820 688 ἀπὸ

198 722 424 790 ὀλίγου
455 722 829 796 διαστήματος
882 726 1091 793 ἕτοιμοι
1134 727 1507 799 πηκέτωσαν,
1545 728 1642 781 καὶ
1696 724 1820 778 τότε

196 813 316 882 τὴν
355 815 680 887 ἀποσκευὴν
731 817 873 872 κατὰ
922 817 1074 883 τάξιν
1119 818 1468 890 είσέρχεσθαι
1516 819 1610 873 καὶ
1659 817 1820 870 ἀπλι-

201 905 448 962 κειῖειν.
502 910 613 964 Καὶ
640 911 769 964 ὅταν
814 910 1100 984 ἀπολύσῃς
1131 913 1227 967 καὶ
1268 911 1370 977 τὰς
1423 912 1645 984 βουλὰς,
1699 911 1823 964 τότε

202 999 682 1071 εἰσερχέσθωσαν
705 1005 799 1056 καὶ
832 1003 991 1057 αὐτοὶ
1013 1005 1061 1058 oi
1087 1004 1324 1070 ὁπλῖται,
1356 1004 1498 1059 κατὰ
1531 1004 1704 1070 τάξιν,
1730 1003 1826 1057 ιιιαλ⁸

205 1091 706 1162 ἁπλικευέτωσαν,
729 1095 910 1160 καθώς
933 1112 1014 1150 σοι
1042 1096 1136 1151 καί
1161 1097 1220 1152 ὲν
1239 1095 1316 1169 τῷ
1339 1097 1474 1167 Περὶ
1502 1095 1825 1163 tim/115x“)?

208 1183 382 1254 λόγῳ
419 1184 802 1256 διεταξάμεθα.
1399 1247 1404 1251 .

298 1279 408 1342 ξδ’.
469 1280 599 1333 Ἐὰν
634 1279 690 1333 δὲ
726 1281 953 1352 πλησίον
990 1283 1064 1354 μή
1097 1283 1233 1338 εἰσιν
1279 1282 1488 1354 ἐχθροὶ,
1526 1282 1685 1353 ἀρκεῖ
1733 1285 1828 1334 καὶ

208 1371 286 1423 δι’
322 1371 458 1435 ἐνὸς
488 1372 757 1444 δρούγγου
793 1375 957 1430 τοῦτο
980 1375 1226 1444 γίνεσθαι
1250 1375 1311 1430 τὸ
1341 1375 1528 1447 σχῆμα
1550 1392 1564 1406 ·
1609 1375 1704 1430 καὶ
1733 1372 1830 1427 οὗ·

211 1481 339 1531 τως
373 1465 609 1520 ἐκείνων
645 1467 951 1538 ἱσταμένων
980 1471 1104 1534 τοὺς
1133 1467 1353 1532 λοιποὺς
1381 1467 1720 1523 ἀπλικεύειν.

300 1642 409 1710 ξε⁹ο
459 1644 701 1716 Ἑχθρῶν
725 1646 781 1699 δὲ
812 1646 1167 1716 ἐγγιζόντων,
1201 1647 1298 1704 καὶ
1320 1648 1583 1703 σύστασιν
1614 1646 1832 1702 ποιούν-

212 1753 365 1801 των,
406 1737 443 1810 ἢ
476 1738 851 1810 ὀχυρωμάτων
877 1741 1126 1811 πλησίον,
1155 1743 1187 1814 ἢ
1215 1740 1368 1814 ὕλης,
1391 1743 1425 1814 ἢ
1450 1743 1614 1797 τόπου
1643 1742 1835 1812 δυσχεο

223 1827 392 1900 ροῦς,
439 1830 512 1900 μὴ
535 1831 705 1902 ἀφίης
726 1831 800 1896 ὡς
833 1832 993 1904 ἔτυχε
1027 1833 1180 1899 τινὰς
1208 1834 1426 1904 βόσκειν
1453 1835 1580 1900 τοὺς
1606 1835 1832 1898 ἵππους,

219 1921 377 1975 ἀλλὰ
417 1923 512 1976 καὶ
543 1900 880 1995 τὰςηβίγλας
919 1900 1175 1996 άσφαλῶς
1209 1900 1432 1996 πέμπε,
1467 1925 1562 1980 καὶ
1588 1925 1678 1997 ἔχε
1731 1925 1831 1994 μὲν
1866 1900 1907 1954 Β

221 2016 364 2078 τοὺς
393 2015 599 2081 ἵππους
635 2020 693 2072 ὲν
727 2019 806 2090 τῷ
840 2020 1066 2091 χάρακι.
1098 2019 1435 2084 Σπουδάζειν
1463 2018 1519 2073 δὲ
1553 2018 1694 2073 ὥστε
1721 2018 1833 2073 ἀπὸ

221 2111 449 2181 χειρῶν
497 2111 751 2181 συνάγειν
799 2115 864 2168 ὲκ
905 2114 1014 2168 τῶν
1062 2114 1466 2186 εὑρισκομένων
1514 2112 1742 2184 καρπῶν
1772 2114 1832 2167 ἐν

222 2207 348 2269 τοῖς
391 2203 629 2276 πλησίον
655 2205 896 2279 χωρίοις,
928 2205 1024 2260 τοῦ
1052 2223 1112 2260 τε
1145 2209 1340 2280 χόρτου
1373 2209 1466 2261 καὶ
1492 2206 1600 2260 τῶν
1627 2206 1833 2278 κριθῶν

223 2297 334 2369 τὴν
375 2297 652 2371 συλλογὴν
685 2299 960 2354 ποιεῖσθαι
990 2298 1186 2367 οὕτως,
1212 2299 1354 2354 ὥστε
1387 2299 1526 2370 μετὰ
1556 2298 1665 2353 τῶν
1694 2299 1833 2352 παλ-

224 2391 520 2462 λικαρίων
565 2389 660 2444 τοῦ
692 2391 911 2446 τούλδου
948 2392 1277 2464 εὐπλήκτως
1304 2391 1419 2464 (ιὲ)
1448 2392 1556 2447 ἀπὸ
1603 2392 1833 2447 ἑκάστου

233 2483 457 2554 μέρους
487 2483 858 2556 συνέρχωνται
884 2484 1222 2556 ὡπλισμένοι
1246 2484 1583 2555 στρατιῶται
1612 2485 1669 2538 ὲν
1685 2484 1836 2548 τάξει

233 2575 686 2648 περιπατοῦντες
716 2575 807 2630 διὰ
841 2575 938 2641 τὰς
973 2576 1276 2647 αἰφνιδίους
1334 2576 1443 2630 τῶν
1476 2575 1690 2646 ἐχθρῶν
1742 2577 1837 2627 ὲπ-

235 2671 522 2736 ελεύσεις.

313 2763 434 2829 Es".
487 2765 613 2823 Ἐὰν
661 2766 721 2821 δὲ
777 2766 1037 2839 χρονίσῃς
1069 2768 1146 2838 τῷ
1195 2767 1386 2839 τόπῳ,
1418 2767 1512 2820 καὶ
1560 2766 1589 2819 ό
1647 2764 1838 2836 καιρὸς

239 2858 568 2927 ἐπιτήδειός
592 2860 733 2923 ἐστι,
767 2860 862 2914 καὶ
877 2861 905 2912 ὁ
935 2860 1097 2924 τόπος
1118 2859 1320 2932 ὁμοίως
1338 2858 1475 2930 πρὸς
1498 2857 1838 2929 ἁποτροφὰς,

243 2949 370 3003 ἐστι
404 2949 470 3002 δὲ
505 2949 601 3004 καὶ
627 2951 660 3019 ὴ
695 2950 924 3022 δύναμις
973 2951 1084 3004 τῶν
1129 2950 1346 3022 ἐχθρῶν
1391 2949 1500 3005 ἀπὸ
1541 2949 1837 3021 μακρόθεν,

241 3041 375 3094 τότε
437 3041 664 3096 δυνατόν
716 3043 868 3096 ἐστιν
920 3043 1214 3114 βόσκεσθαι
1246 3043 1373 3106 τοὺς
1406 3044 1607 3107 ἵππους
1651 3041 1839 3114 βίγλας

242 3134 453 3205 διπλῆς
483 3136 578 3188 καὶ
607 3136 843 3206 τριπλῆς
875 3135 1137 3201 πολλάκις
1177 3135 1542 3207 πεμπομένης
1592 3136 1704 3205 (43)
1734 3135 1842 3189 ἀπὸ

247 3226 476 3280 πολλῶν
518 3226 908 3298 διαστημάτων
945 3228 1038 3282 καὶ
1068 3228 1274 3298 ταύτης
1330 3227 1542 3298 συχνῶς
1572 3226 1840 3282 ἀλλάσσο-

253 3320 458 3390 μένης.
890 3378 892 3381 .

361 3412 430 3476 ζ’.
480 3410 604 3466 Ἐὰν
635 3410 691 3466 δέ
725 3429 877 3476 τινας
906 3412 1002 3466 ἐπὶ
1035 3413 1272 3484 πραῖδαν
1295 3414 1487 3487 τάξῃς,
1517 3405 1664 3467 οὗτοι
1685 3409 1839 3482 μόνοι

252 3502 698 3574 ὲξερχὲσθωσαν.
740 3505 804 3558 Εί
841 3503 898 3558 δέ
967 3522 1115 3569 τινες
1166 3505 1275 3559 τῶν
1323 3503 1670 3576 στρατιωτῶν
1719 3504 1840 3556 επι-

258 3595 537 3666 μιχθῶσιν
591 3597 778 3660 αὐτοῖς
837 3596 944 3669 ἰδίᾳ
987 3598 1240 3669 εὐθεντίᾳ
1296 3598 1544 3668 ποιήσεις
1590 3596 1842 3665 γενέσθαι

253 3685 567 3754 διαλαλιὰν,
600 3687 744 3741 ὥστε
770 3688 980 3759 μηδένα
1004 3689 1195 3760 ἕτερον
1224 3689 1364 3761 πλὴν
1388 3689 1498 3742 τῶν
1523 3688 1844 3760 ὡρισμένων

257 3778 504 3844 ἐξελθεῖν
533 3781 613 3844 είς
652 3778 752 3852 τὴν
785 3780 1044 3850 πραίδαν.
1081 3780 1192 3834 Καὶ
1223 3781 1343 3834 τότε
1373 3781 1513 3852 μετὰ
1549 3780 1608 3834 τὸ
1640 3779 1845 3850 μανδα-

257 3888 351 3923 τον
378 3871 510 3934 τοὺς
538 3870 958 3944 παρακούοντας
1000 3872 1324 3944 συνέχεσθαι
1351 3874 1446 3926 καὶ
1477 3871 1844 3943 παραπέμπε-

263 3958 390 4013 σθαι
447 3961 561 4024 τοῖς
611 3960 762 4024 ἰδίοις
802 3961 981 4014 αὐτῶν
1015 3959 1278 4034 ἄρχουσιν
1311 3962 1390 4026 είς
1419 3962 1481 4015 τὸ
1515 3960 1850 4032 σωφρονίζε-

265 4055 414 4121 σθαι,
448 4053 539 4108 ἴνα
570 4053 648 4126 μὴ
684 4057 733 4109 oi
776 4055 954 4110 λοιποὶ
997 4055 1365 4128 λαμϐάνοντες
1394 4056 1600 4122 ἄδειαν,
1645 4057 1732 4110 καὶ
1771 4058 1850 4120 εἰς

267 4145 532 4216 ἁρπαγὴν
577 4134 950 4217 ὲκτρέίοντες,
993 4146 1323 4220 γυμνὼσωσί
1358 4165 1417 4201 σε
1447 4148 1555 4201 ἀπὸ
1587 4148 1843 4219 στρατοῦ,

265 4240 361 4291 καὶ
398 4239 726 4314 κινδυνεύσῃ
754 4241 874 4305 ὅλος
903 4242 932 4295 ό
955 4240 1105 4307 λαός.

343 4328 444 4402 ξτί.
494 4331 804 4402 Ἀκρίδειαν
845 4333 902 4388 δὲ
950 4333 1046 4388 καὶ
1087 4334 1388 4404 ἀσφάλειαν
1435 4333 1525 4406 ἔχε
1553 4373 1568 4399 ,
1617 4333 1706 4387 ἵνα
1753 4332 1848 4387 ἐὰν

1926 641 2174 697 utuntur,
2203 647 2398 688 omnes
2419 645 2586 701 parvo
2630 630 2918 684 intervallo
2952 629 3208 687 instructi
3263 633 3330 682 ab
3387 629 3494 685 illis

1925 727 2148 792 distent,
2191 734 2418 796 tumque
2455 731 2751 795 apparatus
2792 731 2848 780 et
2905 723 3294 795 impedimenta
3317 739 3382 779 ex
3407 738 3498 778 or-

1926 818 2055 876 dine
2091 818 2472 888 ingrediantur
2511 819 2565 873 in
2591 826 2812 875 castra:
2854 817 2948 873 ubi
3003 825 3187 873 autem
3235 816 3499 872 excubias

1928 910 2261 980 vigiliasque
2311 909 2586 977 emiseris,
2619 917 2751 964 tunc
2811 909 3011 963 armati
3044 907 3149 978 ipsi
3177 923 3242 962 ex
3303 906 3500 962 ordine

1930 1002 2307 1074 ingrediantur
2333 1011 2386 1057 et
2411 1013 2593 1058 castra
2631 1009 2860 1072 ponant,
2917 999 3379 1071 quemadmodum
3400 1000 3501 1055 tibi

1932 1097 1986 1152 in
2017 1111 2138 1168 cap.
2179 1096 2252 1150 De
2283 1095 2474 1150 castris
2502 1094 2752 1164 ponendis
2779 1093 3168 1164 explicuimus.

2005 1276 2093 1332 σι.
2122 1275 2218 1330 Sin
2262 1275 2453 1332 hostes
2507 1289 2678 1346 prope
2722 1288 2831 1329 non
2872 1272 3173 1338 adfuerint,
3223 1271 3362 1328 satis
3397 1272 3506 1328 erit

1935 1386 2045 1427 uno
2066 1370 2307 1441 drungo,
2344 1369 2398 1424 id
2435 1379 2544 1435 est,
2595 1368 2823 1424 cohorte
2865 1367 3149 1430 milliaria,
3201 1367 3506 1438 instructos

1936 1460 2077 1515 lianc
2100 1460 2332 1515 formam
2362 1458 2669 1525 observari,
2706 1467 2765 1512 ιιι
2793 1472 2856 1513 ca
2881 1457 3346 1528 quemadmodum
3371 1474 3511 1531 prte-

1935 1549 2178 1606 dixitnus
2207 1549 2568 1614 consistente,
2602 1547 2800 1618 reliqui
2845 1558 3029 1604 castra
3059 1558 3287 1620 ponant.

2007 1642 2096 1698 65.
2121 1641 2383 1698 Iiosﬁbus
2433 1641 2545 1712 jam
2578 1641 3018 1706 imminentibus,
3053 1653 3217 1714 atque
3250 1660 3419 1700 unum
3455 1646 3512 1702 in

1938 1735 2115 1790 locum
2150 1748 2320 1805 prope
2353 1735 2720 1806 congregatis,
2749 1733 2796 1790 si
2832 1735 3070 1790 munitio
3115 1737 3297 1807 aliqua
3332 1753 3502 1809 prope

1940 1829 2129 1894 fuerit,
2193 1835 2288 1882 aut
2324 1828 2507 1898 aliqua
2569 1828 2818 1882 locorum
2884 1827 3198 1895 diﬂicultas,
3229 1846 3298 1886 ne
3339 1846 3514 1902 equos

1939 1931 2146 1977 temere
2172 1919 2236 1974 ad
2262 1930 2476 1991 pastum
2505 1919 2681 1975 emitti
2714 1920 2886 1985 sinas,
2920 1922 3014 1978 sed
3037 1929 3091 1978 et
3116 1923 3375 1981 excubias
3397 1933 3518 1981 tuto

1942 2015 2117 2079 mitte,
2141 2029 2314 2085 equos
2345 2022 2528 2070 autem
2560 2013 2705 2069 intra
2730 2014 2854 2068 valli
2893 2015 3161 2071 ambitum
3195 2015 3392 2072 retine.
3426 2016 3522 2072 Ef-

1943 2111 2043 2166 lice
2093 2117 2273 2164 autem
2303 2116 2362 2163 ut
2385 2108 2638 2164 manibus
2665 2110 2782 2165 suis
2811 2108 2957 2180 quod
3004 2108 3268 2166 frumenti
3298 2111 3517 2181 pabuli-

1943 2218 2048 2274 que
2079 2211 2187 2267 est,
2231 2201 2480 2258 finitimis
2509 2202 2726 2258 inlocis
2758 2210 3112 2274 congregem,
3163 2203 3258 2262 sed
3306 2205 3404 2271 ita,
3461 2213 3520 2260 ut

1942 2310 2068 2351 cum
2134 2294 2653 2366 impedimentorum
2719 2294 3062 2353 administris
3127 2297 3390 2353 omnibus
3451 2311 3521 2351 ex

1943 2387 2198 2461 partibus
2249 2389 2443 2444 armati
2474 2389 2674 2446 milites
2720 2388 2934 2444 circum
2968 2390 3092 2447 illos
3140 2389 3518 2459 obambulcnt,

1945 2485 2010 2538 ad
2039 2483 2249 2539 subitas
2275 2482 2515 2538 hostium
2559 2483 2907 2539 incursiones
2957 2484 3321 2556 repellendas.

2018 2740 2108 2795 66.
2145 2740 2244 2796 Sin
2278 2757 2387 2796 uno
2416 2741 2471 2796 in
2510 2741 2633 2798 loco
2677 2740 2886 2800 diutius
2918 2751 3296 2807 commoratus
3327 2741 3520 2809 fueris,

1947 2843 2002 2889 et
2030 2843 2247 2906 tempus
2278 2834 2538 2891 idoneum
2575 2836 2844 2906 locusque
2873 2835 3132 2892 similiter
3156 2821 3223 2892 ad
3263 2836 3523 2893 alimenta

1948 2937 2295 2998 opportunus
2320 2936 2428 2994 est,
2459 2928 2812 3000 hostiumque
2845 2929 3017 3001 copiae
3068 2931 3286 2987 eminus
3323 2931 3520 2987 abfue-

1957 3019 2091 3087 rint,
2130 3021 2257 3091 equi
2319 3028 2434 3075 tum
2489 3019 2558 3075 ad
2617 3027 2840 3091 pastum
2868 3021 3217 3088 emittantur,
3273 3023 3523 3081 excubiis

1950 3111 2165 3168 duabus
2199 3119 2293 3168 aut
2321 3112 2500 3168 tribus
2524 3113 2688 3185 longo
2711 3112 3005 3169 intervallo
3032 3114 3256 3171 emissis
3279 3113 3527 3187 frequen-

1951 3214 2142 3277 terque
2178 3207 2552 3263 commutatis.

2015 3389 2103 3444 67.
2140 3389 2196 3444 Si
2219 3405 2356 3462 quos
2388 3391 2454 3446 ad
2489 3392 2723 3462 praedam
2763 3391 3012 3448 emiseris
3037 3431 3052 3459 ,
3077 3390 3130 3447 hi
3178 3389 3284 3447 soli
3309 3401 3526 3449 exeant.

1945 3481 2040 3538 Sin
2061 3483 2279 3554 quidam
2307 3498 2374 3540 ex
2404 3484 2809 3540 militibus-illis
2835 3484 3051 3541 admisti
3069 3483 3531 3558 fuerint,pr0pria

1945 3583 2038 3630 tua
2071 3577 2400 3632 auctoritate
2423 3577 2738 3633 mandatum
2789 3576 3059 3650 divulgari
3104 3578 3311 3649 facies,
3343 3587 3396 3637 ut
3429 3595 3530 3640 ne-

1894 3676 1895 3679 ‘
1949 3682 2036 3721 mo
2061 3668 2203 3724 alius
2232 3678 2428 3740 praeter
2462 3684 2558 3724 eos
2603 3669 2696 3741 qui
2750 3670 3034 3726 constituti
3081 3682 3214 3729 sunt
3278 3675 3347 3731 ad
3389 3691 3530 3746 prae-

1946 3763 2186 3817 dandum
2227 3773 2406 3820 exeat.
2437 3762 2569 3820 Post
2592 3764 2694 3819 hoc
2726 3766 3043 3820 mandatum
3105 3767 3152 3823 si
3195 3768 3291 3839 qui
3343 3775 3532 3824 trans-

1949 3870 2235 3926 gressores
2263 3857 2490 3923 fuerint,
2529 3859 2843 3928 capiantur,
2890 3867 2944 3916 et
2986 3860 3054 3914 ad
3113 3875 3249 3916 suos
3280 3861 3530 3932 ipsorum

1950 3950 2236 4018 praefectos
2273 3950 2584 4017 mittantur,
2621 3958 2678 4005 ut
2701 3950 2770 4007 ab
2802 3950 2911 4007 illis
2957 3953 3322 4024 castigentur,
3355 3967 3446 4020 ne,
3483 3954 3530 4009 si

1952 4041 2207 4114 impuniti
2247 4042 2380 4110 sint,
2415 4044 2615 4115 reliqui
2667 4059 2792 4100 cum
2829 4045 3133 4102 securitate
3178 4046 3416 4119 quadam
3461 4048 3531 4102 ad

1951 4134 2310 4204 praedandum
2353 4146 2734 4205 excurrentes,
2767 4138 3031 4194 deserant
3083 4139 3410 4202 exercitum,
3449 4147 3530 4194 at-

1953 4241 2059 4294 que
2098 4225 2234 4282 adeo
2268 4226 2323 4282 in
2356 4229 2603 4298 periculo
2630 4230 2914 4287 exercitus
2957 4230 3038 4287 sic
3069 4232 3301 4289 relictus
3327 4234 3420 4290 sit.

2025 4319 2115 4374 68.
2149 4320 2431 4389 Exquisite
2457 4321 2855 4394 diligenterque
2888 4323 3223 4394 providebis,
3279 4335 3341 4382 ut
3375 4328 3420 4385 si
3453 4329 3531 4384 vi-

269 4421 409 4495 τύχῃ
447 4426 541 4478 καὶ
571 4425 771 4497 εὑρεθῇ
806 4424 838 4497 ἢ
867 4419 1033 4492 οἶνος,
1058 4427 1092 4499 ἢ
1124 4426 1312 4499 άρτος,
1346 4426 1421 4498 μὴ
1439 4425 1672 4498 τρώγειν
1693 4426 1835 4481 αὐτοι

1956 4430 2086 4468 num
2121 4422 2215 4470 aut
2246 4416 2404 4485 panis
2432 4415 2764 4483 inveniatur,
2786 4431 2895 4472 non
2918 4417 3214 4474 confestim
3245 4419 3411 4476 edant
3439 4433 3533 4479 aut

271 4518 367 4569 καὶ
406 4518 586 4571 πίνειν
636 4517 746 4589 πρὸ
776 4518 997 4588 πείρας,
1027 4519 1123 4574 ἐὰν
1170 4519 1246 4590 μὴ
1297 4518 1563 4590 πρότερον
1609 4519 1698 4573 διὰ
1745 4518 1854 4572 τῶν

1956 4507 2167 4574 bibant,
2205 4507 2307 4564 nisi
2327 4523 2423 4579 per
2451 4508 2700 4580 captivos
2719 4510 2872 4581 prius
2896 4513 3289 4582 exploraveris,
3319 4525 3532 4571 utrum-

271 4609 635 4680 αἰχμαλώτων
673 4610 984 4684 δοκιμάσης
1011 4610 1196 4668 αὐτόν.
1239 4611 1348 4666 Καὶ
1374 4611 1550 4676 οὕτως
1580 4611 1835 4682 εὑρίσκωε

1957 4617 2027 4656 ne
2059 4601 2302 4657 salubria
2358 4609 2522 4672 atque
2572 4602 2782 4674 integra
2816 4602 2958 4660 sint:
2992 4603 3139 4675 quod
3191 4606 3238 4661 si
3272 4607 3346 4662 ita
3397 4622 3527 4663 esse

275 4702 456 4774 ἀπαθῆ
519 4701 613 4755 καὶ
642 4703 794 4774 ὑγιῆ,
845 4704 966 4757 τότε
1029 4704 1278 4774 ποιήσεις
1338 4703 1649 4775 χρήσασθαι
1716 4702 1835 4757 auri

1957 4695 2255 4762 inveneris,
2310 4705 2424 4750 tum
2480 4694 2739 4751 fruantur
2765 4695 2871 4753 illis
2907 4697 3134 4752 milites.
3189 4695 3294 4754 Sed
3351 4715 3559 4772 neque

274 4794 399 4857 τοὺς
444 4793 805 4864 στρατιώτας.
854 4793 1018 4848 Ἀλλὰ
1073 4794 1210 4867 μηδὲ
1250 4792 1312 4847 τὸ
1367 4795 1426 4846 ὲν
1455 4797 1569 4858 τοῖς
1625 4793 1854 4866 φρέασιν

278 4883 491 4958 ὕδωρ,ἣ
517 4886 882 4958 κινστέρναις,
911 4886 943 4958 ἢ
971 4887 1212 4955 λάκκοις,
1238 4888 1271 4958 ἢ
1297 4889 1354 4942 ἐν
1379 4888 1554 4953 ἄλλοις
1581 4887 1854 4958 άγγείοις⁹

277 4977 537 5042 πολλάκις
579 4978 688 5050 γὰρ
715 4977 804 5032 διὰ
833 4979 1140 5052 φαρμάκων
1166 4977 1542 5050 ἀφανίζονται,
1566 4981 1660 5033 καὶ
1693 4980 1856 5034 θανα-

277 5071 487 5140 τηφόρα
519 5074 752 5139 γίνεται.

349 5162 444 5228 ξον.
479 5163 797 5233 Εὑρέθησαν
827 5162 934 5232 γάρ
965 5180 1098 5216 ποτε
1136 5162 1230 5218 καὶ
1259 5162 1450 5234 κριθαὶ
1488 5161 1660 5227 οὕτως
1709 5181 1850 5236 φαρ-

284 5257 660 5323 μακευθεῖσαι,
693 5258 788 5310 καὶ
826 5258 901 5328 μὴ
934 5257 1166 5328 ἐχόντων
1196 5256 1419 5312 ἄλλοθεν
1442 5258 1550 5313 τῶν
1582 5277 1849 5331 στρατιω.

281 5350 383 5402 τῶν
409 5353 522 5414 τοῖς
552 5351 772 5420 ἀλόγοις
818 5351 1158 5422 ἀποτροιρὴν,
1184 5352 1611 5422 ἡναγκάσθησαν
1636 5353 1847 5406 ἐκεῖθεν

285 5442 456 5507 αὐτοῖς
492 5444 831 5516 παραλαϐεῖν
863 5444 1088 5515 τροφὴν,
1129 5443 1222 5496 καὶ
1248 5443 1349 5496 οὐκ
1379 5443 1546 5511 ὀλίγοι
1577 5443 1664 5497 διὰ
1691 5440 1850 5495 τοῦτο

286 5534 430 5591 ἵπποι
462 5538 762 5594 ἀπώλοντο.

1955 4803 2097 4858 aqua
2123 4787 2177 4842 in
2201 4787 2381 4858 puteis
2409 4796 2505 4842 aut
2539 4787 2806 4845 cisternis
2859 4797 2955 4844 aut
2979 4789 3105 4845 aliis
3141 4789 3196 4844 in
3243 4789 3390 4847 vasis
3423 4791 3532 4846 nisi

1952 4884 2235 4952 explorato
2261 4892 2703 4955 utanturzsmpe
2751 4883 2897 4939 enim
2948 4898 3160 4940 veneno
3211 4883 3530 4956 hujusmodi

1957 4977 2306 5043 inficiuntur,
2336 4986 2390 5033 et
2412 4976 2634 5032 letltalia
2670 4983 2818 5032 sunt.

2021 5160 2115 5216 69.
2187 5160 2458 5217 Hordeum
2494 5161 2639 5218 enim
2681 5177 2825 5235 sape
2868 5161 2950 5219 sic
2997 5177 3207 5218 veneno
3260 5161 3530 5219 imbutum

1953 5258 2357 5322 inveniebatur,
2389 5267 2441 5312 et
2478 5270 2602 5311 cum
2626 5255 2842 5328 reliquo
2878 5257 3080 5328 pabulo
3132 5255 3528 5321 deficerentur,

1953 5351 2154 5408 milites
2205 5351 2272 5406 ad
2322 5366 2495 5423 equos
2553 5352 2950 5421 asportandos,
2988 5352 3115 5408 inde
3162 5351 3484 5422 pabulantes
3512 5391 3529 5418 ,

1950 5444 2220 5516 equiSque
2251 5443 2568 5514 aﬂ'ereutcs,
2597 5445 2910 5516 complures
2942 5459 3117 5518 equos
3152 5444 3527 5516 perdiderunt.

1781 5648 2014 5707 ΝΟΤᾹΣ.

356 5748 460 5820 (t9)
507 5750 896 5817 Εὐπλήκτως.
949 5749 1162 5811 Scribe,
1198 5745 1576 5817 ὲξαπλήκτως.
1628 5745 1746 5820 Qtta
1782 5745 1850 5820 de

289 5833 412 5891 voce
444 5817 616 5891 supra
657 5836 687 5874 a
735 5837 820 5876 me
851 5821 1054 5875 dictum
1093 5830 1196 5877 est.
1238 5821 1299 5874 Et
1325 5835 1448 5891 mox
1473 5817 1714 5891 iterum§
1758 5817 1849 5891 7i,

288 5887 609 5962 εὐπλήκτους
645 5891 740 5944 καὶ
772 5892 1031 5955 εὐόπλους
1089 5891 1304 5959 Scribe,
1328 5887 1729 5961 ἐξαπλήκτονς,
1753 5890 1848 5944 καὶ

551 5988 819 6051 Ριιτιιοι.
859 5987 973 6051 Gn.
1011 5989 1186 6052 CVII.

1959 5747 2240 5812 εὐόπλους.
2599 5783 2604 5791 -

2031 5819 2143 5891 (45)
2185 5819 2252 5875 Ut
2281 5819 2535 5888 superius
2558 5818 2842 5876 innuimus
2865 5819 3092 5876 mutilus
3123 5827 3208 5874 est
3229 5817 3532 5891 superiori-

1958 5889 2061 5946 bus
2095 5892 2454 5963 paragrapltis
2493 5892 2684 5963 codex,
2713 5907 2888 5962 usque
2912 5891 2976 5946 ad
3007 5889 3408 5963 paragrapliutn
3436 5889 3526 5945 67.

3106 5985 3176 6047 30
