4020 6312
547 429 645 495 931

1804 423 2000 484 LEON
2010 423 2077 484 IS
2110 422 2573 487 PHILOSOPHI
3743 415 3833 480 93

620 544 707 600 70.
744 537 1038 610 Prmcipies
1073 538 1239 595 etiam
1290 538 1580 606 exercitui,
1646 536 2109 609 quemadmodum

2288 545 2352 593 θ’.
2387 536 2777 611 Παραγγεῖλῃς
2803 535 2859 590 δὲ
2890 533 2966 606 τῷ
3003 533 3217 608 στρατῷ
3242 531 3449 596 καθὼς
3492 529 3565 585 ἐν
3595 528 3683 599 τῷ
3710 533 3830 597 Πειξ

554 641 611 693 in
665 636 845 706 capite
882 632 961 688 De
1011 632 1200 688 itinere
1257 631 1499 701 faciendo
1543 630 1929 702 explicuimus,
1965 638 2021 683 ut
2063 628 2109 684 si

548 745 691 801 saepe
719 726 986 784 tumultus
1013 723 1213 794 aliquis
1248 732 1343 780 aut
1374 722 1717 795 perturbatio
1763 724 1815 777 in
1856 721 2110 779 exercitu

547 822 733 888 fuerit,
759 834 827 875 ne
849 819 957 875 huc
1016 816 1261 889 illucque
1294 815 1571 873 exercitus
1610 813 2009 870 eireumcurset
2055 819 2111 868 et

546 906 1119 976 eireuml’eratnr,-sed
1178 906 1311 962 illuc
1340 912 1506 961 ruant
1537 919 1730 962 omnes
1775 904 1870 960 ubi
1910 902 2112 959 tumul-

546 1015 636 1062 tus
661 1012 779 1060 est:
809 1018 872 1059 ex
895 1018 962 1058 eo
984 999 1250 1057 enim‘liet
1285 1008 1346 1056 ut
1395 1000 1667 1057 adversus
1690 998 1880 1055 hostes
1931 995 2111 1069 parati

486 1096 489 1099 ’
547 1100 678 1165 sint,
715 1095 917 1167 siquid
967 1095 1075 1150 tale
1102 1094 1402 1166 contingat,
1448 1107 1628 1164 neque
1682 1089 1916 1148 confuse
1966 1088 2114 1146 inter

546 1204 606 1246 se
634 1198 727 1243 attt
761 1189 1075 1259 perturbate
1091 1186 1448 1242 misceantur.

616 1282 705 1336 Ἠ.
723 1280 999 1335 Exeubias
1014 1278 1234 1349 quando
1260 1278 1315 1333 in
1341 1277 1599 1335 hostilem
1618 1288 1818 1334 terram
1835 1274 2108 1343 immittis,

544 1387 655 1428 non
690 1374 867 1428 solum
899 1371 954 1425 in
994 1371 1324 1426 anteriorem
1350 1378 1557 1441 partem
1582 1368 1828 1433 emittas,
1875 1379 2110 1437 eamque

547 1472 719 1520 tutam
771 1464 1148 1530 conservabis,
1183 1462 1280 1519 sed
1322 1462 1489 1519 etiam
1550 1476 1581 1516 a
1630 1470 1784 1529 tergo
1824 1459 2112 1532 expeditos

545 1564 895 1625 armatosque
926 1554 1154 1619 milites,
1182 1552 1237 1607 id
1268 1560 1377 1618 est,
1403 1544 1627 1606 idoneas
1676 1549 1867 1621 copias
1929 1549 2113 1620 aliquo

543 1664 670 1705 cum
702 1650 933 1704 honesto
989 1645 1246 1717 praefecto
1284 1646 1589 1701 instructas
1644 1645 1767 1725 (qui
1814 1643 2114 1714 tergistites

544 1740 993 1811 nominabantur)
1028 1738 1095 1795 ad
1120 1738 1307 1794 decem
1332 1738 1414 1794 vel
1445 1737 1756 1808 quindecim
1790 1734 2111 1790 milliarium

544 1832 894 1890 intervallum
943 1846 1069 1887 cum
1116 1830 1367 1888 excubiis
1425 1829 1709 1886 accuratis
1763 1825 2112 1890 collocabis,

546 1935 769 2001 propter
798 1940 895 1982 eos
924 1924 1017 1996 qui
1064 1924 1150 1981 vel
1183 1938 1279 1995 per
1316 1922 1718 1987 inﬁrmitatem,
1751 1922 1832 1977 vel
1890 1918 1999 1976 alia
2040 1917 2111 1974 tle

2223 1922 2361 1989 οἶδας
2390 1925 2685 1995 διάστημα,
2726 1923 2867 1995 μετά
2897 1922 3087 1994 βεγλας
3108 1920 3393 1993 ἀκριϐοῦς,
3427 1921 3544 1975 διὰ
3578 1920 3738 1985 τοὺς,
3760 1916 3829 1980 ὡς

545 2034 712 2075 causa
738 2018 1046 2083 tardantur,
1074 2023 1130 2071 et
1159 2015 1495 2072 deseruntur
1522 2014 1592 2071 ab
1630 2013 1903 2082 exercitu,
1935 2019 1997 2068 ut
2040 2025 2110 2068 ne

545 2113 703 2169 hoste
730 2108 913 2167 subito
942 2109 1309 2181 irrumpentes
1341 2107 1465 2165 illos
1520 2105 1899 2177 intercipiant.

616 2286 705 2344 72.
729 2285 1075 2343 lncursiones
1106 2283 1253 2342 enim
1276 2283 1345 2340 ab
1384 2282 1778 2340 hosubustum
1816 2279 1935 2337 ﬁeri
1975 2294 2117 2337 con-

544 2388 877 2446 sueverunt,
910 2377 1131 2451 quando
1187 2391 1379 2435 secure
1421 2385 1474 2435 et
1515 2377 1637 2433 sine
1697 2374 1891 2430 timore
1936 2382 2116 2429 trans-

543 2482 677 2531 eunt
705 2472 916 2539 hostes,
957 2481 1011 2528 et
1056 2472 1151 2543 qui
1196 2471 1470 2527 anteriore
1502 2469 1557 2525 in
1591 2476 1745 2541 parte
1807 2475 1961 2535 sunt,
2020 2479 2120 2539 po-

545 2565 832 2623 steriorem
896 2570 1106 2636 partem
1162 2563 1347 2619 minus
1382 2560 1578 2634 iuvare
1634 2568 1889 2632 possunt.

616 2656 705 2712 75.
748 2653 862 2710 Hoc
926 2655 972 2712 si
1044 2661 1237 2710 nostra
1305 2653 1361 2709 in
1418 2656 1641 2726 regione
1702 2652 1921 2719 feceris,
1973 2649 2119 2710 baud

546 2749 740 2806 inutile
793 2747 979 2813 fuerit,
1010 2730 1195 2805 multis
1229 2748 1528 2818 praesertim
1564 2747 1673 2803 buc
1725 2747 1964 2818 illucque
2008 2759 2110 2818 pa-

547 2844 808 2908 lantibus,
873 2849 929 2897 et
988 2849 1189 2913 praeter
1238 2840 1621 2914 praefectorum
1679 2855 1909 2897 suorum
1959 2855 2118 2896 men-

550 2946 662 2995 tem
697 2951 727 2992 a
772 2936 1010 2992 statione
1051 2948 1149 2991 sua
1201 2934 1617 2990 recedentibus:
1649 2948 1713 2989 ex
1750 2948 1817 2989 eo
1844 2932 1991 2989 enim
2021 2947 2118 2990 co-

548 3042 803 3101 gnosces,
854 3026 948 3098 qui
1000 3026 1204 3082 milites
1252 3026 1309 3081 in
1360 3024 1554 3082 ordine
1608 3022 1836 3091 iuerint,
1867 3032 1924 3082 et
1959 3025 2117 3096 quia

548 3123 788 3180 statione
837 3136 936 3177 sua
968 3119 1246 3176 recedant.

617 3214 707 3268 74.
725 3211 800 3269 De
821 3212 1064 3268 locorum
1105 3212 1392 3284 angustiis,
1417 3220 1470 3267 et
1509 3210 1820 3269 diliieilibus
1861 3214 1929 3267 ad
1950 3222 2124 3268 trans.

545 3307 786 3364 eundum
807 3305 966 3372 locis,
989 3305 1317 3361 mentionem
1348 3304 1577 3361 fecimus
1604 3306 1657 3360 in
1685 3321 1807 3377 Cap.
1833 3307 1898 3362 de
1928 3306 2119 3361 itinere
2143 3278 2187 3342 Ο

550 3400 821 3467 iaciendo,
860 3414 1032 3471 quare
1057 3399 1123 3454 de
1160 3399 1265 3455 illis
1307 3398 1501 3454 iterum
1525 3399 1689 3455 verba
1722 3398 1901 3456 facere
1927 3415 2119 3471 super-

549 3508 845 3549 vacaneum
876 3500 981 3559 est,
1019 3506 1142 3547 eum
1178 3491 1304 3547 inde
1333 3490 1525 3547 barum
1551 3507 1734 3549 rerum
1761 3508 1956 3564 capere
1988 3508 2116 3565 pos-

548 3588 631 3645 sis
659 3586 1050 3658 cognitionem,
1085 3592 1144 3641 ut
1184 3600 1253 3642 ne
1288 3594 1490 3642 temere
1515 3594 1569 3643 et
1602 3587 1946 3644 considerate
1990 3602 2118 3643 eou-

549 3682 723 3738 densa
761 3678 1111 3751 diliiciliaque
1143 3679 1263 3735 loca
1284 3680 1530 3738 transire
1559 3682 1797 3740 coneris.

616 4032 711 4089 75.
748 4031 843 4087 Sin
884 4031 1065 4105 aliqua
1098 4030 1400 4088 necessitas
1446 4030 1709 4102 impellat,
1753 4029 2114 4101 quemadmo-

548 4124 678 4180 dum
739 4124 797 4180 ln
849 4138 968 4194 cap.
1009 4123 1074 4179 de
1114 4123 1305 4181 itinere
1352 4121 1603 4179 faciendo
1660 4124 2116 4194 praeseripsimus,

549 4232 614 4273 ea
653 4216 836 4273 cautio
898 4217 1202 4273 adhibenda
1252 4222 1338 4273 est
1397 4217 1464 4271 ad
1523 4232 1586 4272 ea
1626 4217 1745 4272 loca
1796 4228 2119 4287 prmtcrgre-

550 4297 772 4376 dienda,
821 4311 1056 4365 maxime
1077 4310 1124 4366 si
1159 4310 1213 4365 in
1262 4309 1444 4366 hostili
1498 4320 1641 4365 terra
1676 4308 2117 4375 l'ueris,|tostes-

550 4414 655 4472 que
705 4400 1048 4457 immineant.

622 4490 712 4547 76.
742 4491 802 4546 Si
825 4492 1006 4547 hostes
1036 4493 1089 4547 in
1116 4502 1313 4549 terram
1337 4501 1570 4550 vestram
1594 4496 1910 4566 irrepet-int,
1942 4512 2009 4553 ne
2032 4511 2120 4553 co-

551 4598 665 4637 ram
713 4592 769 4639 et
794 4591 978 4652 aperte
1004 4598 1130 4639 eum
1172 4585 1279 4641 illis
1303 4586 1551 4652 dimices,
1566 4587 1622 4643 'si
1648 4589 1732 4644 vel
1762 4589 1999 4657 majores
2030 4590 2110 4645 vel

550 4674 788 4745 :equales
818 4673 1057 4730 hostium
1119 4677 1288 4748 copiae
1318 4679 1424 4734 tuis
1460 4678 1684 4745 fuerint,
1713 4683 1807 4736 sed
1839 4682 2115 4740 insidieris

554 4769 756 4836 potius,
799 4768 1025 4822 structis
1059 4768 1293 4835 insidiis,
1330 4778 1385 4826 et
1418 4772 1540 4826 aliis
1574 4774 1968 4839 molitionilms,
2001 4775 2117 4831 sive

552 4867 713 4914 noctu
739 4857 855 4915 sive
883 4858 1139 4923 interdiu,
1173 4861 1397 4932 viasque
1428 4862 1654 4917 illorum
1684 4864 1959 4927 obstruas.
1994 4883 2117 4923 utu-

553 4952 905 5023 nitionesque
933 4954 1221 5025 anticipes,
1252 4955 1336 5012 vel
1362 4970 1456 5026 per
1500 4956 1730 5026 pedites,
1764 4958 1847 5013 vel
1879 4961 2115 5029 equites,

554 5045 635 5100 vel
684 5061 779 5116 per
838 5055 1116 5117 utrosque,
1149 5056 1205 5104 et
1252 5049 1511 5121 pabulum
1553 5049 1609 5105 in
1641 5052 1820 5108 medio
1862 5052 2114 5111 hostibus

554 5142 789 5211 positum
859 5143 1143 5215 populare.

630 5433 715 5489 77.
746 5434 802 5490 Si
830 5451 953 5491 cum
990 5446 1146 5497 hoste
1199 5442 1489 5515 conﬂigere
1514 5444 1696 5516 cupis,
1746 5455 1863 5502 tum
1930 5448 2117 5519 potius

556 5524 724 5581 facito
779 5529 997 5593 quando
1028 5546 1056 5584 τι
1094 5533 1425 5601 praedatione
1463 5534 1627 5600 redit,
1682 5552 1846 5607 quam
1885 5555 2010 5594 eum
2053 5540 2121 5596 ad

556 5617 903 5684 praedandum
964 5621 1232 5679 discedit:
1289 5634 1400 5680 tum
1449 5628 1592 5682 enim
1637 5628 1689 5683 in
1740 5630 1917 5699 prteda
1954 5646 2119 5688 occu-

556 5716 713 5778 patus
737 5722 839 5779 est,
869 5724 919 5769 et
950 5725 1208 5787 praeterea
1233 5719 1418 5774 latiore
1437 5722 1703 5778 lassatus:
1742 5722 1906 5793 idque
1936 5726 2111 5793 potis-

2218 624 2719 702 ddouropia'g-mtiv
2757 631 2971 703 εἴρηται
2996 630 3159 699 λόγῳ,
3183 630 3270 683 ἵνα
3306 628 3420 683 ἐὰν
3452 624 3548 688 ὡς
3578 622 3834 686 πολλάκις

2216 725 2442 797 γένηται
2482 723 2696 797 ταραχὴ
2724 726 2805 788 εἰς
2841 723 2932 778 τὸν
2952 722 3103 790 λαὸν,
3135 720 3211 796 μὴ
3235 717 3506 791 ἀλλαχοῦ
3532 757 3549 782 ,
3586 709 3701 772 ὧδε
3752 719 3833 769 καὶ

2218 820 2399 874 ἐκεῖσε
2428 817 2645 891 τρέχειν
2688 816 2887 881 αὐτοὺς
2923 816 3017 870 καῖ⁹
3050 811 3479 887 περιφέρεσθαι
3502 827 3523 843 ·
3552 808 3687 863 ἀλλ’
3729 806 3834 862 ἐκεῖ

2216 912 2395 984 ὀρμᾷν
2437 910 2669 975 πάντας,
2717 910 2852 964 ὅπου
2887 908 2921 979 ἡ
2955 905 3167 978 ταραχὴ
3195 906 3441 975 γέγονεν
3472 918 3490 935 ’
3543 902 3621 956 ὲκ
3654 899 3833 953 τούτου

2217 1004 2327 1076 γάρ
2363 1002 2460 1059 καὶ
2489 1002 2625 1076 πρὸς
2666 1002 2794 1066 τοὺς
2824 999 3115 1071 πολεμίους
3148 998 3357 1065 ἕτοιμοι
3387 994 3713 1066 γίνονται,
3751 993 3833 1047 liv

2216 1115 2270 1153 τι
2298 1096 2539 1152 τοιοῦτον
2598 1094 2804 1168 συμϐῇ,
2846 1092 2943 1148 καὶ
2991 1090 3053 1147 ού
3097 1089 3511 1163 συμφύρονται
3541 1089 3639 1152 εἰς
3681 1085 3836 1157 ἀλλή-

2218 1188 2345 1252 λους
2375 1188 2471 1242 καὶ
2494 1185 2842 1256 συγχέονται.

2290 1278 2389 1336 οα’.
2426 1280 2538 1343 Τὰς
2583 1277 2643 1333 δὲ
2688 1276 2883 1349 βίγλας
2911 1275 3074 1349 ἡνίκα
3112 1272 3435 1337 εἰσϐάλλεις
3476 1272 3578 1336 εἰς
3612 1271 3725 1343 τὴν
3752 1286 3835 1325 πο-

2217 1372 2414 1444 λεμίαν
2440 1372 2567 1443 γῆν,
2626 1373 2703 1442 μὴ
2755 1371 2914 1442 μόνον
2959 1367 3105 1424 κατὰ
3151 1367 3213 1421 τὸ
3254 1363 3617 1439 ἔμπροσθεν
3680 1362 3837 1435 μέρος

2216 1466 2551 1540 ἀποστέλλῃς
2597 1466 2852 1531 πάντοτε,
2900 1462 2995 1518 καὶ
3053 1460 3214 1516 τοῦτο
3266 1459 3443 1533 μόνον
3487 1456 3835 1530 ἀσφαλείης.

2217 1558 2355 1613 ἀλλά
2393 1558 2489 1613 καὶ
2540 1557 2683 1612 κατὰ
2709 1555 2805 1610 τοῦ
2840 1554 3013 1611 νώτου
3058 1552 3282 1609 ὄπισθεν
3325 1551 3726 1623 εύπλήκτους
3751 1548 3834 1602 καὶ

2218 1651 2479 1716 εῢὸπλους
2533 1647 2868 1721 στρατιώτας
2906 1650 3072 1720 ἦγουν
3123 1645 3315 1719 ἱκανὴν
3365 1644 3643 1716 δύναμιν
3706 1642 3833 1715 μετά

2217 1744 2495 1817 χρησίμου
2554 1744 2811 1815 ἄρχοντος
2866 1741 3226 1814 παράτασσε,
3275 1737 3402 1805 τοὺς
3481 1736 3831 1809 λεγομένους

2220 1836 2630 1907 νωτοφύλακας,
2689 1833 2766 1898 ὡς
2800 1833 2908 1888 ἀπὸ
2956 1832 3087 1887 δέκα
3124 1832 3318 1905 μιλίων
3354 1831 3391 1905 ἢ
3446 1837 3553 1898 ιε’,
3620 1830 3659 1901 ἢ
3716 1830 3831 1882 ὅσον

2217 2018 2390 2085 εἰκὸς,
2426 2015 2890 2088 ύποστηρίζοντας
2939 2014 3051 2086 (44)
3084 2015 3149 2068 ὲκ
3199 2011 3295 2069 τοῦ
3344 2011 3643 2085 στρατοῦ,
3696 2009 3731 2080 ἢ
3764 2008 3828 2064 δι’

2216 2108 2552 2183 ἀρρωστίαν,
2584 2108 2618 2179 ἢ
2647 2107 2789 2162 κατά
2815 2108 3008 2179 ἑτέραν
3040 2106 3163 2162 τινά
3179 2106 3369 2178 χρείαν
3388 2123 3403 2140 ο
3426 2107 3611 2166 ὅπως
3643 2104 3823 2173 :1!th-

2216 2202 2425 2265 δίως·οῖ
2471 2200 2660 2274 ἐχθροὶ
2686 2198 3043 2263 ἐπιπεσόντες
3066 2197 3437 2253 συλλάϐωνται
3474 2194 3725 2259 αὐτούς.

2286 2291 2384 2364 οβ’.
2448 2291 2685 2347 Εἰώθασι
2741 2290 2850 2363 γὰρ
2898 2288 3020 2344 τότε
3070 2288 3307 2362 μάλιστα
3352 2286 3665 2344 ποιεῖσθαι
3732 2282 3823 2347 τὰς

2215 2328 2659 2456 ἐγχειρήσᾮζέἴ
2876 2424 2893 2448 ,
3521 2328 3819 2434 Ege-deum;
3958 2328 3964 2456 ι

2217 2478 2267 2529 ot
2294 2475 2661 2546 στρατιῶται,
2689 2475 2782 2527 καὶ
2809 2474 2858 2528 οῖ
2888 2472 3203 2546 ἔμπροσθεν
3226 2474 3343 2537 τοῖς
3383 2470 3642 2526 δπισθεν
3673 2467 3818 2523 εὺκόρ

2216 2568 2325 2633 λως
2354 2567 2567 2640 βοηθεῖν
2597 2566 2661 2623 ού
2684 2567 2964 2623 δύνανται.

2287 2665 2388 2728 ογθ.
2423 2658 2594 2714 Τοῦτο
2618 2659 2677 2713 δὲ
2717 2657 2814 2713 καὶ
2840 2659 2899 2713 έν
2936 2660 3003 2731 τῇ
3032 2658 3277 2730 ἡμετέρᾳ
3299 2659 3369 2729 γῇ
3403 2657 3508 2713 ἐὰν
3540 2654 3813 2729 ποιήσῃς,

2219 2754 2319 2808 οὐκ
2335 2753 2581 2826 ἀπρεπές
2606 2752 2825 2808 ἐστιδιά
2837 2752 2992 2817 τοὺς,
3013 2753 3086 2816 ὡς
3110 2752 3280 2821 εξκδς,
3296 2751 3697 2825 ῥεμϐομένους
3719 2743 3810 2805 ὦδε

2220 2848 2443 2902 κάκεῖσε
2491 2845 2850 2919 στρατιώτας,
2895 2846 2989 2899 καὶ
3032 2844 3108 2917 μὴ
3153 2844 3334 2910 καλῶς
3381 2842 3812 2916 διαγινομένους
3962 2842 3963 2911 ἦ

2219 2941 2372 3014 παρά
2405 2938 2629 3012 γνώμην
2656 2938 2751 2995 τοῦ
2798 2939 3060 3011 ἄρχοντος
3101 2936 3304 2994 αὐτῶνθ
3351 2939 3417 2993 ἑκ
3464 2937 3681 2992 τούτου
3705 2935 3807 3005 γὰρ
3962 2946 3963 2981 l

2220 3031 2509 3103 γινώσκεις
2541 3030 2624 3097 τῖς
2656 3031 2850 3102 ἀμελεῖ
2878 3031 2976 3104 τῆς
2999 3029 3107 3087 τῶν
3134 3030 3484 3103 στρατιωτῶν
3532 3027 3811 3086 καταστάς
3962 3058 3963 3089 ι

2223 3143 2379 3190 σεως.

2287 3219 2381 3275 06'.
2414 3217 2548 3289 Περὶ
2567 3216 2624 3272 δὲ
2646 3215 2846 3271 στενῶν
2867 3217 3046 3272 τόπων
3068 3217 3163 3273 καὶ
3189 3217 3250 3271 δυ
3260 3217 3471 3273 σϐἀτων
3491 3216 3805 3274 διαϐάσεων

2220 3311 2279 3365 ὲν
2302 3312 2372 3383 γῇ
2400 3306 2670 3383 πολεμίων
2699 3308 3024 3383 μεμνήμεθα
3055 3310 3615 3383 παρακελευσάμενοι
3640 3311 3708 3382 τῇ
3735 3310 3794 3380 σῇ

2219 3402 2517 3473 ἑνδοξότητι
2538 3444 2554 3469 ,
2583 3396 2628 3457 ὧ
2656 3402 2950 3476 στρατηγέ,
2984 3402 3071 3456 ὅτε
3116 3403 3216 3474 τὴν
3255 3405 3386 3474 περὶΙ
3443 3405 3553 3476 τῆς
3589 3404 3799 3457 ὁδοιπο-

2226 3495 2346 3568 ρίας
2371 3494 2610 3560 διάταξιν
2636 3493 2991 3566 ἐποιούμεθα.
3021 3495 3114 3549 Διὸ
3139 3496 3267 3569 περὶ
3296 3495 3405 3550 τῶν
3428 3496 3622 3552 αὐτῶν
3640 3494 3793 3549 πάλιν

2218 3587 2504 3653 διεξελθεῖν
2535 3587 2896 3656 ἀπειρόκαλον
2938 3586 3252 3660 ἡγούμεθα,
3284 3589 3361 3653 ὡς
3398 3589 3621 3643 ἐκεῖθεν
3656 3586 3794 3659 ἔχον-

2218 3682 2308 3746 τός
2348 3698 2441 3735 σου
2492 3680 2594 3754 ἤδη
2640 3680 2741 3752 τὴν
2765 3682 2892 3753 περὶ
2939 3679 3145 3735 τούτων
3190 3680 3509 3752 διάγνωσιν,
3541 3682 3687 3737 ὥστε
3719 3680 3787 3751 μὴ

2220 3775 2642 3847 ἀπερισκέπτως
2668 3773 2762 3828 καὶ
2794 3773 2871 3838 ώς
2901 3774 3090 3845 ἔτυχεν
3118 3774 3364 3846 ἀνάγκης
3396 3777 3572 3849 χωρὶς
3611 3776 3790 3841 ἱππη-

2218 3866 2393 3921 δεύειν
2425 3869 2505 3932 εῐς
2547 3868 2729 3931 δασεῖς
2775 3867 2871 3922 καὶ
2912 3865 3210 3932 δυσϐάτους
3244 3867 3340 3921 καὶ
3385 3866 3677 3940 δυσχερεῖς
3704 3861 3786 3917 τύο

2222 3979 2357 4026 πους
2387 3961 2705 4018 διαϐαίνειν.

2280 4055 2382 4110 ω’.
2428 4056 2568 4110 Εἰδέ
2605 4072 2689 4119 τις
2729 4054 2887 4110 τοῦτο
2929 4055 3141 4128 ἀνάγκη
3174 4053 3431 4125 γενέσθαι
3452 4052 3780 4121 κατεπείγει,

2223 4148 2359 4219 μετὰ
2388 4148 2488 4220 τῆς
2525 4150 2858 4221 εἰρημένης,
2894 4148 2971 4212 ὡς
3000 4149 3225 4221 εἴπομεν
3256 4149 3315 4202 ἐν
3351 4150 3419 4221 τῇ
3470 4149 3606 4223 περὶ
3655 4146 3782 4201 ὁδοι-

2221 4239 2415 4311 πορίας
2428 4239 2685 4307 διατάξει,
2708 4237 2893 4315 [μετὰ]
2925 4239 3362 4313 παρατηρήσεως
3394 4240 3669 4294 ποιεῖσθαι
3694 4234 3781 4304 τὴν

2218 4334 2327 4388 τῶν
2376 4334 2634 4390 τοιούτων
2679 4337 2860 4389 τύπων
2894 4326 3147 4408 πάροδον,
3184 4335 3417 4407 μάλιστα
3452 4337 3509 4389 ἐν
3534 4338 3608 4408 γῇ
3639 4331 3780 4388 πολι·

2224 4429 2355 4501 μία,
2391 4428 2484 4485 καὶ
2518 4429 2795 4501 πολεμίων
2828 4428 3215 4498 ἐπικειμένων.

2291 4525 2400 4585 ος’.
2455 4518 2583 4573 Ἐὰν
2627 4518 2684 4572 δὲ
2733 4516 2981 4589 πολέμιοι
3019 4520 3100 4582 είς
3139 4519 3239 4591 τὴν
3283 4519 3565 4591 ἡμετέραν
3608 4519 3777 4591 χώραν

2142 4625 2195 4685 Β
2222 4616 2595 4681 εἰσϐάλλωσιν,
2624 4615 2823 4677 σκοπός
2849 4629 2931 4667 σοι
2959 4611 3131 4680 ἔστω,
3161 4607 3207 4668 ὦ
3237 4615 3511 4686 στρατηγέ
3529 4656 3545 4681 ,
3582 4616 3654 4687 μὴ
3683 4628 3773 4683 qa-

2214 4708 2420 4781 νερῶς,
2470 4708 2563 4762 καὶ
2615 4710 2679 4760 ὲκ
2727 4705 3088 4778 παρατάξεως
3132 4709 3317 4771 αὐτοῖς
3355 4707 3648 4779 πολεμεῖν,
3694 4703 3774 4759 καὶ

2220 4804 2453 4877 μάλιστα
2519 4801 2578 4855 ὲν
2606 4803 2675 4874 τῇ
2721 4801 2912 4872 εἰσόδῳ
2958 4800 3160 4870 αὐτῶν,
3206 4800 3303 4855 ἐὰν
3336 4800 3583 4874 ὑπερέχῃ
3629 4800 3665 4870 ἢ
3695 4795 3799 4852 καὶ

2218 4898 2491 4970 ἰσόμοιρος
2537 4898 2686 4949 ἐστιν
2733 4895 2765 4965 ὴ
2812 4894 3041 4966 δύναμις
3080 4893 3176 4947 τοῦ
3238 4892 3467 4964 ἐχθροῦ,
3520 4893 3655 4948 ἀλλά
3700 4892 3771 4945 sv-

2216 4988 2455 5061 εδρεύειν
2494 4987 2695 5059 μᾶλλον
2730 4986 2798 5040 δι’
2818 4986 3231 5057 ὲγκρυμμάτων
3260 4985 3354 5038 καὶ
3389 4985 3567 5040 ἄλλων
3596 4990 3767 5051 ἐπιτη-

2224 5082 2478 5148 δεύσεων,
2511 5082 2543 5153 ἢ
2578 5082 2634 5134 ὲν
2662 5080 2874 5152 ἡμέρᾳ,
2914 5078 2949 5150 ἢ
2993 5078 3052 5133 ὲν
3080 5079 3237 5133 νυκτὶ
3280 5078 3539 5149 ἀσφαλῶς
3573 5074 3769 5137 καὶτὰς

2225 5176 2375 5239 ὁδοὺς
2397 5175 2754 5245 ὲμφράσσειν,
2780 5173 2874 5226 καὶ
2897 5171 3444 5244 προκαταλαμϐάνειν
3464 5173 3766 5245 ὀχυρώματα

2225 5268 2257 5339 ἢ
2290 5267 2377 5321 διὰ
2410 5266 2611 5331 πεζῶν,
2647 5264 2794 5334 ἢδιά
2824 5262 3226 5335 καϐαλλαρίων,
3258 5264 3293 5335 ἢ
3325 5263 3397 5317 δι’
3442 5265 3765 5336 ἀμ’ςοτέρων,

2226 5362 2317 5415 καὶ
2340 5359 2621 5430 ἀφανίζειν
2649 5355 2893 5419 δαπάνας
2921 5356 3290 5427 προκειμένας
3320 5356 3430 5410 τῶν
3455 5357 3679 5429 ἐχθρῶν.

2294 5453 2391 5519 οζ’.
2413 5454 2495 5507 Ἐἰ
2525 5452 2584 5507 δὲ
2630 5450 2895 5523 βουληθῇς
2926 5448 3222 5521 συμϐαλεῖν
3264 5449 3343 5521 τῷ
3391 5450 3638 5523 πολεμίῳ
3662 5453 3766 5504 ὅταν

2224 5545 2425 5617 μᾶλλον
2475 5542 2843 5613 ὲπανέρχηται
2877 5539 2986 5594 ἀπὸ
3011 5540 3112 5611 τῆς
3146 5542 3404 5615 πραίδας,
3434 5542 3469 5613 ἢ
3500 5544 3762 5616 ὲξέρχηται

2215 5639 2316 5706 τῆς
2346 5635 2549 5708 χώρας*
2582 5632 2701 5689 τότε
2723 5633 2830 5703 γὰρ
2857 5632 2951 5685 καὶ
2973 5632 3053 5694 εἰς
3075 5631 3174 5704 τὴν
3198 5634 3433 5707 πραῖδαν
3458 5635 3763 5705 περισπᾶτει

2219 5730 2312 5783 καὶ
2359 5729 2676 5800 κοπωμένος
2718 5727 2888 5795 ἐστὶν,
2931 5724 3168 5795 μάλιστα
3216 5729 3313 5787 ἐὰν
3358 5728 3453 5785 καὶ
3490 5732 3604 5794 τοῖς
3646 5724 3762 5783 ἰδίοις

2105 5848 2339 5908 NOTAE.

629 5909 738 5980 (ii)
771 5911 1308 5983 'l‘xcarnplforrag.
1345 5915 1554 5984 Scribe,
1595 5917 1996 5990 ὑστερίζοντας.
