4040 6298
209 464 329 531 933

1236 461 1570 523 TACTICA.
1593 484 1662 497 -
1690 455 2198 520 CONSTITUTIO
2236 457 2426 521 XVII.

3374 447 3479 513 934

211 582 440 655 ἐγγίζῖγ
459 581 578 637 τότε
609 574 700 637 οὖν
730 578 1005 653 σύμϐαλλε
1034 577 1203 650 αὐτῷ,
1237 579 1284 632 εἱ
1313 578 1423 649 ἄρὰ
1458 574 1625 649 βούλῃ
1656 590 1794 644 συμ-

1916 571 2119 641 simum,
2155 571 2202 627 si
2235 586 2399 643 prope
2464 578 2587 625 tuos
2614 566 2804 634 fueris;
2861 576 2973 621 tum
3005 562 3148 621 enim
3202 579 3328 622 cum
3367 566 3479 621 illis

212 674 459 729 ϐάλλειν.

293 765 397 836 οη’.
449 764 509 818 ’0
552 764 659 836 γὰρ
705 764 763 817 ἐν
796 762 903 835 ἰδίᾳ
949 758 1109 835 χώρᾳ
1153 761 1375 830 διάγων,
1433 758 1802 831 ἀμελέστερον

45 848 105 887 ³η
214 859 495 914 διάκειται
524 856 649 928 περὶ
673 857 770 928 τήν
798 854 1000 927 μάχην,
1024 853 1225 917 πολλὰς
1259 852 1514 924 ἀφορμὰς
1543 851 1682 922 ἔχων
1706 850 1800 905 τοῦ

218 950 518 1016 σώζεσθαι,
550 948 643 1003 καὶ
670 946 1003 1002 κινδυνεύειν
1041 946 1102 999 οὐ
1132 944 1473 1016 βουλόμενος.
1521 943 1579 997 '0
1609 943 1666 997 δὲ
1703 942 1802 1013 τῆς

212 1043 508 1114 ἀλλοτρίας
555 1042 658 1112 γῆς
706 1039 1004 1095 ἐπιϐαίνων
1045 1038 1139 1092 καὶ
1182 1036 1554 1109 κατατρέχων,
1584 1036 1713 1090 ὅταν
1743 1035 1802 1089 ἐν

91 1140 103 1169 έ
215 1136 451 1208 τοιαύτῃ
498 1134 724 1204 γένηται
763 1132 1014 1203 ἀνάγκῃ,
1064 1133 1143 1194 είς
1191 1129 1450 1183 ἀπόνοιαν
1506 1126 1799 1199 τρέπεται,

218 1230 443 1293 πάντως
477 1226 824 1298 λογιζόμενος
871 1226 1018 1298 suo
1062 1223 1207 1297 φυγῆ
1248 1221 1398 1295 αὐτῷ
1442 1222 1524 1285 είς
1562 1219 1803 1275 κίνδυνον

220 1322 326 1377 καὶ
356 1319 631 1375 ἀπώλειαν
657 1318 890 1388 γίνεται.

297 1502 393 1558 οϐ’.
432 1502 622 1572 Χρεὼν
646 1502 703 1557 δέ
729 1520 812 1568 σε,
836 1495 882 1556 ὦ
917 1503 1217 1574 στρατηγέ,
1246 1500 1480 1556 πάντοθε
1510 1499 1804 1569 φυλάττειν

225 1594 421 1650 ἑαυτὸν
448 1595 635 1665 ἁπαθῆ
678 1596 769 1649 καὶ
807 1595 1152 1666 ἀπλήγωτον,
1192 1594 1248 1647 ἐν
1283 1593 1446 1647 παντὶ
1490 1590 1669 1663 καιρῷ
1692 1590 1805 1663 (45)

225 1690 322 1742 καὶ
347 1687 523 1758 τόπῳ,
563 1686 799 1760 μάλιστα
823 1687 1032 1759 ἐχθρῶν
1064 1686 1507 1758 παρακειμένων.
1556 1682 1659 1738 Σοῦ
1700 1686 1807 1753 γὰρ

226 1780 629 1852 φυλαττομένου
655 1778 779 1835 οὔτε
812 1779 1169 1834 πλατύνονται
1199 1781 1248 1833 οξ
1289 1779 1473 1851 ἐχθροὶ
1493 1780 1572 1843 είς
1603 1778 1807 1850 βλάϐην

224 1875 327 1945 τῆς
353 1875 555 1945 χώρας,
577 1872 704 1929 οὔτε
727 1874 1037 1945 πολιορκίας
1059 1872 1303 1945 εὐχερῶς
1320 1876 1430 1937 τοῖς
1452 1870 1808 1944 ὀχυρώμασιν

1904 664 2187 736 conﬂiges,
2238 666 2283 720 si
2331 666 2548 735 quando
2576 662 2673 717 tibi
2706 660 2979 716 videbitur
3021 659 3447 731 confligendum.

1975 754 2065 809 78.
2116 753 2221 822 Qui
2262 756 2407 811 enim
2452 770 2577 809 cum
2632 753 2806 825 ipsius
2859 752 2913 805 in
2945 759 3089 807 terra
3136 760 3241 817 est,
3299 751 3481 821 negli-

1904 850 2118 921 gentior
2177 848 2244 905 ad
2286 848 2639 920 pugnandum
2699 848 2805 910 est,
2861 854 2915 900 et
2973 844 3175 900 multas
3226 844 3475 899 occasio-

1905 956 2004 996 nes
2056 939 2218 995 habet
2263 940 2349 995 vel
2400 950 2460 995 ut
2501 946 2768 1002 servetur,
2824 936 2907 991 vel
2957 935 3317 1005 periclitetur.
3372 933 3479 1001 Qui

1904 1048 2035 1089 vero
2097 1033 2329 1087 alienam
2397 1040 2600 1087 terram
2657 1030 2864 1086 invadit
2899 1039 2954 1085 et
2995 1030 3376 1101 depopulatur,
3433 1029 3478 1084 si

1905 1127 1960 1182 in
2022 1126 2117 1181 tali
2175 1125 2584 1197 perturbatione
2652 1122 2841 1189 fuerit,
2897 1122 2950 1176 in
3016 1121 3230 1191 magnis
3276 1134 3482 1176 aerum-

1906 1221 1992 1275 nis
2035 1226 2142 1281 est,
2200 1222 2306 1274 hoc
2358 1234 2543 1275 secum
2611 1225 2893 1288 reputans,
2951 1214 3133 1286 fugam
3194 1214 3251 1270 οἱ
3304 1215 3482 1286 tergi-

1906 1315 2275 1369 versationem
2331 1327 2441 1367 non
2484 1311 2647 1367 modo
2693 1310 3019 1383 periculum,
3076 1324 3263 1365 verum
3316 1308 3481 1364 etiam

1909 1406 2350 1462 internecionem
2400 1404 2618 1461 afferre.

1978 1501 2066 1557 79.
2126 1500 2385 1571 Teipsum
2444 1500 2512 1554 ab
2580 1499 2730 1555 omni
2792 1499 3019 1554 vulnere
3070 1496 3484 1567 oD‘ensionequc

1910 1592 2189 1663 integrum
2265 1607 2633 1661 securumque
2699 1591 2948 1647 servabis
3022 1589 3173 1646 omni
3236 1590 3361 1645 loco
3418 1597 3475 1644 et

1912 1697 2177 1755 tempore,
2216 1684 2467 1740 hostibus
2508 1684 2857 1756 potissimum
2898 1682 3333 1739 imminentibus.
3372 1680 3485 1736 Hoc

1909 1781 2053 1836 enim
2112 1779 2401 1850 diligenter
2460 1779 2778 1842 observato,
2842 1792 3020 1848 neque
3078 1791 3141 1834 se
3198 1775 3389 1832 hostes
3419 1774 3483 1829 ad

1911 1872 2347 1943 depopulandam
2409 1871 2685 1942 regionem
2763 1878 3010 1926 nostram
3075 1868 3239 1925 facile
3308 1868 3474 1925 dissi-

226 1967 455 2034 ἐπάγειν
483 1965 758 2021 δύνανται.
806 1966 1147 2038 ’Υφορῶνται
1179 1966 1286 2038 γὰρ
1314 1966 1406 2019 καὶ
1438 1964 1805 2019 ὑποπτεύουσι

1916 1974 2063 2035 pant,
2120 1980 2299 2035 neque
2367 1963 2531 2021 facile
2609 1963 2974 2019 munitionem
3043 1962 3281 2033 aliquam
3342 1960 3489 2018 obsi-

223 2059 320 2117 τὸν
349 2061 577 2135 στρατὸν
607 2063 942 2117 συνιστάιαι.

301 2240 376 2295 π’.
420 2242 530 2296 Ka't
552 2242 662 2314 γὰρ
693 2242 808 2312 εῖγε
842 2242 917 2317 μή
964 2243 1109 2296 δοκεῖ
1142 2260 1223 2296 σοι
1275 2244 1602 2314 συμϐάλλειν
1632 2245 1802 2317 δημο-

228 2343 325 2407 σία
369 2337 479 2398 τοῖς
508 2334 745 2408 ἐχθροῖς,
770 2336 920 2407 ὅμως
952 2334 1126 2400 οὕτως
1155 2335 1571 2407 εὐτρεπίζεσθαι
1600 2355 1659 2391 σε
1684 2338 1802 2401 δεῖ,

226 2426 328 2482 καὶ
354 2427 660 2496 φαίνεσθαι,
704 2428 801 2483 καὶ
828 2428 1084 2484 ὑπόνοιαν
1128 2428 1263 2483 πᾶσι
1300 2430 1412 2491 τοῖς
1443 2426 1536 2483 τοῦ
1571 2430 1804 2501 στρατοῦ

226 2520 514 2593 παρέχειν,
564 2520 640 2585 ὡς
685 2522 907 2585 πάντως
961 2520 1295 2592 συμϐάλλειν
1344 2524 1457 2585 τοῖς
1506 2520 1799 2594 πολεμίοις.

225 2612 401 2667 Τοῦτο
445 2615 556 2684 γὰρ
597 2613 646 2667 oi
692 2613 925 2669 ἐναντίοι
960 2612 1325 2685 μανθάνοντες
1369 2614 1465 2669 καὶ
1512 2613 1804 2670 λυποῦνται

227 2705 326 2758 καὶ
356 2704 749 2759 συστέλλονται.

305 2801 417 2851 πα’.
464 2795 591 2851 Ἐὰν
632 2796 689 2851 δέ
723 2796 831 2851 τῶν
858 2798 1117 2855 ἐναντίων
1146 2800 1224 2864 εἰς
1261 2800 1361 2871 τὴν
1394 2801 1667 2875 ἡμετέραν
1698 2801 1808 2855 εἶσ-

232 2885 559 2956 6αλλόντων,
588 2891 616 2944 ὁ
641 2890 803 2955 τόπος
843 2891 937 2945 καὶ
973 2893 1005 2963 ή
1040 2892 1191 2956 θέσις
1223 2893 1323 2963 τῆς
1367 2893 1593 2947 ἐκείνων
1624 2893 1806 2966 χώρας

238 2980 513 3050 ἐπιτηδεία
558 2981 676 3035 ἐστὶ
722 2983 860 3053 πρὸς
900 2981 999 3055 τήν
1046 2982 1250 3055 ἔφοδον,
1304 2984 1372 3038 δι’
1403 2985 1592 3056 ἐτέρου
1641 2988 1805 3040 τόπου

236 3071 436 3142 μᾶλλον
464 3073 748 3145 ἐπιτήδευε
779 3076 1017 3147 πέμπειν
1053 3075 1282 3151 στρατὸν
1332 3078 1390 3131 ἐν
1418 3078 1554 3151 αὐτῇ
1575 3120 1589 3143 ,
1626 3078 1712 3134 ἵνα
1745 3081 1807 3133 ἐκ

229 3163 422 3219 τούτου
452 3167 797 3239 περισπάσῃς
829 3168 956 3232 τοὺς
986 3168 1238 3240 ἐχθρούς.

304 3255 415 3329 πβ’.
460 3259 683 3323 Πάντως
715 3259 771 3313 δὲ
799 3259 893 3315 καὶ
922 3258 1023 3332 τήν
1053 3260 1226 3326 θέσιν,
1253 3261 1330 3325 ὡς
1363 3260 1599 3335 εἴρηται,
1634 3280 1807 3317 κατα-

230 3350 447 3421 νοήσεις
470 3389 489 3416 ,
524 3351 621 3404 καὶ
646 3350 713 3404 τὰ
739 3351 1101 3422 διαστήματα,
1129 3351 1217 3406 ἶνα
1255 3353 1415 3425 εἴπερ
1446 3354 1665 3425 γνωσθῇ
1697 3355 1811 3418 τοῖς

235 3438 449 3510 ἐχθροῖς
485 3438 663 3504 τοῦτο,
694 3440 788 3495 καὶ
810 3441 1094 3513 ὁρμήσωσι
1125 3442 1269 3497 κατὰ
1287 3442 1399 3496 τῶν
1436 3444 1810 3515 πεμπομένων

235 3536 317 3597 είς
346 3532 443 3605 τὴν
466 3531 648 3604 χώραν
677 3532 887 3599 αὐτῶν,
918 3536 947 3588 ὁ
973 3534 1241 3607 ἡμέτερος
1270 3536 1497 3608 στρατὸς
1527 3538 1597 3591 δι’
1624 3536 1810 3609 ἐτέρου

233 3625 401 3681 τόπου
424 3626 612 3698 ἐξέλθῃ
631 3625 864 3699 ἀπαθής·
885 3627 1033 3692 ὅπως
1058 3627 1132 3700 μή
1157 3627 1454 3701 ὁρμώντων
1474 3629 1581 3683 τῶν
1602 3629 1812 3701 ἐχθρῶν

236 3719 447 3775 ἐκεῖθεν
477 3721 557 3785 είς
577 3720 699 3791 δψιν
723 3720 901 3775 αὐτῶν
929 3720 1318 3791 περιπέσωσιν.

313 3810 426 3881 πγ⁹.
484 3812 741 3867 Τοιοῦτον
784 3813 1052 3883 πεποίηκε
1099 3813 1412 3886 Νικηφόρος
1460 3816 1490 3869 ό
1545 3813 1815 3887 ἡμέτερος

242 3905 564 3978 στρατηγός.
629 3905 995 3978 Ἀπουλφέρου
1021 3905 1130 3980 γὰρ
1186 3906 1280 3961 τοῦ
1326 3906 1435 3961 τῶν
1484 3907 1815 3980 Σαρακηνῶν

239 3998 432 4069 ἁμηρᾶ
460 3998 558 4070 τήν
588 3999 981 4053 Καππαδοκίαν
1008 4000 1451 4073 καταδραμόντος
1478 4040 1493 4065 ,
1520 4002 1685 4065 αὐτὸς
1716 4001 1816 4074 τήν

242 4088 456 4159 Ταρσὸν
501 4092 599 4145 καὶ
647 4092 827 4145 πᾶσαν
876 4091 1130 4147 Κιλικίαν
1167 4093 1563 4165 κατεληῖσατο,
1611 4094 1816 4165 πολλήν

244 4179 578 4253 Σαρακηνοῖς
604 4181 979 4253 ἐργασάμενος
1006 4180 1107 4254 τήν
1138 4182 1363 4254 βλάϐην.
1508 4172 1529 4187 ”

315 4272 421 4329 πδν.
486 4271 727 4345 Ἑχθρῶν
756 4272 936 4326 τοίνυν
960 4272 1057 4344 τήν
1087 4273 1192 4329 ὑπὸ
1239 4273 1299 4327 σὲ
1341 4273 1551 4346 χώραν,
1586 4275 1636 4329 εἰ
1675 4273 1819 4329 οὕτω

247 4366 455 4438 συμϐῇ,
484 4366 949 4437 κατατρεχόντων,
964 4367 1211 4423 δέονὲστῖ
1234 4367 1407 4421 πάντα
1439 4368 1505 4421 τὰ
1533 4368 1822 4437 ἀναγκαιό-

248 4475 383 4529 τερα
454 4460 757 4532 πράγματα
814 4462 872 4515 ἐν
920 4463 1033 4525 τοῖς
1075 4460 1436 4534 δχυρωτέροις
1480 4462 1742 4535 κάστροις
1782 4461 1815 4535 ἢ

244 4553 429 4618 τόποις
477 4553 770 4618 ἀναλώτοις
818 4552 1118 4623 συλλέγειν,
1167 4553 1493 4624 φυγαδεύειν
1523 4556 1577 4608 δὲ
1624 4555 1819 4610 καὶτὰ

1911 2058 2091 2113 dendo
2123 2065 2464 2129 Oppugnant.
2533 2056 2849 2113 Exercitum
2888 2056 3035 2113 enim
3070 2063 3323 2112 nostrum
3367 2053 3487 2115 col-

1910 2150 2001 2221 ligi
2068 2150 2495 2221 congregarique
2549 2164 2718 2205 unum
2777 2150 2832 2204 in
2889 2150 3074 2206 locum
3135 2150 3479 2213 existimant.

1981 2241 2073 2298 80.
2116 2241 2439 2313 Quanquam
2490 2250 2674 2298 autem
2706 2243 3067 2299 constitutum
3101 2243 3199 2299 tibi
3228 2243 3298 2300 sit
3328 2244 3489 2299 mini-

1911 2344 2074 2393 mete
2098 2335 2237 2392 velle
2278 2348 2404 2390 cum
2440 2335 2692 2392 hostibus
2716 2334 3030 2407 confligere,
3059 2334 3382 2392 assimulato
3411 2342 3494 2390 ta-

1912 2445 2039 2487 men
2092 2428 2145 2484 id
2191 2437 2243 2484 te
2278 2428 2420 2484 velle
2476 2427 2679 2491 facere,
2710 2435 2763 2483 et
2799 2426 3116 2498 apparanda
3147 2427 3252 2483 tibi
3306 2426 3490 2484 omnia

1910 2526 2061 2584 sunt,
2121 2516 2422 2589 opinioque
2468 2516 2746 2573 afferenda
2804 2522 2915 2572 tuae
2986 2531 3111 2571 cum
3159 2515 3270 2573 illis
3322 2516 3491 2571 dimi-

1911 2611 2168 2667 cationis.
2222 2609 2337 2667 lloc
2382 2619 2567 2667 autem
2618 2609 2695 2664 illi
2739 2609 3025 2666 audientes
3064 2609 3239 2682 magis
3288 2623 3493 2666 excru-

1909 2705 2206 2761 ciabuntur
2272 2705 2745 2775 vexabunturque.

1987 2798 2079 2854 81.
2143 2798 2201 2855 Si
2259 2797 2511 2853 hostibus
2580 2804 2819 2853 vestram
2856 2795 2913 2852 in
2949 2796 3227 2867 regionem
3288 2796 3493 2854 irrum-

1913 2892 2189 2964 pentibus,
2254 2891 2407 2946 loeus
2449 2900 2503 2946 ct
2547 2890 2689 2946 situs
2736 2890 2979 2962 regionis
3036 2889 3259 2946 illorum
3312 2890 3380 2945 ad
3411 2891 3493 2945 in-

1913 2984 2223 3041 cursionem
2273 2983 2501 3039 idoneus
2522 2990 2628 3050 est,
2683 2997 2778 3053 per
2824 2983 2992 3038 alium
3042 2981 3224 3039 locum
3266 2993 3497 3039 conten-

1914 3077 1981 3133 de
2030 3077 2204 3147 magis
2229 3078 2530 3133 exercitum
2564 3076 2789 3142 ducere,
2842 3083 2903 3131 ut
2959 3075 3063 3132 hoc
3097 3076 3262 3132 modo
3321 3078 3495 3149 magis

1917 3170 2102 3227 hostes
2131 3170 2437 3241 perturbes.

1985 3263 2075 3320 82.
2116 3263 2352 3321 Omnino
2396 3274 2603 3333 autem,
2637 3264 3106 3334 quemadmodum
3139 3265 3278 3333 dixi,
3335 3273 3390 3321 et
3410 3265 3493 3321 si-

1914 3364 2028 3411 tum
2071 3354 2339 3423 advertes,
2367 3366 2421 3413 et
2450 3357 2758 3423 intervalla,
2789 3366 2847 3412 ut
2904 3358 2950 3414 si
3010 3358 3260 3415 incursio
3304 3368 3493 3415 nostra

1914 3449 2134 3519 cognita
2183 3449 2435 3506 hostibus
2488 3448 2675 3515 fuerit,
2716 3460 2771 3506 et
2827 3450 3090 3522 impetum
3141 3450 3198 3507 in
3254 3466 3351 3509 eos
3399 3466 3498 3507 co-

1918 3550 2123 3596 nantur
2173 3542 2359 3599 hostes
2417 3542 2619 3608 facere,
2650 3544 2926 3600 exercitus
2977 3551 3164 3601 noster
3213 3560 3310 3615 per
3353 3543 3493 3600 alias

1918 3634 2035 3690 vias
2070 3648 2298 3690 securus
2331 3634 2600 3700 discedat,
2649 3642 2711 3689 ut
2763 3650 2831 3692 ne
2877 3634 3067 3693 hostes
3112 3634 3388 3693 irruentes
3439 3636 3495 3692 in

1920 3731 2277 3793 conspectum
2332 3724 2549 3779 illorum
2597 3724 2844 3781 veniant.

1993 3814 2079 3872 8'5.
2108 3815 2241 3870 Tale
2270 3816 2550 3887 quidpiam
2573 3814 2917 3888 Nicephorus
2946 3816 3057 3873 dx
3084 3827 3272 3875 noster
3294 3816 3497 3874 fecisse

1919 3917 2280 3964 memoratur.
2314 3906 2449 3963 Nam
2478 3922 2604 3964 cum
2635 3909 2917 3981 Apulpbcr
2948 3909 3347 3967 Saracenorum
3375 3911 3490 3966 dux

1925 4000 2325 4073 Cappadociam
2367 4002 2809 4075 depopularetur,
2840 4005 2956 4075 ipse
2986 4003 3220 4059 Tarsum
3279 4005 3497 4060 univer-

1928 4103 2155 4161 samque
2182 4088 2430 4145 Ciliciam
2465 4091 2735 4156 vastabat,
2789 4098 2844 4148 ct
2879 4095 3048 4148 multa
3078 4093 3280 4148 damna
3329 4091 3499 4149 Sara-

1925 4181 2082 4237 cenis
2130 4180 2421 4250 inferebat.

1991 4272 2084 4329 84.
2115 4272 2375 4329 Hostibus
2418 4273 2698 4345 regionem
2736 4281 2908 4343 tuam,
2942 4274 2989 4331 si
3036 4275 3089 4331 id
3121 4276 3192 4333 ita
3218 4274 3502 4349 contingat

1924 4364 2354 4431 incursantibus,
2390 4368 2573 4421 omnia
2598 4382 2723 4437 qua:
2765 4368 3076 4443 necessaria
3102 4378 3253 4435 sunt,
3283 4369 3351 4424 ad
3380 4386 3501 4425 mu-

1921 4455 2184 4524 nitiones,
2232 4457 2480 4522 castella,
2507 4463 2562 4512 et
2608 4457 2725 4512 loca
2778 4455 2847 4511 ad
2885 4459 3209 4529 capiendum
3259 4456 3496 4516 difﬁcilia

1923 4547 2326 4607 conferantur:
2372 4550 2622 4621 jumenta
2685 4557 2865 4607 autem
2922 4551 3106 4608 omnia
3154 4568 3219 4609 ex
3254 4568 3315 4609 ea
3347 4562 3500 4625 parte

247 4644 416 4711 ἄλογα
456 4645 558 4715 τῆς
586 4645 810 4718 χώρας,
842 4647 929 4700 ἵνα
973 4647 1047 4718 μή
1083 4646 1284 4717 μᾶλλον
1332 4646 1811 4720 συλλαμϐανόμενα

1928 4641 2166 4712 regionis
2198 4642 2580 4709 amandentur,
2610 4650 2671 4698 ut
2699 4658 2766 4700 ne
2800 4643 2846 4699 si
2877 4644 2947 4699 ab
2979 4643 3231 4700 hostibus
3278 4644 3501 4715 capian-

253 4739 626 4810 ἰσχυροτέρους
656 4740 780 4804 τοὺς
806 4738 1035 4811 ἐχθροὺς
1062 4740 1377 4812 ποιήσωσιν.

320 4832 425 4889 πε’.
483 4835 608 4888 Ἐὰν
637 4834 693 4887 δὲ
719 4834 752 4903 ἢ
781 4832 906 4896 λαὸς
934 4832 967 4905 ἢ
993 4832 1293 4904 πράγματα
1315 4834 1394 4896 είς
1422 4830 1681 4887 δοκοῦντα
1711 4833 1815 4904 μὲν

246 4927 443 5001 ὀχυρὸν
464 4932 646 4992 τόπον,
673 4926 747 4999 μή
774 4926 903 4981 όντα
942 4926 998 4981 δὲ
1029 4926 1265 4991 ἀληθῶς,
1299 4925 1645 4992 συνέλθωσιν,
1678 4927 1817 4981 πάν·

247 5041 357 5087 τως
390 5022 469 5075 δεῖ
514 5021 709 5081 αὐτοὺς
749 5017 837 5072 διὰ
869 5018 967 5087 τῆς
997 5017 1095 5087 σῆς
1134 5016 1390 5087 προνοίας
1427 5015 1819 5087 μεθίστασθαι,

251 5115 346 5169 καὶ
374 5116 451 5177 εἰς
480 5112 849 5185 ὀχυρωτέρους
876 5109 1133 5165 ἀπελθεῖν
1160 5108 1377 5174 τόπους,
1410 5106 1538 5161 ἔνθα
1572 5108 1669 5162 καὶ
1693 5110 1823 5177 ἄφο-

250 5206 345 5270 6ο;
374 5207 555 5269 αὐτοῖς
588 5207 620 5274 ὴ
652 5204 865 5275 φυλακή
892 5203 1200 5273 γενήσεται.

326 5304 443 5361 πς’.
488 5297 625 5349 Ὅσα
644 5295 698 5349 δὲ
729 5294 803 5365 μὴ
834 5291 974 5347 κατὰ
995 5292 1153 5361 φύσιν
1174 5290 1347 5362 ὀχυρά
1372 5291 1509 5345 εἰσιν
1530 5293 1561 5359 ἦ
1586 5292 1820 5364 κάστρα.

249 5390 287 5461 ἢ
334 5390 484 5441 τό-τοι
512 5388 711 5457 ἕτεροι,
744 5382 1151 5457 προασφαλίζου
1182 5383 1341 5436 αὑτά.
1381 5382 1567 5453 Καὶξεῖ
1600 5400 1729 5436 ποτε
1773 5384 1823 5437 οἱ

252 5481 440 5552 ἐχθροὶ
493 5478 797 5551 βουληθῶσι
846 5474 1219 5547 παρακαθίσαι
1271 5474 1481 5540 αὐτοῖς,
1522 5476 1685 5544 μέρος
1720 5474 1821 5546 τῆς

253 5574 517 5645 στρατιᾶς
553 5569 770 5642 ἀφανῶς
818 5572 896 5633 είς
932 5567 1183 5637 βοήθειαν
1211 5568 1303 5619 καὶ
1340 5568 1619 5638 ἐκδίκησιν
1645 5568 1823 5622 αὐτῶν

252 5666 529 5737 ἔκπεμπε,
562 5664 655 5717 καὶ
688 5663 764 5734 μὴ
788 5662 881 5734 ἐᾷς
912 5662 1035 5725 τοὺς
1080 5656 1305 5730 ἐχθροὺς
1352 5657 1519 5722 ἀδεῶς
1557 5658 1655 5723 τὰς
1694 5658 1825 5725 ἕξω-

1930 4745 2036 4799 tur,
2068 4734 2324 4790 fortiores
2351 4734 2535 4792 hostes
2564 4734 2788 4791 faciant.

2000 4824 2089 4881 85.
2119 4823 2175 4878 Si
2208 4824 2362 4895 plebs
2409 4840 2497 4883 res
2528 4826 2782 4897 bonaque
2816 4844 2914 4884 sua
2944 4828 3009 4885 ad
3060 4829 3175 4883 lora
3218 4845 3342 4901 qua:
3380 4845 3500 4885 mu-

1928 4916 2041 4972 nita
2088 4915 2361 4987 fortiaque
2406 4917 2659 4973 videntur
2687 4936 2831 4985 esse,
2866 4929 3175 4977 nontamen
3203 4930 3353 4988 sunt,
3400 4922 3497 4976 ab-

1927 5009 2207 5076 duxerim,
2260 5010 2603 5081 providentia
2645 5020 2739 5068 tua
2786 5013 3130 5071 efﬁciendum
3174 5024 3280 5079 est,
3324 5023 3384 5070 ut
3425 5017 3491 5070 ad

1928 5101 2156 5157 fortiora
2229 5103 2636 5176 munitioraque
2690 5106 2807 5162 loca
2856 5107 3253 5175 traducantur,
3294 5107 3387 5165 ubi
3413 5124 3500 5166 sc-

1927 5212 2060 5251 cura
2095 5194 2201 5251 illis
2231 5211 2410 5250 rerum
2444 5211 2667 5251 suarum
2700 5197 2951 5253 custodia
2982 5200 3107 5254 erit.

1996 5285 2085 5342 86.
2117 5285 2467 5357 Qua‘cunqne
2512 5297 2707 5343 natura
2766 5290 2951 5345 minus
3006 5292 3214 5347 munita
3243 5301 3371 5347 sunt
3415 5293 3500 5349 vel

1928 5380 2151 5437 castella
2188 5380 2271 5434 vel
2311 5380 2417 5433 alia
2468 5381 2607 5443 loca,
2646 5380 2909 5437 firmanda
2956 5382 3069 5453 jam
3125 5393 3255 5439 sunt
3297 5405 3309 5441 :
3352 5392 3408 5438 et
3452 5385 3501 5439 si

1932 5481 2137 5542 partem
2171 5471 2407 5541 aliquam
2469 5474 2744 5530 exercitus
2790 5475 2874 5529 sui
2916 5476 2982 5529 ad
3038 5490 3101 5529 ea
3134 5476 3502 5548 oppugnanda

1931 5563 2120 5620 hostes
2175 5565 2521 5637 reliquerint,
2570 5569 2794 5623 occulte
2849 5570 2915 5623 ad
2984 5570 3325 5641 repellendos
3372 5568 3503 5625 ulci-

1933 5659 2279 5731 scendosque
2328 5675 2421 5717 cos
2472 5660 2737 5731 quosdam
2789 5664 3027 5732 emittes,
3082 5678 3257 5733 neque
3315 5663 3503 5720 hostes

1796 5792 2026 5850 ΝΟΤΑΞ.

330 5941 777 6017 (ὁόγιζνπαιστί
841 5940 1039 6010 καιρῷ.
1102 5939 1477 6011 Scriliebatur,
1534 5941 1628 5995 ἐὰν
1691 5941 1848 5995 παντὶ
1907 5938 2103 6011 καιρῷ.
