4040 6298
543 359 649 424 935
1809 358 2085 426 LEONIS
2119 348 2583 424 PHiLOSOPIIl
3715 341 3841 407 935

540 475 825 546 permittas
849 474 1018 532 libere
1083 475 1355 548 pabulari,
1393 475 1489 533 sed
1543 490 1638 532 eos
1671 476 1762 547 qui
1795 477 2111 548 pabulatum

2252 496 2307 531 εν
2347 475 2593 539 δαπάνας
2623 469 2922 542 συλλέγεινο
2962 466 3099 523 ἀλλὰ
3135 462 3495 536 περισκόπει,
3536 461 3645 516 καὶ
3695 463 3839 524 tot;

539 578 672 624 eunt
725 568 1016 636 adoriaris,
1051 580 1104 627 et
1132 572 1338 644 capias,
1374 580 1541 643 atque
1571 569 1706 627 adeo
1750 570 1939 627 hostes
1972 570 2107 626 ami-

2248 570 2310 622 πὶ
2366 569 2604 638 συλλογῇ
2650 565 2760 618 τῶν
2831 559 3238 632 δαπανημάτων
3291 554 3693 627 πεμπομένους
3755 553 3844 605 ιν-

541 679 659 735 εδει
2217 663 2434 734 έδρευε,
2488 662 2583 716 καὶ
2631 655 3016 728 συλλάμὸανε.
3066 652 3160 708 καὶ
3200 647 3454 704 ἐντεῦθεν
3489 643 3838 717 στενοχιὶψει

2216 753 2342 823 τοὺς
2373 757 2465 828 exe
2476 755 2624 827 ρούς.

2291 852 2400 917 τεξ.
2440 849 2549 906 Καὶ
2585 848 2757 904 ταῦτα
2788 845 2886 919 μὲν
2917 841 3049 915 περὶ
3079 838 3287 910 ἐφόδων
3321 836 3414 891 σοῦ
3443 853 3503 890 τε
3535 832 3683 906 πρδς
3731 831 3839 902 τὴν

2221 946 2490 1018 πολεμίαν
2533 941 2765 998 καὶτῶν
2817 935 3096 1011 πολεμίων
3143 932 3279 1006 πρὸς
3321 932 3422 1002 τὴν
3452 929 3553 1002 σὴν
3590 925 3839 998 γινομέ-

2222 1061 2352 1113 νων,
2382 1043 2596 1114 εῖρηται
2639 1038 2790 1110 ἡμῖν.
2829 1034 3022 1108 Χρεὼν
3070 1032 3126 1086 δὲ
3168 1029 3415 1100 καὶπερὶ
3442 1026 3551 1081 τῶν
3601 1022 3825 1080 ἄλλων.

2224 1137 2326 1191 ὅσα
2371 1135 2618 1206 χρήσιμα
2659 1129 2794 1202 πρὸς
2853 1124 3195 1199 στρατηγίαν
3235 1121 3454 1176 δοκοῦσι
3503 1119 3602 1174 καὶ
3645 1115 3841 1184 ὰσφάο

2226 1230 2400 1294 λειαν,
2431 1223 2745 1292 διεξελθεῖν,
2790 1221 2887 1274 καὶ
2931 1219 3168 1290 μάλιστα
3211 1215 3342 1287 περὶ
3385 1213 3476 1267 τοῦ
3528 1210 3649 1273 πῶς
3710 1208 3839 1262 δέον

2227 1317 2596 1374 κατασκοπεῖν
2622 1312 2872 1385 ἐχθροὺς,
2897 1310 2993 1364 καὶ
3016 1310 3163 1370 ὅπως
3192 1306 3357 1359 πάλιν
3379 1305 3504 1367 τοὺς
3539 1302 3642 1355 ἀπ’
3673 1301 3837 1352 ἐκείο

2229 1430 2334 1467 νων
2383 1409 2773 1480 πεμπομένους
2837 1401 3223 1463 κατασκόπους
3269 1398 3490 1470 κρατεῖν
3535 1393 3837 1448 λανθάνειν

2232 1506 2487 1566 θέλοντας
2521 1504 2577 1555 ὲν
2611 1500 2687 1571 τῷ
2717 1499 2955 1572 στρατῷ.

2304 1603 2416 1668 mf.
2449 1596 2542 1649 Δεῖ
2569 1589 2660 1648 οὗν
2685 1611 2743 1646 σε
2772 1593 2992 1646 σκοπεῖν
3024 1588 3290 1661 ἀκριϐῶς,
3327 1580 3370 1641 ὦ
3397 1581 3700 1654 πρατηγέ,
3733 1580 3838 1649 τὴν

552 1689 636 1738 tes
660 1684 1062 1755 cognoscendae
1097 1695 1243 1748 sunt,
1281 1691 1488 1755 quanta
1521 1683 1923 1754 magnitudine,
1955 1697 2132 1752 quau-
2235 1688 2510 1757 ποσότητα
2540 1686 2639 1755 τῆς
2667 1684 2773 1738 τῶν
2814 1682 3075 1737 ἐναντίων
3111 1679 3395 1749 δυνάμεως
3428 1677 3678 1739 πάντως,
3739 1673 3835 1726 καὶ

555 1776 734 1845 tisque
768 1778 980 1832 viribus
1006 1778 1140 1842 sint,
1190 1788 1352 1848 atque
1405 1778 1478 1832 ita
1523 1778 1620 1832 tibi
1657 1775 2008 1845 suscipienda
2039 1773 2133 1827 ad-

2248 1784 2373 1855 προς
2404 1780 2563 1835 τοῦτο
2595 1776 2898 1842 κανονίζειν
2929 1775 3022 1829 καὶ
3045 1775 3264 1828 διοικεῖν
3289 1789 3346 1827 σε
3375 1770 3444 1825 τά
3472 1769 3598 1824 κατ’
3633 1769 3832 1838 αὐτῆς.

554 1869 1031 1938 ministrandaque
1059 1879 1248 1926 contra
1272 1870 1394 1925 illos
1418 1870 1601 1925 omnia
1625 1878 1771 1922 sunt.
1804 1865 1939 1920 Nam
1964 1880 2134 1936 eque-

2248 1847 2318 1932 re
2353 1877 2462 1949 γὰρ
2496 1875 2753 1946 σχήματα
2785 1871 2894 1926 τῶν
2921 1866 3337 1938 καὸαλλαρικῶν
3367 1883 3426 1920 τε
3457 1865 3552 1919 καὶ
3582 1859 3835 1925 πεζικῶν

556 1959 750 2015 atrium
807 1961 1248 2031 pedestriumque
1296 1959 1575 2030 copiarum
1621 1958 1828 2021 formae,
1872 1957 2140 2011 locorum-

2248 1971 2468 2038 τάξεων,
2501 1968 2594 2022 καὶ
2625 1968 2681 2020 αί
2714 1966 2823 2020 τῶν
2857 1964 3037 2019 τόπων
3069 1962 3277 2024 θέσεις,
3311 1959 3514 2029 πολλὴν
3567 1955 3676 2026 τῆς
3739 1971 3837 2006 πο-

553 2070 666 2126 que
699 2057 858 2122 situs,
888 2071 1139 2128 magnam
1179 2055 1544 2112 diﬂ‘erentiam
1571 2053 1769 2108 virium
1831 2066 1895 2106 ac
1919 2048 2137 2106 roboris

2248 2065 2467 2133 σότητος
2500 2061 2593 2117 τοῦ
2628 2057 2760 2114 λαοῦ
2808 2055 3073 2129 διαφορὰν
3114 2053 3416 2117 ποιοῦνται,
3463 2049 3558 2106 καὶ
3583 2047 3835 2116 ἀνυπέρ-

557 2147 612 2202 ἰιι
635 2148 881 2203 exercitu
919 2148 1146 2216 habent,
1173 2157 1227 2203 et
1259 2145 1532 2202 inﬁnitum
1561 2143 1852 2228 quemdam
1887 2155 2135 2197 errorem

558 2238 796 2294 aﬂerunt
843 2239 914 2297 iis
953 2240 1050 2311 qui
1116 2239 1440 2310 simpliciter
1514 2246 1678 2308 atque
1729 2233 1984 2307 imperite
2032 2231 2138 2288 ista

555 2330 856 2387 aestimant.
911 2329 1026 2386 Hoc
1073 2341 1284 2395 autem,
1355 2328 1505 2401 quod
1562 2329 1709 2396 dico,
1757 2339 1952 2384 verum
2011 2335 2138 2380 esse

558 2433 682 2490 qua
733 2429 1036 2491 sequuntur
1080 2419 1244 2477 facile
1285 2418 1768 2476 demonstrabunt.

631 2514 720 2571 89.
752 2511 902 2571 Pone
930 2523 1113 2570 autem
1173 2521 1470 2571 sexcentos
1507 2511 1722 2583 equites
1774 2509 1830 2565 in
1890 2503 2137 2576 longitu-

560 2603 766 2670 dinem,
800 2612 855 2657 ct
882 2604 1214 2675 quingentos
1258 2602 1314 2659 in
1346 2602 1694 2657 latitudinem
1750 2597 1974 2661 instrui,
2043 2594 2138 2665 qui

561 2709 824 2751 numerus
858 2695 1105 2752 continet
1163 2702 1404 2752 trecenta
1440 2694 1610 2750 millia
1640 2693 1926 2764 equitum:
1950 2702 2144 2745 unum-

561 2802 834 2857 quemque
850 2802 1052 2858 equum
1083 2788 1206 2844 loco
1234 2802 1336 2844 suo
1357 2787 1716 2844 constitutum
1745 2784 1965 2850 habere,
1994 2778 2140 2852 Quod

562 2879 632 2933 ad
687 2878 1031 2934 latitudinem
1087 2887 1322 2951 spectat,
1354 2879 1522 2951 pedes
1560 2887 1697 2945 tres,
1723 2893 1791 2934 ex
1841 2888 1951 2948 quo
2005 2873 2144 2928 ﬁunt

565 2968 730 3039 pedes
763 2968 915 3025 mille
936 2970 1240 3039 octingenti
1267 2987 1280 3024 :
1313 2982 1764 3040 unumquemque
1792 2965 1936 3038 quod
1974 2963 2039 3018 ad
2065 2961 2145 3016 al-

568 3061 854 3118 titudinem
886 3071 1098 3134 spectat
1134 3063 1337 3119 habere
1369 3062 1536 3134 pedes
1565 3070 1712 3126 octo.
1740 3075 1806 3116 ex
1841 3073 1953 3130 quo
2005 3055 2144 3111 liunt

568 3153 763 3223 pedum
802 3161 1040 3222 quatuor
1067 3152 1278 3209 millia:
1332 3153 1516 3224 itaque
1556 3151 1824 3223 quadrata
1877 3148 1933 3202 in
1968 3145 2145 3201 forma

567 3249 793 3312 propter
833 3241 1228 3313 longitudinem
1254 3242 1402 3297 mille
1428 3241 1872 3312 octingentorum
1923 3237 2145 3307 pedum,

567 3341 622 3388 et
643 3339 866 3403 prepter
895 3332 1238 3389 latitudinem
1259 3341 1498 3404 quatuor
1526 3330 1676 3387 mille
1701 3329 1920 3401 pedum,
1946 3331 2154 3399 Septin-

569 3430 744 3493 gentm
772 3421 963 3493 viginti
991 3423 1269 3493 myriades
1305 3423 1507 3494 pedum
1567 3422 1938 3491 integrorum:
1976 3420 2152 3472 ambi-

569 3520 660 3569 tus
693 3519 874 3568 autem
913 3519 1267 3568 externorum
1301 3510 1499 3584 pedum
1531 3512 1740 3566 circum
1801 3525 1896 3581 per
1949 3508 2148 3573 latera,

572 3605 828 3660 undecim
873 3605 1042 3662 millia
1081 3606 1330 3663 sexcenti
1359 3605 1548 3677 pedes.
1583 3605 1648 3660 Et
1671 3603 1900 3675 quando
1922 3617 2018 3657 sex
2051 3616 2147 3671 pe-

571 3699 669 3756 des
710 3698 916 3756 l‘aciunt
945 3701 1152 3768 ulnam,
1202 3707 1423 3757 centum
1449 3700 1595 3755 ulnae
1640 3697 1856 3753 faciunt
1892 3694 2153 3758 stadium,

572 3799 782 3860 septem
817 3790 991 3847 stadia
1026 3801 1081 3848 et
1124 3791 1410 3848 dimidium
1445 3789 1656 3847 faciunt
1691 3789 1946 3855 milliare,
1980 3788 2156 3844 conli-

573 3885 718 3939 rilu'r
778 3884 1019 3941 ambitus
1057 3886 1352 3942 universus
1404 3884 1661 3940 undecim
1697 3883 1867 3940 millia
1910 3880 2154 3939 sexcenti

574 3975 762 4046 pedes,
787 3975 898 4031 duo
927 3976 1183 4031 milliaria
1212 3983 1268 4031 et
1290 3977 1531 4033 sexcenti
1558 3990 1770 4046 passus.
1807 3974 1919 4030 Hac
1992 3973 2160 4044 igitur

575 4069 753 4124 forma
791 4071 1086 4140 capiuntur
1117 4078 1364 4126 trecenta
1397 4069 1565 4124 millia
1604 4069 1917 4132 hominum,
1952 4068 1998 4123 si
2037 4081 2158 4137 per-

577 4162 720 4220 fecte
746 4164 1137 4220 addensentur.
1170 4161 1268 4219 Sin
1312 4164 1556 4219 rariores
1601 4162 1830 4228 l‘uerint,
1860 4178 1927 4218 ex
1971 4160 2160 4218 densi-

577 4256 708 4311 tatis
751 4256 965 4312 ratione
996 4255 1237 4311 raritatis
1260 4256 1603 4310 intervallum
1652 4254 2017 4327 reputandum
2053 4258 2159 4319 est,

578 4359 745 4417 atque
801 4345 940 4401 adeo
1001 4361 1065 4402 ex
1118 4345 1226 4401 loci
1276 4343 1455 4417 spatio
1502 4343 1910 4400 multitudinem
1972 4342 2158 4414 populi

579 4439 1034 4497 animadvertere.

611 846 704 902 87.
737 846 913 918 Atque
959 847 1074 903 haec
1107 847 1329 919 quidem
1353 847 1420 904 de
1447 846 1880 911 incursionibus,
1917 848 2030 904 sive
2058 855 2114 903 tu

543 939 596 991 in
628 935 881 993 hostilem
936 945 1138 992 terram
1195 937 1486 1008 irruperis,
1552 938 1670 993 sive
1724 939 1913 994 hostes
1970 948 2116 993 tuam

543 1032 829 1098 invadant,
894 1033 1035 1090 satis
1077 1034 1236 1090 nobis
1268 1033 1471 1089 dictum
1517 1033 1610 1091 sit.
1647 1031 1806 1088 Nunc
1860 1034 1965 1089 alia
1995 1049 2116 1106 qua:

545 1125 614 1217 ad
671 1125 922 1217 milit‘iam
992 1129 1288 1196 pertinent,
1345 1126 1669 1196 explicanda
1733 1135 1885 1192 sunt,
1955 1137 2121 1198 atque

547 1212 652 1267 hoc
716 1212 772 1267 in
796 1211 1042 1283 "primis,
1095 1211 1556 1282 quemadmodum
1627 1213 2003 1282 speculatores
2063 1212 2120 1268 in

549 1307 802 1364 hostilem
834 1313 1033 1364 terram
1080 1308 1394 1375 immittere,
1437 1317 1490 1364 et
1528 1307 1989 1378 quemadmodum
2025 1307 2126 1363 ho-

548 1401 712 1456 stium
766 1400 1139 1472 speculatores
1194 1400 1248 1455 in
1297 1402 1541 1457 exercitu
1605 1414 1793 1458 nostro
1831 1399 1972 1458 clam
2006 1401 2096 1457 la-

550 1501 729 1550 tentes
785 1496 1074 1564 exquirere
1105 1509 1419 1564 possumus.

619 1586 708 1642 88.
740 1585 977 1643 Omnino
1020 1588 1116 1644 tibi
1170 1588 1407 1644 hostium
1484 1589 1655 1658 copiae
1707 1597 1976 1658 quantum
2033 1602 2128 1659 po-

2241 2159 2438 2231 6>.ητον
2469 2154 2781 2224 εἰσάγουσιν
2830 2149 3036 2220 πλάνην
3070 2150 3182 2211 τοῖς
3212 2146 3399 2210 ἁπλῶς
3441 2145 3538 2198 καὶ
3581 2142 3834 2210 ἀπείρως

2239 2247 2596 2307 κατανοοῦσιν
2625 2246 2782 2302 αὐτά.
2812 2243 2925 2298 Καὶ
2945 2245 3025 2298 ὅτι
3057 2241 3085 2296 δ
3108 2241 3251 2311 λέγω
3273 2240 3383 2312 (46)
3407 2237 3610 2310 ἀληθές
3660 2239 3832 2296 ἔστιν,

2245 2343 2590 2418 μαρτυρήσει
2614 2341 2753 2411 τάχα
2791 2337 2902 2410 (47)
2931 2339 2996 2408 τῇ
3028 2333 3234 2406 θεωρίᾳ
3262 2334 3289 2388 ὁ
3319 2331 3531 2405 μέλλων
3562 2327 3832 2401 λεχθῆναι

2240 2437 2464 2511 τρόπος.

2314 2531 2424 2586 πθ’.
2485 2526 2718 2582 ’Υπόθου
2765 2525 2875 2596 γάρ
2927 2521 3239 2588 ἑξακοσίους
3294 2513 3701 2587 καὸαλλαρίους
3752 2512 3834 2574 είς

2247 2625 2424 2698 μῆκος
2455 2622 2549 2676 ἐπὶ
2579 2618 2957 2683 πεντακοσίοις
3005 2619 3084 2680 είς
3120 2615 3320 2677 πλάτος
3345 2609 3646 2684 τάσσεσθαι
3683 2607 3796 2678 (48)
3819 2645 3834 2668 ,

2241 2721 2271 2776 ὃ
2299 2720 2509 2790 γίνεται
2541 2715 2839 2788 τριάκοντα
2870 2709 3154 2784 μυριάδες,
3200 2709 3368 2779 ἤγουν
3398 2699 3722 2775 τριακόσιαι
3754 2718 3838 2770 χι-

2242 2813 2424 2878 λιάδες
2467 2807 2870 2880 καϐαλλαρίων.
2927 2804 3192 2858 Ἑκάστου
3242 2799 3300 2854 δὲ
3335 2800 3505 2852 ἵππου
3538 2797 3620 2858 είς
3672 2793 3840 2847 τόπον

2244 2905 2584 2977 τασσομένου
2629 2899 2961 2976 κρατοῦντος
3009 2897 3176 2959 πόδας
3219 2895 3368 2965 τρεῖς
3415 2889 3559 2946 κατὰ
3590 2887 3842 2950 πλάτος,

2243 3003 2484 3072 γίνονται
2512 2997 2669 3061 πόδες
2698 2995 2855 3066 χίλιοι
2886 2990 3217 3046 ὀκτακόσιοι·
3251 2987 3347 3043 καὶ
3383 2985 3615 3040 ἑκάστου
3652 2983 3839 3034 ἵππου

2247 3096 2303 3150 ὲν
2350 3093 2427 3163 τῷ
2471 3089 2624 3163 βάθει
2669 3085 3005 3158 τασσομένου
3055 3082 3387 3154 κρατοῦντος
3435 3077 3601 3140 πόδας
3652 3072 3847 3133 ὀκτὼ,

2175 3201 2216 3261 c
2248 3187 2489 3256 γίνονται
2515 3182 2675 3245 πόδες
2699 3177 3150 3253 τετρακισχίλιοι,
3199 3172 3340 3229 ὥστε
3374 3167 3621 3240 γίνεσθαι
3661 3168 3726 3220 ὲν
3759 3183 3848 3219 τεο

2251 3272 2582 3346 τραπλεύρῳ
2638 3273 2880 3343 σχήματι
2934 3268 3040 3323 ὑπὸ
3089 3264 3183 3321 τοῦ
3238 3265 3449 3335 μήκους
3491 3259 3602 3313 τῶν
3648 3257 3848 3328 χιλίων

2253 3366 2610 3429 ὀκτακοσίων,
2648 3365 2744 3420 καὶ
2762 3362 2857 3418 τοῦ
2889 3361 3087 3434 βάθους
3118 3360 3227 3414 τῶν
3255 3351 3713 3427 τετρακισχιλίων
3747 3366 3849 3413 ποτ

2252 3463 2382 3530 δῶν,
2423 3459 2756 3524 ἑπτακοσίας
2807 3457 2984 3512 εἴκοσι
3038 3452 3310 3526 μυριάδας
3345 3449 3514 3517 πόδας
3559 3444 3842 3516 στερεούς·

2254 3560 2287 3630 ἡ
2320 3558 2377 3612 δὲ
2405 3556 2736 3627 περίμετρος
2783 3552 2952 3624 μόνης
2985 3546 3309 3621 ἐπιφανείας
3356 3541 3555 3608 ἔξωθεν
3606 3538 3698 3593 διὰ
3739 3536 3847 3591 τῶν

2253 3653 2534 3723 τεσσάρων
2565 3648 2840 3719 πλευρῶν,
2879 3646 3118 3717 γίνονται
3145 3641 3304 3704 πόδες
3337 3637 3522 3710 μύριοι
3553 3633 3652 3690 καὶ
3680 3632 3847 3704 χίλιοι

2255 3744 2552 3812 ἑξακόσιοι,
2572 3741 2668 3796 καὶ
2696 3738 2884 3808 ἐπειδὴ
2905 3738 2962 3791 δὲ
2987 3739 3034 3790 οἱ
3065 3733 3125 3800 ἒξ
3150 3732 3310 3795 πόδες
3336 3726 3582 3784 ποιοῦσιν
3611 3723 3848 3796 ὀργυιὰν

2260 3838 2414 3909 μίαν,
2448 3837 2501 3890 αἱ
2530 3836 2587 3889 δὲ
2621 3831 2814 3887 ἑκατὸν
2842 3829 3062 3900 ὀργυιαὶ
3094 3824 3306 3891 ποιοῦσι
3339 3821 3555 3876 στάδιον
3585 3816 3666 3882 ἓν,
3694 3815 3767 3869 τά
3790 3814 3848 3869 δὲ

2259 3930 2400 3984 ἑπτὰ
2435 3930 2527 3983 καὶ
2551 3929 2722 4000 ἥμισυ
2762 3925 2954 3978 στάδια
2985 3919 3201 3976 ποιοῦσι
3235 3917 3409 3988 μίλιον
3440 3914 3521 3974 ἓν,
3550 3911 3849 3974 συνάγεται

2258 4023 2291 4093 ἡ
2333 4019 2664 4092 περίμετρος
2704 4019 2886 4078 πᾶσα,
2924 4015 3042 4086 ἤτοι
3075 4015 3122 4066 oi
3160 4010 3345 4080 μύριοι
3398 4006 3494 4061 καὶ
3540 4004 3700 4076 χίλιοι
3752 4002 3851 4054 καὶ

2260 4115 2530 4179 ἑξακόσιοι
2556 4113 2715 4174 πόδες
2738 4112 2816 4174 είς
2847 4109 2998 4178 μίλια
3025 4106 3118 4160 δύο
3145 4105 3317 4175 ἣμισυ
3344 4100 3568 4154 δέκατον
3592 4098 3846 4164 ἔγγιστα.

2274 4208 2363 4261 Ἐν
2418 4203 2593 4275 τούτῳ
2650 4198 2743 4256 οὖν
2788 4199 2864 4270 τῷ
2912 4197 3241 4268 διαστήματι
3297 4193 3392 4246 καὶ
3449 4190 3688 4261 σχήματι
3739 4203 3850 4255 χω-

2266 4299 2483 4374 ροῦνται
2544 4297 2598 4351 αί
2649 4293 2943 4366 τριάκοντα
2991 4287 3255 4360 μυριάδες
3301 4283 3410 4336 τῶν
3463 4276 3848 4345 καόαλλαρίων

2263 4372 2406 4448 κατὰ
2444 4390 2654 4444 τελείαν
2689 4387 2989 4440 πύκνωσιν.
3036 4383 3098 4436 Ei.
3127 4381 3183 4434 δὲ
3229 4372 3840 4450 ἀραιότεροιίστανται,

2264 4490 2326 4542 ἐκ
2362 4488 2462 4556 τῆς
2509 4482 2843 4542 πυκνώσεως
2893 4473 3299 4545 ἐπιλογίζεσθαι
3353 4470 3432 4524 δεῖ
3475 4467 3575 4538 τὴν
3619 4462 3850 4519 ἐνοῦσαν

2195 4577 2236 4630 1)
2267 4579 2585 4650 ἀραιότητα,
2622 4573 2716 4628 καὶ
2766 4571 2938 4632 οὕτως
2978 4567 3309 4639 συμϐάλλειν
3343 4564 3407 4617 ἐκ
3453 4561 3547 4616 τοῦ
3580 4556 3848 4631 μεγέθους

2267 4672 2362 4726 τοῦ
2397 4672 2562 4724 τόπου
2590 4670 2650 4723 τὸ
2687 4665 2851 4720 ποσὸν
2879 4662 2972 4718 τοῦ
3007 4660 3163 4716 λαοῦ.

653 4758 743 4814 90.
786 4759 1050 4814 Trecenta
1101 4757 1216 4812 haec
1265 4755 1436 4811 millia
1496 4752 1777 4809 hominum
1813 4752 1867 4807 in
1921 4751 2138 4822 simplic

2342 4763 2412 4828 ιζ.
2448 4759 2696 4830 Τάξομεν
2725 4758 2781 4810 δὲ
2809 4756 2907 4817 τὰς
2931 4753 3225 4824 τριάκοντα
3259 4747 3524 4819 μυριάδας
3558 4745 3723 4815 ἤγουν
3747 4740 3850 4804 τὰς

584 4858 919 4923 extentoque
982 4849 1350 4905 contubernio
1405 4849 1768 4902 instrue-mus.
1819 4844 2141 4916 Unoquoqm

2271 4853 2588 4926 τριακοσίας
2617 4849 2862 4922 χιλιάδας
2887 4846 2980 4900 ἐπὶ
3012 4845 3188 4917 ἁπλῆς
3222 4843 3382 4904 ἁκίας
3415 4839 3510 4893 καὶ
3549 4834 3847 4902 ἐκτεταμέ-

585 4961 729 5015 cquo
765 4947 817 5001 in
846 4945 1244 5015 longitudinem
1285 4942 1421 4997 aciei
1478 4942 1770 5006 instructo,
1803 4939 1936 4994 liunt
1962 4940 2141 5010 peduu

2272 4965 2388 5019 νης.
2433 4946 2694 5000 Έκάστου
2734 4943 2790 4996 δὲ
2836 4944 3002 4997 ἵππου
3038 4940 3118 5003 εἰς
3163 4936 3336 5010 μῆκος
3375 4930 3713 5000 τασσομένου
3749 4926 3853 4995 τῆς

586 5050 862 5111 nongenta
886 5039 1075 5104 millia,
1109 5053 1229 5108 quae
1290 5037 1344 5091 in
1397 5034 1665 5090 directqu
1709 5033 2000 5104 producta,
2055 5033 2141 5086 dllt

2271 5039 2633 5111 παρατάξεως
2663 5035 2992 5108 κρατοῦντος
3012 5075 3027 5098 ,
3053 5032 3127 5094 ὡς
3178 5028 3416 5098 εἴρηται,
3473 5024 3637 5085 πόδας
3669 5021 3851 5090 τρεῖς,

591 5135 759 5190 millia
794 5148 1054 5205 passuum
1076 5133 1228 5201 juxta
1260 5129 1513 5202 perlectze
1538 5127 1876 5183 deusationis
1897 5127 2141 5181 rationeu

2266 5135 2503 5203 γίνονται
2540 5132 2700 5194 πόδες
2734 5130 2993 5202 μυριάδες
3043 5125 3384 5196 ἐνενὴκοντα,
3413 5119 3461 5174 οἶ
3495 5115 3705 5172 ποιοῦσι
3731 5113 3850 5166 διάο

592 5204 820 5288 faciunt.
848 5226 1001 5295 Quod
1061 5227 1109 5282 si
1162 5223 1396 5295 dispersi
1448 5222 1812 5292 dissipatique
1864 5219 2141 5276 ambulent

2269 5242 2455 5297 στημα
2490 5226 2577 5280 ἐπ’
2617 5225 2836 5287 εὐθείας
2884 5222 3038 5293 μίλια
3081 5217 3330 5273 διακόσια
3379 5213 3630 5282 ἔγγιστα,
3677 5204 3856 5260 ταῦτα

593 5299 948 5394 multiplicem
995 5322 1156 5392 longe
1207 5301 1381 5388 magis
1433 5316 1535 5370 hoc
1582 5317 1704 5371 loco
1759 5315 1933 5371 locum
1986 5313 2135 5384 possi

2279 5322 2396 5392 μὲν,
2428 5322 2503 5384 ὡς
2537 5319 2768 5391 εἴρηται,
2802 5316 2944 5370 κατὰ
2972 5312 3184 5384 τελείαν
3231 5309 3528 5362 πύκνωσιν.
3577 5303 3640 5358 El
3673 5300 3728 5354 δὲ
3768 5299 3854 5352 δι-

592 5419 722 5472 dent
753 5435 764 5468 :
807 5417 1072 5486 longeque
1104 5413 1286 5479 plures
1318 5409 1575 5465 videntur
1603 5424 1748 5474 esse,
1781 5422 1904 5463 cum
1931 5406 2141 5479 dispers

2279 5411 2668 5480 εσκεδασμένοι
2692 5410 2787 5463 καὶ
2813 5404 3232 5479 ἐσκορπισμὲνοι
3256 5392 3856 5466 κινοῦνται,όμολογοὺο

594 5517 742 5575 sunt,
772 5523 936 5579 quam
979 5507 1025 5562 si
1057 5504 1304 5560 ordinem
1340 5501 1749 5572 stationemque
1793 5514 1948 5556 suam
1980 5515 2139 5556 serva

2286 5504 2444 5575 μενόν
2480 5505 2626 5557 ἐστιν
2650 5545 2664 5571 ,
2693 5503 2772 5556 ὅτι
2807 5496 3241 5554 πολλαπλασίονα
3278 5493 3372 5548 τοῦ
3421 5491 3620 5564 μέτρου
3661 5486 3853 5540 τούτου

2110 5667 2345 5725 NOTAE.

671 5809 780 5879 (16)
818 5808 999 5877 Λέγω.
1033 5807 1405 5872 Scrihehulur,
1439 5805 1632 5879 λέγων.

2353 5804 2461 5877 (48)
2499 5804 2856 5860 Τάσσεσθαι.
2893 5796 3269 5861 Scribebatur,
3304 5790 3372 5845 τὰ
3401 5785 3710 5842 σέσσεσθαι.

673 5877 786 5955 (47)
831 5881 1007 5951 Τάχα.
1034 5879 1406 5941 Seribehatur,
1439 5877 1598 5948 τύχα.

3977 533 3993 702 H

3991 443 3993 486 l

3984 497 3993 793 ί
