4040 6298
211 298 314 363 937

1234 303 1568 365 TACTICA.
1609 329 1675 339 -
1716 304 2217 369 CONSTITUTIO
2255 306 2435 367 XVII.

3345 304 3453 367 938

214 409 502 481 κατέχουσι
535 409 717 475 τόπον,
748 410 840 464 καὶ
872 410 1114 477 πλείονες
1139 412 1243 466 τῶν
1270 414 1327 465 ὲν
1356 416 1421 485 τῇ
1442 413 1591 479 τάξει
1616 414 1783 468 ἑστώ-

1904 422 2026 470 'ent.
2059 415 2155 472 Sin
2204 419 2259 471 in
2309 415 2517 471 deflexo
2547 412 2780 488 quodam
2837 411 2957 467 loco
2994 410 3455 483 eminentioreque

211 516 322 554 των
363 499 439 570 τῷ
483 500 746 571 ὀφθαλμῷ
794 501 1211 557 ὑποπίπτουσιν.
1266 504 1327 557 Ei
1377 504 1433 559 δὲ
1482 506 1540 558 ὲν
1573 506 1786 579 πλαγίῳ

214 592 363 662 τόπῳ
387 592 481 647 καὶ
508 593 821 665 ὑψηλοτέρῳ
844 594 1259 665 περιπατοῦσιν,
1288 595 1369 650 ἔτι
1394 597 1575 651 πλέον.

284 689 391 752 ιιαν.
422 686 513 738 Διδ
540 686 697 739 καὶοὶ
726 685 1038 757 βουλόμενοι
1065 687 1292 759 στρατὸν
1316 687 1403 742 διὰ
1432 690 1641 761 κόμπον
1667 689 1787 746 τινὰ

214 778 512 844 ὑποδεῖξαι,
540 778 573 850 ἢ
595 779 689 832 ἐπὶ
714 779 1037 851 λεπτοτέρου
1065 779 1259 850 βάθους
1283 782 1573 837 τάσσουσιν
1603 784 1784 848 αὑτὸν,

213 868 247 939 ἢ
279 870 575 940 κεχυμένον
608 869 867 941 μηκόθεν,
893 870 927 942 ἦ
950 870 1395 941 διεσκεδασμένου
1422 872 1515 927 καὶ
1530 871 1790 944 διεσπαρ-

216 959 396 1031 μένον.
426 961 487 1015 Οἱ
520 959 577 1014 δὲ
610 960 955 1033 παλαιότεροι
983 960 1092 1014 τῶν
1122 960 1399 1015 τακτικῶν
1430 960 1527 1034 τὴν
1558 960 1787 1033 πεζικὴν

212 1051 388 1121 τάξιν,
426 1052 553 1106 όταν
591 1052 690 1125 μέν
732 1053 850 1107 ἐστι
890 1053 1232 1124 τεταγμένη,
1276 1056 1546 1124 τέσσάρας
1598 1056 1793 1125 πήχεις

217 1144 409 1198 ἱστῶσι
436 1145 527 1199 τὸν
552 1143 647 1199 ἕνα
676 1144 845 1217 ἀνδρα
869 1146 1140 1217 κατέχειν.
1172 1145 1343 1201 Ὀταν
1367 1146 1423 1200 δέ
1458 1146 1575 1200 ἐστι
1609 1164 1791 1201 πεπυ-

216 1235 497 1308 κνωμένη,
526 1236 605 1301 είς
631 1236 723 1291 δύο
758 1237 975 1309 πήχειςο
1004 1236 1131 1291 ὅταν
1162 1236 1217 1291 δὲ
1250 1238 1391 1291 κατά
1417 1241 1793 1309 συνασπισμὸν

215 1324 277 1378 ἑν
310 1325 616 1396 παρατάξει
646 1327 822 1397 πῆχυν
855 1327 954 1381 ἕνα
995 1325 1247 1397 κατέχειν
1285 1327 1376 1381 τὸν
1416 1327 1791 1400 στρατιώτην,

215 1415 358 1470 ὥστε
388 1418 481 1471 καὶ
510 1421 573 1473 ὲκ
596 1419 789 1473 τούτου
817 1410 911 1473 τοῦ
941 1419 1142 1491 μέτρου
1173 1419 1265 1473 τὸν
1296 1419 1500 1491 ἀκριΰῆ
1526 1422 1794 1476 σκουλκά·

215 1523 354 1579 τορα
387 1507 799 1577 ἀναλογίζεσθαι
832 1510 937 1563 ἀπὸ
958 1509 1122 1563 αὑτοῦ
1150 1509 1247 1564 τοῦ
1267 1496 1595 1582 μήκουςτοῦ
1627 1513 1791 1568 τόπου

190 1586 195 1590 ’
216 1601 280 1654 οὐ
300 1602 460 1673 μόνον
478 1602 584 1657 τῶν
600 1601 999 1674 καδαλλαρίων,
1019 1602 1155 1658 ἀλλὰ
1177 1603 1271 1659 καὶ
1285 1604 1465 1670 πεζῶν
1486 1605 1546 1659 τδ
1566 1605 1791 1678 πλῆθος.

1889 508 2169 575 incedant,
2218 510 2374 582 longe
2410 508 2591 580 plures
2624 522 2744 563 esse
2774 512 3057 582 putantur.

1959 689 2046 745 9f.
2080 688 2265 761 Itaque
2304 689 2399 759 qui
2442 688 2509 743 ad
2540 685 2780 757 speciem
2814 684 3053 753 aliquam
3086 696 3453 754 pompamque

1887 782 2163 839 exercitus
2192 781 2591 844 demonstrant,
2622 777 2705 834 vel
2725 777 2973 832 tenuiore
3014 790 3137 831 eum
3168 774 3458 829 altitudine

1890 871 2169 927 instruunt
2191 884 2335 937 eum,
2373 870 2458 926 vel
2510 869 2725 923 eminus
2773 866 2952 923 fusum
3018 866 3457 935 dispersumqne.
3570 890 3577 899 -

1892 961 2244 1033 Antiquiores
2289 968 2468 1014 autem
2501 959 2578 1014 rei
2634 958 2888 1029 militaris
2945 955 3102 1027 periti
3150 954 3457 1025 pedestrem

1892 1056 2085 1123 aciem,
2138 1053 2360 1125 quando
2394 1053 2664 1109 instructa
2709 1060 2814 1119 est,
2856 1058 3093 1122 quatuor
3146 1048 3458 1103 cubitorum

1895 1147 2185 1217 unicuique
2238 1146 2357 1201 viro
2405 1144 2643 1214 spatium
2703 1143 2928 1198 dabant.
2981 1141 3082 1198 Ubi
3125 1139 3461 1195 densabatur

1894 1237 2082 1299 acies,
2116 1234 2347 1289 duorum
2401 1233 2711 1290 cubitorum
2760 1232 2998 1302 spatium
3047 1230 3360 1285 tribuebant
3404 1230 3457 1285 in

1895 1328 2136 1400 perfecta
2163 1326 2547 1398 aggregatione
2599 1326 2855 1392 militum,
2893 1334 2952 1380 ut
2985 1326 3229 1380 cubitum
3292 1338 3459 1379 unum

1896 1424 2117 1479 haberet
2144 1422 2557 1492 unusquisque:
2598 1436 2706 1491 qua
2740 1438 2805 1478 ex
2856 1435 3116 1477 mensura
3163 1422 3463 1490 unusquis-

1893 1530 2000 1587 que
2030 1514 2209 1569 bonus
2232 1512 2565 1584 speculator,
2598 1522 2654 1568 et
2683 1528 2749 1567 ex
2791 1513 2969 1582 spatio
3024 1511 3154 1576 loci,
3191 1508 3349 1566 facile
3379 1526 3465 1565 re-

1895 1607 2110 1682 putabit
2140 1623 2251 1664 non
2296 1607 2455 1664 modo
2484 1606 2757 1678 equitum,
2794 1621 2987 1666 verum
3022 1607 3184 1661 etiam
3220 1604 3461 1677 peditum

1899 1716 2212 1758 numerum.

291 1784 400 1856 ιιβν.
434 1785 717 1857 Τοσαύτης
749 1785 927 1841 τοίνυν
958 1786 1218 1859 διαφορᾶς
1250 1787 1416 1859 οὔσης
1468 1789 1547 1854 εἷς
1589 1808 1648 1845 τε
1692 1792 1789 1856 τὰς

1960 1794 2049 1849 92.
2080 1793 2217 1849 Cum
2252 1793 2416 1866 igitur
2460 1800 2606 1848 tanta
2647 1793 2719 1850 sit
2752 1791 3059 1848 differentia
3108 1792 3163 1847 in
3217 1790 3334 1849 acie
3374 1789 3464 1845 in-

219 1878 404 1943 τάξεις
432 1878 526 1930 καὶ
551 1878 630 1940 είς
655 1877 724 1931 τά
756 1878 1033 1950 σχήματα,
1069 1879 1128 1931 οὐ
1162 1878 1279 1934 δέον
1311 1897 1391 1947 σε,
1423 1873 1466 1935 ὧ
1498 1881 1791 1953 στρατηγέ,

219 1969 301 2032 είς
335 1968 599 2038 ἀπείρους
625 1967 733 2022 τῶν
757 1969 1011 2023 τοιούτων
1038 1968 1356 2042 ἀνθρώπους
1383 1973 1480 2037 τὰς
1506 1972 1794 2039 σκούλκας,

220 2059 340 2128 ἢτοι
372 2057 472 2123 τάς
510 2058 600 2113 διὰ
634 2059 741 2114 τῶν
780 2060 1147 2117 κατασκόπων
1187 2061 1297 2116 τῶν
1340 2063 1449 2119 σῶν
1494 2063 1796 2136 διακρίσεις

188 2215 195 2222 ν
221 2150 663 2217 καταπιστεύειν,
697 2152 729 2223 ή
756 2152 856 2215 τὰς
883 2153 1011 2225 περὶ
1034 2154 1239 2209 τούτων
1263 2155 1455 2227 βίγλας
1474 2196 1489 2221 ,
1520 2157 1655 2229 μηδὲ
1686 2162 1796 2224 τοῖς

221 2242 355 2315 παρ’
384 2242 583 2309 αὐτῶν,
611 2244 686 2308 ὡς
716 2245 925 2317 ἔτυχεν,
960 2246 1271 2319 λεγομένοις
1294 2250 1603 2318 πιστεύειν.ζ
1622 2252 1793 2305 Ἀνεί-

222 2351 425 2388 καστον
462 2337 571 2407 γάρ
614 2336 762 2391 ἐστιν
802 2340 917 2402 τοῖς
960 2337 1210 2405 πολλοῖς,
1254 2341 1349 2395 καὶ
1389 2342 1793 2415 ἀκατανόητον,

221 2426 337 2514 εἴγε
358 2425 500 2501 ὑπὲρ
520 2430 617 2494 τάς
644 2429 818 2483 εἴκοσι
848 2430 881 2502 ἢ
915 2432 1208 2502 τριάκοντα
1237 2433 1478 2504 χιλιάδας
1534 2436 1673 2501 ἐστὶ,
1701 2436 1799 2490 καὶ

226 2517 459 2589 μάλιστα
490 2519 583 2574 ἐπὶ
619 2520 808 2590 ἐθνῶν,
857 2521 1052 2588 οἵτινες
1083 2523 1309 2589 πολλοὺς
1370 2525 1567 2590 ἵππους
1604 2528 1798 2581 ἐπισύ-

225 2627 441 2681 ρονται,
475 2610 663 2684 διόπερ
702 2614 991 2687 ἐμπείροις
1024 2616 1251 2687 ἀνδράσι
1296 2605 1367 2672 τά
1412 2616 1638 2673 τοιαῦτα
1691 2622 1797 2693 χρὴ

226 2700 670 2757 καταπιστεύειν.

296 2790 405 2859 κγ’.
431 2792 583 2865 Μηδὲ
634 2795 939 2868 προχείρως
963 2798 1171 2865 ἀγωνία
1192 2799 1284 2853 ἐπὶ
1312 2802 1431 2866 ταῖς
1450 2800 1673 2866 λεπταῖς
1703 2802 1797 2857 καὶ

230 2879 468 2951 μακραῖς
499 2884 842 2952 παρατάξεσι
877 2885 966 2940 διὰ
1006 2889 1247 2964 πλήθους
1272 2890 1558 2945 ὑπόνοιανο
1597 2894 1646 2945 εἰ
1686 2893 1794 2966 γάρ

227 2974 304 3042 μή
338 2973 479 3027 είσιν
523 2974 798 3045 ἀναλόγως
846 2978 1065 3049 ἔχουσαι
1118 2981 1179 3034 τὸ
1218 2981 1382 3052 βάθος
1418 2985 1584 3055 μέγα,
1630 2986 1796 3040 ποσὸν

1898 1888 2186 1953 struenda,
2225 1898 2391 1959 atque
2418 1888 2473 1943 in
2504 1886 2678 1943 forma
2716 1886 3014 1951 exercitus,
3044 1885 3268 1941 minime
3295 1885 3467 1955 impec

1896 1982 2019 2037 ritis
2065 1982 2311 2038 excubiis
2340 1981 2888 2052 speculatoribusque
2926 1988 3023 2033 aut
3075 1978 3317 2034 fortuitis
3341 1976 3465 2049 qui-

1896 2069 2128 2126 busdam
2169 2070 2490 2128 hominibus
2547 2069 2684 2127 tides
2709 2069 3018 2126 adhibenda
3068 2077 3152 2126 est
3194 2068 3465 2124 :minime

1896 2165 2041 2219 enim
2072 2164 2176 2219 hoc
2208 2164 2413 2234 percipi
2442 2163 2624 2233 vulgo,
2648 2161 3155 2234 comprehendique
3186 2176 3213 2216 a
3233 2158 3463 2231 plebeiis

1895 2265 2097 2327 potest,
2125 2256 2284 2327 idque
2308 2257 2628 2328 prmsertim,
2672 2257 2717 2312 si
2758 2272 2926 2327 supra
2965 2255 3200 2311 ducenta
3236 2261 3329 2309 aut
3357 2261 3464 2307 tre-

1898 2354 2057 2401 centa
2084 2346 2255 2401 millia
2283 2347 2567 2403 hominum
2595 2346 2820 2403 fuerint.
2849 2346 3095 2402 Ethnicae
3122 2346 3264 2401 enim
3289 2344 3465 2399 natio-

1897 2452 2013 2509 nes,
2038 2453 2206 2509 equos
2232 2454 2361 2497 suos
2406 2440 2711 2497 arctissime
2752 2440 2807 2494 in
2862 2442 2978 2497 acie
3011 2438 3330 2508 adjungunt.
3362 2432 3440 2490 Ita

1896 2548 2003 2605 que
2050 2532 2240 2603 peritis
2287 2532 2421 2590 viris
2470 2534 2563 2589 tali
2601 2533 2657 2588 in
2692 2515 2854 2590 causa
2885 2531 3219 2589 credendum
3258 2536 3363 2585 est.

1968 2797 2055 2852 95.
2084 2795 2161 2853 Ne
2186 2797 2351 2854 nimis
2401 2798 2807 2869 praecipitanter
2832 2799 3062 2855 dimices
3089 2798 3351 2857 adversus
3383 2810 3467 2855 te.

1899 2906 2034 2945 nues
2073 2891 2369 2960 longasque
2410 2892 2580 2958 acies,
2612 2901 2833 2961 propter
2868 2891 3184 2959 opinionem
3213 2890 3467 2945 multitu~

1899 2981 2045 3038 diuis
2082 3000 2095 3037 :
2133 2982 2387 3054 quamvis
2415 2984 2559 3037 enim
2612 2991 2762 3038 certa
2796 2982 3029 3053 quadam
3076 2998 3199 3037 cum
3242 2997 3469 3053 propor-

222 3064 328 3117 οὐκ
352 3063 584 3137 ἔχουσιν.
617 3065 727 3133 Τάς
748 3067 803 3121 δὲ
836 3067 1055 3139 βαθείας
1094 3071 1716 3147 πολυπραγμονείτωσαν
1745 3077 1793 3131 οἱ

1904 3074 2046 3131 tione
2065 3091 2176 3133 non
2213 3078 2537 3143 collocatur,
2598 3091 2775 3145 neque
2822 3075 3166 3132 altitudinem
3217 3090 3317 3147 pro
3368 3091 3471 3130 nu-

225 3158 588 3225 κατάσκοποι,
620 3162 665 3214 εί
690 3158 751 3215 τὸ
772 3162 988 3218 τοῦλδον
1019 3165 1379 3223 συντέτακται
1412 3170 1479 3238 τῇ
1500 3170 1803 3243 παρατάξει

1911 3182 2063 3222 mero
2117 3184 2219 3224 suo
2275 3168 2481 3239 justam
2548 3168 2784 3234 habent,
2843 3169 3215 3239 speculatores
3288 3176 3469 3223 tamen

224 3248 473 3319 ὄπισθεν,
504 3251 536 3324 ἢ
578 3252 729 3324 μόνοι
758 3253 976 3311 ὁπλῖται
1005 3258 1165 3312 εἰσιν.

302 3520 404 3590 ἥδ’.
456 3520 541 3576 Τὰ
593 3521 695 3596 μὶν
738 3523 833 3580 οὖν
881 3526 1014 3599 περὶ
1042 3526 1135 3583 τοῦ
1182 3526 1349 3585 ποσοῦ
1393 3531 1617 3590 δυνατόν
1663 3533 1812 3592 ἐστιν

223 3613 619 3687 ἀκριϐέστερον
636 3616 1001 3687 γινώσκεσθαι
1026 3620 1117 3674 διά
1143 3637 1202 3675 τε
1227 3619 1336 3677 τῶν
1357 3628 1813 3697 προσφευγόντων

228 3706 371 3777 πρὸς
399 3707 548 3777 ἡμᾶς
570 3748 585 3774 ,
617 3709 715 3790 καὶ
750 3709 839 3764 διά
876 3712 987 3767 τῶν
1024 3715 1413 3783 κρατουμένων
1465 3717 1676 3790 ἐχθρῶν
1698 3760 1713 3785 ,
1762 3720 1811 3773 εἰ

232 3799 469 3873 βουληθῇ
496 3801 552 3855 δέ
586 3784 669 3867 τις
708 3802 802 3857 καὶ
828 3803 919 3859 διά
951 3806 1188 3877 παρόδου
1230 3784 1577 3880 στενωτέρῶν
1604 3812 1808 3881 τόπων,

230 3892 318 3947 ἔτι
348 3894 460 3965 (49)
496 3893 554 3947 δὲ
589 3895 681 3949 καὶ
721 3894 809 3950 διὰ
838 3895 948 3951 τῶν
981 3897 1295 3969 ἀπλήκτων,
1327 3902 1375 3955 εί
1404 3900 1588 3973 συμϐῇ
1614 3902 1814 3967 αὐτοὺς

230 3987 532 4058 ἡνωμένως
567 3986 907 4045 ἀπλικεύειν.

308 4083 411 4147 ιβ’.
444 4078 573 4135 Ἐἀν
600 4080 655 4134 δὲ
680 4081 753 4153 μή
786 4083 933 4136 ἐστιν
963 4085 1236 4152 φοσσάτον
1260 4085 1470 4157 ἐχθρῶν
1497 4086 1553 4139 ὲν
1580 4088 1680 4157 μὲν
1701 4090 1816 4153 τοῖς

233 4172 593 4243 στενωτέροις
628 4174 816 4239 τόποις
857 4174 939 4228 δι’·
954 4176 1151 4245 ὀλίγων
1184 4177 1325 4231 κατά
1366 4178 1466 4244 τὰς
1490 4179 1601 4232 τῶν
1633 4181 1819 4235 τόπων

234 4262 417 4328 θέσεις
443 4264 599 4318 ποιοῦ
637 4264 736 4329 τὰς
766 4266 1055 4332 σκούλκας,
1096 4271 1175 4333 εἰς
1207 4269 1263 4332 δὲ
1296 4269 1423 4334 τοὺς
1452 4272 1689 4341 ὁμαλοὺς
1721 4274 1816 4327 καὶ

234 4356 477 4425 γυμνοὺς
517 4357 715 4421 τόπους
749 4358 807 4412 ὲν
834 4356 1118 4429 ’διαφόροις
1153 4361 1342 4432 μέρεσι
1371 4361 1483 4434 (50)
1515 4362 1604 4416 διά
1635 4364 1817 4417 πλειόο

237 4464 347 4502 νων
378 4446 534 4502 ποιοῦ
566 4449 663 4512 τὰς
704 4450 1001 4514 σκούλκας,
1043 4452 1137 4504 καὶ
1181 4454 1319 4508 κατά
1371 4454 1670 4525 συνέχειαν,
1719 4455 1815 4509 καὶ

238 4537 349 4591 ἀπὸ
376 4538 764 4609 διαστήματος,
797 4540 891 4593 καὶ
924 4512 1162 4611 μάλιστα
1204 4545 1282 4607 εἰς
1312 4544 1412 4608 τὰς
1434 4512 1669 4608 νύκτας,
1684 4548 1814 4603 ὅταν
1844 4512 1891 4572 D

238 4629 525 4700 εὐχέρειαν
552 4631 650 4702 ἔχῃ
684 4634 714 4685 ό
741 4632 935 4704 ἐχθρὸς
955 4634 1043 4687 διὰ
1073 4634 1165 4687 τοῦ
1198 4637 1363 4689 τόπου
1390 4632 1450 4692 οὗ
1474 4638 1541 4691 ἂν
1567 4638 1814 4709 βούλεται

240 4721 423 4776 λαθεῖν
476 4725 569 4778 καὶ¹
616 4725 969 4793 αῖφνιδιάσαι,
996 4729 1398 4798 προκανονίςων
1444 4732 1542 4795 τὰς
1592 4731 1809 4801 βίγλας,

242 4814 340 4868 ὲάν
367 4814 543 4884 ὀλίγαι
574 4816 701 4881 εἰσὶ,
745 4818 839 4872 καὶ
869 4819 955 4872 διὰ
982 4821 1139 4875 τοῦτο
1180 4821 1289 4873 ἀπὸ
1318 4821 1684 4894 διαστήματος
1717 4825 1817 4889 τὰς

244 4907 437 4978 βίγλας
463 4909 543 4961 δεῖ
572 4909 836 4977 γίνεσθαι,
868 4912 963 4963 καὶ
983 4911 1421 4983 ἀλλεπαλλήλους
1452 4915 1511 4965 ὲν
1540 4913 1818 4987 διαφόροις

242 5000 431 5064 τόποις
459 5003 571 5065 τοῖς
602 5002 924 5073 ἐπιτηδείοις
958 5003 1049 5057 καὶ
1081 5004 1293 5075 συχνῶς
1320 5004 1709 5063 ἀλλάσσεσθαι.

317 5176 431 5245 Aq’.
468 5178 640 5233 Γνῶθι
665 5180 721 5234 δὲ
748 5181 828 5234 ὅτι
851 5180 980 5236 ἴδιον
1004 5183 1272 5251 ἀρμοδίων
1294 5184 1656 5237 κατασκόπων
1681 5185 1819 5250 ἐστὶ,

246 5273 311 5326 τὺ
339 5275 601 5344 φρονήσει
652 5274 748 5328 καὶ
796 5276 1073 5347 ἀγρυπνία
1118 5276 1317 5341 τόπους
1348 5294 1409 5331 τε
1443 5276 1536 5331 καὶ
1578 5278 1822 5351 κινήσεις

249 5365 526 5435 πολεμίων
560 5370 945 5421 κατασκοπεῖν.

321 5457 430 5528 [ιζ’.
466 5459 604 5524 Τοὺς
650 5460 705 5514 δὲ
753 5461 1028 5526 τοιούτους
1072 5462 1283 5533 ἐλαφρᾷ
1327 5461 1538 5517 ὁπλίσει
1584 5462 1819 5534 χρῆσθαι

1910 3258 2203 3330 diligenter
2249 3260 2595 3314 altitudinem
2636 3256 2949 3329 exquirant,
3000 3267 3182 3315 utrum
3239 3259 3469 3329 impedi-

1912 3358 2093 3406 menta
2124 3354 2305 3406 omnia
2337 3336 2368 3405 a
2422 3361 2577 3422 tergo
2605 3350 2742 3405 aciei
2772 3353 3041 3408 collocata
3090 3351 3225 3419 sint,
3255 3366 3329 3405 an
3367 3350 3470 3406 soli

1913 3443 2107 3498 armati
2133 3445 2204 3500 ibi
2232 3444 2519 3500 constituti
2556 3444 2778 3500 fuerint.

1982 3536 2071 3591 οι.
2103 3537 2209 3591 [les
2269 3535 2509 3592 hostium
2545 3537 2642 3594 abs
2687 3544 2742 3591 te
2796 3535 2993 3591 melius
3047 3543 3472 3605 cognoscantur.

1911 3629 1995 3685 vel
2035 3645 2130 3699 per
2158 3644 2255 3685 eos
2293 3629 2387 3700 qui
2424 3629 2491 3683 ad
2525 3636 2578 3683 te
2623 3628 3001 3699 profugerunt,
3047 3628 3126 3683 vel
3165 3643 3261 3699 per
3292 3629 3476 3684 hostes

1912 3722 2004 3790 qui
2031 3721 2172 3791 capti
2206 3730 2354 3783 sunt,
2388 3720 2471 3775 vel
2498 3720 2545 3775 si
2573 3721 2698 3789 quis
2730 3721 2963 3776 voluerit
2984 3736 3081 3791 per
3115 3730 3474 3792 angustorum

1913 3812 2158 3867 locorum
2192 3811 2505 3877 transitum,
2535 3811 2622 3868 vel
2672 3813 2838 3869 etiam
2878 3828 2976 3883 per
3020 3822 3223 3879 castra,
3266 3813 3311 3869 si
3343 3829 3477 3869 con-

1914 3904 2087 3975 tingat
2114 3903 2237 3958 illos
2268 3919 2377 3959 uno
2410 3902 2465 3957 in
2496 3904 2618 3960 loco
2653 3917 2734 3959 ca~
2754 3919 2983 3974 ponere.

1982 4080 2071 4137 95.
2103 4081 2158 4135 Si
2182 4080 2422 4137 hostium
2450 4080 2718 4139 fossatum
2748 4082 2957 4137 nullum
2987 4080 3175 4147 fuerit,
3220 4083 3275 4139 in
3303 4098 3478 4156 angu-

1915 4174 2177 4231 stioribus
2204 4176 2337 4232 locis
2370 4192 2466 4246 pro
2496 4176 2739 4232 locorum
2762 4177 2869 4233 situ
2894 4192 3096 4246 paucos
3128 4176 3376 4232 homines
3408 4178 3476 4232 ad

1912 4268 2172 4323 excubias
2212 4269 2507 4325 collocahis
2552 4286 2565 4321 :
2611 4271 2695 4325 sin
2740 4269 2794 4323 in
2846 4269 3207 4339 aequabilibus
3242 4268 3477 4339 ‘exposi—

1915 4360 2095 4430 tisque
2129 4360 2262 4415 locis
2294 4362 2536 4416 diversas
2561 4361 2614 4415 in
2644 4370 2824 4431 partes
2853 4361 3273 4423 distribuantur,
3294 4359 3477 4429 plures

1919 4450 1983 4504 ad
2020 4449 2283 4505 excubias
2330 4448 2567 4516 emittes,
2607 4456 2719 4503 tuen
2753 4449 3040 4503 intervallo
3092 4449 3340 4504 locorum
3396 4447 3480 4503 di-

1918 4550 2146 4610 stantes,
2182 4550 2295 4595 tum
2342 4543 2601 4596 continue
2629 4557 2687 4597 se
2729 4549 2919 4596 mutuo
2949 4541 3328 4604 admonentes,
3384 4555 3482 4596 no-

1914 4641 2114 4704 ctuque
2136 4633 2503 4704 potissimum,
2535 4624 2751 4703 quando
2778 4631 2938 4687 facile
2961 4631 3134 4686 hostis
3160 4631 3359 4701 poterit
3387 4645 3482 4700 per

1913 4742 2037 4782 eum
2092 4726 2272 4781 locum
2305 4742 2460 4796 quem
2505 4726 2739 4781 voluerit
2779 4726 2919 4779 clam
2962 4723 3242 4796 progredi,
3275 4735 3329 4779 et
3376 4738 3479 4779 nec

1915 4819 2195 4889 opinatam
2250 4819 2619 4874 incursionem
2672 4818 2874 4874 facere.
2917 4817 3256 4889 Pus-parabis
3300 4825 3479 4873 autem

1915 4910 2198 4976 excubias,
2234 4920 2295 4965 ut
2320 4911 2571 4980 quamvis
2608 4925 2795 4980 pauca:
2826 4909 3047 4973 fuerint,
3080 4924 3174 4979 per
3198 4909 3479 4963 intervalla

1924 5010 2102 5056 tamen
2136 5003 2406 5065 locentur,
2440 5008 2496 5055 et
2524 5000 2759 5056 diversis
2790 5000 3112 5073 idoneisque
3161 5000 3215 5055 in
3260 4998 3397 5055 locis
3424 5014 3483 5054 sc

1920 5104 2115 5149 mutuo
2148 5093 2461 5163 frequenter
2491 5099 2849 5146 commutent.

1990 5186 2079 5242 96.
2148 5186 2424 5239 Bonorum
2472 5183 2878 5253 speculatorum
2934 5186 3039 5238 hoc
3087 5182 3321 5239 cilicium
3374 5190 3479 5243 est.

1920 5280 2205 5351 prudentia
2240 5287 2293 5333 et
2318 5277 2618 5350 vigilantia,
2640 5275 2754 5333 loca
2784 5286 3073 5349 metusque
3096 5278 3330 5335 hostium
3356 5291 3484 5347 pcr-

1927 5388 2175 5428 005081⁸8.

1996 5462 2177 5519 97.lli
2236 5461 2338 5518 levi
2392 5467 2555 5531 atque
2615 5460 2862 5529 expedita
2898 5472 3174 5517 armatura
3241 5467 3481 5526 utantur,

1755 5576 1987 5633 NOT.~E.

326 5664 443 5736 (49)
472 5666 621 5721 Ἔτι.
652 5664 864 5732 Scribe,
888 5667 1017 5723 εἴτε.

332 5736 444 5809 (50)
480 5739 786 5808 Atasccipotq
828 5738 1057 5809 μέρεσι.
1110 5739 1487 5810 Scribebalur,
1544 5742 1813 5812 διαφόρων
1852 5743 2091 5812 μέτρεσι.
