4040 6298
551 295 656 360 939

1807 290 2082 353 LEONIS
2117 288 2580 353 PHILOSOPHI

3688 283 3811 355 940

550 420 833 484 equosque
871 404 1108 463 habeant
1143 404 1368 473 celeres,
1396 413 1455 459 ut
1505 405 1621 461 sine
1658 405 1956 461 ollensione
2011 405 2112 459 ali-

2217 407 2356 472 δέον,
2383 405 2477 462 καὶ
2507 406 2707 468 ἵππους
2737 404 2880 475 ἔχειν
2918 402 3120 475 ταχεῖς,
3158 400 3237 467 είς
3276 400 3334 456 τὺ
3379 399 3805 474 ἀνεμποδίστως

552 514 660 570 qua
692 498 799 554 iter
824 495 1051 552 faciant.
1089 494 1473 566 Exploratores
1505 502 1686 550 autem
1717 497 1832 550 sive
1863 495 2116 567 specula-

553 597 705 646 tores
734 589 984 646 securius
1017 589 1069 642 in
1096 588 1334 643 hostium
1364 587 1538 658 copiis
1556 587 1865 658 castrisque
1895 602 2118 644 versen-

556 690 665 747 tur,
700 689 760 735 ut
790 681 1083 752 populares
1111 680 1332 736 illorum
1354 695 1478 736 esse
1503 679 1813 735 videantur.
1857 679 2118 734 Excubia:

553 782 734 829 autem
762 774 947 830 fideles
973 774 1104 840 sint,
1143 780 1198 830 et
1223 774 1448 828 robusta
1482 772 1735 844 corporis
1757 773 1963 843 specie,
1994 772 2115 827 ani-

555 881 645 921 mo
710 865 882 922 alacri
942 873 1108 936 atque
1161 865 1429 930 incitato,
1499 872 1777 920 armatura
1835 864 2116 935 splendida

554 959 720 1013 etiam
761 958 988 1030 reliquis
1044 957 1310 1015 militibus
1348 965 1639 1024 anteeant,
1694 968 1754 1012 ut
1804 958 1886 1012 vel
1938 958 2117 1027 aliqua

557 1051 816 1122 praeclara
847 1066 1182 1122 strenuaque
1211 1067 1269 1106 re
1304 1060 1454 1123 gesta
1500 1050 1720 1103 domum
1758 1049 2004 1117 redeant,
2032 1047 2116 1104 vel

554 1147 600 1202 si
634 1146 700 1201 ab
729 1145 980 1202 hostibus
1000 1144 1309 1217 capiantur,
1337 1144 1406 1200 ab
1434 1141 1544 1198 illis
1577 1149 1758 1198 tamen
1787 1141 1840 1196 in
1875 1141 2117 1197 admira-

554 1238 700 1292 tione
725 1236 857 1294 sint.

621 1330 711 1387 98.
746 1328 1067 1386 Praefectum
1098 1329 1455 1385 excubiarum
1489 1330 1826 1402 vigilantem,
1870 1327 2115 1400 pruden-

555 1427 1107 1498 tem,experientcm,
1130 1435 1184 1482 et
1221 1441 1328 1481 non
1383 1425 1672 1480 fortuitum
1720 1425 1971 1496 quemvis
2017 1425 2118 1479 eli-

553 1532 649 1589 gas
694 1534 710 1572 :
759 1533 957 1590 neque.
991 1519 1140 1575 enim
1202 1526 1415 1573 tantum
1448 1516 1790 1580 fortitudine,
1852 1527 2116 1588 quantum

2216 501 2442 568 ὁδεύειν,
2473 505 2569 555 καὶ
2599 499 2727 563 τοὺς
2760 499 2859 570 μὲν
2896 497 3316 570 ὲξπλοράτωρας
3350 498 3467 568 Ιἢτοι
3511 494 3802 550 κατασκό-

2217 611 2350 656 πους
2385 593 2543 665 δῆθεν
2580 590 2927 663 ἀφοϐὠτερον
2968 591 3273 659 συνδιάγειν
3317 591 3425 652 τοῖς
3463 587 3756 656 πολεμίοις
3782 626 3803 647 ,

2216 686 2356 741 ὥστε
2400 687 2682 758 ὁμογενεῖς
2729 685 2924 748 αὐτοὺς
2976 678 3116 738 εἶναι
3157 682 3511 754 νομίζεσθαι,
3562 683 3700 745 τοὺς
3742 679 3804 734 δὲ

2219 776 2542 847 βιγλάτορας
2588 774 2812 838 πιστοὺς
2844 769 3014 840 εἶναι,
3064 775 3160 828 καὶ
3211 774 3341 828 εῖδει
3386 771 3640 843 σώματος
3692 773 3800 826 ἀν-

2215 866 2397 939 δρείῳ,
2433 864 2527 920 καὶ
2558 864 2706 937 ψυχῇ
2745 863 2992 936 εὐτόλμῳ
3015 903 3030 930 ,
3070 863 3161 916 καὶ
3199 862 3410 918 ὁπλίσει
3455 861 3758 933 λαμπροὺς
3784 899 3802 921 .

2217 961 2312 1015 καὶ
2361 957 2471 1013 τῶν
2524 957 2728 1013 λοιπῶν
2786 955 3134 1024 στρατιωτῶν
3193 955 3471 1024 διαφέρειν
3502 995 3518 1018 ,
3553 952 3703 1007 ὥστε
3764 952 3800 1021 ἢ

2217 1053 2548 1126 ποιήσαντας
2584 1069 2637 1106 τι
2675 1053 2924 1121 γενναῖον
2949 1049 3108 1121 ἔργον
3137 1050 3231 1103 καὶ
3271 1048 3512 1120 ἀνδρεῖον
3551 1047 3800 1101 ἐπανελ-

2217 1146 2363 1211 θεῖν,
2399 1145 2434 1218 ἢ
2472 1144 2853 1218 ζωγρηθέντας
2897 1143 3050 1218 παρά
3093 1143 3206 1207 τοῖς
3250 1139 3529 1212 πολεμίοις
3572 1139 3801 1211 θαυμά-

2218 1236 2429 1304 ζεσθαι.

2286 1334 2395 1401 ιτηκ
2428 1329 2531 1384 Τὸν
2557 1329 2615 1384 δὲ
2641 1328 2878 1401 ἄρχοντα
2904 1326 3005 1398 τῆς
3049 1325 3317 1391 σκούλκας
3357 1325 3469 1397 (51)
3505 1325 3803 1396 ἄγρυπνον

2217 1427 2314 1482 καὶ
2360 1425 2623 1498 φρόνιμον
2665 1425 2762 1479 καὶ
2790 1422 3057 1495 ἔμπειρον
3094 1421 3374 1490 ὲπιλέγου,
3425 1419 3520 1474 καὶ
3562 1419 3643 1492 μὴ
3694 1417 3804 1471 τὸν

2214 1521 2463 1592 τυχόντα.
2482 1519 2615 1573 Οὐδὲ
2635 1519 2742 1591 γάρ
2760 1515 3012 1572 τοσοῦτον
3034 1516 3305 1586 ἀνδρείας,
3328 1515 3451 1569 ὅσον
3475 1514 3802 1584 φρονήσεως

553 1611 844 1682 prudentia
885 1626 951 1669 ac
988 1610 1270 1683 vigilantia
1302 1610 1358 1665 in
1413 1609 1661 1666 excubiis
1712 1609 1934 1681 agendis
1979 1621 2113 1679 opus

2218 1613 2312 1670 καὶ
2337 1609 2640 1685 ἀγρυπνίας
2659 1609 2831 1667 δεῖται
2858 1610 2894 1681 ἡ
2925 1607 3035 1663 τῶν
3062 1607 3475 1680 σκουλκατόρων
3498 1606 3682 1678 χρεία.

553 1712 662 1761 est.

629 1797 722 1856 99.
777 1797 1164 1869 Speculatores
1224 1798 1372 1854 solos
1412 1799 1633 1853 emittes
1690 1793 1943 1851 hostibus
2000 1791 2112 1864 jam

2285 1793 2391 1863 ιβ’.
2431 1794 2641 1857 Μόνους
2676 1791 2734 1846 δὲ
2773 1807 2898 1856 τους
2929 1790 3309 1852 κατασκόπους
3346 1785 3645 1843 ἀπόστελλε
3689 1802 3807 1856 μαι»

553 1892 772 1948 eminus
822 1887 1236 1953 exsistentibus,
1266 1887 1312 1943 si
1358 1885 1600 1942 volueris
1641 1883 1722 1940 vel
1773 1889 1957 1938 motus
2009 1881 2112 1936 ho-

556 1986 745 2049 stium,
780 1981 865 2038 vel
904 1979 1046 2037 situs
1068 1979 1303 2045 viarum,
1340 1977 1423 2034 vel
1473 1973 2112 2032 locorum-munitionem

554 2089 903 2148 cognoscere.

625 2166 751 2223 100.
774 2164 1004 2232 Quando
1038 2162 1107 2220 ad
1151 2161 1450 2236 capiendos
1484 2161 1697 2234 aliquos
1751 2158 1991 2214 incursio
2034 2157 2111 2222 ηπ,

556 2265 669 2311 tum
699 2256 996 2328 permissos
1021 2252 1122 2310 bos
1152 2253 1525 2324 exploratores
1552 2265 1675 2306 cum
1705 2250 1952 2306 excubiis
1985 2250 2111 2304 mit-

555 2358 660 2411 tes.
714 2352 878 2418 atque
922 2345 978 2401 bi
1021 2344 1240 2416 quidem
1276 2351 1652 2410 antecurrant,
1683 2341 2112 2414 expeditioribus

554 2434 692 2490 locis
725 2433 1098 2505 speculentur,
1127 2432 1371 2488 excubiae
1401 2439 1721 2503 sequantur,
1756 2439 1809 2485 et
1840 2429 2115 2485 ducantur

559 2528 627 2582 rb
648 2524 781 2584 illis.

625 2712 749 2768 10L
777 2710 1051 2769 Excubias
1073 2707 1412 2781 temporibus
1440 2708 1780 2765 necessarias
1831 2719 1942 2761 non
1975 2720 2114 2761 unas

553 2803 833 2876 simplices
864 2803 1034 2861 iacies
1075 2819 1185 2859 una
1215 2802 1397 2874 aliqua
1423 2817 1488 2857 ex
1519 2807 1700 2872 parte,
1724 2799 1819 2856 sed
1866 2797 2114 2854 diversas

554 2900 608 2949 et
645 2909 746 2964 pro
775 2894 878 2951 loci
904 2893 1040 2961 situ,
1079 2893 1388 2964 idoneoque
1430 2889 1721 2947 intervallo
1754 2890 1898 2946 inter
1928 2902 1988 2944 se
2020 2902 2115 2959 po-

554 2985 711 3052 sitas,
737 2993 796 3041 ut
841 2986 888 3042 si
930 2985 1115 3042 hostes
1159 2984 1374 3056 aliquos
1414 2983 1632 3038 illorum
1662 2983 1884 3045 lateant.
1929 2987 2112 3035 tamen

552 3077 610 3134 in
639 3077 778 3134 alios
805 3077 1107 3134 incidentes
1144 3082 1567 3147 cognoscantur.
1618 3075 1797 3145 Atque
1823 3073 1878 3127 in
1920 3070 2112 3143 primis

2215 1888 2408 1959 κρόθεν
2451 1885 2530 1940 ἔτι
2559 1885 2670 1939 τῶν
2717 1883 2992 1954 πολεμίων
3052 1880 3576 1952 ἀπαγγελλομένων,
3623 1877 3799 1950 ἡνίκα

2216 1980 2449 2053 μάλιστα
2497 1976 2659 2048 βούλῃ
2715 1974 2906 2046 μαθεῖν
2947 1974 2983 2046 ἢ
3017 1973 3232 2044 κίνησιν
3266 1970 3481 2044 ἐχθρῶν
3503 2008 3526 2036 ,
3567 1971 3601 2043 ἢ
3637 1969 3802 2025 θέσιν

2213 2072 2367 2136 ὁδῶν,
2396 2071 2428 2143 ἢ
2457 2070 2636 2143 τόπων
2665 2068 2936 2140 ὀχύρωσιν
2972 2066 3110 2140 (52).

2284 2168 2352 2235 ρ’.
2387 2140 2558 2216 Ὅταν
2595 2140 2652 2213 δὲ
2679 2158 2772 2213 ἐπὶ
2805 2159 2886 2229 τῷ
2915 2158 3207 2232 κατασχεῖν
3240 2174 3394 2222 τινας
3439 2158 3475 2229 ἡ
3510 2155 3789 2229 ιπιδρομή

2213 2257 2348 2321 ἐστι,
2377 2255 2496 2308 τότε
2519 2253 3002 2324 ἀναμεμιγμένους
3027 2250 3257 2316 τούτους
3286 2249 3426 2322 μετά
3445 2247 3558 2304 τῶν
3589 2248 3797 2304 cm).-

2213 2347 2459 2418 κατόρων
2485 2346 2792 2418 πρόστασσε
2822 2339 2986 2410 εἶναι,
3012 2344 3107 2398 καὶ
3131 2343 3331 2408 αὐτοὺς
3355 2342 3455 2413 μὲν
3479 2341 3795 2414 προεκτρέ-

2213 2459 2353 2514 χειν,
2394 2440 2489 2495 καὶ
2531 2439 2592 2507 ἐξ
2639 2437 2899 2492 ἀπόπτων
2930 2435 3044 2506 (55)
3081 2436 3254 2507 ἧγουν
3299 2433 3522 2506 ύψηλῶν
3571 2432 3796 2504 χωρίων

2213 2529 2598 2593 κατασκοπεῖν,
2632 2528 2758 2592 τοὺς
2787 2526 2844 2582 δι
2873 2524 3275 2598 σκουλκάτορας
3303 2523 3618 2580 ἀκολουθεῖν
3647 2523 3797 2576 exsi-

2213 2640 2345 2689 νοις,
2378 2621 2474 2678 καὶ
2507 2618 2825 2690 δδηγεῖσθαι
2862 2618 2994 2690 παρ’
3021 2617 3227 2674 αὐτῶν.

2287 2720 2390 2785 ρα’.
2419 2713 2530 2778 Τὰς
2554 2710 2610 2766 δὲ
2645 2710 2912 2776 σκούλκας
2952 2710 2986 2782 ἢ
3023 2709 3215 2782 βίγλας
3241 2710 3303 2764 έν
3325 2711 3438 2775 τοῖς
3462 2708 3795 2777 ἀναγκαίοις

2213 2808 2423 2880 καιροῖς
2458 2805 2534 2877 μὴ
2555 2801 2708 2859 ποιοῦ
2743 2803 2922 2868 ἁπλᾶς
2959 2802 3070 2858 ἀπὸ
3099 2803 3217 2868 eve;
3245 2802 3465 2874 μέρους,
3497 2800 3634 2855 ἀλλά
3668 2800 3794 2856 δια-

2214 2899 2409 2974 φόρους
2441 2899 2535 2951 καὶ
2569 2895 3024 2966 ἀλλεπαλλήλους,
3064 2896 3203 2950 κατά
3241 2895 3340 2964 τὴν
3367 2892 3461 2948 τοῦ
3495 2892 3664 2947 τόπου
3700 2892 3796 2946 θέ-

2215 3009 2318 3055 σιν,
2344 2989 2440 3045 καὶ
2467 2989 2573 3043 ἀπὸ
2603 2989 2974 3059 διαστήματος
3005 2986 3191 3042 ἱκανοῦ
3219 3003 3234 3018 °
3263 2987 3351 3041 ῖνα
3375 2988 3424 3040 εἰ
3449 2985 3633 3057 animi
3659 2987 3797 3048 τοὺς

2215 3079 2439 3152 ἐχθροὺς
2463 3079 2734 3135 διαλαθεῖν
2767 3080 2845 3144 είς
2875 3079 3001 3142 τοὺς
3029 3077 3678 3152 ἀλλουςζπεριπίπτοντες
3716 3076 3798 3148 μὴ

552 3168 802 3224 excubiis
830 3181 1033 3238 paucos
1060 3163 1377 3232 collocabis,
1410 3164 1466 3220 in
1505 3162 1764 3221 secundis
1815 3161 2022 3232 plures,
2055 3159 2110 3214 in

2217 3147 2523 3228 διαλάθωσι·
2559 3173 2653 3226 καὶ
2698 3171 2824 3234 τοὺς
2873 3171 2971 3242 μὲν
3003 3171 3061 3225 ὲν
3105 3172 3174 3242 τῇ
3207 3147 3402 3246 πρώτῃ
3432 3169 3594 3242 βίγλα

551 3260 732 3317 tertiis
753 3259 842 3316 bis
863 3261 1026 3315 etiam
1059 3260 1265 3332 plures.

623 3434 747 3493 102.
772 3434 1029 3493 Excubiis
1055 3435 1337 3508 praecipies
1369 3442 1429 3494 ut
1455 3450 1634 3508 neque
1661 3433 1907 3501 sedeant,
1938 3447 2119 3505 neque

552 3528 839 3595 recubent,
867 3527 1330 3599 quemadmodum
1366 3536 1525 3583 antea
1557 3527 1684 3582 alibi
1731 3524 2111 3595 praecepimus,

556 3625 617 3670 ut
667 3631 735 3672 ne
782 3616 1130 3672 socordiores
1179 3617 1234 3672 lu
1277 3632 1335 3672 re
1379 3617 1613 3687 gerenda
1647 3623 1896 3687 peccent.
1928 3606 2114 3670 Sessio

548 3708 698 3762 cnim
731 3713 787 3763 et
814 3706 1119 3773 recubatio,
1149 3721 1404 3763 somnum
1447 3707 1684 3761 maxime
1709 3705 1939 3760 all‘crunt
1972 3723 1984 3757 :
2017 3705 2112 3774 qui

550 3806 731 3854 autem
757 3796 862 3854 hoc
888 3795 1118 3862 faciunt,
1152 3797 1381 3868 vigilare
1409 3812 1517 3852 non
1567 3805 1820 3867 possunt.
1869 3794 1975 3850 Sed
2015 3811 2114 3849 ne-

551 3903 658 3958 que
678 3889 724 3944 si
755 3902 852 3959 per
880 3895 1055 3945 totam
1086 3897 1304 3944 noctem
1356 3903 1417 3944 se
1448 3887 1770 3958 vigilaturos
1823 3886 2110 3956 recip’ant,

552 3979 662 4038 illis
710 3978 906 4037 credas
943 3997 961 4035 :
992 3987 1187 4036 natura
1247 3982 1397 4036 enim
1419 3979 1568 4051 quod
1629 3979 1693 4034 ad
1748 3993 1809 4034 se
1876 3979 2112 4048 pertinet

551 4084 770 4142 semper
819 4070 1070 4143 requirit,
1101 4080 1156 4127 et
1179 4083 1236 4125 tu
1261 4070 1410 4141 quod
1451 4069 1786 4125 tutissimum
1842 4067 1987 4122 facto
2028 4075 2113 4122 est

553 4162 747 4228 iacies,
781 4163 827 4219 si
871 4162 1294 4230 excubimzalias
1321 4162 1587 4218 excubias
1625 4161 1964 4230 excipientes
2017 4175 2112 4216 no-

548 4264 695 4314 ctem
725 4257 1117 4313 transmittant.

2214 3264 2566 3335 ὀλιγωτέρους
2596 3262 2776 3326 ποιοῦ,
2805 3263 2930 3326 τοὺς
2958 3260 3015 3315 δὲ
3057 3261 3197 3332 μετά
3227 3262 3467 3324 ἐκείνους
3493 3261 3552 3315 ἒν
3575 3262 3642 3333 τῇ
3665 3259 3794 3315 δευ-

2214 3355 2349 3430 τέρᾳ
2379 3355 2598 3419 πλείους
2621 3396 2637 3421 ,
2668 3355 2762 3409 καὶ
2791 3354 2917 3420 τοὺς
2946 3354 3004 3406 ὲν
3037 3354 3105 3425 τῇ
3129 3353 3288 3424 τρίτῃ
3319 3351 3398 3407 ετι
3433 3352 3677 3417 πλείους.

2286 3447 2388 3520 ρξ’.
2422 3445 2573 3519 Μηδὲ
2624 3444 2892 3510 καθίζειν,
2941 3443 3081 3516 μήτε
3125 3442 3510 3498 ἀνακλίνεσθαι
3541 3443 3670 3509 τοὺς
3702 3441 3792 3516 βιο

2215 3538 2506 3611 γλεύοντας
2531 3535 2902 3612 παράγγελλε,
2933 3537 3188 3609 καθάπερ
3211 3539 3308 3595 καὶ
3335 3537 3394 3594 ιν
3422 3538 3634 3612 ἑτέροις
3657 3541 3794 3612 περὶ

2214 3635 2402 3689 τούτου
2433 3650 2518 3686 σοι
2549 3631 3020 3705 παρηγγείλαμεν,
3052 3631 3140 3686 ἵνα
3166 3629 3245 3703 μὴ
3271 3629 3648 3706 ῥαθυμότερον
3690 3631 3794 3688 τοῦ

2216 3725 2376 3797 ἔργου
2406 3724 2586 3780 αὐτῶν
2610 3725 2895 3797 γινομένου
2929 3724 3259 3781 ἀπόλωνται·
3295 3725 3391 3780 καὶ
3442 3723 3554 3797 γὰρ
3577 3725 3612 3794 ἡ
3648 3725 3790 3781 καθο

2223 3819 2356 3891 έδρα
2397 3818 2491 3874 καὶ
2513 3818 2550 3892 ἡ
2572 3817 2852 3883 ἁνάκλισις
2884 3815 3051 3871 ὕπνον
3098 3815 3332 3885 μάλιστα
3373 3814 3557 3888 φέρει.
3597 3815 3708 3869 Καὶ
3737 3817 3790 3870 οἱ

2215 3909 2373 3965 τοῦτο
2402 3910 2701 3976 ποιοῦντες,
2735 3908 3036 3982 ἀγρυπνεῖν
3061 3908 3121 3962 οὐ
3159 3906 3430 3964 δύνανται·
3464 3907 3602 3962 ἀλλά
3651 3909 3791 3980 μηδὲ

2215 4003 2310 4058 ἐὰν
2338 4001 2777 4071 ὲπαγγέλλωνταί
2797 4018 2941 4065 τινες
2959 4001 3026 4054 δι’
3047 3999 3174 4071 ὅλης
3195 3999 3296 4071 τῆς
3319 3998 3513 4064 νυκτὸς
3535 4001 3786 4070 κρατεῖν,

2215 4085 2475 4168 πιστεύῃς
2498 4097 2710 4158 αὐτοῖς’
2746 4098 2780 4167 ἠ
2805 4094 2914 4169 γὰρ
2941 4095 3100 4164 φύσις
3137 4092 3198 4148 τὸ
3228 4090 3358 4147 ίδιον
3390 4093 3659 4162 ἐπιζητεῖ,
3691 4095 3787 4148 καὶ

2217 4190 2282 4243 σὺ
2313 4189 2410 4260 τὴν
2436 4188 2734 4257 ἀσφάλειαν
2777 4186 2867 4241 διὰ
2893 4186 2991 4256 τῆς
3017 4186 3126 4240 τῶν
3159 4185 3360 4257 βιγλῶν
3389 4184 3638 4256 διαδοχῆς
3667 4202 3790 4240 ποι-

2215 4280 2394 4336 εῖσθαι
2448 4281 2525 4352 μὴ
2572 4280 2802 4353 ἀμελῇς,
2835 4278 3088 4335 ἵστασθαι
3145 4279 3203 4334 δὲ
3250 4279 3378 4345 τοὺς
3438 4278 3787 4352 βιγλεύοντας

2216 4375 2451 4439 πάντως.

619 4463 742 4521 105.
773 4463 1010 4520 Pedibus
1037 4463 1265 4518 omnino
1309 4463 1558 4519 excubias
1603 4463 1914 4519 consistant
1948 4478 1962 4516 :
1998 4461 2113 4519 haec

2290 4497 2391 4561 ργ’.
2435 4489 2499 4542 Ἢ
2548 4488 2655 4558 γὰρ
2707 4488 2801 4541 ἐπὶ
2860 4488 2959 4559 τῆς
3007 4485 3114 4557 γῆς
3159 4485 3348 4550 στάσις
3376 4485 3632 4556 μαραίνει
3688 4484 3782 4539 τὸν

547 4558 690 4613 enim
717 4557 913 4630 pedum
936 4557 1100 4612 statio
1122 4570 1373 4613 somnum
1403 4555 1644 4626 depellit,
1675 4554 1848 4627 magis
1869 4552 2108 4626 vigilan-

548 4660 630 4710 tes
659 4669 754 4711 eos
786 4657 879 4724 qui
919 4660 1070 4724 stant
1098 4651 1230 4707 facit
1260 4671 1274 4706 :
1308 4651 1395 4707 ubi
1419 4667 1548 4708 vero
1577 4650 1768 4708 lassati
1792 4649 2112 4722 fatigatique

549 4757 700 4814 sunt,
735 4755 1160 4807 commutantur,
1183 4745 1507 4818 opportunis
1537 4745 1937 4818 descriptisque
1958 4745 2112 4804 boris

547 4840 748 4899 noctis.
784 4838 898 4897 Nisi
923 4839 1069 4895 enim
1107 4837 1394 4911 diligenter
1429 4838 1498 4894 ad
1524 4838 1861 4910 vigilandum
1886 4837 2109 4894 labora-

548 4933 746 4998 verint,
783 4941 1142 5003 naturamque
1173 4947 1201 4986 a
1251 4947 1448 4988 somno
1496 4928 1912 4999 refrenaverint,
1947 4929 2111 4988 facile

547 5027 618 5084 ab
644 5026 899 5084 hostibus
929 5024 1294 5081 trucidentur.

618 5119 742 5177 106.
777 5118 966 5192 Itaque
995 5118 1347 5192 exquirendae
1370 5117 1564 5188 vigilia
1594 5123 1741 5183 sunt,
1763 5116 1945 5174 ﬁdeles
1976 5133 2113 5188 pra:-

550 5211 678 5270 t‘ecti
731 5210 1006 5277 mittendi,
1055 5212 1147 5284 qui
1191 5211 1374 5266 subito
1423 5209 1685 5266 excubias
1740 5209 2022 5274 invadant,
2057 5222 2114 5266 et

549 5303 870 5376 pervideant
899 5300 1358 5377 quemadmodum
1407 5307 1717 5368 serventur,
1749 5308 1803 5356 et
1833 5301 2111 5371 negligen-

2220 4574 2386 4629 ὕπνον
2416 4574 2509 4629 κει)⁵
2540 4574 2742 4644 μᾶλλον
2759 4574 3097 4647 ὲγρηγόρους
3112 4573 3238 4639 τοὺς
3266 4574 3586 4643 ἱσταμένους
3611 4576 3779 4631 ποιεῖ.

2220 4669 2388 4722 Ὅταν
2413 4666 2468 4720 δὲ
2498 4666 2677 4738 χρεία,
2707 4667 2828 4720 τότε
2853 4665 3200 4731 κοπωθέντας
3244 4666 3606 4721 ἀλλάσσεσθαι
3640 4667 3786 4721 κατὰ

2218 4761 2318 4825 τάς
2343 4759 2568 4825 δεούσας
2593 4761 2692 4832 τῆς
2720 4759 2908 4824 νυκτὸς
2930 4758 3373 4831 διαμερισθείσας
3399 4760 3586 4824 αὐτοῖς
3608 4758 3779 4832 ὥρας.

2217 4855 2280 4908 Εἰ
2326 4853 2432 4927 γὰρ
2468 4852 2545 4924 μὴ
2591 4848 2952 4925 φροντίσωσιν
3003 4851 3280 4924 ἐπιμελῶς
3301 4854 3449 4917 ὅπως
3499 4853 3783 4924 ἀγρυπνὴς

2217 4962 2352 5000 σωσι
2380 4945 2478 5016 τὴν
2514 4943 2677 5014 φύσιν
2720 4944 2858 5010 τέως
2888 4942 2985 4998 τοῦ
3025 4943 3194 4999 ὕπνου
3225 4943 3647 5014 χαλινώσαντες,
3683 4947 3782 5019 ῥᾳς

2207 5036 2333 5100 δίως
2363 5036 2429 5090 ἂν
2466 5037 2618 5103 παρὰ
2645 5035 2756 5091 τῶν
2786 5034 2996 5108 ἐχθρῶν
3025 5035 3384 5090 ἀπολοῦνται.

2278 5126 2377 5200 ρδ’.
2411 5128 2502 5184 Διὸ
2526 5129 2633 5200 χρή
2668 5145 2728 5182 σε
2780 5129 3106 5197 καταζητεῖν
3149 5127 3247 5193 τὰς
3285 5128 3479 5198 βίγλας
3510 5130 3605 5185 καὶ
3633 5129 3780 5194 ὅπως

2205 5221 2481 5288 γίνονται,
2533 5221 2628 5275 καὶ
2675 5221 2916 5292 πέμπειν
2957 5222 3083 5284 τοὺς
3136 5222 3492 5292 πιστοτέρους
3511 5221 3622 5295 (54)
3671 5222 3777 5275 τῶν

2205 5314 2480 5386 ἀρχόντων
2512 5312 2638 5379 τοὺς
2682 5313 2996 5385 ὀφείλοντας
3043 5311 3410 5384 αἰφνιδιάσαι,
3458 5316 3557 5369 καὶ
3577 5311 3777 5370 ἐπιδεῖν

2036 5487 2269 5573 nom.

619 5606 734 5676 (5|)
767 5607 1095 5674 Zm'vaag.
1123 5606 1499 5672 Scribelialur,
1538 5609 1788 5673 σκόλκας.

620 5677 736 5751 (ᾕὲ)
772 5679 1115 5751 ξοκύμυσιν.
1146 5679 1517 5740 Scribelmtur.
1548 5679 1921 5751 όγυρὼμασιν.

641 5748 732 5808 53)
770 5749 1084 5806 Ἀπόπτων.
1119 5751 1492 5817 Srribcbatur,
1522 5748 1819 5808 ἀπιόντων.

2290 5612 2402 5684 (54)
2441 5613 2583 5682 τοὺς
2604 5615 3018 5684 πιστοτέρους.
3051 5612 3425 5682 Scribebatur,
3445 5613 3570 5678 τοὺς
3605 5611 3786 5668 ctori-

2221 5699 2367 5755 ρους.
