4040 6298
244 290 358 361 ξηιλ

1259 293 1591 355 TACTICA.
1631 320 1701 330 -·
1731 292 2440 356 CONSTITUTIO-XVII.

3366 279 3474 342 932

248 401 367 465 πῶς
403 389 564 454 αὗται
602 415 862 468 γινονται,
900 396 1143 464 καὶτοὺς
1195 398 1532 469 ἀμελοῦντας
1556 403 1815 472 τιμωρεῖ-

1943 416 2002 459 es
2034 401 2335 473 puniantur
2365 420 2380 457 :
2409 400 2539 473 quia
2588 409 2844 470 magnum
2884 392 3198 464 imperatori
3251 407 3352 450 sua
3387 410 3482 450 ne-

249 493 416 559 σθαι,
449 492 524 558 ὡς
579 493 789 562 αἰτίους
837 492 1072 566 μεγάλου
1106 492 1350 547 κινδύνου
1402 493 1479 564 τῷ
1531 493 1820 566 στρατηγῷ

1942 493 2174 566 :ligentia
2206 495 2451 551 inierunt
2476 493 2804 567 periculum.

247 583 593 654 γινομένους.

324 684 422 750 ρι’.
490 676 893 747 Ὑπολαμϐάνω
935 677 991 731 δὲ
1035 678 1119 732 δτι
1166 679 1193 731 ὁ
1237 676 1499 748 ἔμπειρος
1563 675 1821 730 σκουλκέι.⁸

253 789 372 840 τωρ
398 768 622 825 δύναται
658 770 766 824 ἀπό
797 787 955 824 τινων
986 767 1252 840 σημείων,
1284 769 1379 822 καὶ
1409 767 1514 839 πρὸ
1547 766 1640 820 τοῦ
1694 768 1822 820 ἰδεῖν

247 865 412 922 αὑτὸν
453 865 584 926 τοὺς
621 862 914 933 πολεμίους
978 861 1313 932 κατανοῆσαι
1356 860 1418 914 τὸ
1490 859 1687 930 μέτρον
1726 856 1820 911 τοῦ

253 957 493 1031 πλήθους
514 956 693 1012 αὐτῶν
717 957 781 1009 ὲκ
796 955 896 1025 τῆς
942 954 1050 1009 τῶν
1073 954 1254 1008 ἵππων
1282 953 1461 1008 αὐτῶν
1487 951 1820 1016 συστάσεως,

1989 671 2112 728 105.
2142 672 2447 731 Prudentes
2479 673 2728 732 excubiae
2758 670 3085 745 quibusdam
3112 666 3288 739 signis
3316 665 3494 737 prius-

1918 777 2083 833 quam
2119 765 2341 822 videant
2388 767 2578 824 hostes
2613 765 3052 823 animadvertere
3081 759 3492 818 multitudinem

1919 857 2158 914 hostium
2197 876 2264 916 ex
2285 876 2554 933 equorum
2577 859 2955 918 collocatione
2995 866 3050 914 et
3113 853 3316 913 castris
3366 851 3491 908 illo-

1920 965 2040 1006 rum
2075 963 2324 1023 possunt.

250 1052 348 1106 καὶ
364 1052 429 1107 ἐκ
453 1050 561 1106 τῶν
583 1049 863 1104 ἀπλίκτων
889 1047 1092 1103 αὐτῶν*
1119 1048 1342 1102 δύναται
1361 1048 1416 1102 δὲ
1435 1045 1528 1102 καὶ
1548 1046 1640 1100 τδν
1659 1045 1847 1117 χρόνον
1879 1047 2243 1119 στοχάσασθαι
2273 1067 2404 1105 ποτε
2431 1049 2529 1106 διὸ.
2553 1048 2648 1105 τοῦ
2677 1047 2864 1106 τόπου
2882 1044 3181 1122 παρελθὼν
3252 1043 3319 1098 ἐκ
3391 1040 3495 1112 τῆς

251 1141 366 1197 τῶν
394 1141 576 1195 ἵππων
607 1139 701 1194 καὶ
725 1139 831 1194 τῶν
867 1138 1169 1211 ἀνθρώπων
1199 1138 1428 1208 κόπρου.

330 1233 444 1307 ρς’.
488 1235 614 1290 Ἐὰν
645 1235 700 1289 δὲ
748 1226 1015 1305 φοᾶσάτον
1062 1234 1296 1307 ποιήσῃς
1323 1276 1338 1300 ,
1373 1234 1541 1306 ήγουν
1586 1231 1826 1305 χάρακα,

254 1329 356 1385 καὶ⁵
381 1327 417 1399 ἢ
447 1329 639 1399 τάφρῳ
665 1327 699 1399 ἢ
727 1325 1122 1396 οἰκοδομήματι
1148 1324 1434 1397 όχυρώσῃς
1462 1323 1618 1389 αὐτὸ,
1659 1324 1693 1395 ἦ
1723 1338 1828 1377 τινι

261 1423 428 1496 ἑτέρᾳ
454 1420 554 1495 ’ύλῃ
574 1461 589 1485 ,
620 1419 744 1492 δόξῃ
783 1437 864 1474 σοι
890 1418 948 1474 δὲ
992 1418 1191 1474 ἔσωθεν
1215 1419 1530 1488 εἰσαγαγεῖν
1574 1419 1700 1480 τοὺς
1725 1434 1828 1471 κα-

254 1516 604 1589 σαλλαρίους,
637 1513 711 1586 μὴ
733 1513 870 1570 πολὺ
899 1513 1006 1569 ἀπὸ
1031 1512 1416 1582 διαστημάτων
1467 1513 1702 1583 ποιήσῃς
1729 1512 1830 1573 τὰς

256 1609 472 1682 βίγλας,
508 1609 594 1663 ἵνα
626 1608 700 1680 μὴ
740 1605 1131 1678 συντρίϐωνται
1157 1605 1402 1677 ἀκαίρως
1437 1606 1486 1659 οἱ
1521 1605 1698 1658 ἵπποι.

333 1702 432 1775 ρξ’.
484 1703 710 1765 Πάντως
734 1700 790 1754 δὲ
826 1700 952 1764 τοὺς
985 1698 1383 1771 πεμπομένους
1411 1700 1504 1752 ἐπὶ
1553 1697 1827 1753 σκούλκαν

259 1793 657 1869 παραγγέλλῃς
681 1791 820 1848 ὥστε
838 1792 1119 1863 ζωγρῆσαι
1135 1808 1279 1858 τινα,
1295 1791 1388 1845 καὶ
1406 1789 1590 1860 ὥσπερ
1611 1792 1700 1844 ἐπὶ
1721 1789 1830 1842 τῶν

255 1888 536 1959 κυνηγίων
557 1886 731 1951 οὕτως
755 1884 1036 1957 σχολάζειν
1073 1883 1168 1938 καὶ
1186 1883 1506 1947 σπουδάζειν
1527 1883 1665 1938 ὥστε
1694 1899 1828 1954 προ-

257 1980 636 2049 σκουλκεύειν,
666 1979 761 2035 κα)⁸
785 1976 1120 2049 άσυμφανῶς
1137 1978 1233 2030 καὶ
1260 1976 1554 2047 ἀγνώστως
1582 1976 1708 2039 τοὺς
1732 1974 1831 2045 μὲν

256 2077 331 2132 δι’
359 2076 537 2147 ὅψεως
585 2073 873 2146 φαίνεσθαι
905 2071 1119 2142 ὀλίγους
1177 2071 1339 2135 ὄντας
1365 2072 1460 2126 καὶ
1502 2071 1829 2141 ὑποχωρεῖν,

255 2170 453 2234 ἄλλους
479 2168 537 2224 δὲ
569 2167 987 2240 κεκρυμμένους
1035 2168 1144 2220 καῖ’
1181 2165 1406 2236 ἀφανῶς
1450 2163 1828 2220 κατακυκλούν

261 2263 402 2335 πρὸς
438 2261 538 2332 τὴν
584 2261 707 2315 τῶν.
746 2261 926 2316 τόπων
965 2259 1381 2333 ἐπιτηδειότητα
1405 2277 1419 2292 ·
1465 2261 1559 2314 καὶ
1593 2257 1839 2330 ἀλλαχοῦ

263 2355 366 2428 μὲν
390 2353 655 2409 δεικνύειν
687 2352 810 2423 ὄψιν
854 2352 952 2407 καὶ
996 2351 1195 2422 μόνως,
1232 2350 1496 2422 ἑτέρωθεν
1524 2350 1579 2403 δὲ
1607 2349 1835 2420 ἐπέρχε-

263 2447 559 2518 σθαιμετά
610 2445 873 2500 πλειόνων
916 2443 1222 2516 λεληθότως
1256 2443 1348 2498 καὶ
1377 2442 1832 2512 διανυκτερεύειν,

266 2542 519 2615 μάλιστα.
550 2542 681 2598 ὅταν
717 2539 992 2610 μακρόθεν
1019 2534 1267 2593 δοκοῦσιν
1291 2532 1429 2588 εἶναι
1475 2534 1526 2588 οἱ
1562 2534 1841 2604 πολέμιοι,

260 2637 396 2691 ὃταν
424 2634 555 2689 οὐδὲν
575 2633 832 2689 ὑπόνοιαν
854 2631 1020 2705 ἔχωσι
1037 2629 1230 2685 τούτου
1248 2625 1360 2684 .τοῦ
1395 2626 1698 2700 δράματος.

343 2829 451 2894 ρη’.”
521 2819 634 2884 Τὰς
686 2817 746 2872 δὲ
801 2815 1096 2889 γινομένας
1147 2812 1339 2886 βίγλας
1377 2809 1452 2883 μὴ
1505 2808 1667 2881 μόνον
1715 2806 1840 2871 τοὺς

268 2915 545 2978 ἐναντίους
575 2913 661 2984 μὴ·
699 2910 896 2966 εἰδέναι
929 2908 1113 2975 καλὸν,
1149 2906 1288 2962 ἀλλὰ
1324 2904 1464 2978 μηδὲ
1495 2903 1624 2967 τοὺς
1653 2902 1838 2966 ἰδίους,

1852 1629 1900 1689 Β

1999 1231 2120 1288 106.
2160 1232 2214 1288 Si
2244 1232 2505 1288 fossatum
2537 1232 2770 1296 feceris,
2793 1238 2887 1286 aut
2915 1228 3137 1289 vallum,
3159 1235 3211 1282 et
3238 1224 3318 1280 vel
3345 1223 3492 1280 fossa

1928 1326 2444 1382 circummuniveris
2499 1326 2656 1390 illud,
2717 1325 2803 1380 vel
2844 1324 3025 1392 aliqua
3078 1321 3181 1374 alia
3241 1315 3494 1379 materia,

1928 1420 2325 1489 decretumque
2355 1429 2439 1475 est
2472 1419 2688 1487 equites
2729 1417 2872 1471 intra
2901 1413 3165 1470 fossatum
3196 1408 3496 1467 deducere,

1930 1527 1999 1567 ne
2033 1512 2196 1581 longo
2223 1509 2510 1566 intervallo
2540 1508 2608 1562 ah
2631 1508 2739 1563 illis
2766 1505 3026 1561 excubias
3053 1498 3406 1572 disjunxcris,
3441 1503 3499 1551 ut

1929 1621 1997 1660 ne
2036 1606 2349 1675 importune
2375 1604 2501 1674 equi
2529 1601 2859 1672 affligantur.

2005 1697 2127 1753 107.
2152 1697 2249 1754 Eis
2278 1696 2388 1768 qui.
2422 1694 2489 1751 ad
2541 1693 2806 1750 excubias
2853 1690 3181 1744 emittuntur
3214 1682 3501 1756 praecipies

1934 1801 1995 1848 ut
2023 1792 2242 1864 capiant
2279 1791 2494 1861 aliquos
2524 1803 2589 1844 ex
2626 1784 2878 1842 hostibus
2906 1781 3079 1845 vivos,
3117 1780 3165 1833 si
3217 1783 3450 1848 possunt
3483 1785 3499 1824 :

1931 1897 1988 1942 et
2034 1884 2497 1959 quemadmodum
2556 1883 2610 1936 in
2659 1881 2934 1943 venando,
2993 1875 3075 1932 sic
3132 1881 3402 1928 conentur
3443 1873 3500 1925 et

1933 1980 2195 2036 studeant
2242 1976 2507 2034 excubias
2557 1980 2684 2028 ante
2717 1986 2880 2044 agere
2929 1967 3147 2024 occulte
3189 1974 3244 2020 et
3275 1963 3503 2018 clancu-

1936 2077 2148 2140 lum,ut
2176 2073 2234 2129 hi
2265 2072 2485 2145 quidem
2521 2069 2615 2139 qui
2659 2064 2821 2138 pauci
2854 2069 2986 2121 sunt
3028 2061 3085 2116 in
3145 2064 3501 2128 conspectum

1936 2167 2115 2223 solum
2143 2162 2390 2229 veniant,
2413 2167 2468 2216 et
2495 2155 2785 2215 discedant
2817 2154 3039 2216 iterum,
3073 2148 3164 2205 alii
3186 2155 3369 2203 autem
3405 2145 3502 2199 ab-

1934 2260 2037 2316 diti
2089 2273 2189 2330 pro
2240 2257 2488 2313 locorum
2549 2247 2944 2309 commoditate
2985 2241 3266 2303 includere
3312 2255 3408 2297 eos
3455 2237 3504 2294 si

1935 2355 2186 2424 possunt,
2217 2355 2510 2412 conentur,
2534 2351 2698 2415 atque
2725 2355 2835 2396 uno
2863 2338 2920 2395 in
2955 2338 3075 2393 loco
3109 2349 3168 2390 se
3193 2340 3406 2388 tantum
3439 2344 3507 2386 ac

1937 2423 1984 2502 si
2019 2442 2179 2512 pauci
2209 2447 2394 2497 essent
2416 2438 2816 2498 demonstrare,
2850 2432 2964 2487 alio
2987 2445 3053 2486 ex
3082 2429 3203 2484 loco
3226 2441 3349 2493 cum
3381 2423 3506 2494 plu-

1939 2529 2443 2591 rihus-claneulnm
2482 2526 2763 2591 invadere,
2793 2530 2850 2579 et
2897 2525 3240 2594 pernoctent.
3273 2513 3531 2569 maxime.

1938 2623 2158 2698 quando
2203 2623 2389 2677 hostes
2441 2619 2658 2676 eminus
2715 2613 2941 2682 fuerint,
2976 2622 3030 2669 et
3055 2610 3373 2684 Opinionem
3407 2605 3509 2660 ali-

1939 2718 2098 2788 cujus
2127 2717 2252 2771 talis
2279 2712 2408 2770 facti
2441 2710 2762 2768 habuerint.

2017 2809 2142 2865 £08.
2175 2806 2448 2862 Excubias
2482 2813 2608 2860 tuas
2637 2817 2750 2859 non
2779 2796 2944 2858 modo
2971 2797 3159 2854 hostes
3185 2791 3286 2860 tui,
3311 2789 3405 2847 sed
3441 2804 3512 2845 ne

1945 2902 2148 2958 milites
2177 2900 2279 2968 tui,
2308 2899 2355 2955 si
2385 2896 2504 2954 ﬁeri
2535 2896 2734 2969 possit,
2764 2898 3088 2966 agnoscant,
3111 2897 3173 2943 ut
3209 2886 3256 2945 si
3288 2883 3510 2956 quidam

267 3006 554 3061 λανθάνειν
578 3005 636 3058 δὲ
668 3005 763 3057 καὶ
792 3002 882 3056 τὸν
920 3000 1283 3073 σὸνστρατδν.
1319 2997 1404 3052 ἵνα
1437 2997 1532 3051 ὲάν
1562 3012 1731 3059 τινες,
1763 2992 1839 3055 ὡς

1945 2993 2232 3068 profugere
2265 2993 2332 3048 ad
2384 2991 2572 3047 hostes
2621 2998 2747 3043 tuos
2799 2983 3095 3050 voluerint,
3133 2978 3522 3049 imprudentes.

266 3100 438 3166 εῑκδς,
479 3100 816 3171 προσφυγεῖν
862 3097 976 3159 τοῖς
1017 3093 1234 3166 ἐχθροῖς
1273 3090 1605 3164 βουληθῶσιν
1634 3090 1699 3144 ὲκ
1743 3085 1838 3142 τοῦ

271 3191 530 3266 στρατοῦ.
569 3192 846 3260 ἀδοκήτως
878 3187 1106 3251 ταύταις
1130 3186 1532 3258 περιπέσωσιν.

347 3286 448 3360 ρθ’.
521 3284 647 3342 Ἐὰν
683 3287 740 3341 δὲ
797 3285 1066 3358 βουληθῇς
1135 3283 1521 3346 κατασκόπους
1569 3278 1841 3352 κρατῆσαι

268 3378 381 3435 τῶν
412 3377 642 3451 ἐχθρῶν,
672 3376 790 3433 δέον
820 3393 880 3431 σε
902 3375 1176 3448 θαρρῆσαι
1207 3375 1318 3437 τοῖς
1349 3373 1581 3445 ἄρχουσι
1618 3368 1679 3425 τὺ
1704 3371 1844 3442 πρᾶ-

271 3489 412 3544 γμα,
445 3471 532 3525 ἵνα
555 3471 788 3536 ἕκαστος
849 3470 962 3532 τοῖς
1015 3468 1109 3522 ὑπ’
1140 3467 1305 3523 αὐτὸν
1353 3463 1716 3536 στρατιώταις
1753 3462 1847 3517 καὶ

271 3568 386 3631 τοῖς
443 3565 651 3629 λοιποῖς
677 3561 1056 3635 παραγγέλλῃ.
1103 3561 1185 3615 ὅτι
1211 3559 1391 3630 Τυχδν
1423 3560 1490 3630 τῇ
1525 3557 1655 3628 ἑξῆς
1715 3556 1843 3627 περὶ

273 3657 534 3731 δευτέραν
574 3657 610 3732 ἢ
639 3655 828 3728 τρίτην
855 3655 1006 3727 ὥραν
1029 3654 1126 3725 τῆς
1156 3652 1367 3724 ἡμέρας
1400 3649 1542 3706 κατὰ
1580 3649 1678 3728 τὴν
1697 3647 1845 3720 πρώ-

277 3765 380 3823 την
408 3725 610 3820 ιιέωνὴν⁷
633 3725 729 3803 τοῦ
760 3725 1031 3819 βουκίνου,
1059 3745 1168 3800 εἴτε
1196 3741 1558 3815 στρατιώτης,
1583 3725 1694 3797 εἴτε
1718 3743 1845 3804 παῖς

275 3845 450 3906 ἔστιν,
472 3840 706 3905 ἱκαστος
737 3840 821 3904 εἰς
849 3839 947 3911 τήν
979 3838 1116 3893 ἰδίαν
1146 3835 1339 3891 τένταν
1363 3835 1449 3890 ῖνα
1480 3834 1722 3907 εἰσέλθῃ,
1757 3836 1849 3888 καὶ

279 3935 472 4010 μηδεὶς
498 3933 749 4006 τολμήσῃ
782 3931 983 3998 ἔξωθεν
1017 3931 1121 3999 τῆς
1161 3930 1354 3994 τέντας
1378 3927 1691 3999 εὑρεθῆναι,
1727 3927 1850 3980 ἐπεὶ

279 4026 692 4100 σωφρονίζεται.
720 4025 831 4081 Καὶ
857 4025 997 4098 μετὰ
1022 4025 1082 4080 τὸ
1111 4027 1318 4086 πάντας
1346 4021 1630 4088 εἰσελθεῖν,
1653 4022 1850 4085 αὐτοὺς

275 4121 405 4185 τοὺς
460 4119 723 4191 ἄρχοντας
751 4115 938 4191 μένειν
978 4115 1178 4185 ἔξωθεν
1207 4115 1314 4171 τῶν
1357 4113 1558 4170 τεντῶν
1588 4113 1682 4167 καὶ
1712 4112 1851 4166 θεω-

281 4216 398 4287 ρεῖν
416 4253 434 4278 ,
461 4212 550 4268 ἶνα
586 4213 748 4278 δσους
771 4210 999 4278 ,ἔξωθεν
1035 4207 1146 4263 τῶν
1173 4207 1376 4262 τεντῶν
1406 4205 1641 4279 εὕρωσιν
1675 4205 1850 4271 αὐτοὶ,

279 4309 624 4383 κρατήσωσιν
659 4304 875 4369 αὐτούς.
913 4305 1050 4368 Τοὺς
1070 4303 1150 4368 δὲ,
1184 4302 1258 4368 ὡς
1313 4302 1485 4366 εἰκὸς,
1524 4299 1844 4371 εἰσερχομέο

276 4420 403 4467 νους
434 4403 514 4467 εἰς
558 4399 658 4465 τὰς
687 4398 897 4463 τέντας,
930 4399 981 4451 ol
1003 4395 1110 4450 τῶν
1140 4393 1561 4465 κοντουϐερνίων
1593 4393 1835 4462 συλλαμ-

276 4497 554 4560 ϐάνονται,
607 4492 702 4548 καὶ
769 4489 1101 4564 κρατήσουσι
1157 4488 1252 4544 καὶ
1308 4486 1706 4559 παραδώσουσι
1765 4484 1844 4557 τῷ

281 4587 397 4660 ῑδίῳ
431 4586 673 4658 ἄρχοντι.
712 4583 809 4637 Ἐν
850 4582 961 4652 γὰρ
1001 4580 1210 4650 γίνεται
1231 4577 1339 4634 τῶν
1381 4574 1477 4631 δύο
1505 4579 1584 4639 εἰς
1616 4575 1711 4629 τὸν
1748 4591 1847 4630 κα-

276 4681 569 4736 τάσκοπον·
607 4675 780 4748 ἡγὰρ
827 4672 1028 4740 ἔξωθεν
1081 4671 1370 4741 ἱστάμενος
1435 4667 1718 4738 συνέχεται
1770 4665 1849 4730 ὡς

281 4775 358 4849 μή
386 4771 541 4836 εἰδὼς
559 4766 660 4824 ποῦ
695 4767 950 4822 ἀπελθεῖν
973 4782 988 4798 ο
1019 4764 1052 4837 ἢ
1079 4766 1193 4830 καὶ,
1224 4763 1298 4826 ὡς
1319 4761 1488 4828 εἰκὸς,
1506 4761 1615 4816 ,ἐὰν
1647 4760 1853 4834 θαρρή-

1941 3092 1997 3149 in
2027 3087 2294 3147 excubias
2329 3095 2455 3143 tuas
2497 3081 2764 3141 incidant.

2016 3281 2138 3338 109.
2195 3277 2254 3334 Si
2317 3276 2556 3334 hostium
2617 3271 2994 3346 speculatores
3041 3279 3239 3336 capere
3297 3259 3512 3323 studes.

1944 3371 2462 3431 communicandum
2503 3383 2628 3424 cum
2674 3364 2901 3436 reliquis
2949 3360 3223 3434 praefectis
3264 3355 3376 3411 tuis
3410 3353 3516 3409 hoc

1947 3464 2224 3535 negotium
2254 3469 2358 3526 est,
2395 3469 2452 3515 ut
2484 3457 2867 3528 unuSquisque
2915 3452 3182 3508 militibus
3226 3449 3343 3506 suis
3387 3443 3518 3501 reli-

1946 3559 2182 3630 quisque
2207 3553 2488 3628 prazcipiat
2519 3554 2585 3606 ad
2610 3551 2802 3606 horam
2831 3547 2935 3604 diei
2963 3544 3261 3603 secundam
3286 3547 3382 3595 aut
3403 3549 3515 3596 ter-

1947 3627 2108 3712 tiam,
2139 3627 2293 3702 etiad
2343 3642 2587 3699 buccinae
2638 3639 2872 3710 primum
2906 3636 3167 3702 sonitum,
3200 3632 3314 3688 sive
3363 3627 3522 3685 miles

1948 3742 2062 3798 sive
2094 3737 2412 3794 administer
2433 3735 2529 3798 sit,
2549 3732 2750 3803 singuli
2787 3729 2853 3784 ad
2882 3744 2979 3784 sua
3008 3725 3243 3783 tentoria
3274 3723 3519 3786 veniant,

1949 3844 2220 3900 nemoque
2250 3827 2445 3882 audeat
2483 3832 2636 3881 extra
2682 3821 2916 3878 tentoria
2955 3833 3102 3880 esse,
3134 3831 3202 3870 ne
3248 3811 3520 3883 supplicio

1951 3921 2383 3992 constringatur.
2407 3916 2528 3974 libi
2558 3929 2754 3971 omnes
2781 3910 3020 3983 ingressi
3050 3907 3109 3965 in
3154 3905 3390 3962 tentoria
3421 3916 3537 3959 sua.

1953 4014 2179 4075 fuerint,
2208 4007 2447 4082 praafecti
2489 4005 2622 4062 foris
2681 4010 2960 4069 maneant,
2992 4007 3048 4055 et
3102 3998 3146 4055 si
3195 4010 3336 4068 quos
3369 3993 3524 4049 vide-

1954 4109 2064 4163 rint
2113 4107 2268 4170 forls,
2301 4117 2399 4158 eos
2441 4097 2932 4170 comprehendant.
2987 4094 3096 4150 Eos
3151 4106 3279 4147 vero
3317 4088 3412 4160 qui
3469 4085 3527 4142 in

1954 4193 2645 4264 tentoria.ingrediuntur,
2717 4185 3152 4258 unumquodque
3224 4177 3524 4235 contubcr‘

1953 4293 2104 4348 nium
2137 4286 2335 4359 capiet,
2366 4293 2420 4340 et
2480 4297 2581 4341 suo
2631 4281 2887 4353 praefecto
2920 4277 3118 4332 tradet.
3167 4274 3349 4332 Unum
3381 4271 3527 4325 enim

1948 4369 1980 4444 e
2009 4383 2225 4440 duobus
2255 4392 2481 4436 necesse
2511 4384 2596 4432 est
2622 4374 2734 4431 fieri
2771 4390 2787 4426 :
2826 4371 2910 4428 vel
2949 4379 3008 4426 ut
3036 4368 3174 4425 foris
3213 4366 3531 4436 speculator

1953 4486 2189 4539 maneat,
2229 4482 2286 4530 et
2322 4472 2534 4530 nesciat
2561 4484 2671 4543 quo
2709 4483 2771 4525 se
2812 4463 3064 4522 conferre
3111 4461 3327 4525 debeat,
3359 4457 3440 4512 vel
3481 4453 3542 4512 si.

1954 4568 2165 4643 ingredi
2215 4568 2414 4622 audeat
2481 4578 2605 4619 cum
2670 4560 2857 4630 aliquo
2916 4553 3303 4618 contubernio,
3370 4548 3530 4621 quasi

1958 4667 2157 4736 hospes
2203 4667 2594 4734 cognoscatur,
2639 4665 2693 4712 et
2738 4648 3090 4708 contubernii
3125 4645 3383 4719 praefecto
3417 4652 3532 4698 tra-

1958 4759 2141 4814 datur.

281 4829 298 4849 .
346 4829 358 4848 .
521 4829 538 4836 -
1039 4829 1051 4837 .
1717 4829 1767 4834 -_
1811 4829 1821 4832 _

280 4862 641 4941 σῃείσελθεῖν
682 4861 738 4915 ἔν
783 4876 892 4914 τινι
934 4859 1045 4913 τῶν
1094 4857 1536 4930 κοντουβερνίων,
1572 4855 1648 4920 ὡς
1690 4854 1839 4922 ξένος
1897 4849 2352 4923 ἐπιγινώσκεται,
2408 4846 2500 4900 καὶ
2557 4839 2915 4913 παραδίδοται
2985 4837 3063 4908 τῷ
3139 4835 3361 4908 ἄρχοντι
3440 4829 3539 4886 τοῦ

279 4957 531 5016 κοντουδε
539 4957 709 5030 ρνίου.

353 5053 442 5128 ρι’.
469 5053 686 5116 Πάντας
731 5046 826 5106 οὖν
871 5050 1000 5112 τοὺς
1050 5046 1302 5103 ὁπωσοῦν
1351 5044 1492 5101 κατᾶ
1528 5044 1716 5099 τοῦτον
1755 5042 1854 5096 τὸν

275 5149 477 5219 τρόπον
507 5145 925 5217 εὑρισκομένους
958 5143 1038 5196 δεῖ
1068 5138 1385 5212 κρατεῖσθαι
1404 5179 1419 5204 ,
1444 5138 1555 5192 εἴτε
1591 5137 1846 5206 Ῥωμαῖοι

277 5239 528 5298 δοκοῦσιν
573 5233 735 5303 εῖναι,
789 5235 900 5289 εἴτε
945 5233 1272 5302 ἁλλογενεῖς,
1321 5232 1416 5287 καὶ
1473 5228 1848 5297 ἐξετάξεσθαι,

281 5335 424 5390 ὥστε
449 5331 656 5387 ἐκεῖθεν
689 5328 1043 5400 εὑρίσκεσθαι
1078 5328 1172 5397 τὴν
1203 5326 1485 5396 ἀλήθειαν.

358 5425 484 5498 ρια’.
519 5423 692 5478 Τοῦτο
728 5424 786 5479 δὲ
818 5424 1028 5492 γίνεται
1059 5421 1152 5475 καὶ
1186 5422 1242 5473 ἐν
1288 5419 1539 5490 φοςσάτῳ
1569 5417 1847 5486 συνηγμέ-

280 5539 375 5577 νον
402 5516 632 5591 στρατοῦ
661 5519 694 5592 ἢ
728 5513 955 5582 πεζικοῦ
987 5517 1020 5590 ἢ
1075 5512 1478 5584 καϐαλλαρικοῦ
1512 5512 1854 5581 ἐπιτηδείως,

281 5613 483 5686 ὁμοίως
513 5614 567 5668 δὲ
600 5613 695 5667 καὶ
725 5611 865 5666 κατὰ
910 5611 971 5663 τὸ
1007 5609 1171 5681 μέρος
1206 5606 1647 5680 μεμερισμένως,
1682 5605 1714 5676 ἢ
1753 5606 1854 5660 πά-

285 5710 371 5763 λιν
398 5703 539 5761 κατᾶ
575 5704 761 5776 τάγμα
786 5703 1205 5758 ἀπλικευόντων.

364 5800 485 5873 ρ;β’.
517 5799 729 5854 Γίνεται
756 5798 809 5853 δὲ
833 5796 923 5853 καὶ
941 5795 1007 5850 δι’
1027 5795 1110 5852 ἑτέ
1122 5811 1228 5868 ρων
1244 5795 1499 5852 τοιούτων
1524 5796 1613 5850 καὶ
1652 5790 1851 5866 ὁμοίων

2018 5038 2139 5092 HO.
2169 5035 2372 5090 Omnes
2408 5041 2591 5087 autem
2621 5029 2719 5100 qui
2767 5027 2870 5081 hoc
2926 5022 3086 5078 modo
3145 5019 3527 5080 inveniuntur,

1944 5134 2158 5207 exquiri
2191 5144 2353 5202 atque
2372 5127 2672 5186 evauiinari
2713 5132 2947 5195 oportet,
2974 5120 3090 5174 sive
3122 5117 3378 5179 Romani,
3415 5115 3532 5169 sive

1946 5205 2529 5297 alicnigenm-l‘uerint,
2585 5228 2748 5288 atque
2795 5215 2930 5270 adeo
2984 5211 3263 5267 veritatem
3313 5207 3381 5262 ab
3424 5205 3533 5260 illis

1945 5321 2139 5393 quaeri.

2027 5415 2148 5469 lli.
2201 5411 2324 5466 llrec
2377 5424 2465 5465 res
2525 5405 2640 5462 fieri
2684 5403 2860 5474 possit
2909 5403 2962 5456 in
3026 5399 3292 5453 fossatum
3344 5401 3536 5448 coacto

1959 5508 2201 5564 exercitu
2232 5507 2314 5562 vel
2349 5503 2588 5574 pedestri
2629 5501 2712 5555 vel
2746 5495 3011 5569 equestri,
3041 5493 3122 5546 vel
3159 5487 3422 5559 dispersis
3449 5486 3535 5541 di-

1959 5602 2202 5672 visisque
2254 5595 2549 5669 separatim
2586 5602 2766 5672 castra
2810 5585 3163 5659 ponentibus,
3207 5581 3288 5637 vel
3338 5592 3532 5635 rursus

1959 5711 2054 5766 per
2087 5692 2344 5748 cohortes
2373 5695 2554 5744 castra
2580 5681 2932 5748 habentibus.

2035 5788 2154 5846 ΗΞ.
2211 5786 2345 5843 Aliis
2391 5778 2718 5855 quibusdam
2776 5771 3089 5846 hujusmodi
3146 5778 3199 5826 et
3263 5764 3534 5824 similibus
