4020 6312
398 284 500 354 951

1673 286 1949 351 LEONIS
1976 284 2440 349 PHILOSOPHI

3575 279 3699 343 932’

398 404 615 459 alllictis
683 403 1177 462 circumstantibds
1226 402 1505 460 constanti
1546 403 1765 475 altoque
1794 405 1979 460 animo

2106 404 2173 458 ιαὶ
2206 400 2472 473 γενναίοις
2520 398 2783 471 ἐμμένειν
2809 395 2905 451 καὶ
2935 396 3231 467 καρτερεῖν
3255 396 3314 447 ὲν
3349 394 3475 457 ταῖς
3517 408 3682 463 maps-

396 509 523 551 esse
553 494 809 560 videaris,
838 505 891 551 et
931 494 1266 551 contrarium
1317 498 1500 567 potius
1529 496 1903 566 demonstres,
1934 510 1989 556 te

400 585 627 640 hilarem
653 602 994 659 vacuumque
1028 602 1058 642 a
1081 602 1213 644 cora
1238 601 1384 645 csse.

471 677 559 732 21.
592 676 847 745 Quaedam
880 678 1026 733 enim
1057 680 1328 747 nationes,
1354 679 1408 734 in
1444 680 1646 751 quibus
1678 680 1857 737 Persae
1880 680 1992 738 fue-

400 779 544 836 rant,
594 788 715 827 cum
751 774 1014 829 adversus
1059 773 1337 831 Romanos
1376 785 1710 849 pugnarent,
1734 784 1899 848 atque
1935 778 1990 831 in

399 863 618 934 aliquod
649 864 949 934 periculum
1004 865 1332 933 inciderent,
1377 882 1445 923 ne
1495 867 1730 923 salutem
1771 867 1990 939 quidem

400 969 563 1025 quam
587 954 927 1025 exoptabant
958 955 1062 1010 sibi
1088 955 1221 1026 ipsis
1250 972 1560 1027 proponere
1593 958 1867 1022 volebant,
1896 955 1990 1014 sed

397 1062 519 1100 eam
574 1045 641 1099 ah
699 1044 950 1101 hostibus
1012 1046 1349 1117 propositam
1402 1048 1791 1119 accipiebant:
1842 1058 1992 1103 tanta

400 1147 519 1195 erat
564 1137 621 1193 in
654 1138 764 1193 illis
796 1137 1062 1192 malorum
1094 1154 1157 1194 ac
1184 1140 1432 1211 gravium
1478 1157 1659 1197 rerum
1686 1141 1992 1213 perpessio.

466 1309 562 1366 22.
612 1307 687 1366 Ut
717 1311 847 1366 vero
894 1326 1017 1381 qua:
1050 1317 1177 1366 ante
1221 1312 1599 1366 demonstrata
1649 1319 1777 1366 sunt
1805 1307 1995 1380 paucis

401 1411 740 1472 repetamus,
764 1403 1065 1457 exercitum
1099 1410 1253 1456 tuum
1281 1401 1451 1455 armis
1476 1410 1625 1473 teges
1650 1401 1716 1455 ad
1761 1399 1994 1455 formam

401 1514 430 1550 ιι
471 1510 559 1550 me
595 1503 721 1549 ante
766 1494 1121 1564 descriptam.
1171 1493 1230 1549 In
1279 1493 1472 1564 primis
1520 1501 1703 1547 autem
1756 1491 1995 1546 arcubus

399 1588 728 1659 sagittisque
757 1588 1007 1658 plurimis
1043 1606 1058 1643 :
1091 1602 1287 1657 magna
1321 1588 1469 1643 enim
1495 1601 1650 1641 arma
1683 1594 1851 1655 atque
1881 1583 1997 1639 eﬂl-

397 1683 555 1737 cacia
599 1690 730 1737 sunt
759 1683 993 1750 sagittae,
1023 1688 1077 1735 et
1123 1682 1395 1752 praecipue
1429 1688 1623 1736 contra
1684 1677 1995 1734 Saracenos

400 1791 466 1831 ae
514 1772 757 1838 ancas,
790 1774 1051 1845 quoniam
1110 1788 1237 1846 spes
1269 1773 1451 1830 omnis
1488 1771 1730 1828 victoria:
1768 1770 1989 1827 illorum

402 1870 458 1925 in
487 1869 702 1940 sagittis
728 1870 971 1941 ponitur.

472 2065 567 2121 25.
616 2063 832 2119 Etenim
868 2064 935 2119 ad
968 2062 1284 2136 sagittarios
1319 2061 1540 2118 illorum
1582 2059 1861 2117 feriendos
1889 2075 1986 2115 va-

404 2157 540 2225 lcnt,
578 2159 670 2229 qui
702 2155 981 2212 nudantur
1007 2169 1130 2211 cum
1170 2154 1653 2227 sagittasjacinnt.
1684 2152 1790 2209 Sed
1821 2152 1989 2209 etiam

406 2249 477 2306 ad
527 2264 698 2321 equos
736 2250 985 2319 equitum
1018 2247 1389 2304 vulnerandos
1433 2260 1765 2318 magnopere
1807 2244 1993 2301 valent

406 2345 622 2417 sagittae
654 2356 687 2397 a
738 2342 944 2398 nostris
988 2340 1305 2396 hominibus
1352 2340 1592 2406 emissae,
1646 2338 1993 2410 multumque

405 2436 594 2493 damni
650 2435 891 2491 inimicis
939 2434 1216 2501 inferunt,
1281 2433 1507 2503 optimis
1545 2432 1703 2505 equis
1730 2434 1991 2488 continua

407 2531 733 2601 sagittarum
762 2527 1105 2598 conjectioue
1134 2526 1423 2582 trucidatis
1449 2543 1467 2590 ;
1490 2540 1597 2597 qua
1625 2541 1689 2581 ex
1725 2541 1781 2581 re
1810 2526 1990 2581 omnis

406 2623 810 2679 Saracenorum
868 2630 1224 2678 strenuorum
1280 2618 1545 2675 alacritas
1585 2620 1642 2674 in
1688 2608 1832 2675 bello
1858 2632 1992 2675 con-

408 2714 569 2769 cidit.

475 2894 567 2950 24.
598 2891 717 2950 Non
761 2892 908 2949 enim
950 2890 1215 2947 servitute
1247 2900 1301 2946 et
1333 2889 1525 2945 militia
1558 2888 1693 2953 ulla,
1720 2887 1813 2945 sed
1850 2884 1989 2943 lucri

408 2996 463 3043 et
492 2984 764 3041 libertatis
788 2983 1108 3055 cupiditate,
1139 2982 1223 3037 vel
1262 2981 1443 3050 pmius
1478 2979 1756 3051 pradandi
1803 2980 1991 3036 studio

2090 498 2336 560 στάσεσι,
2390 493 2487 548 καὶ
2546 490 2753 555 ταύτας
2780 490 2859 553 είς
2895 489 2957 543 τδ
3001 486 3242 543 ἐναντίον
3279 487 3685 542 ἀποδεικνύειν

2092 586 2292 659 μᾶλλον
2313 587 2481 657 ἦγουν
2502 584 2580 647 είς
2608 580 2875 652 εὐθυμίαν
2905 578 2998 633 καὶ
3028 577 3319 633 ἀπάθειαν.

2161 675 2269 733 ita}.
2299 672 2479 728 Ἦσαν
2520 671 2629 741 γάρ
2659 686 2779 723 τινα
2824 666 2932 721 τῶν
2964 666 3153 732 ὲθνῶν,
3189 661 3279 721 οἷα
3316 664 3386 720 τά
3422 663 3697 736 Περσικὰ

2093 771 2243 844 φῦλά
2270 785 2403 823 ποτε
2433 764 2568 839 πρὸς
2612 760 2917 833 Ῥωμαίους
2950 759 3255 831 μαχόμενα,
3293 756 3436 828 άπερ
3456 757 3591 811 ὅταν
3620 758 3689 810 ὲν

2091 867 2207 930 τοῖς
2240 861 2431 923 δεινοῖς
2462 857 2742 920 ἐνέπιπτε,
2763 852 2899 925 μηδὲ
2924 851 3022 923 τὴν
3045 850 3321 922 σωτηρίαν
3352 851 3420 920 ἣν
3438 847 3707 919 ηὔχοντο.

2093 957 2305 1019 ἑαυτοῖς
2336 948 2590 1022 γενέσθαι
2616 945 2922 1018 προτείνειν
2947 942 3171 996 θέλοντα
3193 980 3210 1006 ,
3245 941 3379 995 ἀλλὰ
3410 941 3507 995 καὶ
3544 940 3684 993 ταύ-

2090 1067 2192 1122 την
2242 1044 2398 1118 παρὰ
2454 1042 2563 1097 τῶν
2615 1037 2827 1111 ἐχθρῶν
2891 1034 3072 1091 αὐτῶν
3136 1033 3520 1106 προτείνεσθαι
3580 1033 3685 1087 ὲκ-

2091 1146 2378 1219 δεχόμενα.
2429 1137 2695 1199 Τοσοῦτον
2747 1134 2806 1189 ἐν
2860 1132 3045 1197 αὐτοῖς
3085 1132 3121 1203 ἡ
3150 1128 3260 1184 τῶν
3291 1128 3483 1184 δεινῶν
3539 1144 3683 1197 καρ-

2092 1238 2277 1294 τεοία.

2160 1256 2277 1400 ῗιιέῑ
2318 1325 2437 1379 Ἵνα
2479 1321 2537 1377 δὲ
2586 1319 2683 1376 καὶ
2715 1317 2877 1372 πάλιν
2912 1315 2983 1370 τὰ
3016 1312 3214 1388 πρώην
3258 1313 3373 1387 (6|)
3404 1308 3681 1384 εἰρημένα

2100 1428 2342 1503 μετρίως
2361 1416 2932 1494 άνακεφαλαιώσωμέν
2961 1432 3065 1483 σοι,
3078 1407 3371 1474 καθόπλιξε
3394 1406 3486 1461 τὸν
3506 1420 3677 1503 στρα-

2095 1497 2188 1579 τὸν
2213 1497 2335 1586 τοῖς
2366 1519 2552 1579 ὅπλοις
2584 1512 2726 1570 κατὰ
2760 1514 2851 1567 τδν
2875 1509 2976 1583 ἠδη
3010 1524 3094 1563 σοι
3120 1502 3459 1577 διορισθέντα
3478 1497 3671 1559 τύπον,

2097 1614 2192 1667 καὶ
2236 1612 2473 1685 μάλιστα
2513 1604 2785 1677 τοξαρίοις
2826 1601 2939 1673 (62)
2973 1598 3069 1654 καὶ
3118 1593 3403 1685 σαγίτταις
3438 1588 3675 1685 πλείοσι.

2098 1676 2257 1774 Μέγα
2296 1700 2405 1774 γάρ
2460 1697 2622 1754 ὅπλον
2654 1676 2758 1749 καὶ
2784 1687 3176 1771 δραστήριονηή
3203 1681 3410 1749 τοξείαν
3449 1678 3546 1774 xc}
3572 1676 3678 1774 ιζ’ἀ*

2090 1770 2247 1852 λιστα
2307 1770 2450 1851 κατὰ
2507 1792 2616 1845 τῶν
2685 1781 3078 1859 Σαρακηνικῶν
3126 1774 3300 1833 ἐθνῶν
3344 1774 3441 1829 καὶ
3500 1770 3679 1841 Τούρ-

2091 1910 2205 1948 κων
2231 1889 2369 1963 (65),
2408 1881 2491 1951 οἷς
2543 1883 2606 1938 τδ
2632 1882 2741 1936 πᾶν
2778 1879 2882 1951 τῆς
2913 1876 3073 1949 νίκης
3102 1875 3163 1928 ὲν
3198 1869 3375 1926 ἑλπίδι
3412 1866 3512 1938 τῆς
3544 1863 3677 1938 παρ’

2090 1986 2157 2039 αὑ
2168 1982 2270 2038 τῶν
2302 1979 2517 2045 τοξείας
2548 1978 2749 2031 κεῖται.

2158 2070 2265 2143 κγ’.
2296 2070 2410 2125 Καὶ
2430 2069 2541 2141 γὰρ
2568 2063 2710 2120 κατά
2732 2080 2793 2118 τε
2831 2059 3009 2117 αὐτῶν
3036 2055 3149 2112 τῶν
3184 2051 3419 2123 τοξοτῶν
3437 2063 3677 2143 γυμνοιι-

2093 2142 2267 2237 μένων
2298 2165 2354 2217 ὲν
2398 2160 2477 2231 τῷ
2517 2157 2734 2230 βάλλειν
2759 2155 2860 2227 τὴν
2912 2152 3198 2221 σαγῖτταν,
3232 2145 3369 2202 άλλά
3398 2144 3495 2199 καὶ
3528 2142 3672 2237 κατά

2088 2235 2199 2311 τῶν
2237 2255 2420 2309 ἵππων
2454 2251 2564 2306 τῶν
2618 2246 3022 2317 κασαλλαρίων,
3068 2242 3215 2316 μέγα
3260 2238 3573 2312 ἰσχύσουσιν
3616 2235 3679 2290 at

2087 2349 2240 2422 παρὰ
2274 2346 2368 2402 τοῦ
2423 2340 2717 2417 ἡμετέρου
2747 2338 2979 2413 στρατοῦ
3022 2332 3673 2422 βαλλόμεναισαγίτται,

2090 2418 2185 2496 καί
2219 2438 2424 2509 πολλὴν
2467 2436 2567 2509 τὴν
2596 2432 2804 2507 βλάϐην
2830 2432 2945 2494 τοῖς
2972 2427 3187 2500 ἐχθροῖς
3219 2420 3534 2497 παρέξουσι,
3567 2418 3687 2473 τῶν⁵

2095 2532 2483 2604 πολυτιμήτων
2537 2528 2669 2600 παρ’
2705 2526 2886 2589 αὐτοῖς
2936 2523 3120 2577 ἵππων
3170 2516 3260 2573 διὰ
3284 2516 3388 2587 τῆς
3420 2511 3677 2604 συνεχοῦς

2090 2602 2306 2695 τοξείας
2353 2602 2789 2696 άιρανιζομένων.
2854 2616 2949 2672 καὶ
2994 2610 3245 2669 ἐντεῦθεν
3294 2608 3393 2664 τοῦ
3438 2602 3683 2677 αὺιιρυχοιι

2089 2719 2198 2775 τῶν
2252 2720 2333 2784 είς
2383 2716 2648 2788 πολέμους
2680 2712 2884 2781 ἐξιέναι
2918 2703 3390 2782 προθυμουμένων
3426 2701 3682 2773 Σαρακη-

2090 2812 2196 2868 νῶν
2229 2806 2700 2880 ἁνακοπτομένου.

2162 2902 2267 2961 κδ’.
2317 2904 2393 2959 Οὐ
2422 2901 2530 2973 γὰρ
2571 2897 2783 2969 δουλείᾳ
2820 2894 2917 2950 καὶ
2955 2890 3218 2964 στρατείᾳ
3255 2883 3678 2959 ἐκπρατεῦουσι

2090 2996 2416 3073 Σαρακηνοὶ,
2461 2993 2600 3049 ἀλλὰ
2638 2987 2955 3062 φιλοκερδία
2998 2985 3199 3058 μᾶλλον
3237 2982 3334 3037 καὶ
3370 2976 3675 3049 ἐλευθερίᾳ,

408 3088 465 3136 et
510 3097 624 3137 sua:
669 3079 911 3163 ipsorum
940 3077 1086 3141 ﬁdei,
1124 3083 1221 3131 aut
1253 3075 1593 3131 inﬁdelitatis
1645 3076 1830 3147 potius
1858 3075 1989 3131 reli-

2106 3095 2130 3167 ῆ
2161 3072 2223 3149 τὸ
2247 3090 2409 3145 πλέον
2440 3089 2613 3141 εἰπεῖν
2648 3082 2875 3158 λῃστείᾳ
2914 3079 3010 3135 καὶ
3038 3078 3139 3149 τῆς
3186 3074 3398 3131 ἑαυτῶν
3426 3072 3675 3167 πίστεως,

410 3175 571 3244 ginne
598 3157 857 3245 quadam,
887 3187 994 3242 qua
1026 3170 1095 3225 de
1139 3183 1306 3225 causa
1350 3168 1492 3224 mala
1519 3169 1803 3239 patiuntur
1834 3184 1864 3223 a
1890 3183 1992 3224 no-

413 3266 524 3333 bis,
551 3275 607 3321 et
642 3263 811 3319 Deum
842 3269 1105 3335 putantur
1140 3261 1351 3317 hostem
1380 3261 1605 3331 habere,
1650 3269 1707 3319 et
1736 3260 1997 3319 offensio-

414 3372 542 3412 nem
575 3354 834 3426 injectam
864 3367 974 3408 non
1008 3365 1175 3423 posse
1204 3350 1501 3407 sustinere.

481 3530 575 3588 25.
610 3529 843 3599 Quando
873 3526 942 3585 ad
972 3528 1179 3586 bellum
1208 3529 1488 3602 procedis,
1531 3537 1690 3587 extra
1722 3529 1995 3587 fossatum

416 3625 657 3690 ﬁrmum,
714 3638 783 3678 ne
836 3630 1017 3677 castra
1068 3636 1262 3692 ponas,
1310 3621 1357 3677 si
1384 3622 1469 3677 vel
1511 3623 1678 3692 intra,
1717 3623 1801 3679 vel
1833 3638 1999 3695 prope

414 3717 669 3774 hostilem
708 3724 911 3771 terram
964 3713 1161 3771 fueris.
1188 3714 1425 3782 Quando
1459 3730 1591 3771 vero
1638 3716 1843 3771 bellum
1884 3716 1997 3787 jam

418 3812 612 3874 instat,
639 3810 843 3864 fossam
877 3807 1121 3878 undique
1142 3808 1329 3864 ducito
1359 3807 1428 3863 ad
1460 3808 1587 3863 valli
1619 3808 1877 3875 formam,
1913 3824 2001 3865 re-

414 3904 679 3976 liquaque
715 3901 971 3974 prtesidia
1002 3901 1189 3957 omnia
1215 3901 1497 3967 adhibeto,
1525 3911 1583 3957 ut
1611 3917 1678 3956 eo
1703 3902 2001 3973 confugere

416 3996 624 4069 possis,
650 3993 695 4051 si
733 3993 937 4063 aliquid
973 3993 1267 4049 adversum
1302 3993 1357 4049 in
1392 3993 1533 4050 bello
1571 3994 1751 4050 cadat.

486 4086 577 4145 εσ.
620 4086 1018 4143 Demonstrabo
1049 4087 1214 4144 etiam
1248 4087 1710 4158 quemadmodum
1751 4085 2001 4144 oratione

420 4189 636 4255 potero,
685 4176 931 4250 reliquas
986 4178 1040 4234 in
1082 4178 1225 4235 bello
1263 4179 1507 4236 acicrum
1550 4179 2000 4236 instruendarum

421 4277 652 4332 formas.
687 4288 690 4292 λ

483 4368 577 4423 27.
612 4365 709 4423 Est
733 4365 981 4438 quaedam
1004 4364 1168 4421 etiam
1209 4364 1347 4421 aciei
1381 4362 1556 4421 forma
1586 4365 1642 4421 in
1674 4373 1786 4423 tres
1814 4382 2001 4439 aequa-

2104 3164 2303 3261 μᾶλλον
2360 3182 2418 3237 δὲ
2466 3182 2642 3236 εἰπεῖν
2699 3176 2956 3241 ἀπιστίας
3014 3177 3084 3246 τῇ
3130 3164 3678 3261 δεισιδαιμονίᾳὶᾠς

2101 3256 2339 3335 ἐνταῦθα
2395 3274 2538 3345 τάχα
2595 3270 2897 3342 πάσχοντες
2954 3267 3088 3337 παρ’
3145 3263 3324 3337 ἡμῶν,
3387 3260 3482 3315 καὶ
3549 3256 3678 3311 Θεὸν

2097 3368 2359 3439 ἡγοῦνται
2408 3362 2664 3433 πολέμιον
2701 3359 2867 3432 ἔχειν,
2911 3355 3011 3412 atat
3048 3355 3150 3427 τὴν
3198 3350 3403 3425 ζημίαν
3444 3349 3521 3423 μὴ
3550 3347 3677 3403 ﬁm-

2145 3465 2313 3521 έρειν.

2102 3481 2434 3609 φεξὲἶἫΚαὶ
2470 3549 2598 3604 ὅταν
2646 3546 2747 3619 μὲν
2797 3542 2933 3617 πρὸς
2982 3541 3221 3614 πόλεμον
3257 3541 3512 3612 κινήσῃς,
3553 3535 3678 3591 ἄνευ

2101 3646 2366 3719 φοσσάτου
2401 3640 2478 3715 μὴ
2503 3637 2806 3711 άπλικεύῃς
2829 3634 3050 3709 ὀχυροῦ,
3086 3634 3323 3706 μάλιστα
3343 3632 3394 3686 εί
3415 3631 3511 3686 καὶ
3546 3627 3679 3698 πλη-

2101 3743 2215 3796 σίον
2244 3738 2447 3812 ῆὲντδς
2493 3734 2750 3807 ὕπάρχῃς
2799 3734 2899 3803 τῆς
2954 3727 3243 3799 πολεμίας,
3272 3728 3401 3781 ὅταν
3427 3724 3489 3779 δὲ
3548 3720 3680 3792 πρὸς

2098 3836 2191 3888 τὸν
2248 3830 2482 3902 πόλεμον
2530 3827 2782 3899 ὲγγίσῃς,
2845 3822 3061 3894 τάφρον
3112 3822 3297 3884 ποίει,
3358 3819 3452 3872 καὶ
3520 3814 3679 3883 ἄλλην

2100 3923 2398 3997 ἀσφάλειαν
2422 3920 2511 3975 διὰ
2545 3918 2790 3990 χάρακος
2818 3914 2894 3979 ὡς
2928 3913 3156 3968 δύνασαι
3192 3908 3442 3982 ἀκριϐῶς
3478 3906 3567 3962 διά
3588 3904 3681 3977 τὴν

2101 4023 2166 4075 ἐκ
2193 4014 2568 4089 περιστάσεως
2607 4012 2666 4065 ὲν
2692 4007 2871 4081 καιρῷ
2898 4007 3079 4080 μάχης
3102 4002 3453 4074 καταφυγήν.

2170 4107 2283 4177 σις’.
2348 4105 2646 4172 ’Υποδείξω
2701 4103 2759 4158 δέ
2798 4118 2880 4156 σοι
2919 4101 3115 4171 ἑτέρας
3150 4098 3247 4153 καὶ
3282 4097 3393 4153 τῶν
3438 4096 3500 4151 ὲν
3539 4092 3682 4167 μάχῃ

2101 4202 2462 4279 παρατάξεων
2490 4197 2752 4270 διαφορὰς
2785 4196 2861 4262 ὡς
2900 4198 2958 4251 ιν
2981 4193 3210 4263 ὀλίγοις.
3615 4186 3622 4194 ’

2173 4380 2278 4447 κζ’.
2313 4381 2471 4435 Ἔστι
2498 4381 2596 4453 μὲν
2624 4374 2735 4447 γάρ
2763 4390 2846 4438 τις
2882 4370 3188 4442 παράταξις
3215 4368 3391 4441 μάχης
3425 4367 3485 4421 ἐν
3510 4367 3683 4438 τρισὶν

420 4461 501 4517 les
540 4470 726 4533 partes
758 4460 815 4514 in
848 4457 990 4514 bello
1022 4457 1222 4525 divisa,
1270 4456 1432 4527 cujus
1462 4473 1631 4530 supra
1669 4459 1996 4514 mentionem

2106 4476 2239 4540 ῐσοις
2290 4475 2480 4547 μέρεσι
2517 4470 2853 4542 τασσομένη,
2888 4461 2957 4540 ἧς
2989 4466 3085 4544 καὶ
3123 4466 3235 4519 άνω
3285 4478 3389 4516 που
3409 4458 3682 4532 ἐμνήσθη⁴

421 4552 553 4619 feci,
604 4553 867 4617 mediam,
923 4549 1173 4606 dextram
1237 4558 1294 4606 et
1348 4550 1658 4607 sinistram.
1708 4549 1768 4606 ln
1822 4552 2000 4607 media

425 4656 580 4719 parte
616 4646 781 4702 habet
831 4644 1388 4717 quadringentorum,
1436 4654 1531 4699 aut
1572 4645 2001 4718 quingentorum

422 4742 664 4797 virorum
694 4738 1124 4795 multitudinem.
1155 4738 1405 4793 Altitudo
1432 4736 1599 4808 hujus
1628 4739 1765 4794 aciei
1800 4740 2004 4794 nullam

424 4840 632 4890 certam
670 4846 987 4888 mensuram
1034 4830 1223 4897 habet,
1276 4831 1372 4888 sed
1403 4833 1642 4900 equites,
1675 4846 2008 4904 unaquaque

426 4926 482 4983 in
510 4926 737 4982 cohorte
779 4927 1128 4997 tum‘prima,
1176 4934 1290 4979 tum
1326 4927 1567 4981 sccunda
1601 4927 1655 4981 in
1687 4927 1805 4983 acie
1834 4927 2005 4984 collo-

427 5028 646 5085 cantur,
675 5026 729 5073 ct
765 5018 903 5073 aciei
930 5020 1081 5073 frons
1123 5017 1353 5087 aequalis
1377 5018 1713 5088 densataque
1744 5025 1848 5074 est.
1898 5021 2009 5090 Ap-

430 5120 682 5180 paratum
712 5119 766 5166 et
824 5110 1036 5165 tuldum
1074 5124 1105 5165 a
1140 5119 1294 5181 tergo
1329 5110 1463 5167 aciei
1514 5110 1799 5166 instructae
1824 5112 2008 5167 habet.

428 5203 582 5269 Quod
617 5203 664 5259 si
694 5211 938 5273 tempore
969 5202 1167 5274 praelii,
1213 5204 1306 5273 qui
1353 5202 1427 5257 ita
1472 5202 1647 5258 aciem
1679 5202 2006 5259 instructam

430 5296 613 5365 habet,
664 5296 863 5353 habeat
908 5296 1175 5362 hastatos,
1210 5297 1266 5350 in
1303 5295 1619 5351 ditlicilibus
1681 5295 2008 5366 asperisque

432 5391 569 5446 locis
590 5392 761 5446 aciem
792 5406 946 5447 suam
989 5391 1249 5454 instruat,
1286 5405 1347 5445 ac
1378 5390 1681 5458 sagittariis
1714 5390 2007 5461 quamplu-

432 5483 591 5540 rlmis
622 5491 826 5551 utatur,
850 5492 907 5540 ut
929 5484 1172 5541 locorum
1206 5482 1524 5539 diﬁicultate
1549 5482 1807 5556 dispersi,
1836 5482 2005 5542 dissi-

2104 4588 2225 4643 μεν,
2261 4570 2507 4623 τουτέστι
2570 4566 2748 4637 μέσῳ,
2776 4561 2878 4616 καὶ
2914 4557 3099 4630 δεξιῷ,
3126 4557 3222 4612 καὶ
3251 4555 3550 4629 ἀριστερῷ.
3599 4552 3684 4606 'Ev

2100 4664 2159 4719 δὲ
2183 4662 2262 4733 τῷ
2304 4662 2455 4733 μέσῳ
2498 4659 2656 4732 μέρει
2687 4658 2801 4726 ἔχει
2829 4653 2960 4725 ἄχρι
2999 4649 3369 4723 τετρακοσίων
3415 4648 3451 4719 ἢ
3494 4662 3682 4701 πεντα-

2103 4754 2300 4810 κοσίων
2349 4752 2555 4826 ἀνδρῶν
2599 4749 2899 4804 ἐπιλέκτων
2936 4743 3079 4801 κατὰ
3140 4741 3489 4813 περίσσειαν,
3518 4740 3587 4793 τὰ
3626 4738 3678 4791 δέ

2108 4845 2244 4920 βάθη
2271 4846 2371 4916 τῆς
2396 4842 2652 4913 τοιαύτης
2693 4839 2899 4905 τάξεως
2925 4838 3024 4906 οὐχ
3054 4833 3347 4908 ὡρισμένῳ
3390 4836 3572 4903 μέτρῳ
3597 4829 3681 4898 γίυ

2106 4956 2277 5002 νεται,
2301 4936 2437 4991 ἀλλὰ
2467 4935 2665 5009 μᾶλλον
2690 4934 2739 4986 oi.
2772 4929 3128 4999 καϐαλλάριοι
3155 4930 3211 4982 ἐν
3241 4927 3458 4995 ἑκάστῳ
3479 4924 3682 4993 τάγμα·

2103 5043 2157 5079 τι
2182 5026 2240 5077 ὲν
2270 5027 2334 5096 τῇ
2372 5022 2564 5096 πρώτῃ
2591 5021 2686 5076 καὶ
2710 5022 2939 5091 δευτέρᾳ
2967 5018 3119 5083 τάξει
3156 5016 3470 5079 τάσσονται,
3510 5012 3603 5067 καὶ
3625 5010 3682 5064 τὸ

2111 5118 2363 5190 μέτωπον
2409 5116 2510 5186 τῆς
2541 5116 2749 5182 τάξεως
2788 5112 2902 5166 ἴσον
2949 5112 3045 5166 καὶ
3092 5108 3524 5177 πεπυκνωμένον
3552 5104 3680 5159 ἔστί.

2109 5212 2220 5283 Τὴν
2274 5210 2330 5264 δὲ
2373 5207 2682 5277 ἀποσκευὴν
2704 5247 2718 5270 ,
2764 5209 2860 5260 καὶ
2905 5204 2965 5259 τὸ
3008 5200 3253 5267 τοῦλδυν,
3291 5198 3515 5255 limo-06v
3551 5196 3683 5253 κατὰ

2112 5303 2283 5359 νώτου
2321 5305 2421 5372 τῆς
2458 5298 2817 5373 παρατάξεως
2855 5296 2989 5369 ἔχει,
3030 5294 3126 5350 καὶ
3154 5297 3251 5350 ἐὰν
3279 5294 3337 5347 ὲν
3368 5289 3547 5364 καιρῷ
3586 5291 3683 5362 μάο

2113 5414 2216 5470 χης
2245 5398 2274 5450 ὁ
2304 5395 2475 5459 οὕτως
2505 5392 2990 5465 παρατασσόμενος
3026 5389 3125 5461 ἔχῃ
3165 5386 3463 5459 πολεμίους
3498 5399 3683 5439 κοντα·

2118 5490 2334 5563 ράτους,
2362 5491 2445 5554 εἰς
2473 5488 2753 5561 δυσχερεῖς
2788 5485 2883 5541 καὶ
2913 5486 3136 5557 τραχεῖς
3166 5482 3367 5547 τόπους
3391 5480 3491 5554 τὴν
3514 5477 3684 5554 παρά-

1999 5599 2235 5659 ΚΟΤΕ.

659 5691 886 5766 Πρῴην.
920 5690 1293 5766 Scribebatur,
1325 5693 1542 5766 πρὼκυ.

511 5760 625 5831 (6‘2)
662 5763 982 5833 Τοξαρίοις.
1013 5760 1387 5836 Scribebatur,
1418 5767 1663 5839 τοξαρία.

2198 5701 2308 5774 (65)
2341 5700 2521 5758 Codex
2554 5698 2718 5756 Laur.
2745 5678 2907 5755 habet
2938 5695 3201 5769 κούρτων.
