4020 6312
288 411 427 476 953
1371 404 1709 468 TACTICA.
1745 428 1811 438 -
1844 402 2348 468 CONSTITUTIO
2386 405 2611 468 XVIII.
3486 409 3590 472 954

288 531 475 597 τάξιν
513 529 718 601 ὀφείλει
768 528 1011 592 τάσσειν,
1064 527 1159 581 καὶ
1214 524 1388 593 τόξοις
1440 522 1766 596 κεχρῆσθαι,
1824 522 1882 575 ῖνχ

2017 522 2259 595 patique,
2303 538 2410 578 non
2454 522 2638 587 facile,
2685 529 2778 577 aut
2822 522 2992 579 libere
3037 521 3271 595 impetus
3310 522 3589 581 hastarum

288 626 377 694 τῇ
441 622 697 694 δυσκολίᾳ
744 620 855 675 τῶν
909 620 1087 674 τόπων
1133 616 1543 689 διεσπασμένων
1581 615 1761 670 αὑτῶν
1811 616 1912 669 οὑκ
2019 615 2201 671 valere
2240 615 2479 685 possint.

290 715 559 778 εὐλύτως
597 715 689 769 καὶ
713 713 952 777 εὐκόλως
982 714 1037 767 αί
1069 712 1241 783 ὁρμαὶ
1266 712 1390 781 ,τῶν
1427 709 1730 782 κονταρίων
1767 708 1911 763 κατά

288 806 503 861 αὐτῶν
533 807 811 877 γίνωνται.

381 898 500 969 κη’.
564 898 675 953 Καὶ
738 899 831 953 ἐάν
875 898 976 970 ὁρᾷ
1016 899 1044 953 ὁ
1084 896 1410 969 στρατηγὸς,
1455 897 1538 952 ὅτι
1584 895 1721 967 πρὸς
1754 895 1882 951 ἕθνο.

2078 903 2170 960 28.
2197 902 2353 971 Quod
2382 903 2429 960 si
2476 902 2745 974 intelligat
2775 902 3065 958 adversum
3106 903 3381 957 nationem
3428 901 3589 957 helli-

289 991 434 1065 ἔχει
469 990 812 1064 θερμόψυχον
836 1033 852 1054 ,
893 992 1097 1061 ὀφείλει
1135 992 1193 1044 οὑ
1230 991 1390 1062 μόνον
1435 989 1541 1060 πρὸ
1569 989 1667 1058 τῆς
1693 989 1882 1059 ἡμέρα.

2005 1011 2193 1051 cosam
2228 999 2580 1067 pugnandum
2610 1012 2759 1062 esse,
2786 1010 2894 1051 non
2923 996 3086 1051 modo
3118 1006 3242 1050 ante
3285 997 3427 1051 diem
3459 996 3587 1051 belli

287 1084 414 1138 τοῦ
448 1084 686 1154 πολέμου
712 1084 809 1147 τὰς
852 1083 1173 1155 ὑπερθέσεις
1212 1085 1304 1137 καὶ
1344 1082 1609 1145 ἀναϐολὰς
1634 1080 1880 1135 ποιεῖσθα

2005 1090 2237 1151 differat.
2265 1100 2318 1145 et
2348 1090 2561 1159 rejiciat
2586 1090 2834 1161 praelium
2861 1096 3125 1159 quantum
3157 1096 3355 1158 potest,
3392 1089 3435 1144 si
3465 1090 3588 1144 illos

289 1177 414 1244 τῆς
464 1176 663 1249 μάχης,
715 1176 810 1231 ἐὰν
859 1177 1091 1248 μάλιστα
1122 1177 1237 1247 γνῷ
1273 1177 1353 1230 ὅτι
1406 1176 1611 1247 ἕτοιμοί
1662 1179 1768 1231 είσι
1806 1179 1882 1233 κα

2005 1182 2058 1235 in
2094 1181 2239 1237 bello
2272 1180 2527 1237 fortiores
2574 1181 3019 1251 valcntioresque
3049 1195 3109 1236 se
3140 1196 3262 1235 esse
3290 1187 3462 1251 putet,
3489 1181 3586 1236 sed

289 1257 602 1340 ἀξιόμαχοι
649 1271 697 1323 οἱ
730 1270 964 1323 ἐναντίοι
996 1269 1240 1341 δηλονότι
1281 1272 1337 1322 ἐν
1381 1270 1671 1339 δυσϐάτοις
1711 1275 1882 1336 τόποις

2005 1275 2164 1331 etiam
2196 1276 2253 1330 in
2309 1282 2428 1331 tuto
2461 1275 2730 1332 tlrruoaue
2761 1274 2884 1329 loco
2914 1288 3110 1335 secure
3139 1286 3316 1330 castra
3362 1283 3550 1345 ponat.

287 1361 534 1430 ἀφόϐως
574 1361 907 1416 ἁπλικεὺων.

374 1455 487 1508 κθ’.
540 1452 699 1506 Ἀλλά
740 1454 833 1507 καὶ
865 1456 984 1508 κατ’
1013 1452 1183 1526 αὑτὴν
1207 1453 1305 1525 τὴν
1334 1454 1546 1525 ἡμέραν
1585 1456 1683 1527 τῆς
1716 1458 1882 1530 μάχης

2068 1450 2159 1505 29.
2219 1450 2343 1520 Ipso
2390 1466 2608 1521 quoque
2646 1450 2735 1506 die
2777 1450 2925 1518 belli,
2954 1450 2998 1506 si
3046 1458 3209 1507 aastas
3238 1451 3584 1522 potissimum

289 1542 360 1595 ἐν
395 1543 577 1615 καιρῷ
634 1543 867 1615 μάλιστα
928 1543 1118 1615 θέρους
1153 1546 1397 1615 καὶπερὶ
1426 1547 1524 1617 τὴν
1554 1547 1882 1619 θερμοτέραι.

2005 1544 2189 1610 fuerit,
2224 1546 2344 1615 ipso
2371 1545 2477 1599 diei
2528 1544 2741 1599 fervore
2776 1544 2979 1600 bellum
3022 1543 3265 1609 diﬂ‘eras,
3296 1554 3350 1599 et
3382 1547 3433 1599 in
3464 1545 3584 1615 ipso

287 1633 462 1706 ὤραν
504 1636 602 1706 τῆς
658 1635 835 1708 δείλης
882 1637 1004 1689 τότε
1044 1636 1144 1700 τὰς
1187 1639 1461 1707 συμϐολὰς
1511 1640 1755 1706 ποιείτω,
1807 1642 1882 1695 ἵνα

2005 1652 2234 1707 vesperae
2267 1636 2444 1691 calore
2473 1650 2597 1690 cum
2632 1636 2725 1692 illo
2774 1635 3061 1706 confligas,
3111 1644 3171 1690 ut
3210 1636 3344 1691 solis
3386 1637 3585 1694 ardore

286 1731 364 1799 τῇ
413 1727 509 1781 τοῦ
558 1727 704 1800 ἡλίου
745 1728 893 1795 ζέσει
928 1730 1021 1783 καὶ
1072 1728 1150 1800 τῷ
1195 1729 1286 1783 τοῦ
1314 1731 1505 1801 καιροῦ
1548 1733 1882 1804 παρασυρμῷ

2005 1738 2046 1783 ιι
2073 1730 2337 1799 temporis
2371 1728 2547 1800 ipsius
2576 1735 2713 1783 aestu
2743 1726 2977 1782 audacia
3008 1726 3325 1798 ferociaque
3360 1728 3581 1784 illorum

287 1819 361 1873 τὸ
429 1818 601 1891 θρασὺ
642 1821 733 1874 καί
777 1818 1025 1891 θυμῶδες
1064 1821 1172 1875 τῶν
1226 1822 1691 1894 ἀντιταττομένων
1738 1824 1882 1897 αὑτῷ

2005 1822 2344 1894 repriutatur.

288 1912 608 1983 παύσηται.
1922 1918 1965 1975 Β

371 2004 442 2060 λ’.
486 2007 528 2059 Τ
532 2006 700 2076 αὐτην
731 2004 786 2059 δὲ
820 2005 918 2077 τὴν
948 2003 1098 2071 τάξιν
1121 2006 1189 2078 ἥν
1228 2006 1710 2080 προδιεγράψαμεν
1736 2010 1888 2065 ἀντι-

286 2099 563 2153 τάττεται
593 2100 862 2171 ἁρμοδίως
888 2098 1086 2171 πεζικὴ
1109 2098 1259 2164 τάξις
1281 2101 1558 2170 ἐπιμελῶς
1594 2120 1887 2173 συντεταγ-

293 2190 470 2260 μένη,
521 2190 615 2243 καὶ
662 2188 827 2253 τόπος
872 2188 1075 2260 ὁμαλὸς
1126 2189 1220 2241 καὶ
1278 2190 1483 2261 γυμνὸς
1516 2190 1603 2246 διὰ
1640 2194 1738 2258 τάς
1780 2194 1887 2248 τῶν

288 2280 609 2352 κονταρίων
659 2280 856 2352 ὁρμὰς,
906 2280 1001 2335 καὶ
1058 2280 1092 2351 ἡ
1140 2281 1283 2334 κατὰ
1326 2284 1485 2355 χεῖρα
1536 2287 1629 2337 καὶ
1678 2286 1889 2356 ταχέως

292 2372 599 2445 συμπλοκὴ
648 2374 818 2444 χωρὶς
855 2373 1143 2447 ἀναϐολῆς,
1192 2375 1280 2428 διὰ
1315 2377 1374 2428 τὸ
1407 2377 1661 2449 ἀχρείους
1719 2380 1888 2448 ἐγγὺς

287 2464 401 2527 τὰς
436 2463 593 2534 βολὰς
625 2463 733 2520 τῶν
775 2465 1042 2533 σαγιττῶν
1063 2465 1328 2535 γίνεσθαι,
1360 2468 1457 2521 καὶ
1490 2470 1564 2539 μὴ
1589 2468 1733 2541 ἔχειν
1760 2473 1887 2537 τοὺς

286 2556 527 2623 τοξότας
564 2557 827 2626 κοντάρια
866 2558 902 2630 ἡ
926 2559 1215 2630 σκυτάρια.

370 2647 481 2706 λα’.
523 2649 649 2704 Ἐὰν
687 2649 744 2704 δὲ
780 2651 838 2705 ὲν
861 2653 927 2723 τῇ
962 2651 1247 2727 συμπλοκῇ
1278 2654 1375 2726 τῆς
1405 2654 1585 2726 μάχης
1616 2656 1711 2709 καὶ
1739 2654 1887 2727 ὠθη-

292 2759 390 2807 σις
430 2744 565 2814 πρὸς
604 2742 798 2807 αὐτοὺς
842 2744 1089 2817 γένηται,
1122 2747 1371 2818 καὶπρὸς
1412 2747 1673 2819 σύντομον
1709 2751 1887 2818 φυγὴν

289 2837 629 2907 ὁρμήσουσι,
665 2834 1027 2907 βλαϐήσονται
1064 2838 1299 2909 μεγάλα,
1332 2840 1425 2894 ἐὰν
1462 2841 1539 2911 μὴ
1574 2840 1885 2909 γινώσκωσι

287 2928 404 2992 τὰς
432 2926 730 2998 αἰφνιδίους
781 2929 1125 3002 ὑποστροφὰς
1151 2933 1295 2986 κατά
1353 2932 1462 2987 τῶν
1499 2934 1885 3006 ἐπερχομένων

291 3024 509 3088 αὐτοῖς.

379 3136 485 3208 λβ¹.
533 3136 695 3192 Ἀλλὰ
723 3140 815 3191 καὶ
844 3137 1162 3203 ὲπελεύσεις
1188 3136 1285 3192 καί⁵
1315 3137 1619 3202 κυκλώσεις
1647 3139 1736 3195 διὰ
1773 3140 1883 3193 τῶν

2064 2004 2153 2060 30.
2187 2002 2326 2057 lluic
2360 2001 2569 2065 lemne,
2601 2017 2763 2074 quam
2804 2017 2973 2073 supra
3008 2001 3425 2075 descripsimus,
3480 2018 3582 2074 op-

1994 2098 2219 2169 ponitur
2251 2094 2520 2167 pedestris
2556 2096 2707 2151 acies
2734 2095 3025 2166 diligenter
3048 2095 3337 2161 instructa,
3359 2105 3411 2150 et
3431 2096 3583 2151 locus

1988 2190 2296 2262 mquahilis,
2333 2198 2499 2258 atque
2534 2189 2841 2259 expositus,
2874 2196 3100 2260 propter
3139 2189 3417 2244 hastarum
3485 2190 3584 2244 im-

1990 2294 2199 2355 petum,
2252 2291 2307 2339 et
2354 2281 2825 2344 conﬂictationem
2875 2283 3158 2349 cominus,
3217 2293 3272 2338 et
3312 2284 3582 2342 consertis

1990 2376 2244 2432 manibus
2282 2375 2549 2441 habitam,
2572 2383 2626 2431 et
2665 2374 2788 2432 sine
2820 2375 2928 2431 ulla
2987 2375 3420 2443 intermissione,
3451 2376 3580 2448 quia

1990 2468 2215 2525 inutiles
2248 2468 2497 2523 cominus
2535 2461 2921 2538 coniectiones
2959 2468 3231 2541 sagittarii
3278 2484 3456 2539 neque
3484 2470 3582 2523 ha-

1989 2568 2125 2622 stas,
2162 2575 2339 2629 neque
2373 2567 2530 2615 scuta
2564 2560 2788 2615 habent.

2060 2653 2149 2707 51.
2181 2651 2236 2706 Si
2256 2650 2310 2706 in
2347 2651 2538 2722 praelio
2568 2652 2873 2707 commisso
2900 2649 3151 2720 depulsio
3186 2652 3579 2726 depressioque

1992 2739 2104 2807 fiat,
2140 2749 2196 2795 et
2231 2740 2287 2795 in
2324 2740 2507 2812 fugam
2539 2750 2969 2808 convertantur,
3029 2758 3363 2815 magnopere
3404 2760 3471 2801 cx
3511 2762 3577 2801 eo

1990 2834 2278 2900 lmdentur,
2332 2835 2436 2890 nisi
2480 2835 2677 2889 subitae
2707 2837 3130 2892 conversionem
3180 2846 3236 2907 et
3270 2837 3578 2896 invasionis

1989 2927 2187 2999 iterum
2244 2924 2297 2982 lu
2349 2926 2541 2984 hostes
2596 2928 2930 2985 repellentes
2974 2928 3267 2985 artiﬁcium
3318 2931 3577 2987 h.beant.

2062 3134 2152 3192 52.
2196 3134 2547 3193 lncursiones
2589 3145 2795 3202 autem,
2841 3147 2895 3193 et
2941 3137 3443 3196 circumventiones
3483 3157 3579 3210 per

292 3230 731 3303 ὑπερκεραστῶν
760 3230 902 3285 κατά
934 3232 1041 3284 τῶν
1070 3232 1315 3299 πλαγίων
1343 3232 1436 3285 καὶ
1468 3230 1561 3285 τοῦ
1583 3231 1755 3287 νώτου
1784 3235 1881 3305 τῆς

2005 3230 2307 3285 :ornistites
2357 3243 2384 3282 τι
2420 3230 2706 3298 lateribus,
2747 3239 2913 3301 atque
2944 3246 2973 3285 a
3023 3241 3177 3304 tergo
3228 3232 3385 3289 facta:
3421 3236 3578 3291 valde

294 3324 664 3397 παρατάξεως
721 3325 898 3379 αὑτῶν
928 3325 1207 3396 γινόμεναι
1238 3325 1497 3397 βλάψουσι
1540 3325 1607 3379 τά
1660 3327 1882 3396 μέγιστα

2005 3337 2084 3377 :os
2118 3323 2336 3389 laedent,
2362 3323 2472 3379 nisi
2505 3322 2559 3379 in
2596 3324 2715 3379 acie
2734 3324 3013 3380 lateranos
3040 3325 3290 3395 egregios
3313 3325 3573 3395 habeant,

294 3414 526 3478 αὐτοὺς,
610 3414 657 3466 εί
737 3414 813 3485 μὴ
885 3415 995 3486 ἄρα
1059 3416 1259 3487 ἔχωσιν
1321 3416 1379 3470 ιν
1444 3418 1510 3488 τῇ
1583 3416 1886 3488 παρατάξει

295 3506 750 3576 πλαγιοφύλακας
779 3504 959 3573 ἀξίους
1000 3508 1212 3581 μεγάλῃ
1253 3507 1537 3563 ὲπελεύσει
1585 3509 1884 3565 ἀντικατα-

298 3617 515 3670 στηναι.

370 3708 474 3780 λγ’.
506 3710 605 3766 Διὰ
627 3710 783 3765 τοῦτο
815 3706 928 3778 οὖν,
964 3711 1039 3774 ὡς
1072 3711 1310 3783 εἴρηται,
1336 3710 1449 3786 χρὴ
1468 3713 1525 3767 ἑν
1556 3713 1675 3777 ταῖς
1698 3712 1883 3767 τοιαύ-

298 3822 425 3867 ταις
466 3804 667 3874 μ-άχαις
711 3804 806 3858 καὶ
847 3803 1189 3875 παρατάξεσι
1247 3805 1445 3868 τόπους
1498 3804 1734 3876 ὁμαλοὺς
1788 3806 1884 3859 καὶ

298 3897 697 3966 ἀνακειμένους
728 3896 820 3949 καὶ
851 3895 999 3960 ῐ-τους
1024 3895 1377 3964 ἐπιλέγεσθαι
1408 3895 1483 3969 μὴ
1508 3897 1732 3968 ἔχοντας
1757 3896 1880 3950 τέλο

303 4008 454 4060 ματα
485 3991 520 4062 ἡ
546 3989 835 4062 ὀρύγματα
870 3988 904 4060 ἡ
944 3988 1205 4059 θάμνους,
1256 3990 1340 4044 ἴνα
1370 3991 1449 4062 μὴ
1493 3990 1785 4045 διασπᾶται
1844 3993 1880 4063 ἡ

299 4082 474 4148 τάξις.

371 4195 466 4250 λδ’.
511 4195 970 4267 Ἐμπαρασκεύου
1010 4195 1068 4250 δὲ
1102 4196 1197 4250 καὶ
1218 4195 1438 4268 ἑτοίμου
1461 4197 1612 4262 ὄντος
1649 4200 1745 4252 καὶ
1774 4216 1882 4253 παι

304 4286 709 4358 ρατεταγμένου
759 4287 855 4342 τοῦ
897 4287 1165 4360 στρατοῦ,
1204 4289 1281 4361 μὴ
1346 4289 1734 4361 ὑπερτίθεσθαι
1781 4292 1881 4363 τὴν

303 4378 605 4453 συμϐολήν.

370 4583 465 4639 λε’.
510 4584 637 4639 Ἐἰιν
664 4585 773 4656 ἄρα
798 4584 892 4639 καὶ
922 4584 1070 4659 δόξῃ¹
1102 4587 1284 4659 μάχην
1335 4588 1678 4661 συγκροῦσαι
1708 4590 1877 4663 δημο-

304 4677 435 4740 σίως
460 4678 601 4731 κατά
638 4676 738 4748 τὴν
791 4677 1009 4749 ἡμέραν
1058 4680 1153 4733 τοῦ
1189 4682 1432 4751 πολέμου
1458 4699 1471 4713 ·
1518 4684 1617 4747 τὰς
1644 4683 1700 4737 δὲ
1734 4702 1873 4755 συμ-

302 4766 462 4830 ϐολὰς
490 4767 608 4839 ἡτοι
637 4767 1034 4839 προσκρούσεις
1058 4772 1117 4823 ὲν
1150 4772 1271 4833 ταῖς
1298 4772 1501 4842 μάχαις
1530 4774 1665 4844 πρὸς
1687 4773 1745 4826 τὸ
1778 4776 1873 4845 μὲο

302 4871 431 4927 τρον
456 4856 557 4927 τῆς
595 4859 880 4923 σαγίττας,
924 4860 1045 4923 ίσας
1077 4860 1174 4913 καὶ
1195 4863 1402 4926 πυκνάς
1426 4867 1565 4919 κατὰ
1593 4863 1750 4932 λόγον
1780 4865 1875 4919 καὶ

305 4944 599 5016 συντόμους
626 4945 707 4999 δεῖ
760 4947 1054 5011 ποιεῖσθαι,
1091 4947 1179 5001 ἵνα
1216 4950 1291 5021 μὴ
1329 4954 1395 5022 τῇ
1448 4950 1744 5025 βραδύτητι
1775 4957 1875 5025 τῆς

1987 3416 2080 3488 qui
2114 3430 2366 3489 magnam
2402 3415 2775 3472 incursionem
2813 3418 3078 3489 repellere
3109 3430 3364 3489 possunt.

2054 3704 2143 3761 55.
2185 3704 2365 3776 Atque
2396 3702 2541 3771 ideo,
2570 3703 3033 3776 quemadmodum
3062 3704 3327 3772 diximus.
3365 3706 3418 3762 in
3451 3707 3576 3763 tali-

1984 3798 2085 3854 bus
2117 3798 2324 3869 przeliis
2368 3808 2422 3855 et
2452 3799 2683 3865 aciebus
2715 3787 3080 3863 instruendis,
3107 3800 3227 3854 loca
3257 3800 3571 3871 aequabilis,

1980 3896 2231 3964 exposita
2282 3903 2339 3949 et
2372 3895 2531 3965 plana
2568 3894 2817 3965 eligenda
2851 3904 3002 3962 sunt,
3039 3910 3161 3968 quae
3194 3911 3380 3968 neque.
3406 3897 3573 3955 arhu-I

1981 3996 2066 4045 sta
2097 3988 2356 4056 habeant,
2391 3997 2449 4044 ut
2479 4004 2549 4045 ne
2579 3988 2729 4045 acies
2762 3989 3089 4059 dissipetur.

2051 4192 2141 4247 '54.
2185 4191 2380 4247 Parato
2403 4191 2515 4263 jam
2547 4192 2931 4265 instructaque
2959 4194 3224 4260 exercitu,
3252 4201 3306 4251 et
3334 4196 3401 4251 ad
3430 4211 3570 4266 prae-

1981 4285 2221 4341 liandum
2266 4286 2323 4340 in
2357 4284 2446 4340 die
2483 4285 2609 4340 belli
2654 4301 2948 4350 converso,
2992 4301 3060 4343 ne
3102 4287 3566 4343 conflictationem

1982 4381 2155 4450 ipsam
2187 4378 2433 4444 ditferas,
2464 4379 2512 4435 si
2550 4378 2648 4434 tibi
2679 4380 2965 4436 decretum
2993 4387 3079 4437 est
3105 4395 3174 4436 eo
3201 4381 3291 4437 die
3321 4382 3569 4453 praelium

1979 4472 2340 4527 committere.

2055 4588 2146 4644 35.
2187 4586 2637 4644 Conﬂictaliones
2670 4590 2849 4660 ipsas,
2878 4593 2963 4649 vel
3005 4607 3299 4664 processus
3331 4592 3397 4648 ad
3431 4608 3564 4647 con-

1980 4681 2296 4755 ﬂigendum,
2326 4697 2422 4751 pro
2452 4683 2663 4737 ratione
2694 4686 3016 4755 sagittarum
3047 4687 3308 4756 aequales,
3363 4686 3571 4740 densas

1980 4784 2034 4829 et
2063 4774 2271 4830 celeres
2320 4774 2501 4829 facere
2548 4782 2788 4843 oportet,
2832 4785 2893 4829 ut
2942 4792 3011 4831 ne
3060 4777 3319 4832 tarditate
3371 4791 3563 4846 proce-

1980 4866 2169 4932 dendi,
2203 4866 2477 4921 continuae
2522 4873 2576 4921 et
2610 4869 2794 4937 plures
2829 4869 3152 4939 sagittarum
3186 4869 3568 4939 coniectiones

1981 4965 2095 5012 tum
2128 4957 2326 5014 milites
2358 4967 2471 5011 tum
2503 4974 2675 5027 equos
2712 4960 2885 5030 magis
2918 4961 3229 5017 vulnerent.

304 5039 623 5110 συμπλοκῆς
654 5040 743 5095 διὰ
772 5042 869 5111 τῆς
917 5042 1171 5113 συνεχοῦς
1211 5044 1422 5111 τοξείας
1468 5046 1577 5101 τῶν
1611 5048 1866 5103 ἐναντίων
1892 5050 2114 5105 πλείονα
2144 5051 2213 5105 τὰ
2245 5051 2373 5121 βέλη
2404 5052 2636 5115 καὶτοῖς
2670 5053 3055 5124 στρατιώταις,
3115 5056 3210 5109 καὶ
3290 5056 3403 5120 τοῖς
3472 5056 3563 5108 ἵπ-

304 5146 425 5192 ποις
453 5131 789 5201 ἐμπέσωσιν.

372 5222 478 5289 λς-’.
521 5225 646 5278 Ἐὰν
674 5225 731 5279 δέ
766 5242 849 5289 τις
871 5226 1086 5298 ἀνάγκη
1123 5227 1370 5299 γένηται,
1403 5229 1489 5283 ἵνα
1523 5234 1579 5284 ὲν
1609 5232 1869 5305 δυσχερε-

2048 5232 2137 5288 56.
2183 5232 2278 5288 Sin
2325 5234 2505 5305 aliqua
2551 5236 2853 5293 necessitas
2901 5244 3109 5307 urgeat,
3152 5246 3209 5292 ut
3253 5237 3566 5296 diﬂiciliore

308 5317 478 5389 στέρῳ
500 5318 649 5386 τόπῳ
676 5318 709 5387 ἡ
742 5318 887 5388 μάχη
915 5319 1159 5388 γένηται,
1184 5320 1347 5372 καλόν
1384 5322 1500 5374 ἐστι
1526 5322 1651 5386 τοὺς
1684 5325 1781 5394 μὲν
1808 5327 1866 5378 ὲν

2005 5346 2028 5381 ιι
2067 5329 2187 5382 loco
2232 5329 2477 5399 proelium
2520 5331 2922 5397 committatur,
2968 5331 3114 5386 haud
3157 5335 3256 5388 abs
3300 5341 3352 5388 te
3394 5332 3559 5390 fuerit

310 5409 499 5483 πεζικῇ
528 5411 679 5477 τάξει
732 5412 1094 5482 καταστῆσαι,
1149 5416 1274 5476 τοὺς
1294 5414 1351 5467 δὲ
1382 5414 1473 5467 ἐπὶ
1511 5416 1620 5469 τῶν
1663 5418 1863 5485 ἵππων,
1912 5460 1915 5461 ν

305 5502 394 5554 καὶ
428 5505 501 5575 μὴ
525 5504 621 5576 τὴν
651 5505 830 5558 πᾶσαν
855 5505 1159 5576 παράταξιν
1184 5507 1241 5559 ἐν
1266 5506 1530 5572 τοιούτοις
1556 5510 1864 5579 ἀνωμάλοις

302 5596 479 5661 τόποις
512 5596 907 5667 καϐαλλαρίους
940 5598 1100 5667 μόνον
1155 5599 1410 5659 ποιοῦντα
1462 5604 1860 5672 παρατάσσειν.

368 5687 465 5753 λζ’.
493 5690 557 5745 Αἱ
592 5690 699 5760 γὰρ
724 5689 832 5742 τῶν
856 5692 1201 5761 κονταράτων
1222 5693 1565 5765 ὲγχειρὴσεις
1589 5696 1730 5749 κατά
1754 5699 1863 5750 τῶν

303 5781 551 5847 τοξοτῶν,
576 5784 650 5845 ὡς
682 5784 931 5851 είπομεν,
973 5782 1068 5839 ἐὰν
1115 5790 1188 5857 μὴ
1215 5787 1320 5839 ἴσοι
1359 5789 1452 5841 καὶ
1499 5789 1859 5844 άδιάσπαστοι

1971 5424 2237 5492 quosdam
2287 5423 2525 5491 pedestri
2574 5423 2626 5477 in
2678 5426 2796 5478 acie
2840 5426 3134 5489 collocare,
3178 5426 3445 5496 quosdam
3492 5444 3556 5484 ex

1970 5516 2158 5583 cquis,
2188 5526 2246 5567 ιιι
2277 5531 2344 5568 ne
2376 5531 2568 5569 omnes
2598 5531 2721 5570 cum
2754 5519 3063 5587 equitibus,
3095 5518 3148 5573 in
3181 5520 3287 5573 huc
3312 5519 3561 5575 locorum

1974 5607 2345 5677 inte-qualitate
2379 5611 2798 5668 admisceatnus.
3056 5602 3059 5603 ν

2041 5699 2129 5753 57.
2174 5699 2461 5756 llastaruut
2515 5717 2693 5759 autem
2740 5704 3002 5761 adversus
3053 5704 3283 5776 sagittas
3332 5704 3559 5759 dimica-

1974 5791 2149 5847 tioncs
2170 5832 2184 5856 .
2212 5794 2255 5849 si
2290 5794 2580 5865 inaequalia
2607 5808 2986 5870 praeruptaque
3019 5805 3135 5856 loca
3171 5799 3378 5856 fuerint
3397 5840 3411 5866 ,
3437 5814 3558 5853 ma-

305 5864 447 5945 ὧσιν,
486 5873 687 5939 βλάϐην
718 5871 918 5945 πολλὴν
965 5877 1027 5930 ἐκ
1073 5876 1179 5933 τῶν
1211 5878 1479 5947 σαγιττῶν
1516 5879 1860 5953 ὑφίστανται,

2011 5903 2108 5943 uas
2142 5864 2474 5947 offensiones
2511 5892 2565 5948 in
2602 5864 2742 5951 bello
2774 5892 3088 5965 accipiunt,
3120 5906 3284 5968 atque
3316 5893 3385 5951 ad
3417 5909 3555 5951 con-
