4040 6298
549 450 655 514 5ῖῶ

1770 444 1964 504 LEON
1977 445 2043 504 IS
2099 441 2555 503 PHILOSOPHI

3693 432 3803 496 95-6

544 540 835 609 tligendum
889 539 1222 610 impediunt;
1295 539 1475 610 itaque
1527 538 1703 609 planis
1744 535 2114 608 expositisque

2223 533 2316 586 καὶ
2352 531 2488 603 πρὸς
2521 531 2620 601 τὴν
2653 529 2926 602 συμϐολὴν
2947 528 3370 594 ἀνακόπτονται,
3400 527 3483 582 διδ
3515 527 3612 581 καὶ
3661 528 3804 595 δμα-

544 635 683 691 locis
715 635 915 691 hastati
947 635 1013 689 ad
1048 633 1418 690 dimicandum
1446 642 1626 707 egent.

614 818 705 874 58.
747 816 844 872 Sin
869 831 928 872 se
953 819 1018 869 ad
1047 816 1353 889 bellandum
1382 828 1504 869 cum
1533 813 1783 868 hostibus
1811 811 1988 868 minus
2016 811 2113 866 ha-

515 913 702 967 --bilem
731 927 854 968 esse
885 910 1179 981 imperator
1206 908 1552 972 intellexerit,
1577 922 1684 963 non
1717 906 1950 978 publicis
1980 921 2114 977 prae-

542 995 631 1058 iiis
672 1017 793 1058 cum
838 1017 902 1056 eo
943 1000 1269 1063 conﬂictari,
1309 1001 1403 1055 sed
1445 997 1876 1063 incursionibus,
1911 1005 1964 1052 et
2009 997 2113 1050 im-

545 1094 919 1170 pressionibus
965 1109 1065 1148 nec
1096 1093 1369 1163 Opinatis,
1410 1101 1463 1148 et
1507 1093 1749 1146 lucorum
1795 1089 2114 1160 opportuni-

543 1185 752 1242 tatcond
790 1185 1022 1240 furtivas
1061 1182 1325 1248 insidias,
1360 1191 1415 1239 et
1460 1185 1841 1252 aggressiones
1874 1181 2113 1236 hostium

547 1287 765 1347 utatur;
796 1294 972 1348 neque
999 1293 1165 1334 causa
1197 1293 1295 1332 cur
1323 1276 1522 1331 bellum
1553 1273 1834 1330 differatur
1861 1274 1944 1329 vel
1976 1272 2114 1335 suis,

542 1374 624 1426 vel
659 1373 909 1428 hostibus
943 1369 1185 1441 pateﬁat,
1215 1377 1273 1423 ut
1303 1384 1371 1424 nc
1399 1385 1463 1423 ex
1494 1384 1560 1424 eo
1590 1368 1775 1424 hostes
1805 1367 2116 1422 animentur

541 1465 607 1519 ad
636 1465 910 1547 praelium,
937 1463 1013 1518 tui
1045 1477 1075 1516 a
1106 1461 1294 1532 praelio
1321 1461 1732 1517 abstrahantur.

610 1645 701 1702 39.
745 1643 1150 1708 Rcvolutiones,
1185 1641 1236 1698 id
1269 1650 1374 1707 est,
1426 1641 1815 1697 conversiones
1843 1648 1898 1697 et
1933 1654 2116 1694 rever-

542 1739 727 1793 siones
771 1739 825 1792 in
868 1735 1319 1798 discessionibus,
1359 1750 1465 1789 non
1510 1733 1798 1789 manifeste
1841 1741 2004 1798 atque
2045 1747 2112 1786 ex

541 1830 773 1885 adverso
811 1829 1048 1884 hostium
1085 1827 1247 1892 fiant,
1280 1827 1374 1883 sed
1410 1827 1475 1882 ad
1510 1826 1654 1881 latus
1690 1840 1750 1881 sc
1782 1823 2118 1894 obliquando

2213 624 2450 694 λωτέρου
2481 625 2693 678 δέονται
2726 623 2890 678 τόπου
2917 624 2974 677 ἐν
2995 625 3116 687 ταῖς
3159 624 3362 694 μάχαις
3397 622 3448 675 οἱ
3483 621 3800 691 κονταρίοις

2213 719 2505 791 χρώμενοι.

2279 814 2381 886 λη’.
2429 813 2554 870 Ἐάν
2583 813 2636 869 δὲ
2666 814 2981 887 κατανοήσῃ
3011 815 3040 868 ὁ
3067 811 3389 883 στρατηγὸς,
3410 812 3494 866 ὅτι
3519 811 3621 864 οὑκ
3647 810 3804 864 ἔστιν

2213 905 2511 976 ἀξιόμαχος
2541 907 2568 960 ὁ
2604 904 2835 975 στρατὸς
2861 904 3027 958 αὑτοῦ
3062 903 3200 976 πρὸς
3229 903 3354 967 τοὺς
3398 903 3704 966 ἐναντίους,
3737 905 3803 956 οὖ

2213 1000 2293 1051 δεῖ
2325 999 2488 1052 αὑτὸν
2521 998 2788 1068 μάχεσθαι
2816 997 3077 1065 πολέμοις
3106 996 3408 1069 δημοσίοις,
3441 995 3556 1049 ἀλλ’
3583 996 3804 1065 ἐφόδοις

2215 1093 2382 1164 ἡγουν
2434 1090 2751 1146 ἐπελεύσεσι
2795 1092 2890 1146 καὶ
2928 1081 3160 1154 κλοπαῖς
3219 1089 3361 1144 κατά
3415 1087 3526 1142 τῶν
3582 1087 3804 1159 ἐχθρῶν

2217 1187 2518 1257 κεχρῆσθαι
2548 1186 2805 1256 ἀσφαλῶς
2834 1186 2927 1239 καὶ
2971 1183 3326 1254 εὐσχημόνως
3352 1183 3441 1238 διὰ
3468 1181 3649 1236 τύπων
3683 1183 3804 1235 ἐπι-

2216 1279 2441 1348 τηδείων
2476 1279 2555 1342 είς
2584 1280 2644 1334 τὸ
2676 1280 2750 1350 μὴ
2777 1277 3127 1350 δηλοῦσθαιῆ
3159 1280 3268 1342 τοῖς
3302 1277 3640 1348 ἐναντίοις,ἧ
3686 1281 3805 1340 τοῖς

2219 1373 2372 1436 ἰδίοις
2413 1373 2506 1427 τὸν
2553 1373 2752 1427 σκοπὸν
2787 1373 2855 1426 δι’
2889 1373 2948 1427 δν
2997 1373 3207 1442 γίνεται
3236 1375 3269 1441 ἡ
3350 1371 3641 1444 ὑπέρθεσις
3699 1370 3805 1440 τῆς

2215 1465 2506 1536 δημοσίας,
2530 1467 2617 1520 ἵνα
2653 1465 2726 1537 μὴ
2749 1467 2814 1520 ἐκ
2843 1467 3034 1520 τούτου
3061 1468 3174 1530 τοῖς
3206 1466 3307 1536 μὲν
3328 1465 3609 1536 πολεμίοις
3630 1465 3805 1519 αὑτοῦ

2219 1559 2442 1630 θράσος,
2480 1557 2558 1629 τῷ
2588 1559 2644 1612 δέ
2666 1558 2781 1628 λαῷ
2813 1558 2978 1614 αὑτοῦ
2996 1559 3165 1612 δειλία
3195 1558 3441 1628 γένηται.

2286 1649 2388 1708 λθ’.
2425 1651 2536 1715 Τάς
2566 1650 2623 1704 δέ
2657 1650 2936 1718 ὲξελίξεις,
2966 1651 3157 1722 ἧγουν,
3193 1651 3293 1714 τὰς
3327 1648 3664 1719 ἐπιστροφὰς
3709 1651 3805 1702 καὶ

2221 1745 2567 1815 ἀναστροφὰς
2613 1747 2673 1799 ἐν
2728 1748 2847 1808 ταῖς
2904 1745 3306 1815 ὑποχωρήσεσι,
3366 1742 3440 1813 μὴ
3482 1743 3553 1796 δι’
3624 1741 3804 1806 ὂψεως

2220 1837 2486 1891 ποιεῖσθαι
2519 1837 2629 1889 τῶν
2663 1836 2941 1901 ἐναντίων,
2983 1836 3118 1890 ἀλλά
3146 1835 3236 1889 διὰ
3271 1836 3382 1889 τῶν
3420 1835 3666 1904 πλαγίων
3700 1837 3804 1889 αὑ-

541 1929 866 1977 convertant
921 1929 1084 1991 atque
1117 1919 1310 1975 iterum
1340 1933 1369 1972 a
1401 1930 1552 1988 tergo
1582 1919 1706 1974 illos
1735 1918 2112 1988 intercipiant;

2221 1930 2326 1983 τῶν
2347 1929 2706 1999 ἀναστρέφειν
2740 1929 2833 1983 καὶ
2870 1929 2998 1992 τοὺς
3025 1927 3227 1992 νὼτους
3264 1927 3444 1981 αὑτῶν
3469 1928 3804 1998 ἀπολαμϐά-

540 2015 762 2087 quidam
807 2014 952 2071 enim
998 2029 1064 2070 ex
1110 2013 1384 2080 hostibus,
1425 2020 1487 2068 ut
1529 2011 1729 2074 Persas,
1773 2027 1898 2067 cum
1943 2011 2115 2065 aciem

540 2107 844 2163 dissolvere
878 2105 1088 2173 nolint,
1124 2104 1283 2159 facile
1315 2115 1463 2174 terga
1493 2118 1591 2158 sua
1621 2102 1886 2171 objiciunt
1920 2101 1988 2157 iis
2022 2101 2115 2171 qui

541 2207 734 2255 contra
776 2213 870 2253 eos
910 2197 1159 2254 conversi
1201 2205 1366 2263 sunt,
1408 2202 1463 2251 et
1506 2195 1665 2265 quasi
1713 2193 1968 2265 fugiendo
2013 2208 2117 2262 pu-

543 2303 730 2365 gnant.
753 2291 887 2346 Nam
910 2292 1002 2362 qui
1030 2290 1345 2356 discedunt,
1373 2298 1426 2347 et
1450 2288 1882 2361 subterfugiunt,
1910 2286 1957 2341 si
1983 2302 2114 2341 con-

544 2390 686 2444 versi
711 2384 984 2441 voluerint
1010 2401 1077 2441 ex
1105 2383 1339 2440 adverso
1366 2383 1604 2439 hostium
1637 2399 1694 2440 se
1722 2381 1960 2451 obiicere
1986 2381 2116 2446 illis,

545 2487 872 2553 magnopere
921 2478 1213 2547 laeduntur,
1258 2478 1305 2535 si
1356 2477 1414 2534 in
1460 2477 1584 2534 illos
1632 2477 1930 2533 instructos
1974 2472 2118 2529 inci-

541 2576 694 2633 dant.

611 2758 702 2813 40.
742 2756 936 2812 Turca
964 2753 1234 2826 fugientes
1257 2753 1448 2810 hostes
1473 2751 1701 2809 confuse
1730 2751 2116 2821 insequuntur,

543 2852 690 2908 unde
726 2850 982 2906 facillime
1017 2848 1311 2914 laeduntur,
1347 2848 1394 2903 si
1425 2846 1520 2919 qui
1555 2845 1693 2918 fuga:
1726 2861 1787 2902 se
1821 2849 2116 2911 mandant,

539 2929 662 3002 sine
692 2945 826 3000 aciei
859 2959 972 2999 sum
1002 2943 1409 3013 perturbatione
1440 2940 1663 3001 faciant.
1692 2946 1746 2994 et
1778 2953 1996 2992 rursum
2025 2952 2117 2992 ea-

541 3038 664 3092 dem
697 3051 822 3092 cum
857 3034 1069 3091 ordinis
1101 3032 1519 3091 conservatione
1555 3032 1608 3088 in
1641 3029 1766 3087 illos
1797 3030 1996 3086 iterum
2033 3029 2118 3085 in-

539 3132 761 3188 vadant.

2218 2039 2348 2076 νειν.
2379 2021 2512 2076 Τινά
2541 2022 2649 2093 γὰρ
2703 2020 2814 2074 τῶν
2856 2019 3025 2074 ἐθνῶν
3068 2014 3152 2074 οἷα
3192 2019 3287 2074 καὶ
3327 2021 3395 2074 τὰ
3428 2020 3538 2074 τῶν
3569 2020 3806 2093 Περσῶν

2219 2115 2348 2168 ποτὲ
2389 2114 2463 2187 μὴ
2506 2113 2807 2186 βουλόμενα
2838 2111 3072 2167 διαλύειν
3113 2111 3268 2178 τάξιν
3323 2112 3526 2179 αὑτῶν,
3560 2112 3805 2176 εὐκόλως

2215 2208 2346 2271 τοὺς
2401 2207 2606 2270 νὼτους
2669 2207 2845 2260 αὑτῶν
2901 2204 3208 2277 προδιδοῦσι
3282 2205 3394 2268 τοῖς
3443 2204 3564 2259 κατ’
3621 2203 3807 2258 αὑτῶν

2219 2297 2647 2369 ὑποστρέφουσιν
2690 2297 2856 2352 οἱονεὶ
2885 2295 3369 2369 ’φυγομαχοῦντες.
3407 2296 3568 2350 Ἀλλά
3613 2298 3713 2350 καὶ
3754 2298 3804 2349 οι

2219 2391 2636 2463 ὑποχωροῦντες
2665 2391 2761 2445 καὶ
2813 2391 3219 2460 ὑποφεύγοντες
3271 2391 3470 2454 αὑτοὺς
3511 2391 3560 2444 εί
3603 2389 3806 2462 βουλη-

2220 2488 2386 2543 θῶσιν
2413 2486 2896 2558 ἀντιστρεφόμενοι
2943 2487 3024 2551 είς
3053 2486 3176 2558 ὄψιν
3217 2485 3326 2540 τῶν
3355 2485 3666 2540 διωκόντων
3701 2487 3808 2540 αὑ-

2220 2581 2342 2644 τοὺς
2367 2580 2541 2634 ἐλθεῖν
2572 2579 2902 2652 βλάπτονται
2938 2580 3392 2652 συντεταγμένοις
3428 2581 3617 2645 αὐτοῖς
3646 2598 3808 2653 ⁴περι-

2221 2674 2533 2738 πίπτοντες.

2294 2764 2366 2834 μ⁹.
2395 2768 2476 2822 Τὰ
2502 2766 2601 2839 μὲν
2629 2768 2738 2841 γὰρ
2770 2767 2878 2822 τῶν
2903 2767 3073 2823 ἐθνῶν
3102 2761 3214 2824 οἷον
3247 2769 3296 2822 oi
3320 2768 3555 2840 Τοῦρκοι
3599 2769 3664 2823 ἐν
3686 2771 3811 2833 ταῖς

2219 2858 2468 2925 διώξεσιν
2493 2859 2745 2925 ἀτάκτως
2772 2861 3106 2917 ἐπιτίθενται
3137 2862 3253 2925 τοῖς
3273 2859 3651 2931 διωκομένοις,
3683 2860 3812 2913 ὅθεν

2219 2954 2315 3007 καὶ
2343 2953 2728 3026 εὐχερέστερον
2757 2952 3088 3026 βλάπτονται
3119 2936 3271 3025 παρὰ
3303 2954 3410 3009 τῶν
3444 2953 3809 3024 διωκομένων

2219 3047 2496 3114 εὐτάκτως
2526 3048 2958 3123 ὑποχωρούντων
2989 3050 3085 3105 καὶ
3110 3049 3585 3122 ὑποστρεφόντων.

609 3249 701 3304 ιι.
743 3246 877 3302 Alia:
914 3246 1163 3302 nationes
1197 3243 1480 3318 permulta
1512 3243 1798 3312 ordinatae,
1833 3253 1999 3317 atque
2031 3243 2114 3300 in-

2291 3260 2401 3327 μαν.
2435 3253 2518 3310 Td
2545 3253 2604 3310 δὲ
2647 3253 2838 3326 πράως
2882 3253 2978 3310 καὶ
3027 3255 3475 3327 συντεταγμένως
3513 3253 3806 3313 διώκουσι.

541 3346 766 3396 structae
790 3337 1057 3410 fugientes
1084 3336 1474 3408 insequuntur;
1506 3337 1689 3408 itaque
1712 3337 1937 3394 minime
1958 3352 2116 3410 opor-

541 3442 616 3490 tet
649 3447 868 3499 coram,
899 3441 1063 3501 atque
1093 3445 1158 3487 ex
1194 3429 1425 3485 adverso
1458 3419 1512 3484 in
1553 3429 1675 3486 illos
1706 3431 1986 3498 conversi,
2021 3431 2116 3489 sed

540 3525 610 3582 ad
641 3525 808 3587 latus,
839 3533 1001 3595 atque
1032 3536 1062 3577 a
1092 3531 1265 3595 tergo,
1296 3523 1758 3595 quemadmodum
1793 3527 2112 3594 memoravi,
2140 3532 2143 3535 '

541 3617 911 3676 incursionem
944 3614 1142 3672 facere.

609 3711 697 3767 42.
730 3709 997 3777 Quoniam
1017 3707 1318 3764 Turcarum
1342 3708 1673 3764 mentionem
1695 3707 1947 3775 fecimus,
1969 3709 2111 3765 haud

539 3805 638 3862 abs
665 3820 726 3861 re
757 3803 921 3860 fuerit
953 3802 1264 3858 universam
1297 3801 1512 3858 illorum
1545 3805 1738 3870 aciem,
1767 3812 1820 3859 et
1851 3803 2115 3875 quemad-

541 3897 761 3953 modum
793 3894 1082 3950 adversum
1119 3893 1242 3949 illos
1271 3901 1458 3950 nostra
1492 3895 1637 3950 acies
1666 3894 1983 3951 instruenda
2009 3898 2079 3952 sit
2099 3935 2112 3957 .

539 3989 835 4059 explicare.
877 3984 992 4042 Hoc
1035 3985 1181 4042 enim
1228 3987 1558 4058 experientia
1605 3988 1946 4054 tenebmnus,
1987 4003 2111 4041 cum

541 4080 754 4152 Bulgari
790 4077 1032 4134 induciis
1064 4078 1282 4132 violatis
1315 4077 1588 4134 Thracum
1630 4079 1906 4152 regionem
1944 4095 2112 4152 p0pu-

542 4176 812 4230 labantur.
851 4173 1112 4242 Bulgaros
1150 4172 1294 4228 enim
1342 4172 1477 4228 ultio
1513 4173 1719 4240 divina,
1755 4184 1976 4244 propter
2009 4173 2112 4230 hoc

541 4267 865 4338 perjurium,
892 4267 946 4320 in
976 4263 1179 4320 Christi
1210 4263 1304 4320 Dei
1335 4265 1531 4332 nostri,
1556 4273 1610 4320 et
1635 4266 1806 4321 totius
1839 4265 2111 4322 univcrsi-

540 4361 670 4417 tatis
695 4360 836 4430 rcgis
863 4357 1085 4414 nomine
1112 4356 1444 4421 admissum,
1469 4357 1623 4428 justo
1654 4358 1927 4429 supplicio
1956 4373 2110 4414 coer-

538 4456 673 4508 cuit.
709 4450 844 4507 Nam
890 4467 1014 4508 cum
1056 4461 1259 4508 nostra:
1292 4450 1464 4520 capia:
1497 4452 1761 4508 adversus
1804 4451 2111 4509 Saracenos

539 4555 819 4616 occupata!
846 4553 1063 4609 essent,
1089 4543 1301 4598 'l'urcas
1327 4542 1510 4598 divina
1537 4543 1886 4599 Providentia
1913 4544 2110 4600 adver-

2219 3346 2311 3403 Διδ
2336 3347 2455 3402 οὑδέ
2484 3346 2591 3420 χρὴ
2656 3349 2782 3412 τοὺς
2839 3347 3285 3419 ἀναστρέφοντας
3330 3351 3452 3402 κατ’
3501 3347 3694 3402 αὑτῶν
3731 3350 3807 3402 δι’

2215 3441 2388 3513 ὅψεως
2427 3439 2769 3508 ἐπιτηδεύειν
2790 3440 3067 3512 ἔρχεσθαι,
3095 3440 3229 3495 ἀλλά
3271 3443 3368 3495 καὶ
3400 3441 3489 3496 διά
3522 3443 3634 3495 τῶν
3668 3443 3805 3496 πλα-

2215 3535 2348 3604 γίων
2382 3535 2472 3588 καὶ
2504 3533 2646 3587 κατὰ
2686 3533 2782 3587 τοῦ
2817 3534 2989 3588 νώτου
3036 3533 3214 3588 αὑτῶν
3252 3533 3523 3589 ποιεῖσθαι
3570 3533 3672 3607 τὴν
3709 3538 3805 3591 ἐπ’·

2215 3627 2449 3691 ἐλευσιν,
2476 3625 2551 3691 ῶς
2580 3644 2672 3697 μοι
2698 3626 2939 3698 είρηται.

2291 3720 2403 3791 μβ¹.
2451 3719 2606 3774 Ἐπεὶ
2659 3719 2715 3774 δὲ
2745 3719 3007 3791 Τούρκων
3051 3719 3352 3794 ἐμνήσθην,
3407 3721 3509 3777 οὑκ
3539 3721 3805 3795 ἀδόκιμον

2215 3813 2498 3884 κρίνομεν,
2525 3813 2622 3868 καὶ¹
2655 3814 2805 3878 ὅπως
2837 3814 2993 3869 αὑτοὶ
3022 3813 3487 3886 παρατάττονται,
3525 3816 3622 3870 καὶ
3647 3816 3802 3881 ὅπως

2216 3905 2402 3969 αὐτοῖς
2428 3905 2975 3977 ἀντιπαρατάξασθαι
3005 3904 3145 3972 δέον,
3182 3905 3546 3977 διασαφῆσαι,
3577 3906 3669 3962 διὰ
3706 3926 3803 3978 με·

2213 3999 2370 4070 τρίας
2415 3998 2611 4070 πείρας
2652 3997 3045 4068 ἀναμαθόντις,
3094 3998 3184 4054 ὅτε
3234 4000 3548 4072 συμμάχοις
3612 4002 3802 4066 αὑτοῖς

2215 4088 2596 4161 ἐχρησάμεθα,
2624 4088 2949 4162 Βουλγάρων
2975 4091 3376 4163 τάςέίρηνικάς
3404 4092 3803 4165 παραϐεϐηκό-

2213 4198 2321 4236 των
2349 4182 2599 4248 σπονῦὰς,
2646 4183 2742 4236 καὶ
2769 4182 2840 4237 τά
2874 4183 2974 4254 τῆς
3021 4184 3253 4256 Θρᾴκης
3303 4185 3480 4257 χωρία
3524 4185 3807 4260 καταδρα-

2215 4275 2448 4344 μόντων.
2487 4269 2584 4341 Οἷς
2612 4278 2644 4346 ἡ
2672 4276 2796 4346 δίκη
2832 4275 3196 4343 ἐπεξελθοῦσα
3219 4278 3318 4348 τῆς
3342 4279 3423 4343 είς
3450 4279 3689 4350 Χριστὸν
3708 4281 3806 4335 τὸν

2213 4367 2348 4423 Θεὸν
2378 4368 2669 4440 παροινίας
2700 4370 2810 4422 τῶν
2855 4369 2995 4424 ὅλων
3038 4371 3130 4425 τὸν
3163 4370 3385 4442 βασιλέα
3415 4373 3579 4443 τάχος
3625 4372 3806 4444 ἔφθα-

2214 4477 2306 4513 σεν
2331 4459 2601 4515 ἐπιθεῖναι
2627 4460 2728 4532 τὴν
2757 4461 3051 4532 τιμωρίαν.
3081 4463 3190 4517 Καὶ
3220 4465 3329 4536 γὰρ
3355 4463 3466 4518 τῶν
3505 4467 3806 4537 ἡμετέρων

2211 4555 2498 4624 δυνάμεων
2531 4555 2671 4608 κατά
2698 4555 3033 4627 Σαρακηνῶν
3071 4556 3488 4628 ἀσχολουμένων
3513 4559 3806 4630 Τούρκους

537 4658 659 4695 sum
699 4657 794 4697 eos
835 4639 1207 4694 Romanorum
1249 4638 1369 4693 vice
1411 4639 1662 4703 armavit,
1704 4639 1881 4694 classe
1923 4651 2108 4694 nostra

2220 4651 2248 4719 ἡ
2305 4648 2424 4703 θεία
2477 4649 2713 4720 Πρόνοια
2771 4650 2893 4704 ἀντὶ
2929 4649 3220 4721 Ῥωμαίων
3269 4651 3415 4706 κατά
3465 4651 3802 4725 Βουλγάρων

538 4734 738 4788 Istrum
769 4732 1193 4798 transmittente,
1223 4741 1386 4801 atque
1412 4732 1535 4787 illos
1562 4732 1851 4801 adjuvante
1870 4773 1885 4797 ,
1909 4742 1964 4788 et
1988 4733 2116 4787 Bul-

540 4841 794 4896 garorum
850 4835 1040 4880 contra
1088 4823 1434 4880 Christianos
1485 4833 1755 4879 armatum
1812 4825 2112 4880 exercitum

540 4920 716 4975 tribus
751 4919 955 4989 pmliis
993 4918 1278 4981 fuderunt.
1309 4918 1568 4973 divinitus
1603 4918 1668 4972 ad
1706 4918 1840 4984 hoc,
1872 4925 1931 4973 ut
1959 4918 2113 4974 vitle-

539 5021 650 5076 tur,
681 5011 952 5076 missi,,ne
985 5009 1212 5065 Romani
1243 5010 1538 5065 Christiani
1558 5009 1915 5082 Bulgarorum
1951 5011 2112 5066 Chri-

539 5107 843 5163 stianorum
879 5105 1144 5176 sanguine
1175 5104 1618 5174 inquinarentur.

604 5378 694 5433 45.
732 5375 1002 5448 Scythica:
1034 5372 1284 5428 nationes
1314 5386 1478 5426 unam
1529 5369 1734 5426 habent
1764 5371 1900 5426 aciei
1941 5387 2110 5443 appa-

536 5483 798 5542 ratusque
840 5470 1094 5533 formam,
1134 5467 1386 5538 quamvis
1430 5465 1774 5520 diversorum
1825 5462 2109 5520 hominum

535 5562 781 5634 imperiis
818 5560 1205 5630 subjiciantur,
1235 5569 1290 5614 et
1317 5558 1386 5614 ad
1417 5558 1634 5628 negotia
1669 5555 1990 5613 facessenda
2026 5561 2113 5612 in-

532 5656 720 5719 citati,
747 5655 1087 5724 pastionibus
1115 5651 1327 5724 pecoris
1351 5651 1512 5706 vitam
1544 5651 1942 5706 transmittunt.
1969 5652 2109 5707 Sola:

533 5756 714 5804 autem
751 5748 1104 5820 Bulgarorum
1146 5754 1201 5803 et
1231 5745 1536 5800 Turcarum
1572 5743 1823 5799 nationes
1855 5744 2106 5800 similiter

2216 4742 2570 4811 ἐστράτευσε,
2603 4741 2850 4813 πλωΐμου
2911 4743 3102 4797 στόλου
3157 4745 3259 4811 τῆς
3304 4745 3462 4816 ἡμῶν
3513 4745 3803 4817 βασιλείας

2213 4833 2306 4886 τὸν
2335 4834 2547 4904 Ἴστρον
2587 4834 2782 4898 αὑτοὺς
2813 4835 3244 4905 διαπεράσαντός
3268 4853 3327 4891 τε
3372 4839 3464 4891 καὶ
3494 4843 3800 4912 συμμαχήο

2215 4942 2426 4988 σαντος,
2459 4925 2554 4979 καὶ
2577 4925 2668 4978 τδν
2698 4927 2882 4988 κακῶς
2912 4926 3054 4981 κατά
3082 4929 3429 5000 Χριστιανῶν
3457 4932 3800 4989 ὀπλισθέντα

2212 5014 2538 5086 Βουλγάρων
2578 5015 2804 5084 στρατὸν
2830 5018 2976 5086 τρισὶ
3020 5018 3224 5089 μάχαις
3252 5021 3394 5075 κατά
3419 5021 3620 5094 κράτος
3647 5041 3798 5079 νενι-

2211 5107 2452 5177 κηκότας
2490 5106 2626 5179 (64),
2649 5108 2726 5172 ὡς
2750 5107 2816 5163 ἂν
2846 5110 2895 5162 εἰ
2927 5109 3155 5181 δημίους
3180 5112 3606 5178 ἐξαποστείλασα
3651 5121 3797 5171 κατὰ

2210 5197 2411 5262 αὑτῶν,
2442 5198 2530 5252 ἵνα
2560 5200 2634 5270 μὴ
2658 5199 2877 5264 ἑκόντες
2906 5201 3166 5272 Ῥωμαίοι
3186 5204 3502 5274 Χριστιανοὶ
3526 5207 3798 5276 Χριστια-

2206 5286 2314 5340 νῶν
2348 5288 2672 5358 Βουλγάρων
2698 5290 2893 5360 αἵμασι
2922 5291 3252 5361 χραίνοιντο.

2289 5385 2400 5448 μγ’.
2439 5379 2519 5433 Τὰ
2555 5380 2798 5434 Σκυθικὰ
2828 5382 3010 5436 τοίνυν
3046 5381 3172 5454 ἔθνη
3203 5385 3333 5454 μιᾶς
3387 5386 3546 5449 εἰσιν,
3583 5386 3660 5450 ὡς
3705 5387 3791 5441 εξ-

2210 5474 2353 5538 πεῖν,
2386 5474 2735 5545 ἀναστροφῆς
2766 5491 2823 5527 τε
2875 5475 2970 5528 καὶ
3001 5476 3228 5544 τάξεως,
3260 5478 3544 5552 πολύαρχά
3585 5498 3647 5537 τε
3694 5484 3796 5537 καὶ

2209 5565 2540 5636 ἀπράγμονα
2579 5566 2888 5637 νομαδικῶς
2921 5569 2996 5632 ὡς
3041 5570 3245 5624 ἐπίπαν
3277 5571 3518 5642 βιοῦντα.
3548 5575 3701 5628 Μόνα

2216 5659 2284 5710 τὰ
2309 5659 2417 5711 τῶν
2449 5660 2775 5732 Βουλγάρων
2814 5662 3040 5731 προσέτι
3075 5663 3134 5717 δέ
3163 5666 3255 5718 καὶ
3277 5665 3346 5718 τά
3378 5666 3486 5719 τῶν
3524 5667 3792 5737 Τούρκων

2214 5749 2311 5815 τῆς
2339 5752 2532 5822 ὁμοίας
2561 5755 2906 5825 φροντίζουσι
2946 5755 3153 5824 τάξεως
3210 5759 3513 5834 πολεμικῆς
3562 5763 3791 5833 ισχυροο

2031 5837 2238 5897 Ν()ΤίΕ
2249 5884 2262 5898 .

603 5935 715 6008 (64)
745 5935 1163 6006 Νενεκηκότας.
1201 5933 1411 6000 Scribe,
1448 5933 1814 6004 νενικηκότος.
