4040 6298
289 423 392 490 957

1300 417 1636 479 TAC'i'i’CA.
1672 441 1740 450 ·-
1772 414 2278 476 CONSTITUTIO
2305 413 2528 475 XVIII.

3453 407 3560 473 958

289 542 454 612 τέρας
487 538 596 594 τῶν
627 536 800 592 ἄλλων
833 532 1114 588 Σκυθικῶν
1143 532 1310 587 ἐθνῶν
1353 532 1451 596 τὰς
1499 527 1641 585 κατὰ
1672 526 1870 581 σύστα-

2001 527 2128 582 ιοίοε
2156 541 2288 582 suas
2317 529 2370 580 in
2401 526 2544 581 bello
2572 524 2874 589 instruunt,
2899 520 3127 592 reliquis
3158 517 3376 592 Scythis
3403 519 3564 593 longe

302 651 386 688 σιν
423 633 602 705 μάχας
629 627 932 700 ποιούμενά
962 645 1020 680 τε
1061 626 1156 681 καὶ
1187 622 1621 697 μοναρχούμενα.

370 809 474 884 μδ⁴.
536 810 698 865 ’Δλλὰ
749 807 1077 879 Βουλγάρων
1135 805 1234 877 τὴν
1279 805 1338 859 ἐν
1391 798 1614 875 Χριστῷ
1651 798 1873 872 εἰρήνην

289 903 715 973 ἀσπαζομένων,
761 902 858 955 καὶ
903 896 1304 953 κοινωνούντων
1335 897 1434 966 τῆς
1470 894 1550 958 είς
1573 889 1736 946 αὑτὸν
1781 889 1874 941 πί-

294 1014 467 1060 στεως
492 993 810 1065 Ῥωμαίοις,
847 990 985 1065 μετὰ
1003 989 1101 1060 τὴν
1126 990 1188 1043 ἐκ
1209 988 1310 1058 τῆς
1337 983 1648 1058 παρορκίας
1677 984 1875 1052 πεῖραν

289 1091 391 1161 οὐχ
417 1087 702 1160 ἡγούμεθα
751 1085 896 1141 κατά
935 1083 1114 1139 αὐτῶν
1165 1083 1355 1154 χεῖρας
1391 1077 1658 1144 ὁπλίζειν,
1689 1074 1784 1128 ἐπὶ
1817 1073 1876 1127 τὸ

291 1183 447 1236 Θείον
476 1179 574 1252 ἤδη
601 1179 671 1233 τὰ
725 1176 869 1233 κατὰ
901 1174 1125 1230 ἐκείνων
1173 1170 1516 1245 ἀναρτῶντες
1562 1164 1876 1240 στρατηγή-

297 1289 463 1345 ματα·
496 1273 685 1343 διόπερ
718 1268 843 1324 οὔτε
869 1267 970 1340 τὴν
998 1266 1178 1320 αὐτῶν
1201 1263 1323 1320 καθ’
1354 1261 1516 1335 ήμῶν
1546 1258 1873 1332 παράταξιν,

294 1365 421 1420 οὔτε
453 1365 552 1436 τὴν
605 1364 885 1435 ἡμετέραν
932 1360 1052 1414 κατ’
1093 1357 1339 1424 ἐκείνων,
1364 1356 1459 1410 ἅτε
1488 1354 1576 1409 διὰ
1604 1353 1704 1424 τῆς
1746 1353 1876 1423 μιᾶς

296 1461 534 1523 πίστεως
560 1457 806 1526 ἀδελφῶν
855 1455 1233 1526 ὑπαρχόντων,
1272 1451 1368 1506 καὶ
1417 1452 1538 1514 ταῖς
1575 1447 1877 1520 ἡμετέραις

293 1556 464 1608 εἴκειν
499 1549 984 1623 ἐέαγγελ).ομένων
1013 1548 1355 1619 είσηγὴσεσι,
1392 1541 1715 1616 διαγράφειν
1740 1539 1878 1605 τέως

292 1645 750 1720 προθυμούμεθα.

371 1835 473 1902 με’.
510 1828 646 1900 Περὶ⁸
700 1827 756 1881 δὲ
791 1825 891 1897 τῆς
912 1823 1022 1879 τῶν
1055 1822 1313 1893 Τούρκων
1350 1816 1645 1881 διαθέσεως
1690 1831 1752 1869 τε
1782 1812 1878 1867 καὶ

1980 618 2173 672 inelius
2207 632 2272 674 ac
2322 617 2527 672 fortius
2567 615 2838 683 ordinati,
2882 621 2936 669 et
2973 612 3136 669 unius
3172 611 3402 684 imperio
3434 615 3565 670 obe-

1977 707 2192 763 dientes
2227 707 2369 763 bella
2403 717 2622 780 gerunt.
2863 704 2866 706 ’

2047 797 2138 852 4i.
2188 797 2293 853 Sed
2328 798 2590 869 quoniam
2623 794 2842 868 Bulgari
2879 811 3065 866 pacem
3102 795 3158 851 in
3190 795 3414 851 Christo
3443 809 3562 849 amo

1978 889 2315 962 plectuntur,
2347 902 2401 947 et
2433 890 2591 946 ﬁdem
2624 891 2677 946 in
2708 890 2932 946 Christo
2959 904 3084 946 cum
3118 889 3382 946 Romanis
3413 902 3567 945 com-

1979 986 2283 1053 ruunicant,
2318 986 2578 1056 quoniam
2619 987 2763 1043 Deus
2801 986 2927 1042 illos
2964 994 3188 1057 propter
3220 983 3562 1040 induciarum

1983 1078 2304 1135 violatarum
2351 1079 2652 1151 perjurium
2707 1077 3098 1143 ulciscebatur,
3147 1078 3405 1134 nolumus
3454 1080 3564 1134 ulla

1979 1173 2208 1228 consilia
2235 1173 2589 1245 imperatoria
2613 1171 2892 1238 adhibere,
2913 1179 2968 1227 et
2994 1172 3258 1228 adversus
3289 1171 3410 1227 illos
3437 1187 3565 1228 nos-

1981 1273 2092 1322 met
2113 1281 2352 1322 armare.
2378 1265 2571 1338 Itaque
2588 1281 2768 1338 neque
2790 1267 3009 1322 illorum
3031 1274 3222 1322 contra
3246 1281 3346 1321 nos
3370 1267 3562 1332 aciem,

1980 1373 2160 1429 neque
2206 1368 2452 1414 nostram
2499 1359 2790 1415 adversum
2841 1359 2990 1424 illos,
3033 1373 3158 1413 eum
3202 1374 3308 1413 una
3356 1359 3410 1414 in
3461 1357 3568 1413 fide

1980 1453 2136 1524 quasi
2167 1441 2698 1524 fratresjungamur,
2724 1454 3133 1523 apparationem
3163 1451 3564 1516 demonsnare,

1969 1549 2240 1616 'nuncque
2306 1545 2653 1615 potissimum
2693 1561 2816 1599 cum
2859 1544 2972 1614 jam
3012 1560 3072 1601 se
3113 1557 3305 1601 nostro
3341 1546 3569 1617 imperio

1983 1633 2584 1707 administrationique,
2601 1635 3064 1706 quemadmodum
3084 1638 3420 1710 optavimus,
3440 1638 3572 1694 sub-

1987 1725 2236 1780 mittunt.

2058 1817 2147 1872 45.
2196 1818 2267 1874 De
2299 1818 2604 1874 Turcarum
2655 1817 2828 1875 forma
2866 1834 3057 1892 parum
3089 1827 3184 1874 aut
3207 1819 3344 1876 nihil
3378 1836 3408 1876 a
3440 1821 3571 1877 Bul-

296 1923 680 1994 παρατάξεως,
725 1917 906 1992 μικρῷ
937 1917 1039 1988 τῆς
1068 1913 1394 1988 Βουλγάρων
1432 1909 1466 1981 ἢ
1501 1907 1655 1962 οὐδὲν
1690 1905 1874 1973 διαφε-

2001 1915 2123 1979 :aris
2168 1911 2450 1970 diﬂ‘erente
2490 1915 2603 1985 jam
2667 1913 2939 1971 dicamus.
2985 1913 3256 1988 Populosa
3294 1930 3359 1972 ac
3401 1915 3575 1973 libera

288 2021 520 2090 ρούσης,
545 2015 646 2087 ἤδη
670 2012 922 2085 ἐροῦμεν.
953 2011 1077 2064 Ὀτι
1109 2007 1440 2078 πολύανδρόν
1470 2006 1587 2057 ἐστι
1610 1999 1707 2054 καὶ
1727 1999 1880 2052 ἐλεύ-

285 2113 458 2184 ιθερον
496 2109 655 2164 τοῦτο
709 2108 768 2162 τὸ
799 2105 974 2170 ἐθνος,
1036 2101 1271 2173 μελέτην
1325 2100 1488 2171 μόνον
1533 2093 1877 2184 ποιούμενον,

297 2183 456 2272 παρὰ
497 2203 594 2267 τὰς
622 2201 788 2265 ἄλλας
831 2195 1178 2259 πολυτελείας
1221 2192 1318 2248 καλ⁸
1359 2191 1463 2263 τὴν
1507 2187 1791 2260 εὐπορίαν,
1822 2183 1882 2238 τὸ

297 2298 562 2371 ἀνδρείως
584 2293 887 2350 διακεῖσθαι
921 2289 1059 2362 πρὸς
1082 2289 1208 2352 τοὺς
1237 2286 1400 2370 ἰδίους
1432 2281 1684 2356 ἐχθρούς.

366 2399 501 2465 μς.
533 2390 704 2446 Τοῦτο
753 2387 936 2443 τοίνυν
979 2384 1060 2450 ὡς
1105 2381 1566 2457 μοναρχούμενον,
1597 2376 1692 2432 καὶ
1733 2374 1882 2445 ἀπη-

301 2491 418 2553 νεῖς
456 2488 550 2542 καὶ
585 2485 813 2558 βαρείας
857 2481 956 2547 τὰς
997 2481 1188 2543 ποινὰς
1220 2478 1313 2532 ἐπὶ
1345 2481 1458 2540 τοῖς
1501 2471 1885 2547 ἁμαρτανομέ-

304 2599 417 2646 νοις
450 2579 582 2652 παρ’
611 2578 790 2633 αὐτῶν
829 2577 892 2630 ἐκ
923 2574 1032 2629 τῶν
1060 2573 1339 2644 ἀρχόντων
1368 2568 1550 2624 αὐτῶν
1589 2565 1887 2636 ὑφιστάμε-

308 2691 421 2736 νον,
452 2673 552 2727 οὺκ
587 2671 798 2742 ἀγάπῃ,
831 2667 968 2724 ἀλλὰ
992 2665 1142 2737 φόόῳ
1169 2661 1603 2736 κεκρατημένον,
1632 2658 1759 2722 τοὺς
1785 2655 1886 2710 πό-

309 2783 437 2830 νους
465 2765 560 2820 καὶ
593 2762 826 2836 μόχθους
862 2759 1128 2830 γενναίως
1159 2757 1439 2828 φέρουσιν.
1470 2754 1616 2824 Πρὸς
1659 2751 1717 2806 δὲ
1745 2749 1885 2805 καύ-

305 2875 463 2934 ματα
492 2856 755 2928 καὶπρὸς
809 2851 980 2924 ψύχος
1023 2849 1363 2920 ἀντέχονται,
1420 2846 1516 2900 καὶ
1562 2844 1662 2915 τῆς
1695 2841 1888 2916 λοιπῆς

310 2953 423 3008 τῶν
449 2948 759 3024 ἀναγκαίων
786 2945 994 3010 ἐνδείας
1021 2942 1315 3017 νομαδικὸν
1350 2939 1618 3011 ὑπάρχον.

386 3222 494 3297 με.
528 3223 804 3295 Περίεργα
835 3217 893 3274 δέ
921 3217 1028 3271 εἱσι
1058 3213 1129 3270 τὰ
1166 3211 1277 3268 τῶν
1312 3209 1574 3283 Τούρκων
1598 3203 1762 3297 φῦλα,
1794 3206 1893 3259 καλ

297 3278 630 3399 ,κρῦπτοντά
778 3308 974 3382 βουλὴν
1003 3303 1202 3371 αὐτῶν,
1239 3301 1410 3375 ἄφιλα
1431 3278 1499 3354 ⁷δὲ
1551 3278 1647 3354 καὶ
1693 3296 1898 3350 ἄπιστα
1925 3278 1968 3338 C

315 3411 471 3475 ὄντα,
511 3409 605 3462 καὶ
638 3406 728 3459 διὰ
776 3403 874 3474 τῆς
924 3398 1236 3471 ἀπληστίας
1272 3395 1382 3452 τῶν
1410 3392 1711 3466 χρημάτων
1758 3406 1899 3461 κρα-

313 3501 579 3572 τούμενα,
612 3501 778 3570 ὅρκου
827 3489 1244 3567 περιφρονῶσι,
1293 3487 1433 3560 μήτε
1478 3481 1752 3554 συνθήκας
1799 3496 1901 3572 qau-

313 3570 606 3660 λάττοντα,
663 3592 803 3663 μήτε
838 3587 1034 3659 δώροις
1086 3579 1440 3656 ἀρκοὺμενα,
1489 3575 1628 3631 ἀλλά
1673 3573 1805 3646 πρὶν
1840 3570 1902 3626 τὺ

318 3688 472 3743 δοθὲν
503 3686 773 3752 δέξονται,
812 3678 1106 3751 ἐπιϐουλὴν
1141 3673 1437 3750 μελετῶσιν
1466 3669 1564 3726 καὶ
1593 3667 1903 3739 ἀνατροπὴν

319 3779 432 3833 τῶν
461 3774 762 3844 συνθηκῶν.
1412 3811 1418 3816 .

401 3869 517 3943 μη’.
552 3870 662 3924 Καὶ
688 3869 818 3932 τοὺς
860 3861 1201 3934 ἐπιτηδείους
1224 3859 1449 3932 καιροὺς
1486 3853 1678 3921 δεινῶς
1708 3851 1905 3923 ποκά-

320 3965 533 4031 ζονται,
567 3962 665 4017 καὶ
698 3957 1097 4024 σπουδάζουσιν
1123 3955 1184 4010 οὐ
1217 3952 1483 4008 τοσοῦτον
1512 3948 1659 4022 χειρὶ
1684 3947 1779 4002 καὶ
1812 3947 1905 3999 δυ-

326 4029 490 4132 νάμει
521 4029 648 4121 τοὺς
688 4052 918 4127 ἐχθροὺς
965 4047 1446 4119 καταπολεμῂαι,
1486 4045 1611 4100 ὅσον
1659 4040 1728 4096 δι’
1764 4039 1908 4093 ἀπά-

325 4131 448 4224 της,
480 4152 575 4205 καὶ
622 4144 1031 4218 αἰφνιδιασμοῦ,
1063 4142 1159 4198 καὶ
1177 4141 1268 4197 διὰ
1297 4139 1396 4212 τῆς
1438 4136 1547 4192 τῶν
1594 4131 1907 4204 ἀναγκαίων

333 4243 663 4306 στενώσεως.

404 4336 511 4409 μθ’.
563 4333 915 4399 Ὀπλίζονται
963 4331 1021 4386 δέ
1061 4327 1334 4392 σπαθίοις,
1363 4323 1460 4379 καὶ
1485 4319 1782 4393 λωρικίοις,
1815 4319 1909 4371 καὶ

329 4432 645 4500 τόξοις,καὶ
701 4427 1031 4498 κονταρίοις.
1061 4423 1227 4477 Ὅθεν
1287 4423 1346 4475 ἐν
1402 4420 1524 4482 ταῖς
1585 4415 1786 4489 μάχαις
1832 4411 1906 4465 δι-

333 4526 498 4582 πλοῦν
521 4525 675 4598 ἆρμα
707 4524 758 4578 οἱ
800 4522 1050 4595 πλείονες.
1076 4516 1256 4572 αὐτῶν
1297 4513 1672 4584 ἐπιφέρονται,
1699 4509 1757 4562 ἐν
1797 4507 1909 4569 τοῖς

1989 2008 2104 2063 haec
2131 2007 2281 2062 natio
2308 2015 2413 2072 est,
2441 2008 2775 2078 reliquarum
2804 2023 2987 2063 rerum
3015 2023 3139 2081 quae
3164 2017 3292 2066 sunt
3317 2010 3375 2066 in
3399 2010 3578 2068 homi-

1989 2102 2152 2158 nibus
2193 2101 2482 2174 splendida
2525 2101 2792 2158 minorem
2838 2116 3029 2158 curam
3073 2102 3371 2172 habentes;
3414 2105 3470 2161 in
3511 2121 3577 2162 eo

1989 2193 2165 2251 solum
2207 2193 2559 2260 laborantes,
2596 2203 2655 2249 ut
2689 2194 2745 2251 in
2779 2193 3129 2268 conﬂigendo
3159 2210 3286 2253 cum
3321 2197 3577 2255 hostibus
3624 2198 3629 2204 ’

1991 2287 2162 2344 fortes
2193 2287 2304 2342 sint
2332 2294 2495 2358 atque
2524 2287 2856 2346 habeantur.

2062 2380 2154 2437 46.
2194 2378 2324 2437 Haec
2368 2381 2536 2454 igitur
2579 2383 2733 2439 natio
2775 2383 2881 2440 sub
2921 2385 3089 2441 unius
3131 2384 3413 2444 dominatu
3452 2402 3577 2445 cum

1993 2479 2085 2543 sit,
2112 2491 2306 2548 graves
2336 2476 2675 2548 acerbasque
2707 2493 2903 2548 pcenas
2933 2479 3027 2534 dat
3059 2480 3332 2553 praefectis
3361 2484 3500 2551 suis,
3530 2483 3579 2539 si

1997 2568 2162 2624 ullius
2206 2566 2393 2626 delicti
2429 2577 2752 2639 teneantur;
2789 2587 2966 2643 neque
2995 2585 3216 2640 amore,
3249 2575 3344 2632 sed
3383 2576 3580 2631 timore

1996 2663 2065 2719 ah
2101 2663 2452 2735 improbitate
2482 2675 2790 2734 coercetur,
2822 2675 2875 2720 et
2906 2667 3122 2724 labores
3177 2678 3342 2741 atque
3374 2685 3581 2726 aerum-

1996 2773 2097 2813 nas
2137 2772 2332 2816 omnes
2374 2765 2599 2815 strenue
2642 2759 2881 2830 perfert;
2927 2760 2994 2816 ad
3031 2762 3248 2818 calores
3282 2771 3336 2819 et
3377 2763 3581 2836 frigora

1996 2851 2282 2907 toleranda
2318 2852 2452 2908 satis
2483 2861 2737 2924 paratur;
2774 2853 3109 2926 reliquarum
3144 2872 3326 2912 rerum
3368 2868 3582 2930 egesta-

1999 2954 2129 3013 tem,
2163 2946 2625 3018 quemadmodum
2660 2949 2878 3020 reliqui,
2913 2949 3007 3021 qui
3044 2951 3304 3008 nomades
3333 2960 3486 3019 sunt,
3528 2953 3582 3008 id

1997 3046 2102 3106 est,
2126 3039 2471 3109 pastionibus
2496 3041 2766 3111 pecudum
2790 3057 2850 3099 se
2872 3048 3018 3099 totos
3042 3042 3404 3112 tradiderunt,
3426 3059 3585 3117 atquo

2000 3135 2184 3191 atumo
2213 3134 2614 3206 perpetiuntur.

2071 3225 2162 3282 47.
2193 3223 2554 3282 Laboriosum
2577 3225 2874 3282 admodum
2920 3243 3095 3300 genus
3139 3225 3444 3286 Turcarum
3468 3240 3576 3299 est,

2001 3329 2055 3377 et
2089 3329 2294 3378 tectum
2329 3321 2383 3377 in
2417 3320 2669 3379 consiliis
2731 3331 2898 3395 atque
2931 3324 3244 3390 occultum,
3281 3340 3461 3398 neque
3495 3342 3585 3383 so—
3638 3375 3664 3396 ,

2002 3414 2158 3483 ciale,
2191 3430 2368 3487 neque
2397 3415 2588 3482 fidum,
2619 3418 2979 3488 pecuniarum
3008 3416 3312 3489 cupiditate
3341 3417 3589 3491 inexple-n

2005 3508 2140 3576 bile,
2173 3507 2538 3579 iurisiurandi
2572 3518 2964 3576 contemnens,
3003 3507 3391 3580 fmdifragum;
3426 3510 3589 3569 donis

2006 3601 2149 3657 haud
2190 3601 2461 3658 contineri
2497 3610 2710 3673 potest;
2749 3617 2876 3657 nam
2912 3617 3050 3672 pene
3085 3603 3408 3675 priusquam
3443 3605 3589 3661 dona

2005 3694 2339 3765 acceperint,
2376 3694 2605 3751 insidias
2665 3695 2972 3750 moliuntur
3001 3705 3054 3752 et
3090 3697 3439 3753 induciarum
3474 3699 3593 3754 rio.

2007 3788 2287 3843 lationem.

2077 3880 2167 3937 48.
2193 3878 2524 3952 Temporum
2545 3881 3016 3954 opportunitatem
3035 3882 3452 3956 diligentissime
3470 3901 3593 3958 per-

2007 3986 2336 4046 sequuntur,
2366 3989 2543 4046 neque
2575 3990 2739 4030 manu
2770 3986 2824 4032 et
2855 3976 3066 4033 viribus
3115 3988 3335 4034 tantum
3366 3991 3595 4036 conten-

2008 4065 2174 4132 dunt,
2225 4076 2491 4137 quantum
2541 4066 2716 4133 dolis,
2759 4077 2813 4124 et
2869 4069 3069 4125 subitis
3151 4071 3592 4139 incursionibus,

2007 4167 2062 4215 et
2095 4174 2281 4216 rerum
2333 4160 2770 4217 necessariarum
2802 4161 3220 4232 interclusione,
3247 4164 3434 4222 hostes
3463 4167 3596 4222 ado-

2011 4253 2248 4308 riuntur.

2084 4346 2170 4402 i9.
2223 4347 2522 4403 Armantur
2563 4347 2782 4419 gladiis,
2836 4349 3039 4418 hastis,
3092 4350 3352 4421 sagittis,
3401 4352 3594 4420 galeis.

2012 4437 2171 4497 Unde
2200 4439 2254 4495 in
2309 4441 2504 4513 proelio
2538 4441 2777 4511 duplicia
2822 4457 2976 4498 arma
3023 4445 3331 4515 complures
3376 4460 3438 4500 ex
3486 4444 3596 4503 illis

2012 4537 2269 4602 gestant;
2299 4529 2541 4586 humeris
2593 4531 2781 4586 hastas
2841 4532 3046 4597 ferunt,
3101 4541 3157 4587 et
3206 4532 3459 4589 manibus
3504 4549 3596 4587 ar-

333 4622 503 4694 ῶμοις
533 4619 602 4673 τὰ
647 4617 908 4685 κοντάρια
955 4611 1440 4676 ἀναδαστάζοντες,
1470 4607 1567 4662 καί
1597 4605 1666 4659 τὰ
1692 4601 1820 4668 τόξα
1848 4602 1897 4700 ἐι

2016 4601 2142 4676 cum
2193 4631 2402 4690 tenent,
2450 4633 2525 4689 et,
2570 4624 2617 4680 si
2663 4624 2886 4695 quando
2937 4642 3071 4682 usus
3121 4630 3317 4697 poscit,
3348 4630 3598 4700 utrisque

333 4719 454 4781 ταῖς
496 4712 653 4787 χερσὶ
708 4710 1048 4781 κατέχοντες,
1080 4705 1174 4760 καὶ
1222 4702 1555 4774 ἀμφοτέροις
1618 4697 1762 4752 κατὰ
1811 4694 1910 4765 τὴν

337 4809 662 4864 ἀπαντῶσαν
702 4803 892 4877 χρείαν
935 4797 1285 4873 κεχρημένοι.
1315 4793 1646 4865 Διωκὸμενοι
1677 4791 1733 4844 δέ
1775 4788 1912 4860 μᾶλ-

337 4903 426 4957 λον
467 4898 793 4971 προτεροῦσι
823 4897 936 4959 τοῖς
967 4893 1164 4957 τόξοις.

411 4992 477 5049 ν’.
506 4994 620 5047 Οὐκ
659 4990 814 5044 αὐτοὶ
853 4988 911 5042 δὲ
957 4986 1118 5058 μόνον
1191 4977 1606 5051 δπλοφοροῦσιν,
1642 4974 1778 5031 ἀλλὰ
1817 4972 1911 5029 καὶ⁸

337 5091 388 5144 oi
416 5090 570 5143 ἵπποι
601 5087 710 5140 τῶν
742 5082 998 5156 ἐμφανῶν
1030 5080 1234 5152 σιδήρῳ
1277 5076 1311 5148 ἢ
1365 5073 1667 5142 κενδούκλῳ
1704 5072 1771 5125 τὰ
1809 5070 1911 5138 ἐμ-

343 5183 581 5259 προσθεν
622 5182 760 5252 μέρη
791 5177 1107 5232 σκέπονται.

415 5277 515 5335 να⁹.
541 5277 748 5349 Πολλὴν
783 5275 840 5329 δὲ
887 5272 1119 5345 μελέτην
1180 5269 1278 5324 καὶ
1345 5268 1578 5339 ἄσκησιν
1634 5264 1918 5322 ποιοῦνται
1958 5304 1966 5308 -

345 5375 473 5442 περὶ
493 5373 590 5446 τὴν
630 5373 724 5424 ἐπὶ
749 5368 857 5423 τῶν
889 5369 1073 5422 ἵππων
1097 5365 1330 5430 τοξείαν.

419 5465 517 5539 νβ’.
563 5463 871 5520 Ἀκολουθεῖ
895 5462 952 5516 δὲ
993 5461 1175 5523 αὐτοῖς
1206 5458 1304 5512 καὶ
1347 5455 1550 5527 πλῆθος
1580 5454 1790 5524 ἀλόγων
1835 5455 1913 5508 ίπ·

346 5563 561 5636 παρὶων
614 5559 710 5614 καὶ
760 5554 1033 5626 φοραδίων
1055 5553 1191 5624 (65),
1230 5553 1346 5623 ἃμα
1391 5548 1490 5621 μὲν
1517 5549 1652 5620 πρὸς
1689 5550 1923 5620 ἀποτρο-

348 5658 454 5728 φὴν
479 5654 573 5708 καὶ
602 5649 1059 5722 γαλακτοποσίαν,
1087 5646 1199 5717 Ξμα
1219 5643 1275 5697 δέ
1304 5640 1399 5696 καὶ
1413 5640 1506 5695 διὰ
1535 5641 1768 5713 πλήθους
1789 5659 1922 5712 φανο

347 5751 562 5806 τχοίαν.

2015 4723 2288 4784 utuntur;
2322 4716 2416 4774 ubi
2446 4733 2577 4774 vero
2607 4718 2700 4774 alii
2728 4735 2825 4776 eos
2849 4719 3238 4792 insequuntur,
3261 4737 3392 4778 arcu
3424 4724 3597 4796 magis

2013 4808 2216 4864 valent.

2083 4989 2174 5046 50.
2216 4988 2328 5046 Nec
2374 5004 2505 5045 vero
2549 4988 2649 5045 soli
2705 4989 2782 5045 illi
2831 5005 2981 5046 arma
3027 4999 3264 5062 gestant,
3321 4990 3414 5048 sed
3469 4993 3594 5064 equi

2016 5084 2183 5140 etiam
2223 5091 2600 5155 spectatorum
2650 5085 2892 5139 virorum
2946 5083 3245 5151 cenduclo,
3311 5093 3405 5141 aut
3451 5084 3597 5142 ferro

2018 5177 2293 5230 anteriora
2320 5183 2534 5248 tegunt.

2090 5271 2179 5326 5i.
2212 5270 2438 5325 Multum
2462 5285 2640 5340 operze
2672 5269 2945 5326 collocant
2979 5270 3032 5326 in
3064 5271 3246 5328 studio
3270 5273 3596 5345 sagittarqu

2017 5382 2083 5421 ex
2123 5367 2280 5437 equis
2307 5366 2707 5436 jaciendarum.
2759 5351 2761 5354 ’

2098 5460 2188 5517 5‘2.
2223 5460 2524 5516 Bestiarum
2549 5458 2950 5515 multitudinem
2981 5475 3167 5516 secum
3191 5443 3599 5532 ltabcut,equa-

2030 5569 2172 5619 rum,
2197 5553 2684 5626 jumentorumque
2732 5553 2985 5619 aliorum,
3021 5563 3132 5608 tum
3183 5555 3249 5608 ad
3291 5556 3375 5608 lac
3407 5557 3599 5614 biben-

2028 5644 2183 5712 dum,
2225 5655 2337 5700 tum
2367 5655 2587 5716 propter
2615 5645 2927 5717 opinionem
2966 5643 3356 5705 multitudinis.

1852 5832 2083 5890 ΝΟΤΑΞ.

1852 5834 1992 5890 NCT
2069 5874 2083 5890 .

427 5937 538 6012 (δεῖ)
569 5934 623 5990 ¹¹¹
661 5929 988 6005 ιιιιῑιιυειιαιη
1022 5926 1111 5987 hic
1139 5925 1427 5998 suppletur
1459 5924 1809 5994 vocabulum,
1838 5834 2063 5998 ἀγέλαῗ
2083 5928 2234 5987 deest
2262 5927 2318 5984 in
2341 5924 2464 5983 cod.
2491 5923 2754 5982 Laurent.
