4020 6312
554 392 662 458 959

1821 390 2097 453 LEONIS
2127 390 2590 454 PIIILOSOPHI

3770 400 3881 467 9ΰῦ

633 508 720 564 S5.
753 504 952 562 Castra
996 474 1208 576 ponunt
1259 520 1369 561 non
1425 505 1477 560 in
1515 504 1745 570 fossato,
1786 507 2149 579 quemadmo-

2322 502 2425 574 νγ¹.
2468 503 2848 559 Ἀπλικεύουσι
2908 505 2966 561 δὲ
2995 506 3098 563 οὐκ
3150 508 3214 564 έν
3266 511 3564 583 φοσσάτῳ.
3592 512 3877 585 monstret

561 597 690 652 dum
726 593 984 662 Romani,
1014 596 1108 653 sed
1144 612 1322 667 usque
1354 599 1420 653 ad
1470 597 1598 654 belli
1646 597 1790 655 diem
1819 615 1915 670 per
1945 614 2151 670 cogna-

560 693 740 747 tiones
795 699 849 747 et
889 690 1070 748 tribus
1099 690 1517 763 disperguntur.
1548 691 1733 764 Equos
1783 693 2006 749 assidue
2036 701 2152 749 tum

562 786 744 842 hieme
771 794 885 841 tum
910 793 1100 841 aestate
1140 789 1322 842 alunt.
1363 786 1496 844 Belli
1544 798 1726 843 autem
1772 795 2018 860 tempore
2059 803 2156 843 ne-

565 880 841 936 cessarios
873 878 939 934 ad
971 893 1130 934 usum
1160 894 1333 950 equos
1363 880 1623 947 retinent,
1649 887 1703 933 ct
1724 894 1892 951 prope
1920 878 2155 936 Turcica

564 973 808 1028 tentoria
856 971 1061 1043 pedicis
1122 972 1339 1043 injectis
1396 981 1604 1039 tenent,
1653 981 1821 1044 atque
1871 988 2045 1045 usque
2085 973 2155 1029 ad

558 1054 741 1138 lipsius
776 1066 955 1140 prmlii
989 1072 1205 1137 tempus
1239 1077 1591 1124 conservant.

583 1331 587 1334 ν
639 1257 728 1314 54.
759 1254 1032 1312 Excubias
1063 1253 1282 1313 eminus
1324 1255 1627 1312 collocatas
1674 1255 1899 1323 habent,
1930 1252 2029 1312 sed
2078 1255 2155 1309 ita

570 1334 814 1417 orchras,
850 1359 910 1405 ut
956 1364 1065 1405 non
1110 1348 1271 1406 facile
1314 1349 1513 1407 subitis
1563 1349 2019 1422 impressionibus
2055 1363 2156 1421 op-

571 1446 735 1520 primi
766 1444 998 1517 possint.

642 1540 730 1596 55.
771 1541 829 1594 lu
864 1538 1081 1609 proelio,
1126 1543 1188 1592 ut
1221 1532 1454 1591 Romani
1506 1534 1739 1604 faciunt,
1786 1535 1959 1592 aciem
1996 1550 2155 1593 suam

570 1636 629 1691 in
663 1643 775 1690 t'res
810 1641 994 1704 partes
1043 1646 1151 1686 non
1190 1629 1461 1695 dividunt,
1494 1628 1590 1683 sed
1618 1628 1853 1685 diversis
1886 1628 1944 1684 in
1982 1630 2157 1701 parti-

572 1728 677 1782 hus
704 1722 977 1794 drungisti
1007 1721 1171 1777 simul
1220 1729 1275 1777 et
1303 1718 1593 1775 confertim
1626 1720 1770 1776 inter
1796 1735 1856 1777 se
1884 1721 2153 1793 adiuncti,

574 1830 761 1894 partes
793 1819 867 1873 ita
901 1831 1092 1888 parum
1122 1818 1265 1870 inter
1291 1829 1350 1871 se
1391 1815 1659 1871 distantes
1696 1813 1919 1882 habent,
1960 1822 2019 1870 ut
2050 1830 2155 1871 una

570 1914 825 1970 videatur
851 1925 975 1967 esse
1008 1910 1179 1965 acies.

550 2022 553 2023 '
644 2001 736 2064 56.
782 2005 987 2061 Praeter
1042 2004 1216 2059 aciem
1263 2001 1589 2056 instructam
1642 2001 1831 2074 copias
1883 2001 2150 2072 quasdam

570 2108 837 2174 praeterea
875 2096 1099 2161 habent,
1128 2108 1266 2166 quas
1294 2092 1375 2149 vel
1421 2094 1489 2149 ad
1525 2092 1757 2150 insidias
1803 2095 2030 2149 mittunt
2056 2094 2154 2149 ad-

571 2206 793 2252 versum
822 2204 919 2247 eos
953 2187 1046 2260 qui
1092 2187 1431 2259 negligenter
1460 2185 1514 2241 in
1550 2185 1735 2241 hostili
1765 2186 1884 2243 acie
1913 2184 2024 2241 illis
2050 2200 2152 2256 op-

570 2294 873 2361 periuntur,
906 2283 989 2339 vel
1023 2281 1089 2338 ad
1140 2279 1447 2337 subsidium
1500 2279 1709 2335 amictae
1769 2293 2154 2353 oppressaque

570 2380 745 2454 partis
795 2377 1079 2435 emittunt.
1124 2372 1361 2429 Tuldum
1436 2382 1643 2439 autem,
1696 2371 1747 2427 id
1796 2382 1882 2429 est
1922 2371 2154 2442 impedi-

570 2481 778 2537 menta,
831 2484 861 2523 ο
891 2476 1043 2539 tergo
1085 2465 1225 2521 aciei
1258 2479 1426 2535 prope
1453 2463 1539 2519 vel
1570 2461 1637 2517 ad
1671 2462 1943 2530 dextram,
1976 2462 2058 2518 vel
2082 2458 2151 2516 ad

568 2564 881 2626 sinistram,
913 2559 1077 2614 unius
1110 2567 1205 2611 aut
1231 2557 1466 2611 duorum
1515 2554 1833 2610 milliarium
1866 2551 2154 2608 intervallo

558 2656 797 2729 habent,
838 2662 893 2708 et
940 2664 1163 2723 parvam
1219 2647 1515 2719 quamdam
1561 2645 1872 2703 custodiam
1915 2643 2152 2700 militum

570 2750 651 2808 illi
677 2748 987 2820 assignant.

645 2845 736 2902 57.
777 2843 932 2914 Smpe
978 2850 1160 2898 autem
1203 2835 1507 2910 superfluos
1546 2848 1720 2905 equos
1770 2845 1801 2886 τι
1840 2838 1992 2902 tergo
2030 2838 2155 2902 post

570 2940 747 2996 aciem
801 2938 1127 2992 insrructam
1182 2932 1385 2996 locant,
1432 2936 1487 2985 et
1556 2923 1868 2995 manipulos
1921 2923 2154 2978 confuse

575 3040 743 3102 atque
774 3026 1084 3084 inordinate
1126 3030 1437 3096 apparant;
1485 3028 1547 3075 ut
1574 3019 1805 3076 densata
1832 3016 2051 3087 altaque
2080 3016 2155 3070 sit

554 3122 906 3198 permultum
934 3120 1221 3190 laborant,
1240 3116 1477 3174 frontem
1502 3115 1650 3187 vero:
1670 3110 1995 3185 aequabilem
2023 3109 2155 3166 den-

571 3232 798 3289 samque
829 3214 1056 3271 faciunt.

641 3490 731 3548 58.
767 3488 1009 3546 Utuntur
1039 3486 1239 3561 pugnis
1265 3485 1484 3545 eminus
1513 3482 1741 3552 habitis,
1774 3478 2011 3546 insidiis,
2043 3477 2157 3533 cir-
2218 3485 2224 3489 '

570 3581 1102 3654 cumscriptionibus
1149 3578 1418 3646 hostium,
1468 3576 1743 3636 simulatis
1797 3569 2157 3633 discessioni-

572 3676 700 3741 bus,
731 3672 1215 3740 conversionibus,
1243 3680 1299 3728 et
1330 3670 1594 3743 dispersis
1626 3668 1870 3726 aciebus.

644 3949 733 4006 59.
775 3946 880 4003 Ubi
916 3947 1102 4004 hostes
1132 3946 1188 4002 in
1216 3945 1395 4015 fugam
1423 3941 1709 4011 verterint,
1739 3939 1872 3997 illud
1914 3939 2151 4011 primum

573 4046 853 4109 laborant,
884 4051 948 4098 ut
1000 4040 1152 4097 omni
1195 4039 1555 4096 contentione
1604 4039 1985 4109 insequantur,
2014 4037 2153 4091 nihil

574 4140 729 4209 prius
782 4135 1087 4200 habentes,
1140 4147 1306 4204 quam
1368 4131 1622 4203 persequi
1676 4131 1880 4186 hostes.
1917 4129 2151 4206 Neque,

573 4229 1033 4301 quemadmodum
1066 4224 1295 4282 Romani
1353 4224 1686 4294 reliquaeque
1717 4222 1991 4287 nationes,
2018 4236 2153 4277 cnn-

574 4318 712 4376 t'enti
771 4328 901 4375 sunt
949 4316 1298 4375 mediocriter
1346 4314 1471 4371 illos
1520 4313 1758 4385 insequi,
1788 4325 1843 4367 et
1891 4315 2151 4385 pecunias

573 4413 789 4468 illorum
838 4409 1095 4481 diripere,
1156 4406 1254 4463 sed
1313 4420 1381 4462 eo
1422 4420 1598 4477 usque
1662 4404 1960 4473 invadunt,
2019 4405 2149 4461 dum

573 4503 830 4571 euntibus
860 4501 1063 4571 quibus
1098 4506 1336 4571 possunt
1377 4497 1481 4555 viis
1529 4498 1713 4553 hostes
1762 4500 2015 4569 protinus
2055 4500 2151 4557 de-

570 4599 735 4655 leant.

641 4690 731 4748 60.
768 4690 824 4745 Si
877 4688 969 4759 qui
1000 4703 1067 4745 ex
1111 4687 1360 4746 hostibus
1403 4685 1709 4743 'l‘urcorum
1761 4687 1829 4745 ad
1884 4692 2146 4745 munitio-

568 4798 696 4840 nem
751 4783 987 4853 aliquam
1058 4781 1455 4852 confugerint,
1512 4780 1803 4837 confestim
1874 4795 2146 4839 conantur

568 4883 906 4932 commeatus
954 4874 1215 4946 inopiam,
1244 4876 1289 4928 si
1324 4891 1443 4947 qua:
1487 4875 1581 4943 sit,
1622 4888 1717 4931 aut
1750 4877 2015 4943 virorum,
2051 4886 2147 4933 aut

564 4969 937 5042 jumentorum
972 4984 1327 5040 cognoscere,
1362 4979 1416 5025 et
1464 4968 1537 5025 ibi
1582 4968 1637 5024 in
1685 4970 1945 5027 continua
1995 4972 2146 5028 obsi-

568 5061 732 5116 dione
766 5068 915 5124 sunt,
974 5060 1150 5116 donec
1192 5061 1311 5130 ejus
1351 5061 1533 5131 inopia
1579 5060 1766 5118 hostes
1809 5063 2144 5133 opprimant,

568 5153 653 5209 vel
691 5152 758 5207 ad
788 5153 1025 5223 aliquam
1059 5153 1503 5220 consensionem,
1537 5154 1989 5210 autdeditionem
2021 5156 2145 5212 illos

567 5247 975 5318 compulerint;
1016 5263 1081 5302 ac
1113 5248 1287 5318 primo
1312 5250 1510 5304 leviora
1550 5249 1657 5304 illis
1683 5261 2018 5321 proponunt,
2050 5264 2145 5307 as-

569 5343 935 5399 sentientibus
968 5341 1167 5398 deinde
1199 5345 1452 5415 graviora
1494 5343 1800 5414 imponunt.

637 5521 725 5577 6|.
759 5520 824 5598 Ili
858 5524 1161 5581 Turcorum
1207 5539 1387 5579 mores
1420 5523 1523 5580 hoc
1571 5525 1689 5580 solo
1724 5539 1753 5578 a
1785 5522 2141 5597 Bulgarorum

568 5612 795 5681 distant,
853 5619 998 5687 quod
1056 5618 1108 5671 lii
1156 5616 1597 5672 Christianorum
1648 5617 1915 5686 complexi
1958 5618 2138 5684 fidem,

566 5705 940 5763 Romanorum
988 5711 1233 5767 moribus
1280 5710 1596 5777 assuefacti,
1627 5725 1839 5765 morum
1873 5716 2142 5783 asperitac

567 5810 672 5855 tem
696 5810 751 5857 et
783 5814 1055 5875 εει-θείοιο
1085 5805 1248 5861 vitam
1286 5804 1450 5863 simul
1483 5818 1607 5860 cunt
1641 5802 1961 5862 inlldelitate
1991 5807 2143 5879 ουλε-

565 5900 783 5946 ceruut.

2272 598 2557 670 Ῥωμαῖοι,
2592 599 2728 655 ἀλλά
2746 602 2915 674 μέχρι
2956 603 3055 673 μὲν
3095 604 3195 677 τῆς
3222 605 3320 661 τοῦ
3352 606 3605 680 πολέμου
3654 609 3879 681 ἡμέρας

2262 693 2652 769 διεσπαρμένοι
2708 697 2853 752 κατά
2914 698 3048 768 γένη
3096 699 3191 752 καὶ
3240 698 3441 768 φυλάς,
3470 701 3613 764 τοὺς
3665 701 3875 762 ἵππους

2261 789 2553 860 βόσκοντες
2597 790 2862 862 διηνεκῶς
2909 792 2971 845 έν
3012 790 3165 864 Θέρει
3220 793 3317 846 καὶ
3361 793 3637 865 χειμῶνι,
3686 793 3786 847 Ἐν
3822 794 3875 848 δὲ

2259 881 2437 956 καιρῷ
2470 882 2709 956 πολέμου
2738 884 2868 949 τοὺς
2897 884 3229 953 ἀναγκαίους
3255 885 3461 951 ἵππους
3486 886 3867 959 statim,

2258 976 2354 1029 καὶ
2412 974 2790 1041 πεδικλοῦντες
2835 976 3065 1049 πλησίον
3113 976 3226 1031 τῶν
3276 978 3612 1050 Τουροιικῶν
3656 981 3869 1034 τεν-τῶδε

2256 1068 2589 1140 φυλάττουσι
2615 1071 2780 1143 μέχρι
2804 1068 2998 1142 καιροῦ
3019 1069 3120 1142 τῆς
3140 1072 3533 1144 παρατάξεως,
3552 1072 3675 1127 ὑπὸ
3694 1072 3871 1128 νύκτα

2254 1160 2359 1232 τῆς
2387 1161 2750 1234 παρατάξεως
2779 1162 3175 1235 ἀπαρχόμενοι.

2328 1256 2425 1311 νδθ.
2457 1255 2569 1321 Τάς
2598 1256 2655 1310 δὲ
2690 1255 2881 1328 βίγλας
2910 1255 3091 1310 αὐτῶν
3116 1255 3227 1313 ἀπὸ
3257 1257 3540 1331 μακρόθεν
3575 1258 3865 1315 ἀλλεπαλ.

2257 1346 2455 1418 λήλους
2501 1346 2770 1416 ποιοῦσιν,
2803 1348 2884 1413 είς
2910 1347 2972 1403 τὺ
3010 1348 3086 1421 μὴ
3132 1347 3373 1413 εὐκόλως
3396 1349 3611 1415 αὐτοὺς
3651 1351 3868 1423 ὑπομέ-

2256 1456 2369 1496 νειν
2394 1438 2841 1512 αἱφνιδιασμούς.
3470 1460 3471 1463 ‘

2327 1530 2421 1587 vs'.
2472 1532 2562 1587 'Ev
2600 1532 2657 1587 δὲ
2681 1534 2746 1605 τῇ
2786 1531 2937 1605 μάχῃ
2965 1530 3064 1603 οὐχ
3090 1530 3167 1596 ώς
3191 1532 3243 1586 oi
3273 1530 3537 1605 Ῥωμαῖοι
3566 1534 3867 1603 παρατάσο

2269 1642 2455 1680 σουσιν
2487 1625 2545 1679 έν
2582 1625 2731 1698 τρισὶ⁵
2783 1625 3030 1697 μέρεσιν,
3054 1622 3170 1678 ἀλλ’
3201 1623 3262 1678 ὲν
3304 1624 3593 1701 διαφόροις
3634 1628 3864 1698 μοίραις

2256 1717 2575 1790 δρουγγιστλ⁸
2612 1716 2981 1781 συνάπτοντες
3003 1714 3264 1788 ἀλλήλαις
3283 1706 3378 1782 τὰς
3415 1717 3621 1788 μοίρας
3660 1720 3864 1790 μικρὸν

2257 1811 2354 1867 ἀπ’
2422 1811 2668 1884 ἀλλήλων
2725 1811 3076 1883 διισταμένας
3096 1850 3114 1879 ,
3156 1807 3316 1880 ίῶστε
3372 1811 3506 1883 μίαν
3558 1812 3864 1882 φαίνεσθαι

2180 1915 2226 1973 Β
2256 1905 2585 1979 παράταξιν.

2323 2006 2436 2066 νς¹.
2472 2000 2694 2071 Ἔχουσι
2722 1997 2781 2053 δὲ
2810 1996 2916 2066 ἔξω
2934 1998 3033 2071 τῆς
3062 1997 3425 2071 παρατάξεως
3460 1997 3705 2072 δύναμίν
3733 2018 3862 2055 τινα

2252 2093 2317 2146 έκ
2349 2092 2636 2165 περισσοῦ,
2663 2095 2729 2165 ἢν
2775 2090 2913 2162 πρὸς
2953 2090 3259 2163 ἐγκρυμμα
3286 2091 3678 2163 ἐκπέμπουσιν
3712 2092 3861 2148 κατὰ

2252 2186 2361 2241 τῶν
2390 2185 2611 2259 ἀμελῶς
2654 2183 3132 2256 ἀντιτασσομένων
3155 2184 3367 2249 αὐτοῖς,
3394 2185 3427 2256 ἢ
3458 2184 3557 2240 καὶ
3598 2188 3690 2251 εἰς
3718 2186 3859 2259 βοή-

2254 2277 2410 2334 θειαν
2455 2278 2552 2334 τοῦ
2620 2276 2962 2351 βαρουμένου
3014 2275 3219 2349 μέρους
3263 2276 3623 2347 φυλάττουσι.
3659 2279 3738 2333 Th
3794 2280 3857 2333 ss

2252 2370 2470 2427 τοῦλδον
2494 2369 2932 2427 αὐτῶνδπισθεν
2960 2369 3061 2440 τῆς
3087 2368 3464 2442 παρατάξεως
3488 2371 3687 2442 ιχουσι
3718 2372 3863 2443 πλη..

2253 2466 2394 2532 σίον,
2418 2464 2452 2538 ἢ
2479 2464 2685 2539 δεξιᾷῆ
2730 2463 2999 2537 ἀριστερᾷ
3044 2462 3145 2536 τῆς
3200 2462 3591 2540 παρατάξεως,
3616 2467 3703 2532 ὡς
3730 2468 3846 2523 ἀπὸ

2253 2558 2372 2623 ἑνὸς
2400 2558 2437 2632 ἢ
2467 2558 2722 2632 δευτέρου
2760 2555 2965 2630 μιλίου,
2997 2553 3254 2626 ἀφιέντες
3283 2558 3343 2615 έν
3383 2558 3536 2631 αὐτῷ
3585 2561 3695 2615 καὶ
3739 2560 3858 2615 ιλι-

2250 2667 2358 2725 γην
2380 2652 2811 2731 παραφυλακήν.

2322 2848 2420 2915 νς.
2448 2826 2724 2918 Πολλάκις
2746 2852 2804 2908 δὲ
2835 2854 2934 2909 καὶ
2962 2853 3362 2927 συζευγνύντες
3384 2854 3514 2919 τοὺς
3539 2855 3853 2926 περισσοὺς

2253 2940 2363 2998 τῶν
2393 2944 2576 2999 ἵππων
2607 2943 2755 3001 κατὰ
2784 2946 2981 3017 νώτου,
3012 2948 3182 3021 ἤγουν
3203 2946 3431 3004 ὄπισθεν
3458 2947 3561 3019 τῆς
3589 2948 3854 3012 παρατά-

2256 3034 2392 3101 ξεως
2443 3038 2628 3093 αὐτῶν
2672 3038 2917 3096 ποιοῦσιν
2972 3041 3055 3107 είς
3107 3041 3356 3114 φυλακὴν
3401 3039 3597 3113 αὐτῆς,
3640 3041 3747 3096 καὶ
3783 3042 3852 3097 τά

2261 3128 2362 3203 μὲν
2400 3129 2541 3203 βάθη
2587 3132 2698 3187 τῶν
2744 3134 2919 3193 ἀκιῶν
2974 3134 3074 3207 τῆς
3107 3135 3471 3209 παρατάξεως
3508 3135 3683 3209 ἤγουν
3715 3138 3849 3201 τοὺς

2260 3223 2477 3294 στίχους
2519 3224 2788 3298 ἀορίστως
2809 3225 3049 3295 ποιοῦσι,
3078 3228 3167 3285 διὰ
3198 3216 3269 3284 ’τὸ
3293 3232 3531 3301 παχεῖαν
3558 3223 3708 3285 εἶναι
3745 3230 3847 3303 τὴν

2260 3318 2565 3390 παράταξιν
2622 3319 2824 3392 βάθους
2880 3319 3084 3392 μᾶλλον
3140 3322 3546 3393 φροντίζοντες,
3573 3319 3670 3379 καὶ
3728 3322 3844 3377 ἴσον
3978 3318 3979 3403 1

2258 3408 2470 3467 ποιοῦσι
2509 3414 2602 3469 καὶ
2636 3412 2841 3469 πυκνὸν
2874 3412 2937 3465 τὸ
2969 3411 3249 3484 μέτωπον.
3978 3408 3979 3443 ‘

2332 3492 2433 3569 νη⁹.
2464 3497 2728 3570 Χοίρουσι
2768 3501 2827 3557 δὲ
2876 3504 3081 3573 μᾶλλον
3109 3506 3230 3570 ταῖς
3279 3503 3389 3561 ἀπὺ
3431 3504 3672 3579 μήκοθεν
3737 3508 3841 3578 μά-

2254 3606 2399 3661 χαις,
2424 3590 2520 3644 καὶ
2553 3592 2818 3665 ἐνέδραις,
2868 3597 2967 3653 καὶ
3016 3600 3139 3664 ταῖς
3176 3598 3485 3655 κυκλώσεσι
3538 3599 3680 3655 κατά
3722 3601 3836 3657 τῶν

2259 3683 2552 3751 ἐναντίων,
2590 3686 2688 3741 καὶ
2737 3690 2861 3753 ταῖς
2918 3691 3428 3763 έσχηματισμέναις
3480 3692 3835 3765 ὑποχωρήσε-

2256 3796 2363 3849 σιν,
2387 3777 2485 3834 καὶ
2514 3780 2933 3853 ἀντιστροφαῖς,
2971 3784 3064 3838 καὶ
3106 3785 3228 3850 ταῖς
3272 3783 3698 3857 διεσπαρμέναις
3728 3787 3833 3842 τά·

2254 3870 2311 3938 ξε
2320 3888 2423 3925 σιν.

2322 3958 2419 4017 νϐ’.
2452 3962 2624 4020 Ὅταν
2646 3964 2705 4020 δὲ
2736 3961 2979 4038 τρέψωσι
2998 3963 3126 4029 τοὺς
3151 3961 3383 4038 ἐχθροὺς
3408 3963 3615 4033 αὐτῶν,
3653 3964 3830 4039 πάντα

2252 4054 2311 4107 ἐν
2366 4053 2604 4127 δευτέρῳ
2670 4054 2934 4125 τιθέασιν,
3004 4056 3103 4111 καὶ
3168 4053 3408 4125 ἀφειδῶς
3454 4055 3780 4110 ἐπιτίθενται
3807 4076 3830 4121 ,’

2253 4147 2406 4203 οὐδὲν
2436 4148 2626 4221 ἕτερον
2648 4148 3014 4221 λογιζόμενοι,
3047 4148 3083 4222 ἢ
3106 4149 3169 4204 τὸ
3200 4148 3441 4204 διώκειν.
3463 4150 3578 4205 οὐκ
3600 4149 3829 4222 ἀρκοῦν-

2253 4258 2341 4296 ται
2380 4240 2513 4314 γάρ,
2571 4240 2759 4313 ὥσπερ
2788 4243 2836 4296 οἱ
2871 4240 3131 4313 Ῥωμαῖοι
3179 4242 3275 4296 καὶ
3311 4241 3377 4296 τά
3420 4242 3555 4297 ἀλλα
3584 4241 3731 4313 ἔθνη,
3759 4242 3823 4311 τῇ

2257 4331 2458 4406 μετρίᾳ
2483 4331 2836 4401 καταδιώξει,
2866 4333 2962 4387 καὶ
2987 4334 3056 4405 τῇ
3089 4332 3198 4389 τῶν
3238 4334 3540 4407 χρημάτων
3575 4333 3823 4406 ἁρπαγῇ,

2253 4425 2392 4481 ἀλλὰ
2446 4425 2609 4498 μέχρι
2655 4425 2913 4482 τοσούτου
2946 4426 3274 4491 ἐπίκεινται,
3331 4426 3438 4491 ἕως
3490 4426 3557 4481 ἂν
3613 4425 3827 4489 τελείως

2251 4520 2353 4591 τὴν
2379 4518 2489 4573 τῶν
2522 4518 2732 4591 ὲχῦρῶν
2763 4519 3061 4575 κατάλυσιν
3106 4520 3465 4591 ποιήσωνται,
3498 4518 3649 4592 πάσῃ
3697 4517 3828 4592 ps0-

2177 4626 2226 4687 υ
2252 4613 2354 4685 όδῳ
2376 4614 2453 4677 είς
2486 4611 2646 4667 τοῦτο
2673 4615 3026 4687 κεχρημένοι.

2324 4705 2388 4773 ξ’.
2442 4707 2566 4762 Ἑάν
2623 4707 2681 4762 δέ
2727 4724 2875 4771 τινες
2914 4706 3025 4761 τῶν
3055 4706 3267 4779 ἐχθρῶν
3294 4706 3477 4761 αὐτῶν
3507 4705 3821 4778 διωκόμενοι

2251 4802 2330 4866 5L;
2392 4801 2655 4874 ὀχύρωμα
2693 4802 3102 4871 καταφεύγωσι,
3156 4799 3525 4866 σπουδάζουσι
3575 4798 3814 4871 ἀκριὸῶς

2251 4893 2642 4957 κατανοοῦντες
2685 4893 2785 4965 τὴν
2850 4893 2960 4949 τῶν
3014 4894 3329 4963 ἀναγκαίων
3358 4893 3567 4949 ἔνδειαν
3599 4892 3690 4947 καὶ
3718 4890 3820 4944 τῶν

2253 4985 2440 5040 ῖτιπων
2477 4984 2570 5039 καὶ
2597 4984 2707 5038 τῶν
2735 4984 2967 5057 ἀνδρῶν,
2992 4986 3086 5040 καὶ
3113 4983 3615 5058 προσκαρτεροῦσιν
3650 4983 3734 5036 ἵνα
3758 4984 3817 5052 τῇ

2256 5076 2531 5148 στενότητι
2596 5076 2804 5130 τούτων
2830 5076 3202 5150 χειρώσωνται
3232 5076 3360 5140 τοὺς
3389 5077 3635 5146 ἐχθροὺς,
3672 5073 3705 5144 ῆ
3746 5073 3818 5135 εἰς

2252 5171 2322 5224 τά
2353 5170 2657 5242 ἀρέσκοντα
2712 5172 2897 5235 αὐτοῖς
2958 5171 3224 5242 σύμφωνα
3264 5169 3487 5233 τούτους
3550 5170 3813 5236 ἀγάγωσι,

2253 5262 2485 5335 πρώτως
2534 5265 2634 5335 μὲν
2700 5264 3042 5336 έλαφρότερά
3104 5282 3225 5318 τινα
3272 5261 3677 5334 ἐπιζητοῦντες,
3730 5263 3816 5315 καὶ

2251 5354 2371 5407 τότε
2406 5354 2805 5425 συντιθεμένων
2834 5356 3014 5419 αὐτοῖς
3044 5355 3150 5410 τῶν
3180 5355 3392 5427 ἐχθρῶν
3430 5355 3591 5426 ἔτερα
3639 5355 3810 5425 1425;0-

2255 5463 2318 5500 να
2357 5446 2769 5518 προστιθέασιν.

2324 5537 2422 5606 ξαῆ
2454 5538 2639 5594 Ταῦτα
2692 5540 2793 5611 μὲν
2850 5541 2917 5595 τὰ
2978 5542 3085 5596 τῶν
3134 5542 3393 5615 Τούρκων
3449 5543 3549 5614 ἤδη
3589 5538 3813 5611 τοσούτῳ

2252 5634 2398 5706 μόνῳ
2429 5635 2758 5707 διαφέροντα
2788 5635 2896 5690 τῶν
2919 5636 3265 5709 ὼνλγάρων,
3298 5639 3409 5710 ὅσῳ
3430 5638 3530 5709 τὴν
3561 5637 3810 5706 Χριστια-

2249 5725 2355 5780 νῶν
2377 5718 2523 5780 οὗτοι
2572 5729 2961 5799 ἀσπασάμενοι
2985 5730 3186 5795 πίστιν,
3220 5732 3314 5785 καὶ
3342 5734 3457 5796 τοῖς
3501 5729 3807 5798 Ῥωμαῑκοίς

2248 5819 2337 5871 ἐπ’
2363 5819 2541 5890 ὀλίγον
2601 5821 2958 5889 μετεϐάλοντο
3008 5822 3188 5897 ἤθεσι,
3218 5825 3279 5879 τό
3308 5843 3368 5880 τε
3410 5826 3469 5879 τὸ
3491 5824 3677 5896 ἄγριον
3724 5821 3805 5875 καὶ

2250 5912 2540 5983 νομαδικὸν
2567 5913 2641 5985 τῷ
2666 5916 2877 5987 ἀπίστῳ
2909 5917 3395 5987 συναποὸαλὸντες.
