  <div class='ocr_page' id='page_1' title='image "/cluster/home/n/w/nwhite01/storage/ocr_20150623/107/mdp.39015028571910/524.png"; bbox 0 0 4040 6298; ppageno 0'>
   <div class='ocr_carea' id='block_1_1' title="bbox 338 368 449 436">
    <p class='ocr_par' dir='ltr' id='par_1_1' title="bbox 338 368 449 436">
     <span class='ocr_line' id='line_1_1' title="bbox 338 368 449 436; baseline 0.018 -2"><span class='ocrx_word' id='word_1_1' title='bbox 338 368 449 436; x_wconf 83' lang='lat'><strong>961</strong></span> 
     </span>
    </p>
   </div>
   <div class='ocr_carea' id='block_1_2' title="bbox 1365 362 2592 432">
    <p class='ocr_par' dir='ltr' id='par_1_2' title="bbox 1365 362 2592 432">
     <span class='ocr_line' id='line_1_2' title="bbox 1365 362 2592 432; baseline -0.007 0"><span class='ocrx_word' id='word_1_2' title='bbox 1365 370 1701 432; x_wconf 74' lang='lat' dir='ltr'><strong>TACTICA.</strong></span> <span class='ocrx_word' id='word_1_3' title='bbox 1734 394 1801 406; x_wconf 86' lang='lat'><strong>-</strong></span> <span class='ocrx_word' id='word_1_4' title='bbox 1835 362 2341 429; x_wconf 88' lang='lat' dir='ltr'><strong>CONSTITUTIO</strong></span> <span class='ocrx_word' id='word_1_5' title='bbox 2368 363 2592 426; x_wconf 83' lang='lat' dir='ltr'><strong>XVIII.</strong></span> 
     </span>
    </p>
   </div>
   <div class='ocr_carea' id='block_1_3' title="bbox 3482 356 3592 421">
    <p class='ocr_par' dir='ltr' id='par_1_3' title="bbox 3482 356 3592 421">
     <span class='ocr_line' id='line_1_3' title="bbox 3482 356 3592 421; baseline 0.018 -2"><span class='ocrx_word' id='word_1_6' title='bbox 3482 356 3592 421; x_wconf 71' lang='lat'><strong>962</strong></span> 
     </span>
    </p>
   </div>
   <div class='ocr_carea' id='block_1_4' title="bbox 408 475 1922 561">
    <p class='ocr_par' dir='ltr' id='par_1_4' title="bbox 408 475 1912 561">
     <span class='ocr_line' id='line_1_4' title="bbox 408 475 1912 561; baseline -0.001 -19"><span class='ocrx_word' id='word_1_7' title='bbox 408 475 508 557; x_wconf 54' lang='grc' dir='ltr'><strong>ἒβη</strong></span> <span class='ocrx_word' id='word_1_8' title='bbox 563 485 929 542; x_wconf 78' lang='grc' dir='ltr'><strong>Ἐναντιοῦται</strong></span> <span class='ocrx_word' id='word_1_9' title='bbox 981 487 1038 541; x_wconf 63' lang='grc' dir='ltr'><strong>δὲ</strong></span> <span class='ocrx_word' id='word_1_10' title='bbox 1087 486 1364 559; x_wconf 82' lang='grc' dir='ltr'><strong>πολεμίοις</strong></span> <span class='ocrx_word' id='word_1_11' title='bbox 1428 488 1692 561; x_wconf 80' lang='grc' dir='ltr'><strong>Τούρκοις</strong></span> <span class='ocrx_word' id='word_1_12' title='bbox 1739 487 1912 542; x_wconf 74' lang='grc' dir='ltr'><strong>ενδεία</strong></span> 
     </span>
    </p>
   </div>
   <div class='ocr_carea' id='block_1_5' title="bbox 2028 475 3595 561">
    <p class='ocr_par' dir='ltr' id='par_1_5' title="bbox 2090 475 3595 551">
     <span class='ocr_line' id='line_1_5' title="bbox 2090 475 3595 551; baseline -0.007 -12"><span class='ocrx_word' id='word_1_13' title='bbox 2090 484 2177 539; x_wconf 73' lang='lat'><strong>62.</strong></span> <span class='ocrx_word' id='word_1_14' title='bbox 2210 482 2527 539; x_wconf 87' lang='lat' dir='ltr'><strong>Pastionnm</strong></span> <span class='ocrx_word' id='word_1_15' title='bbox 2556 480 2740 551; x_wconf 80' lang='lat' dir='ltr'><strong>inopia</strong></span> <span class='ocrx_word' id='word_1_16' title='bbox 2770 478 3008 535; x_wconf 72' lang='lat' dir='ltr'><strong>maximo</strong></span> <span class='ocrx_word' id='word_1_17' title='bbox 3034 475 3425 547; x_wconf 84' lang='lat' dir='ltr'><strong>impedimento</strong></span> <span class='ocrx_word' id='word_1_18' title='bbox 3454 475 3595 531; x_wconf 89' lang='lat' dir='ltr'><strong>Tur-</strong></span> 
     </span>
    </p>
   </div>
   <div class='ocr_carea' id='block_1_6' title="bbox 343 574 1726 653">
    <p class='ocr_par' dir='ltr' id='par_1_6' title="bbox 343 574 1726 653">
     <span class='ocr_line' id='line_1_6' title="bbox 343 574 1726 653; baseline 0.004 -20"><span class='ocrx_word' id='word_1_19' title='bbox 343 580 543 651; x_wconf 78' lang='grc' dir='ltr'><strong>βοσκῆς</strong></span> <span class='ocrx_word' id='word_1_20' title='bbox 572 580 659 634; x_wconf 68' lang='grc' dir='ltr'><strong>διὰ</strong></span> <span class='ocrx_word' id='word_1_21' title='bbox 683 580 743 634; x_wconf 82' lang='grc' dir='ltr'><strong>τδ</strong></span> <span class='ocrx_word' id='word_1_22' title='bbox 777 580 981 653; x_wconf 75' lang='grc' dir='ltr'><strong>πλῆθος</strong></span> <span class='ocrx_word' id='word_1_23' title='bbox 1008 574 1082 636; x_wconf 84' lang='grc' dir='ltr'><strong>ὧν</strong></span> <span class='ocrx_word' id='word_1_24' title='bbox 1112 582 1465 653; x_wconf 75' lang='grc' dir='ltr'><strong>ἐπιφέρονται</strong></span> <span class='ocrx_word' id='word_1_25' title='bbox 1498 583 1726 651; x_wconf 78' lang='grc' dir='ltr'><strong>ἀλόγων.</strong></span> 
     </span>
    </p>
   </div>
   <div class='ocr_carea' id='block_1_7' title="bbox 413 752 1899 839">
    <p class='ocr_par' dir='ltr' id='par_1_7' title="bbox 413 752 1899 839">
     <span class='ocr_line' id='line_1_7' title="bbox 413 752 1899 839; baseline -0.001 -20"><span class='ocrx_word' id='word_1_26' title='bbox 413 752 513 833; x_wconf 57' lang='grc' dir='ltr'><strong>ξγδ.</strong></span> <span class='ocrx_word' id='word_1_27' title='bbox 546 754 654 820; x_wconf 73' lang='grc' dir='ltr'><strong>Καὶ</strong></span> <span class='ocrx_word' id='word_1_28' title='bbox 704 768 762 820; x_wconf 80' lang='grc' dir='ltr'><strong>ὲν</strong></span> <span class='ocrx_word' id='word_1_29' title='bbox 812 767 991 838; x_wconf 81' lang='grc' dir='ltr'>καιρῷ</span> <span class='ocrx_word' id='word_1_30' title='bbox 1046 766 1103 819; x_wconf 81' lang='grc' dir='ltr'><strong>δὲ</strong></span> <span class='ocrx_word' id='word_1_31' title='bbox 1156 766 1426 839; x_wconf 74' lang='grc' dir='ltr'><strong>συμϐολῆς</strong></span> <span class='ocrx_word' id='word_1_32' title='bbox 1480 765 1633 831; x_wconf 77' lang='grc' dir='ltr'><strong>τάξις</strong></span> <span class='ocrx_word' id='word_1_33' title='bbox 1698 766 1899 838; x_wconf 74' lang='grc' dir='ltr'><strong>πεζικὴ</strong></span> 
     </span>
    </p>
   </div>
   <div class='ocr_carea' id='block_1_8' title="bbox 352 858 1914 931">
    <p class='ocr_par' dir='ltr' id='par_1_8' title="bbox 352 858 1914 931">
     <span class='ocr_line' id='line_1_8' title="bbox 352 858 1914 931; baseline 0.001 -23"><span class='ocrx_word' id='word_1_34' title='bbox 352 858 758 927; x_wconf 79' lang='grc' dir='ltr'><strong>συντεταγμένη</strong></span> <span class='ocrx_word' id='word_1_35' title='bbox 796 858 1031 928; x_wconf 87' lang='grc' dir='ltr'><strong>μάλιστα</strong></span> <span class='ocrx_word' id='word_1_36' title='bbox 1066 858 1259 921; x_wconf 75' lang='grc' dir='ltr'><strong>αὐτοὺς</strong></span> <span class='ocrx_word' id='word_1_37' title='bbox 1320 859 1531 931; x_wconf 72' lang='grc' dir='ltr'><strong>βλάψει,</strong></span> <span class='ocrx_word' id='word_1_38' title='bbox 1559 860 1634 922; x_wconf 82' lang='grc' dir='ltr'><strong>ὡς</strong></span> <span class='ocrx_word' id='word_1_39' title='bbox 1696 858 1914 911; x_wconf 74' lang='grc' dir='ltr'><strong>ἐναντία</strong></span> 
     </span>
    </p>
   </div>
   <div class='ocr_carea' id='block_1_9' title="bbox 344 945 1915 1023">
    <p class='ocr_par' dir='ltr' id='par_1_9' title="bbox 344 945 1915 1023">
     <span class='ocr_line' id='line_1_9' title="bbox 344 945 1915 1023; baseline 0.001 -22"><span class='ocrx_word' id='word_1_40' title='bbox 344 945 524 1001; x_wconf 75' lang='grc' dir='ltr'><strong>αὐτῶν</strong></span> <span class='ocrx_word' id='word_1_41' title='bbox 575 950 958 1020; x_wconf 81' lang='grc' dir='ltr'><strong>καϐαλλαρίων</strong></span> <span class='ocrx_word' id='word_1_42' title='bbox 987 951 1178 1016; x_wconf 73' lang='grc' dir='ltr'><strong>ὄντων,</strong></span> <span class='ocrx_word' id='word_1_43' title='bbox 1212 953 1305 1005; x_wconf 76' lang='grc' dir='ltr'><strong>καὶ</strong></span> <span class='ocrx_word' id='word_1_44' title='bbox 1350 953 1424 1023; x_wconf 80' lang='grc' dir='ltr'><strong>μὴ</strong></span> <span class='ocrx_word' id='word_1_45' title='bbox 1479 951 1915 1005; x_wconf 80' lang='grc' dir='ltr'><strong>καταϐαινόντων</strong></span> 
     </span>
    </p>
   </div>
   <div class='ocr_carea' id='block_1_10' title="bbox 342 1034 1911 1113">
    <p class='ocr_par' dir='ltr' id='par_1_10' title="bbox 342 1034 1911 1113">
     <span class='ocr_line' id='line_1_10' title="bbox 342 1034 1911 1113; baseline 0.001 -20"><span class='ocrx_word' id='word_1_46' title='bbox 342 1039 453 1093; x_wconf 79' lang='grc' dir='ltr'><strong>ἀπὸ</strong></span> <span class='ocrx_word' id='word_1_47' title='bbox 507 1041 617 1094; x_wconf 83' lang='grc' dir='ltr'><strong>τῶν</strong></span> <span class='ocrx_word' id='word_1_48' title='bbox 676 1040 907 1095; x_wconf 72' lang='grc' dir='ltr'><strong>ἵππωνο</strong></span> <span class='ocrx_word' id='word_1_49' title='bbox 966 1036 1087 1096; x_wconf 73' lang='grc' dir='ltr'><strong>οὐδὲ</strong></span> <span class='ocrx_word' id='word_1_50' title='bbox 1140 1042 1248 1112; x_wconf 81' lang='grc' dir='ltr'><strong>γάρ</strong></span> <span class='ocrx_word' id='word_1_51' title='bbox 1314 1034 1505 1112; x_wconf 77' lang='grc' dir='ltr'><strong>στῆναι</strong></span> <span class='ocrx_word' id='word_1_52' title='bbox 1570 1043 1708 1113; x_wconf 77' lang='grc' dir='ltr'><strong>πεζῇ</strong></span> <span class='ocrx_word' id='word_1_53' title='bbox 1776 1059 1911 1113; x_wconf 74' lang='grc' dir='ltr'><strong>καρι-</strong></span> 
     </span>
    </p>
   </div>
   <div class='ocr_carea' id='block_1_11' title="bbox 345 1130 1837 1203">
    <p class='ocr_par' dir='ltr' id='par_1_11' title="bbox 345 1130 1837 1203">
     <span class='ocr_line' id='line_1_11' title="bbox 345 1130 1837 1203; baseline 0.002 -21"><span class='ocrx_word' id='word_1_54' title='bbox 345 1130 594 1201; x_wconf 82' lang='grc' dir='ltr'><strong>τεροῦσιν</strong></span> <span class='ocrx_word' id='word_1_55' title='bbox 618 1131 689 1194; x_wconf 85' lang='grc' dir='ltr'><strong>ὼς</strong></span> <span class='ocrx_word' id='word_1_56' title='bbox 714 1132 1109 1202; x_wconf 74' lang='grc' dir='ltr'><strong>συντραφέντες</strong></span> <span class='ocrx_word' id='word_1_57' title='bbox 1140 1134 1456 1203; x_wconf 67' lang='grc' dir='ltr'><strong>ἐποχεῖσθαι</strong></span> <span class='ocrx_word' id='word_1_58' title='bbox 1484 1136 1594 1196; x_wconf 89' lang='grc' dir='ltr'><strong>τοῖς</strong></span> <span class='ocrx_word' id='word_1_59' title='bbox 1626 1134 1837 1195; x_wconf 83' lang='grc' dir='ltr'><strong>ἵπποις.</strong></span> 
     </span>
    </p>
   </div>
   <div class='ocr_carea' id='block_1_12' title="bbox 416 1214 1914 1294">
    <p class='ocr_par' dir='ltr' id='par_1_12' title="bbox 416 1214 1914 1294">
     <span class='ocr_line' id='line_1_12' title="bbox 416 1214 1914 1294; baseline 0 -19"><span class='ocrx_word' id='word_1_60' title='bbox 416 1223 509 1288; x_wconf 76' lang='grc' dir='ltr'><strong>ξδ’.</strong></span> <span class='ocrx_word' id='word_1_61' title='bbox 557 1224 923 1278; x_wconf 80' lang='grc' dir='ltr'><strong>Ἑναντιοῦται</strong></span> <span class='ocrx_word' id='word_1_62' title='bbox 982 1225 1039 1279; x_wconf 90' lang='grc' dir='ltr'><strong>δὲ</strong></span> <span class='ocrx_word' id='word_1_63' title='bbox 1092 1225 1275 1289; x_wconf 70' lang='grc' dir='ltr'><strong>αὐτοῖς</strong></span> <span class='ocrx_word' id='word_1_64' title='bbox 1332 1228 1423 1279; x_wconf 75' lang='grc' dir='ltr'><strong>καὶ</strong></span> <span class='ocrx_word' id='word_1_65' title='bbox 1499 1214 1663 1289; x_wconf 77' lang='grc' dir='ltr'><strong>τόπος</strong></span> <span class='ocrx_word' id='word_1_66' title='bbox 1712 1222 1914 1294; x_wconf 78' lang='grc' dir='ltr'><strong>ὁμαλὸς</strong></span> 
     </span>
    </p>
   </div>
   <div class='ocr_carea' id='block_1_13' title="bbox 344 1315 1912 1389">
    <p class='ocr_par' dir='ltr' id='par_1_13' title="bbox 344 1315 1912 1389">
     <span class='ocr_line' id='line_1_13' title="bbox 344 1315 1912 1389; baseline 0.001 -20"><span class='ocrx_word' id='word_1_67' title='bbox 344 1315 439 1370; x_wconf 71' lang='grc' dir='ltr'><strong>καὶ</strong></span> <span class='ocrx_word' id='word_1_68' title='bbox 470 1318 941 1387; x_wconf 75' lang='grc' dir='ltr'><strong>γεγυμνασμένος,</strong></span> <span class='ocrx_word' id='word_1_69' title='bbox 979 1319 1072 1371; x_wconf 73' lang='grc' dir='ltr'><strong>καὶ</strong></span> <span class='ocrx_word' id='word_1_70' title='bbox 1108 1318 1172 1389; x_wconf 84' lang='grc' dir='ltr'><strong>δὴ</strong></span> <span class='ocrx_word' id='word_1_71' title='bbox 1194 1318 1288 1372; x_wconf 77' lang='grc' dir='ltr'><strong>καὶ</strong></span> <span class='ocrx_word' id='word_1_72' title='bbox 1314 1318 1464 1382; x_wconf 80' lang='grc' dir='ltr'><strong>τάξις</strong></span> <span class='ocrx_word' id='word_1_73' title='bbox 1490 1318 1869 1388; x_wconf 80' lang='grc' dir='ltr'><strong>κασαλλαρικὴ</strong></span> <span class='ocrx_word' id='word_1_74' title='bbox 1897 1360 1912 1380; x_wconf 87' lang='grc'><strong>,</strong></span> 
     </span>
    </p>
   </div>
   <div class='ocr_carea' id='block_1_14' title="bbox 346 1408 1917 1481">
    <p class='ocr_par' dir='ltr' id='par_1_14' title="bbox 346 1408 1917 1481">
     <span class='ocr_line' id='line_1_14' title="bbox 346 1408 1917 1481; baseline -0.001 -19"><span class='ocrx_word' id='word_1_75' title='bbox 346 1408 447 1462; x_wconf 73' lang='grc' dir='ltr'><strong>καὶ</strong></span> <span class='ocrx_word' id='word_1_76' title='bbox 504 1410 931 1481; x_wconf 83' lang='grc' dir='ltr'><strong>πεπυκνωμένη,</strong></span> <span class='ocrx_word' id='word_1_77' title='bbox 955 1413 1051 1463; x_wconf 76' lang='grc' dir='ltr'><strong>καὶ</strong></span> <span class='ocrx_word' id='word_1_78' title='bbox 1104 1410 1445 1474; x_wconf 83' lang='grc' dir='ltr'><strong>άδιαστάτως</strong></span> <span class='ocrx_word' id='word_1_79' title='bbox 1480 1412 1662 1474; x_wconf 83' lang='grc' dir='ltr'><strong>αὐτοῖς</strong></span> <span class='ocrx_word' id='word_1_80' title='bbox 1695 1409 1917 1463; x_wconf 79' lang='grc' dir='ltr'><strong>ἀκολου-</strong></span> 
     </span>
    </p>
   </div>
   <div class='ocr_carea' id='block_1_15' title="bbox 345 1500 530 1555">
    <p class='ocr_par' dir='ltr' id='par_1_15' title="bbox 345 1500 530 1555">
     <span class='ocr_line' id='line_1_15' title="bbox 345 1500 530 1555; baseline 0.005 -1"><span class='ocrx_word' id='word_1_81' title='bbox 345 1500 530 1555; x_wconf 79' lang='grc' dir='ltr'><strong>θοῢσα.</strong></span> 
     </span>
    </p>
   </div>
   <div class='ocr_carea' id='block_1_16' title="bbox 416 1588 1919 1665">
    <p class='ocr_par' dir='ltr' id='par_1_16' title="bbox 416 1588 1919 1665">
     <span class='ocr_line' id='line_1_16' title="bbox 416 1588 1919 1665; baseline 0.001 -21"><span class='ocrx_word' id='word_1_82' title='bbox 416 1588 506 1658; x_wconf 83' lang='grc' dir='ltr'><strong>ξε’.</strong></span> <span class='ocrx_word' id='word_1_83' title='bbox 549 1590 921 1646; x_wconf 69' lang='grc' dir='ltr'><strong>Ἐναντιοῦται</strong></span> <span class='ocrx_word' id='word_1_84' title='bbox 951 1592 1006 1647; x_wconf 77' lang='grc' dir='ltr'><strong>δὲ</strong></span> <span class='ocrx_word' id='word_1_85' title='bbox 1035 1590 1131 1645; x_wconf 70' lang='grc' dir='ltr'><strong>καὶ</strong></span> <span class='ocrx_word' id='word_1_86' title='bbox 1160 1593 1223 1645; x_wconf 78' lang='grc' dir='ltr'><strong>ἐκ</strong></span> <span class='ocrx_word' id='word_1_87' title='bbox 1249 1594 1431 1665; x_wconf 65' lang='grc' dir='ltr'><strong>χειρὸς</strong></span> <span class='ocrx_word' id='word_1_88' title='bbox 1464 1592 1753 1665; x_wconf 82' lang='grc' dir='ltr'><strong>συμπλοκὴ</strong></span> <span class='ocrx_word' id='word_1_89' title='bbox 1781 1593 1919 1662; x_wconf 79' lang='grc' dir='ltr'><strong>μετὰ</strong></span> 
     </span>
    </p>
   </div>
   <div class='ocr_carea' id='block_1_17' title="bbox 344 1684 1917 1757">
    <p class='ocr_par' dir='ltr' id='par_1_17' title="bbox 344 1684 1917 1757">
     <span class='ocr_line' id='line_1_17' title="bbox 344 1684 1917 1757; baseline 0.001 -21"><span class='ocrx_word' id='word_1_90' title='bbox 344 1684 452 1737; x_wconf 78' lang='grc' dir='ltr'><strong>τῶν</strong></span> <span class='ocrx_word' id='word_1_91' title='bbox 485 1684 686 1749; x_wconf 83' lang='grc' dir='ltr'><strong>ὃπλων,</strong></span> <span class='ocrx_word' id='word_1_92' title='bbox 737 1685 830 1737; x_wconf 72' lang='grc' dir='ltr'><strong>καὶ</strong></span> <span class='ocrx_word' id='word_1_93' title='bbox 864 1684 1044 1753; x_wconf 78' lang='grc' dir='ltr'><strong>ἔφοδοι</strong></span> <span class='ocrx_word' id='word_1_94' title='bbox 1076 1688 1390 1757; x_wconf 70' lang='grc' dir='ltr'>νυκτεριναὶ</span> <span class='ocrx_word' id='word_1_95' title='bbox 1413 1687 1670 1757; x_wconf 77' lang='grc' dir='ltr'><strong>ἀσφαλῶς</strong></span> <span class='ocrx_word' id='word_1_96' title='bbox 1702 1689 1917 1756; x_wconf 84' lang='grc' dir='ltr'><strong>γινόμε-</strong></span> 
     </span>
    </p>
   </div>
   <div class='ocr_carea' id='block_1_18' title="bbox 345 1770 1918 1849">
    <p class='ocr_par' dir='ltr' id='par_1_18' title="bbox 345 1770 1918 1849">
     <span class='ocr_line' id='line_1_18' title="bbox 345 1770 1918 1849; baseline -0.001 -19"><span class='ocrx_word' id='word_1_97' title='bbox 345 1792 454 1841; x_wconf 85' lang='grc' dir='ltr'><strong>ναι,</strong></span> <span class='ocrx_word' id='word_1_98' title='bbox 491 1770 602 1831; x_wconf 76' lang='grc' dir='ltr'>οἷον</span> <span class='ocrx_word' id='word_1_99' title='bbox 653 1776 738 1830; x_wconf 71' lang='grc' dir='ltr'><strong>ἵνα</strong></span> <span class='ocrx_word' id='word_1_100' title='bbox 768 1777 817 1829; x_wconf 78' lang='lat' dir='ltr'><strong>oi</strong></span> <span class='ocrx_word' id='word_1_101' title='bbox 868 1776 965 1847; x_wconf 82' lang='grc' dir='ltr'><strong>μὲν</strong></span> <span class='ocrx_word' id='word_1_102' title='bbox 988 1779 1033 1830; x_wconf 84' lang='grc' dir='ltr'><strong>οἱ</strong></span> <span class='ocrx_word' id='word_1_103' title='bbox 1062 1777 1489 1849; x_wconf 79' lang='grc' dir='ltr'><strong>προσϐάλλοντες</strong></span> <span class='ocrx_word' id='word_1_104' title='bbox 1519 1779 1700 1842; x_wconf 78' lang='grc' dir='ltr'><strong>αὐτοῖς</strong></span> <span class='ocrx_word' id='word_1_105' title='bbox 1727 1778 1784 1831; x_wconf 86' lang='grc' dir='ltr'><strong>ἓν</strong></span> <span class='ocrx_word' id='word_1_106' title='bbox 1820 1778 1918 1848; x_wconf 81' lang='grc' dir='ltr'><strong>μὲν</strong></span> 
     </span>
    </p>
   </div>
   <div class='ocr_carea' id='block_1_19' title="bbox 2018 570 3592 644">
    <p class='ocr_par' dir='ltr' id='par_1_19' title="bbox 2018 570 3592 644">
     <span class='ocr_line' id='line_1_19' title="bbox 2018 570 3592 644; baseline -0.002 -14"><span class='ocrx_word' id='word_1_107' title='bbox 2018 590 2209 631; x_wconf 88' lang='lat' dir='ltr'><strong>eorum</strong></span> <span class='ocrx_word' id='word_1_108' title='bbox 2255 575 2519 631; x_wconf 72' lang='lat' dir='ltr'><strong>exercitui</strong></span> <span class='ocrx_word' id='word_1_109' title='bbox 2552 582 2655 640; x_wconf 85' lang='lat' dir='ltr'><strong>est,</strong></span> <span class='ocrx_word' id='word_1_110' title='bbox 2702 574 2829 644; x_wconf 70' lang='lat' dir='ltr'><strong>quia</strong></span> <span class='ocrx_word' id='word_1_111' title='bbox 2869 571 3272 626; x_wconf 75' lang='lat' dir='ltr'><strong>multitudinem</strong></span> <span class='ocrx_word' id='word_1_112' title='bbox 3317 570 3592 642; x_wconf 84' lang='lat' dir='ltr'><strong>jumento-</strong></span> 
     </span>
    </p>
   </div>
   <div class='ocr_carea' id='block_1_20' title="bbox 2021 665 2861 736">
    <p class='ocr_par' dir='ltr' id='par_1_20' title="bbox 2021 665 2861 736">
     <span class='ocr_line' id='line_1_20' title="bbox 2021 665 2861 736; baseline -0.004 -14"><span class='ocrx_word' id='word_1_113' title='bbox 2021 683 2142 723; x_wconf 90' lang='lat' dir='ltr'><strong>rum</strong></span> <span class='ocrx_word' id='word_1_114' title='bbox 2176 682 2360 723; x_wconf 85' lang='lat' dir='ltr'><strong>secum</strong></span> <span class='ocrx_word' id='word_1_115' title='bbox 2395 681 2609 736; x_wconf 88' lang='lat' dir='ltr'><strong>semper</strong></span> <span class='ocrx_word' id='word_1_116' title='bbox 2636 665 2861 731; x_wconf 75' lang='lat' dir='ltr'><strong>vehunt.</strong></span> 
     </span>
    </p>
   </div>
   <div class='ocr_carea' id='block_1_21' title="bbox 2089 757 3594 829">
    <p class='ocr_par' dir='ltr' id='par_1_21' title="bbox 2089 757 3594 829">
     <span class='ocr_line' id='line_1_21' title="bbox 2089 757 3594 829; baseline -0.001 -14"><span class='ocrx_word' id='word_1_117' title='bbox 2089 760 2180 815; x_wconf 79' lang='lat'><strong>63.</strong></span> <span class='ocrx_word' id='word_1_118' title='bbox 2216 759 2655 814; x_wconf 80' lang='lat' dir='ltr'><strong>Conﬂictationis</strong></span> <span class='ocrx_word' id='word_1_119' title='bbox 2704 766 2948 828; x_wconf 88' lang='lat' dir='ltr'><strong>tempore</strong></span> <span class='ocrx_word' id='word_1_120' title='bbox 2981 757 3253 829; x_wconf 71' lang='lat' dir='ltr'><strong>pedestris</strong></span> <span class='ocrx_word' id='word_1_121' title='bbox 3300 758 3444 814; x_wconf 89' lang='lat' dir='ltr'><strong>acies</strong></span> <span class='ocrx_word' id='word_1_122' title='bbox 3478 775 3594 813; x_wconf 80' lang='lat' dir='ltr'><strong>ma-</strong></span> 
     </span>
    </p>
   </div>
   <div class='ocr_carea' id='block_1_22' title="bbox 2020 853 3596 927">
    <p class='ocr_par' dir='ltr' id='par_1_22' title="bbox 2020 853 3596 927">
     <span class='ocr_line' id='line_1_22' title="bbox 2020 853 3596 927; baseline -0.003 -16"><span class='ocrx_word' id='word_1_123' title='bbox 2020 872 2259 927; x_wconf 75' lang='lat' dir='ltr'><strong>gnopere</strong></span> <span class='ocrx_word' id='word_1_124' title='bbox 2306 856 2431 910; x_wconf 90' lang='lat' dir='ltr'><strong>illos</strong></span> <span class='ocrx_word' id='word_1_125' title='bbox 2478 855 2654 917; x_wconf 81' lang='lat' dir='ltr'><strong>laedet,</strong></span> <span class='ocrx_word' id='word_1_126' title='bbox 2700 870 2823 924; x_wconf 74' lang='lat' dir='ltr'><strong>quae</strong></span> <span class='ocrx_word' id='word_1_127' title='bbox 2866 853 3096 909; x_wconf 73' lang='lat' dir='ltr'><strong>adversa</strong></span> <span class='ocrx_word' id='word_1_128' title='bbox 3146 855 3422 925; x_wconf 87' lang='lat' dir='ltr'><strong>equitibus</strong></span> <span class='ocrx_word' id='word_1_129' title='bbox 3456 855 3596 910; x_wconf 91' lang='lat' dir='ltr'><strong>solet</strong></span> 
     </span>
    </p>
   </div>
   <div class='ocr_carea' id='block_1_23' title="bbox 2019 946 3597 1018">
    <p class='ocr_par' dir='ltr' id='par_1_23' title="bbox 2019 946 3597 1018">
     <span class='ocr_line' id='line_1_23' title="bbox 2019 946 3597 1018; baseline 0 -15"><span class='ocrx_word' id='word_1_130' title='bbox 2019 965 2140 1004; x_wconf 74' lang='lat' dir='ltr'><strong>esse</strong></span> <span class='ocrx_word' id='word_1_131' title='bbox 2174 948 2242 1003; x_wconf 89' lang='lat' dir='ltr'><strong>iis</strong></span> <span class='ocrx_word' id='word_1_132' title='bbox 2271 949 2361 1018; x_wconf 90' lang='lat' dir='ltr'><strong>qui</strong></span> <span class='ocrx_word' id='word_1_133' title='bbox 2387 963 2450 1002; x_wconf 79' lang='lat' dir='ltr'><strong>ex</strong></span> <span class='ocrx_word' id='word_1_134' title='bbox 2487 947 2643 1015; x_wconf 90' lang='lat' dir='ltr'><strong>cquis</strong></span> <span class='ocrx_word' id='word_1_135' title='bbox 2667 946 3003 1001; x_wconf 78' lang='lat' dir='ltr'><strong>descendere</strong></span> <span class='ocrx_word' id='word_1_136' title='bbox 3029 962 3137 1001; x_wconf 91' lang='lat' dir='ltr'><strong>non</strong></span> <span class='ocrx_word' id='word_1_137' title='bbox 3171 948 3385 1012; x_wconf 77' lang='lat' dir='ltr'><strong>solent;</strong></span> <span class='ocrx_word' id='word_1_138' title='bbox 3419 961 3597 1017; x_wconf 87' lang='lat' dir='ltr'><strong>neque</strong></span> 
     </span>
    </p>
   </div>
   <div class='ocr_carea' id='block_1_24' title="bbox 2021 1038 3594 1111">
    <p class='ocr_par' dir='ltr' id='par_1_24' title="bbox 2021 1038 3594 1111">
     <span class='ocr_line' id='line_1_24' title="bbox 2021 1038 3594 1111; baseline 0.001 -19"><span class='ocrx_word' id='word_1_139' title='bbox 2021 1040 2164 1092; x_wconf 88' lang='lat' dir='ltr'><strong>enim</strong></span> <span class='ocrx_word' id='word_1_140' title='bbox 2222 1049 2368 1093; x_wconf 87' lang='lat' dir='ltr'><strong>stare</strong></span> <span class='ocrx_word' id='word_1_141' title='bbox 2415 1039 2645 1108; x_wconf 80' lang='lat' dir='ltr'><strong>pedibus</strong></span> <span class='ocrx_word' id='word_1_142' title='bbox 2687 1038 2779 1093; x_wconf 84' lang='lat' dir='ltr'><strong>ditt</strong></span> <span class='ocrx_word' id='word_1_143' title='bbox 2827 1049 3081 1109; x_wconf 87' lang='lat' dir='ltr'><strong>possunt,</strong></span> <span class='ocrx_word' id='word_1_144' title='bbox 3113 1041 3239 1111; x_wconf 87' lang='lat' dir='ltr'><strong>quia</strong></span> <span class='ocrx_word' id='word_1_145' title='bbox 3286 1041 3443 1111; x_wconf 88' lang='lat' dir='ltr'><strong>equis</strong></span> <span class='ocrx_word' id='word_1_146' title='bbox 3475 1041 3594 1097; x_wconf 82' lang='lat' dir='ltr'><strong>vehi</strong></span> 
     </span>
    </p>
   </div>
   <div class='ocr_carea' id='block_1_25' title="bbox 2021 1129 2647 1209">
    <p class='ocr_par' dir='ltr' id='par_1_25' title="bbox 2021 1129 2343 1191">
     <span class='ocr_line' id='line_1_25' title="bbox 2021 1129 2343 1191; baseline -0.003 -8"><span class='ocrx_word' id='word_1_147' title='bbox 2021 1138 2149 1183; x_wconf 88' lang='lat' dir='ltr'><strong>sunt</strong></span> <span class='ocrx_word' id='word_1_148' title='bbox 2174 1129 2343 1191; x_wconf 89' lang='lat' dir='ltr'><strong>soliti,</strong></span> 
     </span>
    </p>
   </div>
   <div class='ocr_carea' id='block_1_26' title="bbox 2091 1225 3600 1299">
    <p class='ocr_par' dir='ltr' id='par_1_26' title="bbox 2091 1225 3600 1299">
     <span class='ocr_line' id='line_1_26' title="bbox 2091 1225 3600 1299; baseline 0.001 -18"><span class='ocrx_word' id='word_1_149' title='bbox 2091 1225 2181 1281; x_wconf 70' lang='lat' dir='ltr'><strong>6i.</strong></span> <span class='ocrx_word' id='word_1_150' title='bbox 2210 1226 2484 1282; x_wconf 78' lang='lat' dir='ltr'><strong>Adversus</strong></span> <span class='ocrx_word' id='word_1_151' title='bbox 2518 1226 2628 1282; x_wconf 83' lang='lat' dir='ltr'><strong>illis</strong></span> <span class='ocrx_word' id='word_1_152' title='bbox 2658 1226 2811 1281; x_wconf 86' lang='lat' dir='ltr'><strong>locus</strong></span> <span class='ocrx_word' id='word_1_153' title='bbox 2833 1225 3119 1296; x_wconf 64' lang='lat' dir='ltr'><strong>aquabilis</strong></span> <span class='ocrx_word' id='word_1_154' title='bbox 3161 1228 3600 1299; x_wconf 84' lang='lat' dir='ltr'><strong>campestrisque</strong></span> 
     </span>
    </p>
   </div>
   <div class='ocr_carea' id='block_1_27' title="bbox 2022 1319 3597 1389">
    <p class='ocr_par' dir='ltr' id='par_1_27' title="bbox 2022 1319 3597 1389">
     <span class='ocr_line' id='line_1_27' title="bbox 2022 1319 3597 1389; baseline 0.001 -16"><span class='ocrx_word' id='word_1_155' title='bbox 2022 1328 2125 1381; x_wconf 88' lang='lat' dir='ltr'><strong>est,</strong></span> <span class='ocrx_word' id='word_1_156' title='bbox 2159 1328 2211 1373; x_wconf 89' lang='lat' dir='ltr'><strong>et</strong></span> <span class='ocrx_word' id='word_1_157' title='bbox 2260 1320 2407 1374; x_wconf 81' lang='lat' dir='ltr'><strong>acies</strong></span> <span class='ocrx_word' id='word_1_158' title='bbox 2458 1321 2733 1389; x_wconf 72' lang='lat' dir='ltr'><strong>equestris</strong></span> <span class='ocrx_word' id='word_1_159' title='bbox 2774 1319 3127 1389; x_wconf 84' lang='lat' dir='ltr'><strong>densataque,</strong></span> <span class='ocrx_word' id='word_1_160' title='bbox 3169 1328 3221 1374; x_wconf 88' lang='lat' dir='ltr'><strong>et</strong></span> <span class='ocrx_word' id='word_1_161' title='bbox 3263 1322 3383 1377; x_wconf 85' lang='lat' dir='ltr'><strong>sine</strong></span> <span class='ocrx_word' id='word_1_162' title='bbox 3426 1321 3597 1376; x_wconf 78' lang='lat' dir='ltr'><strong>inter—</strong></span> 
     </span>
    </p>
   </div>
   <div class='ocr_carea' id='block_1_28' title="bbox 2025 1412 2739 1482">
    <p class='ocr_par' dir='ltr' id='par_1_28' title="bbox 2025 1412 2739 1482">
     <span class='ocr_line' id='line_1_28' title="bbox 2025 1412 2739 1482; baseline 0.001 -19"><span class='ocrx_word' id='word_1_163' title='bbox 2025 1413 2287 1467; x_wconf 83' lang='lat' dir='ltr'><strong>missione</strong></span> <span class='ocrx_word' id='word_1_164' title='bbox 2323 1412 2444 1466; x_wconf 83' lang='lat' dir='ltr'><strong>illos</strong></span> <span class='ocrx_word' id='word_1_165' title='bbox 2479 1427 2739 1482; x_wconf 82' lang='lat' dir='ltr'><strong>sequens.</strong></span> 
     </span>
    </p>
   </div>
   <div class='ocr_carea' id='block_1_29' title="bbox 2100 1591 3679 1662">
    <p class='ocr_par' dir='ltr' id='par_1_29' title="bbox 2100 1591 3679 1662">
     <span class='ocr_line' id='line_1_29' title="bbox 2100 1591 3679 1662; baseline 0.006 -16"><span class='ocrx_word' id='word_1_166' title='bbox 2100 1592 2186 1647; x_wconf 76' lang='lat'><strong>£5.</strong></span> <span class='ocrx_word' id='word_1_167' title='bbox 2217 1591 2472 1648; x_wconf 59' lang='lat' dir='ltr'><strong>Adversas</strong></span> <span class='ocrx_word' id='word_1_168' title='bbox 2521 1593 2631 1648; x_wconf 89' lang='lat' dir='ltr'><strong>illis</strong></span> <span class='ocrx_word' id='word_1_169' title='bbox 2664 1602 2794 1649; x_wconf 83' lang='lat' dir='ltr'><strong>sunt</strong></span> <span class='ocrx_word' id='word_1_170' title='bbox 2845 1609 3103 1649; x_wconf 89' lang='lat' dir='ltr'><strong>manuum</strong></span> <span class='ocrx_word' id='word_1_171' title='bbox 3134 1598 3596 1662; x_wconf 71' lang='lat' dir='ltr'><strong>concertationes.</strong></span> <span class='ocrx_word' id='word_1_172' title='bbox 3676 1636 3679 1637; x_wconf 51' lang='grc' dir='ltr'><em>ν</em></span> 
     </span>
    </p>
   </div>
   <div class='ocr_carea' id='block_1_30' title="bbox 2022 1687 3596 1763">
    <p class='ocr_par' dir='ltr' id='par_1_30' title="bbox 2022 1687 3596 1763">
     <span class='ocr_line' id='line_1_30' title="bbox 2022 1687 3596 1763; baseline 0.006 -25"><span class='ocrx_word' id='word_1_173' title='bbox 2022 1692 2074 1739; x_wconf 78' lang='lat' dir='ltr'><strong>et</strong></span> <span class='ocrx_word' id='word_1_174' title='bbox 2109 1687 2453 1741; x_wconf 83' lang='lat' dir='ltr'><strong>incursiones</strong></span> <span class='ocrx_word' id='word_1_175' title='bbox 2497 1697 2805 1754; x_wconf 65' lang='lat' dir='ltr'><strong>nocturnas,</strong></span> <span class='ocrx_word' id='word_1_176' title='bbox 2837 1689 2881 1742; x_wconf 90' lang='lat' dir='ltr'><strong>si</strong></span> <span class='ocrx_word' id='word_1_177' title='bbox 2927 1688 2999 1743; x_wconf 87' lang='lat' dir='ltr'><strong>ita</strong></span> <span class='ocrx_word' id='word_1_178' title='bbox 3048 1698 3165 1744; x_wconf 90' lang='lat' dir='ltr'><strong>tuto</strong></span> <span class='ocrx_word' id='word_1_179' title='bbox 3204 1690 3353 1757; x_wconf 79' lang='lat' dir='ltr'><strong>ﬁant,</strong></span> <span class='ocrx_word' id='word_1_180' title='bbox 3403 1700 3462 1747; x_wconf 90' lang='lat' dir='ltr'><strong>ut</strong></span> <span class='ocrx_word' id='word_1_181' title='bbox 3501 1691 3596 1763; x_wconf 89' lang='lat' dir='ltr'><strong>qui</strong></span> 
     </span>
    </p>
   </div>
   <div class='ocr_carea' id='block_1_31' title="bbox 2024 1775 3596 1848">
    <p class='ocr_par' dir='ltr' id='par_1_31' title="bbox 2024 1775 3596 1848">
     <span class='ocr_line' id='line_1_31' title="bbox 2024 1775 3596 1848; baseline 0.004 -18"><span class='ocrx_word' id='word_1_182' title='bbox 2024 1775 2287 1830; x_wconf 80' lang='lat' dir='ltr'><strong>invadunt</strong></span> <span class='ocrx_word' id='word_1_183' title='bbox 2333 1777 2455 1831; x_wconf 91' lang='lat' dir='ltr'><strong>illos</strong></span> <span class='ocrx_word' id='word_1_184' title='bbox 2491 1792 2652 1831; x_wconf 84' lang='lat' dir='ltr'><strong>unam</strong></span> <span class='ocrx_word' id='word_1_185' title='bbox 2709 1786 2917 1847; x_wconf 85' lang='lat' dir='ltr'><strong>partem</strong></span> <span class='ocrx_word' id='word_1_186' title='bbox 2970 1778 3201 1833; x_wconf 77' lang='lat' dir='ltr'><strong>habeant</strong></span> <span class='ocrx_word' id='word_1_187' title='bbox 3246 1782 3596 1848; x_wconf 84' lang='lat' dir='ltr'><strong>instructam,</strong></span> 
     </span>
    </p>
   </div>
   <div class='ocr_carea' id='block_1_32' title="bbox 345 1858 1922 1943">
    <p class='ocr_par' dir='ltr' id='par_1_32' title="bbox 345 1861 1916 1943">
     <span class='ocr_line' id='line_1_32' title="bbox 345 1861 1916 1943; baseline 0.001 -23"><span class='ocrx_word' id='word_1_188' title='bbox 345 1867 511 1939; x_wconf 74' lang='grc' dir='ltr'><strong>ἔχωσι</strong></span> <span class='ocrx_word' id='word_1_189' title='bbox 539 1867 705 1940; x_wconf 81' lang='grc' dir='ltr'><strong>μέρος</strong></span> <span class='ocrx_word' id='word_1_190' title='bbox 733 1868 1087 1940; x_wconf 75' lang='grc' dir='ltr'><strong>τεταγμένον,</strong></span> <span class='ocrx_word' id='word_1_191' title='bbox 1108 1871 1169 1924; x_wconf 83' lang='grc' dir='ltr'><strong>τὸ</strong></span> <span class='ocrx_word' id='word_1_192' title='bbox 1194 1870 1248 1924; x_wconf 80' lang='grc' dir='ltr'><strong>δὲ</strong></span> <span class='ocrx_word' id='word_1_193' title='bbox 1285 1861 1472 1943; x_wconf 65' lang='grc' dir='ltr'><strong>ἕτερον</strong></span> <span class='ocrx_word' id='word_1_194' title='bbox 1524 1870 1686 1943; x_wconf 82' lang='grc' dir='ltr'><strong>μέρος</strong></span> <span class='ocrx_word' id='word_1_195' title='bbox 1724 1872 1916 1940; x_wconf 71' lang='grc' dir='ltr'><strong>ὲγκρυο</strong></span> 
     </span>
    </p>
   </div>
   <div class='ocr_carea' id='block_1_33' title="bbox 2028 1858 3231 1943">
    <p class='ocr_par' dir='ltr' id='par_1_33' title="bbox 2028 1868 3231 1941">
     <span class='ocr_line' id='line_1_33' title="bbox 2028 1868 3231 1941; baseline 0.007 -21"><span class='ocrx_word' id='word_1_196' title='bbox 2028 1868 2247 1922; x_wconf 88' lang='lat' dir='ltr'><strong>alteram</strong></span> <span class='ocrx_word' id='word_1_197' title='bbox 2270 1880 2450 1923; x_wconf 89' lang='lat' dir='ltr'><strong>autem</strong></span> <span class='ocrx_word' id='word_1_198' title='bbox 2479 1871 2748 1925; x_wconf 85' lang='lat' dir='ltr'><strong>occultam</strong></span> <span class='ocrx_word' id='word_1_199' title='bbox 2783 1880 2945 1941; x_wconf 86' lang='lat' dir='ltr'><strong>atque</strong></span> <span class='ocrx_word' id='word_1_200' title='bbox 2971 1872 3231 1928; x_wconf 87' lang='lat' dir='ltr'><strong>abditam.</strong></span> 
     </span>
    </p>
   </div>
   <div class='ocr_carea' id='block_1_34' title="bbox 345 1960 641 2030">
    <p class='ocr_par' dir='ltr' id='par_1_34' title="bbox 345 1960 641 2030">
     <span class='ocr_line' id='line_1_34' title="bbox 345 1960 641 2030; baseline 0 -18"><span class='ocrx_word' id='word_1_201' title='bbox 345 1960 641 2030; x_wconf 81' lang='grc' dir='ltr'><strong>πτόμενον,</strong></span> 
     </span>
    </p>
   </div>
   <div class='ocr_carea' id='block_1_35' title="bbox 418 2044 1922 2123">
    <p class='ocr_par' dir='ltr' id='par_1_35' title="bbox 418 2044 1922 2123">
     <span class='ocr_line' id='line_1_35' title="bbox 418 2044 1922 2123; baseline 0.001 -18"><span class='ocrx_word' id='word_1_202' title='bbox 418 2050 524 2118; x_wconf 76' lang='grc' dir='ltr'><strong>ξς’.</strong></span> <span class='ocrx_word' id='word_1_203' title='bbox 557 2054 735 2106; x_wconf 85' lang='grc' dir='ltr'><strong>Λυπεῖ</strong></span> <span class='ocrx_word' id='word_1_204' title='bbox 762 2052 817 2105; x_wconf 74' lang='grc' dir='ltr'><strong>δὲ</strong></span> <span class='ocrx_word' id='word_1_205' title='bbox 870 2050 1067 2117; x_wconf 71' lang='grc' dir='ltr'><strong>αὐτοὺς</strong></span> <span class='ocrx_word' id='word_1_206' title='bbox 1111 2044 1315 2123; x_wconf 74' lang='grc' dir='ltr'><strong>σφόδρα</strong></span> <span class='ocrx_word' id='word_1_207' title='bbox 1354 2055 1447 2107; x_wconf 75' lang='grc' dir='ltr'><strong>καὶ</strong></span> <span class='ocrx_word' id='word_1_208' title='bbox 1488 2055 1617 2106; x_wconf 81' lang='grc' dir='ltr'><strong>ὅταν</strong></span> <span class='ocrx_word' id='word_1_209' title='bbox 1661 2054 1804 2117; x_wconf 83' lang='grc' dir='ltr'><strong>τινὲς</strong></span> <span class='ocrx_word' id='word_1_210' title='bbox 1865 2056 1922 2121; x_wconf 77' lang='grc' dir='ltr'>ἐξ</span> 
     </span>
    </p>
   </div>
   <div class='ocr_carea' id='block_1_36' title="bbox 343 2142 1923 2221">
    <p class='ocr_par' dir='ltr' id='par_1_36' title="bbox 343 2142 1923 2221">
     <span class='ocr_line' id='line_1_36' title="bbox 343 2142 1923 2221; baseline 0 -19"><span class='ocrx_word' id='word_1_211' title='bbox 343 2147 525 2202; x_wconf 77' lang='grc' dir='ltr'><strong>αὐτῶν</strong></span> <span class='ocrx_word' id='word_1_212' title='bbox 551 2146 906 2218; x_wconf 83' lang='grc' dir='ltr'><strong>προσφύγωσι</strong></span> <span class='ocrx_word' id='word_1_213' title='bbox 936 2149 1047 2212; x_wconf 87' lang='grc' dir='ltr'><strong>τοῖς</strong></span> <span class='ocrx_word' id='word_1_214' title='bbox 1092 2142 1402 2219; x_wconf 78' lang='grc' dir='ltr'><strong>Ῥωμαίοις.</strong></span> <span class='ocrx_word' id='word_1_215' title='bbox 1445 2149 1774 2202; x_wconf 83' lang='grc' dir='ltr'><strong>Γινώσκουσι</strong></span> <span class='ocrx_word' id='word_1_216' title='bbox 1823 2152 1923 2221; x_wconf 81' lang='grc' dir='ltr'><strong>γὰρ</strong></span> 
     </span>
    </p>
   </div>
   <div class='ocr_carea' id='block_1_37' title="bbox 346 2239 1925 2313">
    <p class='ocr_par' dir='ltr' id='par_1_37' title="bbox 346 2239 1925 2313">
     <span class='ocr_line' id='line_1_37' title="bbox 346 2239 1925 2313; baseline 0.001 -19"><span class='ocrx_word' id='word_1_217' title='bbox 346 2240 427 2295; x_wconf 77' lang='grc' dir='ltr'><strong>ὅτι</strong></span> <span class='ocrx_word' id='word_1_218' title='bbox 457 2239 687 2295; x_wconf 68' lang='grc' dir='ltr'><strong>ἄστατον</strong></span> <span class='ocrx_word' id='word_1_219' title='bbox 711 2241 823 2311; x_wconf 72' lang='grc' dir='ltr'><strong>ἔχει</strong></span> <span class='ocrx_word' id='word_1_220' title='bbox 860 2239 1084 2313; x_wconf 79' lang='grc' dir='ltr'><strong>γνώμην</strong></span> <span class='ocrx_word' id='word_1_221' title='bbox 1124 2241 1184 2293; x_wconf 83' lang='grc' dir='ltr'><strong>τὸ</strong></span> <span class='ocrx_word' id='word_1_222' title='bbox 1231 2240 1383 2305; x_wconf 74' lang='grc' dir='ltr'><strong>ἔθνος</strong></span> <span class='ocrx_word' id='word_1_223' title='bbox 1415 2240 1615 2307; x_wconf 81' lang='grc' dir='ltr'><strong>αὐτῶν,</strong></span> <span class='ocrx_word' id='word_1_224' title='bbox 1643 2243 1737 2295; x_wconf 72' lang='grc' dir='ltr'><strong>καὶ</strong></span> <span class='ocrx_word' id='word_1_225' title='bbox 1778 2242 1925 2311; x_wconf 79' lang='grc' dir='ltr'><strong>φιλο-</strong></span> 
     </span>
    </p>
   </div>
   <div class='ocr_carea' id='block_1_38' title="bbox 350 2334 1913 2408">
    <p class='ocr_par' dir='ltr' id='par_1_38' title="bbox 350 2334 1913 2408">
     <span class='ocr_line' id='line_1_38' title="bbox 350 2334 1913 2408; baseline 0 -23"><span class='ocrx_word' id='word_1_226' title='bbox 350 2334 561 2404; x_wconf 83' lang='grc' dir='ltr'><strong>κερδεῖς</strong></span> <span class='ocrx_word' id='word_1_227' title='bbox 621 2336 779 2401; x_wconf 76' lang='grc' dir='ltr'><strong>εἰσιν,</strong></span> <span class='ocrx_word' id='word_1_228' title='bbox 812 2335 1002 2408; x_wconf 14' lang='grc' dir='ltr'><strong>καὶῇὲκ</strong></span> <span class='ocrx_word' id='word_1_229' title='bbox 1051 2334 1261 2387; x_wconf 80' lang='grc' dir='ltr'><strong>πολλῶν</strong></span> <span class='ocrx_word' id='word_1_230' title='bbox 1311 2334 1493 2402; x_wconf 70' lang='grc' dir='ltr'>φυλῶν</span> <span class='ocrx_word' id='word_1_231' title='bbox 1539 2336 1913 2405; x_wconf 76' lang='grc' dir='ltr'><strong>συγκείμενοι,</strong></span> 
     </span>
    </p>
   </div>
   <div class='ocr_carea' id='block_1_39' title="bbox 348 2424 1922 2494">
    <p class='ocr_par' dir='ltr' id='par_1_39' title="bbox 348 2424 1922 2494">
     <span class='ocr_line' id='line_1_39' title="bbox 348 2424 1922 2494; baseline 0.001 -16"><span class='ocrx_word' id='word_1_232' title='bbox 348 2427 444 2479; x_wconf 74' lang='grc' dir='ltr'><strong>καὶ</strong></span> <span class='ocrx_word' id='word_1_233' title='bbox 470 2428 553 2479; x_wconf 79' lang='grc' dir='ltr'><strong>ὅτι</strong></span> <span class='ocrx_word' id='word_1_234' title='bbox 586 2424 676 2479; x_wconf 82' lang='grc' dir='ltr'><strong>διὰ</strong></span> <span class='ocrx_word' id='word_1_235' title='bbox 702 2425 859 2479; x_wconf 75' lang='grc' dir='ltr'><strong>τοῦτο</strong></span> <span class='ocrx_word' id='word_1_236' title='bbox 907 2426 967 2479; x_wconf 84' lang='grc' dir='ltr'><strong>οὐ</strong></span> <span class='ocrx_word' id='word_1_237' title='bbox 1011 2425 1289 2480; x_wconf 77' lang='grc' dir='ltr'><strong>ποιοῦνται</strong></span> <span class='ocrx_word' id='word_1_238' title='bbox 1317 2425 1474 2494; x_wconf 80' lang='grc' dir='ltr'><strong>λόγον</strong></span> <span class='ocrx_word' id='word_1_239' title='bbox 1502 2426 1779 2494; x_wconf 76' lang='grc' dir='ltr'>συγγενῶν</span> <span class='ocrx_word' id='word_1_240' title='bbox 1829 2430 1922 2479; x_wconf 66' lang='grc' dir='ltr'><strong>καὶ</strong></span> 
     </span>
    </p>
   </div>
   <div class='ocr_carea' id='block_1_40' title="bbox 348 2518 1160 2591">
    <p class='ocr_par' dir='ltr' id='par_1_40' title="bbox 348 2518 1160 2591">
     <span class='ocr_line' id='line_1_40' title="bbox 348 2518 1160 2591; baseline 0.001 -19"><span class='ocrx_word' id='word_1_241' title='bbox 348 2519 446 2589; x_wconf 78' lang='grc' dir='ltr'><strong>τῆς</strong></span> <span class='ocrx_word' id='word_1_242' title='bbox 479 2520 560 2582; x_wconf 83' lang='grc' dir='ltr'><strong>εἰς</strong></span> <span class='ocrx_word' id='word_1_243' title='bbox 590 2518 856 2589; x_wconf 78' lang='grc' dir='ltr'><strong>ἀλλήλους</strong></span> <span class='ocrx_word' id='word_1_244' title='bbox 886 2519 1160 2591; x_wconf 79' lang='grc' dir='ltr'><strong>ὁμονοίας.</strong></span> 
     </span>
    </p>
   </div>
   <div class='ocr_carea' id='block_1_41' title="bbox 420 2609 1926 2684">
    <p class='ocr_par' dir='ltr' id='par_1_41' title="bbox 420 2609 1926 2684">
     <span class='ocr_line' id='line_1_41' title="bbox 420 2609 1926 2684; baseline -0.01 -18"><span class='ocrx_word' id='word_1_245' title='bbox 420 2609 517 2676; x_wconf 80' lang='grc' dir='ltr'><strong>ξζ’.</strong></span> <span class='ocrx_word' id='word_1_246' title='bbox 555 2612 781 2681; x_wconf 79' lang='grc' dir='ltr'><strong>Ὀλίγων</strong></span> <span class='ocrx_word' id='word_1_247' title='bbox 827 2613 882 2665; x_wconf 87' lang='grc' dir='ltr'><strong>δὲ</strong></span> <span class='ocrx_word' id='word_1_248' title='bbox 910 2612 1051 2684; x_wconf 87' lang='grc' dir='ltr'><strong>τάχα</strong></span> <span class='ocrx_word' id='word_1_249' title='bbox 1100 2611 1194 2675; x_wconf 73' lang='grc' dir='ltr'><strong>τοῦ</strong></span> <span class='ocrx_word' id='word_1_250' title='bbox 1229 2614 1565 2681; x_wconf 69' lang='grc' dir='ltr'>προσφυγεῖν</span> <span class='ocrx_word' id='word_1_251' title='bbox 1608 2612 1926 2682; x_wconf 75' lang='grc' dir='ltr'><strong>ἀπαρχομέ-</strong></span> 
     </span>
    </p>
   </div>
   <div class='ocr_carea' id='block_1_42' title="bbox 351 2702 1926 2775">
    <p class='ocr_par' dir='ltr' id='par_1_42' title="bbox 351 2702 1926 2775">
     <span class='ocr_line' id='line_1_42' title="bbox 351 2702 1926 2775; baseline -0.002 -17"><span class='ocrx_word' id='word_1_252' title='bbox 351 2721 459 2758; x_wconf 87' lang='grc' dir='ltr'><strong>νων</strong></span> <span class='ocrx_word' id='word_1_253' title='bbox 488 2706 583 2759; x_wconf 73' lang='grc' dir='ltr'><strong>καὶ</strong></span> <span class='ocrx_word' id='word_1_254' title='bbox 604 2705 1114 2775; x_wconf 77' lang='grc' dir='ltr'>φιλοφρονουμένων</span> <span class='ocrx_word' id='word_1_255' title='bbox 1142 2705 1271 2774; x_wconf 78' lang='grc' dir='ltr'><strong>παρ’</strong></span> <span class='ocrx_word' id='word_1_256' title='bbox 1295 2702 1475 2774; x_wconf 80' lang='grc' dir='ltr'><strong>ἡμῶν,</strong></span> <span class='ocrx_word' id='word_1_257' title='bbox 1510 2702 1715 2773; x_wconf 77' lang='grc' dir='ltr'><strong>πλῆθος</strong></span> <span class='ocrx_word' id='word_1_258' title='bbox 1742 2704 1926 2767; x_wconf 78' lang='grc' dir='ltr'><strong>αὐτοῖς</strong></span> 
     </span>
    </p>
   </div>
   <div class='ocr_carea' id='block_1_43' title="bbox 349 2795 1924 2870">
    <p class='ocr_par' dir='ltr' id='par_1_43' title="bbox 349 2795 1924 2870">
     <span class='ocr_line' id='line_1_43' title="bbox 349 2795 1924 2870; baseline -0.001 -19"><span class='ocrx_word' id='word_1_259' title='bbox 349 2795 724 2853; x_wconf 59' lang='grc' dir='ltr'><strong>ἅπακολουθεῖ.</strong></span> <span class='ocrx_word' id='word_1_260' title='bbox 758 2798 849 2852; x_wconf 81' lang='grc' dir='ltr'><strong>Διὸ</strong></span> <span class='ocrx_word' id='word_1_261' title='bbox 882 2798 976 2852; x_wconf 70' lang='grc' dir='ltr'><strong>καὶ</strong></span> <span class='ocrx_word' id='word_1_262' title='bbox 1017 2797 1228 2870; x_wconf 85' lang='grc' dir='ltr'><strong>βαρέως</strong></span> <span class='ocrx_word' id='word_1_263' title='bbox 1271 2799 1528 2870; x_wconf 76' lang='grc' dir='ltr'><strong>φέρουσιν</strong></span> <span class='ocrx_word' id='word_1_264' title='bbox 1563 2798 1658 2850; x_wconf 76' lang='grc' dir='ltr'><strong>ἐπὶ</strong></span> <span class='ocrx_word' id='word_1_265' title='bbox 1687 2800 1798 2862; x_wconf 82' lang='grc' dir='ltr'><strong>τοῖς</strong></span> <span class='ocrx_word' id='word_1_266' title='bbox 1830 2798 1924 2854; x_wconf 77' lang='grc' dir='ltr'><strong>ἀπ’</strong></span> 
     </span>
    </p>
   </div>
   <div class='ocr_carea' id='block_1_44' title="bbox 350 2887 955 2960">
    <p class='ocr_par' dir='ltr' id='par_1_44' title="bbox 350 2887 955 2960">
     <span class='ocr_line' id='line_1_44' title="bbox 350 2887 955 2960; baseline 0.007 -20"><span class='ocrx_word' id='word_1_267' title='bbox 350 2887 527 2942; x_wconf 72' lang='grc' dir='ltr'><strong>αὐτῶν</strong></span> <span class='ocrx_word' id='word_1_268' title='bbox 558 2887 955 2960; x_wconf 81' lang='grc' dir='ltr'><strong>ἀναχωροῦσιν.</strong></span> 
     </span>
    </p>
   </div>
   <div class='ocr_carea' id='block_1_45' title="bbox 425 2996 1927 3073">
    <p class='ocr_par' dir='ltr' id='par_1_45' title="bbox 425 2996 1927 3073">
     <span class='ocr_line' id='line_1_45' title="bbox 425 2996 1927 3073; baseline -0.002 -18"><span class='ocrx_word' id='word_1_269' title='bbox 425 2999 525 3072; x_wconf 82' lang='grc' dir='ltr'><strong>ξη’.</strong></span> <span class='ocrx_word' id='word_1_270' title='bbox 563 2996 732 3055; x_wconf 83' lang='grc' dir='ltr'><strong>Ὅταν</strong></span> <span class='ocrx_word' id='word_1_271' title='bbox 768 2996 862 3055; x_wconf 72' lang='grc' dir='ltr'><strong>οὖν</strong></span> <span class='ocrx_word' id='word_1_272' title='bbox 901 2999 1137 3073; x_wconf 77' lang='grc' dir='ltr'><strong>βουληθῇ</strong></span> <span class='ocrx_word' id='word_1_273' title='bbox 1170 3016 1254 3064; x_wconf 85' lang='grc' dir='ltr'><strong>τις</strong></span> <span class='ocrx_word' id='word_1_274' title='bbox 1289 3000 1424 3071; x_wconf 72' lang='grc' dir='ltr'><strong>πρὸς</strong></span> <span class='ocrx_word' id='word_1_275' title='bbox 1467 3000 1661 3063; x_wconf 75' lang='grc' dir='ltr'><strong>αὐτοὺς</strong></span> <span class='ocrx_word' id='word_1_276' title='bbox 1713 3000 1927 3069; x_wconf 78' lang='grc' dir='ltr'>ἐγγίσαι</span> 
     </span>
    </p>
   </div>
   <div class='ocr_carea' id='block_1_46' title="bbox 351 3092 1928 3165">
    <p class='ocr_par' dir='ltr' id='par_1_46' title="bbox 351 3092 1928 3165">
     <span class='ocr_line' id='line_1_46' title="bbox 351 3092 1928 3165; baseline -0.001 -18"><span class='ocrx_word' id='word_1_277' title='bbox 351 3096 489 3164; x_wconf 74' lang='grc' dir='ltr'><strong>πρὸς</strong></span> <span class='ocrx_word' id='word_1_278' title='bbox 538 3094 739 3165; x_wconf 80' lang='grc' dir='ltr'><strong>μάχην,</strong></span> <span class='ocrx_word' id='word_1_279' title='bbox 776 3095 882 3165; x_wconf 87' lang='grc' dir='ltr'><strong>πρό</strong></span> <span class='ocrx_word' id='word_1_280' title='bbox 921 3110 985 3161; x_wconf 89' lang='grc' dir='ltr'><strong>γε</strong></span> <span class='ocrx_word' id='word_1_281' title='bbox 1036 3093 1253 3147; x_wconf 88' lang='grc' dir='ltr'><strong>πάντων</strong></span> <span class='ocrx_word' id='word_1_282' title='bbox 1300 3094 1445 3163; x_wconf 77' lang='grc' dir='ltr'><strong>ἔχειν</strong></span> <span class='ocrx_word' id='word_1_283' title='bbox 1494 3092 1656 3146; x_wconf 81' lang='grc' dir='ltr'>αὑτὸν</span> <span class='ocrx_word' id='word_1_284' title='bbox 1687 3093 1805 3146; x_wconf 87' lang='grc' dir='ltr'>δέον</span> <span class='ocrx_word' id='word_1_285' title='bbox 1830 3095 1928 3155; x_wconf 80' lang='grc' dir='ltr'><strong>τὰς</strong></span> 
     </span>
    </p>
   </div>
   <div class='ocr_carea' id='block_1_47' title="bbox 2093 2037 3601 2128">
    <p class='ocr_par' dir='ltr' id='par_1_47' title="bbox 2093 2037 3601 2128">
     <span class='ocr_line' id='line_1_47' title="bbox 2093 2037 3601 2128; baseline 0.011 -27"><span class='ocrx_word' id='word_1_286' title='bbox 2093 2047 2182 2102; x_wconf 68' lang='grc'><strong>66.</strong></span> <span class='ocrx_word' id='word_1_287' title='bbox 2225 2037 2335 2104; x_wconf 71' lang='lat' dir='ltr'><strong>Hoc</strong></span> <span class='ocrx_word' id='word_1_288' title='bbox 2369 2049 2720 2107; x_wconf 70' lang='lat' dir='ltr'><strong>vehementer</strong></span> <span class='ocrx_word' id='word_1_289' title='bbox 2761 2051 2885 2107; x_wconf 85' lang='lat' dir='ltr'><strong>illns</strong></span> <span class='ocrx_word' id='word_1_290' title='bbox 2933 2064 3110 2121; x_wconf 77' lang='lat' dir='ltr'><strong>vexat,</strong></span> <span class='ocrx_word' id='word_1_291' title='bbox 3160 2057 3204 2110; x_wconf 86' lang='lat' dir='ltr'><strong>si</strong></span> <span class='ocrx_word' id='word_1_292' title='bbox 3251 2060 3341 2128; x_wconf 87' lang='lat' dir='ltr'><strong>qui</strong></span> <span class='ocrx_word' id='word_1_293' title='bbox 3391 2076 3455 2115; x_wconf 76' lang='lat' dir='ltr'><strong>ex</strong></span> <span class='ocrx_word' id='word_1_294' title='bbox 3491 2059 3601 2117; x_wconf 82' lang='lat' dir='ltr'><strong>illis</strong></span> 
     </span>
    </p>
   </div>
   <div class='ocr_carea' id='block_1_48' title="bbox 2026 2139 3603 2218">
    <p class='ocr_par' dir='ltr' id='par_1_48' title="bbox 2026 2139 3603 2218">
     <span class='ocr_line' id='line_1_48' title="bbox 2026 2139 3603 2218; baseline 0.01 -24"><span class='ocrx_word' id='word_1_295' title='bbox 2026 2141 2093 2195; x_wconf 87' lang='lat' dir='ltr'><strong>ad</strong></span> <span class='ocrx_word' id='word_1_296' title='bbox 2144 2139 2421 2196; x_wconf 79' lang='lat' dir='ltr'><strong>Romanos</strong></span> <span class='ocrx_word' id='word_1_297' title='bbox 2468 2144 2752 2203; x_wconf 80' lang='lat' dir='ltr'><strong>deﬁciant.</strong></span> <span class='ocrx_word' id='word_1_298' title='bbox 2798 2144 3154 2218; x_wconf 78' lang='lat' dir='ltr'><strong>Cognoscunt</strong></span> <span class='ocrx_word' id='word_1_299' title='bbox 3200 2152 3344 2206; x_wconf 89' lang='lat' dir='ltr'><strong>enim</strong></span> <span class='ocrx_word' id='word_1_300' title='bbox 3408 2167 3603 2210; x_wconf 87' lang='lat' dir='ltr'><strong>omnes</strong></span> 
     </span>
    </p>
   </div>
   <div class='ocr_carea' id='block_1_49' title="bbox 2028 2233 3603 2316">
    <p class='ocr_par' dir='ltr' id='par_1_49' title="bbox 2028 2233 3603 2316">
     <span class='ocr_line' id='line_1_49' title="bbox 2028 2233 3603 2316; baseline 0.012 -33"><span class='ocrx_word' id='word_1_301' title='bbox 2028 2246 2160 2285; x_wconf 84' lang='lat' dir='ltr'><strong>suos</strong></span> <span class='ocrx_word' id='word_1_302' title='bbox 2186 2233 2590 2289; x_wconf 82' lang='lat' dir='ltr'><strong>inconstantem</strong></span> <span class='ocrx_word' id='word_1_303' title='bbox 2623 2235 2824 2293; x_wconf 89' lang='lat' dir='ltr'><strong>habere</strong></span> <span class='ocrx_word' id='word_1_304' title='bbox 2862 2239 3125 2304; x_wconf 87' lang='lat' dir='ltr'><strong>animum,</strong></span> <span class='ocrx_word' id='word_1_305' title='bbox 3161 2250 3216 2297; x_wconf 87' lang='lat' dir='ltr'><strong>et</strong></span> <span class='ocrx_word' id='word_1_306' title='bbox 3268 2242 3403 2298; x_wconf 92' lang='lat' dir='ltr'><strong>lucri</strong></span> <span class='ocrx_word' id='word_1_307' title='bbox 3438 2260 3603 2316; x_wconf 83' lang='lat' dir='ltr'><strong>appe-</strong></span> 
     </span>
    </p>
   </div>
   <div class='ocr_carea' id='block_1_50' title="bbox 2030 2328 3604 2407">
    <p class='ocr_par' dir='ltr' id='par_1_50' title="bbox 2030 2328 3604 2407">
     <span class='ocr_line' id='line_1_50' title="bbox 2030 2328 3604 2407; baseline 0.011 -32"><span class='ocrx_word' id='word_1_308' title='bbox 2030 2333 2202 2379; x_wconf 81' lang='lat' dir='ltr'><strong>tentes</strong></span> <span class='ocrx_word' id='word_1_309' title='bbox 2236 2340 2379 2390; x_wconf 87' lang='lat' dir='ltr'><strong>esse,</strong></span> <span class='ocrx_word' id='word_1_310' title='bbox 2407 2341 2467 2380; x_wconf 88' lang='lat' dir='ltr'><strong>ac</strong></span> <span class='ocrx_word' id='word_1_311' title='bbox 2499 2342 2562 2379; x_wconf 81' lang='lat' dir='ltr'><strong>ex</strong></span> <span class='ocrx_word' id='word_1_312' title='bbox 2607 2328 2794 2384; x_wconf 87' lang='lat' dir='ltr'><strong>mul;is</strong></span> <span class='ocrx_word' id='word_1_313' title='bbox 2838 2331 3094 2386; x_wconf 83' lang='lat' dir='ltr'><strong>tribubus</strong></span> <span class='ocrx_word' id='word_1_314' title='bbox 3127 2332 3412 2397; x_wconf 79' lang='lat' dir='ltr'><strong>conﬂatos,</strong></span> <span class='ocrx_word' id='word_1_315' title='bbox 3441 2345 3604 2407; x_wconf 86' lang='lat' dir='ltr'><strong>atque</strong></span> 
     </span>
    </p>
   </div>
   <div class='ocr_carea' id='block_1_51' title="bbox 2028 2417 3605 2487">
    <p class='ocr_par' dir='ltr' id='par_1_51' title="bbox 2028 2417 3605 2487">
     <span class='ocr_line' id='line_1_51' title="bbox 2028 2417 3605 2487; baseline 0.011 -20"><span class='ocrx_word' id='word_1_316' title='bbox 2028 2417 2162 2469; x_wconf 79' lang='lat' dir='ltr'><strong>adeo</strong></span> <span class='ocrx_word' id='word_1_317' title='bbox 2195 2430 2550 2487; x_wconf 72' lang='lat' dir='ltr'><strong>cognatorum</strong></span> <span class='ocrx_word' id='word_1_318' title='bbox 2601 2436 2824 2476; x_wconf 88' lang='lat' dir='ltr'><strong>suorum</strong></span> <span class='ocrx_word' id='word_1_319' title='bbox 2856 2432 2909 2477; x_wconf 83' lang='lat' dir='ltr'><strong>ct</strong></span> <span class='ocrx_word' id='word_1_320' title='bbox 2954 2432 3158 2481; x_wconf 80' lang='lat' dir='ltr'><strong>mutua:</strong></span> <span class='ocrx_word' id='word_1_321' title='bbox 3214 2425 3605 2485; x_wconf 65' lang='lat' dir='ltr'><strong>benevolentia:</strong></span> 
     </span>
    </p>
   </div>
   <div class='ocr_carea' id='block_1_52' title="bbox 2029 2509 2847 2570">
    <p class='ocr_par' dir='ltr' id='par_1_52' title="bbox 2029 2509 2847 2570">
     <span class='ocr_line' id='line_1_52' title="bbox 2029 2509 2847 2570; baseline 0.012 -10"><span class='ocrx_word' id='word_1_322' title='bbox 2029 2509 2295 2562; x_wconf 83' lang='lat' dir='ltr'><strong>minorem</strong></span> <span class='ocrx_word' id='word_1_323' title='bbox 2326 2512 2591 2566; x_wconf 81' lang='lat' dir='ltr'><strong>rationem</strong></span> <span class='ocrx_word' id='word_1_324' title='bbox 2627 2514 2847 2570; x_wconf 83' lang='lat' dir='ltr'><strong>habere.</strong></span> 
     </span>
    </p>
   </div>
   <div class='ocr_carea' id='block_1_53' title="bbox 2098 2599 3601 2682">
    <p class='ocr_par' dir='ltr' id='par_1_53' title="bbox 2098 2599 3601 2682">
     <span class='ocr_line' id='line_1_53' title="bbox 2098 2599 3601 2682; baseline 0.01 -27"><span class='ocrx_word' id='word_1_325' title='bbox 2098 2601 2186 2655; x_wconf 78' lang='grc'><strong>6⁷.</strong></span> <span class='ocrx_word' id='word_1_326' title='bbox 2217 2599 2354 2657; x_wconf 89' lang='lat' dir='ltr'><strong>Cum</strong></span> <span class='ocrx_word' id='word_1_327' title='bbox 2383 2606 2663 2673; x_wconf 71' lang='lat' dir='ltr'><strong>paululum</strong></span> <span class='ocrx_word' id='word_1_328' title='bbox 2698 2607 2763 2661; x_wconf 87' lang='lat' dir='ltr'><strong>ad</strong></span> <span class='ocrx_word' id='word_1_329' title='bbox 2811 2607 3126 2678; x_wconf 77' lang='lat' dir='ltr'><strong>fugicmlum</strong></span> <span class='ocrx_word' id='word_1_330' title='bbox 3164 2616 3601 2682; x_wconf 85' lang='lat' dir='ltr'><strong>retrnct-sserint,</strong></span> 
     </span>
    </p>
   </div>
   <div class='ocr_carea' id='block_1_54' title="bbox 2029 2695 3604 2765">
    <p class='ocr_par' dir='ltr' id='par_1_54' title="bbox 2029 2695 3604 2765">
     <span class='ocr_line' id='line_1_54' title="bbox 2029 2695 3604 2765; baseline 0.011 -19"><span class='ocrx_word' id='word_1_331' title='bbox 2029 2698 2193 2763; x_wconf 75' lang='lat' dir='ltr'><strong>atque</strong></span> <span class='ocrx_word' id='word_1_332' title='bbox 2242 2695 2565 2759; x_wconf 72' lang='lat' dir='ltr'><strong>hilarcutur,</strong></span> <span class='ocrx_word' id='word_1_333' title='bbox 2611 2697 2767 2751; x_wconf 88' lang='lat' dir='ltr'><strong>multi</strong></span> <span class='ocrx_word' id='word_1_334' title='bbox 2813 2714 2844 2753; x_wconf 87' lang='lat' dir='ltr'>e</span> <span class='ocrx_word' id='word_1_335' title='bbox 2901 2702 3105 2757; x_wconf 84' lang='lat' dir='ltr'><strong>nostris</strong></span> <span class='ocrx_word' id='word_1_336' title='bbox 3166 2705 3350 2759; x_wconf 84' lang='lat' dir='ltr'><strong>statim</strong></span> <span class='ocrx_word' id='word_1_337' title='bbox 3405 2722 3604 2765; x_wconf 81' lang='lat' dir='ltr'><strong>conse-</strong></span> 
     </span>
    </p>
   </div>
   <div class='ocr_carea' id='block_1_55' title="bbox 2027 2788 3604 2872">
    <p class='ocr_par' dir='ltr' id='par_1_55' title="bbox 2027 2788 3604 2872">
     <span class='ocr_line' id='line_1_55' title="bbox 2027 2788 3604 2872; baseline 0.012 -34"><span class='ocrx_word' id='word_1_338' title='bbox 2027 2794 2291 2855; x_wconf 80' lang='lat' dir='ltr'><strong>quuntur.</strong></span> <span class='ocrx_word' id='word_1_339' title='bbox 2330 2788 2517 2857; x_wconf 79' lang='lat' dir='ltr'><strong>Itaque</strong></span> <span class='ocrx_word' id='word_1_340' title='bbox 2561 2790 2792 2846; x_wconf 82' lang='lat' dir='ltr'><strong>moleste</strong></span> <span class='ocrx_word' id='word_1_341' title='bbox 2825 2792 3117 2849; x_wconf 83' lang='lat' dir='ltr'><strong>admodum</strong></span> <span class='ocrx_word' id='word_1_342' title='bbox 3151 2794 3350 2865; x_wconf 74' lang='lat' dir='ltr'><strong>ferunt,</strong></span> <span class='ocrx_word' id='word_1_343' title='bbox 3392 2800 3436 2855; x_wconf 89' lang='lat' dir='ltr'><strong>si</strong></span> <span class='ocrx_word' id='word_1_344' title='bbox 3478 2801 3604 2872; x_wconf 82' lang='lat' dir='ltr'><strong>quis</strong></span> 
     </span>
    </p>
   </div>
   <div class='ocr_carea' id='block_1_56' title="bbox 2029 2879 2513 2940">
    <p class='ocr_par' dir='ltr' id='par_1_56' title="bbox 2029 2879 2513 2940">
     <span class='ocr_line' id='line_1_56' title="bbox 2029 2879 2513 2940; baseline 0.017 -8"><span class='ocrx_word' id='word_1_345' title='bbox 2029 2879 2097 2933; x_wconf 85' lang='lat' dir='ltr'><strong>ab</strong></span> <span class='ocrx_word' id='word_1_346' title='bbox 2133 2881 2241 2935; x_wconf 86' lang='lat' dir='ltr'><strong>illis</strong></span> <span class='ocrx_word' id='word_1_347' title='bbox 2272 2880 2513 2940; x_wconf 79' lang='lat' dir='ltr'><strong>deﬁciat.</strong></span> 
     </span>
    </p>
   </div>
   <div class='ocr_carea' id='block_1_57' title="bbox 2095 2978 3602 3078">
    <p class='ocr_par' dir='ltr' id='par_1_57' title="bbox 2095 2978 3602 3078">
     <span class='ocr_line' id='line_1_57' title="bbox 2095 2978 3602 3078; baseline 0.013 -28"><span class='ocrx_word' id='word_1_348' title='bbox 2095 2996 2184 3052; x_wconf 79' lang='lat'><strong>68.</strong></span> <span class='ocrx_word' id='word_1_349' title='bbox 2217 2996 2448 3064; x_wconf 83' lang='lat' dir='ltr'><strong>Quando</strong></span> <span class='ocrx_word' id='word_1_350' title='bbox 2490 2978 2629 3069; x_wconf 83' lang='lat' dir='ltr'><strong>quis</strong></span> <span class='ocrx_word' id='word_1_351' title='bbox 2666 3002 2918 3059; x_wconf 83' lang='lat' dir='ltr'><strong>cominus</strong></span> <span class='ocrx_word' id='word_1_352' title='bbox 2956 3004 3023 3059; x_wconf 90' lang='lat' dir='ltr'><strong>ad</strong></span> <span class='ocrx_word' id='word_1_353' title='bbox 3055 3009 3420 3078; x_wconf 76' lang='lat' dir='ltr'><strong>pugnandum</strong></span> <span class='ocrx_word' id='word_1_354' title='bbox 3475 3026 3602 3069; x_wconf 89' lang='lat' dir='ltr'><strong>cum</strong></span> 
     </span>
    </p>
   </div>
   <div class='ocr_carea' id='block_1_58' title="bbox 2031 3091 3606 3164">
    <p class='ocr_par' dir='ltr' id='par_1_58' title="bbox 2031 3091 3606 3164">
     <span class='ocr_line' id='line_1_58' title="bbox 2031 3091 3606 3164; baseline 0.013 -21"><span class='ocrx_word' id='word_1_355' title='bbox 2031 3091 2138 3145; x_wconf 86' lang='lat' dir='ltr'><strong>illis</strong></span> <span class='ocrx_word' id='word_1_356' title='bbox 2174 3092 2435 3147; x_wconf 80' lang='lat' dir='ltr'><strong>accedere</strong></span> <span class='ocrx_word' id='word_1_357' title='bbox 2465 3093 2723 3159; x_wconf 79' lang='lat' dir='ltr'><strong>voluerit,</strong></span> <span class='ocrx_word' id='word_1_358' title='bbox 2785 3097 3048 3155; x_wconf 78' lang='lat' dir='ltr'><strong>excubias</strong></span> <span class='ocrx_word' id='word_1_359' title='bbox 3087 3099 3282 3157; x_wconf 84' lang='lat' dir='ltr'><strong>habeat</strong></span> <span class='ocrx_word' id='word_1_360' title='bbox 3320 3104 3520 3164; x_wconf 87' lang='lat' dir='ltr'><strong>multas</strong></span> <span class='ocrx_word' id='word_1_361' title='bbox 3548 3118 3606 3163; x_wconf 85' lang='lat' dir='ltr'><strong>et</strong></span> 
     </span>
    </p>
   </div>
   <div class='ocr_carea' id='block_1_59' title="bbox 355 3182 1922 3271">
    <p class='ocr_par' dir='ltr' id='par_1_59' title="bbox 355 3184 1922 3257">
     <span class='ocr_line' id='line_1_59' title="bbox 355 3184 1922 3257; baseline 0 -20"><span class='ocrx_word' id='word_1_362' title='bbox 355 3184 547 3255; x_wconf 80' lang='grc' dir='ltr'><strong>βίγλας</strong></span> <span class='ocrx_word' id='word_1_363' title='bbox 587 3184 865 3256; x_wconf 71' lang='grc' dir='ltr'><strong>ἐπιμελῶς</strong></span> <span class='ocrx_word' id='word_1_364' title='bbox 928 3185 1023 3238; x_wconf 66' lang='grc' dir='ltr'><strong>καὶ</strong></span> <span class='ocrx_word' id='word_1_365' title='bbox 1083 3187 1325 3255; x_wconf 82' lang='grc' dir='ltr'><strong>συνεχεῖς</strong></span> <span class='ocrx_word' id='word_1_366' title='bbox 1381 3185 1490 3240; x_wconf 78' lang='grc' dir='ltr'><strong>ἀπὸ</strong></span> <span class='ocrx_word' id='word_1_367' title='bbox 1545 3184 1922 3257; x_wconf 77' lang='grc' dir='ltr'><strong>διαστημάτων</strong></span> 
     </span>
    </p>
   </div>
   <div class='ocr_carea' id='block_1_60' title="bbox 2028 3182 3605 3271">
    <p class='ocr_par' dir='ltr' id='par_1_60' title="bbox 2028 3182 3605 3271">
     <span class='ocr_line' id='line_1_60' title="bbox 2028 3182 3605 3271; baseline 0.011 -34"><span class='ocrx_word' id='word_1_368' title='bbox 2028 3182 2273 3249; x_wconf 78' lang='lat' dir='ltr'><strong>crebras,</strong></span> <span class='ocrx_word' id='word_1_369' title='bbox 2295 3185 2491 3254; x_wconf 63' lang='lat' dir='ltr'><strong>exiguo</strong></span> <span class='ocrx_word' id='word_1_370' title='bbox 2523 3185 2806 3240; x_wconf 85' lang='lat' dir='ltr'><strong>intervallo</strong></span> <span class='ocrx_word' id='word_1_371' title='bbox 2834 3186 3182 3259; x_wconf 74' lang='lat' dir='ltr'><strong>disiunctas;</strong></span> <span class='ocrx_word' id='word_1_372' title='bbox 3228 3193 3424 3252; x_wconf 86' lang='lat' dir='ltr'><strong>deinde</strong></span> <span class='ocrx_word' id='word_1_373' title='bbox 3463 3214 3605 3271; x_wconf 74' lang='lat' dir='ltr'><strong>pm-</strong></span> 
     </span>
    </p>
   </div>
   <div class='ocr_carea' id='block_1_61' title="bbox 350 3274 1926 3349">
    <p class='ocr_par' dir='ltr' id='par_1_61' title="bbox 350 3274 1926 3349">
     <span class='ocr_line' id='line_1_61' title="bbox 350 3274 1926 3349; baseline -0.003 -17"><span class='ocrx_word' id='word_1_374' title='bbox 350 3276 572 3346; x_wconf 80' lang='grc' dir='ltr'><strong>ὸλίγων,</strong></span> <span class='ocrx_word' id='word_1_375' title='bbox 601 3274 720 3332; x_wconf 73' lang='grc' dir='ltr'><strong>εἶτα</strong></span> <span class='ocrx_word' id='word_1_376' title='bbox 756 3278 1094 3349; x_wconf 78' lang='grc' dir='ltr'><strong>μεριμνῆσαι</strong></span> <span class='ocrx_word' id='word_1_377' title='bbox 1148 3278 1243 3331; x_wconf 76' lang='grc' dir='ltr'><strong>καὶ</strong></span> <span class='ocrx_word' id='word_1_378' title='bbox 1291 3278 1717 3348; x_wconf 78' lang='grc' dir='ltr'><strong>προευτρεπίσαι</strong></span> <span class='ocrx_word' id='word_1_379' title='bbox 1749 3276 1813 3329; x_wconf 82' lang='grc' dir='ltr'><strong>τά</strong></span> <span class='ocrx_word' id='word_1_380' title='bbox 1847 3277 1926 3338; x_wconf 77' lang='grc' dir='ltr'><strong>είς</strong></span> 
     </span>
    </p>
   </div>
   <div class='ocr_carea' id='block_1_62' title="bbox 350 3367 1926 3441">
    <p class='ocr_par' dir='ltr' id='par_1_62' title="bbox 350 3367 1926 3441">
     <span class='ocr_line' id='line_1_62' title="bbox 350 3367 1926 3441; baseline -0.002 -18"><span class='ocrx_word' id='word_1_381' title='bbox 350 3368 619 3440; x_wconf 77' lang='grc' dir='ltr'><strong>δευτέραν</strong></span> <span class='ocrx_word' id='word_1_382' title='bbox 663 3370 832 3439; x_wconf 76' lang='grc' dir='ltr'><strong>τύχην</strong></span> <span class='ocrx_word' id='word_1_383' title='bbox 864 3367 1201 3438; x_wconf 81' lang='grc' dir='ltr'><strong>τυγχάνὸντα</strong></span> <span class='ocrx_word' id='word_1_384' title='bbox 1232 3384 1244 3398; x_wconf 90' lang='grc'><strong>·</strong></span> <span class='ocrx_word' id='word_1_385' title='bbox 1286 3370 1454 3440; x_wconf 65' lang='grc' dir='ltr'><strong>ἤγουν</strong></span> <span class='ocrx_word' id='word_1_386' title='bbox 1504 3370 1718 3439; x_wconf 80' lang='grc' dir='ltr'><strong>μήποτε</strong></span> <span class='ocrx_word' id='word_1_387' title='bbox 1751 3368 1926 3441; x_wconf 77' lang='grc' dir='ltr'><strong>τροπὴ</strong></span> 
     </span>
    </p>
   </div>
   <div class='ocr_carea' id='block_1_63' title="bbox 349 3458 1925 3533">
    <p class='ocr_par' dir='ltr' id='par_1_63' title="bbox 349 3458 1925 3533">
     <span class='ocr_line' id='line_1_63' title="bbox 349 3458 1925 3533; baseline -0.003 -19"><span class='ocrx_word' id='word_1_388' title='bbox 349 3460 575 3533; x_wconf 72' lang='grc' dir='ltr'><strong>γένηται</strong></span> <span class='ocrx_word' id='word_1_389' title='bbox 611 3460 720 3515; x_wconf 84' lang='grc' dir='ltr'><strong>τῶν</strong></span> <span class='ocrx_word' id='word_1_390' title='bbox 768 3460 1275 3531; x_wconf 76' lang='grc' dir='ltr'><strong>ἀντιπολεμούντων</strong></span> <span class='ocrx_word' id='word_1_391' title='bbox 1321 3461 1524 3523; x_wconf 76' lang='grc' dir='ltr'><strong>αὐτοῖς,</strong></span> <span class='ocrx_word' id='word_1_392' title='bbox 1559 3460 1643 3514; x_wconf 82' lang='grc' dir='ltr'><strong>ἵνα</strong></span> <span class='ocrx_word' id='word_1_393' title='bbox 1672 3458 1766 3512; x_wconf 73' lang='grc' dir='ltr'><strong>καὶ</strong></span> <span class='ocrx_word' id='word_1_394' title='bbox 1802 3463 1925 3528; x_wconf 81' lang='grc' dir='ltr'><strong>ὀχυ-</strong></span> 
     </span>
    </p>
   </div>
   <div class='ocr_carea' id='block_1_64' title="bbox 358 3550 1922 3625">
    <p class='ocr_par' dir='ltr' id='par_1_64' title="bbox 358 3550 1922 3625">
     <span class='ocr_line' id='line_1_64' title="bbox 358 3550 1922 3625; baseline -0.003 -18"><span class='ocrx_word' id='word_1_395' title='bbox 358 3553 449 3624; x_wconf 78' lang='grc' dir='ltr'><strong>ρὸν</strong></span> <span class='ocrx_word' id='word_1_396' title='bbox 502 3555 666 3607; x_wconf 88' lang='grc' dir='ltr'><strong>τόπον</strong></span> <span class='ocrx_word' id='word_1_397' title='bbox 716 3552 1031 3625; x_wconf 75' lang='grc' dir='ltr'><strong>κατανοήσῃ</strong></span> <span class='ocrx_word' id='word_1_398' title='bbox 1059 3553 1118 3604; x_wconf 81' lang='grc' dir='ltr'><strong>ἐν</strong></span> <span class='ocrx_word' id='word_1_399' title='bbox 1176 3551 1354 3623; x_wconf 80' lang='grc' dir='ltr'><strong>καιρῷ</strong></span> <span class='ocrx_word' id='word_1_400' title='bbox 1401 3550 1795 3619; x_wconf 82' lang='grc' dir='ltr'><strong>περιστάσεως,</strong></span> <span class='ocrx_word' id='word_1_401' title='bbox 1830 3551 1922 3603; x_wconf 76' lang='grc' dir='ltr'><strong>καὶ</strong></span> 
     </span>
    </p>
   </div>
   <div class='ocr_carea' id='block_1_65' title="bbox 324 3644 1926 3721">
    <p class='ocr_par' dir='ltr' id='par_1_65' title="bbox 324 3644 1926 3721">
     <span class='ocr_line' id='line_1_65' title="bbox 324 3644 1926 3721; baseline -0.003 -18"><span class='ocrx_word' id='word_1_402' title='bbox 324 3644 605 3721; x_wconf 81' lang='grc' dir='ltr'><strong>δαπάνην</strong></span> <span class='ocrx_word' id='word_1_403' title='bbox 635 3648 846 3721; x_wconf 78' lang='grc' dir='ltr'><strong>ἐφεύρῃ</strong></span> <span class='ocrx_word' id='word_1_404' title='bbox 897 3648 1092 3717; x_wconf 80' lang='grc' dir='ltr'><strong>ὀλίγων</strong></span> <span class='ocrx_word' id='word_1_405' title='bbox 1160 3646 1403 3719; x_wconf 82' lang='grc' dir='ltr'><strong>ἡμερῶν,</strong></span> <span class='ocrx_word' id='word_1_406' title='bbox 1440 3648 1488 3699; x_wconf 83' lang='grc' dir='ltr'><strong>εί</strong></span> <span class='ocrx_word' id='word_1_407' title='bbox 1548 3645 1647 3717; x_wconf 79' lang='grc' dir='ltr'><strong>μὲν</strong></span> <span class='ocrx_word' id='word_1_408' title='bbox 1703 3644 1926 3700; x_wconf 82' lang='grc' dir='ltr'><strong>δυνατόν</strong></span> 
     </span>
    </p>
   </div>
   <div class='ocr_carea' id='block_1_66' title="bbox 352 3738 1927 3809">
    <p class='ocr_par' dir='ltr' id='par_1_66' title="bbox 352 3738 1927 3809">
     <span class='ocr_line' id='line_1_66' title="bbox 352 3738 1927 3809; baseline -0.003 -13"><span class='ocrx_word' id='word_1_409' title='bbox 352 3745 471 3797; x_wconf 74' lang='grc' dir='ltr'><strong>ἐστι</strong></span> <span class='ocrx_word' id='word_1_410' title='bbox 524 3744 617 3797; x_wconf 76' lang='grc' dir='ltr'><strong>καὶ</strong></span> <span class='ocrx_word' id='word_1_411' title='bbox 645 3742 755 3794; x_wconf 85' lang='grc' dir='ltr'><strong>τῶν</strong></span> <span class='ocrx_word' id='word_1_412' title='bbox 803 3741 1036 3809; x_wconf 80' lang='grc' dir='ltr'><strong>ἀλόγων,</strong></span> <span class='ocrx_word' id='word_1_413' title='bbox 1064 3742 1157 3795; x_wconf 70' lang='grc' dir='ltr'><strong>ἐπὶ</strong></span> <span class='ocrx_word' id='word_1_414' title='bbox 1189 3739 1537 3808; x_wconf 18' lang='grc' dir='ltr'><strong>παντὺςὶτῶν</strong></span> <span class='ocrx_word' id='word_1_415' title='bbox 1567 3738 1799 3809; x_wconf 82' lang='grc' dir='ltr'><strong>ἀνδρῶν,</strong></span> <span class='ocrx_word' id='word_1_416' title='bbox 1835 3740 1927 3792; x_wconf 75' lang='grc' dir='ltr'><strong>καὶ</strong></span> 
     </span>
    </p>
   </div>
   <div class='ocr_carea' id='block_1_67' title="bbox 355 3827 1928 3904">
    <p class='ocr_par' dir='ltr' id='par_1_67' title="bbox 355 3827 1928 3904">
     <span class='ocr_line' id='line_1_67' title="bbox 355 3827 1928 3904; baseline -0.004 -16"><span class='ocrx_word' id='word_1_417' title='bbox 355 3833 592 3904; x_wconf 84' lang='grc' dir='ltr'><strong>μάλιστα</strong></span> <span class='ocrx_word' id='word_1_418' title='bbox 626 3832 726 3903; x_wconf 80' lang='grc' dir='ltr'><strong>τὴν</strong></span> <span class='ocrx_word' id='word_1_419' title='bbox 751 3832 844 3885; x_wconf 74' lang='grc' dir='ltr'><strong>τοῦ</strong></span> <span class='ocrx_word' id='word_1_420' title='bbox 876 3831 1071 3895; x_wconf 78' lang='grc' dir='ltr'><strong>ὕδατος</strong></span> <span class='ocrx_word' id='word_1_421' title='bbox 1109 3830 1388 3903; x_wconf 68' lang='grc' dir='ltr'><strong>εὐπορίαν,</strong></span> <span class='ocrx_word' id='word_1_422' title='bbox 1421 3827 1541 3885; x_wconf 76' lang='grc' dir='ltr'><strong>εἶτα</strong></span> <span class='ocrx_word' id='word_1_423' title='bbox 1568 3831 1663 3884; x_wconf 76' lang='grc' dir='ltr'><strong>καὶ</strong></span> <span class='ocrx_word' id='word_1_424' title='bbox 1696 3830 1757 3884; x_wconf 81' lang='grc' dir='ltr'><strong>τὺ</strong></span> <span class='ocrx_word' id='word_1_425' title='bbox 1776 3830 1928 3883; x_wconf 77' lang='grc' dir='ltr'><strong>τοῦ).-</strong></span> 
     </span>
    </p>
   </div>
   <div class='ocr_carea' id='block_1_68' title="bbox 350 3918 1923 3993">
    <p class='ocr_par' dir='ltr' id='par_1_68' title="bbox 350 3918 1923 3993">
     <span class='ocr_line' id='line_1_68' title="bbox 350 3918 1923 3993; baseline -0.004 -16"><span class='ocrx_word' id='word_1_426' title='bbox 350 3923 441 3977; x_wconf 85' lang='grc' dir='ltr'><strong>δον</strong></span> <span class='ocrx_word' id='word_1_427' title='bbox 496 3924 767 3993; x_wconf 79' lang='grc' dir='ltr'><strong>διαθήσει,</strong></span> <span class='ocrx_word' id='word_1_428' title='bbox 814 3921 890 3986; x_wconf 82' lang='grc' dir='ltr'><strong>ὡς</strong></span> <span class='ocrx_word' id='word_1_429' title='bbox 931 3924 989 3975; x_wconf 78' lang='grc' dir='ltr'><strong>ὲν</strong></span> <span class='ocrx_word' id='word_1_430' title='bbox 1017 3921 1095 3993; x_wconf 87' lang='grc' dir='ltr'>τῷ</span> <span class='ocrx_word' id='word_1_431' title='bbox 1124 3924 1251 3993; x_wconf 75' lang='grc' dir='ltr'><strong>περὶ</strong></span> <span class='ocrx_word' id='word_1_432' title='bbox 1277 3918 1441 3975; x_wconf 83' lang='grc' dir='ltr'><strong>αὑτοῦ</strong></span> <span class='ocrx_word' id='word_1_433' title='bbox 1472 3919 1751 3990; x_wconf 74' lang='grc' dir='ltr'><strong>κεφαλαίῳ</strong></span> <span class='ocrx_word' id='word_1_434' title='bbox 1791 3920 1923 3990; x_wconf 71' lang='grc' dir='ltr'><strong>ἡμῖν</strong></span> 
     </span>
    </p>
   </div>
   <div class='ocr_carea' id='block_1_69' title="bbox 352 4029 589 4087">
    <p class='ocr_par' dir='ltr' id='par_1_69' title="bbox 352 4029 589 4087">
     <span class='ocr_line' id='line_1_69' title="bbox 352 4029 589 4087; baseline 0.013 -21"><span class='ocrx_word' id='word_1_435' title='bbox 352 4029 589 4087; x_wconf 75' lang='grc' dir='ltr'><strong>ειρηται.</strong></span> 
     </span>
    </p>
   </div>
   <div class='ocr_carea' id='block_1_70' title="bbox 435 4127 1925 4202">
    <p class='ocr_par' dir='ltr' id='par_1_70' title="bbox 435 4127 1925 4202">
     <span class='ocr_line' id='line_1_70' title="bbox 435 4127 1925 4202; baseline 0 -20"><span class='ocrx_word' id='word_1_436' title='bbox 435 4127 535 4195; x_wconf 82' lang='grc' dir='ltr'><strong>ξθ¹.</strong></span> <span class='ocrx_word' id='word_1_437' title='bbox 567 4128 678 4183; x_wconf 72' lang='grc' dir='ltr'><strong>Καὶ</strong></span> <span class='ocrx_word' id='word_1_438' title='bbox 714 4128 810 4183; x_wconf 76' lang='grc' dir='ltr'><strong>ἐὰν</strong></span> <span class='ocrx_word' id='word_1_439' title='bbox 846 4128 947 4200; x_wconf 71' lang='grc' dir='ltr'><strong>μὶν</strong></span> <span class='ocrx_word' id='word_1_440' title='bbox 978 4130 1194 4182; x_wconf 82' lang='grc' dir='ltr'><strong>σύνεστι</strong></span> <span class='ocrx_word' id='word_1_441' title='bbox 1236 4128 1455 4193; x_wconf 57' lang='lat' dir='ltr'><strong>meme;</strong></span> <span class='ocrx_word' id='word_1_442' title='bbox 1484 4129 1709 4198; x_wconf 80' lang='grc' dir='ltr'><strong>στρατὸς</strong></span> <span class='ocrx_word' id='word_1_443' title='bbox 1751 4130 1811 4182; x_wconf 82' lang='grc' dir='ltr'><strong>ὲν</strong></span> <span class='ocrx_word' id='word_1_444' title='bbox 1859 4132 1925 4202; x_wconf 77' lang='grc' dir='ltr'><strong>τῇ</strong></span> 
     </span>
    </p>
   </div>
   <div class='ocr_carea' id='block_1_71' title="bbox 356 4221 1925 4294">
    <p class='ocr_par' dir='ltr' id='par_1_71' title="bbox 356 4221 1925 4294">
     <span class='ocr_line' id='line_1_71' title="bbox 356 4221 1925 4294; baseline 0 -18"><span class='ocrx_word' id='word_1_445' title='bbox 356 4222 553 4294; x_wconf 81' lang='grc' dir='ltr'><strong>πρώτῃ</strong></span> <span class='ocrx_word' id='word_1_446' title='bbox 578 4222 813 4291; x_wconf 84' lang='grc' dir='ltr'><strong>μάλιστα</strong></span> <span class='ocrx_word' id='word_1_447' title='bbox 840 4221 1015 4293; x_wconf 77' lang='grc' dir='ltr'><strong>μάχῃ,</strong></span> <span class='ocrx_word' id='word_1_448' title='bbox 1045 4222 1102 4274; x_wconf 82' lang='grc' dir='ltr'><strong>ὲν</strong></span> <span class='ocrx_word' id='word_1_449' title='bbox 1135 4223 1245 4292; x_wconf 82' lang='grc' dir='ltr'><strong>ὅσῳ</strong></span> <span class='ocrx_word' id='word_1_450' title='bbox 1270 4223 1297 4275; x_wconf 82' lang='grc' dir='ltr'>ὁ</span> <span class='ocrx_word' id='word_1_451' title='bbox 1329 4225 1557 4294; x_wconf 77' lang='grc' dir='ltr'><strong>στρατὸς</strong></span> <span class='ocrx_word' id='word_1_452' title='bbox 1589 4224 1646 4277; x_wconf 84' lang='grc' dir='ltr'><strong>ὲν</strong></span> <span class='ocrx_word' id='word_1_453' title='bbox 1668 4223 1925 4293; x_wconf 73' lang='grc' dir='ltr'>συνηθείᾳ</span> 
     </span>
    </p>
   </div>
   <div class='ocr_carea' id='block_1_72' title="bbox 354 4312 1927 4385">
    <p class='ocr_par' dir='ltr' id='par_1_72' title="bbox 354 4312 1927 4385">
     <span class='ocr_line' id='line_1_72' title="bbox 354 4312 1927 4385; baseline -0.001 -16"><span class='ocrx_word' id='word_1_454' title='bbox 354 4315 451 4370; x_wconf 79' lang='grc' dir='ltr'><strong>τοῦ</strong></span> <span class='ocrx_word' id='word_1_455' title='bbox 505 4314 692 4377; x_wconf 77' lang='grc' dir='ltr'><strong>ἔθνους</strong></span> <span class='ocrx_word' id='word_1_456' title='bbox 743 4312 979 4383; x_wconf 87' lang='grc' dir='ltr'><strong>γίνεται,</strong></span> <span class='ocrx_word' id='word_1_457' title='bbox 1017 4314 1243 4380; x_wconf 77' lang='grc' dir='ltr'><strong>ἐκτάξαι</strong></span> <span class='ocrx_word' id='word_1_458' title='bbox 1276 4314 1439 4368; x_wconf 78' lang='grc' dir='ltr'>αὑτὸν</span> <span class='ocrx_word' id='word_1_459' title='bbox 1470 4314 1612 4367; x_wconf 84' lang='grc' dir='ltr'><strong>κατὰ</strong></span> <span class='ocrx_word' id='word_1_460' title='bbox 1640 4314 1732 4368; x_wconf 69' lang='grc' dir='ltr'><strong>τὸν</strong></span> <span class='ocrx_word' id='word_1_461' title='bbox 1757 4315 1927 4385; x_wconf 84' lang='grc' dir='ltr'><strong>δηλω-</strong></span> 
     </span>
    </p>
   </div>
   <div class='ocr_carea' id='block_1_73' title="bbox 357 4406 1923 4479">
    <p class='ocr_par' dir='ltr' id='par_1_73' title="bbox 357 4406 1923 4479">
     <span class='ocr_line' id='line_1_73' title="bbox 357 4406 1923 4479; baseline 0 -18"><span class='ocrx_word' id='word_1_462' title='bbox 357 4409 519 4463; x_wconf 84' lang='grc' dir='ltr'><strong>θέντα</strong></span> <span class='ocrx_word' id='word_1_463' title='bbox 574 4408 707 4479; x_wconf 81' lang='grc' dir='ltr'><strong>ἡμῖν</strong></span> <span class='ocrx_word' id='word_1_464' title='bbox 772 4409 831 4460; x_wconf 81' lang='grc' dir='ltr'><strong>ὲν</strong></span> <span class='ocrx_word' id='word_1_465' title='bbox 881 4406 1061 4471; x_wconf 78' lang='grc' dir='ltr'><strong>ἄλλοις</strong></span> <span class='ocrx_word' id='word_1_466' title='bbox 1104 4407 1328 4478; x_wconf 86' lang='grc' dir='ltr'><strong>τρόπον,</strong></span> <span class='ocrx_word' id='word_1_467' title='bbox 1378 4406 1522 4461; x_wconf 81' lang='grc' dir='ltr'><strong>τοῦτ’</strong></span> <span class='ocrx_word' id='word_1_468' title='bbox 1581 4406 1749 4475; x_wconf 80' lang='grc' dir='ltr'><strong>ἐστιν,</strong></span> <span class='ocrx_word' id='word_1_469' title='bbox 1788 4408 1923 4461; x_wconf 85' lang='grc' dir='ltr'><strong>ὥστε</strong></span> 
     </span>
    </p>
   </div>
   <div class='ocr_carea' id='block_1_74' title="bbox 355 4496 1926 4569">
    <p class='ocr_par' dir='ltr' id='par_1_74' title="bbox 355 4496 1926 4569">
     <span class='ocr_line' id='line_1_74' title="bbox 355 4496 1926 4569; baseline 0.001 -18"><span class='ocrx_word' id='word_1_470' title='bbox 355 4498 501 4569; x_wconf 70' lang='grc' dir='ltr'><strong>ἔχειν</strong></span> <span class='ocrx_word' id='word_1_471' title='bbox 542 4499 668 4561; x_wconf 82' lang='grc' dir='ltr'><strong>τοὺς</strong></span> <span class='ocrx_word' id='word_1_472' title='bbox 724 4497 1123 4567; x_wconf 75' lang='grc' dir='ltr'><strong>καϐαλλαρίους</strong></span> <span class='ocrx_word' id='word_1_473' title='bbox 1162 4496 1635 4567; x_wconf 80' lang='grc' dir='ltr'><strong>ὑποτεταγμένους</strong></span> <span class='ocrx_word' id='word_1_474' title='bbox 1684 4496 1797 4560; x_wconf 86' lang='grc' dir='ltr'><strong>τοῖς</strong></span> <span class='ocrx_word' id='word_1_475' title='bbox 1828 4513 1926 4552; x_wconf 86' lang='grc' dir='ltr'><strong>πε-</strong></span> 
     </span>
    </p>
   </div>
   <div class='ocr_carea' id='block_1_75' title="bbox 356 4592 491 4659">
    <p class='ocr_par' dir='ltr' id='par_1_75' title="bbox 356 4592 491 4659">
     <span class='ocr_line' id='line_1_75' title="bbox 356 4592 491 4659; baseline 0.015 -13"><span class='ocrx_word' id='word_1_476' title='bbox 356 4592 491 4659; x_wconf 76' lang='grc' dir='ltr'><strong>ζοτς.</strong></span> 
     </span>
    </p>
   </div>
   <div class='ocr_carea' id='block_1_76' title="bbox 427 4704 1927 4778">
    <p class='ocr_par' dir='ltr' id='par_1_76' title="bbox 427 4704 1927 4778">
     <span class='ocr_line' id='line_1_76' title="bbox 427 4704 1927 4778; baseline -0.003 -17"><span class='ocrx_word' id='word_1_477' title='bbox 427 4717 490 4762; x_wconf 91' lang='lat' dir='ltr'><strong>o&#39;.</strong></span> <span class='ocrx_word' id='word_1_478' title='bbox 522 4709 584 4762; x_wconf 84' lang='grc' dir='ltr'>Εἰ</span> <span class='ocrx_word' id='word_1_479' title='bbox 623 4707 679 4761; x_wconf 81' lang='grc' dir='ltr'><strong>δὲ</strong></span> <span class='ocrx_word' id='word_1_480' title='bbox 713 4706 870 4778; x_wconf 89' lang='grc' dir='ltr'><strong>μόνον</strong></span> <span class='ocrx_word' id='word_1_481' title='bbox 899 4704 1249 4776; x_wconf 79' lang='grc' dir='ltr'><strong>καϐαλλάριοί</strong></span> <span class='ocrx_word' id='word_1_482' title='bbox 1282 4706 1417 4757; x_wconf 84' lang='grc' dir='ltr'><strong>εἰσιν</strong></span> <span class='ocrx_word' id='word_1_483' title='bbox 1446 4705 1495 4758; x_wconf 74' lang='grc' dir='ltr'><strong>οἱ</strong></span> <span class='ocrx_word' id='word_1_484' title='bbox 1536 4704 1927 4775; x_wconf 84' lang='grc' dir='ltr'><strong>ἀντιτασσόμε-</strong></span> 
     </span>
    </p>
   </div>
   <div class='ocr_carea' id='block_1_77' title="bbox 356 4796 1925 4869">
    <p class='ocr_par' dir='ltr' id='par_1_77' title="bbox 356 4796 1925 4869">
     <span class='ocr_line' id='line_1_77' title="bbox 356 4796 1925 4869; baseline -0.006 -11"><span class='ocrx_word' id='word_1_485' title='bbox 356 4820 438 4858; x_wconf 86' lang='grc' dir='ltr'><strong>νοι</strong></span> <span class='ocrx_word' id='word_1_486' title='bbox 461 4802 663 4867; x_wconf 79' lang='grc' dir='ltr'><strong>αὐτοῖς,</strong></span> <span class='ocrx_word' id='word_1_487' title='bbox 700 4800 795 4854; x_wconf 75' lang='grc' dir='ltr'><strong>καὶ</strong></span> <span class='ocrx_word' id='word_1_488' title='bbox 820 4798 1106 4869; x_wconf 78' lang='grc' dir='ltr'><strong>ἀξιόμαχοι</strong></span> <span class='ocrx_word' id='word_1_489' title='bbox 1135 4797 1271 4867; x_wconf 84' lang='grc' dir='ltr'><strong>πρὸς</strong></span> <span class='ocrx_word' id='word_1_490' title='bbox 1300 4796 1398 4868; x_wconf 79' lang='grc' dir='ltr'><strong>τὴν</strong></span> <span class='ocrx_word' id='word_1_491' title='bbox 1422 4797 1643 4850; x_wconf 74' lang='grc' dir='ltr'><strong>ἐκείνων</strong></span> <span class='ocrx_word' id='word_1_492' title='bbox 1675 4796 1925 4866; x_wconf 79' lang='grc' dir='ltr'><strong>δύναμιν,</strong></span> 
     </span>
    </p>
   </div>
   <div class='ocr_carea' id='block_1_78' title="bbox 357 4888 1928 4961">
    <p class='ocr_par' dir='ltr' id='par_1_78' title="bbox 357 4888 1928 4961">
     <span class='ocr_line' id='line_1_78' title="bbox 357 4888 1928 4961; baseline -0.006 -11"><span class='ocrx_word' id='word_1_493' title='bbox 357 4893 500 4950; x_wconf 81' lang='grc' dir='ltr'><strong>κατὰ</strong></span> <span class='ocrx_word' id='word_1_494' title='bbox 542 4893 633 4946; x_wconf 78' lang='grc' dir='ltr'><strong>τὸν</strong></span> <span class='ocrx_word' id='word_1_495' title='bbox 696 4892 955 4961; x_wconf 80' lang='grc' dir='ltr'><strong>λεχθέντα</strong></span> <span class='ocrx_word' id='word_1_496' title='bbox 1013 4890 1215 4961; x_wconf 82' lang='grc' dir='ltr'><strong>τρόπον</strong></span> <span class='ocrx_word' id='word_1_497' title='bbox 1253 4889 1345 4942; x_wconf 71' lang='grc' dir='ltr'><strong>καὶ</strong></span> <span class='ocrx_word' id='word_1_498' title='bbox 1390 4888 1551 4942; x_wconf 78' lang='grc' dir='ltr'><strong>αὐτὸν</strong></span> <span class='ocrx_word' id='word_1_499' title='bbox 1602 4891 1660 4943; x_wconf 75' lang='grc' dir='ltr'>ἐν</span> <span class='ocrx_word' id='word_1_500' title='bbox 1689 4888 1767 4960; x_wconf 80' lang='grc' dir='ltr'><strong>τῷ</strong></span> <span class='ocrx_word' id='word_1_501' title='bbox 1799 4889 1928 4957; x_wconf 77' lang='grc' dir='ltr'><strong>περὶ</strong></span> 
     </span>
    </p>
   </div>
   <div class='ocr_carea' id='block_1_79' title="bbox 356 4982 1148 5055">
    <p class='ocr_par' dir='ltr' id='par_1_79' title="bbox 356 4982 1148 5055">
     <span class='ocr_line' id='line_1_79' title="bbox 356 4982 1148 5055; baseline -0.006 -13"><span class='ocrx_word' id='word_1_502' title='bbox 356 4986 560 5053; x_wconf 76' lang='grc' dir='ltr'><strong>τάξεως</strong></span> <span class='ocrx_word' id='word_1_503' title='bbox 587 4984 731 5055; x_wconf 81' lang='grc' dir='ltr'><strong>λόγῳ</strong></span> <span class='ocrx_word' id='word_1_504' title='bbox 751 4984 902 5048; x_wconf 79' lang='grc' dir='ltr'><strong>τάξει</strong></span> <span class='ocrx_word' id='word_1_505' title='bbox 931 4982 1148 5043; x_wconf 82' lang='grc' dir='ltr'><strong>αὐτούς.</strong></span> 
     </span>
    </p>
   </div>
   <div class='ocr_carea' id='block_1_80' title="bbox 428 5186 1929 5264">
    <p class='ocr_par' dir='ltr' id='par_1_80' title="bbox 428 5186 1929 5264">
     <span class='ocr_line' id='line_1_80' title="bbox 428 5186 1929 5264; baseline 0.001 -22"><span class='ocrx_word' id='word_1_506' title='bbox 428 5186 529 5244; x_wconf 83' lang='grc' dir='ltr'><strong>οα⁹.</strong></span> <span class='ocrx_word' id='word_1_507' title='bbox 560 5188 822 5253; x_wconf 86' lang='grc' dir='ltr'><strong>Πλείονας</strong></span> <span class='ocrx_word' id='word_1_508' title='bbox 874 5189 932 5243; x_wconf 80' lang='grc' dir='ltr'><strong>δὲ</strong></span> <span class='ocrx_word' id='word_1_509' title='bbox 981 5191 1039 5243; x_wconf 70' lang='grc' dir='ltr'><strong>ὲν</strong></span> <span class='ocrx_word' id='word_1_510' title='bbox 1098 5192 1209 5255; x_wconf 85' lang='grc' dir='ltr'><strong>τοῖς</strong></span> <span class='ocrx_word' id='word_1_511' title='bbox 1256 5192 1507 5261; x_wconf 80' lang='grc' dir='ltr'><strong>πλαγίοις</strong></span> <span class='ocrx_word' id='word_1_512' title='bbox 1554 5190 1806 5264; x_wconf 80' lang='grc' dir='ltr'><strong>ἀφορίσει</strong></span> <span class='ocrx_word' id='word_1_513' title='bbox 1835 5192 1929 5244; x_wconf 77' lang='grc' dir='ltr'><strong>καὶ</strong></span> 
     </span>
    </p>
   </div>
   <div class='ocr_carea' id='block_1_81' title="bbox 358 5282 1927 5357">
    <p class='ocr_par' dir='ltr' id='par_1_81' title="bbox 358 5282 1927 5357">
     <span class='ocr_line' id='line_1_81' title="bbox 358 5282 1927 5357; baseline -0.001 -19"><span class='ocrx_word' id='word_1_514' title='bbox 358 5284 683 5356; x_wconf 81' lang='grc' dir='ltr'><strong>χρησίμους.</strong></span> <span class='ocrx_word' id='word_1_515' title='bbox 736 5282 826 5340; x_wconf 87' lang='grc' dir='ltr'><strong>Ἐν</strong></span> <span class='ocrx_word' id='word_1_516' title='bbox 862 5283 939 5355; x_wconf 83' lang='grc' dir='ltr'><strong>τῷ</strong></span> <span class='ocrx_word' id='word_1_517' title='bbox 976 5284 1131 5355; x_wconf 85' lang='grc' dir='ltr'><strong>νώτῳ</strong></span> <span class='ocrx_word' id='word_1_518' title='bbox 1183 5284 1293 5357; x_wconf 68' lang='grc' dir='ltr'><strong>γάρ</strong></span> <span class='ocrx_word' id='word_1_519' title='bbox 1348 5286 1526 5341; x_wconf 81' lang='grc' dir='ltr'><strong>αὐτῶν</strong></span> <span class='ocrx_word' id='word_1_520' title='bbox 1577 5284 1839 5355; x_wconf 79' lang='grc' dir='ltr'><strong>ἀρκοῦσιν</strong></span> <span class='ocrx_word' id='word_1_521' title='bbox 1880 5288 1927 5339; x_wconf 82' lang='grc' dir='ltr'><strong>οἱ</strong></span> 
     </span>
    </p>
   </div>
   <div class='ocr_carea' id='block_1_82' title="bbox 357 5375 1921 5450">
    <p class='ocr_par' dir='ltr' id='par_1_82' title="bbox 357 5375 1921 5450">
     <span class='ocr_line' id='line_1_82' title="bbox 357 5375 1921 5450; baseline 0.002 -22"><span class='ocrx_word' id='word_1_522' title='bbox 357 5377 638 5449; x_wconf 80' lang='grc' dir='ltr'><strong>λεγόμενοι</strong></span> <span class='ocrx_word' id='word_1_523' title='bbox 681 5375 996 5447; x_wconf 84' lang='grc' dir='ltr'><strong>διφένσορες</strong></span> <span class='ocrx_word' id='word_1_524' title='bbox 1036 5377 1417 5450; x_wconf 78' lang='grc' dir='ltr'><strong>καδαλλάριοι,</strong></span> <span class='ocrx_word' id='word_1_525' title='bbox 1450 5378 1571 5449; x_wconf 71' lang='grc' dir='ltr'><strong>ἦτοι</strong></span> <span class='ocrx_word' id='word_1_526' title='bbox 1599 5379 1649 5431; x_wconf 81' lang='grc' dir='ltr'><strong>οἱ</strong></span> <span class='ocrx_word' id='word_1_527' title='bbox 1694 5376 1921 5431; x_wconf 74' lang='grc' dir='ltr'><strong>ἔκδικοι.</strong></span> 
     </span>
    </p>
   </div>
   <div class='ocr_carea' id='block_1_83' title="bbox 358 5468 1926 5542">
    <p class='ocr_par' dir='ltr' id='par_1_83' title="bbox 358 5468 1926 5542">
     <span class='ocr_line' id='line_1_83' title="bbox 358 5468 1926 5542; baseline 0 -19"><span class='ocrx_word' id='word_1_528' title='bbox 358 5469 496 5535; x_wconf 77' lang='grc' dir='ltr'><strong>Τοὺς</strong></span> <span class='ocrx_word' id='word_1_529' title='bbox 548 5469 604 5525; x_wconf 67' lang='grc' dir='ltr'><strong>δὲ</strong></span> <span class='ocrx_word' id='word_1_530' title='bbox 661 5468 1005 5541; x_wconf 82' lang='grc' dir='ltr'><strong>κούρσωρας,</strong></span> <span class='ocrx_word' id='word_1_531' title='bbox 1068 5471 1185 5541; x_wconf 69' lang='grc' dir='ltr'><strong>ἦτοι</strong></span> <span class='ocrx_word' id='word_1_532' title='bbox 1257 5472 1576 5542; x_wconf 86' lang='grc' dir='ltr'><strong>προμάχους</strong></span> <span class='ocrx_word' id='word_1_533' title='bbox 1634 5471 1709 5542; x_wconf 84' lang='grc' dir='ltr'><strong>μὴ</strong></span> <span class='ocrx_word' id='word_1_534' title='bbox 1763 5468 1926 5525; x_wconf 83' lang='grc' dir='ltr'><strong>πλέον</strong></span> 
     </span>
    </p>
   </div>
   <div class='ocr_carea' id='block_1_84' title="bbox 342 5558 1927 5635">
    <p class='ocr_par' dir='ltr' id='par_1_84' title="bbox 342 5558 1927 5635">
     <span class='ocr_line' id='line_1_84' title="bbox 342 5558 1927 5635; baseline 0.001 -22"><span class='ocrx_word' id='word_1_535' title='bbox 342 5559 541 5631; x_wconf 64' lang='grc' dir='ltr'><strong>τριῶν,</strong></span> <span class='ocrx_word' id='word_1_536' title='bbox 581 5558 929 5633; x_wconf 70' lang='grc' dir='ltr'><strong>ἢτεσσάρων</strong></span> <span class='ocrx_word' id='word_1_537' title='bbox 977 5560 1375 5630; x_wconf 81' lang='grc' dir='ltr'><strong>σαγιττοὸόλων</strong></span> <span class='ocrx_word' id='word_1_538' title='bbox 1416 5562 1515 5633; x_wconf 81' lang='grc' dir='ltr'><strong>τῆς</strong></span> <span class='ocrx_word' id='word_1_539' title='bbox 1570 5561 1927 5635; x_wconf 79' lang='grc' dir='ltr'><strong>παρατάξεως</strong></span> 
     </span>
    </p>
   </div>
   <div class='ocr_carea' id='block_1_85' title="bbox 356 5652 1925 5727">
    <p class='ocr_par' dir='ltr' id='par_1_85' title="bbox 356 5652 1925 5727">
     <span class='ocr_line' id='line_1_85' title="bbox 356 5652 1925 5727; baseline 0.001 -21"><span class='ocrx_word' id='word_1_540' title='bbox 356 5652 466 5706; x_wconf 78' lang='grc' dir='ltr'><strong>τῶν</strong></span> <span class='ocrx_word' id='word_1_541' title='bbox 512 5652 843 5723; x_wconf 78' lang='grc' dir='ltr'><strong>διφενσόρων</strong></span> <span class='ocrx_word' id='word_1_542' title='bbox 875 5654 935 5706; x_wconf 70' lang='grc' dir='ltr'><strong>ἐν</strong></span> <span class='ocrx_word' id='word_1_543' title='bbox 976 5658 1096 5719; x_wconf 84' lang='grc' dir='ltr'><strong>ταῖς</strong></span> <span class='ocrx_word' id='word_1_544' title='bbox 1126 5654 1344 5723; x_wconf 78' lang='grc' dir='ltr'><strong>διώξεσι</strong></span> <span class='ocrx_word' id='word_1_545' title='bbox 1397 5653 1729 5727; x_wconf 76' lang='grc' dir='ltr'><strong>χωρίζεσθαι</strong></span> <span class='ocrx_word' id='word_1_546' title='bbox 1791 5654 1925 5727; x_wconf 77' lang='grc' dir='ltr'><strong>μηδὲ</strong></span> 
     </span>
    </p>
   </div>
   <div class='ocr_carea' id='block_1_86' title="bbox 358 5746 1930 5820">
    <p class='ocr_par' dir='ltr' id='par_1_86' title="bbox 358 5746 1930 5820">
     <span class='ocr_line' id='line_1_86' title="bbox 358 5746 1930 5820; baseline 0.001 -21"><span class='ocrx_word' id='word_1_547' title='bbox 358 5749 713 5819; x_wconf 85' lang='grc' dir='ltr'><strong>κατατρέχειν</strong></span> <span class='ocrx_word' id='word_1_548' title='bbox 768 5746 969 5800; x_wconf 79' lang='grc' dir='ltr'><strong>αὐτῶν.</strong></span> <span class='ocrx_word' id='word_1_549' title='bbox 1002 5748 1225 5811; x_wconf 85' lang='grc' dir='ltr'><strong>Πάντως</strong></span> <span class='ocrx_word' id='word_1_550' title='bbox 1254 5748 1310 5803; x_wconf 84' lang='grc' dir='ltr'><strong>δὲ</strong></span> <span class='ocrx_word' id='word_1_551' title='bbox 1351 5748 1446 5803; x_wconf 82' lang='grc' dir='ltr'><strong>καὶ</strong></span> <span class='ocrx_word' id='word_1_552' title='bbox 1482 5747 1720 5820; x_wconf 85' lang='grc' dir='ltr'><strong>σπουδὴν</strong></span> <span class='ocrx_word' id='word_1_553' title='bbox 1771 5747 1930 5817; x_wconf 79' lang='grc' dir='ltr'><strong>ποιή-</strong></span> 
     </span>
    </p>
   </div>
   <div class='ocr_carea' id='block_1_87' title="bbox 361 5838 1925 5914">
    <p class='ocr_par' dir='ltr' id='par_1_87' title="bbox 361 5838 1925 5914">
     <span class='ocr_line' id='line_1_87' title="bbox 361 5838 1925 5914; baseline 0.002 -21"><span class='ocrx_word' id='word_1_554' title='bbox 361 5855 509 5894; x_wconf 83' lang='grc' dir='ltr'><strong>σεται</strong></span> <span class='ocrx_word' id='word_1_555' title='bbox 546 5840 632 5896; x_wconf 73' lang='grc' dir='ltr'><strong>ἵνα</strong></span> <span class='ocrx_word' id='word_1_556' title='bbox 671 5841 729 5893; x_wconf 81' lang='grc' dir='ltr'><strong>ὲν</strong></span> <span class='ocrx_word' id='word_1_557' title='bbox 763 5841 956 5912; x_wconf 80' lang='grc' dir='ltr'>γυμνῷ</span> <span class='ocrx_word' id='word_1_558' title='bbox 987 5842 1082 5896; x_wconf 71' lang='grc' dir='ltr'><strong>καὶ</strong></span> <span class='ocrx_word' id='word_1_559' title='bbox 1132 5842 1232 5913; x_wconf 83' lang='grc' dir='ltr'><strong>ίσῳ</strong></span> <span class='ocrx_word' id='word_1_560' title='bbox 1260 5842 1412 5914; x_wconf 84' lang='grc' dir='ltr'><strong>τόπῳ</strong></span> <span class='ocrx_word' id='word_1_561' title='bbox 1451 5841 1591 5897; x_wconf 85' lang='grc' dir='ltr'><strong>κατὰ</strong></span> <span class='ocrx_word' id='word_1_562' title='bbox 1618 5841 1680 5896; x_wconf 74' lang='grc' dir='ltr'><strong>τὸ</strong></span> <span class='ocrx_word' id='word_1_563' title='bbox 1703 5838 1925 5896; x_wconf 79' lang='grc' dir='ltr'><strong>δυνατὸν</strong></span> 
     </span>
    </p>
   </div>
   <div class='ocr_carea' id='block_1_88' title="bbox 720 5933 1386 6002">
    <p class='ocr_par' dir='ltr' id='par_1_88' title="bbox 720 5933 1386 6002">
     <span class='ocr_line' id='line_1_88' title="bbox 720 5933 1386 6002; baseline 0.012 -8"><span class='ocrx_word' id='word_1_564' title='bbox 720 5933 996 5997; x_wconf 69' lang='grc' dir='ltr'><strong>Ρλτιιοι..</strong></span> <span class='ocrx_word' id='word_1_565' title='bbox 1035 5934 1154 5999; x_wconf 84' lang='lat' dir='ltr'><strong>Gtt.</strong></span> <span class='ocrx_word' id='word_1_566' title='bbox 1200 5936 1386 6002; x_wconf 85' lang='lat' dir='ltr'><strong>CV11.</strong></span> 
     </span>
    </p>
   </div>
   <div class='ocr_carea' id='block_1_89' title="bbox 2029 3275 3606 3358">
    <p class='ocr_par' dir='ltr' id='par_1_89' title="bbox 2029 3275 3606 3358">
     <span class='ocr_line' id='line_1_89' title="bbox 2029 3275 3606 3358; baseline 0.014 -34"><span class='ocrx_word' id='word_1_567' title='bbox 2029 3280 2203 3342; x_wconf 82' lang='lat' dir='ltr'><strong>paret,</strong></span> <span class='ocrx_word' id='word_1_568' title='bbox 2244 3283 2298 3327; x_wconf 73' lang='lat' dir='ltr'><strong>et</strong></span> <span class='ocrx_word' id='word_1_569' title='bbox 2329 3275 2595 3331; x_wconf 84' lang='lat' dir='ltr'><strong>adversus</strong></span> <span class='ocrx_word' id='word_1_570' title='bbox 2624 3292 2839 3331; x_wconf 89' lang='lat' dir='ltr'><strong>omnem</strong></span> <span class='ocrx_word' id='word_1_571' title='bbox 2874 3278 3109 3335; x_wconf 70' lang='lat' dir='ltr'><strong>fortuna:</strong></span> <span class='ocrx_word' id='word_1_572' title='bbox 3134 3282 3392 3354; x_wconf 85' lang='lat' dir='ltr'><strong>impetum</strong></span> <span class='ocrx_word' id='word_1_573' title='bbox 3422 3288 3606 3358; x_wconf 76' lang='lat' dir='ltr'><strong>provi-</strong></span> 
     </span>
    </p>
   </div>
   <div class='ocr_carea' id='block_1_90' title="bbox 2027 3365 3603 3443">
    <p class='ocr_par' dir='ltr' id='par_1_90' title="bbox 2027 3365 3603 3443">
     <span class='ocr_line' id='line_1_90' title="bbox 2027 3365 3603 3443; baseline 0.013 -25"><span class='ocrx_word' id='word_1_574' title='bbox 2027 3365 2174 3430; x_wconf 84' lang='lat' dir='ltr'><strong>deat,</strong></span> <span class='ocrx_word' id='word_1_575' title='bbox 2207 3374 2264 3419; x_wconf 81' lang='grc' dir='ltr'><strong>ιιι</strong></span> <span class='ocrx_word' id='word_1_576' title='bbox 2293 3367 2336 3422; x_wconf 90' lang='lat' dir='ltr'><strong>si</strong></span> <span class='ocrx_word' id='word_1_577' title='bbox 2361 3367 2582 3438; x_wconf 89' lang='lat' dir='ltr'><strong>quando</strong></span> <span class='ocrx_word' id='word_1_578' title='bbox 2629 3369 2868 3425; x_wconf 87' lang='lat' dir='ltr'><strong>hostium</strong></span> <span class='ocrx_word' id='word_1_579' title='bbox 2925 3374 3047 3443; x_wconf 78' lang='lat' dir='ltr'><strong>fuga</strong></span> <span class='ocrx_word' id='word_1_580' title='bbox 3095 3374 3209 3443; x_wconf 84' lang='lat' dir='ltr'><strong>ﬁat,</strong></span> <span class='ocrx_word' id='word_1_581' title='bbox 3242 3382 3603 3438; x_wconf 83' lang='lat' dir='ltr'><strong>munitionem</strong></span> 
     </span>
    </p>
   </div>
   <div class='ocr_carea' id='block_1_91' title="bbox 2029 3458 3603 3535">
    <p class='ocr_par' dir='ltr' id='par_1_91' title="bbox 2029 3458 3603 3535">
     <span class='ocr_line' id='line_1_91' title="bbox 2029 3458 3603 3535; baseline 0.012 -23"><span class='ocrx_word' id='word_1_582' title='bbox 2029 3458 2265 3527; x_wconf 82' lang='lat' dir='ltr'><strong>aliquam</strong></span> <span class='ocrx_word' id='word_1_583' title='bbox 2296 3460 2359 3515; x_wconf 88' lang='lat' dir='ltr'><strong>ad</strong></span> <span class='ocrx_word' id='word_1_584' title='bbox 2394 3461 2518 3517; x_wconf 87' lang='lat' dir='ltr'><strong>illos</strong></span> <span class='ocrx_word' id='word_1_585' title='bbox 2564 3463 2901 3521; x_wconf 84' lang='lat' dir='ltr'><strong>obsidendos</strong></span> <span class='ocrx_word' id='word_1_586' title='bbox 2936 3476 3122 3535; x_wconf 83' lang='lat' dir='ltr'><strong>paret;</strong></span> <span class='ocrx_word' id='word_1_587' title='bbox 3155 3480 3209 3523; x_wconf 88' lang='lat' dir='ltr'><strong>et</strong></span> <span class='ocrx_word' id='word_1_588' title='bbox 3242 3483 3603 3531; x_wconf 79' lang='lat' dir='ltr'><strong>commeatum</strong></span> 
     </span>
    </p>
   </div>
   <div class='ocr_carea' id='block_1_92' title="bbox 2030 3549 3602 3634">
    <p class='ocr_par' dir='ltr' id='par_1_92' title="bbox 2030 3549 3602 3634">
     <span class='ocr_line' id='line_1_92' title="bbox 2030 3549 3602 3634; baseline 0.011 -31"><span class='ocrx_word' id='word_1_589' title='bbox 2030 3549 2234 3619; x_wconf 79' lang='lat' dir='ltr'><strong>aliquot</strong></span> <span class='ocrx_word' id='word_1_590' title='bbox 2260 3552 2471 3607; x_wconf 83' lang='lat' dir='ltr'><strong>dierum</strong></span> <span class='ocrx_word' id='word_1_591' title='bbox 2524 3554 2718 3610; x_wconf 88' lang='lat' dir='ltr'><strong>habeat</strong></span> <span class='ocrx_word' id='word_1_592' title='bbox 2761 3564 2875 3609; x_wconf 89' lang='lat' dir='ltr'><strong>tum</strong></span> <span class='ocrx_word' id='word_1_593' title='bbox 2913 3556 3219 3625; x_wconf 84' lang='lat' dir='ltr'><strong>hominum,</strong></span> <span class='ocrx_word' id='word_1_594' title='bbox 3260 3570 3373 3617; x_wconf 85' lang='lat' dir='ltr'><strong>tum</strong></span> <span class='ocrx_word' id='word_1_595' title='bbox 3413 3566 3602 3634; x_wconf 82' lang='lat' dir='ltr'><strong>etiam,</strong></span> 
     </span>
    </p>
   </div>
   <div class='ocr_carea' id='block_1_93' title="bbox 2030 3640 3605 3727">
    <p class='ocr_par' dir='ltr' id='par_1_93' title="bbox 2030 3640 3605 3727">
     <span class='ocr_line' id='line_1_93' title="bbox 2030 3640 3605 3727; baseline 0.011 -32"><span class='ocrx_word' id='word_1_596' title='bbox 2030 3642 2075 3695; x_wconf 89' lang='lat' dir='ltr'><strong>si</strong></span> <span class='ocrx_word' id='word_1_597' title='bbox 2125 3640 2240 3697; x_wconf 76' lang='lat' dir='ltr'><strong>fieri</strong></span> <span class='ocrx_word' id='word_1_598' title='bbox 2292 3650 2492 3712; x_wconf 85' lang='lat' dir='ltr'><strong>potest,</strong></span> <span class='ocrx_word' id='word_1_599' title='bbox 2540 3643 2949 3713; x_wconf 74' lang='lat' dir='ltr'><strong>iumentorum,</strong></span> <span class='ocrx_word' id='word_1_600' title='bbox 2995 3662 3058 3703; x_wconf 90' lang='lat' dir='ltr'><strong>ac</strong></span> <span class='ocrx_word' id='word_1_601' title='bbox 3103 3650 3157 3703; x_wconf 92' lang='lat' dir='ltr'><strong>in</strong></span> <span class='ocrx_word' id='word_1_602' title='bbox 3206 3653 3398 3722; x_wconf 86' lang='lat' dir='ltr'><strong>primis</strong></span> <span class='ocrx_word' id='word_1_603' title='bbox 3450 3673 3605 3727; x_wconf 64' lang='lat' dir='ltr'><strong>aqua;</strong></span> 
     </span>
    </p>
   </div>
   <div class='ocr_carea' id='block_1_94' title="bbox 2030 3732 3606 3812">
    <p class='ocr_par' dir='ltr' id='par_1_94' title="bbox 2030 3732 3606 3812">
     <span class='ocr_line' id='line_1_94' title="bbox 2030 3732 3606 3812; baseline 0.011 -24"><span class='ocrx_word' id='word_1_604' title='bbox 2030 3732 2360 3790; x_wconf 81' lang='lat' dir='ltr'><strong>aﬂluentiam</strong></span> <span class='ocrx_word' id='word_1_605' title='bbox 2420 3738 2638 3806; x_wconf 83' lang='lat' dir='ltr'><strong>habeat,</strong></span> <span class='ocrx_word' id='word_1_606' title='bbox 2693 3739 2893 3795; x_wconf 88' lang='lat' dir='ltr'><strong>deinde</strong></span> <span class='ocrx_word' id='word_1_607' title='bbox 2946 3741 3334 3812; x_wconf 87' lang='lat' dir='ltr'><strong>impedimenta</strong></span> <span class='ocrx_word' id='word_1_608' title='bbox 3396 3750 3476 3805; x_wconf 84' lang='lat' dir='ltr'><strong>sic</strong></span> <span class='ocrx_word' id='word_1_609' title='bbox 3518 3750 3606 3805; x_wconf 85' lang='lat' dir='ltr'><strong>itt-</strong></span> 
     </span>
    </p>
   </div>
   <div class='ocr_carea' id='block_1_95' title="bbox 2030 3830 3606 3904">
    <p class='ocr_par' dir='ltr' id='par_1_95' title="bbox 2030 3830 3606 3904">
     <span class='ocr_line' id='line_1_95' title="bbox 2030 3830 3606 3904; baseline 0.011 -23"><span class='ocrx_word' id='word_1_610' title='bbox 2030 3833 2246 3893; x_wconf 87' lang='lat' dir='ltr'><strong>struat,</strong></span> <span class='ocrx_word' id='word_1_611' title='bbox 2312 3830 2772 3899; x_wconf 86' lang='lat' dir='ltr'><strong>quemadmodum</strong></span> <span class='ocrx_word' id='word_1_612' title='bbox 2833 3834 2888 3888; x_wconf 93' lang='lat' dir='ltr'><strong>in</strong></span> <span class='ocrx_word' id='word_1_613' title='bbox 2945 3834 3123 3904; x_wconf 85' lang='lat' dir='ltr'><strong>capite</strong></span> <span class='ocrx_word' id='word_1_614' title='bbox 3176 3835 3245 3891; x_wconf 85' lang='lat' dir='ltr'><strong>tle</strong></span> <span class='ocrx_word' id='word_1_615' title='bbox 3312 3840 3466 3897; x_wconf 84' lang='lat' dir='ltr'><strong>tuldo</strong></span> <span class='ocrx_word' id='word_1_616' title='bbox 3520 3842 3606 3898; x_wconf 87' lang='lat' dir='ltr'><strong>di-</strong></span> 
     </span>
    </p>
   </div>
   <div class='ocr_carea' id='block_1_96' title="bbox 2029 3934 2228 3975">
    <p class='ocr_par' dir='ltr' id='par_1_96' title="bbox 2029 3934 2228 3975">
     <span class='ocr_line' id='line_1_96' title="bbox 2029 3934 2228 3975; baseline 0 -2"><span class='ocrx_word' id='word_1_617' title='bbox 2029 3934 2228 3975; x_wconf 69' lang='lat' dir='ltr'><strong>XIIIIIIS.</strong></span> 
     </span>
    </p>
   </div>
   <div class='ocr_carea' id='block_1_97' title="bbox 2097 4120 3603 4203">
    <p class='ocr_par' dir='ltr' id='par_1_97' title="bbox 2097 4120 3603 4203">
     <span class='ocr_line' id='line_1_97' title="bbox 2097 4120 3603 4203; baseline 0.008 -25"><span class='ocrx_word' id='word_1_618' title='bbox 2097 4123 2184 4178; x_wconf 79' lang='lat'><strong>69.</strong></span> <span class='ocrx_word' id='word_1_619' title='bbox 2220 4120 2276 4179; x_wconf 88' lang='lat' dir='ltr'><strong>Si</strong></span> <span class='ocrx_word' id='word_1_620' title='bbox 2305 4126 2572 4196; x_wconf 84' lang='lat' dir='ltr'><strong>pedestris</strong></span> <span class='ocrx_word' id='word_1_621' title='bbox 2601 4127 2748 4184; x_wconf 86' lang='lat' dir='ltr'><strong>acies</strong></span> <span class='ocrx_word' id='word_1_622' title='bbox 2780 4128 2943 4185; x_wconf 80' lang='lat' dir='ltr'><strong>fuerit</strong></span> <span class='ocrx_word' id='word_1_623' title='bbox 2970 4131 3023 4187; x_wconf 91' lang='lat' dir='ltr'><strong>in</strong></span> <span class='ocrx_word' id='word_1_624' title='bbox 3054 4132 3227 4202; x_wconf 84' lang='lat' dir='ltr'><strong>prima</strong></span> <span class='ocrx_word' id='word_1_625' title='bbox 3260 4133 3603 4203; x_wconf 86' lang='lat' dir='ltr'><strong>potissimum</strong></span> 
     </span>
    </p>
   </div>
   <div class='ocr_carea' id='block_1_98' title="bbox 2016 4219 3605 4296">
    <p class='ocr_par' dir='ltr' id='par_1_98' title="bbox 2016 4219 3605 4296">
     <span class='ocr_line' id='line_1_98' title="bbox 2016 4219 3605 4296; baseline 0.011 -31"><span class='ocrx_word' id='word_1_626' title='bbox 2016 4230 2226 4286; x_wconf 77' lang='lat' dir='ltr'><strong>pugna,</strong></span> <span class='ocrx_word' id='word_1_627' title='bbox 2260 4219 2351 4287; x_wconf 87' lang='lat' dir='ltr'><strong>qui</strong></span> <span class='ocrx_word' id='word_1_628' title='bbox 2391 4221 2665 4278; x_wconf 78' lang='lat' dir='ltr'><strong>exercitus</strong></span> <span class='ocrx_word' id='word_1_629' title='bbox 2709 4222 2944 4279; x_wconf 85' lang='lat' dir='ltr'><strong>maxime</strong></span> <span class='ocrx_word' id='word_1_630' title='bbox 2986 4235 3238 4281; x_wconf 87' lang='lat' dir='ltr'><strong>assuetus</strong></span> <span class='ocrx_word' id='word_1_631' title='bbox 3277 4227 3384 4281; x_wconf 89' lang='lat' dir='ltr'><strong>illis</strong></span> <span class='ocrx_word' id='word_1_632' title='bbox 3421 4228 3605 4296; x_wconf 78' lang='lat' dir='ltr'><strong>fuerit,</strong></span> 
     </span>
    </p>
   </div>
   <div class='ocr_carea' id='block_1_99' title="bbox 2027 4312 3606 4391">
    <p class='ocr_par' dir='ltr' id='par_1_99' title="bbox 2027 4312 3606 4391">
     <span class='ocr_line' id='line_1_99' title="bbox 2027 4312 3606 4391; baseline 0.009 -31"><span class='ocrx_word' id='word_1_633' title='bbox 2027 4323 2153 4361; x_wconf 90' lang='lat' dir='ltr'><strong>eum</strong></span> <span class='ocrx_word' id='word_1_634' title='bbox 2203 4312 2381 4379; x_wconf 91' lang='lat' dir='ltr'><strong>primo</strong></span> <span class='ocrx_word' id='word_1_635' title='bbox 2437 4312 2699 4379; x_wconf 87' lang='lat' dir='ltr'><strong>instrues,</strong></span> <span class='ocrx_word' id='word_1_636' title='bbox 2752 4316 3211 4385; x_wconf 86' lang='lat' dir='ltr'><strong>quemadmodum</strong></span> <span class='ocrx_word' id='word_1_637' title='bbox 3257 4318 3384 4373; x_wconf 88' lang='lat' dir='ltr'><strong>alibi</strong></span> <span class='ocrx_word' id='word_1_638' title='bbox 3435 4322 3606 4391; x_wconf 81' lang='lat' dir='ltr'><strong>expli-</strong></span> 
     </span>
    </p>
   </div>
   <div class='ocr_carea' id='block_1_100' title="bbox 2026 4401 3607 4481">
    <p class='ocr_par' dir='ltr' id='par_1_100' title="bbox 2026 4401 3607 4481">
     <span class='ocr_line' id='line_1_100' title="bbox 2026 4401 3607 4481; baseline 0.009 -27"><span class='ocrx_word' id='word_1_639' title='bbox 2026 4401 2273 4467; x_wconf 85' lang='lat' dir='ltr'><strong>cuimus;</strong></span> <span class='ocrx_word' id='word_1_640' title='bbox 2308 4406 2409 4460; x_wconf 87' lang='lat' dir='ltr'><strong>hoc</strong></span> <span class='ocrx_word' id='word_1_641' title='bbox 2449 4413 2551 4473; x_wconf 89' lang='lat' dir='ltr'><strong>est,</strong></span> <span class='ocrx_word' id='word_1_642' title='bbox 2590 4414 2647 4461; x_wconf 89' lang='lat' dir='ltr'><strong>ut</strong></span> <span class='ocrx_word' id='word_1_643' title='bbox 2690 4409 2900 4478; x_wconf 82' lang='lat' dir='ltr'><strong>equites</strong></span> <span class='ocrx_word' id='word_1_644' title='bbox 2942 4420 3065 4481; x_wconf 88' lang='lat' dir='ltr'><strong>post</strong></span> <span class='ocrx_word' id='word_1_645' title='bbox 3094 4427 3152 4469; x_wconf 89' lang='lat' dir='ltr'><strong>se</strong></span> <span class='ocrx_word' id='word_1_646' title='bbox 3185 4411 3483 4469; x_wconf 86' lang='lat' dir='ltr'><strong>instructos</strong></span> <span class='ocrx_word' id='word_1_647' title='bbox 3509 4414 3607 4469; x_wconf 87' lang='lat' dir='ltr'><strong>ha-</strong></span> 
     </span>
    </p>
   </div>
   <div class='ocr_carea' id='block_1_101' title="bbox 2025 4493 2213 4551">
    <p class='ocr_par' dir='ltr' id='par_1_101' title="bbox 2025 4493 2213 4551">
     <span class='ocr_line' id='line_1_101' title="bbox 2025 4493 2213 4551; baseline 0.005 -2"><span class='ocrx_word' id='word_1_648' title='bbox 2025 4493 2213 4551; x_wconf 85' lang='lat' dir='ltr'><strong>beant.</strong></span> 
     </span>
    </p>
   </div>
   <div class='ocr_carea' id='block_1_102' title="bbox 2101 4696 3604 4777">
    <p class='ocr_par' dir='ltr' id='par_1_102' title="bbox 2101 4696 3604 4777">
     <span class='ocr_line' id='line_1_102' title="bbox 2101 4696 3604 4777; baseline 0.013 -27"><span class='ocrx_word' id='word_1_649' title='bbox 2101 4696 2192 4751; x_wconf 85' lang='grc'>70.</span> <span class='ocrx_word' id='word_1_650' title='bbox 2240 4696 2337 4754; x_wconf 89' lang='lat' dir='ltr'><strong>Sin</strong></span> <span class='ocrx_word' id='word_1_651' title='bbox 2382 4701 2593 4770; x_wconf 85' lang='lat' dir='ltr'><strong>equites</strong></span> <span class='ocrx_word' id='word_1_652' title='bbox 2634 4701 2856 4771; x_wconf 80' lang='lat' dir='ltr'><strong>iuerint,</strong></span> <span class='ocrx_word' id='word_1_653' title='bbox 2895 4721 2987 4777; x_wconf 81' lang='lat' dir='ltr'><strong>qui</strong></span> <span class='ocrx_word' id='word_1_654' title='bbox 3047 4708 3334 4766; x_wconf 81' lang='lat' dir='ltr'><strong>adversum</strong></span> <span class='ocrx_word' id='word_1_655' title='bbox 3394 4711 3604 4771; x_wconf 82' lang='lat' dir='ltr'><strong>Turcos</strong></span> 
     </span>
    </p>
   </div>
   <div class='ocr_carea' id='block_1_103' title="bbox 2030 4792 3606 4868">
    <p class='ocr_par' dir='ltr' id='par_1_103' title="bbox 2030 4792 3606 4868">
     <span class='ocr_line' id='line_1_103' title="bbox 2030 4792 3606 4868; baseline 0.009 -21"><span class='ocrx_word' id='word_1_656' title='bbox 2030 4792 2400 4860; x_wconf 88' lang='lat' dir='ltr'><strong>instruuntur,</strong></span> <span class='ocrx_word' id='word_1_657' title='bbox 2442 4797 2487 4851; x_wconf 91' lang='lat' dir='ltr'><strong>si</strong></span> <span class='ocrx_word' id='word_1_658' title='bbox 2520 4798 2586 4852; x_wconf 85' lang='lat' dir='ltr'><strong>ad</strong></span> <span class='ocrx_word' id='word_1_659' title='bbox 2631 4800 2977 4868; x_wconf 80' lang='lat' dir='ltr'><strong>pugnandum</strong></span> <span class='ocrx_word' id='word_1_660' title='bbox 3026 4816 3149 4857; x_wconf 87' lang='lat' dir='ltr'><strong>cum</strong></span> <span class='ocrx_word' id='word_1_661' title='bbox 3201 4804 3309 4861; x_wconf 88' lang='lat' dir='ltr'><strong>illis</strong></span> <span class='ocrx_word' id='word_1_662' title='bbox 3343 4807 3476 4861; x_wconf 84' lang='lat' dir='ltr'><strong>satis</strong></span> <span class='ocrx_word' id='word_1_663' title='bbox 3510 4809 3606 4861; x_wconf 81' lang='lat' dir='ltr'><strong>lia-</strong></span> 
     </span>
    </p>
   </div>
   <div class='ocr_carea' id='block_1_104' title="bbox 2030 4888 3606 4966">
    <p class='ocr_par' dir='ltr' id='par_1_104' title="bbox 2030 4888 3606 4966">
     <span class='ocr_line' id='line_1_104' title="bbox 2030 4888 3606 4966; baseline 0.008 -23"><span class='ocrx_word' id='word_1_664' title='bbox 2030 4888 2168 4943; x_wconf 88' lang='lat' dir='ltr'><strong>biles</strong></span> <span class='ocrx_word' id='word_1_665' title='bbox 2195 4888 2417 4953; x_wconf 82' lang='lat' dir='ltr'><strong>fuerint,</strong></span> <span class='ocrx_word' id='word_1_666' title='bbox 2447 4891 2517 4943; x_wconf 89' lang='lat' dir='ltr'><strong>ita</strong></span> <span class='ocrx_word' id='word_1_667' title='bbox 2559 4891 2798 4948; x_wconf 88' lang='lat' dir='ltr'><strong>instrues</strong></span> <span class='ocrx_word' id='word_1_668' title='bbox 2834 4908 2950 4957; x_wconf 91' lang='lat' dir='ltr'><strong>eos,</strong></span> <span class='ocrx_word' id='word_1_669' title='bbox 2983 4897 3443 4966; x_wconf 84' lang='lat' dir='ltr'><strong>quemadmodum</strong></span> <span class='ocrx_word' id='word_1_670' title='bbox 3478 4911 3606 4956; x_wconf 83' lang='lat' dir='ltr'><strong>ante</strong></span> 
     </span>
    </p>
   </div>
   <div class='ocr_carea' id='block_1_105' title="bbox 2033 4983 3604 5051">
    <p class='ocr_par' dir='ltr' id='par_1_105' title="bbox 2033 4983 3604 5051">
     <span class='ocr_line' id='line_1_105' title="bbox 2033 4983 3604 5051; baseline 0.01 -15"><span class='ocrx_word' id='word_1_671' title='bbox 2033 4983 2479 5049; x_wconf 87' lang='lat' dir='ltr'><strong>memoravimus,</strong></span> <span class='ocrx_word' id='word_1_672' title='bbox 2512 4986 2604 5040; x_wconf 90' lang='lat' dir='ltr'><strong>ubi</strong></span> <span class='ocrx_word' id='word_1_673' title='bbox 2654 4984 2721 5042; x_wconf 91' lang='lat' dir='ltr'><strong>de</strong></span> <span class='ocrx_word' id='word_1_674' title='bbox 2767 4987 3106 5044; x_wconf 79' lang='lat' dir='ltr'><strong>instruendis</strong></span> <span class='ocrx_word' id='word_1_675' title='bbox 3150 4990 3260 5046; x_wconf 87' lang='lat' dir='ltr'><strong>illis</strong></span> <span class='ocrx_word' id='word_1_676' title='bbox 3310 4994 3473 5047; x_wconf 82' lang='lat' dir='ltr'><strong>verba</strong></span> <span class='ocrx_word' id='word_1_677' title='bbox 3525 4993 3604 5051; x_wconf 77' lang='lat' dir='ltr'><strong>fe-</strong></span> 
     </span>
    </p>
   </div>
   <div class='ocr_carea' id='block_1_106' title="bbox 2033 5093 2232 5133">
    <p class='ocr_par' dir='ltr' id='par_1_106' title="bbox 2033 5093 2232 5133">
     <span class='ocr_line' id='line_1_106' title="bbox 2033 5093 2232 5133; baseline 0 -2"><span class='ocrx_word' id='word_1_678' title='bbox 2033 5093 2232 5133; x_wconf 79' lang='lat' dir='ltr'><strong>cimus.</strong></span> 
     </span>
    </p>
   </div>
   <div class='ocr_carea' id='block_1_107' title="bbox 2105 5192 3602 5269">
    <p class='ocr_par' dir='ltr' id='par_1_107' title="bbox 2105 5192 3602 5269">
     <span class='ocr_line' id='line_1_107' title="bbox 2105 5192 3602 5269; baseline 0.007 -24"><span class='ocrx_word' id='word_1_679' title='bbox 2105 5192 2192 5248; x_wconf 77' lang='lat' dir='ltr'><strong>7i.</strong></span> <span class='ocrx_word' id='word_1_680' title='bbox 2233 5193 2315 5247; x_wconf 82' lang='lat' dir='ltr'><strong>Ad</strong></span> <span class='ocrx_word' id='word_1_681' title='bbox 2378 5193 2548 5249; x_wconf 83' lang='lat' dir='ltr'><strong>latera</strong></span> <span class='ocrx_word' id='word_1_682' title='bbox 2597 5194 2800 5249; x_wconf 86' lang='lat' dir='ltr'><strong>multos</strong></span> <span class='ocrx_word' id='word_1_683' title='bbox 2855 5204 2906 5251; x_wconf 85' lang='lat' dir='ltr'><strong>et</strong></span> <span class='ocrx_word' id='word_1_684' title='bbox 2955 5205 3211 5252; x_wconf 84' lang='lat' dir='ltr'><strong>strenuos</strong></span> <span class='ocrx_word' id='word_1_685' title='bbox 3255 5200 3602 5269; x_wconf 77' lang='lat' dir='ltr'><strong>scgregabis;</strong></span> 
     </span>
    </p>
   </div>
   <div class='ocr_carea' id='block_1_108' title="bbox 2032 5288 3600 5361">
    <p class='ocr_par' dir='ltr' id='par_1_108' title="bbox 2032 5288 3600 5361">
     <span class='ocr_line' id='line_1_108' title="bbox 2032 5288 3600 5361; baseline 0.002 -17"><span class='ocrx_word' id='word_1_686' title='bbox 2032 5288 2098 5344; x_wconf 89' lang='lat' dir='ltr'><strong>ad</strong></span> <span class='ocrx_word' id='word_1_687' title='bbox 2129 5298 2315 5361; x_wconf 70' lang='lat' dir='ltr'><strong>tergus</strong></span> <span class='ocrx_word' id='word_1_688' title='bbox 2342 5291 2487 5345; x_wconf 92' lang='lat' dir='ltr'><strong>enim</strong></span> <span class='ocrx_word' id='word_1_689' title='bbox 2523 5288 2920 5345; x_wconf 76' lang='lat' dir='ltr'><strong>defendendum</strong></span> <span class='ocrx_word' id='word_1_690' title='bbox 2946 5290 3080 5347; x_wconf 85' lang='lat' dir='ltr'><strong>satis</strong></span> <span class='ocrx_word' id='word_1_691' title='bbox 3108 5301 3235 5345; x_wconf 80' lang='lat' dir='ltr'><strong>sunt</strong></span> <span class='ocrx_word' id='word_1_692' title='bbox 3264 5290 3600 5355; x_wconf 77' lang='lat' dir='ltr'><strong>defensores,</strong></span> 
     </span>
    </p>
   </div>
   <div class='ocr_carea' id='block_1_109' title="bbox 2022 5383 3605 5454">
    <p class='ocr_par' dir='ltr' id='par_1_109' title="bbox 2022 5383 3605 5454">
     <span class='ocr_line' id='line_1_109' title="bbox 2022 5383 3605 5454; baseline -0.001 -12"><span class='ocrx_word' id='word_1_693' title='bbox 2022 5385 2075 5443; x_wconf 94' lang='lat' dir='ltr'><strong>id</strong></span> <span class='ocrx_word' id='word_1_694' title='bbox 2120 5396 2223 5452; x_wconf 89' lang='lat' dir='ltr'><strong>est,</strong></span> <span class='ocrx_word' id='word_1_695' title='bbox 2269 5383 2535 5440; x_wconf 79' lang='lat' dir='ltr'><strong>vindices.</strong></span> <span class='ocrx_word' id='word_1_696' title='bbox 2581 5383 2848 5439; x_wconf 85' lang='lat' dir='ltr'><strong>Cursores</strong></span> <span class='ocrx_word' id='word_1_697' title='bbox 2892 5394 3072 5439; x_wconf 89' lang='lat' dir='ltr'><strong>autem</strong></span> <span class='ocrx_word' id='word_1_698' title='bbox 3114 5386 3235 5454; x_wconf 87' lang='lat' dir='ltr'><strong>plus</strong></span> <span class='ocrx_word' id='word_1_699' title='bbox 3294 5386 3468 5439; x_wconf 86' lang='lat' dir='ltr'><strong>tribus</strong></span> <span class='ocrx_word' id='word_1_700' title='bbox 3510 5395 3605 5440; x_wconf 87' lang='lat' dir='ltr'><strong>aut</strong></span> 
     </span>
    </p>
   </div>
   <div class='ocr_carea' id='block_1_110' title="bbox 2022 5474 3605 5550">
    <p class='ocr_par' dir='ltr' id='par_1_110' title="bbox 2022 5474 3605 5550">
     <span class='ocr_line' id='line_1_110' title="bbox 2022 5474 3605 5550; baseline -0.001 -18"><span class='ocrx_word' id='word_1_701' title='bbox 2022 5485 2263 5550; x_wconf 87' lang='lat' dir='ltr'><strong>quatuor</strong></span> <span class='ocrx_word' id='word_1_702' title='bbox 2290 5476 2509 5546; x_wconf 68' lang='lat' dir='ltr'><strong>sagittae</strong></span> <span class='ocrx_word' id='word_1_703' title='bbox 2546 5474 2789 5546; x_wconf 74' lang='lat' dir='ltr'><strong>iactibus</strong></span> <span class='ocrx_word' id='word_1_704' title='bbox 2821 5475 2876 5529; x_wconf 92' lang='lat' dir='ltr'><strong>in</strong></span> <span class='ocrx_word' id='word_1_705' title='bbox 2922 5475 3317 5547; x_wconf 84' lang='lat' dir='ltr'><strong>persequendis</strong></span> <span class='ocrx_word' id='word_1_706' title='bbox 3352 5475 3605 5531; x_wconf 88' lang='lat' dir='ltr'><strong>hostibus</strong></span> 
     </span>
    </p>
   </div>
   <div class='ocr_carea' id='block_1_111' title="bbox 2022 5562 3606 5636">
    <p class='ocr_par' dir='ltr' id='par_1_111' title="bbox 2022 5562 3606 5636">
     <span class='ocr_line' id='line_1_111' title="bbox 2022 5562 3606 5636; baseline -0.005 -11"><span class='ocrx_word' id='word_1_707' title='bbox 2022 5585 2051 5625; x_wconf 87' lang='lat' dir='ltr'><strong>a</strong></span> <span class='ocrx_word' id='word_1_708' title='bbox 2084 5568 2469 5625; x_wconf 80' lang='lat' dir='ltr'><strong>defensoribus</strong></span> <span class='ocrx_word' id='word_1_709' title='bbox 2513 5582 2580 5621; x_wconf 81' lang='lat' dir='ltr'><strong>ne.</strong></span> <span class='ocrx_word' id='word_1_710' title='bbox 2620 5576 2965 5636; x_wconf 57' lang='lat' dir='ltr'><strong>separentur.</strong></span> <span class='ocrx_word' id='word_1_711' title='bbox 3009 5562 3247 5620; x_wconf 88' lang='lat' dir='ltr'><strong>Omnino</strong></span> <span class='ocrx_word' id='word_1_712' title='bbox 3284 5573 3466 5621; x_wconf 85' lang='lat' dir='ltr'><strong>autem</strong></span> <span class='ocrx_word' id='word_1_713' title='bbox 3490 5567 3606 5621; x_wconf 81' lang='lat' dir='ltr'><strong>ela-</strong></span> 
     </span>
    </p>
   </div>
   <div class='ocr_carea' id='block_1_112' title="bbox 2021 5658 3606 5729">
    <p class='ocr_par' dir='ltr' id='par_1_112' title="bbox 2021 5658 3606 5729">
     <span class='ocr_line' id='line_1_112' title="bbox 2021 5658 3606 5729; baseline -0.004 -12"><span class='ocrx_word' id='word_1_714' title='bbox 2021 5660 2267 5725; x_wconf 83' lang='lat' dir='ltr'><strong>borabis,</strong></span> <span class='ocrx_word' id='word_1_715' title='bbox 2305 5667 2363 5715; x_wconf 89' lang='lat' dir='ltr'><strong>ut</strong></span> <span class='ocrx_word' id='word_1_716' title='bbox 2412 5659 2468 5714; x_wconf 93' lang='lat' dir='ltr'><strong>in</strong></span> <span class='ocrx_word' id='word_1_717' title='bbox 2505 5658 2688 5729; x_wconf 85' lang='lat' dir='ltr'><strong>planis</strong></span> <span class='ocrx_word' id='word_1_718' title='bbox 2740 5660 3118 5728; x_wconf 76' lang='lat' dir='ltr'><strong>expositisque</strong></span> <span class='ocrx_word' id='word_1_719' title='bbox 3171 5658 3307 5714; x_wconf 84' lang='lat' dir='ltr'><strong>locis</strong></span> <span class='ocrx_word' id='word_1_720' title='bbox 3341 5666 3606 5729; x_wconf 89' lang='lat' dir='ltr'><strong>quantum</strong></span> 
     </span>
    </p>
   </div>
   <div class='ocr_carea' id='block_1_113' title="bbox 2024 5747 3607 5820">
    <p class='ocr_par' dir='ltr' id='par_1_113' title="bbox 2024 5747 3607 5820">
     <span class='ocr_line' id='line_1_113' title="bbox 2024 5747 3607 5820; baseline -0.002 -17"><span class='ocrx_word' id='word_1_721' title='bbox 2024 5757 2178 5820; x_wconf 87' lang='lat' dir='ltr'><strong>potes</strong></span> <span class='ocrx_word' id='word_1_722' title='bbox 2211 5747 2382 5803; x_wconf 86' lang='lat' dir='ltr'><strong>aciem</strong></span> <span class='ocrx_word' id='word_1_723' title='bbox 2420 5754 2570 5800; x_wconf 85' lang='lat' dir='ltr'><strong>tuam</strong></span> <span class='ocrx_word' id='word_1_724' title='bbox 2622 5747 2891 5811; x_wconf 87' lang='lat' dir='ltr'><strong>instruas,</strong></span> <span class='ocrx_word' id='word_1_725' title='bbox 2928 5747 3020 5800; x_wconf 89' lang='lat' dir='ltr'><strong>ubi</strong></span> <span class='ocrx_word' id='word_1_726' title='bbox 3067 5761 3244 5816; x_wconf 88' lang='lat' dir='ltr'><strong>neque</strong></span> <span class='ocrx_word' id='word_1_727' title='bbox 3291 5747 3442 5801; x_wconf 77' lang='lat' dir='ltr'><strong>silva:</strong></span> <span class='ocrx_word' id='word_1_728' title='bbox 3472 5760 3607 5801; x_wconf 89' lang='lat' dir='ltr'><strong>con-</strong></span> 
     </span>
    </p>
   </div>
   <div class='ocr_carea' id='block_1_114' title="bbox 2033 5832 3608 5913">
    <p class='ocr_par' dir='ltr' id='par_1_114' title="bbox 2033 5832 3608 5913">
     <span class='ocr_line' id='line_1_114' title="bbox 2033 5832 3608 5913; baseline -0.003 -13"><span class='ocrx_word' id='word_1_729' title='bbox 2033 5843 2238 5910; x_wconf 73' lang='lat' dir='ltr'><strong>densae,</strong></span> <span class='ocrx_word' id='word_1_730' title='bbox 2288 5855 2463 5911; x_wconf 82' lang='lat' dir='ltr'><strong>neque</strong></span> <span class='ocrx_word' id='word_1_731' title='bbox 2508 5839 2757 5913; x_wconf 81' lang='lat' dir='ltr'><strong>paludes,</strong></span> <span class='ocrx_word' id='word_1_732' title='bbox 2807 5854 2984 5912; x_wconf 83' lang='lat' dir='ltr'><strong>neque</strong></span> <span class='ocrx_word' id='word_1_733' title='bbox 3020 5832 3243 5897; x_wconf 82' lang='lat' dir='ltr'><strong>arbusta</strong></span> <span class='ocrx_word' id='word_1_734' title='bbox 3286 5841 3608 5911; x_wconf 76' lang='lat' dir='ltr'><strong>perturbare</strong></span> 
     </span>
    </p>
   </div>
   <div class='ocr_carea' id='block_1_115' title="bbox 3288 5935 3361 5996">
    <p class='ocr_par' dir='ltr' id='par_1_115' title="bbox 3288 5935 3361 5996">
     <span class='ocr_line' id='line_1_115' title="bbox 3288 5935 3361 5996; baseline -0.014 0"><span class='ocrx_word' id='word_1_735' title='bbox 3288 5935 3361 5996; x_wconf 84' lang='grc'><strong>31</strong></span> 
     </span>
    </p>
   </div>
  </div>
