4036 6300
249 392 366 468 985

1290 391 1625 459 TACTICA.
1661 422 1729 436 --
1769 394 2272 456 CONSTITUTIO
2292 394 2509 458 XVIII.

2425 190 2447 232 Ι

3414 399 3524 464 986

247 513 621 582 ριπατοῦντες
648 513 757 584 (93)
777 528 790 542 °
824 512 870 565 εἰ
890 501 945 565 δὲ
971 509 1280 582 βαρηθῶσιν
1318 513 1366 563 οἱ
1395 509 1703 580 κούρσωρες
1727 508 1835 580 (94)

1945 522 2032 563 res
2069 507 2189 563 illos
2244 509 2579 578 excipientes
2631 507 2817 565 hostes
2878 510 3197 580 reprimant.
3259 511 3353 568 Sin
3398 513 3530 583 quid

243 606 434 675 ᾕγουν
468 608 515 660 ol
537 605 818 675 λεγόμενοι
851 605 949 657 καὶ
1008 602 1347 674 προκλάσται
1375 644 1388 668 ,
1425 597 1544 654 εἶτα
1579 600 1841 672 ὑπιστρέο

243 697 477 768 ψουσιν,
508 699 594 753 ἴνα
636 697 1008 768 ὑποδέχωνται
1041 696 1234 758 αὐτοὺς
1267 697 1315 747 οἱ
1345 693 1674 763 διεὲνσωρες
1706 693 1841 762 μετὰ

241 785 490 852 τάξεως.
523 788 617 840 καὶ
645 785 1030 841 άναστέλλουσι
1064 784 1192 855 τοὺς
1240 783 1550 853 πολεμίους.
1596 783 1657 836 ΕΞ
1696 782 1752 835 δέ
1790 798 1842 834 τι

243 879 348 931 καὶ
386 878 553 931 πλέον
583 879 674 931 καὶ
697 878 795 946 τῆς
824 877 1086 946 δευτέρας
1123 873 1330 939 τάξεως
1361 872 1795 943 ὺποόοηθήσουσι
1824 911 1838 935 ,

242 969 350 1021 καὶ
379 968 611 1040 προσέτι
635 968 684 1022 οἱ
711 967 1113 1035 νωτοφύλακες,
1140 968 1235 1019 καὶ
1261 967 1404 1020 οὕτω
1437 965 1686 1030 διώξουσι
1716 965 1842 1028 τοὺς

243 1057 556 1129 πολεμίους
583 1100 596 1124 ,
651 1060 713 1111 ὲκ
743 1058 993 1129 διαδοχῆς
1028 1059 1126 1129 τὴν
1158 1057 1408 1129 βοήθειαν
1449 1057 1601 1128 παρὰ
1632 1056 1838 1110 πολλῶν

243 1149 669 1221 ὑποδεχόμενοι.
693 1151 766 1204 Οὐ
797 1152 902 1222 γάρ
931 1168 1020 1221 μοι
1053 1151 1199 1204 δοκεῖ
1232 1153 1288 1203 ὲν
1341 1151 1439 1220 μιᾷ
1471 1149 1608 1221 μόνῃ
1659 1165 1838 1220 παρα-

241 1241 411 1309 τάξει
449 1243 892 1298 ἀποκινδυνεύειν
939 1242 1175 1312 ἀσφαλές
1209 1242 1342 1314 (95).
1389 1241 1555 1310 Ὀμοῦ
1600 1240 1706 1310 γὰρ
1747 1257 1842 1292 πο-

243 1336 432 1390 νοῦσα
468 1338 500 1406 ἡ
539 1336 637 1406 μία
669 1335 802 1406 ὁμοῦ
844 1337 938 1388 καὶ
989 1337 1202 1403 φεύγει.
1239 1332 1508 1387 Ἐνταῦθα
1548 1333 1604 1385 δὲ
1646 1335 1693 1385 ει
1751 1333 1842 1385 καὶ

243 1427 282 1498 ἡ
318 1427 523 1498 πρώτη
551 1427 798 1496 πονήσει,
833 1423 947 1478 ἀλλ’
979 1427 1010 1494 ἡ
1050 1425 1282 1495 δευτέρα
1311 1423 1523 1477 ἑστῶσα
1546 1423 1839 1494 ῥωμαλεώο

243 1535 416 1588 τερον
451 1513 715 1589 βοηθήσει
738 1517 877 1588 (96).
909 1505 972 1569 Εἰ
1006 1516 1062 1570 δὲ
1088 1519 1180 1570 καὶ
1208 1516 1346 1587 αὑτὴ
1373 1519 1598 1586 πονήσει
1625 1555 1639 1578 ,
1667 1515 1780 1568 ἀλλ’
1805 1517 1838 1586 ή

242 1612 420 1683 τρίτη
472 1610 698 1674 ἀπαθῶς
730 1609 932 1681 ἐπέλθῃ
960 1651 973 1675 ,
1012 1611 1106 1662 καὶ
1152 1610 1294 1664 οὕτω
1344 1611 1478 1681 πρὸς
1515 1613 1660 1680 τρεῖς
1696 1611 1837 1664 άπα-

245 1700 368 1766 θεῖς
405 1701 743 1772 παρατάξεις
768 1702 798 1772 ή
828 1700 926 1772 μία
957 1699 1066 1752 τῶν
1089 1699 1360 1769 πολεμίων
1389 1698 1627 1752 πονοῦσα
1668 1699 1834 1752 εὐκαο

243 1792 599 1861 ταγώνιστος
629 1793 862 1860 γίνεται,
896 1790 990 1844 καὶ
1020 1793 1229 1861 ταχέως
1259 1790 1580 1860 λυθήσεται,
1632 1792 1721 1842 καὶ
1754 1792 1833 1855 εἰς

1940 601 2161 670 gravius
2209 602 2510 672 contingat,
2573 600 2813 656 secunda
2876 603 3022 659 acies
3093 615 3148 658 et
3228 606 3530 676 tergistites

1943 701 2206 763 praeterea
2238 709 2393 765 opem
2427 693 2629 759 ferant,
2654 703 2814 764 atque
2850 695 2988 749 adeo
3025 696 3207 751 hostes
3238 697 3530 767 insequan-

1940 791 2052 848 tur,
2085 783 2187 839 sibi
2225 791 2413 838 mutuo
2450 799 2631 854 opem,
2660 785 2703 839 si
2730 786 2856 853 quid
2895 801 3028 839 usus
3063 786 3324 855 postulet,
3351 787 3532 841 teren-

1940 884 2043 931 tes.
2074 875 2268 946 Neque
2311 877 2457 930 enim
2499 876 2633 930 mihi
2677 885 2852 930 ttttttm
2886 876 3100 932 videtur
3147 893 3291 940 esse.
3341 892 3532 932 omnes

1942 980 2048 1018 una
2077 966 2132 1019 in
2168 967 2286 1018 acie
2316 979 2516 1034 ponere
2550 1005 2566 1032 ,
2591 981 2670 1042 ne
2711 967 2875 1020 simul
2909 977 3211 1038 pttgnantes
3263 968 3427 1024 simul
3475 969 3530 1022 in

1937 1059 2241 1128 periculum
2271 1059 2511 1126 veniant,
2565 1069 2620 1115 et
2656 1059 2709 1115 in
2745 1059 2928 1130 fugam
2961 1077 3020 1116 se
3053 1061 3377 1131 conjiciant.
3428 1064 3526 1117 Hic

1940 1158 2123 1204 autem
2148 1167 2461 1221 quanquam
2513 1153 2688 1222 prima
2711 1148 2912 1208 atllieta
2945 1150 3034 1219 sit,
3068 1155 3306 1210 secunda
3335 1164 3516 1211 tamen

1940 1241 2168 1298 firmiter
2202 1246 2458 1299 consistit
2507 1249 2670 1314 atque
2701 1245 2777 1298 illi
2803 1261 2958 1317 opem
3001 1246 3142 1304 ferre
3174 1249 3309 1304 solet
3342 1248 3529 1318 ;quod

1941 1339 1985 1392 si
2023 1338 2153 1410 quid
2187 1343 2407 1410 gravius
2435 1340 2549 1395 haec
2588 1355 2803 1411 quoque
2854 1343 3119 1411 patiatur,
3149 1345 3308 1399 tertia
3341 1352 3520 1401 tamen

1945 1445 2136 1485 secure
2163 1430 2399 1485 invadat.
2427 1432 2600 1501 Atque
2662 1431 2733 1485 ita
2771 1440 2977 1488 nostra:
3027 1441 3137 1490 tres
3169 1435 3316 1490 acies
3361 1434 3530 1490 ﬁrma!

1945 1519 2204 1574 adversus
2247 1537 2406 1573 unam
2442 1521 2680 1575 hostium
2701 1522 2873 1576 aciem
2906 1524 3297 1580 contendentes
3323 1565 3338 1589 ,
3374 1524 3532 1579 facile

1942 1624 2060 1663 eam
2096 1624 2358 1681 superare
2391 1621 2553 1681 atque
2575 1625 2889 1683 expugnare
2916 1623 3146 1684 possunt
3187 1622 3240 1669 et
3269 1617 3320 1668 in
3344 1614 3527 1686 fugam

1941 1702 2282 1773 praecipitare
2315 1746 2330 1767 ,
2386 1705 2774 1773 adjuvantibus
2819 1707 2884 1761 ad
2937 1706 3076 1762 hanc
3105 1723 3215 1762 rem
3255 1707 3518 1764 lateranis

1938 1802 1990 1849 et
2029 1795 2429 1850 cornistitilms.

244 1886 438 1956 φυγὴν
463 1886 717 1957 ὁρμήσει,
748 1883 1133 1955 συμπνεέντων
1176 1883 1420 1955 δηλονότι
1464 1882 1604 1937 κατά
1668 1885 1728 1937 τὸ
1797 1873 2146 1959 ἐνδεχόμενον
2180 1890 2273 1943 καὶ
2315 1890 2422 1943 τῶν
2482 1887 2935 1960 πλαγιοφυλάκων
2999 1890 3092 1944 κα)⁵
3133 1890 3243 1944 τῶν
3305 1891 3530 1963 ὑπερκε-

247 1978 496 2050 ραστῶν.

323 2101 474 2168 ρμεθ.
495 2094 742 2149 Μάλιστα
764 2093 871 2148 τῶν
889 2092 1196 2164 εἰρημένων
1218 2093 1266 2165 ,ιδ
1293 2090 1503 2162 ἀνδρῶν
1535 2090 1831 2145 ἐπιλέκτων
1865 2099 1906 2153 Β

243 2187 429 2242 ὄντων
463 2189 556 2241 καὶ
588 2187 952 2258 διαφερόντων
981 2189 1046 2257 τῇ
1071 2186 1310 2256 ἀνδρείᾳ,
1343 2185 1436 2238 καὶ
1468 2187 1531 2255 τῇ
1567 2187 1691 2255 περὶ
1714 2186 1842 2247 τοὺς

244 2279 532 2349 πολέμους
556 2279 756 2350 ἀρετῇ,
781 2279 918 2348 ὅπερ
944 2278 1167 2347 ὀφείλει.
1205 2277 1278 2330 Οὐ
1319 2276 1424 2347 γὰρ
1474 2276 1609 2347 πρὸς
1644 2276 1838 2345 ἀνδρα-

247 2371 474 2442 ποδώδη
525 2371 758 2444 στρατὸν
806 2371 938 2442 ἡμῖν
978 2369 1260 2441 πρόκειται
1293 2371 1326 2439 ἡ
1381 2366 1621 2431 διάταξις
1646 2406 1664 2432 ,
1702 2365 1838 2420 am

245 2466 393 2538 πρὸς
429 2464 617 2518 ἱκανὸν
677 2461 1162 2534 μεταχειρίσασθαι
1212 2461 1397 2525 ὅπλον,
1443 2460 1539 2513 καὶ
1583 2458 1838 2527 ἐκθύμως

243 2555 662 2621 ἀγωνίσασθαι.

321 2654 490 2720 Pii-‘3."-
551 2646 662 2709 Τὰς
709 2646 766 2700 δὲ
813 2645 975 2710 άκίας
1021 2645 1116 2715 τῆς
1173 2642 1426 2714 τοιαύτης
1486 2644 1840 2716 παρατάξεως

245 2743 511 2812 ποιήσεις
559 2739 668 2792 ἀπὸ
705 2738 913 2809 ἀνδρῶν
945 2737 1076 2791 δέκα
1109 2738 1170 2789 τὸ
1222 2734 1383 2807 βάθος
1426 2737 1546 2807 ἦτοι
1575 2741 1635 2789 τὸ
1666 2737 1841 2808 πάχος

245 2833 468 2898 αὐτῶν,
491 2829 631 2884 ὥστε
657 2825 796 2883 εἶναι
828 2829 947 2883 καθ’
980 2831 1216 2901 ἑκάστην
1240 2829 1403 2883 ἀκίαν
1425 2830 1697 2900 ἄρχοντας
1722 2831 1838 2895 δύο,

2011 2087 2128 2145 H5.
2166 2089 2290 2145 Haec
2329 2099 2565 2160 quatuor
2593 2089 2758 2144 millia
2804 2107 2870 2146 ex
2919 2091 3145 2150 delectis
3179 2091 3526 2161 strenuisque

1947 2182 2078 2236 viris
2105 2181 2258 2245 fiant,
2289 2189 2340 2235 et
2381 2183 2434 2236 in
2476 2184 2618 2237 bello
2666 2184 2902 2254 gerendo
2933 2186 3251 2242 exercitatis
3300 2202 3315 2239 :
3347 2199 3528 2253 neque

1943 2273 2089 2327 enim
2135 2271 2202 2326 de
2236 2272 2442 2342 plebeis
2481 2287 2544 2327 ac
2600 2272 2842 2329 fortuitis
2883 2275 3198 2332 hominibus
3249 2274 3456 2331 mentio
3495 2290 3526 2329 a

1945 2362 2104 2418 nobis
2151 2360 2297 2418 facta
2349 2363 2576 2430 est,sed
2609 2363 2677 2420 de
2729 2380 2791 2419 ea
2825 2359 2942 2422 acie
2989 2383 3111 2438 qua:
3159 2368 3334 2439 possit
3373 2381 3528 2422 arma

1941 2470 2129 2528 gerere
2157 2466 2208 2512 et
2243 2457 2494 2511 alacriter
2530 2455 2814 2514 dimicare.

2026 2639 2148 2695 Hii.
2185 2641 2551 2713 Contubernia
2593 2641 2755 2712 hujus
2784 2644 2919 2698 aciei
2955 2645 3020 2698 ad
3052 2644 3236 2700 decem
3283 2645 3528 2700 virorum

1953 2735 2294 2788 altLtudinem
2328 2735 2516 2799 facies,
2558 2745 2613 2789 ut
2659 2736 2712 2789 in
2756 2751 3080 2806 unaquaque
3113 2736 3231 2791 acie.
3279 2737 3388 2791 duo
3423 2739 3526 2792 viri

1956 2826 2089 2889 sint,
2121 2827 2258 2881 alter
2307 2825 2565 2898 loehagus
2588 2867 2602 2891 ,
2663 2830 2778 2882 sive
2805 2829 3111 2896 eaudanus,
3162 2830 3278 2888 sive
3303 2831 3528 2903 quinta-

242 2927 339 2980 τόν
372 2942 434 2978 τε
474 2923 766 2994 λεγόμενον
795 2922 1046 2992 λοχαγὸν,
1070 2923 1236 2993 ἤγουν
1268 2921 1603 2992 δέκαρχον,ῆ
1631 2940 1840 2992 πρωτο-

1947 2934 2243 2989 nuszquos
2278 2933 2532 2975 strenuos
2557 2921 2890 2992 idoneusque
2930 2923 3076 2979 viros
3133 2940 3254 2980 esse
3290 2936 3526 2996 oportet,

246 3019 485 3088 στάτην,
514 3016 547 3087 ἢ
577 3007 877 3085 πρόμαχον,
896 3015 988 3067 καὶ
1007 3014 1095 3068 τὸν
1111 3015 1366 3084 οὐραγὸν,
1391 3013 1449 3077 ὃς
1475 3015 1588 3067 ἐστι
1613 3013 1839 3084 ἔσχατος

244 3109 345 3165 τοῦ
381 3103 596 3179 στίχϐυ,
626 3110 720 3162 καὶ
745 3107 990 3160 καλεῖται
1011 3106 1339 3178 πεντάρχης,
1359 3105 1451 3170 οὓς
1482 3105 1576 3160 καὶ
1602 3106 1835 3175 μάλιστα

249 3204 481 3266 ἱκανοὺς
514 3199 654 3255 εἶναι
684 3203 812 3272 χρὴ,
849 3201 944 3254 καὶ
972 3200 1272 3269 ἀνδρείους,
1306 3200 1399 3253 καὶ
1423 3199 1836 3270 καταφράκτους

241 3297 359 3360 τοῖς
401 3293 744 3366 ἁρμόζουσιν
778 3291 983 3356 ὅπλοις,
1017 3292 1109 3343 καὶ
1138 3289 1309 3353 οὕτως
1357 3289 1448 3344 τοῦ
1483 3290 1681 3360 βάθους
1729 3289 1836 3342 τῶν

1955 3021 2010 3067 et
2043 3013 2254 3067 idoneis
2279 3014 2446 3068 armis
2474 3013 2792 3069 instructos.
2819 3015 2997 3083 Atque
3027 3015 3092 3071 ad
3137 3017 3281 3073 hunc
3308 3022 3528 3076 modum

1950 3104 2238 3159 altitudine
2269 3106 2504 3160 acierum
2531 3106 2823 3170 instructa,
2849 3107 2914 3162 ad
2936 3107 3529 3182 longitudincln,quam

1950 3207 2324 3253 transversam
2360 3199 2632 3254 altitudini
2688 3200 3000 3270 appellant,
3035 3209 3300 3273 quantum
3336 3218 3529 3260 nume-

1951 3307 2049 3346 rus
2089 3297 2142 3344 et
2171 3289 2339 3344 latera
2376 3292 2680 3359 patiuntur,
2711 3292 2968 3347 instruat.

241 3391 422 3445 ἀκιῶν
472 3385 806 3457 τεταγμένου
834 3427 849 3454 ,
882 3385 942 3438 τὸ
991 3385 1084 3437 ἐπὶ
1144 3381 1396 3454 μέτωπον
1431 3383 1645 3455 ἔκταμα
1694 3381 1828 3454 πρὸς
1865 3383 2067 3448 πλάτος
2089 3383 2229 3436 κατὰ
2253 3380 2439 3451 ζυγὸν,
2472 3384 2594 3437 ὅσον
2624 3383 2689 3438 ἂν
2754 3385 3042 3458 ἀπαντήσῃ
3081 3385 3372 3441 τάττεσθαι
3425 3386 3522 3442 καὶ

245 3481 390 3537 κατὰ
431 3477 701 3549 πλευράν.

319 3599 476 3674 ρμζ’.
519 3602 642 3655 Ἐπὶ
673 3601 731 3655 δὲ
777 3600 877 3671 τῆς
910 3598 1008 3654 νῦν
1061 3598 1369 3662 ὑποθέσεως
1419 3598 1450 3667 ἡ
1499 3595 1599 3667 μὲν
1641 3595 1830 3666 πρώτη
1861 3604 1902 3662 c

244 3696 428 3763 τάξις,
456 3697 575 3768 ἥτις
607 3696 703 3749 καὶ
758 3695 839 3756 εις
884 3694 1010 3765 τρία
1047 3691 1189 3764 μέρη
1218 3690 1661 3762 διαιρεθήσεται,
1712 3689 1834 3742 καθ’

245 3786 487 3840 ικαστον
541 3786 706 3857 μέρος
755 3783 866 3849 ἔξει
917 3783 1079 3848 άκίας
1125 3788 1188 3848 ν’,
1248 3782 1350 3835 ἀνὰ
1393 3777 1425 3832 ι’
1478 3779 1709 3851 ἐχούσας
1775 3780 1836 3832 τὺ

250 3878 417 3948 βάθος
441 3879 584 3932 κατὰ
612 3878 814 3948 στίχον,
847 3877 955 3930 ἀπὸ
989 3875 1084 3929 τοῦ
1117 3873 1350 3946 λοχαγοῦ
1394 3875 1488 3927 καὶ
1528 3875 1837 3944 πρωτοστά·

248 3987 344 4024 του
406 3972 518 4035 ἓως
563 3970 656 4024 τοῦ
709 3970 940 4042 ἐσχάτου
995 3967 1258 4040 οὐραγοῦ,
1309 3967 1381 4032 ὡς
1409 3962 1544 4020 εἶναι
1573 3967 1671 4030 τὰς
1709 3966 1836 4029 ὅλας

249 4061 417 4127 άκίας
453 4062 562 4116 τῶν
586 4062 750 4134 τριῶν
789 4061 972 4134 μερῶν
1028 4060 1130 4129 τῆς
1185 4059 1407 4130 πρώτης
1465 4058 1673 4122 τάξεως
1732 4055 1832 4129 ρν’.

248 4153 370 4227 ήτοι
417 4156 620 4227 ἄνδρας
656 4173 706 4228 ⁴α
751 4159 845 4209 καὶ
895 4153 945 4224 φ’
971 4169 985 4184 ο
1026 4155 1058 4224 ή
1093 4154 1149 4207 δὲ
1194 4154 1424 4224 δευτέρα
1467 4152 1620 4217 τάξις
1664 4151 1836 4221 ἐχέτω

251 4245 343 4302 διὰ
373 4248 486 4303 τῶν
517 4248 800 4319 τεσσάρων
849 4247 1022 4316 αὐτῆς
1056 4247 1240 4319 μερῶν
1283 4247 1445 4310 άκίας
1481 4246 1584 4299 ἀνὰ
1619 4242 1690 4314 η’,
1743 4245 1837 4297 καὶ

254 4342 443 4407 πέντε,
483 4342 582 4405 τὰς
616 4341 794 4404 πάσας
828 4341 990 4404 ἀκίας
1023 4337 1067 4411 ρ’
1100 4339 1308 4412 ἀνδρῶν
1332 4357 1400 4413 ια.
1439 4339 1503 4392 Οἱ
1531 4339 1588 4391 δὲ
1617 4337 1836 4406 πλαγιο-

254 4431 500 4502 φύλακες
523 4433 733 4500 ἕξουσιν
774 4433 932 4496 άκίας
972 4439 1042 4496 κ’,
1075 4433 1271 4502 ἄνδρας
1305 4439 1368 4496 σ’,
1404 4431 1628 4502 προσέτι
1675 4429 1731 4483 δὲ
1787 4429 1840 4483 οἱ

254 4522 464 4596 ἔνεδροι
494 4525 663 4596 ήγουν
695 4525 762 4578 τά
811 4522 1180 4595 ὲγκρύμματα
1224 4522 1375 4576 ἔνθεν
1426 4515 1680 4574 κάκεῖθεν
1727 4517 1837 4571 τῶν

253 4615 350 4670 δύο
383 4618 568 4689 μερῶν
591 4617 689 4686 τῆς
724 4617 1108 4690 παρατάξεως,
1134 4615 1216 4669 ἀν’
1254 4613 1426 4668 ἀκιῶν
1461 4611 1532 4680 κ’,
1561 4612 1723 4676 ἀκῐας
1763 4607 1834 4682 μ’,

255 4709 370 4764 ἀντ’
396 4711 604 4780 ἀνδρῶν
634 4709 700 4776 o',
718 4710 854 4782 ὁμοῦ
876 4709 931 4764 δὲ
953 4709 1150 4781 ἄνδρας
1170 4715 1237 4774 υ’,
1261 4710 1352 4762 καὶ
1373 4708 1420 4761 oi
1447 4707 1506 4762 ὲν
1526 4707 1636 4770 τοῖς
1664 4707 1837 4767 κενοῖς

254 4802 302 4856 δ’
355 4803 586 4868 ἑστῶτες
626 4802 722 4873 τῆς
783 4802 1046 4872 δευτέρας
1088 4793 1468 4872 παρατάξεως,
1513 4797 1731 4863 οἵτινες,
1763 4797 1837 4860 ὡς

256 4891 498 4965 εἴρηται,
533 4894 630 4946 καὶ
659 4893 787 4956 τοὺς
821 4891 1124 4960 φεύγοντας
1144 4889 1583 4954 ἀναστέλλουσιν,
1616 4887 1832 4941 ἔσονται

2009 3596 2134 3651 M7.
2177 3594 2472 3663 Quoniam,
2519 3596 2978 3667 quemadmodum
3014 3614 3162 3655 nunc
3217 3592 3525 3681 posuimus,

1938 3686 2112 3757 prima
2164 3688 2308 3741 acies
2337 3688 2390 3740 in
2457 3695 2570 3743 tres
2634 3701 2816 3759 partes
2846 3688 3133 3755 dividitur,
3185 3706 3526 3763 unaquaeque

1936 3792 2063 3846 pars
2094 3779 2486 3849 quinquaginta
2519 3783 2876 3836 contubernia
2903 3781 3141 3849 habebit,
3161 3801 3283 3853 qua:
3311 3785 3526 3856 singula

1936 3868 2125 3923 decem
2185 3869 2333 3924 viros
2397 3870 2674 3924 habebunt
2705 3886 2734 3925 a
2768 3871 2996 3941 loehago
3017 3911 3032 3938 ,
3094 3873 3147 3928 id
3177 3881 3262 3929 est
3292 3874 3502 3930 decano

1937 3960 2002 4014 ad
2045 3961 2395 4027 ultimanum,
2424 3962 2619 4017 ordine
2665 3963 2893 4029 locatos,
2926 3973 2983 4018 ut
3036 3966 3296 4020 universa
3322 3975 3525 4021 contu~

1941 4055 2129 4111 bernia
2193 4056 2383 4126 prima:
2431 4056 2567 4110 aciei
2617 4065 2833 4110 rentum
2884 4058 3278 4130 quinquaginta
3307 4061 3436 4130 sint,
3470 4062 3525 4117 id

1939 4158 2025 4203 est
2078 4149 2177 4203 viri
2221 4148 2369 4203 mille
2391 4148 2694 4218 quingenti.
2738 4147 2988 4205 Secunda
3029 4153 3176 4207 acies
3221 4152 3417 4209 habeat
3468 4155 3524 4210 in

1939 4249 2174 4307 quatuor
2207 4239 2360 4293 illius
2392 4239 2636 4307 partibus
2667 4239 3025 4294 contubernia
3052 4240 3242 4311 viginti
3281 4241 3525 4312 quinque

1939 4333 2193 4403 singulis,
2226 4331 2499 4385 universis
2533 4339 2753 4385 centum
2814 4332 3193 4396 contubernia,
3233 4332 3284 4386 id
3317 4341 3404 4388 est
3438 4333 3522 4386 vi-

1938 4442 2032 4483 ros
2074 4425 2239 4480 mille.
2296 4422 2550 4478 Laterani
2615 4425 2848 4480 habeant
2897 4425 3257 4479 contubernia
3307 4426 3522 4496 viginti,

1938 4519 2090 4573 viros
2146 4518 2415 4572 ducentos
2448 4517 2739 4571 :similiter
2789 4518 3108 4573 cornistites
3159 4517 3522 4572 contubernia

1937 4609 2150 4678 viginti,
2187 4609 2336 4662 viros
2376 4607 2641 4663 ducentos
2697 4609 2948 4662 habeant.
2984 4608 3204 4663 insidias
3258 4619 3521 4680 praeterea

1940 4700 2068 4754 hinc
2107 4709 2267 4769 atque
2324 4701 2473 4754 illinc
2523 4701 2662 4755 aciei
2717 4702 3072 4756 contubernia
3124 4701 3340 4773 viginti,
3373 4703 3522 4757 viros

1937 4791 2204 4845 ducentos
2245 4790 2473 4860 singula:
2525 4791 2802 4845 habeant:
2843 4793 3108 4847 universa:
3162 4792 3521 4847 euntttberuia

1938 4883 2298 4954 quadraginta
2323 4922 2337 4946 ,
2378 4883 2526 4938 viros
2556 4883 3010 4954 quadringentos,
3044 4887 3132 4953 qui
3167 4885 3221 4938 in
3253 4884 3520 4940 interval-

256 4982 324 5037 τά
346 4986 474 5057 τρία
510 4984 654 5056 μέρη
672 4983 780 5038 ἀπὸ
807 4983 978 5038 ἀκιῶν
1021 4981 1090 5055 ρ’,
1115 4981 1250 5052 ὁμοῦ
1275 4979 1486 5052 ἀνδρῶν
1524 4977 1590 5044 τ’,
1642 4978 1738 5032 καὶ
1774 4980 1821 5032 οἱ

1953 4978 2000 5030 is
2030 4976 2288 5030 inanibus
2324 4975 2558 5046 singulis
2594 4976 2843 5031 locantur
2877 4978 3132 5031 secundae
3166 4977 3300 5032 aciei
3326 4985 3516 5031 contu-

253 5077 332 5148 τῷ
365 5079 654 5150 στρατηγῷ
684 5076 1030 5148 παρεστῶτες
1060 5075 1247 5148 ἄνδρες
1273 5073 1336 5146 ρ’.

328 5263 480 5336 ρμη’.
513 5265 702 5319 Ἀλλαι
733 5263 833 5335 μὲν
878 5265 1026 5335 τρεῖς
1085 5260 1417 5334 παρατάξεις
1475 5256 1832 5333 ἐξῃρημένων

257 5355 365 5408 τῶν
394 5354 721 5430 κουρσώρων
750 5356 855 5408 ὑπὸ
886 5354 1048 5418 άκίας
1079 5353 1470 5425 ταχθήσονται,
1504 5352 1570 5403 τά
1597 5349 1650 5403 δὲ
1671 5347 1833 5402 λοιπά

259 5446 508 5517 τάγματα
534 5449 702 5521 ἤγουν
723 5449 771 5500 οἱ
803 5445 1244 5518 πλαγιοφύλακες
1269 5445 1362 5499 καὶ
1400 5442 1832 5515 ὑπερκεράσται,

1938 5070 2127 5125 bernia
2183 5069 2371 5125 decem
2409 5069 2652 5123 virorum
2679 5108 2693 5132 ,
2733 5068 2894 5122 simul
2953 5077 3228 5124 tercentos
3255 5111 3270 5137 ,
3319 5077 3374 5125 et
3425 5072 3519 5141 qui

1937 5171 2197 5233 praeterea
2230 5165 2542 5234 imperatori
2583 5162 2783 5218 adsunt
2806 5173 3024 5217 centum
3045 5163 3167 5219 viri.

2013 5256 2136 5310 148.
2172 5257 2415 5326 Reliquae
2471 5256 2617 5311 acies
2678 5257 2926 5326 exceptis
2970 5256 3290 5312 cursoribus
3327 5257 3521 5313 ordine

1938 5346 2172 5417 quodam
2206 5346 2594 5413 instruantur;
2640 5345 2901 5414 lateraui,
2928 5348 3276 5414 cornistites,
3307 5347 3521 5404 insidiae

1939 5454 2048 5495 non
2085 5437 2301 5510 semper
2327 5439 2625 5506 instructa,
2656 5439 2750 5494 sed
2785 5454 2882 5510 pro
2917 5455 3050 5497 usus
3103 5442 3316 5497 ratione
3348 5441 3520 5496 inter-

1757 5576 1989 5636 NOTAE.

333 5697 443 5770 (95)
481 5701 796 5783 Eordaeth
819 5699 1309 5771 περιπατοῦντες.
1337 5697 1713 5763 Scribebatur,
1737 5695 1833 5751 οὗ·

266 5783 908 5844 τακτοπεριπατρωντες.

334 5841 442 5913 (9‘)
481 5838 544 5896 σι
566 5838 924 5912 κούρσωρες.
958 5842 1333 5913 Scribebatttr,
1359 5843 1407 5896 oi
1435 5838 1728 5911 κούσωρες.

2017 5694 2133 5768 (95)
2172 5693 2491 5768 lassique.
2524 5692 2905 5768 ‘Scribebatur,
2942 5695 3136 5768 άσφές.

2021 5763 2130 5839 (96)
2161 5765 2482 5836 Βοηθήσει.
2520 5763 2893 5835 Scribeliatur,
2929 5767 3132 5837 βοήσει.
