4036 6300
478 444 586 511 987

1697 440 1970 508 LEONIS
2018 436 2478 506 PHILOSOPHI

3658 441 3769 506 988

474 563 610 617 dunt
637 561 937 634 drunguti,
964 563 1022 618 id
1057 559 1470 634 est;confr-rti:n,
1518 562 1824 626 incurrant,
1878 562 2046 616 inter-

2171 560 2269 630 ξτοι
2308 561 2356 614 οἱ
2381 561 2514 628 πρὸς
2535 557 2633 629 τὴν
2656 558 2927 612 κύκλωσιν
2977 558 3254 628 ταγὲντες,
3288 559 3380 613 καὶ
3405 558 3468 632 δὴ
3500 561 3598 615 καὶ
3629 562 3677 615 ot
3698 566 3767 614 ἐκ

472 652 609 709 dum
632 646 888 710 οιιέὶιιιιι
911 671 1071 712 satum
1106 662 1452 710 conservent.

2169 651 2279 706 τῶν
2301 650 2727 721 ἐγκρυμμάτων,
2755 650 2871 721 ἦτοι
2896 650 2945 703 οἱ
2975 649 3181 722 ἓνεδροι
3210 652 3305 706 καὶ
3333 653 3381 704 nl
3412 652 3637 734 λοιποὶ,
3658 653 3763 705 οὐκ

471 748 559 801 ἀεὶ
590 749 1010 818 συντεταγμένοι
1035 750 1342 821 στήσονται,
1370 748 1508 801 ἀλλὰ
1535 747 1671 818 πρὸς
1695 746 1792 817 τὴν
1854 746 2065 816 χρείαν,
2109 744 2238 798 ποτὲ
2278 744 2379 815 μὲν
2423 744 2593 808 οὕτως
2619 743 2737 813 ἦτοι
2779 743 3093 815 δρουγγιστὶ
3135 743 3543 811 ἐπελεύσονται,
3608 746 3644 819 ἢ
3685 745 3767 807 ὡς

469 841 691 895 ἀπαιτεῖ
718 844 751 913 ἡ
780 841 873 895 τοῦ
906 842 1139 913 πολέμου
1173 841 1508 912 περίστατις.

543 980 665 1037 “9.
716 979 1003 1051 Eligentur
1029 997 1094 1036 ex
1138 981 1203 1038 iis
1232 978 1533 1052 designatis
1592 987 1826 1048 quatuor
1882 977 2052 1032 milli-

468 1068 572 1126 bus
604 1072 843 1125 virorum
870 1110 885 1136 ,
941 1070 1178 1140 praefecti
1210 1070 1405 1126 delecti
1469 1068 1616 1124 mille
1651 1069 1887 1124 trecenti
1915 1082 2053 1138 qua-

468 1164 720 1235 draginta
750 1179 868 1230 sex,
912 1166 1162 1235 quintani
1214 1164 1535 1235 octingenti,
1577 1163 1767 1218 dccani
1800 1163 2058 1233 quadrin-

469 1257 643 1326 genti,
677 1257 1133 1330 quinquagenarii
1190 1258 1489 1328 octoginta,
1537 1256 1893 1312 centuriones
1921 1271 2059 1325 qua-

467 1349 740 1420 ἀντείπω,
767 1352 995 1405 comites
1048 1350 1262 1420 viginti,
1320 1349 1604 1419 drungarii
1639 1358 1894 1420 quatuor,
1942 1356 2059 1403 tur—

466 1443 704 1498 marcbae
728 1443 855 1499 duo.
876 1444 951 1499 [ta
974 1453 1135 1499 erunt
1163 1444 1401 1515 praefecti
1422 1445 1656 1515 majores
1675 1451 1788 1498 tum
1816 1444 2054 1499 minores

2236 973 2381 1045 ρμθ¹.
2412 971 2854 1044 Συναχθήσονται
2908 972 3089 1035 τοίνυν
3122 970 3229 1026 ἀπὸ
3264 970 3375 1027 τῶν
3425 971 3569 1028 οὕτω
3596 990 3767 1029 tam»

2165 1066 2388 1137 γμὲνων
2410 1063 2450 1118 δ’
2480 1064 2739 1135 χιλιάδων
2760 1064 2970 1135 ἀνδρῶν
2993 1066 3044 1117 ol
3067 1063 3266 1127 πάντες
3300 1064 3561 1137 ἄρχοντες
3609 1067 3764 1119 κατὰ

2163 1156 2261 1227 τὴν
2288 1156 2467 1212 αὐτῶν
2487 1156 2639 1220 τάξιν
2683 1155 2957 1210 ἐπίλεκτοι
2999 1153 3171 1226 ατμς’
3200 1154 3397 1223 οὕτως,
3450 1156 3763 1228 πεντάρχαι

2169 1251 2268 1322 μὲν
2290 1248 2370 1317 ω’,
2397 1248 2660 1321 δεκάρχαι
2684 1249 2740 1302 δὲ
2763 1246 2830 1315 ν’,
2865 1248 3331 1320 πεντηκοντάρχαι
3355 1247 3409 1303 δέ
3432 1250 3479 1303 oi
3508 1248 3611 1303 καὶ
3637 1266 3762 1321 τρι-

2163 1341 2345 1395 ϐοὖνοι
2391 1339 2715 1411 καλούμενοι
2743 1338 2817 1407 π’,
2850 1339 3137 1410 κένταρχοι
3163 1339 3334 1410 ἤγουν
3358 1338 3761 1411 ἑκατοντάρχαι

2165 1431 2238 1505 μ’,
2264 1433 2502 1505 κόμητες
2530 1429 2600 1498 κ’,
2632 1431 2981 1503 δρουγγάριοι
3009 1431 3104 1485 καὶ
3132 1429 3405 1502 χιλίαρχοι
3447 1428 3511 1495 δ’,
3542 1447 3761 1502 τουρμ-

469 1534 617 1590 mille
655 1538 881 1591 trecenti
914 1536 1272 1607 quadraginta
1305 1552 1420 1591 sex.
1463 1534 1667 1607 Sicque
1710 1537 1771 1591 in
1799 1537 2057 1592 universo

2171 1524 2318 1596 ipxm
2378 1524 2444 1594 β’,
2479 1523 2681 1595 ὁμοίως
2720 1524 2980 1597 ἄρχοντες
3021 1522 3209 1595 μικροὶ
3261 1522 3485 1593 μεγάλοι
3542 1522 3754 1596 γατμςζ

467 1628 718 1683 exercitu
777 1629 1053 1699 eligantur
1107 1628 1145 1683 ii
1204 1629 1415 1683 strenui
1490 1628 1715 1683 milites.
1782 1626 2064 1681 Summam

2173 1617 2270 1672 καὶ
2299 1614 2470 1679 οὕτως
2508 1617 2607 1688 μὲν
2638 1616 2733 1671 ἐπὶ
2760 1616 2853 1671 τοῦ
2886 1618 3004 1682 ἐνὸς
3046 1616 3279 1688 θέματος
3308 1616 3756 1687 ὲπιλεγέσθωσαν

465 1719 636 1774 totius
668 1721 904 1787 numeri,
956 1720 1037 1775 vel
1084 1722 1399 1776 universum
1436 1721 1707 1789 reliquum
1767 1721 2066 1775 exercitum

2174 1708 2411 1780 ἀνδρεῖοι
2445 1707 2779 1781 στρατιῶται
2808 1710 2902 1764 καὶ
2936 1708 3337 1781 πληρούτωσαν
3362 1710 3421 1763 τὸ
3457 1709 3754 1780 λεγόμενον

465 1809 670 1878 potius,
704 1809 851 1880 quod
902 1808 1080 1865 thema
1127 1810 1353 1874 dicitur,
1390 1811 1585 1864 horum
1639 1815 1880 1880 quatuor
1921 1808 2066 1861 mille

2174 1800 2571 1873 στρατιωτικὸν
2593 1800 2754 1872 θέμα,
2785 1802 2906 1872 ἦτοι
2958 1800 3068 1855 τῶν
3114 1800 3157 1865 ,δ
3204 1800 3296 1855 τὸν
3341 1801 3574 1872 ἀριθμὸν
3626 1802 3754 1855 ἐπι-

466 1901 710 1956 virorum
742 1901 1094 1968 delectorum,
1144 1902 1369 1958 armatis
1398 1901 1677 1972 equitibus
1703 1915 1767 1956 ac
1825 1900 2066 1955 strenuis

2171 1892 2403 1959 λέκτων,
2428 1894 2523 1947 καὶ
2553 1893 2792 1948 ἐνόπλων
2818 1891 3201 1962 καϐαλλαρίων
3223 1891 3318 1946 καὶ
3342 1892 3609 1962 γενναίων
3631 1896 3752 1955 ταῖς

470 1991 741 2049 militibus
770 1993 1071 2064 complebis
1093 2033 1107 2060 ,
1146 1994 1606 2064 quemadmodum
1643 1993 1741 2049 tibi
1767 1994 1833 2049 ad
1865 2008 2065 2064 oppor-

471 2080 760 2136 tunitatem
802 2082 1066 2151 temporis
1096 2082 1350 2136 idoneum
1380 2080 1675 2136 videbitur.

541 2359 666 2417 {50.
708 2360 887 2432 Atque
926 2358 1042 2415 htec
1076 2359 1295 2430 quidem
1348 2360 1420 2415 ita
1461 2359 1617 2416 nobis
1663 2359 2065 2415 describantur

472 2454 519 2511 si
556 2454 732 2510 minor
764 2454 931 2510 fuerit
962 2454 1197 2511 hostium
1252 2457 1533 2511 exercitus
1556 2497 1570 2521 ,
1604 2464 1700 2509 aut
1739 2456 1783 2511 si
1813 2456 2065 2526 aequalis.

474 2549 570 2605 Sin
601 2550 760 2623 longe
786 2552 971 2622 plures
997 2551 1235 2607 hostium
1274 2555 1447 2623 captae
1476 2551 1699 2616 fuerint,
1724 2550 1792 2606 ad
1827 2551 2066 2622 praedic-

474 2655 583 2699 tam
613 2643 837 2701 formam
871 2647 1168 2701 exercitum
1197 2646 1527 2717 duplicabis,
1566 2645 1788 2702 totidem
1816 2647 2066 2717 pluribus

471 2736 538 2791 ad
565 2738 863 2792 exercitum
900 2746 1051 2793 tuum
1082 2740 1334 2808 adjectis,
1371 2747 1429 2793 ut
1467 2741 1724 2795 universa
1752 2743 1897 2795 acies
1932 2751 2057 2795 octo

472 2829 703 2884 millium
755 2834 859 2894 sit.
905 2839 959 2886 ct
995 2832 1222 2901 singula-
1276 2831 1533 2887 cohortes
1570 2833 1855 2902 tequalem,
1907 2841 2071 2903 atque

472 2931 629 2978 antea
660 2938 944 2979 numerum
1004 2925 1260 2981 habeant.
1313 2925 1406 2981 Sin
1446 2927 1716 2982 nonsatis
1751 2925 1914 2981 fuerit
1964 2927 2069 2980 du-

473 3014 675 3083 plicare
696 3054 712 3081 ,
758 3015 1062 3086 triplicabis
1094 3016 1395 3072 exercitum
1424 3056 1439 3082 ,
1468 3025 1522 3071 et
1546 3017 1683 3073 duos
1732 3016 1871 3073 alios
1901 3017 2069 3071 duces

473 3105 740 3177 adjunges
776 3122 898 3162 cum
963 3108 1233 3165 militibus
1296 3109 1523 3166 delectis
1577 3119 1631 3165 et
1670 3110 1947 3177 strenuis,
2010 3118 2070 3165 ut

475 3197 604 3251 fiant
632 3199 866 3253 universi
902 3200 1186 3256 duodecim
1214 3202 1382 3257 millia
1414 3202 1683 3258 virorum.
1715 3203 1904 3274 Itaque
1930 3217 2070 3273 prie-

473 3290 620 3345 dicto
658 3306 809 3347 more
836 3292 1119 3349 universus
1151 3296 1425 3352 exercitus
1477 3295 1845 3363 descrihetur,
1899 3295 2071 3367 tripli-

473 3382 611 3437 catis
641 3398 968 3455 unaquaque
1013 3385 1066 3439 in
1095 3386 1212 3441 acie
1247 3386 1535 3442 militibus.

2171 1988 2415 2060 ἀρεταῖς.
2442 1987 2514 2040 Τὸ
2533 1982 2577 2040 δ’
2601 1986 2728 2041 ἄλλο
2759 1986 2962 2058 πλῆθος
2990 1988 3055 2041 ἐκ
3080 1985 3172 2040 τοῦ
3195 1986 3430 2058 θέματος
3455 1989 3535 2051 εἰς
3556 1987 3753 2059 ἐτέρας

2094 2102 2139 2157 Β
2167 2079 2351 2148 τάξεις
2385 2080 2477 2134 καὶ
2505 2080 2692 2152 χρείας
2739 2078 3226 2153 καταμεριζέσθω,
3270 2081 3346 2145 ὠς
3376 2081 3440 2135 ἂν
3478 2097 3559 2134 σοι
3585 2081 3744 2151 δοκῇ,

2169 2164 2215 2226 ὧ
2269 2188 2331 2225 σε
2340 2172 2550 2243 ρατηγέ
2582 2212 2597 2237 ,

2169 2265 2381 2335 καιρόν.

2246 2356 2341 2428 ρν⁸.
2374 2359 2483 2413 Καὶ
2510 2358 2684 2413 ταῦτα
2726 2360 2823 2430 μὲν
2850 2360 3093 2431 εἴρηται,
3119 2358 3216 2414 ἐὰν
3247 2361 3353 2433 ἄρα
3383 2361 3562 2431 ὀλίγος
3600 2362 3752 2417 ἐστὶν

2169 2450 2199 2503 δ
2225 2452 2336 2505 τῶν
2366 2452 2641 2522 πολεμίων
2665 2452 2900 2524 στρατὸς
2929 2453 3070 2524 ὑπὲρ
3091 2454 3181 2510 τὸν
3212 2454 3303 2508 σὸν
3329 2496 3343 2521 ,
3372 2457 3406 2528 ἢ
3436 2454 3563 2518 ἴσως
3609 2455 3746 2526 (97).

2171 2546 2233 2600 El
2271 2546 2327 2600 δέ
2358 2546 2735 2621 πολυπληθείᾳ
2766 2548 3081 2602 πλεονεκτεῖ
3104 2551 3131 2601 ὁ
3155 2549 3417 2613 ἐναντίος,
3449 2550 3573 2603 τότε
3604 2554 3747 2603 κατὰ

2169 2640 2261 2695 τὸν
2293 2640 2583 2709 ὁρισθέντα
2618 2659 2699 2695 σοι
2728 2641 2899 2696 τύπον
2954 2644 3012 2695 ἐν
3041 2643 3107 2713 τῇ
3139 2640 3547 2713 προδηλωθείσῃ
3575 2658 3750 2712 παρα-

2169 2732 2343 2800 τάξει,
2370 2735 2403 2801 ἢ
2431 2734 2719 2799 διπλὼσεις
2755 2734 2813 2787 τὸ
2848 2733 3165 2806 στράτευμα
3195 2735 3303 2787 ἀπὸ
3341 2734 3544 2805 ἐτέρων
3578 2733 3749 2804 θεμα-

2170 2845 2280 2882 των
2305 2828 2414 2882 τῶν
2436 2828 2765 2901 στρατηγῶν
2796 2846 2889 2884 σου
2913 2872 2927 2896 ,
2970 2828 3108 2883 ὥστε
3145 2828 3403 2898 γενέσθαι
3434 2829 3533 2901 τὴν
3568 2831 3749 2883 πᾶσαν

2172 2922 2479 2994 παράταξιν
2509 2923 2764 2995 χιλιάδων
2786 2923 2859 2995 η’,
2886 2924 3129 2995 δηλονότι
3173 2923 3312 2977 κατὰ
3335 2924 3429 2978 τὸν
3459 2923 3751 2995 εἰρημένον

2169 3017 2341 3071 τύπον
2394 3016 2755 3086 μεριζομένου
2806 3016 2900 3070 τοῦ
2948 3016 3069 3069 ὅλου
3097 3016 3329 3086 στρατοῦ
3356 3055 3373 3081 ,
3404 3015 3543 3086 πλὴν
3585 3015 3750 3085 μόνον

2170 3109 2263 3163 τοῦ
2298 3112 2465 3164 ποσοῦ
2500 3108 2622 3163 καθ’
2649 3109 2884 3163 ἕκαστον
2919 3109 3106 3180 τάγμα
3136 3109 3240 3179 τῆς
3275 3107 3482 3174 τάξεως
3522 3123 3748 3178 προστι-

2171 3200 2425 3273 θεμένου.
2456 3201 2521 3257 El
2560 3200 2617 3255 δὲ
2656 3201 2731 3272 μὴ
2772 3200 3040 3255 διπλῶσαι
3086 3200 3246 3272 μόνον
3288 3200 3468 3272 ἀρκεῖ,
3501 3200 3595 3255 καὶ
3627 3214 3749 3270 τρι-

2172 3294 2427 3358 πλώσεις,
2492 3292 2806 3346 συντάσσων
2884 3293 2980 3346 καὶ
3034 3293 3255 3366 ἐτέρους
3302 3289 3347 3363 β’
3408 3291 3749 3361 στρατηγοὺς

2176 3385 2292 3457 ἅμα
2328 3386 2440 3448 τοῖς
2461 3384 2552 3437 ὑπ’
2587 3382 2784 3447 αὐτοὺς
2816 3382 3179 3456 στρατιώταις
3220 3384 3394 3448 οὓτως
3436 3382 3748 3445 ἐπιλέκτοις

2678 2172 2740 2226 τὸ
2790 2173 3100 2227 λυσιτελοῦν
3151 2174 3294 2246 πρὸς
3347 2173 3439 2227 τὸν
3487 2174 3748 2228 ἑκάστοτε

472 3474 568 3529 καὶ
599 3477 1030 3549 καταφράκτοις,
1074 3477 1214 3532 ὥστε
1241 3478 1334 3533 δύο
1377 3481 1470 3533 καὶ
1499 3480 1631 3534 δέκα
1660 3479 1915 3550 γενέσθαι
1965 3477 2361 3550 χιλιάδας.Καὶ
2402 3477 2576 3541 οὕτως
2633 3476 2776 3531 κατὰ
2834 3477 2927 3530 τὸν
2978 3477 3267 3549 εἰρημένον
3331 3476 3536 3531 ἄνωθεν
3579 3474 3748 3529 τύπον

471 3568 957 3641 δια;.ι.ερισθήσεται
1000 3572 1120 3636 ὅλος
1152 3573 1181 3626 ὁ
1213 3571 1465 3643 στρατὸς,
1493 3572 1889 3644 τρι-πλωμένων
1914 3570 2164 3646 δηλονότι
2186 3569 2300 3624 τῶν
2362 3569 2449 3639 ἐφ’
2474 3569 2683 3641 ἑκάστῃ
2718 3568 2869 3635 τάξει
2918 3568 3267 3641 στρατιωτῶν
3318 3568 3459 3623 κατὰ
3510 3568 3575 3623 τὸ
3634 3568 3746 3622 ἄνω

474 3679 576 3714 που
600 3660 904 3733 ὡρισμένον
932 3664 1115 3721 ποσόν.

548 3773 671 3828 151.
715 3773 773 3828 Si
804 3789 925 3828 cum
986 3777 1177 3852 paucis
1225 3788 1279 3832 et
1311 3779 1554 3834 strenuis
1586 3778 1835 3835 hostibus
1894 3793 2063 3850 nego-

2245 3782 2381 3847 ρνα’.
2440 3778 2550 3831 Καὶ
2598 3777 2648 3831 εἰ
2674 3776 2772 3846 μέν
2800 3778 2932 3849 πρὸς
2965 3777 3179 3847 ὀλίγους
3208 3780 3305 3833 καὶ
3328 3779 3613 3852 ἀνδρείους
3653 3798 3742 3837 πο·

478 3868 615 3922 tium
669 3866 910 3921 futurum
946 3877 1033 3925 est
1056 3911 1071 3936 ,
1108 3869 1430 3941 videturque
1464 3871 1561 3926 tibi
1616 3872 1750 3927 utile
1786 3887 1909 3929 esse
1960 3888 2069 3928 uno

477 3976 545 4015 ex
618 3960 861 4015 exercitu
923 3975 1113 4017 omnes
1160 3964 1451 4032 instruere,
1511 3974 1624 4021 tres
1673 3964 1838 4021 facito
1900 3967 2068 4037 acies,

477 4056 719 4122 singulas
773 4063 1007 4126 quatuor
1077 4057 1301 4113 millium
1345 4100 1358 4125 ,
1395 4061 1854 4132 quemadmodum
1935 4078 2072 4133 prae-

475 4144 756 4210 diximus,
807 4145 890 4199 vel
932 4146 1095 4200 etiam
1139 4146 1187 4202 si
1238 4147 1484 4217 pluribus
1537 4151 1776 4207 millibus
1849 4166 1947 4222 pro
1982 4165 2071 4205 ra-

477 4236 630 4293 tione
660 4238 944 4308 copiarum
980 4246 1196 4293 tuarum
1243 4241 1631 4309 abundaveris,
1660 4253 1714 4300 et
1747 4245 1919 4315 prima
1957 4248 2073 4300 acie

478 4335 751 4387 irruentes
780 4329 966 4386 hostes
995 4331 1261 4401 ercipies,
1289 4342 1341 4389 et
1362 4335 1489 4389 dum
1522 4336 1558 4390 ii
1592 4336 1694 4390 hac
1725 4346 2070 4398 exercentur.

488 4420 538 4476 si
582 4420 635 4474 in
685 4420 867 4491 fugam
914 4431 1242 4489 vrrtantur,
1279 4426 1565 4496 quiescere
1623 4435 1851 4484 caeteros
1884 4428 2069 4485 facies.

477 4513 576 4569 Sin
613 4516 817 4579 minus,
854 4525 966 4571 tum
991 4520 1175 4573 altera
1209 4521 1357 4575 acies
1388 4536 1417 4575 a
1448 4531 1599 4592 tergo
1647 4521 1864 4577 illorum
1919 4523 2071 4576 inva-

480 4607 642 4675 dens,
676 4609 1037 4679 irruptionem
1096 4611 1150 4666 in
1194 4627 1287 4667 eos
1321 4612 1505 4681 faciet,
1537 4630 1707 4685 quare
1737 4629 1845 4669 non
1875 4628 2069 4687 parum

486 4702 671 4758 hostes
701 4700 1154 4773 proﬂigabuntur.
1191 4704 1287 4759 Sin
1333 4720 1399 4760 ne
1433 4706 1513 4761 sic
1557 4706 1773 4777 quidem
1808 4722 2072 4777 superen-

490 4812 600 4861 tur,
632 4796 726 4852 sed
754 4797 972 4852 fortiter
1018 4799 1300 4863 resistant,
1335 4807 1447 4853 tum
1500 4801 1657 4854 tertia
1688 4800 1771 4856 Vel
1800 4800 1865 4854 ad
1909 4801 2072 4856 latus.

486 4891 569 4946 vel
604 4904 636 4945 a
667 4888 1124 4961 tergoinvadens,
1150 4900 1203 4945 et
1230 4891 1390 4947 simul
1418 4906 1543 4947 cum
1577 4892 1697 4950 aliis
1732 4893 1915 4950 hostes
1961 4895 2071 4949 cir-

477 4983 863 5049 cumcludens,
901 4983 1152 5041 funditus
1210 4986 1453 5054 delebit;
1491 4989 1740 5058 quamvis
1779 4991 1921 5044 enim
1971 5007 2071 5045 au-

2173 3870 2394 3943 λεμίους
2440 3870 2585 3943 ἔχεις
2636 3872 2727 3925 τὸν
2755 3870 2962 3942 ἀγῶνα,
2996 3874 3089 3927 καὶ
3126 3873 3273 3927 δοκεῖ
3311 3891 3392 3929 σοι
3438 3876 3738 3949 χρήσιμον,

2174 3962 2317 4017 κατὰ
2364 3963 2423 4017 ἓν
2476 3963 2617 4035 θέμα
2652 3964 2886 4031 ἐκτάξας
2920 3967 3069 4036 τρεῖς
3110 3967 3356 4038 ποιήσεις
3413 3968 3742 4038 παρατάξεις

2174 4055 2278 4108 ἀνὰ
2306 4053 2566 4125 χιλιάδων
2592 4055 2656 4120 δ’,
2704 4055 2844 4109 κατὰ
2895 4056 2988 4110 τὸν
3046 4055 3285 4128 ρηθέντα
3337 4056 3541 4125 τύπον,
3584 4060 3742 4133 ﬁnal.

2175 4147 2439 4201 πλειόνων
2467 4146 2747 4217 χιλιάδων,
2779 4148 2921 4202 κατὰ
2950 4148 3010 4203 τὸ
3038 4148 3207 4202 ποσὸν
3243 4149 3345 4219 τῆς
3389 4149 3483 4204 τοῦ
3513 4152 3741 4223 στρατοῦ

2175 4243 2459 4314 εὐπορίας,
2488 4242 2583 4295 καὶ
2605 4245 2670 4315 τῇ
2697 4242 2797 4312 μὲν
2823 4244 2921 4315 μιᾷ
2950 4228 3278 4314 προσὸἆλεῖς
3297 4245 3506 4312 αὐτοῖς,
3533 4247 3744 4318 ἢπροσ·

2176 4336 2471 4401 ϐάλλοντας
2510 4336 2747 4411 ὑποδέξῃ
2777 4338 3008 4405 αὐτοὺς,
3058 4338 3152 4393 καὶ
3181 4339 3273 4392 ἐπὶ
3310 4339 3481 4412 ταύτῃ
3521 4340 3744 4395 ἐκείνων

2174 4436 2613 4508 ἀσχολουμένων,
2648 4440 2697 4490 εἰ
2728 4435 2827 4508 μὲν
2866 4436 3173 4508 τραπῶσιν,
3207 4438 3302 4492 καὶ
3335 4436 3511 4503 οὕτως
3535 4437 3745 4504 διώξεις

2176 4529 2460 4600 ἀσφαλῶς,
2492 4532 2539 4584 εἰ
2568 4530 2613 4585 δ’
2641 4530 2959 4597 ἁνθιστῶσι,
2991 4530 3113 4585 τότε
3147 4529 3242 4585 καὶ
3271 4533 3305 4603 ἠ
3335 4532 3499 4603 ἑτέρα
3530 4533 3745 4604 ποιήσει

2175 4638 2263 4675 ται
2328 4622 2662 4695 προσϐολὴν,
2700 4621 2983 4690 ἐξόπισθεν
3030 4622 3209 4678 αὐτῶν
3264 4622 3605 4691 ἐπελθοῦσα,
3652 4625 3744 4679 καὶ

2174 4715 2348 4780 οὕτως
2405 4716 2947 4788 κατεργασθήσονται
3006 4717 3054 4771 οἱ
3112 4716 3375 4789 πολέμιοι.
3428 4717 3491 4771 Et
3551 4717 3611 4771 δὲ
3650 4718 3743 4771 καὶ

2178 4808 2313 4879 πρὸς
2368 4808 2573 4877 ταύτην
2622 4810 2970 4880 ἀντίσχωσιν,
3017 4808 3133 4864 ἀλλ’
3169 4813 3202 4881 ή
3263 4809 3426 4880 τρίτη
3447 4809 3742 4864 ἐπελθοῦσα

2177 4901 2210 4971 ἢ
2233 4898 2458 4955 ὄπισθεν
2487 4903 2519 4973 ἢ
2547 4903 2610 4956 ἐκ
2640 4902 2897 4973 πλαγίου,
2917 4903 3012 4957 καὶ
3037 4903 3153 4975 ἅμα
3180 4905 3299 4968 ταῖς
3326 4902 3518 4967 ἄλλαις
3543 4902 3743 4957 κυκλώ-

2179 5008 2315 5044 cacat
2345 4994 2470 5056 τοὺς
2500 4993 2778 5059 ἐναντίους
2811 4993 3030 5057 πάντως
3065 4995 3282 5066 αἱρήσει
3304 4994 3521 5058 αὐτούς.
3543 4995 3617 5049 Οὐ
3634 4995 3741 5067 γὰρ

477 5077 635 5131 dacia
669 5078 825 5147 quasi
852 5080 1040 5135 colore
1066 5081 1250 5151 aliquo
1304 5081 1633 5139 imbuuntur
1671 5087 1877 5151 hostes,
1906 5100 2066 5146 carne

2177 5082 2411 5156 ἄσαρκοί
2443 5086 2577 5139 εἰσιν
2625 5087 2673 5141 οἱ
2727 5086 3005 5159 πολέμιοι,
3057 5089 3163 5144 κᾶν
3205 5088 3265 5143 τδ
3305 5088 3507 5161 θράσος
3562 5091 3741 5154 αὐτοῖς

480 5184 660 5228 tamen
687 5171 845 5225 vacui
894 5187 1002 5228 non
1053 5183 1201 5240 sunt,
1256 5183 1314 5231 ut
1360 5178 1585 5235 vulnera
1648 5178 1797 5236 illata
1867 5181 2066 5237 sentire

2179 5175 2365 5251 ὥσπερ
2395 5179 2591 5253 χρῶμα
2621 5181 2950 5253 περίκειται.

477 5278 587 5320 non
625 5264 862 5337 possint.

548 5380 673 5438 152.
722 5381 780 5437 Si
825 5396 948 5437 cum
984 5382 1197 5457 magnis
1250 5394 1305 5440 et
1354 5384 1677 5457 ingentibus
1710 5390 1888 5460 copiis
1919 5406 2057 5446 con-

478 5472 703 5529 ﬂictatio
726 5474 823 5529 tibi
850 5474 1031 5529 futura
1049 5484 1150 5541 est,
1173 5484 1411 5547 quatuor
1428 5478 1595 5532 millia
1617 5495 1779 5535 unam
1804 5482 1858 5536 in
1884 5485 2057 5541 aciem

477 5569 750 5636 conferes,
788 5580 845 5627 et
896 5571 1302 5629 multitudinem
1346 5574 1629 5645 copiarum
1694 5585 1912 5631 tuarum
1948 5589 2060 5634 tres

489 5664 542 5719 in
572 5673 757 5738 partes
785 5664 1020 5733 divides,
1069 5665 1529 5737 quemadmodum
1566 5669 1814 5742 praedixi.
1845 5671 1899 5726 in
1946 5670 2060 5742 pri-

2239 5392 2373 5465 ρνβ’.
2409 5394 2471 5447 El
2511 5392 2569 5449 δὲ
2613 5395 2748 5467 πρὸς
2779 5395 2983 5464 πλῆθος
3019 5394 3295 5467 πολεμίων
3328 5397 3738 5468 διαγωνίζεσθαι

2169 5486 2409 5556 μέλλεις,
2435 5487 2536 5552 τὰς
2565 5491 2714 5561 τρεῖς
2748 5488 3081 5563 παρατάξεις
3113 5490 3221 5545 ἀπὸ
3258 5491 3539 5562 τεσσάρων
3567 5491 3737 5563 χιλιά-

2167 5577 2272 5632 δων
2304 5580 2383 5644 εἰς
2428 5580 2577 5651 μίαν,
2605 5581 2682 5646 ὡς
2709 5583 2947 5655 εἴρηται,
2993 5582 3261 5651 συνάξεις,
3296 5584 3393 5638 καὶ
3429 5585 3740 5657 τριπλασιὰ-

2170 5688 2286 5737 σεις
2318 5673 2379 5728 τὸ
2406 5674 2569 5730 ποσὸν
2595 5675 2694 5747 τῆς
2721 5677 3128 5753 προειρημένης
3154 5676 3447 5747 ἐκτάξεως,
3503 5677 3741 5750 διαμερί-

1960 5848 2191 5929 now.

550 5936 660 6011 (97)
693 5942 768 5997 Ἦ
801 5941 965 6010 ἴσως.
989 5940 1199 6013 Scribe,
1230 5943 1263 6016 ἢ
1298 5946 1432 6011 ἴσος.
