4040 6298
160 460 280 532 989

1211 460 1550 529 TACTICA.
1583 494 1646 503 --
1676 465 2179 529 CONSTITUTIO
2209 462 2370 528 XIX.

3311 473 3426 541 990

165 577 281 642 ζων
317 575 456 631 κατὰ
493 573 671 643 λόγον,
704 575 777 637 ὼς
820 573 1124 646 πρόκειται,
1160 577 1239 640 εἷς
1281 594 1340 629 τε
1376 577 1598 648 πρώτην
1643 577 1736 630 καὶ

1864 593 1982 631 nam
2056 590 2106 632 et
2159 577 2451 632 secundam
2505 577 2697 645 aciem,
2760 578 2813 634 in
2853 581 3149 652 trrgistites
3187 596 3240 641 et
3287 585 3424 642 late-

161 666 432 740 δευτέραν
460 664 781 739 παράταξιν,
815 667 906 720 καὶ
935 667 1014 730 εἰς
1046 667 1517 737 πλαγιοφύλακας,
1553 670 1642 722 καί
1671 671 1748 732 εἰς

164 759 608 831 ὐπερκεράστας,
645 759 735 813 καὶ
769 761 849 823 εἰς
897 760 1166 830 ἐνέδρους,
1210 761 1326 830 ἦτοι
1365 761 1747 832 ὲγκρύμματα.

241 857 376 920 ρνγ’.
397 853 505 905 Καὶ
527 853 605 914 εἰς
626 850 693 903 τὰ
714 851 866 916 ἄλλα,
882 850 955 914 ὡς
976 851 1317 923 προείρηται,
1340 852 1594 922 τάγματα
1615 852 1748 921 (98),

159 947 264 997 καὶ
289 944 460 1008 οὕτως
492 946 631 1014 μετὰ
655 944 907 1010 εὐταξίας
934 945 1028 997 καὶ
1051 945 1359 1009 συστάσεως
1387 947 1632 1017 ποιήσεις
1655 946 1751 1017 τὴν

162 1036 480 1109 προσϐολὴν
506 1035 595 1098 διὰ
631 1035 740 1095 τῶν
769 1037 1078 1106 λεγομένων
1113 1036 1464 1108 κουρσώρων,
1496 1039 1613 1110 ἦτοι
1646 1039 1750 1091 τῶν

161 1131 472 1201 προμάχων
515 1128 610 1199 τῆς
659 1117 880 1200 πρώτης
913 1128 1136 1194 τάξεως,
1168 1130 1200 1201 ἢ
1248 1133 1342 1184 καὶ
1371 1130 1481 1183 τῶν
1515 1131 1752 1202 ὑπερκες

164 1221 409 1293 ραστῶν,
452 1223 482 1294 ἢ
515 1221 589 1286 ὼς
619 1221 685 1275 ἂν
731 1224 763 1292 ἡ
797 1222 956 1292 χρεία
990 1223 1227 1288 καλεσει,
1255 1222 1438 1287 καθὼς
1473 1225 1565 1276 καὶ
1596 1226 1652 1276 ἐν
1685 1226 1749 1294 τῇ

162 1317 297 1390 περὶ
343 1316 434 1370 τοῦ
481 1316 718 1386 πολέμου
766 1314 1003 1380 διατάξει
1047 1315 1438 1387 διωρισάμεθα.
1471 1316 1532 1370 El
1565 1315 1620 1368 δὲ
1660 1318 1753 1370 καὶ

159 1409 248 1465 ἔτι
306 1409 551 1473 πλείονές
609 1409 747 1461 εἰσιν
794 1409 843 1461 οἱ
895 1409 1163 1479 πολέμιοι,
1214 1411 1307 1462 καὶ¹
1360 1409 1517 1480 χρεία
1573 1407 1752 1479 πολλῷ

163 1504 416 1567 πλείονος
454 1501 704 1574 στρατοῦ,
745 1501 986 1556 ἔστωσαν
1014 1504 1107 1556 καὶ
1133 1504 1183 1556 οι
1221 1500 1397 1555 λοιπώ
1425 1501 1532 1556 τῶν
1560 1502 1751 1556 ἀνατο-

163 1597 334 1651 λικῶν
366 1595 616 1666 θεμάτων
649 1595 948 1666 στρατηγοὶ
985 1594 1118 1666 πρὸς
1141 1595 1240 1664 τὴν
1268 1593 1524 1664 τοιαύτην
1565 1597 1754 1666 χρείαν

163 1690 377 1760 ἕτοιμοι
402 1731 414 1754 ,
474 1688 674 1759 ὁμοίως
726 1689 832 1742 τῶν
862 1688 1076 1742 οἰκείων
1105 1685 1349 1759 στρατῶν
1379 1687 1754 1758 ἐπιλεξάμενοι

165 1779 263 1833 καὶ
305 1779 674 1850 διακρίνοντες
713 1778 837 1841 τοὺς
880 1777 1183 1848 χρησίμους
1227 1777 1332 1830 ἀπὸ
1358 1778 1463 1831 τῶν
1494 1778 1750 1848 ἀχρείων,

165 1871 243 1934 ὡς
272 1872 399 1943 ἄχρι
431 1870 707 1940 τεσσάρων
757 1870 1030 1940 χιλιάδων,
1061 1870 1134 1933 ὡς
1158 1869 1395 1940 εἴρηται,
1430 1872 1514 1942 ἐφ’
1541 1873 1755 1944 ἑκάστῳ

168 1963 390 2034 θέματηι,
423 1961 509 2015 διὰ
537 1961 632 2035 τὴν
666 1961 761 2016 νῦν
783 1964 1232 2032 ἐπικρατήσασαν
1264 1964 1370 2017 τῶν
1397 1966 1752 2034 στρατιωτῶν
1787 1941 1826 1994 Β

169 2055 522 2127 ἀγυμνασίαν
551 2073 608 2109 τε
644 2056 735 2109 καλ⁹
760 2056 1018 2126 ἀμέλειαν
1050 2057 1144 2109 καὶ
1178 2057 1483 2126 ὀλιγότητα.
1521 2059 1628 2111 Καὶ
1662 2054 1752 2113 οὗ·

167 2166 255 2204 τοι
288 2150 488 2214 πάντες
519 2149 726 2220 πλῆθος
756 2149 993 2219 δοκίμων
1035 2151 1382 2220 στρατιωτῶν
1418 2150 1750 2219 συλλέξουσι,

172 2243 270 2298 καὶ
314 2245 756 2314 παραστήσουσιν
812 2243 925 2312 ἅμα
983 2243 1066 2294 σοὶ
1123 2243 1261 2295 κατὰ
1308 2242 1416 2295 τῶν
1459 2243 1751 2314 πολεμίων,

171 2332 317 2386 ὥστε
363 2334 457 2387 καὶ
503 2333 641 2403 ὑπὲρ
679 2333 777 2396 τὰς
813 2332 1106 2403 τριάκοντα
1137 2331 1380 2402 χιλιάδας
1420 2333 1755 2403 καταστῆναι

169 2425 301 2489 τοὺς
330 2424 640 2494 ὀφείλοντας
674 2423 933 2496 ἀνδρείως
966 2424 1061 2477 καὶ
1093 2422 1342 2494 εὐψύχως
1372 2425 1756 2496 ἐκστρατεύειν

172 2515 322 2573 κατὰ
347 2517 455 2570 τῶν
482 2515 712 2589 ἐχθρῶν.

251 2612 377 2682 ρνδ.
404 2613 514 2666 Καὶ
541 2612 711 2666 ταῦτα
746 2611 845 2682 μὲν
873 2612 1245 2682 διωρισάμεθα
1269 2615 1334 2684 τῇ
1359 2612 1512 2683 ὑμῶν
1547 2612 1755 2679 ἐνδοξόο

171 2721 322 2775 τητι,
359 2704 501 2775 τάχα
529 2704 646 2758 οὐδὲ
675 2704 859 2759 καινόν
882 2722 932 2757 τι
967 2706 998 2774 ἢ
1038 2705 1188 2775 παρὰ
1211 2705 1308 2775 τὴν
1347 2704 1504 2769 δόξαν
1534 2704 1752 2775 ἔχοντα·

174 2799 296 2854 ἀλλ’
325 2798 385 2864 ἐξ
421 2795 607 2864 ὧν,ὼς
637 2799 870 2870 εἴρηται,
896 2801 1008 2863 τοῖς
1040 2799 1414 2870 παλαιοτέροις
1445 2800 1756 2869 ἐντυχόντες

173 2891 643 2963 ὴνθολογήσαμεν,
676 2891 771 2944 καὶ
818 2891 1045 2963 μετρίαν
1080 2895 1277 2962 πεῖραν
1315 2891 1521 2945 ἐκεῖθεν
1574 2889 1761 2943 συλλέ·

173 2982 368 3050 ξαντες
393 2981 696 3054 συμφώνως
717 2984 947 3048 ἐκείνοις
969 2983 1349 3054 διεταξάμεθα.
1380 2984 1487 3036 Καὶ
1510 2985 1673 3055 ἕτερα
1700 2982 1756 3036 δὲ

172 3070 407 3125 πλεῖστα
435 3073 640 3144 δυνήσῃ
671 3073 920 3144 ἐφευρείν
944 3074 1191 3126 ἐντεῦθεν
1214 3074 1505 3144 λαμϐάνων
1537 3075 1632 3136 τὰς
1659 3076 1761 3144 ἀφ-

168 3161 373 3233 ορμὰς,
393 3161 555 3235 ἅπερ,
571 3163 644 3227 ὡς
668 3165 902 3235 εἴρηται,
921 3163 1040 3218 οὔτε
1064 3168 1293 3237 γράφειν
1308 3166 1429 3220 καθ’
1444 3165 1500 3220 ἓν
1517 3167 1758 3234 δυνατὸν,

166 3255 302 3310 οὔτε
328 3256 402 3328 τῷ
424 3258 648 3327 παρόντι
666 3259 997 3329 συντάγματι
1015 3261 1101 3312 διὰ
1117 3261 1213 3329 τὴν
1233 3260 1519 3331 συντομίαν
1547 3259 1761 3325 ἐντάξαι
1790 3288 1829 3344 C

168 3349 458 3421 ἁρμόδιον.
497 3350 642 3417 Ἐξδν
671 3351 727 3404 δέ
759 3369 837 3405 σοι
883 3351 1275 3421 φιλοπονοῦντι,
1304 3353 1399 3406 καὶ
1443 3354 1520 3424 τῷ
1564 3354 1757 3406 πλάτει

166 3442 292 3495 τῶν
320 3443 590 3497 τακτικῶν
623 3443 1073 3515 ἐμμελετήσαντι,
1105 3446 1201 3499 καὶ
1244 3432 1471 3500 τοιαῦτα
1504 3448 1598 3499 καὶ
1638 3445 1759 3499 τού-

172 3552 291 3590 των
314 3535 392 3588 ἔτι
422 3537 830 3610 δραστικώτερα
856 3539 950 3592 καὶ
975 3539 1397 3610 προσεπινοῆσαι
1417 3541 1509 3592 καὶ
1531 3539 1760 3610 διαπρά-

174 3628 380 3696 ξασθαι
425 3628 556 3684 Θεὸν
607 3630 781 3701 ἔχοντι
834 3630 1024 3700 βοηθὸν
1082 3631 1168 3684 διά
1214 3648 1272 3683 τε
1325 3632 1422 3702 τῆς
1476 3632 1554 3695 εἰς
1598 3632 1759 3685 αὑτὸν

177 3720 443 3789 πίστεως,
468 3722 682 3798 καὶιτῆς
710 3725 791 3788 εἰς
815 3725 913 3796 τὴν
940 3725 1212 3797 ἡμετέραν
1237 3723 1512 3794 βασιλείαν
1541 3725 1760 3797 ἀγάπης

176 3812 284 3866 καὶ
301 3811 625 3880 διαθέσεως.

679 4033 988 4091 ΔιΑτΑΞιΣ
1029 4035 1106 4090 te'
1134 4036 1270 4110 (99).

714 4167 851 4234 Περὶ
881 4167 1244 4236 ναυμαχίας.

256 4301 330 4350 α’.
364 4293 506 4363 Ἤδη
555 4293 648 4346 καὶ
691 4295 820 4364 περὶ
867 4293 1168 4365 ναυμαχίας
1204 4295 1588 4367 διαταξάμεθα,
1611 4298 1764 4353 οὐδὲν

187 4384 295 4456 μὶν
324 4388 384 4438 ἐν
415 4387 525 4449 τοῖς
548 4384 794 4448 παλαιοῖς
822 4390 1096 4451 τακτικοῖς
1133 4388 1258 4460 περὶ
1283 4389 1450 4459 αὐτῆς
1483 4408 1762 4445 κεκανονι-

190 4476 390 4549 σμένον
433 4478 718 4548 εὑρόντες,
754 4479 845 4546 ἀφ’
896 4472 970 4532 ὧν
1019 4480 1074 4532 δὲ
1116 4481 1390 4552 σποράδην
1428 4483 1762 4553 ἀνέγνωμεν,

187 4569 286 4624 καὶ
328 4569 415 4622 διὰ
459 4571 685 4641 μετρίας
738 4572 927 4641 πεῖρας
974 4571 1065 4624 τοῦ
1096 4572 1189 4626 νῦν
1223 4575 1436 4646 καιροῦ,
1467 4576 1616 4647 παρᾶ
1657 4578 1764 4632 τῶν

190 4661 456 4734 πλωῖμων
487 4663 807 4734 στρατηγῶν
835 4665 991 4734 ἡμῶν
1023 4643 1385 4736 ἁνεμάθομεν,
1428 4669 1494 4722 τὰ
1530 4643 1628 4740 μὲν
1667 4688 1764 4725 πε-
1800 4643 1842 4698 D

189 4754 521 4824 ποιηκότων,
561 4755 628 4808 τὰ
669 4755 724 4808 δὲ
763 4755 1128 4820 πεπονθότων,
1158 4756 1545 4828 ἀναλεξάμενοι
1594 4763 1767 4832 μικρά

190 4864 319 4900 τινα
382 4849 478 4901 καὶ
534 4849 655 4900 ὅσον
714 4848 947 4918 ἔμφασιν
1009 4847 1190 4903 δοῦναι
1252 4854 1362 4914 τοῖς
1411 4853 1505 4905 καὶ
1542 4855 1634 4907 ἐπὶ
1677 4854 1773 4908 θα-

190 4939 402 5010 λάσσης
445 4939 712 5010 μάχεσθαι
753 4941 840 4994 διὰ
872 4941 977 4993 τῶν
1015 4959 1144 4994 ποτε
1178 4941 1484 5013 λεγομένων
1510 4962 1632 5016 τριη
1643 4946 1769 5018 ρῶν,

190 5031 356 5086 νῦνδὲ
379 5031 670 5103 δρομώνων
700 5032 1068 5103 καλουμένων,
1092 5033 1367 5104 μέλλουσι,
1394 5037 1450 5088 ἐν
1475 5037 1674 5106 ὀλίγοις
1698 5037 1774 5092 δι-

194 5125 519 5195 ορισόμεθα.

268 5235 334 5305 β’.
385 5238 605 5310 Πρῶτον
659 5239 756 5307 μὲν
810 5233 922 5302 οὖν,
975 5231 1018 5291 ὧ
1063 5240 1159 5306 τῆς
1190 5240 1446 5310 ναυτικῆς
1487 5241 1769 5310 δυνάμεως

193 5331 470 5403 στρατη·γέ
505 5331 623 5401 (ἥδη
683 5331 790 5402 γὰρ
848 5331 944 5383 καὶ
997 5331 1131 5400 πρὸς
1199 5331 1255 5384 σὲ
1307 5332 1426 5385 δέον
1487 5333 1576 5386 τὸν
1615 5333 1772 5402 λόγον

196 5423 573 5494 ποιήσασθαι),
602 5424 698 5493 τῆς
727 5425 1068 5495 ναυμαχικῆς
1101 5425 1392 5495 ἐμπειρίας
1444 5426 1534 5478 καὶ
1567 5425 1770 5489 τάξεως

195 5517 538 5588 ἐπιστήμονά
568 5535 626 5571 σε
657 5513 795 5571 εἶναι
830 5517 1029 5588 χρεὼν,
1062 5520 1156 5570 καὶ
1185 5518 1282 5581 τὰς
1321 5520 1428 5572 τῶν
1472 5520 1647 5591 ἀέρων
1678 5519 1774 5574 καὶ

195 5607 308 5662 τῶν
339 5609 662 5680 πνευμάτων
687 5609 926 5680 κινήσεις
956 5609 1285 5679 προσκοπεῖν
1314 5627 1370 5662 τε
1406 5610 1499 5664 καὶ
1527 5610 1770 5679 προειδέ-

197 5719 288 5758 ναι
315 5701 403 5755 διὰ
425 5702 521 5772 τῆς
551 5700 661 5755 τῶν
692 5699 1030 5770 φαινομένων
1060 5700 1304 5770 ἀστέρων
1344 5702 1434 5754 καὶ
1462 5703 1518 5754 ἐν
1552 5702 1771 5773 ἄστροις

1857 683 2041 723 ranos.

1927 857 2051 914 153.
2096 857 2151 914 lu
2207 861 2522 919 cornistites
2564 872 2841 932 praeterea,
2894 874 2948 919 et
3001 868 3251 934 insidias,
3297 871 3424 926 relio

1855 967 2100 1022 quasque
2148 955 2422 1019 cohortes,
2478 973 2616 1024 quas
2670 974 2837 1028 supra
2886 963 3135 1030 recitavi,
3187 963 3420 1032 dividas,

1856 1040 2038 1112 itaque
2070 1043 2373 1100 instructus
2400 1055 2564 1116 atque
2592 1061 2888 1119 apparatus
2929 1055 3174 1120 prodibis
3195 1055 3266 1110 ad
3289 1072 3425 1112 con-

1856 1130 2145 1201 tligendum
2178 1151 2300 1188 cum
2328 1138 2670 1200 cursoribus,
2701 1139 2875 1203 idest,
2909 1143 3205 1210 proclastis
3237 1147 3425 1214 primae

1856 1225 2017 1287 aciei,
2075 1235 2129 1280 et
2171 1229 2580 1295 cornistitibus,
2608 1230 2657 1285 si
2691 1233 2766 1285 ita
2799 1249 2932 1288 usus
2971 1234 3128 1298 ferat,
3163 1241 3426 1307 quemad-

1856 1317 2078 1372 modum
2137 1319 2192 1374 in
2243 1336 2366 1391 cap.
2414 1321 2489 1376 De
2525 1323 2650 1378 belli
2692 1339 2951 1395 apparatu
3003 1329 3265 1384 diximus.
3327 1330 3424 1385 Sin

1857 1410 2042 1481 plures
2096 1411 2278 1468 adhuc
2321 1414 2508 1470 hostes
2547 1415 2776 1483 fuerint,
2831 1421 3135 1491 maiorique
3177 1426 3425 1479 exercitu

1855 1518 1997 1574 opus
2031 1504 2124 1568 sit,
2155 1504 2353 1576 reliqui
2403 1508 2647 1565 Orientis
2688 1511 2922 1581 praefemi
2956 1515 3072 1569 suis
3104 1531 3226 1570 cum
3253 1519 3429 1588 copiis

1857 1598 2040 1651 adsint
2083 1596 2150 1652 ad
2191 1598 2506 1669 hujusnzodi
2541 1617 2698 1656 usum
2748 1605 2951 1674 parati,
2999 1607 3052 1661 in
3102 1609 3302 1679 quibus
3333 1611 3428 1667 de-

1857 1689 1981 1744 lecti
2025 1691 2129 1745 viri
2177 1693 2244 1747 ab
2293 1693 2554 1762 improbis
2618 1705 2672 1751 et
2713 1697 2930 1768 ignavis
2975 1708 3319 1770 separentur,
3370 1714 3428 1759 ut

1859 1783 1914 1838 in
1968 1800 2301 1855 unoquoque
2349 1788 2608 1851 themate,
2657 1790 2711 1844 id
2749 1799 2854 1855 est,
2897 1801 3138 1860 caterva,
3192 1805 3429 1865 quatuor

1860 1876 2028 1931 millia
2080 1879 2326 1934 virorum
2381 1882 2513 1948 sint,
2564 1894 2787 1952 propter
2838 1885 3073 1939 militum
3112 1896 3428 1943 nostrorum

1856 1970 2171 2041 diligentem
2204 1975 2342 2029 hanc
2375 1974 2440 2028 ad
2479 1975 2707 2029 formam
2738 1977 3210 2043 exercitationem,
3245 1987 3298 2033 et
3333 1980 3426 2050 qui

1857 2065 2082 2134 spectati
2144 2066 2246 2120 viri
2326 2069 2646 2138 strenuique
2712 2069 2937 2136 fuerint,
2993 2069 3060 2124 ad
3117 2066 3427 2128 exercitum

1859 2168 2010 2211 tuum
2066 2162 2524 2229 aggregabuntur,
2561 2170 2615 2216 et
2668 2170 2848 2216 tecum
2906 2164 3094 2220 hostes
3139 2166 3431 2224 invadent.

1858 2251 2008 2308 Hane
2049 2253 2115 2306 ad
2161 2252 2393 2308 fortnam
2443 2256 2610 2310 etiam
2659 2258 2883 2328 triginta
2937 2257 3108 2313 millia
3144 2260 3424 2316 hominum

1858 2345 2058 2400 instrui
2107 2347 2160 2401 in
2210 2349 2327 2403 acie
2386 2359 2640 2418 possunt,
2692 2353 2758 2406 ad
2824 2352 3040 2408 fortiter
3097 2365 3150 2410 et
3203 2364 3429 2410 strenue

1858 2435 2115 2494 inimicos
2159 2441 2570 2511 oppugnandos.

1936 2606 2055 2660 154.
2098 2605 2221 2661 llaec
2269 2606 2522 2679 dignitati
2584 2619 2687 2664 tuae
2739 2611 2807 2666 iis
2857 2612 2924 2667 de
2973 2613 3138 2669 rebus
3189 2629 3433 2672 comme-

1860 2700 2218 2764 moravimus,
2252 2703 2306 2756 in
2357 2703 2559 2771 quibus
2614 2704 2748 2758 nihil
2782 2723 2982 2761 uorum
3033 2707 3287 2774 fortasse,
3334 2720 3428 2766 aut

1861 2801 2054 2861 praeter
2088 2792 2404 2864 opinionem
2435 2804 2582 2850 tuam
2626 2796 2892 2862 invenies,
2938 2800 3036 2856 sed
3081 2817 3199 2872 qua:
3229 2819 3293 2858 ex
3331 2820 3429 2858 an-

1862 2886 2028 2955 tiquis
2076 2888 2154 2942 rei
2208 2887 2464 2944 militaris
2519 2891 2884 2961 scriptoribus
2936 2893 3318 2962 delibmimus,
3372 2905 3427 2950 et

1863 2988 2049 3033 nostra
2096 2978 2357 3035 mediocri
2413 2982 2749 3053 experientia
2791 2985 3158 3054 percepimus,
3193 2985 3338 3040 bunc
3373 2986 3428 3043 in

1866 3069 2060 3123 librum
2114 3070 2358 3126 studiose
2407 3072 2751 3144 collegimus,
2794 3083 2956 3144 atque
3002 3077 3056 3129 in
3115 3092 3280 3130 unum
3333 3079 3432 3132 ad-

1865 3161 2144 3226 duximus,
2179 3165 2378 3232 quibus
2408 3172 2462 3217 ttt
2488 3179 2586 3233 pro
2618 3174 2705 3217 tua
2737 3166 3047 3234 prudentia,
3085 3167 3428 3237 ingenioque,

1865 3257 2156 3310 occasione
2199 3271 2264 3308 ex
2297 3255 2362 3310 iis
2401 3257 2608 3311 nostris
2640 3264 2885 3328 accepta,
2926 3259 3032 3312 alia
3059 3275 3279 3330 quoque
3304 3276 3431 3330 per-

1866 3347 2032 3399 multa
2068 3346 2135 3402 iis
2157 3346 2356 3401 similia
2382 3348 2629 3403 invenire
2660 3351 2885 3418 poteris,
2911 3367 3031 3420 quae
3059 3367 3235 3422 neque
3266 3353 3434 3408 simul

1864 3439 2053 3505 scribi,
2116 3456 2291 3510 neque
2352 3441 2405 3495 in
2463 3441 2607 3496 hunc
2665 3439 2858 3496 librum
2905 3444 3145 3499 conferri
3210 3457 3434 3518 propter

1865 3527 2260 3598 longitudinem
2312 3541 2580 3601 poterant.
2617 3531 2694 3585 Tu
2749 3548 2897 3598 vero,
2922 3534 3015 3604 qui
3049 3542 3100 3590 tc
3151 3544 3319 3590 totum
3368 3538 3436 3593 iis

1866 3623 2028 3677 rebus
2077 3639 2225 3678 nunc
2259 3624 2555 3690 tradidisti,
2590 3625 2760 3680 multa
2809 3627 2875 3683 iis
2910 3629 3224 3699 probatiora
3267 3639 3432 3700 atque

1865 3711 2169 3768 enieaciora
2221 3717 2536 3786 excogitare
2603 3724 2654 3772 ct
2716 3718 2985 3775 conﬁcere
3041 3719 3149 3775 Deo
3200 3722 3435 3792 propitio

1864 3805 2094 3872 poteris,
2145 3803 2190 3859 si
2258 3805 2414 3859 [idem
2473 3805 2526 3861 in
2576 3822 2700 3860 cum
2753 3806 2975 3875 habeas,
3027 3815 3078 3863 et
3135 3811 3434 3868 rectionem

1866 3903 2110 3951 nostram
2150 3897 2260 3951 ullo
2299 3899 2448 3951 cultu
2489 3913 2550 3952 ae
2600 3899 2948 3956 observantia
2991 3902 3361 3971 prosequaris.

2313 4025 2773 4082 CONSTITUTIO
2832 4026 2972 4082 XIX»

2383 4156 2456 4211 De
2499 4158 2678 4212 navali
2713 4158 2920 4227 pru‘lio.

1941 4291 1990 4345 l.
2047 4289 2236 4344 Restat
2282 4290 2414 4358 jam,
2455 4298 2511 4343 ut
2553 4289 2620 4345 de
2673 4289 2847 4344 navali
2899 4289 3085 4360 prtelio
3146 4290 3306 4344 verba
3355 4289 3437 4344 fa-

1869 4384 2100 4438 ciamus.
2134 4381 2278 4437 Nihil
2332 4391 2511 4436 autem
2563 4381 2628 4436 de
2663 4381 2730 4436 iis
2772 4381 2824 4434 in
2875 4382 3120 4451 antiquis
3164 4382 3238 4436 rei
3296 4382 3437 4436 mili-

1868 4474 2006 4528 taris
2041 4474 2403 4544 scriptoribus
2450 4472 2708 4526 traditum
2748 4473 3083 4539 iuvi-nimus;
3131 4487 3249 4542 qua:
3306 4488 3436 4529 vero

1869 4569 2099 4635 sparsim
2151 4565 2344 4621 diﬂ'usa
2395 4566 2646 4636 legimus,
2687 4566 2741 4617 et'
2775 4564 3035 4619 mediocri
3078 4580 3176 4619 usu
3211 4565 3310 4634 ipsi
3343 4581 3436 4619 co-

1872 4661 2184 4728 gnovimus,
2254 4673 2484 4728 qumque
2543 4657 2781 4728 praefecti
2838 4658 3010 4712 nostri
3065 4657 3256 4727 partim
3316 4659 3435 4713 aliis

1877 4753 2198 4819 inferentes,
2239 4752 2438 4823 partim
2488 4756 2554 4807 ab
2587 4753 2709 4806 aliis
2740 4751 3092 4820 accipientes,
3140 4750 3296 4806 nobis
3330 4767 3438 4804 ex-

1873 4848 2164 4918 plicarunt,
2191 4855 2246 4901 et
2277 4861 2398 4918 qua:
2435 4847 2781 4902 occasionem
2812 4846 3048 4914 aliquam
3081 4843 3271 4899 aﬂ'erre
3309 4861 3436 4913 pos-

1871 4952 2003 4997 sunt
2043 4942 2107 4995 ad
2151 4958 2260 4995 rem
2309 4942 2445 4996 bene
2489 4939 2868 5006 drmnOnibus,
2903 4937 2954 4992 id
2988 4947 3089 5005 est,
3121 4940 3438 4995 triremibus

1873 5033 2190 5103 gerendam,
2239 5049 2302 5088 ea
2350 5033 2539 5105 paucis
2583 5016 2890 5103 explicabo.

1945 5241 1999 5296 2.
2042 5239 2283 5295 Pritnum
2334 5248 2514 5293 autent
2549 5237 2698 5310 (nam
2753 5239 2816 5293 ad
2867 5247 2915 5293 te
2946 5253 3113 5304 nunc,
3146 5239 3437 5306 navarcbc,

1875 5335 2035 5388 verba
2073 5333 2320 5388 facienda
2367 5333 2516 5398 sunt)
2543 5333 2616 5386 rei
2646 5331 2854 5386 navalis
2883 5334 3075 5402 peritia
3133 5346 3197 5385 ac
3231 5332 3435 5386 instru-

1873 5430 2053 5482 ctionc
2101 5427 2300 5496 pollere
2330 5436 2379 5480 te
2405 5432 2639 5492 oportet,
2687 5433 2738 5477 et
2771 5427 2930 5489 aeris,
2963 5435 3244 5478 ventorum
3281 5424 3440 5477 ﬂatus

1875 5535 2240 5591 praenoscere,
2280 5535 2374 5589 per
2404 5519 2682 5574 stellarum
2717 5517 3092 5587 apparentinm
3128 5527 3353 5577 motum,
3389 5527 3442 5569 et

1880 5622 2152 5669 astrorum
2191 5611 2367 5681 signa,
2392 5610 2869 5680 tempestivitatum
2899 5609 3063 5661 etiam
3090 5608 3439 5661 mutationem

1879 5703 2119 5774 perfecte
2165 5717 2488 5772 cognoscas,
2539 5709 2594 5753 ut
2642 5701 2685 5752 si
2737 5699 3009 5768 perfectus
3059 5697 3126 5754 iis
3171 5697 3225 5753 in
3280 5696 3444 5752 rebus

1733 5880 1962 5938 ΝΟΤᾹΞ.

278 5980 391 6056 (98)
427 5980 714 6054 Τάτμιιτα.
749 5981 1126 6055 Scribebatur,
1162 5983 1429 6054 δόγματα.

1961 5977 2068 6048 (99)
2097 5974 2154 6031 ln
2194 5974 2383 6032 codice
2418 5973 2677 6029 Laurent.
2712 5981 2795 6029 est
2825 5987 2945 6044 cap.
2981 5970 3073 6027 20.
