  <div class='ocr_page' id='page_1' title='image "/cluster/home/n/w/nwhite01/storage/ocr_20150623/107/mdp.39015028571910/540.png"; bbox 0 0 4036 6300; ppageno 0'>
   <div class='ocr_carea' id='block_1_1' title="bbox 288 382 394 444">
    <p class='ocr_par' dir='ltr' id='par_1_1' title="bbox 288 382 394 444">
     <span class='ocr_line' id='line_1_1' title="bbox 288 382 394 444; baseline 0 0"><span class='ocrx_word' id='word_1_1' title='bbox 288 382 394 444; x_wconf 79' lang='lat'>993</span> 
     </span>
    </p>
   </div>
   <div class='ocr_carea' id='block_1_2' title="bbox 1336 363 2513 429">
    <p class='ocr_par' dir='ltr' id='par_1_2' title="bbox 1336 363 2513 429">
     <span class='ocr_line' id='line_1_2' title="bbox 1336 363 2513 429; baseline -0.003 0"><span class='ocrx_word' id='word_1_2' title='bbox 1336 367 1675 429; x_wconf 76' lang='lat' dir='ltr'>TACTICA.</span> <span class='ocrx_word' id='word_1_3' title='bbox 1717 391 1782 402; x_wconf 90' lang='grc'>-·</span> <span class='ocrx_word' id='word_1_4' title='bbox 1823 363 2325 428; x_wconf 87' lang='lat' dir='ltr'>CONSTITUTIO</span> <span class='ocrx_word' id='word_1_5' title='bbox 2354 365 2513 427; x_wconf 77' lang='lat' dir='ltr'><strong>XIX.</strong></span> 
     </span>
    </p>
   </div>
   <div class='ocr_carea' id='block_1_3' title="bbox 3434 362 3536 425">
    <p class='ocr_par' dir='ltr' id='par_1_3' title="bbox 3434 362 3536 425">
     <span class='ocr_line' id='line_1_3' title="bbox 3434 362 3536 425; baseline -0.029 0"><span class='ocrx_word' id='word_1_6' title='bbox 3434 362 3536 425; x_wconf 66' lang='lat' dir='ltr'>9M</span> 
     </span>
    </p>
   </div>
   <div class='ocr_carea' id='block_1_4' title="bbox 294 484 1889 566">
    <p class='ocr_par' dir='ltr' id='par_1_4' title="bbox 294 484 1868 566">
     <span class='ocr_line' id='line_1_4' title="bbox 294 484 1868 566; baseline -0.006 -17"><span class='ocrx_word' id='word_1_7' title='bbox 294 492 765 566; x_wconf 83' lang='grc' dir='ltr'>κωπηλατοῦντες,</span> <span class='ocrx_word' id='word_1_8' title='bbox 796 485 875 556; x_wconf 72' lang='grc' dir='ltr'>εἷς</span> <span class='ocrx_word' id='word_1_9' title='bbox 903 489 1000 561; x_wconf 76' lang='grc' dir='ltr'>μὲν</span> <span class='ocrx_word' id='word_1_10' title='bbox 1029 487 1200 555; x_wconf 70' lang='grc' dir='ltr'>δεξιὰ,</span> <span class='ocrx_word' id='word_1_11' title='bbox 1236 484 1313 552; x_wconf 72' lang='grc' dir='ltr'>εἷς</span> <span class='ocrx_word' id='word_1_12' title='bbox 1355 488 1410 541; x_wconf 78' lang='grc' dir='ltr'>δὲ</span> <span class='ocrx_word' id='word_1_13' title='bbox 1439 487 1722 560; x_wconf 72' lang='grc' dir='ltr'>ἀριστερά,</span> <span class='ocrx_word' id='word_1_14' title='bbox 1780 486 1868 551; x_wconf 83' lang='grc' dir='ltr'>Ὦς</span> 
     </span>
    </p>
   </div>
   <div class='ocr_carea' id='block_1_5' title="bbox 1993 484 3528 566">
    <p class='ocr_par' dir='ltr' id='par_1_5' title="bbox 1993 484 3528 558">
     <span class='ocr_line' id='line_1_5' title="bbox 1993 484 3528 558; baseline 0 -22"><span class='ocrx_word' id='word_1_15' title='bbox 1993 486 2137 554; x_wconf 88' lang='lat' dir='ltr'><strong>urio,</strong></span> <span class='ocrx_word' id='word_1_16' title='bbox 2191 492 2245 542; x_wconf 86' lang='lat' dir='ltr'>et</span> <span class='ocrx_word' id='word_1_17' title='bbox 2277 486 2371 558; x_wconf 86' lang='lat' dir='ltr'>qui</span> <span class='ocrx_word' id='word_1_18' title='bbox 2400 484 2674 541; x_wconf 84' lang='lat' dir='ltr'><strong>llamulnm</strong></span> <span class='ocrx_word' id='word_1_19' title='bbox 2710 492 2874 551; x_wconf 90' lang='lat' dir='ltr'><strong>tenet,</strong></span> <span class='ocrx_word' id='word_1_20' title='bbox 2906 494 2957 540; x_wconf 91' lang='lat' dir='ltr'>ct</span> <span class='ocrx_word' id='word_1_21' title='bbox 2986 484 3095 540; x_wconf 90' lang='lat' dir='ltr'>duo</span> <span class='ocrx_word' id='word_1_22' title='bbox 3133 486 3528 555; x_wconf 76' lang='lat' dir='ltr'>gubernatores</span> 
     </span>
    </p>
   </div>
   <div class='ocr_carea' id='block_1_6' title="bbox 295 576 1874 651">
    <p class='ocr_par' dir='ltr' id='par_1_6' title="bbox 295 576 1874 651">
     <span class='ocr_line' id='line_1_6' title="bbox 295 576 1874 651; baseline -0.007 -13"><span class='ocrx_word' id='word_1_23' title='bbox 295 582 436 640; x_wconf 74' lang='grc' dir='ltr'>εἶναι</span> <span class='ocrx_word' id='word_1_24' title='bbox 466 584 591 645; x_wconf 75' lang='grc' dir='ltr'>τοὺς</span> <span class='ocrx_word' id='word_1_25' title='bbox 622 581 868 643; x_wconf 71' lang='grc' dir='ltr'>ἅπαντας</span> <span class='ocrx_word' id='word_1_26' title='bbox 888 579 1216 651; x_wconf 67' lang='grc' dir='ltr'>κωπηλάταις</span> <span class='ocrx_word' id='word_1_27' title='bbox 1245 578 1379 649; x_wconf 84' lang='grc' dir='ltr'>ὁμοῦ</span> <span class='ocrx_word' id='word_1_28' title='bbox 1411 577 1651 641; x_wconf 76' lang='grc' dir='ltr'>καὶτοὺς</span> <span class='ocrx_word' id='word_1_29' title='bbox 1680 576 1874 640; x_wconf 74' lang='grc' dir='ltr'>αὐτοὺς</span> 
     </span>
    </p>
   </div>
   <div class='ocr_carea' id='block_1_7' title="bbox 294 669 1875 747">
    <p class='ocr_par' dir='ltr' id='par_1_7' title="bbox 294 669 1875 747">
     <span class='ocr_line' id='line_1_7' title="bbox 294 669 1875 747; baseline -0.006 -15"><span class='ocrx_word' id='word_1_30' title='bbox 294 679 390 732; x_wconf 72' lang='grc' dir='ltr'>καὶ</span> <span class='ocrx_word' id='word_1_31' title='bbox 420 675 757 747; x_wconf 78' lang='grc' dir='ltr'>στρατιώτας</span> <span class='ocrx_word' id='word_1_32' title='bbox 800 673 925 738; x_wconf 80' lang='grc' dir='ltr'>τούς</span> <span class='ocrx_word' id='word_1_33' title='bbox 959 691 1016 727; x_wconf 85' lang='grc' dir='ltr'>τε</span> <span class='ocrx_word' id='word_1_34' title='bbox 1052 673 1164 728; x_wconf 80' lang='grc' dir='ltr'>ἀνω</span> <span class='ocrx_word' id='word_1_35' title='bbox 1199 672 1294 726; x_wconf 70' lang='grc' dir='ltr'>καὶ</span> <span class='ocrx_word' id='word_1_36' title='bbox 1331 672 1457 735; x_wconf 79' lang='grc' dir='ltr'>τοὺς</span> <span class='ocrx_word' id='word_1_37' title='bbox 1492 671 1641 724; x_wconf 83' lang='grc' dir='ltr'>κάτω</span> <span class='ocrx_word' id='word_1_38' title='bbox 1678 669 1875 742; x_wconf 78' lang='grc' dir='ltr'>ἄνδρας</span> 
     </span>
    </p>
   </div>
   <div class='ocr_carea' id='block_1_8' title="bbox 294 760 1873 837">
    <p class='ocr_par' dir='ltr' id='par_1_8' title="bbox 294 760 1873 837">
     <span class='ocr_line' id='line_1_8' title="bbox 294 760 1873 837; baseline -0.006 -15"><span class='ocrx_word' id='word_1_39' title='bbox 294 769 508 824; x_wconf 78' lang='grc' dir='ltr'>ἑκατόν.</span> <span class='ocrx_word' id='word_1_40' title='bbox 538 769 682 834; x_wconf 75' lang='grc' dir='ltr'>Ἔξω</span> <span class='ocrx_word' id='word_1_41' title='bbox 707 767 763 820; x_wconf 84' lang='grc' dir='ltr'>δὲ</span> <span class='ocrx_word' id='word_1_42' title='bbox 791 765 992 823; x_wconf 79' lang='grc' dir='ltr'>τούτων</span> <span class='ocrx_word' id='word_1_43' title='bbox 1021 765 1120 837; x_wconf 82' lang='grc' dir='ltr'>τὴν</span> <span class='ocrx_word' id='word_1_44' title='bbox 1147 764 1442 835; x_wconf 76' lang='grc' dir='ltr'>κένταρχον</span> <span class='ocrx_word' id='word_1_45' title='bbox 1461 760 1554 815; x_wconf 87' lang='grc' dir='ltr'>τοῦ</span> <span class='ocrx_word' id='word_1_46' title='bbox 1576 760 1873 832; x_wconf 86' lang='grc' dir='ltr'>δρόμωνος,</span> 
     </span>
    </p>
   </div>
   <div class='ocr_carea' id='block_1_9' title="bbox 297 852 1876 929">
    <p class='ocr_par' dir='ltr' id='par_1_9' title="bbox 297 852 1876 929">
     <span class='ocr_line' id='line_1_9' title="bbox 297 852 1876 929; baseline -0.008 -14"><span class='ocrx_word' id='word_1_47' title='bbox 297 861 390 916; x_wconf 84' lang='grc' dir='ltr'>καὶ</span> <span class='ocrx_word' id='word_1_48' title='bbox 442 861 532 914; x_wconf 82' lang='grc' dir='ltr'>τὸν</span> <span class='ocrx_word' id='word_1_49' title='bbox 582 861 644 913; x_wconf 77' lang='grc' dir='ltr'>τὸ</span> <span class='ocrx_word' id='word_1_50' title='bbox 701 858 1007 929; x_wconf 77' lang='grc' dir='ltr'>φλάμουλον</span> <span class='ocrx_word' id='word_1_51' title='bbox 1040 855 1360 928; x_wconf 74' lang='grc' dir='ltr'>κατέχοντα,</span> <span class='ocrx_word' id='word_1_52' title='bbox 1391 854 1637 916; x_wconf 72' lang='grc' dir='ltr'>καὶτοὺς</span> <span class='ocrx_word' id='word_1_53' title='bbox 1660 852 1753 905; x_wconf 80' lang='grc' dir='ltr'>δύο</span> <span class='ocrx_word' id='word_1_54' title='bbox 1781 868 1876 904; x_wconf 80' lang='grc' dir='ltr'>κυ-</span> 
     </span>
    </p>
   </div>
   <div class='ocr_carea' id='block_1_10' title="bbox 296 942 1877 1024">
    <p class='ocr_par' dir='ltr' id='par_1_10' title="bbox 296 942 1877 1024">
     <span class='ocr_line' id='line_1_10' title="bbox 296 942 1877 1024; baseline -0.005 -20"><span class='ocrx_word' id='word_1_55' title='bbox 296 953 568 1024; x_wconf 69' lang='grc' dir='ltr'>ϐερνήτας</span> <span class='ocrx_word' id='word_1_56' title='bbox 610 951 717 1003; x_wconf 73' lang='grc' dir='ltr'>τῶν</span> <span class='ocrx_word' id='word_1_57' title='bbox 761 948 855 1007; x_wconf 84' lang='grc' dir='ltr'>τοῦ</span> <span class='ocrx_word' id='word_1_58' title='bbox 907 947 1183 1017; x_wconf 79' lang='grc' dir='ltr'>δρόμωνος</span> <span class='ocrx_word' id='word_1_59' title='bbox 1223 945 1487 1015; x_wconf 77' lang='grc' dir='ltr'>αὐχένων,</span> <span class='ocrx_word' id='word_1_60' title='bbox 1519 942 1610 1006; x_wconf 82' lang='grc' dir='ltr'>οὒς</span> <span class='ocrx_word' id='word_1_61' title='bbox 1650 942 1877 997; x_wconf 83' lang='grc' dir='ltr'>καλοῦσι</span> 
     </span>
    </p>
   </div>
   <div class='ocr_carea' id='block_1_11' title="bbox 299 1034 1877 1116">
    <p class='ocr_par' dir='ltr' id='par_1_11' title="bbox 299 1034 1877 1116">
     <span class='ocr_line' id='line_1_11' title="bbox 299 1034 1877 1116; baseline -0.007 -17"><span class='ocrx_word' id='word_1_62' title='bbox 299 1045 398 1099; x_wconf 67' lang='grc' dir='ltr'>καὶ</span> <span class='ocrx_word' id='word_1_63' title='bbox 453 1042 933 1116; x_wconf 77' lang='grc' dir='ltr'>πρωτοκαράόους.</span> <span class='ocrx_word' id='word_1_64' title='bbox 981 1039 1089 1093; x_wconf 72' lang='grc' dir='ltr'>Καὶ</span> <span class='ocrx_word' id='word_1_65' title='bbox 1135 1039 1188 1092; x_wconf 78' lang='grc' dir='ltr'>ετ</span> <span class='ocrx_word' id='word_1_66' title='bbox 1222 1055 1343 1092; x_wconf 87' lang='grc' dir='ltr'>τινα</span> <span class='ocrx_word' id='word_1_67' title='bbox 1387 1037 1506 1093; x_wconf 81' lang='grc' dir='ltr'>δέον</span> <span class='ocrx_word' id='word_1_68' title='bbox 1546 1037 1627 1103; x_wconf 73' lang='grc' dir='ltr'>εἰς</span> <span class='ocrx_word' id='word_1_69' title='bbox 1661 1036 1757 1108; x_wconf 80' lang='grc' dir='ltr'>τὴν</span> <span class='ocrx_word' id='word_1_70' title='bbox 1783 1034 1877 1089; x_wconf 84' lang='grc' dir='ltr'>τοῦ</span> 
     </span>
    </p>
   </div>
   <div class='ocr_carea' id='block_1_12' title="bbox 299 1126 1880 1209">
    <p class='ocr_par' dir='ltr' id='par_1_12' title="bbox 299 1126 1880 1209">
     <span class='ocr_line' id='line_1_12' title="bbox 299 1126 1880 1209; baseline -0.008 -19"><span class='ocrx_word' id='word_1_71' title='bbox 299 1137 599 1209; x_wconf 83' lang='grc' dir='ltr'>κεντᾴρχου</span> <span class='ocrx_word' id='word_1_72' title='bbox 659 1132 990 1204; x_wconf 78' lang='grc' dir='ltr'>ὑπηρεσίαν·</span> <span class='ocrx_word' id='word_1_73' title='bbox 1043 1131 1150 1184; x_wconf 87' lang='grc' dir='ltr'>τῶν</span> <span class='ocrx_word' id='word_1_74' title='bbox 1187 1130 1244 1183; x_wconf 82' lang='grc' dir='ltr'>δὲ</span> <span class='ocrx_word' id='word_1_75' title='bbox 1277 1126 1540 1200; x_wconf 73' lang='grc' dir='ltr'>πρωρέων</span> <span class='ocrx_word' id='word_1_76' title='bbox 1583 1126 1788 1186; x_wconf 81' lang='grc' dir='ltr'>έλατῶν</span> <span class='ocrx_word' id='word_1_77' title='bbox 1828 1126 1880 1179; x_wconf 85' lang='lat' dir='ltr'>ol.</span> 
     </span>
    </p>
   </div>
   <div class='ocr_carea' id='block_1_13' title="bbox 303 1220 1880 1296">
    <p class='ocr_par' dir='ltr' id='par_1_13' title="bbox 303 1220 1880 1296">
     <span class='ocr_line' id='line_1_13' title="bbox 303 1220 1880 1296; baseline -0.006 -14"><span class='ocrx_word' id='word_1_78' title='bbox 303 1230 609 1283; x_wconf 80' lang='grc' dir='ltr'>τελευταῖοι</span> <span class='ocrx_word' id='word_1_79' title='bbox 667 1226 762 1280; x_wconf 86' lang='grc' dir='ltr'>δύο</span> <span class='ocrx_word' id='word_1_80' title='bbox 811 1228 838 1280; x_wconf 87' lang='grc' dir='ltr'>ὁ</span> <span class='ocrx_word' id='word_1_81' title='bbox 881 1225 981 1296; x_wconf 83' lang='grc' dir='ltr'>μὲν</span> <span class='ocrx_word' id='word_1_82' title='bbox 1020 1223 1160 1277; x_wconf 80' lang='grc' dir='ltr'>ἔστω</span> <span class='ocrx_word' id='word_1_83' title='bbox 1185 1223 1531 1292; x_wconf 79' lang='grc' dir='ltr'>σιφωνάτωρ,</span> <span class='ocrx_word' id='word_1_84' title='bbox 1562 1222 1589 1274; x_wconf 82' lang='grc' dir='ltr'>ὁ</span> <span class='ocrx_word' id='word_1_85' title='bbox 1618 1221 1672 1274; x_wconf 84' lang='grc' dir='ltr'>δὲ</span> <span class='ocrx_word' id='word_1_86' title='bbox 1696 1220 1880 1292; x_wconf 80' lang='grc' dir='ltr'>ἕτερος</span> 
     </span>
    </p>
   </div>
   <div class='ocr_carea' id='block_1_14' title="bbox 302 1310 1881 1388">
    <p class='ocr_par' dir='ltr' id='par_1_14' title="bbox 302 1310 1881 1388">
     <span class='ocr_line' id='line_1_14' title="bbox 302 1310 1881 1388; baseline -0.007 -14"><span class='ocrx_word' id='word_1_87' title='bbox 302 1322 332 1374; x_wconf 86' lang='grc' dir='ltr'><strong>ὁ</strong></span> <span class='ocrx_word' id='word_1_88' title='bbox 367 1321 466 1382; x_wconf 73' lang='grc' dir='ltr'>τὰς</span> <span class='ocrx_word' id='word_1_89' title='bbox 496 1317 746 1388; x_wconf 80' lang='grc' dir='ltr'>ἀγκύρας</span> <span class='ocrx_word' id='word_1_90' title='bbox 782 1317 990 1388; x_wconf 79' lang='grc' dir='ltr'>βάλλων</span> <span class='ocrx_word' id='word_1_91' title='bbox 1013 1315 1154 1369; x_wconf 85' lang='grc' dir='ltr'>κατὰ</span> <span class='ocrx_word' id='word_1_92' title='bbox 1186 1314 1489 1368; x_wconf 77' lang='grc' dir='ltr'>θάλασσαν·</span> <span class='ocrx_word' id='word_1_93' title='bbox 1524 1311 1666 1364; x_wconf 80' lang='grc' dir='ltr'>ἔστω</span> <span class='ocrx_word' id='word_1_94' title='bbox 1691 1310 1748 1364; x_wconf 79' lang='grc' dir='ltr'>δὲ</span> <span class='ocrx_word' id='word_1_95' title='bbox 1785 1311 1881 1364; x_wconf 75' lang='grc' dir='ltr'>καὶ</span> 
     </span>
    </p>
   </div>
   <div class='ocr_carea' id='block_1_15' title="bbox 298 1401 1874 1484">
    <p class='ocr_par' dir='ltr' id='par_1_15' title="bbox 298 1401 1874 1484">
     <span class='ocr_line' id='line_1_15' title="bbox 298 1401 1874 1484; baseline -0.009 -17"><span class='ocrx_word' id='word_1_96' title='bbox 298 1414 328 1467; x_wconf 84' lang='grc' dir='ltr'><strong>ὁ</strong></span> <span class='ocrx_word' id='word_1_97' title='bbox 358 1412 609 1484; x_wconf 80' lang='grc' dir='ltr'>πρωρεὺς</span> <span class='ocrx_word' id='word_1_98' title='bbox 642 1412 753 1465; x_wconf 81' lang='grc' dir='ltr'>ἄνω</span> <span class='ocrx_word' id='word_1_99' title='bbox 780 1427 880 1462; x_wconf 85' lang='grc' dir='ltr'>που</span> <span class='ocrx_word' id='word_1_100' title='bbox 914 1409 1012 1478; x_wconf 78' lang='grc' dir='ltr'>τῆς</span> <span class='ocrx_word' id='word_1_101' title='bbox 1043 1406 1264 1478; x_wconf 79' lang='grc' dir='ltr'>πρώρας</span> <span class='ocrx_word' id='word_1_102' title='bbox 1298 1405 1605 1475; x_wconf 76' lang='grc' dir='ltr'>καθήμενος</span> <span class='ocrx_word' id='word_1_103' title='bbox 1633 1401 1874 1468; x_wconf 76' lang='grc' dir='ltr'>ἔνοπλος,</span> 
     </span>
    </p>
   </div>
   <div class='ocr_carea' id='block_1_16' title="bbox 299 1497 1877 1575">
    <p class='ocr_par' dir='ltr' id='par_1_16' title="bbox 299 1497 1877 1575">
     <span class='ocr_line' id='line_1_16' title="bbox 299 1497 1877 1575; baseline -0.008 -13"><span class='ocrx_word' id='word_1_104' title='bbox 299 1508 395 1562; x_wconf 73' lang='grc' dir='ltr'>καὶ</span> <span class='ocrx_word' id='word_1_105' title='bbox 417 1508 446 1563; x_wconf 82' lang='grc' dir='ltr'>ὁ</span> <span class='ocrx_word' id='word_1_106' title='bbox 466 1505 559 1559; x_wconf 88' lang='grc' dir='ltr'>τοῦ</span> <span class='ocrx_word' id='word_1_107' title='bbox 589 1504 860 1575; x_wconf 80' lang='grc' dir='ltr'>ναυάρχου</span> <span class='ocrx_word' id='word_1_108' title='bbox 893 1502 950 1555; x_wconf 74' lang='grc' dir='ltr'>δὲ</span> <span class='ocrx_word' id='word_1_109' title='bbox 977 1504 1094 1573; x_wconf 75' lang='grc' dir='ltr'>ἢτοι</span> <span class='ocrx_word' id='word_1_110' title='bbox 1124 1500 1217 1555; x_wconf 88' lang='grc' dir='ltr'>τοῦ</span> <span class='ocrx_word' id='word_1_111' title='bbox 1244 1500 1541 1572; x_wconf 85' lang='grc' dir='ltr'>κεντάρχου</span> <span class='ocrx_word' id='word_1_112' title='bbox 1571 1497 1877 1569; x_wconf 79' lang='grc' dir='ltr'>κράὗϐατος</span> 
     </span>
    </p>
   </div>
   <div class='ocr_carea' id='block_1_17' title="bbox 1972 578 3537 651">
    <p class='ocr_par' dir='ltr' id='par_1_17' title="bbox 1972 578 3537 651">
     <span class='ocr_line' id='line_1_17' title="bbox 1972 578 3537 651; baseline 0 -19"><span class='ocrx_word' id='word_1_113' title='bbox 1972 578 2097 632; x_wconf 91' lang='lat' dir='ltr'><strong>colli</strong></span> <span class='ocrx_word' id='word_1_114' title='bbox 2146 578 2409 642; x_wconf 89' lang='lat' dir='ltr'><strong>triremis,</strong></span> <span class='ocrx_word' id='word_1_115' title='bbox 2463 593 2603 649; x_wconf 86' lang='lat' dir='ltr'><strong>quos</strong></span> <span class='ocrx_word' id='word_1_116' title='bbox 2637 578 3092 651; x_wconf 81' lang='grc' dir='ltr'>πρωτοκαράϐους</span> <span class='ocrx_word' id='word_1_117' title='bbox 3125 588 3340 643; x_wconf 85' lang='lat' dir='ltr'><strong>vocant,</strong></span> <span class='ocrx_word' id='word_1_118' title='bbox 3387 587 3440 634; x_wconf 90' lang='lat' dir='ltr'>et</span> <span class='ocrx_word' id='word_1_119' title='bbox 3491 580 3537 633; x_wconf 90' lang='lat' dir='ltr'>si</span> 
     </span>
    </p>
   </div>
   <div class='ocr_carea' id='block_1_18' title="bbox 1971 668 3540 740">
    <p class='ocr_par' dir='ltr' id='par_1_18' title="bbox 1971 668 3540 740">
     <span class='ocr_line' id='line_1_18' title="bbox 1971 668 3540 740; baseline 0 -17"><span class='ocrx_word' id='word_1_120' title='bbox 1971 670 2098 740; x_wconf 84' lang='lat' dir='ltr'><strong>quis</strong></span> <span class='ocrx_word' id='word_1_121' title='bbox 2127 668 2268 725; x_wconf 86' lang='lat' dir='ltr'><strong>alius</strong></span> <span class='ocrx_word' id='word_1_122' title='bbox 2308 669 2633 726; x_wconf 82' lang='lat' dir='ltr'>administer</span> <span class='ocrx_word' id='word_1_123' title='bbox 2673 669 3015 726; x_wconf 73' lang='lat' dir='ltr'>centurionis</span> <span class='ocrx_word' id='word_1_124' title='bbox 3046 678 3149 726; x_wconf 88' lang='lat' dir='ltr'><strong>est.</strong></span> <span class='ocrx_word' id='word_1_125' title='bbox 3181 669 3255 724; x_wconf 78' lang='lat' dir='ltr'><strong>Ex</strong></span> <span class='ocrx_word' id='word_1_126' title='bbox 3296 671 3362 726; x_wconf 86' lang='lat' dir='ltr'>iis</span> <span class='ocrx_word' id='word_1_127' title='bbox 3395 672 3540 740; x_wconf 86' lang='lat' dir='ltr'><strong>regi-</strong></span> 
     </span>
    </p>
   </div>
   <div class='ocr_carea' id='block_1_19' title="bbox 1972 762 3543 834">
    <p class='ocr_par' dir='ltr' id='par_1_19' title="bbox 1972 762 3543 834">
     <span class='ocr_line' id='line_1_19' title="bbox 1972 762 3543 834; baseline 0 -16"><span class='ocrx_word' id='word_1_128' title='bbox 1972 762 2098 825; x_wconf 87' lang='lat' dir='ltr'><strong>h’us,</strong></span> <span class='ocrx_word' id='word_1_129' title='bbox 2134 777 2228 832; x_wconf 89' lang='lat' dir='ltr'>qut</span> <span class='ocrx_word' id='word_1_130' title='bbox 2260 762 2313 816; x_wconf 93' lang='lat' dir='ltr'>in</span> <span class='ocrx_word' id='word_1_131' title='bbox 2349 762 2514 834; x_wconf 87' lang='lat' dir='ltr'><strong>puppi</strong></span> <span class='ocrx_word' id='word_1_132' title='bbox 2547 770 2697 830; x_wconf 85' lang='lat' dir='ltr'><strong>sunt,</strong></span> <span class='ocrx_word' id='word_1_133' title='bbox 2740 765 2967 819; x_wconf 82' lang='lat' dir='ltr'><strong>extremi</strong></span> <span class='ocrx_word' id='word_1_134' title='bbox 3020 763 3128 819; x_wconf 91' lang='lat' dir='ltr'>duo</span> <span class='ocrx_word' id='word_1_135' title='bbox 3180 765 3290 820; x_wconf 87' lang='lat' dir='ltr'><strong>sint</strong></span> <span class='ocrx_word' id='word_1_136' title='bbox 3344 783 3358 820; x_wconf 90' lang='lat'><strong>:</strong></span> <span class='ocrx_word' id='word_1_137' title='bbox 3406 765 3543 820; x_wconf 86' lang='lat' dir='ltr'><strong>alter</strong></span> 
     </span>
    </p>
   </div>
   <div class='ocr_carea' id='block_1_20' title="bbox 1973 856 3544 928">
    <p class='ocr_par' dir='ltr' id='par_1_20' title="bbox 1973 856 3544 928">
     <span class='ocr_line' id='line_1_20' title="bbox 1973 856 3544 928; baseline 0.001 -18"><span class='ocrx_word' id='word_1_138' title='bbox 1973 856 2317 925; x_wconf 79' lang='lat' dir='ltr'><strong>siphonator,</strong></span> <span class='ocrx_word' id='word_1_139' title='bbox 2377 856 2513 911; x_wconf 82' lang='lat' dir='ltr'><strong>alter</strong></span> <span class='ocrx_word' id='word_1_140' title='bbox 2566 857 2660 928; x_wconf 86' lang='lat' dir='ltr'><strong>qui</strong></span> <span class='ocrx_word' id='word_1_141' title='bbox 2705 858 3000 912; x_wconf 79' lang='lat' dir='ltr'><strong>aucltoram</strong></span> <span class='ocrx_word' id='word_1_142' title='bbox 3054 859 3110 912; x_wconf 90' lang='lat' dir='ltr'>in</span> <span class='ocrx_word' id='word_1_143' title='bbox 3161 873 3308 913; x_wconf 85' lang='lat' dir='ltr'><strong>mare</strong></span> <span class='ocrx_word' id='word_1_144' title='bbox 3355 857 3544 928; x_wconf 81' lang='lat' dir='ltr'><strong>jaciat.</strong></span> 
     </span>
    </p>
   </div>
   <div class='ocr_carea' id='block_1_21' title="bbox 1978 947 3543 1020">
    <p class='ocr_par' dir='ltr' id='par_1_21' title="bbox 1978 947 3543 1020">
     <span class='ocr_line' id='line_1_21' title="bbox 1978 947 3543 1020; baseline 0.001 -18"><span class='ocrx_word' id='word_1_145' title='bbox 1978 947 2061 1002; x_wconf 87' lang='lat' dir='ltr'><strong>Sit</strong></span> <span class='ocrx_word' id='word_1_146' title='bbox 2110 955 2165 1003; x_wconf 88' lang='lat' dir='ltr'>et</span> <span class='ocrx_word' id='word_1_147' title='bbox 2196 957 2438 1016; x_wconf 80' lang='lat' dir='ltr'><strong>proreta,</strong></span> <span class='ocrx_word' id='word_1_148' title='bbox 2480 949 2533 1002; x_wconf 90' lang='lat' dir='ltr'>in</span> <span class='ocrx_word' id='word_1_149' title='bbox 2571 963 2786 1004; x_wconf 88' lang='lat' dir='ltr'><strong>summa</strong></span> <span class='ocrx_word' id='word_1_150' title='bbox 2819 957 2973 1020; x_wconf 88' lang='lat' dir='ltr'><strong>parte</strong></span> <span class='ocrx_word' id='word_1_151' title='bbox 3022 965 3197 1019; x_wconf 84' lang='lat' dir='ltr'><strong>prorae</strong></span> <span class='ocrx_word' id='word_1_152' title='bbox 3226 949 3424 1006; x_wconf 89' lang='lat' dir='ltr'><strong>sedens</strong></span> <span class='ocrx_word' id='word_1_153' title='bbox 3452 965 3543 1004; x_wconf 91' lang='lat' dir='ltr'><strong>ar-</strong></span> 
     </span>
    </p>
   </div>
   <div class='ocr_carea' id='block_1_22' title="bbox 1976 1042 3546 1114">
    <p class='ocr_par' dir='ltr' id='par_1_22' title="bbox 1976 1042 3546 1114">
     <span class='ocr_line' id='line_1_22' title="bbox 1976 1042 3546 1114; baseline 0.001 -18"><span class='ocrx_word' id='word_1_154' title='bbox 1976 1049 2178 1107; x_wconf 60' lang='lat' dir='ltr'><strong>mabis,</strong></span> <span class='ocrx_word' id='word_1_155' title='bbox 2212 1049 2265 1096; x_wconf 88' lang='lat' dir='ltr'>et</span> <span class='ocrx_word' id='word_1_156' title='bbox 2305 1042 2586 1108; x_wconf 84' lang='lat' dir='ltr'><strong>navarehi,</strong></span> <span class='ocrx_word' id='word_1_157' title='bbox 2640 1043 2693 1098; x_wconf 90' lang='lat' dir='ltr'><strong>id</strong></span> <span class='ocrx_word' id='word_1_158' title='bbox 2747 1051 2853 1107; x_wconf 85' lang='lat' dir='ltr'><strong>est,</strong></span> <span class='ocrx_word' id='word_1_159' title='bbox 2895 1044 3234 1100; x_wconf 85' lang='lat' dir='ltr'><strong>centurionis</strong></span> <span class='ocrx_word' id='word_1_160' title='bbox 3288 1045 3546 1114; x_wconf 78' lang='lat' dir='ltr'><strong>grabatus</strong></span> 
     </span>
    </p>
   </div>
   <div class='ocr_carea' id='block_1_23' title="bbox 1977 1131 3549 1203">
    <p class='ocr_par' dir='ltr' id='par_1_23' title="bbox 1977 1131 3549 1203">
     <span class='ocr_line' id='line_1_23' title="bbox 1977 1131 3549 1203; baseline 0.003 -19"><span class='ocrx_word' id='word_1_161' title='bbox 1977 1131 2032 1185; x_wconf 89' lang='lat' dir='ltr'>in</span> <span class='ocrx_word' id='word_1_162' title='bbox 2088 1147 2265 1202; x_wconf 80' lang='lat' dir='ltr'><strong>pttppP</strong></span> <span class='ocrx_word' id='word_1_163' title='bbox 2316 1133 2406 1198; x_wconf 88' lang='lat' dir='ltr'><strong>sit,</strong></span> <span class='ocrx_word' id='word_1_164' title='bbox 2459 1133 2551 1202; x_wconf 87' lang='lat' dir='ltr'>qui</span> <span class='ocrx_word' id='word_1_165' title='bbox 2584 1133 2747 1188; x_wconf 90' lang='lat' dir='ltr'><strong>simul</strong></span> <span class='ocrx_word' id='word_1_166' title='bbox 2792 1142 3100 1203; x_wconf 86' lang='lat' dir='ltr'><strong>separatum</strong></span> <span class='ocrx_word' id='word_1_167' title='bbox 3135 1149 3164 1190; x_wconf 89' lang='lat' dir='ltr'>a</span> <span class='ocrx_word' id='word_1_168' title='bbox 3205 1135 3419 1190; x_wconf 80' lang='lat' dir='ltr'><strong>caeteris</strong></span> <span class='ocrx_word' id='word_1_169' title='bbox 3445 1150 3549 1189; x_wconf 86' lang='lat' dir='ltr'><strong>no-</strong></span> 
     </span>
    </p>
   </div>
   <div class='ocr_carea' id='block_1_24' title="bbox 1977 1223 3546 1296">
    <p class='ocr_par' dir='ltr' id='par_1_24' title="bbox 1977 1223 3546 1296">
     <span class='ocr_line' id='line_1_24' title="bbox 1977 1223 3546 1296; baseline 0.003 -20"><span class='ocrx_word' id='word_1_170' title='bbox 1977 1229 2052 1278; x_wconf 91' lang='lat' dir='ltr'>tet</span> <span class='ocrx_word' id='word_1_171' title='bbox 2103 1223 2479 1278; x_wconf 88' lang='lat' dir='ltr'><strong>centurionem</strong></span> <span class='ocrx_word' id='word_1_172' title='bbox 2526 1238 2669 1291; x_wconf 86' lang='lat' dir='ltr'><strong>esse,</strong></span> <span class='ocrx_word' id='word_1_173' title='bbox 2705 1223 2868 1279; x_wconf 90' lang='lat' dir='ltr'><strong>simul</strong></span> <span class='ocrx_word' id='word_1_174' title='bbox 2907 1226 3079 1294; x_wconf 65' lang='lat' dir='ltr'><strong>praelii</strong></span> <span class='ocrx_word' id='word_1_175' title='bbox 3118 1234 3360 1296; x_wconf 88' lang='lat' dir='ltr'><strong>tempore</strong></span> <span class='ocrx_word' id='word_1_176' title='bbox 3394 1227 3546 1282; x_wconf 88' lang='lat' dir='ltr'><strong>illum</strong></span> 
     </span>
    </p>
   </div>
   <div class='ocr_carea' id='block_1_25' title="bbox 1979 1310 3550 1387">
    <p class='ocr_par' dir='ltr' id='par_1_25' title="bbox 1979 1310 3550 1387">
     <span class='ocr_line' id='line_1_25' title="bbox 1979 1310 3550 1387; baseline 0.003 -17"><span class='ocrx_word' id='word_1_177' title='bbox 1979 1330 2008 1370; x_wconf 91' lang='lat' dir='ltr'>a</span> <span class='ocrx_word' id='word_1_178' title='bbox 2051 1310 2317 1387; x_wconf 73' lang='lat' dir='ltr'><strong>conjectis</strong></span> <span class='ocrx_word' id='word_1_179' title='bbox 2364 1316 2607 1370; x_wconf 88' lang='lat' dir='ltr'><strong>hostium</strong></span> <span class='ocrx_word' id='word_1_180' title='bbox 2666 1317 2789 1370; x_wconf 86' lang='lat' dir='ltr'><strong>telis</strong></span> <span class='ocrx_word' id='word_1_181' title='bbox 2822 1315 3097 1373; x_wconf 78' lang='lat' dir='ltr'><strong>defendat.</strong></span> <span class='ocrx_word' id='word_1_182' title='bbox 3146 1318 3388 1386; x_wconf 86' lang='lat' dir='ltr'><strong>Quorum</strong></span> <span class='ocrx_word' id='word_1_183' title='bbox 3431 1321 3550 1374; x_wconf 90' lang='lat' dir='ltr'><strong>loco</strong></span> 
     </span>
    </p>
   </div>
   <div class='ocr_carea' id='block_1_26' title="bbox 1985 1407 3550 1480">
    <p class='ocr_par' dir='ltr' id='par_1_26' title="bbox 1985 1407 3550 1480">
     <span class='ocr_line' id='line_1_26' title="bbox 1985 1407 3550 1480; baseline 0.003 -17"><span class='ocrx_word' id='word_1_184' title='bbox 1985 1408 2200 1480; x_wconf 85' lang='lat' dir='ltr'><strong>singula</strong></span> <span class='ocrx_word' id='word_1_185' title='bbox 2250 1407 2614 1478; x_wconf 85' lang='lat' dir='ltr'><strong>perlustrans,</strong></span> <span class='ocrx_word' id='word_1_186' title='bbox 2657 1408 2725 1465; x_wconf 90' lang='lat' dir='ltr'>ad</span> <span class='ocrx_word' id='word_1_187' title='bbox 2778 1424 2997 1466; x_wconf 86' lang='lat' dir='ltr'><strong>omnem</strong></span> <span class='ocrx_word' id='word_1_188' title='bbox 3029 1425 3188 1467; x_wconf 83' lang='lat' dir='ltr'><strong>nsunt</strong></span> <span class='ocrx_word' id='word_1_189' title='bbox 3221 1409 3414 1467; x_wconf 85' lang='lat' dir='ltr'><strong>adduci</strong></span> <span class='ocrx_word' id='word_1_190' title='bbox 3449 1413 3550 1468; x_wconf 55' lang='lat' dir='ltr'><strong>triv</strong></span> 
     </span>
    </p>
   </div>
   <div class='ocr_carea' id='block_1_27' title="bbox 1986 1496 2468 1567">
    <p class='ocr_par' dir='ltr' id='par_1_27' title="bbox 1986 1496 2468 1567">
     <span class='ocr_line' id='line_1_27' title="bbox 1986 1496 2468 1567; baseline -0.002 -15"><span class='ocrx_word' id='word_1_191' title='bbox 1986 1512 2192 1552; x_wconf 84' lang='lat' dir='ltr'><strong>remem</strong></span> <span class='ocrx_word' id='word_1_192' title='bbox 2233 1496 2468 1567; x_wconf 87' lang='lat' dir='ltr'><strong>jubebit.</strong></span> 
     </span>
    </p>
   </div>
   <div class='ocr_carea' id='block_1_28' title="bbox 300 1588 3555 1671">
    <p class='ocr_par' dir='ltr' id='par_1_28' title="bbox 300 1588 3555 1671">
     <span class='ocr_line' id='line_1_28' title="bbox 300 1588 3555 1671; baseline -0 -18"><span class='ocrx_word' id='word_1_193' title='bbox 300 1599 396 1656; x_wconf 67' lang='grc' dir='ltr'>επὶ</span> <span class='ocrx_word' id='word_1_194' title='bbox 444 1598 544 1668; x_wconf 79' lang='grc' dir='ltr'>τῆς</span> <span class='ocrx_word' id='word_1_195' title='bbox 586 1596 842 1670; x_wconf 81' lang='grc' dir='ltr'>πρύμνης</span> <span class='ocrx_word' id='word_1_196' title='bbox 884 1592 1140 1663; x_wconf 77' lang='grc' dir='ltr'>γινέσθω,</span> <span class='ocrx_word' id='word_1_197' title='bbox 1187 1592 1322 1663; x_wconf 82' lang='grc' dir='ltr'>ὁμοῦ</span> <span class='ocrx_word' id='word_1_198' title='bbox 1370 1593 1466 1662; x_wconf 84' lang='grc' dir='ltr'>μὲν</span> <span class='ocrx_word' id='word_1_199' title='bbox 1497 1589 1878 1663; x_wconf 73' lang='grc' dir='ltr'>ἀφωρισμένον</span> <span class='ocrx_word' id='word_1_200' title='bbox 1907 1588 2165 1643; x_wconf 81' lang='grc' dir='ltr'>δεικνύων</span> <span class='ocrx_word' id='word_1_201' title='bbox 2193 1590 2284 1642; x_wconf 76' lang='grc' dir='ltr'>τὸν</span> <span class='ocrx_word' id='word_1_202' title='bbox 2307 1591 2542 1661; x_wconf 75' lang='grc' dir='ltr'>ἄρχοντα</span> <span class='ocrx_word' id='word_1_203' title='bbox 2559 1592 2694 1664; x_wconf 77' lang='grc' dir='ltr'>ὁμοῦ</span> <span class='ocrx_word' id='word_1_204' title='bbox 2717 1593 2773 1648; x_wconf 81' lang='grc' dir='ltr'>δὲ</span> <span class='ocrx_word' id='word_1_205' title='bbox 2793 1593 2887 1648; x_wconf 76' lang='grc' dir='ltr'>καὶ</span> <span class='ocrx_word' id='word_1_206' title='bbox 2943 1594 3226 1664; x_wconf 75' lang='grc' dir='ltr'>φυλάττων</span> <span class='ocrx_word' id='word_1_207' title='bbox 3255 1598 3353 1669; x_wconf 70' lang='grc' dir='ltr'>μὲν</span> <span class='ocrx_word' id='word_1_208' title='bbox 3379 1599 3555 1671; x_wconf 86' lang='grc' dir='ltr'>καιρῷ</span> 
     </span>
    </p>
   </div>
   <div class='ocr_carea' id='block_1_29' title="bbox 303 1675 3568 1764">
    <p class='ocr_par' dir='ltr' id='par_1_29' title="bbox 303 1675 3568 1764">
     <span class='ocr_line' id='line_1_29' title="bbox 303 1675 3568 1764; baseline -0.002 -21"><span class='ocrx_word' id='word_1_209' title='bbox 303 1687 579 1760; x_wconf 78' lang='grc' dir='ltr'>συμϐολῆς</span> <span class='ocrx_word' id='word_1_210' title='bbox 627 1685 736 1740; x_wconf 83' lang='grc' dir='ltr'>ἀπὸ</span> <span class='ocrx_word' id='word_1_211' title='bbox 799 1683 905 1741; x_wconf 88' lang='grc' dir='ltr'>τῶν</span> <span class='ocrx_word' id='word_1_212' title='bbox 945 1684 1284 1756; x_wconf 80' lang='grc' dir='ltr'>ριπτομὲνων</span> <span class='ocrx_word' id='word_1_213' title='bbox 1344 1680 1520 1751; x_wconf 83' lang='grc' dir='ltr'>βελῶν</span> <span class='ocrx_word' id='word_1_214' title='bbox 1577 1683 1725 1751; x_wconf 71' lang='grc' dir='ltr'>παρὰ</span> <span class='ocrx_word' id='word_1_215' title='bbox 1772 1678 1881 1733; x_wconf 85' lang='grc' dir='ltr'>τῶν</span> <span class='ocrx_word' id='word_1_216' title='bbox 1912 1680 2193 1748; x_wconf 75' lang='grc' dir='ltr'>ἐναντίων,</span> <span class='ocrx_word' id='word_1_217' title='bbox 2226 1680 2286 1746; x_wconf 80' lang='grc' dir='ltr'><strong>ἐξ</strong></span> <span class='ocrx_word' id='word_1_218' title='bbox 2313 1675 2374 1737; x_wconf 78' lang='grc' dir='ltr'>οὗ</span> <span class='ocrx_word' id='word_1_219' title='bbox 2431 1683 2528 1737; x_wconf 73' lang='grc' dir='ltr'>καὶ</span> <span class='ocrx_word' id='word_1_220' title='bbox 2619 1684 2687 1739; x_wconf 86' lang='grc' dir='ltr'>τὰ</span> <span class='ocrx_word' id='word_1_221' title='bbox 2757 1685 2966 1740; x_wconf 73' lang='grc' dir='ltr'>ἕκαστα</span> <span class='ocrx_word' id='word_1_222' title='bbox 3019 1686 3232 1758; x_wconf 79' lang='grc' dir='ltr'>βλέπων</span> <span class='ocrx_word' id='word_1_223' title='bbox 3281 1690 3418 1761; x_wconf 80' lang='grc' dir='ltr'>πρὸς</span> <span class='ocrx_word' id='word_1_224' title='bbox 3458 1693 3568 1764; x_wconf 80' lang='grc' dir='ltr'>τὴν.</span> 
     </span>
    </p>
   </div>
   <div class='ocr_carea' id='block_1_30' title="bbox 301 1769 1736 1852">
    <p class='ocr_par' dir='ltr' id='par_1_30' title="bbox 301 1769 1736 1852">
     <span class='ocr_line' id='line_1_30' title="bbox 301 1769 1736 1852; baseline -0.008 -18"><span class='ocrx_word' id='word_1_225' title='bbox 301 1779 493 1852; x_wconf 81' lang='grc' dir='ltr'>χρείαν</span> <span class='ocrx_word' id='word_1_226' title='bbox 522 1775 750 1846; x_wconf 79' lang='grc' dir='ltr'>ἄγεσθαι</span> <span class='ocrx_word' id='word_1_227' title='bbox 777 1771 1026 1827; x_wconf 82' lang='grc' dir='ltr'>κελεύσοι</span> <span class='ocrx_word' id='word_1_228' title='bbox 1050 1773 1079 1826; x_wconf 80' lang='grc' dir='ltr'>ὁ</span> <span class='ocrx_word' id='word_1_229' title='bbox 1113 1772 1301 1844; x_wconf 72' lang='grc' dir='ltr'>ἅρχων</span> <span class='ocrx_word' id='word_1_230' title='bbox 1333 1771 1424 1823; x_wconf 83' lang='grc' dir='ltr'>τὸν</span> <span class='ocrx_word' id='word_1_231' title='bbox 1461 1769 1736 1840; x_wconf 84' lang='grc' dir='ltr'>δρόμωνα.</span> 
     </span>
    </p>
   </div>
   <div class='ocr_carea' id='block_1_31' title="bbox 375 1862 1889 1944">
    <p class='ocr_par' dir='ltr' id='par_1_31' title="bbox 375 1862 1882 1940">
     <span class='ocr_line' id='line_1_31' title="bbox 375 1862 1882 1940; baseline -0.006 -15"><span class='ocrx_word' id='word_1_232' title='bbox 375 1869 440 1928; x_wconf 81' lang='grc' dir='ltr'>θ’.</span> <span class='ocrx_word' id='word_1_233' title='bbox 468 1870 582 1925; x_wconf 73' lang='grc' dir='ltr'>Καὶ</span> <span class='ocrx_word' id='word_1_234' title='bbox 602 1869 778 1940; x_wconf 73' lang='grc' dir='ltr'>ἕτεροι</span> <span class='ocrx_word' id='word_1_235' title='bbox 804 1866 860 1920; x_wconf 80' lang='grc' dir='ltr'>δὲ</span> <span class='ocrx_word' id='word_1_236' title='bbox 882 1867 1155 1938; x_wconf 81' lang='grc' dir='ltr'>δρόμωνες</span> <span class='ocrx_word' id='word_1_237' title='bbox 1182 1862 1775 1929; x_wconf 74' lang='grc' dir='ltr'>κατασκευαζέσθωσάν</span> <span class='ocrx_word' id='word_1_238' title='bbox 1802 1881 1882 1917; x_wconf 84' lang='grc' dir='ltr'>σοι</span> 
     </span>
    </p>
   </div>
   <div class='ocr_carea' id='block_1_32' title="bbox 1993 1862 3557 1944">
    <p class='ocr_par' dir='ltr' id='par_1_32' title="bbox 2056 1867 3557 1944">
     <span class='ocr_line' id='line_1_32' title="bbox 2056 1867 3557 1944; baseline 0.01 -24"><span class='ocrx_word' id='word_1_239' title='bbox 2056 1867 2108 1920; x_wconf 91' lang='lat'>9.</span> <span class='ocrx_word' id='word_1_240' title='bbox 2160 1867 2295 1922; x_wconf 81' lang='lat' dir='ltr'><strong>Aliae</strong></span> <span class='ocrx_word' id='word_1_241' title='bbox 2352 1868 2604 1925; x_wconf 87' lang='lat' dir='ltr'><strong>triremes</strong></span> <span class='ocrx_word' id='word_1_242' title='bbox 2652 1870 2720 1926; x_wconf 92' lang='lat' dir='ltr'>iis</span> <span class='ocrx_word' id='word_1_243' title='bbox 2783 1871 3020 1943; x_wconf 82' lang='lat' dir='ltr'><strong>majores</strong></span> <span class='ocrx_word' id='word_1_244' title='bbox 3079 1874 3231 1944; x_wconf 83' lang='lat' dir='ltr'><strong>ﬁant,</strong></span> <span class='ocrx_word' id='word_1_245' title='bbox 3289 1876 3557 1936; x_wconf 76' lang='lat' dir='ltr'><strong>ducentos</strong></span> 
     </span>
    </p>
   </div>
   <div class='ocr_carea' id='block_1_33' title="bbox 302 1957 1876 2034">
    <p class='ocr_par' dir='ltr' id='par_1_33' title="bbox 302 1957 1876 2034">
     <span class='ocr_line' id='line_1_33' title="bbox 302 1957 1876 2034; baseline -0.006 -13"><span class='ocrx_word' id='word_1_246' title='bbox 302 1963 507 2025; x_wconf 76' lang='grc' dir='ltr'>τούτοιν</span> <span class='ocrx_word' id='word_1_247' title='bbox 534 1962 798 2034; x_wconf 76' lang='grc' dir='ltr'>μείζονες,</span> <span class='ocrx_word' id='word_1_248' title='bbox 824 1961 933 2016; x_wconf 69' lang='grc' dir='ltr'>ἀπὸ</span> <span class='ocrx_word' id='word_1_249' title='bbox 964 1958 1250 2014; x_wconf 85' lang='grc' dir='ltr'>διακοσίων</span> <span class='ocrx_word' id='word_1_250' title='bbox 1274 1957 1576 2030; x_wconf 79' lang='grc' dir='ltr'>χωροῦντες</span> <span class='ocrx_word' id='word_1_251' title='bbox 1597 1959 1876 2030; x_wconf 82' lang='grc' dir='ltr'>ἀνδρῶν,ἦ</span> 
     </span>
    </p>
   </div>
   <div class='ocr_carea' id='block_1_34' title="bbox 305 2050 1881 2126">
    <p class='ocr_par' dir='ltr' id='par_1_34' title="bbox 305 2050 1881 2126">
     <span class='ocr_line' id='line_1_34' title="bbox 305 2050 1881 2126; baseline -0.005 -14"><span class='ocrx_word' id='word_1_252' title='bbox 305 2057 478 2113; x_wconf 80' lang='grc' dir='ltr'>πλείω</span> <span class='ocrx_word' id='word_1_253' title='bbox 504 2054 702 2110; x_wconf 77' lang='grc' dir='ltr'>τούτων</span> <span class='ocrx_word' id='word_1_254' title='bbox 727 2054 760 2126; x_wconf 84' lang='grc' dir='ltr'>ἢ</span> <span class='ocrx_word' id='word_1_255' title='bbox 789 2053 1016 2117; x_wconf 73' lang='grc' dir='ltr'>ἐλάττω,</span> <span class='ocrx_word' id='word_1_256' title='bbox 1040 2050 1183 2105; x_wconf 86' lang='grc' dir='ltr'>κατά</span> <span class='ocrx_word' id='word_1_257' title='bbox 1205 2051 1301 2121; x_wconf 84' lang='grc' dir='ltr'>τὴν</span> <span class='ocrx_word' id='word_1_258' title='bbox 1326 2050 1514 2122; x_wconf 82' lang='grc' dir='ltr'>χρείαν</span> <span class='ocrx_word' id='word_1_259' title='bbox 1537 2051 1634 2122; x_wconf 81' lang='grc' dir='ltr'>τὴν</span> <span class='ocrx_word' id='word_1_260' title='bbox 1657 2051 1881 2106; x_wconf 82' lang='grc' dir='ltr'>δέουσαν</span> 
     </span>
    </p>
   </div>
   <div class='ocr_carea' id='block_1_35' title="bbox 307 2137 1883 2221">
    <p class='ocr_par' dir='ltr' id='par_1_35' title="bbox 307 2137 1883 2221">
     <span class='ocr_line' id='line_1_35' title="bbox 307 2137 1883 2221; baseline -0.004 -15"><span class='ocrx_word' id='word_1_261' title='bbox 307 2152 401 2206; x_wconf 73' lang='grc' dir='ltr'>ἐπὶ</span> <span class='ocrx_word' id='word_1_262' title='bbox 427 2147 620 2221; x_wconf 87' lang='grc' dir='ltr'>καιροῦ</span> <span class='ocrx_word' id='word_1_263' title='bbox 643 2147 783 2201; x_wconf 89' lang='grc' dir='ltr'>κατά</span> <span class='ocrx_word' id='word_1_264' title='bbox 813 2145 921 2200; x_wconf 90' lang='grc' dir='ltr'>τῶν</span> <span class='ocrx_word' id='word_1_265' title='bbox 946 2145 1232 2200; x_wconf 76' lang='grc' dir='ltr'>ἐναντίωνο</span> <span class='ocrx_word' id='word_1_266' title='bbox 1258 2140 1332 2199; x_wconf 84' lang='grc' dir='ltr'>ὧν</span> <span class='ocrx_word' id='word_1_267' title='bbox 1349 2145 1397 2196; x_wconf 82' lang='grc' dir='ltr'>οἱ</span> <span class='ocrx_word' id='word_1_268' title='bbox 1421 2137 1519 2215; x_wconf 78' lang='grc' dir='ltr'>μὲν</span> <span class='ocrx_word' id='word_1_269' title='bbox 1547 2146 1883 2216; x_wconf 81' lang='grc' dir='ltr'>πεντήκοντα</span> 
     </span>
    </p>
   </div>
   <div class='ocr_carea' id='block_1_36' title="bbox 306 2236 1882 2318">
    <p class='ocr_par' dir='ltr' id='par_1_36' title="bbox 306 2236 1882 2318">
     <span class='ocr_line' id='line_1_36' title="bbox 306 2236 1882 2318; baseline -0.005 -18"><span class='ocrx_word' id='word_1_270' title='bbox 306 2247 407 2318; x_wconf 81' lang='grc' dir='ltr'>τὴν</span> <span class='ocrx_word' id='word_1_271' title='bbox 439 2244 591 2298; x_wconf 86' lang='grc' dir='ltr'>κάτω</span> <span class='ocrx_word' id='word_1_272' title='bbox 623 2241 844 2296; x_wconf 75' lang='grc' dir='ltr'>ἐλασίαν</span> <span class='ocrx_word' id='word_1_273' title='bbox 873 2239 1336 2310; x_wconf 82' lang='grc' dir='ltr'>ὕπουργήσουσιν,</span> <span class='ocrx_word' id='word_1_274' title='bbox 1373 2238 1422 2290; x_wconf 82' lang='grc' dir='ltr'>οἱ</span> <span class='ocrx_word' id='word_1_275' title='bbox 1451 2236 1508 2291; x_wconf 75' lang='grc' dir='ltr'>δὲ</span> <span class='ocrx_word' id='word_1_276' title='bbox 1531 2238 1725 2292; x_wconf 75' lang='grc' dir='ltr'>ἑκατὸν</span> <span class='ocrx_word' id='word_1_277' title='bbox 1753 2255 1882 2292; x_wconf 84' lang='grc' dir='ltr'>πεν-</span> 
     </span>
    </p>
   </div>
   <div class='ocr_carea' id='block_1_37' title="bbox 307 2329 1882 2410">
    <p class='ocr_par' dir='ltr' id='par_1_37' title="bbox 307 2329 1882 2410">
     <span class='ocr_line' id='line_1_37' title="bbox 307 2329 1882 2410; baseline -0.003 -18"><span class='ocrx_word' id='word_1_278' title='bbox 307 2339 544 2410; x_wconf 81' lang='grc' dir='ltr'>τήκοντα</span> <span class='ocrx_word' id='word_1_279' title='bbox 592 2335 703 2391; x_wconf 78' lang='grc' dir='ltr'>ἅνω</span> <span class='ocrx_word' id='word_1_280' title='bbox 747 2332 984 2398; x_wconf 81' lang='grc' dir='ltr'>ἑστῶτες</span> <span class='ocrx_word' id='word_1_281' title='bbox 1027 2331 1266 2395; x_wconf 71' lang='grc' dir='ltr'>ἅπαντες</span> <span class='ocrx_word' id='word_1_282' title='bbox 1303 2329 1514 2385; x_wconf 72' lang='grc' dir='ltr'>ἔνοπλοι</span> <span class='ocrx_word' id='word_1_283' title='bbox 1549 2329 1882 2403; x_wconf 81' lang='grc' dir='ltr'>μαχήσονται</span> 
     </span>
    </p>
   </div>
   <div class='ocr_carea' id='block_1_38' title="bbox 307 2429 753 2499">
    <p class='ocr_par' dir='ltr' id='par_1_38' title="bbox 307 2429 753 2499">
     <span class='ocr_line' id='line_1_38' title="bbox 307 2429 753 2499; baseline -0.004 -13"><span class='ocrx_word' id='word_1_284' title='bbox 307 2432 421 2496; x_wconf 84' lang='grc' dir='ltr'>τοῖς</span> <span class='ocrx_word' id='word_1_285' title='bbox 450 2429 753 2499; x_wconf 80' lang='grc' dir='ltr'>πολεμίοις.</span> 
     </span>
    </p>
   </div>
   <div class='ocr_carea' id='block_1_39' title="bbox 384 2516 1887 2590">
    <p class='ocr_par' dir='ltr' id='par_1_39' title="bbox 384 2516 1887 2590">
     <span class='ocr_line' id='line_1_39' title="bbox 384 2516 1887 2590; baseline -0.001 -15"><span class='ocrx_word' id='word_1_286' title='bbox 384 2527 436 2583; x_wconf 79' lang='grc' dir='ltr'>ι’.</span> <span class='ocrx_word' id='word_1_287' title='bbox 461 2520 573 2580; x_wconf 73' lang='grc' dir='ltr'>Καὶ</span> <span class='ocrx_word' id='word_1_288' title='bbox 624 2519 701 2579; x_wconf 76' lang='grc' dir='ltr'>ἔτι</span> <span class='ocrx_word' id='word_1_289' title='bbox 748 2518 804 2573; x_wconf 78' lang='grc' dir='ltr'>δὲ</span> <span class='ocrx_word' id='word_1_290' title='bbox 844 2516 1274 2582; x_wconf 80' lang='grc' dir='ltr'>κατασκευάσεις</span> <span class='ocrx_word' id='word_1_291' title='bbox 1312 2517 1594 2590; x_wconf 86' lang='grc' dir='ltr'>δρόμωνας</span> <span class='ocrx_word' id='word_1_292' title='bbox 1634 2518 1887 2583; x_wconf 80' lang='grc' dir='ltr'>ἐλάττους</span> 
     </span>
    </p>
   </div>
   <div class='ocr_carea' id='block_1_40' title="bbox 309 2611 1888 2687">
    <p class='ocr_par' dir='ltr' id='par_1_40' title="bbox 309 2611 1888 2687">
     <span class='ocr_line' id='line_1_40' title="bbox 309 2611 1888 2687; baseline -0.001 -19"><span class='ocrx_word' id='word_1_293' title='bbox 309 2613 776 2687; x_wconf 79' lang='grc' dir='ltr'>δρομικωτάτους,</span> <span class='ocrx_word' id='word_1_294' title='bbox 813 2613 975 2666; x_wconf 69' lang='grc' dir='ltr'>οἱονεὶ</span> <span class='ocrx_word' id='word_1_295' title='bbox 1002 2611 1234 2680; x_wconf 86' lang='grc' dir='ltr'>γαλαίας</span> <span class='ocrx_word' id='word_1_296' title='bbox 1275 2611 1309 2682; x_wconf 81' lang='grc' dir='ltr'>ἢ</span> <span class='ocrx_word' id='word_1_297' title='bbox 1357 2612 1612 2684; x_wconf 81' lang='grc' dir='ltr'>μονήρεις</span> <span class='ocrx_word' id='word_1_298' title='bbox 1660 2612 1888 2685; x_wconf 83' lang='grc' dir='ltr'>λεγομέ-</span> 
     </span>
    </p>
   </div>
   <div class='ocr_carea' id='block_1_41' title="bbox 313 2699 1889 2780">
    <p class='ocr_par' dir='ltr' id='par_1_41' title="bbox 313 2699 1889 2780">
     <span class='ocr_line' id='line_1_41' title="bbox 313 2699 1889 2780; baseline -0.003 -14"><span class='ocrx_word' id='word_1_299' title='bbox 313 2728 460 2776; x_wconf 84' lang='grc' dir='ltr'>νους,</span> <span class='ocrx_word' id='word_1_300' title='bbox 485 2709 735 2780; x_wconf 81' lang='grc' dir='ltr'>ταχινοὺς</span> <span class='ocrx_word' id='word_1_301' title='bbox 771 2709 870 2764; x_wconf 70' lang='grc' dir='ltr'>καὶ</span> <span class='ocrx_word' id='word_1_302' title='bbox 898 2707 1190 2778; x_wconf 72' lang='grc' dir='ltr'>ἐλαφροὺς,</span> <span class='ocrx_word' id='word_1_303' title='bbox 1234 2699 1426 2778; x_wconf 79' lang='grc' dir='ltr'>οἷσπερ</span> <span class='ocrx_word' id='word_1_304' title='bbox 1461 2706 1642 2780; x_wconf 81' lang='grc' dir='ltr'>χρήσῃ</span> <span class='ocrx_word' id='word_1_305' title='bbox 1684 2709 1742 2762; x_wconf 84' lang='grc' dir='ltr'>ὲν</span> <span class='ocrx_word' id='word_1_306' title='bbox 1770 2709 1889 2773; x_wconf 81' lang='grc' dir='ltr'>ταῖς</span> 
     </span>
    </p>
   </div>
   <div class='ocr_carea' id='block_1_42' title="bbox 315 2797 1538 2877">
    <p class='ocr_par' dir='ltr' id='par_1_42' title="bbox 315 2797 1538 2877">
     <span class='ocr_line' id='line_1_42' title="bbox 315 2797 1538 2877; baseline -0.002 -23"><span class='ocrx_word' id='word_1_307' title='bbox 315 2801 530 2877; x_wconf 83' lang='grc' dir='ltr'>βίγλαις</span> <span class='ocrx_word' id='word_1_308' title='bbox 565 2801 658 2854; x_wconf 75' lang='grc' dir='ltr'>καὶ</span> <span class='ocrx_word' id='word_1_309' title='bbox 684 2801 804 2864; x_wconf 83' lang='grc' dir='ltr'>ταῖς</span> <span class='ocrx_word' id='word_1_310' title='bbox 828 2799 1018 2862; x_wconf 82' lang='grc' dir='ltr'>ἄλλαις</span> <span class='ocrx_word' id='word_1_311' title='bbox 1037 2799 1285 2869; x_wconf 80' lang='grc' dir='ltr'>ταχιναῖς</span> <span class='ocrx_word' id='word_1_312' title='bbox 1309 2797 1538 2870; x_wconf 73' lang='grc' dir='ltr'>χρείαις.</span> 
     </span>
    </p>
   </div>
   <div class='ocr_carea' id='block_1_43' title="bbox 389 2889 1892 2963">
    <p class='ocr_par' dir='ltr' id='par_1_43' title="bbox 389 2889 1892 2963">
     <span class='ocr_line' id='line_1_43' title="bbox 389 2889 1892 2963; baseline -0.001 -17"><span class='ocrx_word' id='word_1_313' title='bbox 389 2899 476 2948; x_wconf 76' lang='grc' dir='ltr'>ια’.</span> <span class='ocrx_word' id='word_1_314' title='bbox 513 2893 624 2946; x_wconf 69' lang='grc' dir='ltr'>Καὶ</span> <span class='ocrx_word' id='word_1_315' title='bbox 658 2892 852 2963; x_wconf 78' lang='grc' dir='ltr'>ἐτέρας</span> <span class='ocrx_word' id='word_1_316' title='bbox 905 2890 962 2943; x_wconf 82' lang='grc' dir='ltr'>δὲ</span> <span class='ocrx_word' id='word_1_317' title='bbox 1004 2889 1137 2953; x_wconf 88' lang='grc' dir='ltr'>ναῦς</span> <span class='ocrx_word' id='word_1_318' title='bbox 1177 2889 1425 2960; x_wconf 84' lang='grc' dir='ltr'>ποιήσεις</span> <span class='ocrx_word' id='word_1_319' title='bbox 1460 2891 1765 2963; x_wconf 70' lang='grc' dir='ltr'>φορτηγοὺς</span> <span class='ocrx_word' id='word_1_320' title='bbox 1799 2892 1892 2948; x_wconf 75' lang='grc' dir='ltr'>καὶ</span> 
     </span>
    </p>
   </div>
   <div class='ocr_carea' id='block_1_44' title="bbox 319 2981 1894 3057">
    <p class='ocr_par' dir='ltr' id='par_1_44' title="bbox 319 2981 1894 3057">
     <span class='ocr_line' id='line_1_44' title="bbox 319 2981 1894 3057; baseline 0.001 -17"><span class='ocrx_word' id='word_1_321' title='bbox 319 2987 698 3057; x_wconf 71' lang='grc' dir='ltr'>ἱππαγωγοὺς,</span> <span class='ocrx_word' id='word_1_322' title='bbox 739 2983 901 3037; x_wconf 75' lang='grc' dir='ltr'>οἱονεὶ</span> <span class='ocrx_word' id='word_1_323' title='bbox 928 2981 1146 3037; x_wconf 75' lang='grc' dir='ltr'>τούλδου</span> <span class='ocrx_word' id='word_1_324' title='bbox 1175 2981 1352 3053; x_wconf 85' lang='grc' dir='ltr'>δίκην,</span> <span class='ocrx_word' id='word_1_325' title='bbox 1388 2983 1592 3049; x_wconf 79' lang='grc' dir='ltr'>αἵτινες</span> <span class='ocrx_word' id='word_1_326' title='bbox 1633 2987 1727 3056; x_wconf 79' lang='grc' dir='ltr'>τὴν</span> <span class='ocrx_word' id='word_1_327' title='bbox 1757 2987 1894 3041; x_wconf 83' lang='grc' dir='ltr'>ἀπο-</span> 
     </span>
    </p>
   </div>
   <div class='ocr_carea' id='block_1_45' title="bbox 318 3075 1893 3154">
    <p class='ocr_par' dir='ltr' id='par_1_45' title="bbox 318 3075 1893 3154">
     <span class='ocr_line' id='line_1_45' title="bbox 318 3075 1893 3154; baseline 0 -20"><span class='ocrx_word' id='word_1_328' title='bbox 318 3081 520 3152; x_wconf 82' lang='grc' dir='ltr'>σκευὴν</span> <span class='ocrx_word' id='word_1_329' title='bbox 553 3081 770 3135; x_wconf 77' lang='grc' dir='ltr'>ἃπασαν</span> <span class='ocrx_word' id='word_1_330' title='bbox 793 3077 900 3132; x_wconf 91' lang='grc' dir='ltr'>τῶν</span> <span class='ocrx_word' id='word_1_331' title='bbox 935 3076 1280 3149; x_wconf 85' lang='grc' dir='ltr'>στρατιωτῶν</span> <span class='ocrx_word' id='word_1_332' title='bbox 1309 3075 1668 3148; x_wconf 79' lang='grc' dir='ltr'>βαστάσωσιν,</span> <span class='ocrx_word' id='word_1_333' title='bbox 1701 3079 1785 3133; x_wconf 80' lang='grc' dir='ltr'>ἵνα</span> <span class='ocrx_word' id='word_1_334' title='bbox 1818 3080 1893 3154; x_wconf 81' lang='grc' dir='ltr'>μὴ</span> 
     </span>
    </p>
   </div>
   <div class='ocr_carea' id='block_1_46' title="bbox 311 3169 1892 3244">
    <p class='ocr_par' dir='ltr' id='par_1_46' title="bbox 311 3169 1892 3244">
     <span class='ocr_line' id='line_1_46' title="bbox 311 3169 1892 3244; baseline 0.001 -18"><span class='ocrx_word' id='word_1_335' title='bbox 311 3173 379 3229; x_wconf 84' lang='grc' dir='ltr'>δι’</span> <span class='ocrx_word' id='word_1_336' title='bbox 410 3173 580 3244; x_wconf 85' lang='grc' dir='ltr'>αὐτὴν</span> <span class='ocrx_word' id='word_1_337' title='bbox 629 3170 923 3243; x_wconf 84' lang='grc' dir='ltr'>βαροῦνται</span> <span class='ocrx_word' id='word_1_338' title='bbox 971 3170 1019 3222; x_wconf 76' lang='grc' dir='ltr'>οἱ</span> <span class='ocrx_word' id='word_1_339' title='bbox 1064 3169 1358 3240; x_wconf 75' lang='grc' dir='ltr'>δρόμωνες,</span> <span class='ocrx_word' id='word_1_340' title='bbox 1402 3171 1494 3224; x_wconf 79' lang='grc' dir='ltr'>καὶ</span> <span class='ocrx_word' id='word_1_341' title='bbox 1550 3171 1784 3242; x_wconf 84' lang='grc' dir='ltr'>μάλιστα</span> <span class='ocrx_word' id='word_1_342' title='bbox 1833 3175 1892 3228; x_wconf 83' lang='grc' dir='ltr'>ὲν</span> 
     </span>
    </p>
   </div>
   <div class='ocr_carea' id='block_1_47' title="bbox 1981 1959 3556 2040">
    <p class='ocr_par' dir='ltr' id='par_1_47' title="bbox 1981 1959 3556 2040">
     <span class='ocr_line' id='line_1_47' title="bbox 1981 1959 3556 2040; baseline 0.008 -26"><span class='ocrx_word' id='word_1_343' title='bbox 1981 1959 2152 2022; x_wconf 87' lang='lat' dir='ltr'><strong>viros,</strong></span> <span class='ocrx_word' id='word_1_344' title='bbox 2202 1971 2297 2015; x_wconf 85' lang='lat' dir='ltr'>aut</span> <span class='ocrx_word' id='word_1_345' title='bbox 2348 1963 2532 2032; x_wconf 84' lang='lat' dir='ltr'><strong>plures</strong></span> <span class='ocrx_word' id='word_1_346' title='bbox 2580 1965 2660 2020; x_wconf 83' lang='lat' dir='ltr'><strong>vel</strong></span> <span class='ocrx_word' id='word_1_347' title='bbox 2702 1968 2963 2033; x_wconf 86' lang='lat' dir='ltr'><strong>minores,</strong></span> <span class='ocrx_word' id='word_1_348' title='bbox 3013 1983 3112 2038; x_wconf 88' lang='lat' dir='ltr'>pro</span> <span class='ocrx_word' id='word_1_349' title='bbox 3145 1969 3556 2040; x_wconf 82' lang='lat' dir='ltr'><strong>Opportunitate</strong></span> 
     </span>
    </p>
   </div>
   <div class='ocr_carea' id='block_1_48' title="bbox 1985 2050 3558 2134">
    <p class='ocr_par' dir='ltr' id='par_1_48' title="bbox 1985 2050 3558 2134">
     <span class='ocr_line' id='line_1_48' title="bbox 1985 2050 3558 2134; baseline 0.009 -30"><span class='ocrx_word' id='word_1_350' title='bbox 1985 2050 2229 2106; x_wconf 87' lang='lat' dir='ltr'><strong>locorum</strong></span> <span class='ocrx_word' id='word_1_351' title='bbox 2273 2061 2710 2127; x_wconf 85' lang='lat' dir='ltr'><strong>temporumque,</strong></span> <span class='ocrx_word' id='word_1_352' title='bbox 2753 2061 3072 2128; x_wconf 89' lang='lat' dir='ltr'><strong>capientes;</strong></span> <span class='ocrx_word' id='word_1_353' title='bbox 3106 2077 3136 2116; x_wconf 74' lang='grc' dir='ltr'>ε</span> <span class='ocrx_word' id='word_1_354' title='bbox 3169 2063 3368 2132; x_wconf 88' lang='lat' dir='ltr'><strong>quibus</strong></span> <span class='ocrx_word' id='word_1_355' title='bbox 3397 2064 3558 2134; x_wconf 82' lang='lat' dir='ltr'><strong>quin-</strong></span> 
     </span>
    </p>
   </div>
   <div class='ocr_carea' id='block_1_49' title="bbox 1986 2144 3556 2222">
    <p class='ocr_par' dir='ltr' id='par_1_49' title="bbox 1986 2144 3556 2222">
     <span class='ocr_line' id='line_1_49' title="bbox 1986 2144 3556 2222; baseline 0.01 -28"><span class='ocrx_word' id='word_1_356' title='bbox 1986 2145 2243 2215; x_wconf 75' lang='lat' dir='ltr'><strong>quaginta</strong></span> <span class='ocrx_word' id='word_1_357' title='bbox 2275 2146 2326 2198; x_wconf 90' lang='lat' dir='ltr'>in</span> <span class='ocrx_word' id='word_1_358' title='bbox 2358 2144 2620 2203; x_wconf 78' lang='lat' dir='ltr'><strong>inferiore</strong></span> <span class='ocrx_word' id='word_1_359' title='bbox 2671 2163 2947 2204; x_wconf 87' lang='lat' dir='ltr'><strong>remorum</strong></span> <span class='ocrx_word' id='word_1_360' title='bbox 2985 2153 3176 2209; x_wconf 90' lang='lat' dir='ltr'><strong>ordine</strong></span> <span class='ocrx_word' id='word_1_361' title='bbox 3211 2153 3556 2222; x_wconf 84' lang='lat' dir='ltr'><strong>locabuntur,</strong></span> 
     </span>
    </p>
   </div>
   <div class='ocr_carea' id='block_1_50' title="bbox 1986 2235 3553 2313">
    <p class='ocr_par' dir='ltr' id='par_1_50' title="bbox 1986 2235 3553 2313">
     <span class='ocr_line' id='line_1_50' title="bbox 1986 2235 3553 2313; baseline 0.008 -25"><span class='ocrx_word' id='word_1_362' title='bbox 1986 2245 2206 2288; x_wconf 88' lang='lat' dir='ltr'><strong>centum</strong></span> <span class='ocrx_word' id='word_1_363' title='bbox 2242 2235 2640 2308; x_wconf 80' lang='lat' dir='ltr'><strong>quinquaginta</strong></span> <span class='ocrx_word' id='word_1_364' title='bbox 2671 2241 2928 2310; x_wconf 86' lang='lat' dir='ltr'><strong>superius</strong></span> <span class='ocrx_word' id='word_1_365' title='bbox 2962 2250 3192 2313; x_wconf 86' lang='lat' dir='ltr'><strong>stantes,</strong></span> <span class='ocrx_word' id='word_1_366' title='bbox 3230 2260 3419 2302; x_wconf 85' lang='lat' dir='ltr'><strong>omnes</strong></span> <span class='ocrx_word' id='word_1_367' title='bbox 3456 2247 3553 2300; x_wconf 58' lang='lat' dir='ltr'><strong>ad.</strong></span> 
     </span>
    </p>
   </div>
   <div class='ocr_carea' id='block_1_51' title="bbox 1987 2321 3086 2404">
    <p class='ocr_par' dir='ltr' id='par_1_51' title="bbox 1987 2321 3086 2404">
     <span class='ocr_line' id='line_1_51' title="bbox 1987 2321 3086 2404; baseline 0.008 -24"><span class='ocrx_word' id='word_1_368' title='bbox 1987 2338 2206 2381; x_wconf 78' lang='lat' dir='ltr'><strong>versum</strong></span> <span class='ocrx_word' id='word_1_369' title='bbox 2260 2326 2448 2385; x_wconf 80' lang='lat' dir='ltr'><strong>hostes</strong></span> <span class='ocrx_word' id='word_1_370' title='bbox 2501 2331 2692 2392; x_wconf 79' lang='lat' dir='ltr'><strong>armati</strong></span> <span class='ocrx_word' id='word_1_371' title='bbox 2747 2321 3086 2404; x_wconf 80' lang='lat' dir='ltr'><strong>pugnabunt.</strong></span> 
     </span>
    </p>
   </div>
   <div class='ocr_carea' id='block_1_52' title="bbox 2061 2510 3562 2583">
    <p class='ocr_par' dir='ltr' id='par_1_52' title="bbox 2061 2510 3562 2583">
     <span class='ocr_line' id='line_1_52' title="bbox 2061 2510 3562 2583; baseline 0.008 -15"><span class='ocrx_word' id='word_1_372' title='bbox 2061 2511 2153 2568; x_wconf 82' lang='grc'>10.</span> <span class='ocrx_word' id='word_1_373' title='bbox 2207 2510 2492 2571; x_wconf 87' lang='lat' dir='ltr'><strong>Triremes</strong></span> <span class='ocrx_word' id='word_1_374' title='bbox 2558 2514 2800 2575; x_wconf 89' lang='lat' dir='ltr'><strong>minores</strong></span> <span class='ocrx_word' id='word_1_375' title='bbox 2851 2515 3148 2574; x_wconf 82' lang='lat' dir='ltr'><strong>fabricabis</strong></span> <span class='ocrx_word' id='word_1_376' title='bbox 3211 2521 3277 2575; x_wconf 89' lang='lat' dir='ltr'>ad</span> <span class='ocrx_word' id='word_1_377' title='bbox 3340 2537 3562 2583; x_wconf 79' lang='lat' dir='ltr'><strong>cursum</strong></span> 
     </span>
    </p>
   </div>
   <div class='ocr_carea' id='block_1_53' title="bbox 1992 2605 3566 2688">
    <p class='ocr_par' dir='ltr' id='par_1_53' title="bbox 1992 2605 3566 2688">
     <span class='ocr_line' id='line_1_53' title="bbox 1992 2605 3566 2688; baseline 0.009 -28"><span class='ocrx_word' id='word_1_378' title='bbox 1992 2605 2310 2663; x_wconf 87' lang='lat' dir='ltr'><strong>celerrimas</strong></span> <span class='ocrx_word' id='word_1_379' title='bbox 2337 2622 2507 2661; x_wconf 90' lang='lat' dir='ltr'><strong>unum</strong></span> <span class='ocrx_word' id='word_1_380' title='bbox 2537 2622 2810 2665; x_wconf 88' lang='lat' dir='ltr'><strong>remorum</strong></span> <span class='ocrx_word' id='word_1_381' title='bbox 2845 2611 3090 2667; x_wconf 87' lang='lat' dir='ltr'><strong>ordinem</strong></span> <span class='ocrx_word' id='word_1_382' title='bbox 3116 2611 3401 2682; x_wconf 88' lang='lat' dir='ltr'><strong>habentes,</strong></span> <span class='ocrx_word' id='word_1_383' title='bbox 3427 2635 3566 2688; x_wconf 91' lang='lat' dir='ltr'><strong>quas</strong></span> 
     </span>
    </p>
   </div>
   <div class='ocr_carea' id='block_1_54' title="bbox 1992 2697 3564 2781">
    <p class='ocr_par' dir='ltr' id='par_1_54' title="bbox 1992 2697 3564 2781">
     <span class='ocr_line' id='line_1_54' title="bbox 1992 2697 3564 2781; baseline 0.011 -30"><span class='ocrx_word' id='word_1_384' title='bbox 1992 2697 2176 2770; x_wconf 77' lang='lat' dir='ltr'><strong>galeas</strong></span> <span class='ocrx_word' id='word_1_385' title='bbox 2221 2709 2455 2766; x_wconf 85' lang='lat' dir='ltr'><strong>vocant,</strong></span> <span class='ocrx_word' id='word_1_386' title='bbox 2506 2702 2678 2772; x_wconf 82' lang='lat' dir='ltr'><strong>agiles</strong></span> <span class='ocrx_word' id='word_1_387' title='bbox 2751 2712 2805 2757; x_wconf 91' lang='lat' dir='ltr'>ct</span> <span class='ocrx_word' id='word_1_388' title='bbox 2859 2707 3174 2775; x_wconf 77' lang='lat' dir='ltr'><strong>expeditas,</strong></span> <span class='ocrx_word' id='word_1_389' title='bbox 3243 2710 3443 2781; x_wconf 90' lang='lat' dir='ltr'><strong>quibus</strong></span> <span class='ocrx_word' id='word_1_390' title='bbox 3496 2714 3564 2768; x_wconf 87' lang='lat' dir='ltr'>ad</span> 
     </span>
    </p>
   </div>
   <div class='ocr_carea' id='block_1_55' title="bbox 1991 2791 3237 2865">
    <p class='ocr_par' dir='ltr' id='par_1_55' title="bbox 1991 2791 3237 2865">
     <span class='ocr_line' id='line_1_55' title="bbox 1991 2791 3237 2865; baseline 0.008 -19"><span class='ocrx_word' id='word_1_391' title='bbox 1991 2791 2252 2848; x_wconf 78' lang='lat' dir='ltr'><strong>excubias</strong></span> <span class='ocrx_word' id='word_1_392' title='bbox 2282 2792 2526 2865; x_wconf 87' lang='lat' dir='ltr'><strong>aliasque</strong></span> <span class='ocrx_word' id='word_1_393' title='bbox 2566 2797 2771 2852; x_wconf 89' lang='lat' dir='ltr'><strong>celeres</strong></span> <span class='ocrx_word' id='word_1_394' title='bbox 2809 2813 3006 2855; x_wconf 87' lang='lat' dir='ltr'><strong>causas</strong></span> <span class='ocrx_word' id='word_1_395' title='bbox 3047 2801 3237 2858; x_wconf 88' lang='lat' dir='ltr'><strong>uteris.</strong></span> 
     </span>
    </p>
   </div>
   <div class='ocr_carea' id='block_1_56' title="bbox 2064 2883 3571 2968">
    <p class='ocr_par' dir='ltr' id='par_1_56' title="bbox 2064 2883 3571 2968">
     <span class='ocr_line' id='line_1_56' title="bbox 2064 2883 3571 2968; baseline 0.011 -31"><span class='ocrx_word' id='word_1_396' title='bbox 2064 2883 2153 2938; x_wconf 80' lang='grc' dir='ltr'>Η.</span> <span class='ocrx_word' id='word_1_397' title='bbox 2203 2884 2354 2941; x_wconf 82' lang='lat' dir='ltr'><strong>Alias</strong></span> <span class='ocrx_word' id='word_1_398' title='bbox 2405 2897 2665 2957; x_wconf 78' lang='lat' dir='ltr'><strong>praeterea</strong></span> <span class='ocrx_word' id='word_1_399' title='bbox 2720 2904 2882 2946; x_wconf 85' lang='lat' dir='ltr'><strong>naves</strong></span> <span class='ocrx_word' id='word_1_400' title='bbox 2914 2895 3222 2959; x_wconf 87' lang='lat' dir='ltr'><strong>onerarias,</strong></span> <span class='ocrx_word' id='word_1_401' title='bbox 3267 2904 3323 2952; x_wconf 90' lang='lat' dir='ltr'>et</span> <span class='ocrx_word' id='word_1_402' title='bbox 3357 2899 3571 2968; x_wconf 71' lang='lat' dir='ltr'><strong>equite-</strong></span> 
     </span>
    </p>
   </div>
   <div class='ocr_carea' id='block_1_57' title="bbox 1998 2977 3567 3057">
    <p class='ocr_par' dir='ltr' id='par_1_57' title="bbox 1998 2977 3567 3057">
     <span class='ocr_line' id='line_1_57' title="bbox 1998 2977 3567 3057; baseline 0.011 -28"><span class='ocrx_word' id='word_1_403' title='bbox 1998 2990 2088 3031; x_wconf 89' lang='lat' dir='ltr'>ras</span> <span class='ocrx_word' id='word_1_404' title='bbox 2129 2977 2372 3047; x_wconf 81' lang='lat' dir='ltr'><strong>parabis,</strong></span> <span class='ocrx_word' id='word_1_405' title='bbox 2401 2994 2542 3050; x_wconf 86' lang='lat' dir='ltr'><strong>quas</strong></span> <span class='ocrx_word' id='word_1_406' title='bbox 2601 2981 3116 3050; x_wconf 86' lang='lat' dir='ltr'><strong>impedimentorum</strong></span> <span class='ocrx_word' id='word_1_407' title='bbox 3172 2987 3292 3043; x_wconf 90' lang='lat' dir='ltr'><strong>loco</strong></span> <span class='ocrx_word' id='word_1_408' title='bbox 3322 2988 3567 3057; x_wconf 85' lang='lat' dir='ltr'><strong>habebis,</strong></span> 
     </span>
    </p>
   </div>
   <div class='ocr_carea' id='block_1_58' title="bbox 1997 3073 3568 3150">
    <p class='ocr_par' dir='ltr' id='par_1_58' title="bbox 1997 3073 3568 3150">
     <span class='ocr_line' id='line_1_58' title="bbox 1997 3073 3568 3150; baseline 0.01 -29"><span class='ocrx_word' id='word_1_409' title='bbox 1997 3083 2118 3137; x_wconf 67' lang='lat' dir='ltr'>qum</span> <span class='ocrx_word' id='word_1_410' title='bbox 2175 3079 2492 3142; x_wconf 88' lang='lat' dir='ltr'><strong>apparatum</strong></span> <span class='ocrx_word' id='word_1_411' title='bbox 2536 3073 2856 3130; x_wconf 81' lang='lat' dir='ltr'><strong>universum</strong></span> <span class='ocrx_word' id='word_1_412' title='bbox 2909 3075 3198 3133; x_wconf 86' lang='lat' dir='ltr'><strong>militarem</strong></span> <span class='ocrx_word' id='word_1_413' title='bbox 3254 3083 3568 3150; x_wconf 75' lang='lat' dir='ltr'><strong>gestabunt,</strong></span> 
     </span>
    </p>
   </div>
   <div class='ocr_carea' id='block_1_59' title="bbox 2001 3163 3574 3247">
    <p class='ocr_par' dir='ltr' id='par_1_59' title="bbox 2001 3163 3574 3247">
     <span class='ocr_line' id='line_1_59' title="bbox 2001 3163 3574 3247; baseline 0.012 -32"><span class='ocrx_word' id='word_1_414' title='bbox 2001 3168 2061 3215; x_wconf 87' lang='lat' dir='ltr'>ut</span> <span class='ocrx_word' id='word_1_415' title='bbox 2100 3179 2167 3217; x_wconf 89' lang='lat' dir='ltr'>ne</span> <span class='ocrx_word' id='word_1_416' title='bbox 2199 3163 2266 3219; x_wconf 91' lang='lat' dir='ltr'>iis</span> <span class='ocrx_word' id='word_1_417' title='bbox 2303 3164 2466 3223; x_wconf 87' lang='lat' dir='ltr'><strong>rebus</strong></span> <span class='ocrx_word' id='word_1_418' title='bbox 2503 3166 2756 3223; x_wconf 90' lang='lat' dir='ltr'><strong>triremes</strong></span> <span class='ocrx_word' id='word_1_419' title='bbox 2808 3170 2925 3226; x_wconf 73' lang='lat' dir='ltr'><strong>alia:</strong></span> <span class='ocrx_word' id='word_1_420' title='bbox 2971 3181 3288 3242; x_wconf 78' lang='lat' dir='ltr'><strong>graventur,</strong></span> <span class='ocrx_word' id='word_1_421' title='bbox 3337 3177 3574 3247; x_wconf 82' lang='lat' dir='ltr'><strong>bellique</strong></span> 
     </span>
    </p>
   </div>
   <div class='ocr_carea' id='block_1_60' title="bbox 313 3234 1889 3336">
    <p class='ocr_par' dir='ltr' id='par_1_60' title="bbox 313 3234 1886 3336">
     <span class='ocr_line' id='line_1_60' title="bbox 313 3234 1886 3336; baseline -0.001 -20"><span class='ocrx_word' id='word_1_422' title='bbox 313 3234 766 3331; x_wconf 55' lang='grc' dir='ltr'>ἀγῶνοςκαιρίῖ).</span> <span class='ocrx_word' id='word_1_423' title='bbox 799 3260 928 3313; x_wconf 86' lang='grc' dir='ltr'>Ὅτε</span> <span class='ocrx_word' id='word_1_424' title='bbox 979 3258 1035 3312; x_wconf 84' lang='grc' dir='ltr'>δὲ</span> <span class='ocrx_word' id='word_1_425' title='bbox 1088 3234 1247 3330; x_wconf 78' lang='grc' dir='ltr'>χρεία</span> <span class='ocrx_word' id='word_1_426' title='bbox 1299 3234 1500 3332; x_wconf 77' lang='grc' dir='ltr'>μικρᾶς</span> <span class='ocrx_word' id='word_1_427' title='bbox 1539 3234 1802 3336; x_wconf 82' lang='grc' dir='ltr'>δαπάνης,</span> <span class='ocrx_word' id='word_1_428' title='bbox 1854 3263 1886 3335; x_wconf 82' lang='grc' dir='ltr'>ἢ</span> 
     </span>
    </p>
   </div>
   <div class='ocr_carea' id='block_1_61' title="bbox 1993 3234 3573 3336">
    <p class='ocr_par' dir='ltr' id='par_1_61' title="bbox 2005 3254 3573 3329">
     <span class='ocr_line' id='line_1_61' title="bbox 2005 3254 3573 3329; baseline 0.012 -22"><span class='ocrx_word' id='word_1_429' title='bbox 2005 3254 2352 3323; x_wconf 89' lang='lat' dir='ltr'><strong>potissimum</strong></span> <span class='ocrx_word' id='word_1_430' title='bbox 2404 3265 2667 3329; x_wconf 59' lang='lat' dir='ltr'><strong>tempore.</strong></span> <span class='ocrx_word' id='word_1_431' title='bbox 2724 3258 2825 3318; x_wconf 81' lang='lat' dir='ltr'>Ubi</span> <span class='ocrx_word' id='word_1_432' title='bbox 2883 3271 3066 3319; x_wconf 84' lang='lat' dir='ltr'><strong>autem</strong></span> <span class='ocrx_word' id='word_1_433' title='bbox 3121 3277 3428 3323; x_wconf 87' lang='lat' dir='ltr'><strong>commeatu</strong></span> <span class='ocrx_word' id='word_1_434' title='bbox 3480 3282 3573 3326; x_wconf 91' lang='lat' dir='ltr'>aut</span> 
     </span>
    </p>
   </div>
   <div class='ocr_carea' id='block_1_62' title="bbox 315 3351 1890 3432">
    <p class='ocr_par' dir='ltr' id='par_1_62' title="bbox 315 3351 1890 3432">
     <span class='ocr_line' id='line_1_62' title="bbox 315 3351 1890 3432; baseline -0.006 -22"><span class='ocrx_word' id='word_1_435' title='bbox 315 3355 514 3421; x_wconf 79' lang='grc' dir='ltr'>ὅπλων,</span> <span class='ocrx_word' id='word_1_436' title='bbox 545 3354 578 3432; x_wconf 74' lang='grc' dir='ltr'><strong>ἦ</strong></span> <span class='ocrx_word' id='word_1_437' title='bbox 611 3353 774 3426; x_wconf 78' lang='grc' dir='ltr'>ἄλλης</span> <span class='ocrx_word' id='word_1_438' title='bbox 806 3351 959 3423; x_wconf 76' lang='grc' dir='ltr'>ὕλης,</span> <span class='ocrx_word' id='word_1_439' title='bbox 998 3351 1206 3407; x_wconf 68' lang='grc' dir='ltr'>ἐκεῖθεν</span> <span class='ocrx_word' id='word_1_440' title='bbox 1232 3352 1655 3427; x_wconf 79' lang='grc' dir='ltr'>ἁναλαμϐάνωσι</span> <span class='ocrx_word' id='word_1_441' title='bbox 1683 3357 1779 3422; x_wconf 82' lang='grc' dir='ltr'>τὰς</span> <span class='ocrx_word' id='word_1_442' title='bbox 1809 3357 1890 3416; x_wconf 79' lang='grc' dir='ltr'>δι-</span> 
     </span>
    </p>
   </div>
   <div class='ocr_carea' id='block_1_63' title="bbox 313 3450 578 3518">
    <p class='ocr_par' dir='ltr' id='par_1_63' title="bbox 313 3450 578 3518">
     <span class='ocr_line' id='line_1_63' title="bbox 313 3450 578 3518; baseline -0.015 -16"><span class='ocrx_word' id='word_1_443' title='bbox 313 3450 578 3518; x_wconf 74' lang='grc' dir='ltr'>οικήσεις,</span> 
     </span>
    </p>
   </div>
   <div class='ocr_carea' id='block_1_64' title="bbox 391 3539 1894 3618">
    <p class='ocr_par' dir='ltr' id='par_1_64' title="bbox 391 3539 1894 3618">
     <span class='ocr_line' id='line_1_64' title="bbox 391 3539 1894 3618; baseline 0.003 -25"><span class='ocrx_word' id='word_1_444' title='bbox 391 3539 478 3614; x_wconf 83' lang='grc' dir='ltr'>ιβ’.</span> <span class='ocrx_word' id='word_1_445' title='bbox 507 3541 611 3594; x_wconf 77' lang='grc' dir='ltr'>Τὸν</span> <span class='ocrx_word' id='word_1_446' title='bbox 643 3541 701 3595; x_wconf 83' lang='grc' dir='ltr'>δὲ</span> <span class='ocrx_word' id='word_1_447' title='bbox 724 3542 831 3596; x_wconf 90' lang='grc' dir='ltr'>τῶν</span> <span class='ocrx_word' id='word_1_448' title='bbox 858 3544 1150 3618; x_wconf 84' lang='grc' dir='ltr'>δρομώνων</span> <span class='ocrx_word' id='word_1_449' title='bbox 1179 3546 1429 3618; x_wconf 74' lang='grc' dir='ltr'>ἀριθμὸν,</span> <span class='ocrx_word' id='word_1_450' title='bbox 1461 3546 1552 3600; x_wconf 73' lang='grc' dir='ltr'>καὶ</span> <span class='ocrx_word' id='word_1_451' title='bbox 1582 3545 1688 3600; x_wconf 89' lang='grc' dir='ltr'>τῶν</span> <span class='ocrx_word' id='word_1_452' title='bbox 1718 3545 1775 3600; x_wconf 84' lang='grc' dir='ltr'>ὲν</span> <span class='ocrx_word' id='word_1_453' title='bbox 1801 3545 1894 3599; x_wconf 80' lang='grc' dir='ltr'>αὖ·</span> 
     </span>
    </p>
   </div>
   <div class='ocr_carea' id='block_1_65' title="bbox 317 3633 1889 3712">
    <p class='ocr_par' dir='ltr' id='par_1_65' title="bbox 317 3633 1889 3712">
     <span class='ocr_line' id='line_1_65' title="bbox 317 3633 1889 3712; baseline 0.003 -25"><span class='ocrx_word' id='word_1_454' title='bbox 317 3633 429 3698; x_wconf 79' lang='grc' dir='ltr'>τοῖς</span> <span class='ocrx_word' id='word_1_455' title='bbox 463 3635 834 3704; x_wconf 83' lang='grc' dir='ltr'>στρατιωτῶν,</span> <span class='ocrx_word' id='word_1_456' title='bbox 871 3638 1191 3693; x_wconf 80' lang='grc' dir='ltr'>ἀνείκαστόν</span> <span class='ocrx_word' id='word_1_457' title='bbox 1225 3641 1341 3694; x_wconf 75' lang='grc' dir='ltr'>ἐστι</span> <span class='ocrx_word' id='word_1_458' title='bbox 1376 3640 1468 3694; x_wconf 74' lang='grc' dir='ltr'>καὶ</span> <span class='ocrx_word' id='word_1_459' title='bbox 1496 3639 1688 3710; x_wconf 79' lang='grc' dir='ltr'>ἄδηλον</span> <span class='ocrx_word' id='word_1_460' title='bbox 1721 3639 1889 3712; x_wconf 80' lang='grc' dir='ltr'>διορίο</span> 
     </span>
    </p>
   </div>
   <div class='ocr_carea' id='block_1_66' title="bbox 320 3724 1890 3802">
    <p class='ocr_par' dir='ltr' id='par_1_66' title="bbox 320 3724 1890 3802">
     <span class='ocr_line' id='line_1_66' title="bbox 320 3724 1890 3802; baseline 0.006 -26"><span class='ocrx_word' id='word_1_461' title='bbox 320 3724 537 3779; x_wconf 81' lang='grc' dir='ltr'>σασθαι.</span> <span class='ocrx_word' id='word_1_462' title='bbox 575 3725 639 3780; x_wconf 86' lang='grc' dir='ltr'><strong>Ἥ</strong></span> <span class='ocrx_word' id='word_1_463' title='bbox 661 3726 767 3798; x_wconf 83' lang='grc' dir='ltr'>γὰρ</span> <span class='ocrx_word' id='word_1_464' title='bbox 801 3727 943 3783; x_wconf 79' lang='grc' dir='ltr'>κατὰ</span> <span class='ocrx_word' id='word_1_465' title='bbox 973 3729 1064 3782; x_wconf 68' lang='grc' dir='ltr'>τὸν</span> <span class='ocrx_word' id='word_1_466' title='bbox 1094 3729 1284 3801; x_wconf 77' lang='grc' dir='ltr'>καιρὸν</span> <span class='ocrx_word' id='word_1_467' title='bbox 1306 3731 1460 3802; x_wconf 82' lang='grc' dir='ltr'>χρεία</span> <span class='ocrx_word' id='word_1_468' title='bbox 1493 3732 1628 3800; x_wconf 85' lang='grc' dir='ltr'>πρὸς</span> <span class='ocrx_word' id='word_1_469' title='bbox 1656 3732 1754 3802; x_wconf 84' lang='grc' dir='ltr'>τὴν</span> <span class='ocrx_word' id='word_1_470' title='bbox 1781 3731 1890 3785; x_wconf 88' lang='grc' dir='ltr'>τῶν</span> 
     </span>
    </p>
   </div>
   <div class='ocr_carea' id='block_1_67' title="bbox 318 3816 1892 3897">
    <p class='ocr_par' dir='ltr' id='par_1_67' title="bbox 318 3816 1892 3897">
     <span class='ocr_line' id='line_1_67' title="bbox 318 3816 1892 3897; baseline 0.006 -30"><span class='ocrx_word' id='word_1_471' title='bbox 318 3816 770 3888; x_wconf 78' lang='grc' dir='ltr'>ἀντιμαχομένων</span> <span class='ocrx_word' id='word_1_472' title='bbox 806 3820 1081 3890; x_wconf 85' lang='grc' dir='ltr'>πολεμίων</span> <span class='ocrx_word' id='word_1_473' title='bbox 1108 3822 1358 3890; x_wconf 79' lang='grc' dir='ltr'>δύναμιν,</span> <span class='ocrx_word' id='word_1_474' title='bbox 1390 3821 1466 3884; x_wconf 81' lang='grc' dir='ltr'>ὡς</span> <span class='ocrx_word' id='word_1_475' title='bbox 1508 3821 1573 3874; x_wconf 88' lang='grc' dir='ltr'>ἂν</span> <span class='ocrx_word' id='word_1_476' title='bbox 1613 3822 1892 3897; x_wconf 83' lang='grc' dir='ltr'>ἀπαιτήσῃ</span> 
     </span>
    </p>
   </div>
   <div class='ocr_carea' id='block_1_68' title="bbox 308 3901 1893 3983">
    <p class='ocr_par' dir='ltr' id='par_1_68' title="bbox 308 3901 1893 3983">
     <span class='ocr_line' id='line_1_68' title="bbox 308 3901 1893 3983; baseline 0.008 -29"><span class='ocrx_word' id='word_1_477' title='bbox 308 3901 416 3954; x_wconf 71' lang='grc' dir='ltr'>’καὶ</span> <span class='ocrx_word' id='word_1_478' title='bbox 441 3901 502 3956; x_wconf 83' lang='grc' dir='ltr'>τὸ</span> <span class='ocrx_word' id='word_1_479' title='bbox 530 3902 734 3978; x_wconf 78' lang='grc' dir='ltr'>πλῆθος</span> <span class='ocrx_word' id='word_1_480' title='bbox 760 3905 870 3963; x_wconf 89' lang='grc' dir='ltr'>τῶν</span> <span class='ocrx_word' id='word_1_481' title='bbox 888 3906 1205 3978; x_wconf 83' lang='grc' dir='ltr'>δρομὼνων.</span> <span class='ocrx_word' id='word_1_482' title='bbox 1226 3910 1338 3962; x_wconf 75' lang='grc' dir='ltr'>Καὶ</span> <span class='ocrx_word' id='word_1_483' title='bbox 1360 3909 1521 3963; x_wconf 85' lang='grc' dir='ltr'>πάλιν</span> <span class='ocrx_word' id='word_1_484' title='bbox 1545 3910 1636 3963; x_wconf 77' lang='grc' dir='ltr'>τὸν</span> <span class='ocrx_word' id='word_1_485' title='bbox 1661 3911 1893 3983; x_wconf 69' lang='grc' dir='ltr'>ἀριθμὸν</span> 
     </span>
    </p>
   </div>
   <div class='ocr_carea' id='block_1_69' title="bbox 321 3993 1894 4072">
    <p class='ocr_par' dir='ltr' id='par_1_69' title="bbox 321 3993 1894 4072">
     <span class='ocr_line' id='line_1_69' title="bbox 321 3993 1894 4072; baseline 0.008 -26"><span class='ocrx_word' id='word_1_486' title='bbox 321 3993 415 4047; x_wconf 84' lang='grc' dir='ltr'>τοῦ</span> <span class='ocrx_word' id='word_1_487' title='bbox 447 3995 504 4049; x_wconf 80' lang='grc' dir='ltr'>ἐν</span> <span class='ocrx_word' id='word_1_488' title='bbox 527 3997 706 4060; x_wconf 81' lang='grc' dir='ltr'>αὐτοῖς</span> <span class='ocrx_word' id='word_1_489' title='bbox 738 3996 870 4060; x_wconf 78' lang='grc' dir='ltr'>λαοῦ</span> <span class='ocrx_word' id='word_1_490' title='bbox 898 4000 1041 4053; x_wconf 77' lang='grc' dir='ltr'>κατὰ</span> <span class='ocrx_word' id='word_1_491' title='bbox 1071 4001 1130 4054; x_wconf 86' lang='grc' dir='ltr'>τὸ</span> <span class='ocrx_word' id='word_1_492' title='bbox 1155 4000 1383 4071; x_wconf 75' lang='grc' dir='ltr'>μέγεθος</span> <span class='ocrx_word' id='word_1_493' title='bbox 1413 4001 1520 4059; x_wconf 89' lang='grc' dir='ltr'>τῶν</span> <span class='ocrx_word' id='word_1_494' title='bbox 1545 4003 1766 4072; x_wconf 80' lang='grc' dir='ltr'>πλοίων,</span> <span class='ocrx_word' id='word_1_495' title='bbox 1800 4005 1894 4058; x_wconf 77' lang='grc' dir='ltr'>καὶ</span> 
     </span>
    </p>
   </div>
   <div class='ocr_carea' id='block_1_70' title="bbox 319 4087 1898 4170">
    <p class='ocr_par' dir='ltr' id='par_1_70' title="bbox 319 4087 1898 4170">
     <span class='ocr_line' id='line_1_70' title="bbox 319 4087 1898 4170; baseline 0.006 -29"><span class='ocrx_word' id='word_1_496' title='bbox 319 4087 419 4159; x_wconf 79' lang='grc' dir='ltr'>τὴν</span> <span class='ocrx_word' id='word_1_497' title='bbox 448 4087 671 4144; x_wconf 75' lang='grc' dir='ltr'>δέουσαν</span> <span class='ocrx_word' id='word_1_498' title='bbox 707 4091 764 4144; x_wconf 83' lang='grc' dir='ltr'>ὲν</span> <span class='ocrx_word' id='word_1_499' title='bbox 796 4092 980 4157; x_wconf 75' lang='grc' dir='ltr'>αὐτοῖς</span> <span class='ocrx_word' id='word_1_500' title='bbox 1027 4095 1327 4170; x_wconf 80' lang='grc' dir='ltr'>πολεμικήν</span> <span class='ocrx_word' id='word_1_501' title='bbox 1370 4093 1580 4150; x_wconf 78' lang='grc' dir='ltr'>ὅπλισιν</span> <span class='ocrx_word' id='word_1_502' title='bbox 1623 4095 1765 4152; x_wconf 78' lang='grc' dir='ltr'>οὕτω</span> <span class='ocrx_word' id='word_1_503' title='bbox 1803 4098 1898 4156; x_wconf 76' lang='grc' dir='ltr'>καὶ</span> 
     </span>
    </p>
   </div>
   <div class='ocr_carea' id='block_1_71' title="bbox 322 4181 587 4252">
    <p class='ocr_par' dir='ltr' id='par_1_71' title="bbox 322 4181 587 4252">
     <span class='ocr_line' id='line_1_71' title="bbox 322 4181 587 4252; baseline 0.015 -20"><span class='ocrx_word' id='word_1_504' title='bbox 322 4181 587 4252; x_wconf 79' lang='grc' dir='ltr'>ποιήσεις.</span> 
     </span>
    </p>
   </div>
   <div class='ocr_carea' id='block_1_72' title="bbox 351 4271 1898 4350">
    <p class='ocr_par' dir='ltr' id='par_1_72' title="bbox 351 4271 1898 4350">
     <span class='ocr_line' id='line_1_72' title="bbox 351 4271 1898 4350; baseline 0.008 -26"><span class='ocrx_word' id='word_1_505' title='bbox 351 4335 353 4337; x_wconf 19' lang='grc' dir='ltr'><strong><em>ι</em></strong></span> <span class='ocrx_word' id='word_1_506' title='bbox 397 4271 487 4340; x_wconf 84' lang='grc' dir='ltr'>ιγ’.</span> <span class='ocrx_word' id='word_1_507' title='bbox 526 4274 756 4342; x_wconf 88' lang='grc' dir='ltr'>Προσέτι</span> <span class='ocrx_word' id='word_1_508' title='bbox 796 4275 850 4328; x_wconf 76' lang='grc' dir='ltr'>δὲ</span> <span class='ocrx_word' id='word_1_509' title='bbox 889 4277 983 4331; x_wconf 77' lang='grc' dir='ltr'>καὶ</span> <span class='ocrx_word' id='word_1_510' title='bbox 1031 4277 1099 4330; x_wconf 77' lang='grc' dir='ltr'>τὰ</span> <span class='ocrx_word' id='word_1_511' title='bbox 1127 4280 1434 4350; x_wconf 60' lang='grc' dir='ltr'>σκευοφόρα</span> <span class='ocrx_word' id='word_1_512' title='bbox 1467 4283 1560 4334; x_wconf 80' lang='grc' dir='ltr'>καὶ</span> <span class='ocrx_word' id='word_1_513' title='bbox 1594 4281 1898 4350; x_wconf 77' lang='grc' dir='ltr'>ἱππαγωγά</span> 
     </span>
    </p>
   </div>
   <div class='ocr_carea' id='block_1_73' title="bbox 325 4360 1897 4444">
    <p class='ocr_par' dir='ltr' id='par_1_73' title="bbox 325 4360 1897 4444">
     <span class='ocr_line' id='line_1_73' title="bbox 325 4360 1897 4444; baseline 0.008 -29"><span class='ocrx_word' id='word_1_514' title='bbox 325 4360 484 4415; x_wconf 83' lang='grc' dir='ltr'>πλοῖα</span> <span class='ocrx_word' id='word_1_515' title='bbox 518 4364 644 4427; x_wconf 75' lang='grc' dir='ltr'>τοὺς</span> <span class='ocrx_word' id='word_1_516' title='bbox 684 4365 740 4417; x_wconf 80' lang='grc' dir='ltr'>ἐν</span> <span class='ocrx_word' id='word_1_517' title='bbox 771 4367 954 4430; x_wconf 80' lang='grc' dir='ltr'>αὐτοῖς</span> <span class='ocrx_word' id='word_1_518' title='bbox 999 4368 1303 4439; x_wconf 79' lang='grc' dir='ltr'>ἀρκοῦντας</span> <span class='ocrx_word' id='word_1_519' title='bbox 1350 4369 1530 4436; x_wconf 78' lang='grc' dir='ltr'>ἕξουσι</span> <span class='ocrx_word' id='word_1_520' title='bbox 1571 4373 1771 4438; x_wconf 79' lang='grc' dir='ltr'>ναύτας</span> <span class='ocrx_word' id='word_1_521' title='bbox 1796 4373 1897 4444; x_wconf 81' lang='grc'>(5),</span> 
     </span>
    </p>
   </div>
   <div class='ocr_carea' id='block_1_74' title="bbox 322 4455 1900 4535">
    <p class='ocr_par' dir='ltr' id='par_1_74' title="bbox 322 4455 1900 4535">
     <span class='ocr_line' id='line_1_74' title="bbox 322 4455 1900 4535; baseline 0.008 -29"><span class='ocrx_word' id='word_1_522' title='bbox 322 4455 444 4508; x_wconf 82' lang='grc' dir='ltr'>οὐδὲ</span> <span class='ocrx_word' id='word_1_523' title='bbox 479 4455 673 4519; x_wconf 72' lang='grc' dir='ltr'>αὐτοὺς</span> <span class='ocrx_word' id='word_1_524' title='bbox 711 4457 993 4522; x_wconf 74' lang='grc' dir='ltr'>ἀνόπλους.</span> <span class='ocrx_word' id='word_1_525' title='bbox 1036 4460 1194 4514; x_wconf 81' lang='grc' dir='ltr'>Ἀλλά</span> <span class='ocrx_word' id='word_1_526' title='bbox 1227 4461 1323 4515; x_wconf 77' lang='grc' dir='ltr'>καὶ</span> <span class='ocrx_word' id='word_1_527' title='bbox 1362 4463 1492 4528; x_wconf 79' lang='grc' dir='ltr'>τόξα</span> <span class='ocrx_word' id='word_1_528' title='bbox 1527 4464 1772 4535; x_wconf 82' lang='grc' dir='ltr'>ἔχοντας,</span> <span class='ocrx_word' id='word_1_529' title='bbox 1804 4466 1900 4519; x_wconf 72' lang='grc' dir='ltr'>καὶ</span> 
     </span>
    </p>
   </div>
   <div class='ocr_carea' id='block_1_75' title="bbox 323 4547 1896 4626">
    <p class='ocr_par' dir='ltr' id='par_1_75' title="bbox 323 4547 1896 4626">
     <span class='ocr_line' id='line_1_75' title="bbox 323 4547 1896 4626; baseline 0.008 -27"><span class='ocrx_word' id='word_1_530' title='bbox 323 4547 603 4616; x_wconf 81' lang='grc' dir='ltr'>σαγίττας,</span> <span class='ocrx_word' id='word_1_531' title='bbox 636 4551 730 4605; x_wconf 70' lang='grc' dir='ltr'>καὶ</span> <span class='ocrx_word' id='word_1_532' title='bbox 757 4552 1034 4623; x_wconf 76' lang='grc' dir='ltr'>ρικτάρια,</span> <span class='ocrx_word' id='word_1_533' title='bbox 1065 4553 1157 4606; x_wconf 79' lang='grc' dir='ltr'>καὶ</span> <span class='ocrx_word' id='word_1_534' title='bbox 1185 4554 1240 4606; x_wconf 76' lang='grc' dir='ltr'>εἴ</span> <span class='ocrx_word' id='word_1_535' title='bbox 1264 4571 1313 4607; x_wconf 87' lang='grc' dir='ltr'>τι</span> <span class='ocrx_word' id='word_1_536' title='bbox 1339 4554 1595 4625; x_wconf 84' lang='grc' dir='ltr'>χρειῶδες</span> <span class='ocrx_word' id='word_1_537' title='bbox 1630 4556 1766 4626; x_wconf 81' lang='grc' dir='ltr'>πρὸς</span> <span class='ocrx_word' id='word_1_538' title='bbox 1796 4558 1896 4611; x_wconf 83' lang='grc' dir='ltr'>πό-</span> 
     </span>
    </p>
   </div>
   <div class='ocr_carea' id='block_1_76' title="bbox 323 4640 1900 4718">
    <p class='ocr_par' dir='ltr' id='par_1_76' title="bbox 323 4640 1900 4718">
     <span class='ocr_line' id='line_1_76' title="bbox 323 4640 1900 4718; baseline 0.008 -27"><span class='ocrx_word' id='word_1_539' title='bbox 323 4641 487 4709; x_wconf 84' lang='grc' dir='ltr'>λεμον</span> <span class='ocrx_word' id='word_1_540' title='bbox 517 4641 722 4711; x_wconf 71' lang='grc' dir='ltr'>ἕτερον,</span> <span class='ocrx_word' id='word_1_541' title='bbox 757 4640 845 4694; x_wconf 79' lang='grc' dir='ltr'>διὰ</span> <span class='ocrx_word' id='word_1_542' title='bbox 873 4642 973 4706; x_wconf 84' lang='grc' dir='ltr'>τὰς</span> <span class='ocrx_word' id='word_1_543' title='bbox 997 4645 1300 4714; x_wconf 81' lang='grc' dir='ltr'>ἀναγκαίας</span> <span class='ocrx_word' id='word_1_544' title='bbox 1329 4647 1699 4718; x_wconf 80' lang='grc' dir='ltr'>περιστάσεις.</span> <span class='ocrx_word' id='word_1_545' title='bbox 1746 4649 1900 4704; x_wconf 79' lang='grc' dir='ltr'>Ἐπι-</span> 
     </span>
    </p>
   </div>
   <div class='ocr_carea' id='block_1_77' title="bbox 325 4733 1901 4811">
    <p class='ocr_par' dir='ltr' id='par_1_77' title="bbox 325 4733 1901 4811">
     <span class='ocr_line' id='line_1_77' title="bbox 325 4733 1901 4811; baseline 0.006 -26"><span class='ocrx_word' id='word_1_546' title='bbox 325 4733 681 4808; x_wconf 75' lang='grc' dir='ltr'>φερέσοωσαν</span> <span class='ocrx_word' id='word_1_547' title='bbox 718 4734 775 4787; x_wconf 79' lang='grc' dir='ltr'>δὲ.</span> <span class='ocrx_word' id='word_1_548' title='bbox 805 4736 898 4788; x_wconf 73' lang='grc' dir='ltr'>καὶ</span> <span class='ocrx_word' id='word_1_549' title='bbox 925 4736 1155 4806; x_wconf 83' lang='grc' dir='ltr'>περιττά</span> <span class='ocrx_word' id='word_1_550' title='bbox 1187 4737 1347 4791; x_wconf 80' lang='grc' dir='ltr'>ὃπλαο</span> <span class='ocrx_word' id='word_1_551' title='bbox 1385 4739 1515 4791; x_wconf 84' lang='grc' dir='ltr'>ποτὲ</span> <span class='ocrx_word' id='word_1_552' title='bbox 1539 4738 1646 4811; x_wconf 77' lang='grc' dir='ltr'>γὰρ</span> <span class='ocrx_word' id='word_1_553' title='bbox 1674 4742 1766 4793; x_wconf 75' lang='grc' dir='ltr'>καὶ</span> <span class='ocrx_word' id='word_1_554' title='bbox 1790 4740 1901 4794; x_wconf 82' lang='grc' dir='ltr'>λει⁶</span> 
     </span>
    </p>
   </div>
   <div class='ocr_carea' id='block_1_78' title="bbox 327 4825 1902 4903">
    <p class='ocr_par' dir='ltr' id='par_1_78' title="bbox 327 4825 1902 4903">
     <span class='ocr_line' id='line_1_78' title="bbox 327 4825 1902 4903; baseline 0.006 -27"><span class='ocrx_word' id='word_1_555' title='bbox 327 4825 537 4878; x_wconf 82' lang='grc' dir='ltr'>πόντων</span> <span class='ocrx_word' id='word_1_556' title='bbox 562 4825 757 4892; x_wconf 82' lang='grc' dir='ltr'>ὃπλων,</span> <span class='ocrx_word' id='word_1_557' title='bbox 784 4827 989 4880; x_wconf 80' lang='grc' dir='ltr'>ἐκεῖθεν</span> <span class='ocrx_word' id='word_1_558' title='bbox 1023 4829 1070 4880; x_wconf 83' lang='grc' dir='ltr'>οἱ</span> <span class='ocrx_word' id='word_1_559' title='bbox 1100 4829 1426 4903; x_wconf 79' lang='grc' dir='ltr'>στρατιῶται</span> <span class='ocrx_word' id='word_1_560' title='bbox 1453 4831 1788 4901; x_wconf 84' lang='grc' dir='ltr'>πορίσονται.</span> <span class='ocrx_word' id='word_1_561' title='bbox 1820 4832 1902 4886; x_wconf 79' lang='grc' dir='ltr'>Τὰ</span> 
     </span>
    </p>
   </div>
   <div class='ocr_carea' id='block_1_79' title="bbox 318 4918 1896 4996">
    <p class='ocr_par' dir='ltr' id='par_1_79' title="bbox 318 4918 1896 4996">
     <span class='ocr_line' id='line_1_79' title="bbox 318 4918 1896 4996; baseline 0.005 -25"><span class='ocrx_word' id='word_1_562' title='bbox 318 4918 376 4971; x_wconf 81' lang='grc' dir='ltr'>δὲ</span> <span class='ocrx_word' id='word_1_563' title='bbox 399 4918 623 4972; x_wconf 84' lang='grc' dir='ltr'>τοιαῦτα</span> <span class='ocrx_word' id='word_1_564' title='bbox 645 4919 806 4974; x_wconf 84' lang='grc' dir='ltr'>πλοίά</span> <span class='ocrx_word' id='word_1_565' title='bbox 827 4921 921 4976; x_wconf 69' lang='grc' dir='ltr'>καὶ</span> <span class='ocrx_word' id='word_1_566' title='bbox 942 4919 1160 4992; x_wconf 73' lang='grc' dir='ltr'>ἅρματα</span> <span class='ocrx_word' id='word_1_567' title='bbox 1186 4924 1477 4996; x_wconf 79' lang='grc' dir='ltr'>ἐχέτωσαν,</span> <span class='ocrx_word' id='word_1_568' title='bbox 1499 4923 1596 4977; x_wconf 69' lang='grc' dir='ltr'>καὶ</span> <span class='ocrx_word' id='word_1_569' title='bbox 1621 4925 1896 4994; x_wconf 83' lang='grc' dir='ltr'>μὰγγανα,</span> 
     </span>
    </p>
   </div>
   <div class='ocr_carea' id='block_1_80' title="bbox 319 5010 1896 5090">
    <p class='ocr_par' dir='ltr' id='par_1_80' title="bbox 319 5010 1896 5090">
     <span class='ocr_line' id='line_1_80' title="bbox 319 5010 1896 5090; baseline 0.005 -27"><span class='ocrx_word' id='word_1_570' title='bbox 319 5011 415 5064; x_wconf 72' lang='grc' dir='ltr'>καὶ</span> <span class='ocrx_word' id='word_1_571' title='bbox 465 5010 534 5064; x_wconf 82' lang='grc' dir='ltr'>τὰ</span> <span class='ocrx_word' id='word_1_572' title='bbox 580 5011 712 5065; x_wconf 83' lang='grc' dir='ltr'>ἄλλα</span> <span class='ocrx_word' id='word_1_573' title='bbox 751 5012 890 5066; x_wconf 85' lang='grc' dir='ltr'>ὅπλα</span> <span class='ocrx_word' id='word_1_574' title='bbox 937 5013 1074 5083; x_wconf 70' lang='grc' dir='ltr'>πρὸς</span> <span class='ocrx_word' id='word_1_575' title='bbox 1123 5013 1329 5090; x_wconf 84' lang='grc' dir='ltr'>χρείαν,</span> <span class='ocrx_word' id='word_1_576' title='bbox 1369 5015 1417 5068; x_wconf 84' lang='grc' dir='ltr'>εἰ</span> <span class='ocrx_word' id='word_1_577' title='bbox 1464 5014 1640 5087; x_wconf 81' lang='grc' dir='ltr'>τύχοι,</span> <span class='ocrx_word' id='word_1_578' title='bbox 1689 5018 1896 5088; x_wconf 82' lang='grc' dir='ltr'>μήποτε</span> 
     </span>
    </p>
   </div>
   <div class='ocr_carea' id='block_1_81' title="bbox 320 5103 1894 5180">
    <p class='ocr_par' dir='ltr' id='par_1_81' title="bbox 320 5103 1894 5180">
     <span class='ocr_line' id='line_1_81' title="bbox 320 5103 1894 5180; baseline 0.006 -25"><span class='ocrx_word' id='word_1_579' title='bbox 320 5103 660 5157; x_wconf 81' lang='grc' dir='ltr'>ἐπιλείπουσι</span> <span class='ocrx_word' id='word_1_580' title='bbox 704 5104 790 5158; x_wconf 82' lang='grc' dir='ltr'>διὰ</span> <span class='ocrx_word' id='word_1_581' title='bbox 820 5105 879 5159; x_wconf 73' lang='grc' dir='ltr'>τὸ</span> <span class='ocrx_word' id='word_1_582' title='bbox 908 5105 1219 5175; x_wconf 81' lang='grc' dir='ltr'>ὀλιγοῦσθαι</span> <span class='ocrx_word' id='word_1_583' title='bbox 1252 5107 1392 5160; x_wconf 80' lang='grc' dir='ltr'>αὐτᾶ</span> <span class='ocrx_word' id='word_1_584' title='bbox 1431 5109 1488 5161; x_wconf 79' lang='grc' dir='ltr'>ἐν</span> <span class='ocrx_word' id='word_1_585' title='bbox 1515 5112 1634 5171; x_wconf 76' lang='grc' dir='ltr'>ταῖς</span> <span class='ocrx_word' id='word_1_586' title='bbox 1674 5110 1894 5180; x_wconf 80' lang='grc' dir='ltr'>μάχαις.</span> 
     </span>
    </p>
   </div>
   <div class='ocr_carea' id='block_1_82' title="bbox 335 5195 1900 5268">
    <p class='ocr_par' dir='ltr' id='par_1_82' title="bbox 335 5195 1900 5268">
     <span class='ocr_line' id='line_1_82' title="bbox 335 5195 1900 5268; baseline 0.006 -22"><span class='ocrx_word' id='word_1_587' title='bbox 335 5195 522 5257; x_wconf 79' lang='grc' dir='ltr'>Ἐκτὸς</span> <span class='ocrx_word' id='word_1_588' title='bbox 552 5195 609 5248; x_wconf 84' lang='grc' dir='ltr'>δὲ</span> <span class='ocrx_word' id='word_1_589' title='bbox 672 5195 782 5249; x_wconf 90' lang='grc' dir='ltr'>τῶν</span> <span class='ocrx_word' id='word_1_590' title='bbox 823 5198 1170 5267; x_wconf 81' lang='grc' dir='ltr'>στρατιωτῶν</span> <span class='ocrx_word' id='word_1_591' title='bbox 1217 5197 1334 5268; x_wconf 79' lang='grc' dir='ltr'>ἦτοι</span> <span class='ocrx_word' id='word_1_592' title='bbox 1382 5199 1491 5252; x_wconf 88' lang='grc' dir='ltr'>τῶν</span> <span class='ocrx_word' id='word_1_593' title='bbox 1536 5201 1648 5258; x_wconf 81' lang='grc' dir='ltr'>ἄνω</span> <span class='ocrx_word' id='word_1_594' title='bbox 1694 5201 1900 5256; x_wconf 70' lang='grc' dir='ltr'>ὲλατῶ)</span> 
     </span>
    </p>
   </div>
   <div class='ocr_carea' id='block_1_83' title="bbox 323 5287 1902 5362">
    <p class='ocr_par' dir='ltr' id='par_1_83' title="bbox 323 5287 1902 5362">
     <span class='ocr_line' id='line_1_83' title="bbox 323 5287 1902 5362; baseline 0.004 -21"><span class='ocrx_word' id='word_1_595' title='bbox 323 5290 440 5341; x_wconf 74' lang='grc' dir='ltr'>ὅσοι</span> <span class='ocrx_word' id='word_1_596' title='bbox 470 5287 536 5341; x_wconf 84' lang='grc' dir='ltr'>ἀν</span> <span class='ocrx_word' id='word_1_597' title='bbox 564 5289 700 5341; x_wconf 72' lang='grc' dir='ltr'>εἰσιν</span> <span class='ocrx_word' id='word_1_598' title='bbox 727 5288 834 5342; x_wconf 85' lang='grc' dir='ltr'>ἀπό</span> <span class='ocrx_word' id='word_1_599' title='bbox 871 5306 931 5341; x_wconf 88' lang='grc' dir='ltr'>τε</span> <span class='ocrx_word' id='word_1_600' title='bbox 972 5287 1066 5341; x_wconf 87' lang='grc' dir='ltr'>τοῦ</span> <span class='ocrx_word' id='word_1_601' title='bbox 1099 5290 1395 5362; x_wconf 85' lang='grc' dir='ltr'>κεντάρχου</span> <span class='ocrx_word' id='word_1_602' title='bbox 1429 5293 1524 5345; x_wconf 70' lang='grc' dir='ltr'>καὶ</span> <span class='ocrx_word' id='word_1_603' title='bbox 1563 5292 1761 5362; x_wconf 73' lang='grc' dir='ltr'>ἐφεξῆς</span> <span class='ocrx_word' id='word_1_604' title='bbox 1795 5294 1902 5360; x_wconf 73' lang='grc' dir='ltr'>ἕως</span> 
     </span>
    </p>
   </div>
   <div class='ocr_carea' id='block_1_84' title="bbox 319 5379 1901 5452">
    <p class='ocr_par' dir='ltr' id='par_1_84' title="bbox 319 5379 1901 5452">
     <span class='ocr_line' id='line_1_84' title="bbox 319 5379 1901 5452; baseline 0.004 -20"><span class='ocrx_word' id='word_1_605' title='bbox 319 5380 415 5432; x_wconf 89' lang='grc' dir='ltr'>τοῦ</span> <span class='ocrx_word' id='word_1_606' title='bbox 446 5379 680 5449; x_wconf 79' lang='grc' dir='ltr'>ἐσχάτου</span> <span class='ocrx_word' id='word_1_607' title='bbox 710 5380 1088 5450; x_wconf 80' lang='grc' dir='ltr'>κατάφρακτοι</span> <span class='ocrx_word' id='word_1_608' title='bbox 1132 5380 1347 5435; x_wconf 77' lang='grc' dir='ltr'>ἔσονται</span> <span class='ocrx_word' id='word_1_609' title='bbox 1378 5381 1516 5435; x_wconf 85' lang='grc' dir='ltr'>ὅπλα</span> <span class='ocrx_word' id='word_1_610' title='bbox 1543 5383 1759 5452; x_wconf 77' lang='grc' dir='ltr'>ἔχοντες</span> <span class='ocrx_word' id='word_1_611' title='bbox 1791 5380 1901 5439; x_wconf 76' lang='grc' dir='ltr'>οἷον</span> 
     </span>
    </p>
   </div>
   <div class='ocr_carea' id='block_1_85' title="bbox 321 5471 1895 5547">
    <p class='ocr_par' dir='ltr' id='par_1_85' title="bbox 321 5471 1895 5547">
     <span class='ocr_line' id='line_1_85' title="bbox 321 5471 1895 5547; baseline 0.003 -22"><span class='ocrx_word' id='word_1_612' title='bbox 321 5473 642 5544; x_wconf 83' lang='grc' dir='ltr'>σκουτάρια,</span> <span class='ocrx_word' id='word_1_613' title='bbox 691 5471 953 5543; x_wconf 87' lang='grc' dir='ltr'>μέναυλα,</span> <span class='ocrx_word' id='word_1_614' title='bbox 995 5473 1146 5540; x_wconf 82' lang='grc' dir='ltr'>τόξα,</span> <span class='ocrx_word' id='word_1_615' title='bbox 1197 5473 1459 5541; x_wconf 86' lang='grc' dir='ltr'>σαγίττας</span> <span class='ocrx_word' id='word_1_616' title='bbox 1496 5477 1562 5528; x_wconf 83' lang='grc' dir='ltr'>ἐκ</span> <span class='ocrx_word' id='word_1_617' title='bbox 1610 5477 1895 5547; x_wconf 86' lang='grc' dir='ltr'>περισσοῦ,</span> 
     </span>
    </p>
   </div>
   <div class='ocr_carea' id='block_1_86' title="bbox 324 5563 1894 5640">
    <p class='ocr_par' dir='ltr' id='par_1_86' title="bbox 324 5563 1894 5640">
     <span class='ocr_line' id='line_1_86' title="bbox 324 5563 1894 5640; baseline 0.004 -25"><span class='ocrx_word' id='word_1_618' title='bbox 324 5563 552 5630; x_wconf 84' lang='grc' dir='ltr'>σπαθία,</span> <span class='ocrx_word' id='word_1_619' title='bbox 608 5565 886 5636; x_wconf 79' lang='grc' dir='ltr'>ρικτάρια,</span> <span class='ocrx_word' id='word_1_620' title='bbox 927 5564 1181 5637; x_wconf 88' lang='grc' dir='ltr'>λωρίκια,</span> <span class='ocrx_word' id='word_1_621' title='bbox 1235 5565 1518 5634; x_wconf 76' lang='grc' dir='ltr'>κλιϐάνια,</span> <span class='ocrx_word' id='word_1_622' title='bbox 1581 5569 1629 5620; x_wconf 86' lang='grc' dir='ltr'>εἰ</span> <span class='ocrx_word' id='word_1_623' title='bbox 1677 5571 1770 5622; x_wconf 70' lang='grc' dir='ltr'>καὶ</span> <span class='ocrx_word' id='word_1_624' title='bbox 1820 5570 1894 5640; x_wconf 78' lang='grc' dir='ltr'>μὴ</span> 
     </span>
    </p>
   </div>
   <div class='ocr_carea' id='block_1_87' title="bbox 321 5654 1895 5731">
    <p class='ocr_par' dir='ltr' id='par_1_87' title="bbox 321 5654 1895 5731">
     <span class='ocr_line' id='line_1_87' title="bbox 321 5654 1895 5731; baseline 0.003 -22"><span class='ocrx_word' id='word_1_625' title='bbox 321 5654 567 5722; x_wconf 76' lang='grc' dir='ltr'>ὖπισθεν,</span> <span class='ocrx_word' id='word_1_626' title='bbox 594 5656 729 5711; x_wconf 86' lang='grc' dir='ltr'>ἀλλὰ</span> <span class='ocrx_word' id='word_1_627' title='bbox 752 5659 970 5713; x_wconf 77' lang='grc' dir='ltr'>πάντων</span> <span class='ocrx_word' id='word_1_628' title='bbox 1026 5659 1332 5730; x_wconf 77' lang='grc' dir='ltr'>ἔμπροσθεν</span> <span class='ocrx_word' id='word_1_629' title='bbox 1352 5677 1364 5692; x_wconf 78' lang='grc' dir='ltr'><strong><em>ο</em></strong></span> <span class='ocrx_word' id='word_1_630' title='bbox 1397 5660 1674 5724; x_wconf 81' lang='grc' dir='ltr'>κασσίδας,</span> <span class='ocrx_word' id='word_1_631' title='bbox 1715 5663 1895 5731; x_wconf 82' lang='grc' dir='ltr'>χειρό-</span> 
     </span>
    </p>
   </div>
   <div class='ocr_carea' id='block_1_88' title="bbox 2002 3347 3568 3429">
    <p class='ocr_par' dir='ltr' id='par_1_88' title="bbox 2002 3347 3568 3429">
     <span class='ocr_line' id='line_1_88' title="bbox 2002 3347 3568 3429; baseline 0.011 -27"><span class='ocrx_word' id='word_1_632' title='bbox 2002 3347 2194 3413; x_wconf 86' lang='lat' dir='ltr'><strong>armis,</strong></span> <span class='ocrx_word' id='word_1_633' title='bbox 2243 3356 2335 3402; x_wconf 90' lang='lat' dir='ltr'>aut</span> <span class='ocrx_word' id='word_1_634' title='bbox 2385 3350 2490 3406; x_wconf 87' lang='lat' dir='ltr'><strong>alia</strong></span> <span class='ocrx_word' id='word_1_635' title='bbox 2528 3353 2754 3408; x_wconf 87' lang='lat' dir='ltr'><strong>materia</strong></span> <span class='ocrx_word' id='word_1_636' title='bbox 2785 3368 2924 3429; x_wconf 89' lang='lat' dir='ltr'><strong>opus</strong></span> <span class='ocrx_word' id='word_1_637' title='bbox 2973 3363 3077 3422; x_wconf 83' lang='lat' dir='ltr'><strong>cst,</strong></span> <span class='ocrx_word' id='word_1_638' title='bbox 3133 3357 3259 3414; x_wconf 90' lang='lat' dir='ltr'><strong>inde</strong></span> <span class='ocrx_word' id='word_1_639' title='bbox 3308 3361 3376 3415; x_wconf 89' lang='lat' dir='ltr'>ad</span> <span class='ocrx_word' id='word_1_640' title='bbox 3409 3378 3568 3418; x_wconf 79' lang='lat' dir='ltr'><strong>usum</strong></span> 
     </span>
    </p>
   </div>
   <div class='ocr_carea' id='block_1_89' title="bbox 2003 3438 2559 3508">
    <p class='ocr_par' dir='ltr' id='par_1_89' title="bbox 2003 3438 2559 3508">
     <span class='ocr_line' id='line_1_89' title="bbox 2003 3438 2559 3508; baseline 0.004 -15"><span class='ocrx_word' id='word_1_641' title='bbox 2003 3454 2162 3494; x_wconf 83' lang='lat' dir='ltr'><strong>suum</strong></span> <span class='ocrx_word' id='word_1_642' title='bbox 2215 3438 2559 3508; x_wconf 88' lang='lat' dir='ltr'><strong>depromaut.</strong></span> 
     </span>
    </p>
   </div>
   <div class='ocr_carea' id='block_1_90' title="bbox 2075 3529 3570 3618">
    <p class='ocr_par' dir='ltr' id='par_1_90' title="bbox 2075 3529 3570 3618">
     <span class='ocr_line' id='line_1_90' title="bbox 2075 3529 3570 3618; baseline 0.013 -33"><span class='ocrx_word' id='word_1_643' title='bbox 2075 3529 2161 3590; x_wconf 73' lang='grc'>12.</span> <span class='ocrx_word' id='word_1_644' title='bbox 2207 3530 2538 3589; x_wconf 89' lang='lat' dir='ltr'><strong>Triremium</strong></span> <span class='ocrx_word' id='word_1_645' title='bbox 2585 3535 2948 3607; x_wconf 81' lang='lat' dir='ltr'><strong>singularum,</strong></span> <span class='ocrx_word' id='word_1_646' title='bbox 2986 3540 3351 3615; x_wconf 85' lang='lat' dir='ltr'><strong>militumque,</strong></span> <span class='ocrx_word' id='word_1_647' title='bbox 3382 3547 3472 3618; x_wconf 82' lang='lat' dir='ltr'>qui</span> <span class='ocrx_word' id='word_1_648' title='bbox 3517 3548 3570 3604; x_wconf 84' lang='lat' dir='ltr'>in</span> 
     </span>
    </p>
   </div>
   <div class='ocr_carea' id='block_1_91' title="bbox 2004 3621 3569 3707">
    <p class='ocr_par' dir='ltr' id='par_1_91' title="bbox 2004 3621 3569 3707">
     <span class='ocr_line' id='line_1_91' title="bbox 2004 3621 3569 3707; baseline 0.013 -31"><span class='ocrx_word' id='word_1_649' title='bbox 2004 3621 2114 3676; x_wconf 88' lang='lat' dir='ltr'><strong>illis</strong></span> <span class='ocrx_word' id='word_1_650' title='bbox 2152 3623 2441 3692; x_wconf 79' lang='lat' dir='ltr'><strong>vehentur,</strong></span> <span class='ocrx_word' id='word_1_651' title='bbox 2490 3643 2775 3683; x_wconf 87' lang='lat' dir='ltr'><strong>numerum</strong></span> <span class='ocrx_word' id='word_1_652' title='bbox 2820 3631 3047 3688; x_wconf 77' lang='lat' dir='ltr'><strong>delinire</strong></span> <span class='ocrx_word' id='word_1_653' title='bbox 3086 3634 3245 3692; x_wconf 81' lang='lat' dir='ltr'><strong>facile</strong></span> <span class='ocrx_word' id='word_1_654' title='bbox 3297 3653 3406 3699; x_wconf 87' lang='lat' dir='ltr'>non</span> <span class='ocrx_word' id='word_1_655' title='bbox 3452 3650 3569 3707; x_wconf 89' lang='lat' dir='ltr'><strong>est;</strong></span> 
     </span>
    </p>
   </div>
   <div class='ocr_carea' id='block_1_92' title="bbox 2007 3718 3574 3802">
    <p class='ocr_par' dir='ltr' id='par_1_92' title="bbox 2007 3718 3574 3802">
     <span class='ocr_line' id='line_1_92' title="bbox 2007 3718 3574 3802; baseline 0.014 -36"><span class='ocrx_word' id='word_1_656' title='bbox 2007 3720 2315 3787; x_wconf 84' lang='lat' dir='ltr'><strong>temporum</strong></span> <span class='ocrx_word' id='word_1_657' title='bbox 2360 3718 2507 3772; x_wconf 87' lang='lat' dir='ltr'><strong>enim</strong></span> <span class='ocrx_word' id='word_1_658' title='bbox 2561 3718 2807 3790; x_wconf 88' lang='lat' dir='ltr'><strong>ipsorum</strong></span> <span class='ocrx_word' id='word_1_659' title='bbox 2844 3727 3230 3793; x_wconf 81' lang='lat' dir='ltr'><strong>opportunitas</strong></span> <span class='ocrx_word' id='word_1_660' title='bbox 3261 3729 3326 3784; x_wconf 84' lang='lat' dir='ltr'>ad</span> <span class='ocrx_word' id='word_1_661' title='bbox 3384 3733 3574 3802; x_wconf 76' lang='lat' dir='ltr'><strong>capias</strong></span> 
     </span>
    </p>
   </div>
   <div class='ocr_carea' id='block_1_93' title="bbox 2009 3808 3572 3896">
    <p class='ocr_par' dir='ltr' id='par_1_93' title="bbox 2009 3808 3572 3896">
     <span class='ocr_line' id='line_1_93' title="bbox 2009 3808 3572 3896; baseline 0.012 -33"><span class='ocrx_word' id='word_1_662' title='bbox 2009 3808 2246 3865; x_wconf 90' lang='lat' dir='ltr'><strong>hostium</strong></span> <span class='ocrx_word' id='word_1_663' title='bbox 2302 3816 2712 3886; x_wconf 80' lang='lat' dir='ltr'><strong>cxpugnandas,</strong></span> <span class='ocrx_word' id='word_1_664' title='bbox 2743 3824 2856 3872; x_wconf 92' lang='lat' dir='ltr'>tum</span> <span class='ocrx_word' id='word_1_665' title='bbox 2918 3822 3222 3878; x_wconf 89' lang='lat' dir='ltr'><strong>triremium</strong></span> <span class='ocrx_word' id='word_1_666' title='bbox 3264 3841 3572 3896; x_wconf 89' lang='lat' dir='ltr'><strong>numerum,</strong></span> 
     </span>
    </p>
   </div>
   <div class='ocr_carea' id='block_1_94' title="bbox 2006 3905 3577 3988">
    <p class='ocr_par' dir='ltr' id='par_1_94' title="bbox 2006 3905 3577 3988">
     <span class='ocr_line' id='line_1_94' title="bbox 2006 3905 3577 3988; baseline 0.014 -33"><span class='ocrx_word' id='word_1_667' title='bbox 2006 3910 2123 3957; x_wconf 88' lang='lat' dir='ltr'>tum</span> <span class='ocrx_word' id='word_1_668' title='bbox 2185 3905 2421 3960; x_wconf 90' lang='lat' dir='ltr'><strong>militum</strong></span> <span class='ocrx_word' id='word_1_669' title='bbox 2464 3908 2652 3976; x_wconf 88' lang='lat' dir='ltr'><strong>etiam,</strong></span> <span class='ocrx_word' id='word_1_670' title='bbox 2699 3926 2996 3983; x_wconf 84' lang='lat' dir='ltr'><strong>omnesque</strong></span> <span class='ocrx_word' id='word_1_671' title='bbox 3053 3931 3141 3980; x_wconf 80' lang='lat' dir='ltr'>res</span> <span class='ocrx_word' id='word_1_672' title='bbox 3196 3930 3456 3988; x_wconf 70' lang='lat' dir='ltr'><strong>prreterea</strong></span> <span class='ocrx_word' id='word_1_673' title='bbox 3509 3923 3577 3976; x_wconf 87' lang='lat' dir='ltr'>ad</span> 
     </span>
    </p>
   </div>
   <div class='ocr_carea' id='block_1_95' title="bbox 1946 3992 2970 4066">
    <p class='ocr_par' dir='ltr' id='par_1_95' title="bbox 1946 3992 2970 4066">
     <span class='ocr_line' id='line_1_95' title="bbox 1946 3992 2970 4066; baseline 0.007 -16"><span class='ocrx_word' id='word_1_674' title='bbox 1946 4062 1947 4065; x_wconf 21' lang='grc' dir='ltr'>η</span> <span class='ocrx_word' id='word_1_675' title='bbox 2007 3992 2208 4051; x_wconf 83' lang='lat' dir='ltr'><strong>bellum</strong></span> <span class='ocrx_word' id='word_1_676' title='bbox 2261 3998 2622 4066; x_wconf 82' lang='lat' dir='ltr'><strong>necessarias,</strong></span> <span class='ocrx_word' id='word_1_677' title='bbox 2684 4001 2970 4065; x_wconf 85' lang='lat' dir='ltr'><strong>indicabit.</strong></span> 
     </span>
    </p>
   </div>
   <div class='ocr_carea' id='block_1_96' title="bbox 2079 4279 3578 4359">
    <p class='ocr_par' dir='ltr' id='par_1_96' title="bbox 2079 4279 3578 4359">
     <span class='ocr_line' id='line_1_96' title="bbox 2079 4279 3578 4359; baseline 0.013 -27"><span class='ocrx_word' id='word_1_678' title='bbox 2079 4279 2164 4333; x_wconf 75' lang='lat' dir='ltr'><strong>t5.</strong></span> <span class='ocrx_word' id='word_1_679' title='bbox 2207 4279 2382 4338; x_wconf 78' lang='lat' dir='ltr'><strong>Naves</strong></span> <span class='ocrx_word' id='word_1_680' title='bbox 2423 4285 2730 4354; x_wconf 84' lang='lat' dir='ltr'><strong>onerarias,</strong></span> <span class='ocrx_word' id='word_1_681' title='bbox 2760 4295 2815 4342; x_wconf 90' lang='lat' dir='ltr'>et</span> <span class='ocrx_word' id='word_1_682' title='bbox 2844 4297 3131 4359; x_wconf 83' lang='lat' dir='ltr'><strong>equestres</strong></span> <span class='ocrx_word' id='word_1_683' title='bbox 3166 4294 3345 4347; x_wconf 79' lang='lat' dir='ltr'><strong>omnia</strong></span> <span class='ocrx_word' id='word_1_684' title='bbox 3381 4293 3578 4351; x_wconf 87' lang='lat' dir='ltr'><strong>idonea</strong></span> 
     </span>
    </p>
   </div>
   <div class='ocr_carea' id='block_1_97' title="bbox 2009 4368 3580 4450">
    <p class='ocr_par' dir='ltr' id='par_1_97' title="bbox 2009 4368 3580 4450">
     <span class='ocr_line' id='line_1_97' title="bbox 2009 4368 3580 4450; baseline 0.012 -28"><span class='ocrx_word' id='word_1_685' title='bbox 2009 4368 2065 4422; x_wconf 90' lang='lat' dir='ltr'>in</span> <span class='ocrx_word' id='word_1_686' title='bbox 2121 4385 2182 4426; x_wconf 91' lang='lat' dir='ltr'>se</span> <span class='ocrx_word' id='word_1_687' title='bbox 2233 4371 2430 4428; x_wconf 88' lang='lat' dir='ltr'><strong>habere</strong></span> <span class='ocrx_word' id='word_1_688' title='bbox 2485 4379 2793 4446; x_wconf 88' lang='lat' dir='ltr'><strong>oportebit,</strong></span> <span class='ocrx_word' id='word_1_689' title='bbox 2830 4395 3007 4450; x_wconf 87' lang='lat' dir='ltr'><strong>neque</strong></span> <span class='ocrx_word' id='word_1_690' title='bbox 3042 4397 3129 4438; x_wconf 84' lang='lat' dir='ltr'>res</span> <span class='ocrx_word' id='word_1_691' title='bbox 3164 4385 3340 4438; x_wconf 90' lang='lat' dir='ltr'><strong>solum</strong></span> <span class='ocrx_word' id='word_1_692' title='bbox 3384 4385 3450 4438; x_wconf 90' lang='lat' dir='ltr'>ad</span> <span class='ocrx_word' id='word_1_693' title='bbox 3485 4404 3580 4441; x_wconf 89' lang='lat' dir='ltr'><strong>na-</strong></span> 
     </span>
    </p>
   </div>
   <div class='ocr_carea' id='block_1_98' title="bbox 2009 4461 3574 4548">
    <p class='ocr_par' dir='ltr' id='par_1_98' title="bbox 2009 4461 3574 4548">
     <span class='ocr_line' id='line_1_98' title="bbox 2009 4461 3574 4548; baseline 0.015 -35"><span class='ocrx_word' id='word_1_694' title='bbox 2009 4461 2299 4532; x_wconf 81' lang='lat' dir='ltr'><strong>vigandum</strong></span> <span class='ocrx_word' id='word_1_695' title='bbox 2355 4468 2713 4535; x_wconf 81' lang='lat' dir='ltr'><strong>necessarias,</strong></span> <span class='ocrx_word' id='word_1_696' title='bbox 2749 4471 2842 4526; x_wconf 88' lang='lat' dir='ltr'>sed</span> <span class='ocrx_word' id='word_1_697' title='bbox 2905 4474 3070 4528; x_wconf 86' lang='lat' dir='ltr'><strong>etiam</strong></span> <span class='ocrx_word' id='word_1_698' title='bbox 3107 4492 3287 4542; x_wconf 85' lang='lat' dir='ltr'><strong>arcus,</strong></span> <span class='ocrx_word' id='word_1_699' title='bbox 3322 4477 3574 4548; x_wconf 72' lang='lat' dir='ltr'><strong>sagittas,</strong></span> 
     </span>
    </p>
   </div>
   <div class='ocr_carea' id='block_1_99' title="bbox 2005 4551 3578 4640">
    <p class='ocr_par' dir='ltr' id='par_1_99' title="bbox 2005 4551 3578 4640">
     <span class='ocr_line' id='line_1_99' title="bbox 2005 4551 3578 4640; baseline 0.013 -34"><span class='ocrx_word' id='word_1_700' title='bbox 2005 4551 2208 4622; x_wconf 72' lang='lat' dir='ltr'><strong>iacula,</strong></span> <span class='ocrx_word' id='word_1_701' title='bbox 2268 4563 2320 4611; x_wconf 92' lang='lat' dir='ltr'>et</span> <span class='ocrx_word' id='word_1_702' title='bbox 2367 4556 2412 4613; x_wconf 89' lang='lat' dir='ltr'>si</span> <span class='ocrx_word' id='word_1_703' title='bbox 2442 4558 2572 4630; x_wconf 86' lang='lat' dir='ltr'><strong>quid</strong></span> <span class='ocrx_word' id='word_1_704' title='bbox 2629 4569 2886 4640; x_wconf 83' lang='lat' dir='ltr'><strong>praeterea</strong></span> <span class='ocrx_word' id='word_1_705' title='bbox 2927 4574 3145 4636; x_wconf 85' lang='lat' dir='ltr'><strong>propter</strong></span> <span class='ocrx_word' id='word_1_706' title='bbox 3195 4583 3284 4624; x_wconf 90' lang='lat' dir='ltr'>res</span> <span class='ocrx_word' id='word_1_707' title='bbox 3337 4570 3578 4626; x_wconf 88' lang='lat' dir='ltr'><strong>circum-</strong></span> 
     </span>
    </p>
   </div>
   <div class='ocr_carea' id='block_1_100' title="bbox 2012 4651 3581 4728">
    <p class='ocr_par' dir='ltr' id='par_1_100' title="bbox 2012 4651 3581 4728">
     <span class='ocr_line' id='line_1_100' title="bbox 2012 4651 3581 4728; baseline 0.011 -27"><span class='ocrx_word' id='word_1_708' title='bbox 2012 4656 2219 4705; x_wconf 86' lang='lat' dir='ltr'><strong>stantes</strong></span> <span class='ocrx_word' id='word_1_709' title='bbox 2284 4651 2352 4705; x_wconf 90' lang='lat' dir='ltr'>ad</span> <span class='ocrx_word' id='word_1_710' title='bbox 2419 4651 2674 4708; x_wconf 89' lang='lat' dir='ltr'><strong>bellicum</strong></span> <span class='ocrx_word' id='word_1_711' title='bbox 2729 4670 2892 4711; x_wconf 90' lang='lat' dir='ltr'><strong>usum</strong></span> <span class='ocrx_word' id='word_1_712' title='bbox 2951 4662 3206 4728; x_wconf 85' lang='lat' dir='ltr'><strong>pertinet.</strong></span> <span class='ocrx_word' id='word_1_713' title='bbox 3267 4661 3581 4725; x_wconf 67' lang='lat' dir='ltr'><strong>Aﬂerantur</strong></span> 
     </span>
    </p>
   </div>
   <div class='ocr_carea' id='block_1_101' title="bbox 2007 4742 3592 4826">
    <p class='ocr_par' dir='ltr' id='par_1_101' title="bbox 2007 4742 3592 4826">
     <span class='ocr_line' id='line_1_101' title="bbox 2007 4742 3592 4826; baseline 0.01 -31"><span class='ocrx_word' id='word_1_714' title='bbox 2007 4742 2172 4795; x_wconf 87' lang='lat' dir='ltr'><strong>etiam</strong></span> <span class='ocrx_word' id='word_1_715' title='bbox 2203 4757 2483 4799; x_wconf 87' lang='lat' dir='ltr'><strong>armorum</strong></span> <span class='ocrx_word' id='word_1_716' title='bbox 2510 4761 2710 4817; x_wconf 87' lang='lat' dir='ltr'><strong>genera</strong></span> <span class='ocrx_word' id='word_1_717' title='bbox 2736 4749 3030 4818; x_wconf 84' lang='lat' dir='ltr'><strong>permulta,</strong></span> <span class='ocrx_word' id='word_1_718' title='bbox 3064 4762 3124 4806; x_wconf 91' lang='lat' dir='ltr'>ut</span> <span class='ocrx_word' id='word_1_719' title='bbox 3167 4752 3396 4809; x_wconf 80' lang='lat' dir='ltr'><strong>defectis</strong></span> <span class='ocrx_word' id='word_1_720' title='bbox 3437 4770 3592 4826; x_wconf 46' lang='lat' dir='ltr'><strong>saepe,</strong></span> 
     </span>
    </p>
   </div>
   <div class='ocr_carea' id='block_1_102' title="bbox 2008 4834 3581 4919">
    <p class='ocr_par' dir='ltr' id='par_1_102' title="bbox 2008 4834 3581 4919">
     <span class='ocr_line' id='line_1_102' title="bbox 2008 4834 3581 4919; baseline 0.009 -31"><span class='ocrx_word' id='word_1_721' title='bbox 2008 4834 2273 4891; x_wconf 85' lang='lat' dir='ltr'><strong>militibus</strong></span> <span class='ocrx_word' id='word_1_722' title='bbox 2320 4851 2472 4892; x_wconf 89' lang='lat' dir='ltr'><strong>arma</strong></span> <span class='ocrx_word' id='word_1_723' title='bbox 2501 4839 2625 4896; x_wconf 88' lang='lat' dir='ltr'><strong>inde</strong></span> <span class='ocrx_word' id='word_1_724' title='bbox 2658 4843 3094 4913; x_wconf 88' lang='lat' dir='ltr'><strong>suppeditentur.</strong></span> <span class='ocrx_word' id='word_1_725' title='bbox 3125 4845 3386 4919; x_wconf 80' lang='lat' dir='ltr'><strong>Mangana</strong></span> <span class='ocrx_word' id='word_1_726' title='bbox 3415 4850 3581 4904; x_wconf 86' lang='lat' dir='ltr'><strong>etiam</strong></span> 
     </span>
    </p>
   </div>
   <div class='ocr_carea' id='block_1_103' title="bbox 2008 4925 3579 5006">
    <p class='ocr_par' dir='ltr' id='par_1_103' title="bbox 2008 4925 3579 5006">
     <span class='ocr_line' id='line_1_103' title="bbox 2008 4925 3579 5006; baseline 0.011 -25"><span class='ocrx_word' id='word_1_727' title='bbox 2008 4925 2264 4995; x_wconf 85' lang='lat' dir='ltr'><strong>habeant,</strong></span> <span class='ocrx_word' id='word_1_728' title='bbox 2303 4930 2621 5002; x_wconf 86' lang='lat' dir='ltr'><strong>reliquaque</strong></span> <span class='ocrx_word' id='word_1_729' title='bbox 2647 4933 2767 5004; x_wconf 85' lang='lat' dir='ltr'><strong>ejus</strong></span> <span class='ocrx_word' id='word_1_730' title='bbox 2803 4939 3016 5006; x_wconf 83' lang='lat' dir='ltr'><strong>generis</strong></span> <span class='ocrx_word' id='word_1_731' title='bbox 3053 4954 3224 5006; x_wconf 87' lang='lat' dir='ltr'><strong>arma,</strong></span> <span class='ocrx_word' id='word_1_732' title='bbox 3269 4957 3339 4996; x_wconf 86' lang='lat' dir='ltr'>ne</span> <span class='ocrx_word' id='word_1_733' title='bbox 3389 4943 3579 4999; x_wconf 88' lang='lat' dir='ltr'><strong>militi-</strong></span> 
     </span>
    </p>
   </div>
   <div class='ocr_carea' id='block_1_104' title="bbox 2009 5019 3578 5102">
    <p class='ocr_par' dir='ltr' id='par_1_104' title="bbox 2009 5019 3578 5102">
     <span class='ocr_line' id='line_1_104' title="bbox 2009 5019 3578 5102; baseline 0.01 -27"><span class='ocrx_word' id='word_1_734' title='bbox 2009 5019 2114 5076; x_wconf 90' lang='lat' dir='ltr'>bus</span> <span class='ocrx_word' id='word_1_735' title='bbox 2165 5021 2362 5076; x_wconf 86' lang='lat' dir='ltr'><strong>horum</strong></span> <span class='ocrx_word' id='word_1_736' title='bbox 2405 5023 2623 5080; x_wconf 82' lang='lat' dir='ltr'><strong>defectu</strong></span> <span class='ocrx_word' id='word_1_737' title='bbox 2652 5025 2984 5084; x_wconf 72' lang='lat' dir='ltr'><strong>offensiones</strong></span> <span class='ocrx_word' id='word_1_738' title='bbox 3012 5045 3220 5102; x_wconf 86' lang='lat' dir='ltr'><strong>magnae</strong></span> <span class='ocrx_word' id='word_1_739' title='bbox 3247 5032 3396 5092; x_wconf 79' lang='lat' dir='ltr'><strong>ﬁant.</strong></span> <span class='ocrx_word' id='word_1_740' title='bbox 3428 5033 3578 5090; x_wconf 69' lang='lat' dir='ltr'><strong>Prae-</strong></span> 
     </span>
    </p>
   </div>
   <div class='ocr_carea' id='block_1_105' title="bbox 2006 5112 3572 5194">
    <p class='ocr_par' dir='ltr' id='par_1_105' title="bbox 2006 5112 3572 5194">
     <span class='ocr_line' id='line_1_105' title="bbox 2006 5112 3572 5194; baseline 0.011 -31"><span class='ocrx_word' id='word_1_741' title='bbox 2006 5117 2090 5166; x_wconf 90' lang='lat' dir='ltr'>ter</span> <span class='ocrx_word' id='word_1_742' title='bbox 2124 5112 2324 5167; x_wconf 82' lang='lat' dir='ltr'><strong>milites</strong></span> <span class='ocrx_word' id='word_1_743' title='bbox 2379 5121 2582 5180; x_wconf 91' lang='lat' dir='ltr'><strong>autem,</strong></span> <span class='ocrx_word' id='word_1_744' title='bbox 2615 5123 2670 5170; x_wconf 90' lang='lat' dir='ltr'>et</span> <span class='ocrx_word' id='word_1_745' title='bbox 2712 5118 3022 5188; x_wconf 85' lang='lat' dir='ltr'><strong>superiores</strong></span> <span class='ocrx_word' id='word_1_746' title='bbox 3054 5122 3306 5194; x_wconf 86' lang='lat' dir='ltr'><strong>remiges,</strong></span> <span class='ocrx_word' id='word_1_747' title='bbox 3338 5126 3572 5194; x_wconf 88' lang='lat' dir='ltr'><strong>quicun-</strong></span> 
     </span>
    </p>
   </div>
   <div class='ocr_carea' id='block_1_106' title="bbox 2004 5208 3572 5286">
    <p class='ocr_par' dir='ltr' id='par_1_106' title="bbox 2004 5208 3572 5286">
     <span class='ocr_line' id='line_1_106' title="bbox 2004 5208 3572 5286; baseline 0.01 -30"><span class='ocrx_word' id='word_1_748' title='bbox 2004 5219 2110 5273; x_wconf 89' lang='lat' dir='ltr'>que</span> <span class='ocrx_word' id='word_1_749' title='bbox 2163 5219 2287 5259; x_wconf 86' lang='lat' dir='ltr'>cum</span> <span class='ocrx_word' id='word_1_750' title='bbox 2332 5208 2654 5264; x_wconf 87' lang='lat' dir='ltr'><strong>centurione</strong></span> <span class='ocrx_word' id='word_1_751' title='bbox 2709 5221 2855 5276; x_wconf 89' lang='lat' dir='ltr'><strong>sunt,</strong></span> <span class='ocrx_word' id='word_1_752' title='bbox 2892 5212 3199 5284; x_wconf 89' lang='lat' dir='ltr'><strong>reliquique</strong></span> <span class='ocrx_word' id='word_1_753' title='bbox 3234 5230 3262 5268; x_wconf 68' lang='grc' dir='ltr'>ιι</span> <span class='ocrx_word' id='word_1_754' title='bbox 3299 5217 3476 5286; x_wconf 89' lang='lat' dir='ltr'><strong>primo</strong></span> <span class='ocrx_word' id='word_1_755' title='bbox 3507 5219 3572 5272; x_wconf 79' lang='lat' dir='ltr'>ad</span> 
     </span>
    </p>
   </div>
   <div class='ocr_carea' id='block_1_107' title="bbox 2006 5303 3572 5372">
    <p class='ocr_par' dir='ltr' id='par_1_107' title="bbox 2006 5303 3572 5372">
     <span class='ocr_line' id='line_1_107' title="bbox 2006 5303 3572 5372; baseline 0.01 -24"><span class='ocrx_word' id='word_1_756' title='bbox 2006 5303 2333 5364; x_wconf 81' lang='lat' dir='ltr'><strong>extremum,</strong></span> <span class='ocrx_word' id='word_1_757' title='bbox 2373 5315 2560 5357; x_wconf 89' lang='lat' dir='ltr'><strong>omnes</strong></span> <span class='ocrx_word' id='word_1_758' title='bbox 2611 5304 2802 5359; x_wconf 85' lang='lat' dir='ltr'><strong>armati</strong></span> <span class='ocrx_word' id='word_1_759' title='bbox 2860 5306 2991 5372; x_wconf 90' lang='lat' dir='ltr'><strong>sint,</strong></span> <span class='ocrx_word' id='word_1_760' title='bbox 3044 5314 3097 5362; x_wconf 84' lang='lat' dir='ltr'>et</span> <span class='ocrx_word' id='word_1_761' title='bbox 3149 5316 3328 5370; x_wconf 87' lang='lat' dir='ltr'><strong>scuta,</strong></span> <span class='ocrx_word' id='word_1_762' title='bbox 3387 5311 3572 5364; x_wconf 78' lang='lat' dir='ltr'><strong>hastas</strong></span> 
     </span>
    </p>
   </div>
   <div class='ocr_carea' id='block_1_108' title="bbox 2010 5386 3577 5471">
    <p class='ocr_par' dir='ltr' id='par_1_108' title="bbox 2010 5386 3577 5471">
     <span class='ocr_line' id='line_1_108' title="bbox 2010 5386 3577 5471; baseline 0.01 -31"><span class='ocrx_word' id='word_1_763' title='bbox 2010 5386 2307 5459; x_wconf 85' lang='lat' dir='ltr'><strong>longiores,</strong></span> <span class='ocrx_word' id='word_1_764' title='bbox 2340 5407 2523 5457; x_wconf 82' lang='lat' dir='ltr'><strong>arcus,</strong></span> <span class='ocrx_word' id='word_1_765' title='bbox 2563 5387 2789 5465; x_wconf 86' lang='lat' dir='ltr'><strong>sagittas</strong></span> <span class='ocrx_word' id='word_1_766' title='bbox 2827 5399 3146 5466; x_wconf 87' lang='lat' dir='ltr'><strong>permultas,</strong></span> <span class='ocrx_word' id='word_1_767' title='bbox 3200 5401 3441 5469; x_wconf 86' lang='lat' dir='ltr'><strong>spathas,</strong></span> <span class='ocrx_word' id='word_1_768' title='bbox 3490 5403 3577 5471; x_wconf 55' lang='lat' dir='ltr'>ian</span> 
     </span>
    </p>
   </div>
   <div class='ocr_carea' id='block_1_109' title="bbox 1938 5483 3576 5563">
    <p class='ocr_par' dir='ltr' id='par_1_109' title="bbox 1938 5483 3576 5563">
     <span class='ocr_line' id='line_1_109' title="bbox 1938 5483 3576 5563; baseline 0.01 -30"><span class='ocrx_word' id='word_1_769' title='bbox 1938 5550 1940 5553; x_wconf 89' lang='lat'><strong><em>_</em></strong></span> <span class='ocrx_word' id='word_1_770' title='bbox 2009 5483 2156 5546; x_wconf 87' lang='lat' dir='ltr'><strong>cuia,</strong></span> <span class='ocrx_word' id='word_1_771' title='bbox 2193 5483 2398 5554; x_wconf 85' lang='lat' dir='ltr'><strong>galeas,</strong></span> <span class='ocrx_word' id='word_1_772' title='bbox 2433 5486 2722 5552; x_wconf 86' lang='lat' dir='ltr'><strong>thoraces,</strong></span> <span class='ocrx_word' id='word_1_773' title='bbox 2786 5490 2830 5543; x_wconf 93' lang='lat' dir='ltr'>si</span> <span class='ocrx_word' id='word_1_774' title='bbox 2886 5505 2993 5544; x_wconf 88' lang='lat' dir='ltr'>non</span> <span class='ocrx_word' id='word_1_775' title='bbox 3049 5507 3078 5546; x_wconf 89' lang='lat' dir='ltr'>a</span> <span class='ocrx_word' id='word_1_776' title='bbox 3114 5499 3286 5563; x_wconf 80' lang='lat' dir='ltr'><strong>tergo,</strong></span> <span class='ocrx_word' id='word_1_777' title='bbox 3347 5503 3472 5549; x_wconf 87' lang='lat' dir='ltr'><strong>ante</strong></span> <span class='ocrx_word' id='word_1_778' title='bbox 3517 5511 3576 5550; x_wconf 84' lang='lat' dir='ltr'>se</span> 
     </span>
    </p>
   </div>
   <div class='ocr_carea' id='block_1_110' title="bbox 2006 5572 3574 5656">
    <p class='ocr_par' dir='ltr' id='par_1_110' title="bbox 2006 5572 3574 5656">
     <span class='ocr_line' id='line_1_110' title="bbox 2006 5572 3574 5656; baseline 0.009 -28"><span class='ocrx_word' id='word_1_779' title='bbox 2006 5572 2198 5629; x_wconf 85' lang='lat' dir='ltr'><strong>saltem</strong></span> <span class='ocrx_word' id='word_1_780' title='bbox 2235 5573 2505 5644; x_wconf 86' lang='lat' dir='ltr'><strong>habeant;</strong></span> <span class='ocrx_word' id='word_1_781' title='bbox 2539 5579 2810 5645; x_wconf 85' lang='lat' dir='ltr'><strong>cassides,</strong></span> <span class='ocrx_word' id='word_1_782' title='bbox 2842 5581 3160 5652; x_wconf 86' lang='lat' dir='ltr'><strong>brachialia,</strong></span> <span class='ocrx_word' id='word_1_783' title='bbox 3192 5587 3574 5656; x_wconf 78' lang='lat' dir='ltr'><strong>antet&#39;ioraque</strong></span> 
     </span>
    </p>
   </div>
   <div class='ocr_carea' id='block_1_111' title="bbox 2004 5664 3572 5750">
    <p class='ocr_par' dir='ltr' id='par_1_111' title="bbox 2004 5664 3572 5750">
     <span class='ocr_line' id='line_1_111' title="bbox 2004 5664 3572 5750; baseline 0.01 -34"><span class='ocrx_word' id='word_1_784' title='bbox 2004 5664 2254 5733; x_wconf 87' lang='lat' dir='ltr'><strong>corporis</strong></span> <span class='ocrx_word' id='word_1_785' title='bbox 2295 5667 2471 5724; x_wconf 90' lang='lat' dir='ltr'><strong>omnis</strong></span> <span class='ocrx_word' id='word_1_786' title='bbox 2522 5669 2574 5723; x_wconf 90' lang='lat' dir='ltr'>in</span> <span class='ocrx_word' id='word_1_787' title='bbox 2618 5670 2731 5741; x_wconf 90' lang='lat' dir='ltr'><strong>ipsa</strong></span> <span class='ocrx_word' id='word_1_788' title='bbox 2775 5672 3146 5750; x_wconf 78' lang='lat' dir='ltr'><strong>dimicatione,</strong></span> <span class='ocrx_word' id='word_1_789' title='bbox 3182 5690 3233 5739; x_wconf 81' lang='lat' dir='ltr'>et</span> <span class='ocrx_word' id='word_1_790' title='bbox 3284 5688 3572 5733; x_wconf 50' lang='lat' dir='ltr'><strong>concerta»</strong></span> 
     </span>
    </p>
   </div>
   <div class='ocr_carea' id='block_1_112' title="bbox 1828 5753 2062 5810">
    <p class='ocr_par' dir='ltr' id='par_1_112' title="bbox 1828 5753 2062 5810">
     <span class='ocr_line' id='line_1_112' title="bbox 1828 5753 2062 5810; baseline 0.013 -3"><span class='ocrx_word' id='word_1_791' title='bbox 1828 5753 2062 5810; x_wconf 73' lang='lat' dir='ltr'><strong>NOT/E.</strong></span> 
     </span>
    </p>
   </div>
   <div class='ocr_carea' id='block_1_113' title="bbox 402 5842 1891 5914">
    <p class='ocr_par' dir='ltr' id='par_1_113' title="bbox 402 5842 1891 5914">
     <span class='ocr_line' id='line_1_113' title="bbox 402 5842 1891 5914; baseline 0.005 -21"><span class='ocrx_word' id='word_1_792' title='bbox 402 5842 471 5914; x_wconf 66' lang='grc' dir='ltr'>(εἰ)</span> <span class='ocrx_word' id='word_1_793' title='bbox 507 5842 753 5906; x_wconf 76' lang='grc' dir='ltr'>Ἕξουσι</span> <span class='ocrx_word' id='word_1_794' title='bbox 777 5844 1019 5909; x_wconf 71' lang='grc' dir='ltr'>ναύτας.</span> <span class='ocrx_word' id='word_1_795' title='bbox 1046 5844 1420 5911; x_wconf 86' lang='lat' dir='ltr'><strong>Scribebatttr,</strong></span> <span class='ocrx_word' id='word_1_796' title='bbox 1445 5846 1664 5900; x_wconf 75' lang='grc' dir='ltr'>’ἐκουσιν</span> <span class='ocrx_word' id='word_1_797' title='bbox 1701 5846 1891 5912; x_wconf 73' lang='grc' dir='ltr'>αὐτάς.</span> 
     </span>
    </p>
   </div>
   <div class='ocr_carea' id='block_1_114' title="bbox 571 5938 1204 6002">
    <p class='ocr_par' dir='ltr' id='par_1_114' title="bbox 571 5938 1204 6002">
     <span class='ocr_line' id='line_1_114' title="bbox 571 5938 1204 6002; baseline 0.003 -8"><span class='ocrx_word' id='word_1_798' title='bbox 571 5938 838 6000; x_wconf 66' lang='grc' dir='ltr'>Ρηιιοι..</span> <span class='ocrx_word' id='word_1_799' title='bbox 875 5940 987 5997; x_wconf 74' lang='lat' dir='ltr'><strong>Gtt.</strong></span> <span class='ocrx_word' id='word_1_800' title='bbox 1024 5939 1204 6002; x_wconf 69' lang='lat' dir='ltr'>CVII.</span> 
     </span>
    </p>
   </div>
   <div class='ocr_carea' id='block_1_115' title="bbox 3115 5956 3186 6009">
    <p class='ocr_par' dir='ltr' id='par_1_115' title="bbox 3115 5956 3186 6009">
     <span class='ocr_line' id='line_1_115' title="bbox 3115 5956 3186 6009; baseline 0.042 -2"><span class='ocrx_word' id='word_1_801' title='bbox 3115 5956 3186 6009; x_wconf 64' lang='lat'>3‘3</span> 
     </span>
    </p>
   </div>
   <div class='ocr_carea' id='block_1_116' title="bbox 3111 5991 3187 6018">
    <p class='ocr_par' dir='ltr' id='par_1_116' title="bbox 3111 5991 3187 6018">
     <span class='ocr_line' id='line_1_116' title="bbox 3111 5991 3187 6018; baseline 0 -12"><span class='ocrx_word' id='word_1_802' title='bbox 3111 5991 3187 6018; x_wconf 46' lang='grc' dir='ltr'>οι.)</span> 
     </span>
    </p>
   </div>
  </div>
