4036 6300
504 335 615 400 995

1750 319 2025 395 LEONIS
2055 322 2521 396 Pnitoso'rm

3685 333 3795 400 996

486 447 640 500 tione
692 457 973 498 manuum.
1024 442 1127 510 Qut
1175 450 1357 498 autem
1396 441 1602 513 galeas,
1655 445 1750 497 aut
1806 443 2069 500 thoraces

2179 443 2338 515 ψελα,
2370 446 2463 498 καὶ
2493 444 2729 517 μάλιστα
2747 446 2800 498 oi
2826 444 3138 519 ἔμπροσθεν
3178 446 3238 500 ἐν
3279 449 3347 519 τῇ
3382 447 3664 519 προσϐολῇ
3691 450 3791 518 τῆς

479 541 597 596 Tuon
636 537 859 605 habent,
890 537 1079 592 omnia
1129 536 1245 592 haec
1286 552 1353 591 ex
1409 537 1593 592 nervis
1648 538 1900 592 confecta
1954 551 2079 592 cum

487 629 800 701 duplicibus
835 628 1120 684 cenduc-lis
1163 636 1423 700 gestent;
1462 636 1515 684 et
1560 627 1613 682 hi
1653 643 1682 682 a
1719 637 1873 698 tergo
1910 637 2074 697 caste-

487 739 672 778 rorum
721 723 882 777 locati
933 722 1172 777 arcubus
1229 729 1487 790 utantur,
1527 733 1576 778 el
1633 723 1844 793 lapides
1889 723 2069 778 mani«

486 818 688 885 plares.
736 832 874 886 quos
913 816 1200 870 cochla-ces
1248 824 1469 879 vocant,
1525 817 1578 870 in
1624 816 1945 872 triremibus
1978 817 2077 869 ha-

486 913 670 976 bt-ant,
713 925 849 981 quos
905 909 957 964 in
1012 911 1197 965 hostes
1249 909 1574 980 conjiciant,
1635 923 1699 964 ac
1751 925 1850 979 pro
1907 912 2078 965 armis

2183 539 2370 610 μάχης
2421 540 2564 592 κατὰ
2597 542 2784 610 χεῖρας
2834 540 3274 612 συμπλεκόμενοι
3306 540 3402 594 καὶ
3440 542 3791 612 ἀγωνιζόμε-

2181 645 2286 688 νοι.
2318 629 2380 687 Οἱ
2403 635 2466 687 δὲ
2503 633 2577 705 μὴ
2617 631 2833 705 ἔχοντες
2873 635 3126 705 λωρίκια,
3165 634 3198 706 ἢ
3235 635 3514 698 κλιϐἁνια,
3566 635 3791 695 πάντως

2180 725 2527 797 φσρείτιῡσαν
2559 726 2625 780 τὰ
2648 726 2922 799 λεγόμενα
2957 726 3218 798 νευρικά“
3257 725 3402 798 άπερ
3438 725 3547 783 ἀπὸ
3576 728 3790 782 διπλῶν

2178 818 2520 872 κενδούκλων
2572 819 2804 888 γίνεται.
2848 820 2960 874 Κοίλ-
2996 813 3144 875 οῦτοι
3195 821 3416 874 ὄπισθεν
3464 819 3572 873 τῶν
3603 819 3791 872 ἄλλων

2179 913 2513 983 σκεπόμενοι
2558 913 2734 979 τόξοις
2777 913 3098 984 χρήσονται,
3141 914 3238 968 καὶ
3267 913 3450 977 λίθους
3501 913 3559 967 δὲ
3603 930 3788 983 χειρο-

487 1012 744 1071 utantur;
783 1002 991 1074 lapides
1037 1002 1182 1056 enim
1216 1017 1364 1056 arma
1394 1011 1526 1058 sunt
1561 1003 1704 1057 bona
1735 1011 1789 1056 et
1821 1011 1997 1056 certa.

2179 1002 2405 1071 ’κληθείς
2449 1002 2737 1066 πλείστους
2768 1005 3042 1074 ἐχέτωσαν
3073 1004 3192 1076 ἢτοι
3237 1005 3513 1075 κόχλακας
3559 1003 3620 1057 ὲν
3665 1005 3787 1064 τοῖς

484 1097 827 1168 δρομωνίοις,
862 1097 1050 1164 ὥσπερ
1115 1095 1252 1150 κατὰ
1308 1095 1414 1148 τῶν
1470 1095 1744 1166 πολεμίων
1795 1096 2081 1166 βάλλοντες
2114 1095 2266 1149 οὐδὲν
2297 1091 2461 1169 ἦττον
2505 1096 2614 1150 τῶν
2645 1097 2820 1153 ἄλλων
2865 1098 3045 1152 ὃπλων
3081 1097 3393 1153 ἁνύσουσιν.
3433 1098 3644 1168 Ὅπλα
3679 1099 3790 1170 γάρ

485 1195 623 1246 εἰσιν
658 1194 709 1246 οἱ
745 1191 882 1244 λίθοι
917 1191 1222 1263 εὐπόριστα
1248 1191 1342 1244 καὶ
1369 1190 1656 1258 ἀνελλιπῆ.

554 1291 644 1346 14.
685 1288 874 1360 Neque
913 1294 1048 1344 vero
1094 1288 1175 1344 sic
1221 1286 1432 1358 lapides
1464 1287 1790 1356 eonjiciant,
1825 1294 1885 1340 ut
1913 1301 2069 1342 omne

2253 1286 2333 1342 ιδ’.
2389 1287 2481 1359 Μὴ
2525 1287 2709 1357 μέντοι
2740 1287 2882 1341 οὕτω
2919 1287 3264 1359 βαλλέτωσαν
3295 1290 3421 1353 τοὺς
3461 1289 3644 1354 λίθους
3690 1291 3788 1360 μόο

485 1383 676 1437 virium
707 1381 948 1437 roburin
979 1381 1086 1435 illis
1116 1387 1461 1447 consumant,
1485 1386 1538 1434 et
1565 1379 1632 1434 de
1656 1387 1857 1434 caetero
1893 1379 2069 1435 otiose

2179 1401 2288 1449 νον,
2311 1382 2459 1437 ὥστε
2491 1384 2589 1454 τὴν
2611 1382 2794 1455 ἀκμὴν
2824 1384 2920 1454 τῆς
2955 1383 3136 1436 αὐτῶν
3166 1383 3448 1454 δυνάμεως
3484 1385 3541 1437 ὲν
3568 1384 3792 1448 τούτοις

482 1477 809 1541 consistant,
838 1489 906 1529 ne
933 1475 1119 1530 hostes
1149 1481 1306 1530 scuta
1325 1473 1716 1541 addensantes,
1735 1480 1788 1528 et
1807 1473 2069 1544 inipctum

2180 1477 2578 1556 exBarcatvﬁe'at,
2613 1480 2710 1533 καὶ
2739 1479 2931 1549 στῆναι
2957 1477 3050 1532 τοῦ
3109 1473 3320 1544 λοιποῦ,
3352 1477 3385 1549 ἥ
3421 1479 3516 1533 καὶ
3544 1479 3610 1533 τὰ
3646 1480 3791 1534 ὅπλα

482 1575 677 1624 horum
709 1569 1072 1638 excipientes,
1108 1583 1301 1623 omnes
1324 1565 1486 1622 facile
1517 1566 1727 1637 lapides
1753 1567 2069 1636 absumant;

2179 1573 2251 1627 τὰ
2292 1571 2597 1644 βαλλόμενα
2631 1574 3001 1639 ἀποκενῶσαι,
3043 1577 3256 1647 μήποτε
3300 1575 3348 1629 οἱ
3382 1575 3621 1628 ἐναντίοι
3701 1574 3792 1627 σύ-

481 1664 551 1719 iis
578 1662 764 1729 (initis,
793 1673 846 1718 et
864 1662 1275 1730 conjectoribus
1301 1661 1541 1731 lapidum
1569 1660 1828 1732 fatigatis,
1847 1658 2069 1716 conferti

2189 1682 2389 1720 σκουτα
2409 1667 2750 1739 ποιήσαντες,
2771 1669 2864 1722 καὶ
2888 1667 2982 1733 τὰς
3013 1668 3174 1740 βολὰς
3202 1669 3450 1724 ὁπωσοῦν
3474 1669 3787 1739 δεξάμενοι,

481 1763 840 1826 exsurgentes
886 1754 1094 1823 spathis
1145 1760 1197 1808 et
1236 1753 1413 1823 longis
1465 1753 1644 1809 hastis
1681 1768 1740 1809 se
1790 1752 2069 1808 defendere

2191 1755 2310 1815 εἶτα
2344 1761 2546 1815 τούτων
2583 1760 3005 1832 πληρωθέντων,
3029 1763 3123 1818 καὶ
3157 1764 3262 1817 τῶν
3299 1762 3606 1834 βαλλόντων
3652 1762 3792 1815 ἀπο-

481 1857 783 1915 conentur,
814 1858 867 1905 et
892 1847 1228 1905 robustiores
1257 1849 1358 1903 hoc
1386 1848 1636 1903 confecto
1665 1848 1869 1918 impetu
1893 1846 2069 1902 existi-

2193 1847 2703 1920 καμόντων,ἁθρόοι
2734 1851 3068 1915 ἀναστάντες
3101 1853 3461 1924 ἀπάρξωνται
3495 1854 3618 1917 ταῖς
3648 1851 3786 1906 σπά-

481 1945 638 2010 mati,
677 1953 730 2000 et
781 1942 1037 2015 fatigatos
1093 1943 1298 1998 milites
1330 1943 1708 2008 adorti,facile
1733 1943 1936 1997 milites
1969 1940 2069 1996 fun'

2193 1941 2314 2004 Θαις
2342 1938 2438 1995 καὶ
2468 1944 2580 2005 τοῖς
2617 1943 2716 2015 μὲν
2751 1943 2932 2010 αΰλοις
2961 1945 3038 2017 t6)
3079 1947 3389 2018 ἀμύνασθαι
3412 1965 3427 1978 ’
3462 1950 3560 2003 καὶ
3596 1947 3790 2020 ὥσπερ

481 2042 617 2098 dant
644 2050 806 2114 atque
834 2046 1174 2114 expugnent;
1195 2041 1267 2096 ita
1285 2042 1429 2098 enim
1449 2042 1625 2097 solent
1645 2038 2068 2095 Barbari'facere

2193 2036 2551 2108 ἀκμαιότεροι
2581 2039 2646 2108 τῇ
2682 2035 2855 2111 ἀθρόᾳ
2883 2044 3096 2113 κινήσει
3127 2042 3517 2113 ἀναφανέντες,
3545 2043 3644 2097 καὶ
3677 2043 3787 2106 τοῖς

481 2136 788 2207 κεκμηκόσι
828 2137 1190 2208 στρατιώταις
1226 2136 1576 2200 ἐπιτεθέντες
1615 2134 1955 2208 ἰσχυρότεροι
2012 2132 2303 2202 γένωνται,
2346 2130 2442 2184 καὶ
2486 2130 2683 2202 ῥᾳδίως
2756 2132 2954 2200 αὐτοὺς
3028 2139 3554 2212 κατὰπολεμὴσωσί.
3635 2133 3789 2195 imm

483 2228 592 2302 γὰρ
627 2229 690 2283 τὰ
718 2227 941 2282 τοιαῦτα
967 2227 1030 2282 τὸ
1059 2227 1365 2300 βάρϐαρον.

554 2324 646 2379 l5.
709 2321 972 2378 Saraceni
1026 2323 1290 2393 impetum
1342 2322 1476 2378 belli
1527 2322 1712 2393 primo
1764 2320 2064 2391 excipiunt,

484 2420 578 2475 ubi
615 2419 803 2476 hostes
842 2417 954 2490 jam
1002 2417 1282 2488 fatigatos,
1331 2415 1612 2485 armisque
1665 2413 1937 2475 defectos,
1977 2421 2073 2468 aut

483 2511 721 2586 sagittis,
746 2520 840 2567 aut
862 2508 1159 2584 lapidibus,
1191 2518 1286 2566 aut
1308 2510 1433 2565 aliis
1457 2508 1777 2580 hujusmodi
1807 2508 2069 2571 viderint,

484 2617 598 2662 tum
633 2607 918 2670 insultant,
951 2611 1004 2660 et
1036 2602 1501 2675 perterrefaciunt
1541 2603 1752 2669 hostes,
1796 2608 1852 2657 ct
1894 2600 2071 2655 comi-

481 2715 587 2755 nus
618 2698 889 2755 consertis
915 2698 1192 2762 manibus,
1221 2694 1457 2767 spathis,
1489 2694 1773 2765 hastisque
1807 2692 2073 2765 longiori-

481 2795 587 2852 bus
627 2793 841 2850 fortiter
892 2807 956 2848 ac
1011 2793 1320 2864 impetuose
1354 2789 1646 2846 invadunt.

2243 2325 2324 2373 ιετ.
2370 2315 2739 2392 ’Υπομὲνουσι
2775 2323 2884 2395 γὰρ
2937 2323 2986 2376 οἱ
3033 2325 3340 2396 Σαρακηνοὶ
3382 2325 3484 2400 τὴν
3519 2313 3650 2399 βίαν
3682 2331 3785 2403 τῆς

2170 2414 2501 2487 προσϐολῆς.
2559 2417 2671 2470 Καὶ
2720 2416 2845 2470 ὅταν
2872 2418 3264 2488 ἁποκαμόντας
3309 2421 3481 2488 ἴδωσι,
3535 2423 3780 2479 καὶτῶν

2169 2510 2352 2565 ὅπλων
2395 2508 2756 2574 κενωθέντας,
2880 2511 3173 2579 σαγιττῶν,
3211 2512 3244 2582 ἢ
3297 2513 3483 2578 λίθων,
3511 2516 3548 2584 ’ἦ
3607 2533 3776 2573 τινων

2173 2605 2403 2676 ἐτέρων,
2435 2605 2556 2659 τότε
2600 2604 2987 2676 ἀναπηδῶντες
3022 2605 3156 2677 ὁμοῦ
3201 2623 3261 2660 τε
3300 2607 3779 2680 καταπλήττουσι,

2171 2698 2268 2752 καὶ
2324 2701 2443 2761 ταῖς
2514 2698 2579 2751 ἐκ
2631 2697 2814 2770 χειρὸς
2875 2697 2992 2754 ίάπδ
3047 2699 3292 2753 σπαθίων
3336 2700 3433 2753 καὶ
3491 2703 3783 2772 μεναύλων

2166 2789 2502 2860 προσϐολαῖς
2575 2788 2867 2861 εὐρώστως
2934 2793 3033 2844 καὶ
3091 2790 3461 2864 ἀκμαιότερον
3510 2795 3780 2868 ἐπέρχονο

2170 2898 2284 2937 ται.

551 2984 638 3040 16.
682 2983 869 3054 Itaque
920 2978 1236 3051 huiusmodi
1269 2976 1514 3035 cavenda
1570 2987 1722 3043 sunt,
1760 2989 1830 3034 ‘ac
1887 2977 2069 3046 provi-

2245 2973 2339 3042 ις’.
2382 2976 2474 3030 Διὸ
2517 2975 2889 3046 φυλάττεσθαι
2939 2979 3047 3052 χρὴ
3091 2977 3162 3033 τὰ
3203 2980 3453 3049 τοιαῦτα,
3499 2982 3591 3037 καὶ
3631 2986 3776 3057 μετὰ

481 3077 636 3134 sione
669 3088 978 3149 opportuna
1023 3073 1368 3132 efﬁciendum
1405 3080 1491 3130 est
1537 3080 1596 3127 ut
1645 3072 1838 3128 hostes
1882 3072 2069 3142 potius

2179 3069 2263 3124 τοῦ
2312 3070 2522 3134 δέοντος
2578 3071 2782 3125 σκοποῦ
2844 3073 3117 3127 ποιεῖσθαι
3174 3074 3272 3146 τὴν
3305 3068 3640 3148 προσϐολὴν,
3686 3079 3775 3133 ἵνα

480 3172 746 3228 damnosa
793 3170 1090 3241 accipiant,
1121 3183 1287 3240 quam
1337 3168 1618 3224 exercitus
1653 3176 1843 3222 noster
1896 3165 2069 3220 ullum

2179 3165 2374 3236 μᾶλλον
2433 3167 2481 3218 οἱ
2538 3163 2791 3235 πολέμιοι
2851 3164 3066 3220 πάθωσι
3122 3167 3191 3221 τά
3251 3169 3387 3241 πρὸς
3437 3169 3647 3240 βλάϐην
3685 3178 3780 3240 ’γι-

481 3267 742 3322 damnum
780 3264 1036 3336 accipiat.
1071 3252 1271 3318 "Robur
1309 3264 1458 3317 enim
1489 3260 1745 3324 militum,
1787 3267 1841 3314 et
1870 3274 2062 3314 nume-

2179 3262 2468 3333 νόμενα,ῆ
2515 3262 2563 3314 οἱ
2607 3261 2868 3332 ἡμέτεροι
2912 3263 3266 3334 στρατιῶται.
3301 3266 3394 3318 Δετ
3419 3263 3528 3337 γὰρ
3575 3265 3781 3331 αὐτοὺς

483 3377 580 3416 rus
611 3360 845 3416 telorum
881 3355 1352 3429 conjiciendorum
1383 3353 1754 3410 dimetiendus
1783 3361 1889 3420 est,
1917 3359 1970 3407 et
2002 3352 2069 3407 ab

2179 3352 2274 3424 τὴν
2339 3351 2555 3407 οἰκείαν
2608 3354 2793 3426 ἀκμὴν
2844 3356 3076 3421 καὶτὰς
3126 3355 3285 3427 βολὰς
3338 3358 3632 3428 φυλάττειν
3685 3363 3781 3414 ἀπ’

484 3455 645 3510 initio
684 3452 751 3508 ad
787 3452 951 3508 ﬁnem
988 3466 1164 3523 usque
1191 3449 1319 3505 belli
1347 3448 1588 3503 hostium
1626 3447 1954 3502 constitutio
1986 3444 2069 3500 di-

2179 3448 2349 3517 ἀρχῆς
2404 3447 2533 3519 ἄχρι
2591 3446 2782 3512 τέλους
2847 3450 2946 3519 τῆς
3003 3450 3204 3520 μάχης,
3254 3450 3351 3504 καὶ
3395 3453 3616 3525 μετρεῖν
3670 3451 3802 3504 τῶν

483 3548 712 3619 ligenter
755 3543 1160 3616 perspicienda,
1203 3549 1372 3614 atque
1394 3540 1531 3596 adeo
1554 3555 1743 3611 pugna
1774 3537 2069 3594 instituen-

2179 3540 2437 3594 ἐναντίων
2482 3541 2580 3613 τὴν
2624 3541 2888 3609 διάθεσιν,
2944 3542 3040 3596 καὶ
3079 3542 3252 3607 οὕτως
3300 3543 3400 3616 τὴν
3438 3544 3619 3618 μάχην
3662 3544 3776 3599 δια-

483 3641 550 3694 da
590 3648 694 3695 est.

2179 3633 2490 3699 σκευάζειν.

555 3733 643 3789 t7.
682 3732 762 3787 Ad
795 3732 933 3798 haec,
967 3731 1290 3802 imperator,
1312 3727 1646 3800 providebis,
1671 3735 1729 3781 ut
1762 3742 1850 3782 res
1872 3740 2069 3781 neces-

2240 3724 2336 3790 ιζ’.
2368 3726 2514 3800 Πρὸς
2537 3727 2750 3792 τούτοις
2785 3729 3113 3800 φροντίσειε,
3145 3718 3189 3783 ὦ
3220 3729 3516 3802 στρατηγὲ,
3553 3730 3650 3786 καὶ
3676 3731 3774 3806 τῆς

484 3829 662 3886 sarias
710 3835 1188 3896 commeatumque
1223 3824 1428 3880 milites
1476 3823 1735 3885 habeant,
1788 3830 1845 3875 nt
1891 3836 1956 3874 ne
2002 3820 2069 3874 iis

2179 3818 2400 3892 δεούσης
2428 3821 2533 3874 τῶν
2557 3820 2909 3892 στρατιωτῶν
2939 3821 3208 3892 δαπάνης,
3234 3821 3375 3876 ὥστε
3401 3823 3545 3895 ἔχειν
3575 3825 3769 3890 αὐτοὺς

483 3923 650 3978 rebus
682 3920 904 3986 defecti,
944 3918 1027 3974 vel
1063 3917 1388 3974 seditionem
1425 3915 1633 3971 faciant
1671 3914 1756 3969 vel
1792 3921 1979 3969 nostra
2015 3911 2069 3965 in

2179 3913 2241 3966 τὰ
2272 3914 2567 3982 ἀναγκαῖα·
2597 3914 2683 3967 ἵνα
2712 3914 2786 3985 μὴ
2812 3913 3017 3968 τούτων
3045 3914 3361 3986 λειπόμενοι
3394 3915 3426 3985 ἢ
3457 3919 3770 3972 orantium-

483 4011 1051 4085 regionemunicipes
1102 4018 1157 4065 ct
1193 4010 1476 4078 subjectos
1506 4008 1611 4065 sub
1651 4005 1940 4078 imperium
1974 4021 2069 4060 no-

2179 4014 2278 4069 σιν,
2315 4007 2370 4060 ἐν
2405 4008 2472 4077 τῇ
2512 4005 2617 4078 ἰδίᾳ
2643 4004 2797 4078 χώρᾳ
2828 4006 2979 4070 ὄντες
3007 4007 3133 4072 τοὺς
3166 4006 3519 4072 συντελεστάς
3550 4011 3644 4062 καὶ
3673 4011 3771 4064 ὑπο

483 4113 664 4162 strum
696 4110 918 4169 vexant,
951 4112 1004 4158 et
1037 4099 1259 4172 injuriis
1309 4097 1708 4172 tyrannidequc
1733 4098 2066 4168 opprimant,

2179 4099 2371 4169 η’κόους
2399 4100 2556 4171 ἡμῶν
2597 4100 2920 4171 τυραννοῦσι
2949 4100 3044 4155 καὶ
3076 4101 3324 4157 ἀδικοῦσι
3379 4103 3485 4157 ὑπὸ
3524 4103 3625 4174 τῆς
3669 4104 3768 4160 πά-

484 4199 664 4256 inedia
719 4197 1159 4269 necessitateque
1221 4195 1511 4264 compulsi.
1563 4194 1764 4264 Atque,
1848 4194 1892 4246 si
1953 4192 2068 4248 fieri

2179 4210 2271 4264 νης
2307 4192 2380 4264 (7)
2412 4193 2522 4246 τῶν
2556 4194 2873 4263 ἀναγκαίων
2909 4195 3384 4266 συνελαυνόμενοι.
3433 4197 3599 4264 Ἀλλ’,
3626 4198 3681 4252 εί
3705 4215 3764 4266 τε

482 4300 686 4365 petest,
715 4291 973 4348 hostilem
1022 4289 1277 4347 celeriter
1328 4285 1679 4360 populaberis
1737 4283 1961 4351 terram,
2015 4294 2069 4340 et

2179 4282 2420 4348 δυνατὸν,
2454 4284 2512 4337 ὲν
2552 4285 2707 4355 τάχει
2745 4287 2838 4357 τὴν
2870 4287 3132 4359 πολεμίαν
3169 4289 3486 4364 καταλάϐῃς
3515 4290 3644 4361 γῆν,
3676 4293 3763 4345 καὶ

483 4402 702 4444 omnem
742 4385 854 4442 illis
889 4391 1253 4440 commeatum
1297 4382 1423 4438 inde
1472 4379 1882 4452 suppeditahis;
1930 4395 2069 4449 prac-

2179 4375 2232 4440 ὲξ
2264 4376 2431 4447 αὐτῆς
2458 4365 2683 4432 ’ἅπαντα
2721 4379 2787 4433 τὰ
2820 4381 3102 4452 ἐπιτήδεια
3125 4383 3347 4455 πορίσῃ.
3373 4384 3763 4457 Παραγγέλλης

468 4481 756 4552 'fectisque
801 4478 1089 4534 mandabis
1129 4485 1188 4532 ut
1231 4476 1443 4532 nullum
1498 4474 1602 4530 sub
1643 4473 1927 4529 dominatu
1976 4484 2069 4529 tuo

2179 4471 2228 4524 δὲ
2269 4470 2360 4523 καὶ
2405 4474 2517 4535 τοῖς
2565 4473 2814 4542 ἄρχουσι,
2851 4475 3056 4544 μηδένα
3105 4476 3223 4528 τῶν
3244 4477 3335 4530 ὑπ’
3362 4477 3562 4542 αὐτοὺς
3605 4497 3763 4551 στρα-

483 4576 710 4633 militem
747 4572 952 4644 injuria
998 4570 1218 4638 alliciat,
1275 4570 1361 4625 vel
1402 4570 1576 4624 ullum
1631 4583 1833 4623 munus
1866 4567 1934 4622 ab
1971 4567 2067 4622 illo

2179 4564 2380 4644 τιωτῶν
2413 4565 2640 4628 ἀδικεῖν,
2749 4567 2809 4621 τὸ
2832 4567 3040 4622 οίονοῦν
3063 4569 3233 4641 δωρον
3261 4572 3390 4641 παρ’
3419 4569 3601 4625 αὐτῶν
3631 4572 3762 4642 λαμ·

480 4660 683 4740 capiat,
723 4623 894 4723 ne'e‘a
924 4663 1144 4737 quidem
1173 4670 1298 4735 'qum
1328 4669 1591 4740 consueta
1629 4673 1856 4715 munera
1888 4659 2069 4714 nomi-

2179 4637 2378 4723 ϐάνειν,
2416 4658 2450 4730 ἢ
2491 4657 2589 4723 τὰς
2629 4623 2938 4730 ’λενομὲνας
2973 4623 3288 4730 συνηθείας.
3337 4623 3476 4733 lit-pi.
3529 4623 3759 4736 {apri};

465 4762 707 4820 ﬁtentur.
738 4757 816 4814 De
844 4766 936 4812 tua
972 4763 1153 4811 autem
1174 4754 1443 4825 dignitate
1474 4751 1603 4823 quid
1635 4750 1929 4806 dicendum
1961 4757 2065 4816 εει,

2179 4750 2271 4822 σῆς
2311 4752 2656 4823 ὲνδοξότητος
2688 4753 2740 4806 τί
2765 4755 2868 4826 χρὴ
2893 4754 3097 4825 λέγειν,
3138 4755 3214 4820 ὡς
3245 4757 3354 4810 οὐδ’
3393 4756 3759 4830 ἐνθυμηθῆναί

431 4861 433 4863 ’
470 4855 578 4923 'qui
603 4869 672 4908 ne
699 4852 766 4908 de
787 4850 949 4906 donis
973 4848 1314 4920 accipiendis
1346 4847 1590 4919 cogitare
1615 4845 1837 4916 quidem
1865 4843 2066 4911 debes,

2179 4864 2221 4901 τι
2253 4848 2496 4901 τοιοῦτον
2524 4847 2663 4913 δέον,
2701 4850 2918 4919 μήτιγε
2954 4849 3382 4923 διαπράξασθαι,
3417 4851 3560 4922 μήτε
3589 4852 3757 4923 δῶρον

480 4961 660 5016 neque
703 4943 908 4998 donum
946 4941 1167 5013 aliquod
1209 4939 1400 5002 abiis,
1448 4937 1681 5021 quistib
1729 4943 1784 4992 te
1835 4934 2068 5006 subjecti

2179 4938 2230 4992 τὸ
2254 4935 2366 4994 οἷον
2397 4940 2598 5011 δήποτε
2623 4941 2730 4994 ἀπὸ
2769 4940 2965 5013 μικροῦ
2998 4943 3030 5014 ἢ
3065 4943 3305 5012 μεγάλου
3337 4942 3629 5016 ἀνθρώπου
3667 4942 3757 4998 τοῦ

479 5046 632 5102 sunt,
669 5037 784 5092 sive
831 5034 1151 5101 ditioribus,
1179 5031 1295 5088 sive
1329 5026 1675 5087 tenuioribus
1704 5030 1812 5084 ulla
1854 5029 2069 5088 ratione

2179 5033 2275 5088 ὒπὸ
2310 5033 2369 5088 σὲ
2392 5033 2672 5099 τελοῦντος
2701 5035 3000 5106 λαμϐάνειν
3033 5037 3092 5090 τὺ
3126 5037 3382 5106 σύνολον;

477 5133 716 5204 capere?

551 5227 638 5280 18.
689 5223 891 5280 Milites
942 5233 1205 5279 strenuos
1254 5223 1624 5292 rohustosque
1653 5229 1707 5277 et
1755 5220 1968 5278 alat-res
2010 5222 2063 5277 in

477 5335 698 5374 summa
741 5317 983 5374 triremis
1028 5327 1182 5388 parte
1230 5315 1582 5387 potissimum
1613 5316 1916 5382 constitue,
1967 5316 2062 5386 qui

477 5413 752 5469 consertis
780 5412 1036 5469 manibus
1062 5427 1187 5467 cum
1214 5410 1466 5467 hostibus
1489 5409 1775 5466 dimicent.
1801 5409 1896 5465 Sin
1923 5415 2061 5481 quos

476 5521 540 5562 cx
577 5506 846 5562 militibus
879 5506 1192 5575 ignaviores
1223 5519 1347 5560 esse
1379 5504 1824 5575 deprehenderis,
1858 5521 1954 5560 eos
2007 5507 2059 5560 in

476 5601 793 5660 inferiorem
856 5602 1106 5657 ordinem
1139 5616 1415 5656 remorum
1452 5603 1683 5671 depelle,
1725 5609 1778 5655 et
1819 5602 1862 5656 si
1898 5616 2060 5671 quam

2008 5711 2242 5771 NOTAE.

555 5805 630 5877 (6)
664 5807 769 5877 Καὶ
800 5805 922 5872 τοῖς
938 5806 1052 5875 μὲν
1077 5805 1306 5877 αὔλοίς.
1347 5805 1557 5868 Scribe,
1591 5807 1680 5858 καὶ
1707 5807 1818 5869 τοῖς
1852 5804 2069 5877 {Levavi}:

2192 5804 2346 5873 Quod
2380 5806 2450 5864 sit
2484 5805 2768 5876 μὲναυλον.
2799 5806 2931 5864 Vide
2969 5805 3300 5863 Glossarium
3331 5815 3607 5863 nostrum.

559 5876 635 5950 (7)
671 5876 781 5948 Τῆς
804 5877 1023 5946 πάγης.
1058 5876 1270 5943 Scribe,
1289 5878 1385 5949 τῆς
1419 5878 1652 5946 σπάνης.

2249 5221 2337 5294 ιη’.
2372 5220 2510 5285 Τοὺς
2549 5221 2608 5275 δὲ
2649 5221 2985 5294 στρατιώτας
3037 5222 3311 5294 ἀνδρείους
3358 5223 3630 5292 ἐπιλέγου,
3666 5225 3750 5279 καὶ

2176 5316 2517 5388 ρωμαλέους,
2551 5315 2644 5369 καὶ
2677 5317 3094 5388 εὑπροθύμουςο
3143 5318 3236 5370 καὶ
3278 5317 3515 5387 μάλιστα
3567 5319 3646 5380 είς
3689 5316 3750 5369 τά

2175 5411 2288 5465 ἄνω
2319 5410 2413 5464 τοῦ
2439 5411 2720 5482 δρόμωνος
2765 5411 3152 5482 ταττομένους,
3183 5412 3379 5475 οἵτινες
3407 5412 3500 5466 καὶ
3519 5411 3626 5465 ἀπὸ
3655 5428 3750 5480 χει-

2175 5505 2264 5576 ρὸς
2315 5507 2427 5569 τοῖς
2467 5504 2748 5574 πολεμίοις
2803 5505 3231 5577 συμπλέκονται.
3266 5505 3328 5558 Εἰ
3364 5505 3419 5558 δέ
3454 5521 3606 5566 τινας
3649 5503 3750 5555 τῶν

2174 5601 2520 5672 στρατιωτῶν
2543 5600 2836 5672 ἀνάνδρους
2860 5598 3118 5672 ἐπιγνῷς,
3144 5599 3363 5664 τούτους
3384 5600 3463 5663 είς
3486 5598 3585 5670 τὴν
3607 5597 3747 5654 κάτω
