4040 6298
244 395 357 465 θὶΠ

1284 400 1624 462 TACTICA.
1655 426 1721 439 --
1785 397 2292 463 CONSTITUTIO
2325 403 2485 466 XIX.

3414 407 3520 472 998

236 512 468 570 ἐλασίαν
500 510 638 576 τέως
669 509 1035 582 παράπεμπε,
1073 508 1167 564 καὶ
1195 508 1251 562 εἴ
1285 510 1416 564 ποτέ
1448 527 1533 574 τις
1569 509 1772 581 πληγῇ“
1799 508 1832 580 ἣ

1944 510 2158 581 plagam
2203 513 2519 584 superiores
2553 514 2756 572 milites
2791 513 3128 588 acceperint,
3163 522 3351 574 eurum
3398 521 3517 576 loca

241 605 391 676 πέσῃ
429 604 538 658 τῶν
569 603 937 674 στρατιωτῶν,
968 601 1059 658 τὸν
1082 603 1290 658 ἐκείνου
1313 604 1476 658 τόπον
1500 602 1559 668 ἐξ
1588 603 1834 673 ἀνάγκης

236 697 618 768 ἀναπληρώσῃ
627 715 672 760 ς.

320 786 408 844 ιϐ’.
447 790 568 860 Χρὴ
597 789 660 845 δέ
707 805 768 842 σε
805 788 1022 851 πάντως
1066 787 1264 842 είδέναι
1316 790 1413 860 τὴν
1453 789 1682 843 ἑκάστου
1730 788 1848 843 τῶν·

236 881 354 936 ὑπὸ
387 884 445 935 σὲ
483 883 831 953 στρατιωτῶν
852 884 964 950 ἕξιν
991 882 1084 937 καὶ
1112 883 1372 948 διάθεσιν,
1404 883 1498 937 καὶ
1534 883 1630 955 τὴν
1667 883 1836 952 ἄλλην

236 976 384 1047 πρὸς
427 977 679 1046 ἀνδρείαν
732 976 1016 1047 ποιότητα,
1053 977 1265 1048 ’Ὠσπερ
1303 978 1351 1030 οἱ
1385 979 1684 1048 κυνηγέται
1727 978 1836 1030 τῶν

237 1069 427 1122 κυνῶν
469 1069 706 1123 ἑκάστου
746 1071 842 1133 τὰς
873 1069 1334 1141 ηέπιτηδειότητας
1380 1071 1836 1140 ἐπιγινώσκοντες

234 1160 464 1232 ἔχουσιν
490 1162 765 1235 εὐκαίρως
795 1163 993 1226 αὐτοὺς
1024 1163 1160 1234 πρὸς
1186 1163 1218 1216 ὃ
1251 1163 1548 1234 βούλονται.

310 1251 384 1308 ρκ’.
427 1255 617 1318 Οὕτως
661 1249 756 1308 οὖν
793 1253 1073 1324 διαθήσεις
1103 1254 1333 1319 ἕκαστα,
1373 1256 1559 1322 καθὼς
1590 1257 1654 1312 ἂν
1705 1275 1836 1313 συν-

232 1343 362 1415 ίδῃς
414 1345 688 1416 ἀρκοῦντα
731 1345 870 1415 πρδς
920 1346 1017 1418 τὴν
1062 1349 1431 1420 προκειμένην
1477 1350 1835 1420 ἐκστρατείαν

233 1438 374 1503 τούς
400 1458 460 1494 τε
489 1440 779 1512 δρόμωνας
807 1441 902 1496 καὶ
927 1442 1057 1506 τοὺς
1082 1445 1140 1497 ἐν
1165 1444 1350 1507 αὐτοῖς
1382 1445 1739 1514 στρατιώτας,
1768 1445 1838 1500 τά

233 1549 301 1585 τε
337 1533 483 1586 ὅπλα
507 1533 604 1586 καὶ
634 1533 734 1596 τὰς
763 1533 1031 1601 δαπάνας,
1059 1533 1156 1586 καὶ
1201 1535 1300 1604 τὴν
1331 1534 1498 1606 ἄλλην
1536 1538 1594 1589 ὲν
1625 1535 1838 1606 ἐτέροις

234 1622 454 1687 πλοίοις
476 1624 786 1696 ἀποσκευήν
806 1640 821 1656 ·
852 1625 1044 1694 ἥντινα
1073 1623 1236 1675 οἱονεὶ
1289 1623 1505 1676 τοῦλδον
1555 1627 1612 1677 ἐν
1647 1625 1828 1694 ἀσφα-

233 1715 368 1770 λέσι
400 1719 588 1781 τόποις
615 1733 676 1770 σε
708 1717 815 1789 χρὴ
845 1716 1128 1788 καθιστᾷν,
1173 1717 1303 1770 ὅταν
1333 1717 1524 1788 καιρὸς
1559 1717 1837 1782 ἐλπίζεταί

235 1824 326 1864 σοι
355 1810 564 1881 μάχης.
588 1811 700 1865 Καὶ
725 1811 976 1882 προσέτι,
1006 1811 1059 1862 εἷ
1077 1826 1141 1878 γε
1165 1810 1326 1881 χρεία
1349 1809 1571 1882 τοιαύτη
1593 1809 1835 1878 καλέσοι,

1935 604 2301 663 inferioribus
2340 608 2525 665 nautis
2573 611 2873 682 supplebis.

2014 798 2100 854 19.
2145 797 2599 870 Uniuscujusque
2631 800 2824 858 militis
2866 802 2953 856 tui
2997 802 3241 868 habitus,
3267 803 3518 872 affectus,

1939 890 2300 962 reliquusque
2328 892 2529 948 mentis
2551 893 2704 964 vigor
2724 895 3142 965 cognoscendus
3191 903 3298 964 est,
3330 913 3520 954 auem—

1939 983 2237 1040 admodum
2266 995 2557 1042 venatores
2591 987 2747 1042 canis
2779 987 3221 1059 uniuscujusque
3264 1000 3520 1045 naturam

1940 1081 2222 1149 cognitam
2253 1079 2541 1151 habentes,
2571 1082 2642 1138 ad
2671 1096 2890 1138 omnem
2922 1082 3387 1154 opportunitatem
3413 1082 3522 1138 illis

1940 1181 2198 1232 utuntur.

2009 1268 2100 1322 ‘20.
2139 1266 2217 1324 lta
2264 1269 2434 1341 igitur
2480 1270 2741 1327 institues
2785 1268 3004 1336 omnia',
3056 1268 3522 1341 quemadmodum

1939 1361 2007 1416 ad
2055 1364 2394 1434 propositam
2446 1363 2701 1420 militiam
2757 1363 2954 1419 idonea
3001 1377 3126 1418 esse
3168 1360 3520 1423 videbuntur,

1939 1455 2216 1522 triremes,
2263 1462 2320 1512 et
2369 1456 2597 1522 milites,
2647 1471 2801 1511 arma
2848 1464 2903 1513 et
2947 1463 3336 1515 commeatum.
3390 1453 3522 1515 reli-

1937 1565 2223 1622 quumque
2250 1566 2468 1607 omnem
2499 1562 2822 1622 apparatum
2860 1568 2874 1605 :
2907 1567 3069 1622 quem
3116 1548 3275 1620 quasi
3307 1547 3520 1605 tuldum

1939 1645 1994 1700 in
2025 1656 2141 1700 tuto
2178 1645 2501 1710 collocabis,
2529 1646 2621 1701 ubi
2642 1646 2893 1717 praelium
2914 1644 3226 1718 speraveris
3245 1643 3517 1708 futurum.

1939 1738 2094 1806 Quod
2128 1739 2173 1794 si
2220 1754 2448 1809 necesse
2481 1738 2678 1803 fuerit,
2710 1746 2770 1793 ut
2807 1754 2979 1810 equos
3015 1739 3230 1807 aliquos
3279 1736 3480 1791 habeas
3502 1779 3518 1802 ,

1942 1835 1998 1889 itt
2025 1833 2268 1890 navibus
2303 1832 2566 1904 eqttil‘eris
2596 1848 2721 1888 cum
2774 1831 3055 1904 equitibus
3087 1830 3295 1901 aliquot
3328 1845 3522 1900 pones,

231 1902 384 1958 ὥστε
420 1905 517 1959 καὶ
563 1904 766 1969 ἵππους
805 1906 862 1959 ἐν
916 1906 1029 1969 τοῖς
1059 1904 1405 1973 ἱππαγωγοῖς
1449 1903 1653 1969 πλοίοις
1699 1906 1836 1977 πρὸς

2035 1882 2265 1890 nun—ﬂ
2307 1882 2564 1904 υ-.----ν---
2601 1882 2721 1888 ν--η
2779 1882 3052 1904 νη-------
3330 1882 3344 1900 .

1940 1927 2238 1998 omniaque
2303 1929 2372 1983 ad
2424 1926 2628 1983 bellum
2673 1941 2989 1998 praeparans
3033 1925 3230 1981 idonee
3279 1923 3386 1979 iter
3445 1923 3529 1976 fa-

232 1998 549 2071 ἐπιρῤιφὴν
590 1997 732 2053 κατὰ
756 1997 857 2070 τῆς
883 1996 1152 2069 πολεμίας
1179 1996 1324 2068 ἐχειν
1365 1997 1528 2052 τινῶν
1565 1997 1838 2053 καϐαλλα-

237 2091 407 2164 ρίων.
455 2094 565 2146 Καὶ
629 2091 818 2156 ἁπλῶς
873 2090 1048 2146 πάντα
1106 2089 1417 2162 ἐξαρτύσας
1475 2091 1838 2166 ὁδοιπορήσῃς

229 2185 503 2252 δεόντως.

306 2288 431 2337 κα¹.
466 2280 575 2336 Καὶ
599 2280 816 2355 πρῶτον
844 2280 945 2352 μὲν
967 2281 1072 2354 πρό
1098 2279 1193 2335 τοῦ
1217 2281 1547 2353 ἀποκινῆσαι
1574 2280 1840 2352 ἁγιασθή-

228 2393 431 2432 τωσαν
455 2376 674 2430 ἅπαντα
704 2373 772 2428 τὰ
811 2374 1098 2451 φλάμουλα
1134 2373 1244 2429 τῶν
1271 2373 1568 2447 δρομὼνων
1606 2375 1838 2429 ἑκάστου

225 2469 321 2525 διὰ
349 2465 519 2531 θείας
548 2467 657 2524 τῶν
689 2468 881 2540 ἱερέων
907 2468 1219 2540 ἱερουργίας
1256 2469 1352 2521 καὶ
1391 2468 1558 2540 εὐχῆς
1586 2468 1841 2532 ἐκτενοῦς

231 2563 382 2634 «πρὸς
425 2560 518 2616 τδν
549 2560 662 2616 τῶν
695 2561 834 2617 ὅλων
862 2560 999 2616 Θεὸν
1033 2561 1175 2633 ὑπὲρ
1205 2560 1516 2625 εὐοδιὶισεως
1542 2561 1633 2615 τοῦ
1669 2579 1837 2632 στρα-

239 2654 363 2724 τοῦ,
413 2653 560 2709 κατὰ
604 2655 713 2710 τῶν
746 2655 1053 2727 πολεμίων.
1097 2656 1331 2710 Ἔπειτα
1365 2655 1461 2709 καὶ
1506 2655 1839 2728 διαλαλήσῃς

240 2748 384 2820 πρὸς
414 2748 637 2804 ἅπαντα
665 2748 757 2804 τὸν
778 2748 907 2805 λαὸν
953 2751 1049 2803 καὶ
1078 2749 1214 2821 πρὸς
1241 2748 1368 2813 τοὺς
1395 2748 1664 2819 ἄρχοντας
1691 2748 1838 2812 ίδίως

239 2842 311 2896 τὰ
331 2842 534 2897 δέοντα
569 2842 664 2897 καὶ
689 2843 1008 2914 ,ἁρμόζοντα
1036 2841 1116 2913 τῷ
1149 2840 1348 2913 καιρῷ,
1377 2841 1471 2895 καὶ
1497 2841 1670 2906 οὕτως
1700 2859 1839 2914 προ-

236 2935 625 3008 θυμοποιήσας
655 2934 746 2990 τὸν
788 2935 1021 3007 στρατὸν
1055 2935 1416 3007 ἀποκινήσεις
1463 2934 1643 2988 αἰσίου
1674 2934 1840 2989 πνεό·

241 3045 419 3100 ματος
451 3027 830 3100 συμπνέοντός
865 3045 948 3082 σοι
967 3029 1065 3083 καὶ
1096 3027 1174 3099 μὴ
1210 3027 1480 3085 ἐναντίου.

315 3122 423 3194 κβ’.
459 3122 574 3194 Οὐχ
602 3121 678 3188 ὡς
708 3123 866 3194 ἔτυχε
892 3123 1110 3178 πάντων
1139 3121 1246 3176 τῶν
1273 3120 1570 3194 δρομώνων
1605 3137 1838 3193 πορευο-

243 3216 462 3289 μένων,
515 3215 630 3270 ἀλλ’
674 3217 996 3290 ἐπιστήσεις
1048 3215 1235 3279 αὐτοῖς
1286 3215 1575 3286 ἄρχοντας,
1624 3216 1656 3287 ἢ
1701 3215 1840 3270 κατὰ

243 3310 432 3377 πέντε,
473 3310 512 3383 ἦ
558 3309 704 3365 κατὰ
733 3312 884 3382 τρεῖς
939 3310 1225 3382 δρόμωνας
1264 3309 1362 3364 ἕνα
1407 3309 1499 3363 τὸν
1549 3309 1840 3379 λεγόμενον

245 3403 492 3476 κόμητα,
522 3403 675 3469 ὅστις
703 3402 978 3476 ναύαρχός
1007 3421 1068 3457 τε
1098 3404 1196 3458 καὶ
1227 3402 1453 3476 ἡγεμὼν
1485 3402 1594 3457 τῶν
1625 3403 1716 3458 ὑπ’
1741 3405 1842 3458 αὑ-

246 3497 339 3552 τδν
395 3496 699 3569 δρομὼνων
751 3496 1014 3569 ὑπάρχων
1067 3497 1348 3571 φροντίσει
1406 3497 1841 3569 προσεχέστερον

245 3589 379 3664 περὶ
403 3591 629 3645 πάντων
661 3590 923 3659 εὐκόλως,
954 3590 1049 3646 καὶ
1069 3589 1310 3656 διατάξει
1347 3590 1485 3662 πρὸς
1506 3590 1736 3645 ἕκαστα.

320 3683 429 3754 κγ’.
473 3686 543 3738 Οἱ
586 3685 644 3739 δὲ
693 3685 972 3756 εἰρημένοι
1015 3685 1276 3757 ἄρχοντες
1305 3683 1412 3738 ὑπὸ
1455 3684 1524 3737 σὲ
1557 3684 1840 3750 τελοῦντες

241 3777 357 3832 ἀπὸ
403 3777 508 3833 ,σοῦ
541 3777 639 3832 καὶ
692 3777 766 3831 τὰ
803 3777 1246 3849 παραγγέλματα
1282 3775 1548 3846 δέξονται,
1580 3779 1676 3830 καλ⁵
1728 3780 1843 3844 τοῖς

245 3871 342 3925 ὑπ’
365 3871 569 3937 αὐτοὺς
590 3871 980 3942 μεταδώσουσι.
1030 3872 1143 3926 Kal.
1165 3871 1338 3926 ταῦτα
1362 3873 1461 3944 μὲν
1491 3871 1584 3925 ἐπὶ
1614 3871 1711 3925 τοῦ
1745 3870 1840 3942 βα-

249 3965 459 4020 σιλικοῦ
513 3964 812 4036 λεγομένου
851 3965 1129 4037 πλωΐμου·
1165 3966 1258 4018 ἐπὶ
1288 3964 1346 4018 δὲ
1375 3965 1485 4018 τῶν
1529 3964 1840 4036 θεματικῶν

242 4057 548 4129 δρομὼνων
575 4059 669 4111 καὶ
705 4057 1062 4129 δρουγγάριοι
1111 4059 1522 4130 ἐπιστήσονται,
1551 4057 1646 4111 καὶ
1678 4075 1840 4131 τουρ-

248 4148 484 4219 μάρχαι,
516 4150 611 4202 καὶ
631 4147 789 4202 αὐτοὶ
810 4147 888 4218 τῷ
929 4149 1224 4221 στρατηγῷ
1257 4149 1715 4218 ὑποταγήσονται,
1744 4149 1840 4203 καὶ

245 4243 363 4306 τοῖς
401 4240 615 4295 ἐκείνου
652 4241 1115 4313 παραγγέλμασιν
1147 4242 1408 4308 εἴξουσιν.

320 4333 423 4389 κδ’.
451 4334 571 4389 Οὐκ
602 4334 782 4404 ἀγνοῶ
802 4335 1004 4407 ’ὅτιπερ
1037 4335 1179 4389 κατὰ
1209 4335 1305 4408 τὴν
1331 4335 1590 4407 ὁμοίωσιν
1618 4333 1712 4389 τοῦ
1744 4334 1839 4405 βα-

253 4428 465 4484 σιλικοῦ
492 4429 742 4500 πλωΐμου
775 4429 867 4483 καὶ
894 4429 948 4482 oi
977 4427 1086 4482 τῶν
1118 4428 1292 4483 ἄλλων
1322 4428 1577 4501 θεμάτων
1601 4425 1839 4496 πλώϊμοι

252 4523 556 4596 στρατηγοὶ
613 4523 966 4594 δρουγγάριοι
1027 4521 1326 4577 ἐκαλοῦντό
1382 4539 1515 4575 ποτε
1561 4524 1676 4582 τοῖς
1725 4521 1839 4576 ἄνω

1935 2022 2080 2079 cias.

2012 2304 2104 2358 21.
2148 2302 2214 2357 Et
2237 2303 2560 2374 priusquam
2610 2301 2680 2357 ad
2716 2299 2952 2358 classem
2982 2301 3258 2374 procedas
3282 2343 3297 2368 ,
3341 2303 3524 2372 preci-

1943 2398 2044 2455 bus
2086 2413 2150 2454 ac
2186 2398 2297 2470 piis
2352 2397 2497 2453 votis
2531 2412 2590 2452 se
2638 2404 2831 2451 mutuo
2861 2394 3065 2452 milites
3105 2392 3218 2450 Deo
3243 2410 3526 2450 commen-

1941 2492 2109 2559 dent,
2144 2502 2198 2548 et
2242 2491 2447 2547 bonum
2479 2505 2918 2562 prosperumque
2970 2489 3073 2544 iter
3103 2490 3391 2546 adversum
3428 2492 3526 2544 ho-

1942 2593 2053 2642 stes
2087 2593 2406 2656 precentur.
2437 2582 2647 2640 Deinde
2703 2584 3018 2640 universam
3066 2583 3278 2653 plebem
3333 2583 3520 2646 simul.

1941 2687 1996 2733 et
2023 2677 2314 2749 praefectos
2366 2678 2601 2733 seorsim
2658 2676 3068 2742 adhortaberis,
3114 2683 3173 2731 ut
3205 2675 3376 2731 ollicia
3422 2692 3521 2730 sva

1942 2771 2134 2844 sedulo
2184 2769 2565 2841 industrieque
2613 2768 2861 2826 faciant:
2901 2777 2957 2824 et
3007 2784 3198 2824 omnes
3250 2777 3520 2838 quantum

1944 2863 2064 2919 ﬁeri
2126 2871 2312 2936 potest
2366 2862 2667 2930 anitnabis,
2722 2872 2776 2919 et
2833 2871 2994 2918 vento
3045 2861 3292 2918 secundo
3340 2870 3523 2916 stante

1940 2957 2144 3016 solves.

2013 3126 2106 3182 22.
2152 3123 2382 3182 Temere
2411 3138 2478 3179 ac
2517 3124 2748 3180 fortuito
2792 3122 3049 3177 triremes
3081 3135 3149 3176 ne
3196 3118 3517 3190 procedant.

1866 3251 1910 3308 ρ
1945 3224 2040 3280 sed
2095 3222 2294 3288 tribus,
2360 3227 2455 3276 aut
2516 3221 2763 3291 quinque
2817 3217 3141 3274 triremibus
3195 3214 3516 3286 praefectum

1944 3331 2113 3372 unum
2130 3313 2796 3387 deliges,quemcomitem
2815 3311 3135 3383 appellabis,
3161 3309 3250 3379 qui
3273 3310 3519 3363 omnium

1940 3412 2047 3469 sub
2060 3426 2119 3467 se
2131 3409 2443 3464 triremium
2463 3407 2570 3464 dux
2603 3405 2819 3462 futurus
2833 3413 2937 3470 est,
2959 3404 3312 3474 ct|di|igenter
3337 3402 3521 3458 facile-

1942 3517 2050 3573 que
2085 3500 2272 3556 omnia
2318 3499 2598 3566 instrues,
2643 3512 2765 3569 qua:
2810 3497 2877 3552 ad
2919 3498 3108 3552 hastas
3150 3493 3515 3563 triremesque

1941 3595 2241 3658 pertinent.

2011 3689 2102 3744 23.
2134 3686 2380 3744 Praefecti
2415 3685 2508 3758 qui
2537 3685 2646 3741 sub
2676 3694 2729 3742 te
2759 3693 2891 3741 sunt
2925 3685 3023 3742 abs
3065 3693 3121 3741 te
3145 3682 3400 3739 mandata
3426 3696 3521 3737 ac-

1941 3783 2169 3854 cipient,
2199 3782 2538 3853 reliquisque
2569 3780 2662 3850 qui
2695 3781 2800 3836 sub
2837 3795 3025 3834 eorum
3077 3785 3346 3850 potestate
3392 3783 3523 3830 sunt

1941 3877 2180 3933 tradent.
2214 3878 2391 3946 Atque
2414 3876 2527 3930 haec
2558 3874 2626 3929 de
2645 3873 2790 3943 regia
2820 3873 3023 3929 classe.
3050 3871 3404 3943 Reliquarum
3431 3876 3526 3923 c'o-

1944 3971 2154 4042 piarum
2210 3969 2532 4025 triremibus
2592 3962 2894 4040 drungarii,
2958 3967 3009 4021 id
3055 3973 3164 4033 est,
3215 3963 3420 4019 tribuni
3469 3969 3524 4016 et

1941 4063 2276 4120 turmarcha:
2331 4061 2719 4133 praeﬁcientur,
2781 4061 2877 4131 qui
2940 4067 2996 4114 et
3047 4058 3148 4130 ipsi
3205 4055 3521 4128 imperatori

1942 4156 2176 4226 subjecti
2231 4163 2440 4221 erunt,
2506 4161 2561 4209 et
2625 4154 2773 4209 illius
2833 4151 3116 4223 imperatis
3175 4151 3523 4219 obtempera-

1941 4251 2100 4306 bunt.
3446 4288 3450 4292 λ

2012 4343 2104 4397 24.
2146 4340 2334 4412 Neque
2364 4355 2498 4396 sane
2543 4342 2738 4412 ignoro
2761 4380 2776 4404 ,
2812 4338 2960 4410 quod
2995 4337 3061 4392 ad
3103 4333 3519 4393 similitudinem

1941 4437 2106 4508 regiae
2127 4437 2344 4501 classis,
2368 4436 2705 4507 reliquorum
2727 4435 3056 4490 auxiliorum
3089 4430 3331 4503 prmt‘ecti
3351 4430 3524 4483 drnn-

1942 4529 2078 4599 garii
2119 4528 2365 4599 antiquis
2415 4527 2758 4598 temporibus
2790 4525 3124 4580 vocabantur
3151 4563 3166 4587 ,
3208 4529 3262 4578 et
3295 4521 3387 4591 qui
3417 4521 3522 4576 sub

253 4617 488 4689 χρόνοις,
526 4619 618 4673 καὶ
659 4620 708 4672 οἱ
745 4619 836 4671 ὑπ’
860 4617 1062 4680 αὐτοὺς
1100 4617 1335 4688 κόμητες
1390 4615 1547 4684 μόνον
1580 4615 1678 4669 καὶ
1713 4615 1836 4668 κέν-

1942 4623 2164 4678 illorum
2196 4621 2484 4678 dominatu
2516 4622 2763 4682 fuerunt,
2789 4619 3022 4674 comites
3053 4615 3522 4686 centurionesque

253 4727 468 4782 ταρχοι.
505 4710 667 4765 Ἀλλὰ
715 4710 810 4764 νῦν
860 4714 942 4775 εἰς
993 4710 1330 4780 στρατηγίδα
1379 4711 1413 4778 ἡ
1446 4708 1678 4762 ἑκάστου
1731 4714 1839 4761 των

252 4803 635 4876 δρουγγαρίων
664 4804 807 4876 ἀρχὴ
840 4803 1206 4874 ἀναϐέϐηκεν,
1243 4802 1338 4856 καὶ
1366 4801 1676 4874 καλουμένη
1718 4802 1842 4864 ταῖς

257 4902 655 4969 στρατηγικαῖς
687 4897 1118 4971 καταμερίζεται
1137 4895 1379 4961 τάξεσιν.

323 5080 428 5137 κε’.
487 5083 795 5154 Γυμνάσεις
826 5082 885 5136 δὲ
940 5080 1216 5151 διαφόρως
1257 5080 1384 5143 τούς
1446 5097 1506 5132 τε
1557 5078 1838 5150 πλωΐμους

262 5177 621 5248 στρατιώτας,
657 5177 748 5231 καὶ⁵
791 5177 989 5241 αὐτοὺς
1043 5175 1168 5242 τοὺς
1213 5174 1523 5244 δρόμωνας,
1574 5173 1704 5226 ποτὲ
1743 5172 1840 5243 μὲν

263 5269 379 5323 καθ’
403 5270 498 5324 ἕνα
534 5271 766 5326 ἕκαστον
805 5269 997 5341 ἄνδρα,
1027 5269 1158 5325 ποτέ
1186 5269 1244 5321 δὲ
1271 5268 1364 5321 καὶ
1412 5265 1556 5320 κατά
1594 5265 1837 5333 πλείους,

260 5361 403 5416 ὥστε
449 5366 598 5427 ἄντις
650 5365 895 5436 ἀλλήλων
925 5361 1256 5435 ἐπέρχεσθαι
1279 5361 1529 5426 σπαθίοις
1553 5360 1648 5414 καὶ
1679 5377 1841 5415 σκου-

262 5457 474 5527 ταρίοις
520 5459 857 5532 χρωμένους.
891 5458 1000 5512 Καὶ
1031 5458 1230 5520 αὐτοὺς
1271 5457 1328 5511 δέ
1356 5458 1511 5522 ὅλους
1553 5459 1840 5532 δρόμιονας

268 5551 389 5604 κατ’
419 5551 660 5622 ἀλλήλων
686 5552 760 5617 ὡς
788 5551 882 5606 ἐπὶ
922 5551 1283 5625 παρατάξεως
1311 5550 1714 5623 ἐπερχομένους
1744 5551 1840 5605 καὶ

271 5642 398 5695 ποτὲ
437 5641 792 5713 δεσμοῦντας,
825 5644 956 5698 ποτὲ
986 5645 1046 5699 δὲ
1072 5642 1410 5708 ἁπολύοντας
1436 5643 1528 5697 καὶ
1566 5643 1840 5715 διαφόρως

272 5740 393 5788 κατ⁴
414 5736 653 5809 ἀλλήλων
677 5737 1339 5813 προσϐάλλονταςποτὲιδὲ
1355 5739 1622 5803 ἀκοντίοις
1638 5739 1841 5793 ὠθοῦν-

273 5843 370 5890 τας
390 5829 455 5883 τὰ
496 5831 655 5889 πλοῖα
685 5835 793 5888 τῶν
843 5835 1124 5899 ἐναντίων,
1157 5833 1298 5888 ὥστε
1333 5835 1406 5905 μὴ
1439 5833 1839 5905 πλησιάζοντας

273 5917 502 5990 δεσμεῖν.
524 5925 598 5979 Οὐ
622 5928 730 6000 γὰρ
762 5928 848 5985 ἀεὶ
869 5927 929 5984 τὸ
948 5929 1035 5987 διὰ
1065 5927 1333 6002 καμάκων
1360 5927 1594 6000 σιδηρῶν
1618 5929 1837 6000 δεσμεῖν

1935 4717 2067 4773 olim
2100 4716 2461 4770 vocabantur.
2505 4711 2612 4770 Sed
2642 4729 2790 4769 nunc
2817 4711 3241 4782 drungariorum
3271 4708 3520 4779 singulo-

1939 4828 2060 4867 rum
2099 4809 2339 4881 dignitas
2368 4809 2434 4864 ad
2469 4824 2668 4864 nomen
2703 4806 3117 4878 imperatorium
3162 4801 3436 4875 pervenit,
3467 4811 3550 4857 ct-
3598 4861 3602 4865 ,

1938 4907 2020 4962 sic
2044 4918 2189 4960 nunc
2220 4919 2344 4958 cum
2377 4901 2703 4973 appellatur,
2736 4900 2792 4954 in
2825 4900 2977 4955 acies
3016 4896 3403 4980 imperatorias
3435 4895 3517 4952 di-

1940 5000 2166 5056 ‘t‘idilttr.

2011 5092 2104 5147 25.
2135 5089 2344 5145 Nantas
2375 5089 2548 5159 ipsos,
2566 5097 2621 5144 et
2649 5088 2902 5142 triremes
2929 5083 3216 5142 exercebis
3239 5083 3516 5139 interdum

1938 5181 2225 5257 sigillatim
2269 5198 2721 5256 unumquemque
2753 5196 2771 5236 :
2820 5180 3092 5235 interdum
3130 5177 3337 5248 juncta.-
3363 5192 3517 5233 com-

1941 5279 2148 5351 plures,
2184 5285 2246 5332 ut
2271 5293 2332 5333 se
2367 5283 2560 5331 mutuo
2588 5271 2872 5340 invadant,
2908 5279 2962 5328 et
3006 5271 3202 5342 gladiis
3230 5269 3516 5341 scutisque

1939 5380 2206 5440 utantur;
2249 5373 2601 5442 integrasque
2635 5369 2889 5424 triremes
2919 5367 3076 5437 quasi
3103 5365 3171 5420 ad
3212 5367 3382 5419 aciem
3427 5363 3516 5418 in-

1940 5474 2206 5523 structam
2249 5463 2557 5529 adhibebis,
2603 5461 2878 5518 interdum
2915 5461 3059 5515 inter
3084 5474 3144 5520 se
3175 5467 3366 5512 mutuo
3401 5456 3515 5510 illi-

1936 5569 2118 5632 gatas,
2171 5558 2446 5614 interdum
2499 5557 2732 5621 solutas,
2780 5565 2834 5610 ct
2881 5553 3115 5609 diversis
3164 5551 3340 5607 modis
3370 5550 3424 5604 in
3455 5564 3514 5606 se

1940 5663 2133 5707 mutuo
2168 5651 2464 5720 irruentes.
2499 5647 2775 5706 Interdum
2807 5646 2983 5716 longis
3012 5645 3185 5700 hastis
3211 5656 3377 5697 naves
3410 5641 3514 5695 ho-

1938 5742 2104 5797 stium
2163 5741 2458 5812 depellant,
2514 5747 2576 5794 ut
2629 5754 2697 5795 ne
2744 5752 2912 5810 prope
2968 5735 3290 5790 accedentes
3345 5745 3512 5786 naves

1935 5837 2393 5903 committantur,
2435 5847 2488 5890 et
2531 5833 2774 5904 ingentia
2819 5846 2884 5887 ex
2931 5846 2996 5886 co
3035 5829 3280 5901 pericula
3317 5840 3513 5880 conse-

1935 5938 2196 6002 quantur.
2240 5925 2622 5999 Omnibusque
2663 5925 2839 5985 modis
2895 5931 3260 5984 exerceantur
3314 5933 3509 5992 quem-
