4040 6298
501 344 610 408 999
1753 356 2022 421 LEONIS
2044 357 2143 418 PH
2157 356 2500 420 lLOSOPIII
3631 361 3774 428 1000

505 457 800 515 admodum
831 460 1070 533 dignitas
1103 473 1190 516 tua
1224 461 1557 531 iudicaverit
1601 463 1788 522 hostes
1815 482 1938 523 cum
1973 467 2076 524 illis

2187 470 2454 542 ἀλλήλους
2507 473 2633 538 τοὺς
2687 472 3484 550 ἀντιπολεμοῦντας’·χρήσιμον
3518 477 3610 532 διά
3637 480 3769 542 τοὺς

502 552 767 611 dimicare
789 554 948 620 velle,
983 562 1041 609 ut
1065 554 1133 610 ad
1165 557 1451 627 strepitus,
1476 556 1767 623 clamores,
1805 562 2076 632 reliquos-

2187 560 2461 630 ἀφύκτους
2507 564 2900 634 ἀναγκαιοῦσιν
2942 567 3242 634 κινδύνους.
3297 569 3411 624 καὶ
3458 568 3667 641 ἑτέρως
3710 570 3768 624 δέ

505 660 613 717 que
671 653 858 702 motus
901 645 1128 702 bellicos
1177 646 1498 712 assueﬁant,
1551 663 1730 719 neque
1790 651 2076 708 confestim

2187 655 2652 727 γυμναζέσθωσαν
2681 658 2758 725 ὡς
2804 659 2872 715 ἂν
2906 659 3140 733 ἐπιϐάλῃ
3173 662 3208 733 ἡ
3245 660 3313 733 σὴ
3359 661 3639 731 ἐνδοξότης
3668 661 3770 725 τὰς

505 739 898 811 perturbentur
925 778 940 804 ,
975 747 1070 796 aut
1104 739 1313 796 inscita:
1358 747 1413 796 et
1443 751 1641 812 praeter
1677 741 1991 813 opinionem
2023 743 2076 798 in

2187 745 2325 800 κατὰ
2351 747 2464 804 τῶν
2507 748 2820 804 ἀντιπάλων
2876 750 3232 824 ἐνδεχομένας
3282 753 3547 818 ἐπινοίας,
3582 752 3660 817 ὡς
3704 754 3771 808 ἂν

503 833 620 890 luce
655 833 964 889 incurrant.

2187 837 2437 919 ἐντεῦθεν
2459 839 2754 906 ἐθίζωνται
2789 843 2925 915 πρὸς
2942 844 3067 907 τοὺς
3096 842 3338 909 κτύπους
3369 843 3467 899 καὶ
3486 845 3586 910 τάς
3612 843 3769 920 βοὰς,

489 924 596 981 ,καὶ
624 925 724 999 τὴν
753 925 921 998 ἀλλην
942 924 1152 998 κίνησιν
1179 925 1274 982 τοῦ
1301 927 1695 1002 multem-xei.
1720 928 1794 1002 μὴ
1821 928 2111 1003 θροῶνται,
2151 929 2226 996 ὡς
2248 932 2616 1004 ἀγυμνάστως
2643 935 2739 990 καὶ
2759 935 2955 1007 ἀθρόον
2976 937 3071 992 καὶ
3091 936 3243 1010 παρά
3267 936 3422 1005 δόξαν
3461 936 3556 991 ἐπὶ
3592 936 3772 993 ταῦτα

501 1021 806 1094 ἐρχόμενοι.
2234 1086 2240 1094 .

568 1116 661 1170 26.
704 1115 794 1171 Sic
828 1115 996 1187 igitur
1024 1117 1310 1173 exercitati
1339 1117 1706 1190 instructique
1729 1119 1783 1175 in
1810 1121 1927 1176 acie
1948 1134 2076 1192 pro-

2254 1121 2370 1190 κς’.
2433 1123 2622 1189 Οὕτως
2675 1120 2770 1180 οὖν
2817 1125 3223 1197 γυμνασθέντες
3279 1125 3371 1180 καὶ
3428 1124 3772 1191 διατεθέντες

497 1210 760 1268 cedentes
804 1211 1106 1282 navigent:
1156 1220 1371 1266 tantum
1419 1227 1449 1267 a
1484 1227 1544 1268 se
1578 1222 1772 1268 mutuo
1804 1215 1858 1269 in
1905 1229 2073 1270 cursu

2187 1215 2510 1285 πλεύσουσιν
2538 1218 2597 1271 ἐν
2633 1219 2786 1286 τάξει
2833 1220 3161 1292 συνηγμένοι
3189 1219 3468 1281 τοσοῦτον,
3501 1219 3589 1288 ἐφ’
3640 1219 3775 1273 ὅσον

497 1303 722 1368 distent,
755 1310 814 1357 ut
845 1317 913 1358 ne
959 1317 1020 1358 se
1062 1312 1253 1358 mutuo
1307 1303 1613 1373 impediant
1655 1315 1768 1358 tum
1806 1304 1860 1358 in
1909 1319 2075 1361 curso

2187 1309 2427 1380 ἐλλήλοις
2466 1310 2541 1382 μὴ
2581 1311 2896 1381 ἐμποδίζειν
2925 1311 2983 1365 ἐν
3013 1329 3073 1365 τε
3118 1315 3238 1376 ταῖς
3271 1312 3537 1378 ἐλασίαις,
3572 1313 3668 1365 καὶ
3702 1313 3766 1364 ἐν

497 1393 798 1460 maritimo,
831 1405 943 1450 tum
990 1394 1045 1449 in
1083 1395 1504 1465 tempestatibus
1541 1396 2074 1467 ingravescentibus,

2187 1405 2326 1470 ταῖς,
2351 1403 2427 1468 ὡς
2451 1404 2620 1471 εἰκὸς,
2641 1405 2784 1459 κατὰ
2803 1404 3077 1460 Θάλασσαν
3097 1405 3204 1458 ὑπὸ
3223 1403 3332 1458 τῶν
3353 1405 3573 1476 ἀνέμων
3598 1403 3769 1475 βίαις.

498 1498 553 1546 et
575 1490 878 1546 Ventorum.
900 1491 1142 1549 ﬂatibus.
1169 1491 1322 1549 Aciei
1352 1493 1640 1548 instructa:
1669 1500 1721 1548 et
1760 1491 2074 1549 exercitata:

2191 1498 2334 1553 Ἀλλ’
2353 1498 2515 1553 οἱονεί
2553 1499 2983 1572 ’τιςθπαράταξις
3001 1498 3460 1571 γεγυμνασμένη,
3491 1496 3636 1552 οὕτω
3667 1515 3773 1550 ποι

498 1585 555 1639 in
587 1591 795 1660 morem
833 1583 1124 1656 prodeant,
1160 1591 1216 1642 et
1261 1585 1322 1640 in
1378 1584 1702 1657 appulsibus
1755 1585 1822 1640 ad
1869 1592 2071 1640 terram

2187 1590 2548 1664 ρευέσθωσαν,
2587 1590 2688 1644 καὶ
2737 1592 2796 1646 ἐν
2841 1593 2962 1656 ταῖς
2994 1591 3294 1664 όρμησίαις
3323 1589 3433 1643 τῶν
3483 1577 3774 1644 ἀπλίκτων

500 1665 754 1731 ordinate
791 1676 1035 1732 classem
1077 1679 1392 1745 instruant,
1435 1683 1490 1731 et
1519 1675 1585 1732 ad
1632 1676 1924 1733 stationem
1976 1676 2076 1730 ali-

496 1781 660 1836 quam
687 1781 754 1823 se
775 1765 1144 1838 applicantes,
1179 1765 1300 1822 sine
1321 1766 1432 1822 ulla
1451 1763 1774 1822 confusione
1796 1765 1864 1820 ad
1897 1764 2072 1832 littus,

2165 1684 2462 1747 -εὖτάκτως
2489 1682 2582 1738 τὸν
2606 1682 2918 1738 κατάπλουν
2949 1683 3295 1747 ποιείτωσαν,
3330 1681 3427 1736 καὶ
3452 1681 3775 1742 καταγέτω-

2171 1791 2285 1830 ησαν
2324 1775 2611 1846 ἐνορδίνως
2654 1774 2997 1847 ἐξορμῶντες
3040 1774 3180 1847 πρός
3229 1775 3330 1844 τὴν
3378 1773 3571 1845 ξηρὰν,
3610 1775 3639 1844 ἢ
3686 1775 3772 1838 εἰς

497 1859 565 1914 ad
593 1867 834 1932 portum,
866 1860 1144 1916 ad-loctun
1167 1867 1492 1932 portuosum
1526 1861 1769 1925 veniant,
1805 1866 1866 1914 ut
1890 1859 1935 1914 si
1970 1857 2068 1912 ali-

2187 1866 2376 1938 λιμένα
2415 1865 2658 1932 πάντως,
2699 1846 2858 1938 ἦείς
2888 1846 3136 1938 ὖφορμον
3164 1868 3334 1922 τόπον
3357 1909 3372 1935 ,
3404 1868 3461 1922 ἐν
3512 1859 3557 1936 ᾧ
3595 1865 3774 1936 ζάλης

497 1969 606 2023 qua
672 1961 970 2025 tempestas
1037 1952 1094 2008 in
1151 1952 1300 2032 salo.
1339 1952 1602 2020 oriatur,
1678 1951 1864 2008 minus
1945 1949 2071 2006 allii-

495 2053 738 2103 etenlur.

566 2142 658 2198 9.7.
706 2142 861 2200 Venti
896 2143 1058 2200 ﬂatus
1089 2160 1154 2202 ex
1188 2145 1363 2220 signis
1404 2152 1682 2204 astrorum
1731 2154 2078 2215 praenoscen-

495 2236 602 2293 dus
623 2236 722 2293 tibi
749 2243 860 2304 est,
884 2245 940 2294 et
959 2237 1115 2297 locus
1142 2239 1208 2295 ad
1233 2253 1395 2311 quem
1424 2237 1730 2310 applicabis
1755 2235 2075 2309 eligendus:

2170 1977 2248 2014 -συ
2255 1957 2592 2032 μϐαινούσης
2615 1958 2691 2014 ροὺ
2711 1958 3142 2032 -κλυσθήσονται.

2247 2153 2355 2222 κζ’.
2382 2153 2564 2219 Δεῖδέ
2597 2172 2656 2210 σε
2682 2155 2779 2211 καὶ
2812 2154 2907 2210 τοῦ
2963 2154 3167 2227 ἀνέμου
3199 2154 3300 2228 τὴν
3324 2152 3594 2226 ἐπιφορὰν
3630 2171 3771 2223 προ-

2181 2247 2379 2306 ειδέναι
2402 2249 2490 2304 διὰ
2520 2248 2631 2303 τῶν
2660 2249 2907 2322 σημείων
2942 2249 3087 2306 κατὰ
3114 2248 3445 2323 τὸν-καιρόν.
3485 2249 3596 2302 Καὶ
3627 2247 3773 2318 πρὸς

492 2340 550 2386 et
586 2330 690 2386 nisi
719 2330 905 2403 aliqua
940 2333 1124 2405 gravis
1155 2341 1347 2404 urgeat
1382 2331 1711 2397 necessitas,
1741 2331 1861 2387 sine
1891 2329 2076 2402 aliquo

2187 2342 2386 2415 ταύτην
2418 2344 2513 2398 καὶ
2542 2343 2634 2397 τὸν
2657 2342 2832 2398 τόπον
2852 2343 2954 2417 τῆς
2974 2342 3248 2416 όρμησίας
3278 2341 3624 2409 ἐκλέξασθαι.
3652 2341 3774 2393 Καὶ

494 2423 743 2480 secundo
766 2432 931 2481 vento
963 2434 1058 2480 aut
1087 2425 1492 2496 tranquillitate
1508 2434 1561 2480 et
1582 2432 1700 2479 tuta
1732 2439 1832 2494 spe
1853 2423 2074 2484 salutis.

493 2516 552 2573 in
590 2516 964 2586 perturbatam
993 2518 1234 2588 aliquam
1264 2516 1662 2588 navigationem
1700 2531 1768 2571 ue
1801 2524 1854 2571 te
1900 2515 2075 2584 conji-

493 2609 632 2677 eias;
657 2609 752 2666 scd
772 2609 1204 2681 signiﬁcationes
1221 2618 1494 2666 astrorum
1527 2625 1666 2680 quas
1688 2617 1870 2666 nautae
1886 2608 2077 2665 obser-

493 2711 716 2767 varunt,
747 2701 1071 2774 reliquaque
1118 2716 1242 2773 quae
1283 2700 1350 2757 ad
1383 2699 1527 2758 hanc
1561 2716 1675 2758 rem
1708 2699 1907 2759 idonea
1947 2707 2076 2758 sunt

480 2792 841 2861 .observabis,
867 2804 1029 2869 atque
1066 2795 1142 2852 ita
1169 2795 1276 2852 iter
1313 2806 1466 2851 tuum
1499 2796 1775 2853 iustitues.

565 2978 659 3036 28.
691 2979 750 3034 in
783 2977 985 3036 castris
1015 2977 1309 3050 ponendis,
1340 2979 1386 3035 si
1411 2977 1478 3034 ad
1503 2987 1652 3035 tuam
1687 2979 1859 3051 ipsius
1890 2979 2076 3052 appel-

489 3074 566 3129 lis
595 3083 820 3138 terram,
852 3073 1176 3142 nullumque
1209 3072 1460 3128 timorem
1493 3072 1733 3128 hostium
1762 3073 1952 3140 babes,
1985 3089 2074 3129 or-

2181 2439 2230 2492 εί
2261 2439 2334 2509 μή
2385 2453 2472 2502 τις
2505 2435 2828 2508 κατεπείγει
2864 2436 3102 2508 ἀνάγκη,
3155 2436 3232 2508 μὴ
3271 2436 3400 2490 ἄνευ
3455 2433 3775 2504 πνεύματος

2180 2529 2358 2583 αἰσίου
2391 2527 2486 2583 καὶ
2507 2527 2772 2600 γαλήνης,
2799 2527 2895 2582 καὶ
2926 2525 3204 2597 ἀσφαλοῦς
3244 2525 3458 2590 ἐλπίδος
3485 2525 3774 2595 σωτηρίας

2180 2619 2528 2694 ἐπιρρίπτειν
2577 2618 2808 2674 σεαυτὸν
2849 2619 2930 2684 είς
2980 2617 3354 2689 ἀνεπιτήδειον
3395 2617 3582 2671 πλοῦν.
3620 2616 3773 2670 Ἀλλ’

2164 2713 2487 2785 ’ὑφορᾶσθαι
2513 2715 2610 2768 καὶ
2643 2711 2744 2777 τὰς
2786 2710 3089 2782 λεγομένας
3129 2710 3288 2783 ,παρά
3339 2709 3451 2764 τῶν
3489 2704 3775 2762 ναυτικῶν

2175 2804 2618 2878 παρασημασίας
2667 2802 2780 2858 τῶν
2835 2801 3074 2874 ἄστρων,
3111 2801 3335 2856 καὶ-ὅσα
3376 2797 3518 2854 ἄλλα
3549 2796 3772 2868 συμφέ-

2180 2915 2364 2972 ροντα,
2389 2898 2483 2952 καὶ
2517 2895 2661 2950 οὕτω
2691 2894 2968 2950 ποιεῖσθαι
2993 2893 3092 2966 τήν
3129 2891 3381 2966 πορείαν.

2249 2999 2357 3064 κη’.
2414 2991 2504 3046 Ἐν
2551 2989 2609 3045 δέ
2653 2991 2768 3054 τοῖς
2815 2987 3138 3060 ἀπλήκτοις,
3168 2986 3233 3044 ,εί
3276 2985 3375 3056 μὲν
3426 2984 3488 3038 ἐν
3529 2985 3595 3055 τῇ
3659 2983 3776 3055 ἰδία

2177 3087 2374 3158 όρμεϊς
2403 3081 2585 3155 χώρᾳ,
2614 3082 2710 3136 καὶ
2746 3081 2954 3154 μηδένα
2992 3078 3160 3150 φόϐον
3201 3078 3348 3150 ἔχεις
3375 3077 3488 3134 ἀπὸ
3516 3076 3626 3130 τῶν
3664 3094 3774 3129 πο-

498 3167 688 3242 dinate
715 3167 792 3223 ibi
832 3167 1186 3238 requiescunt
1208 3167 1431 3231 milites,
1465 3182 1643 3238 neque
1674 3164 1764 3221 die
1784 3173 1879 3221 aut
1912 3176 2074 3223 nocte

2187 3175 2403 3248 λεμίων,
2437 3175 2530 3230 καὶ
2582 3173 2726 3228 οὕτω
2782 3173 2902 3246 μετ’
2948 3173 3202 3238 εὐταξίας
3252 3168 3630 3226 ἀναπαύεσθαι
3676 3168 3776 3222 τὸν

485 3259 884 3332 indigenarum
917 3273 1251 3330 quemquam
1298 3259 1519 3326 lzcdant,
1556 3267 1652 3315 aut
1703 3259 1958 3330 iniuriam
1985 3260 2073 3315 ul-

495 3356 607 3412 lam
637 3353 898 3418 inl'erant,
927 3364 1019 3413 aut
1056 3351 1242 3425 fruges
1263 3352 1548 3424 diripiant,
1577 3361 1672 3409 aut
1705 3367 1868 3425 agros
1900 3369 2076 3426 popu-

497 3448 703 3504 lentur.

569 3540 658 3596 29.
696 3540 753 3595 Si
791 3555 960 3612 prope
989 3539 1248 3597 hostilem
1281 3525 1492 3596 terram
1527 3539 1722 3608 fueris,
1752 3549 1845 3595 aut
1881 3541 2071 3597 hostes

499 3648 669 3704 prope
700 3633 991 3691 adfuturos
1023 3633 1223 3690 metuis
1250 3674 1266 3700 ,
1293 3633 1578 3690 excubias
1617 3632 2076 3689 eminus‘habere

497 3733 712 3798 oportet
746 3735 861 3782 tum
916 3726 1052 3781 mari
1089 3735 1202 3781 tum
1255 3735 1418 3792 terra,
1469 3733 1525 3781 et
1573 3726 1889 3798 vigilantem
1931 3741 2074 3791 esse,

499 3830 557 3876 et
578 3821 772 3877 ordine
797 3821 1157 3885 instructum,
1181 3826 1544 3891 paratumque
1565 3818 1630 3874 ad
1668 3818 2036 3874 dimicandum
2061 3836 2074 3872 :

499 3915 686 3971 multa;
719 3913 866 3970 enim
921 3921 1052 3970 sunt
1080 3912 1326 3968 hostium
1376 3911 1594 3968 insidiae
1623 3933 1636 3969 :
1671 3921 1725 3967 et
1756 3912 1801 3967 si
1840 3919 1983 3968 terra
2026 3921 2078 3966 te

499 4009 812 4064 invenerint
851 4005 1264 4079 procedentem,
1291 4006 1402 4061 vim
1437 4004 1664 4062 atl'crcnt
1688 4005 1807 4071 tibi,
1840 4005 1885 4062 si
1913 4020 2076 4072 quam

497 4103 736 4174 possint,
765 4107 821 4156 et
866 4115 1034 4156 naves
1078 4091 1418 4155 incendent:
1464 4098 1548 4154 vel
1591 4113 1686 4170 per
1719 4113 1868 4152 mare
1912 4105 2075 4153 noctu

501 4206 592 4251 aut
624 4195 862 4252 interdiu
895 4195 1258 4265 irruptionem
1285 4195 1340 4250 in
1373 4201 1426 4250 te
1457 4193 1680 4255 facient,
1707 4194 1852 4264 quod
1899 4194 1944 4248 si
1977 4195 2079 4249 im-

500 4297 726 4359 paratus
749 4291 818 4344 ab
851 4289 962 4344 illis
994 4289 1197 4359 paratis
1219 4287 1523 4354 inveniare,
1561 4288 1717 4343 facile
1743 4288 1810 4342 ab
1847 4287 1956 4340 illis
1981 4301 2076 4354 op-

499 4381 780 4451 primere:
816 4380 898 4436 sin
947 4389 1173 4451 paratus
1221 4378 1432 4447 fueris,
1487 4379 1642 4434 irrita
1693 4387 1855 4450 atque
1901 4376 2078 4430 inanis

499 4473 682 4530 omnis
704 4473 923 4530 illorum
963 4472 1199 4543 irruptio
1227 4471 1352 4529 erit.

569 4659 659 4716 50.
691 4658 964 4727 Quoniam
999 4674 1130 4714 vero
1168 4657 1364 4711 horum
1411 4656 1550 4711 satis
1584 4655 1699 4724 jam
1740 4653 2076 4708 mentionem

500 4752 628 4820 feci,
677 4767 776 4825 age
827 4753 896 4808 de
934 4759 1156 4816 caetero,
1209 4747 1673 4820 quemadmodum
1716 4746 2076 4817 irruptiones,

502 4856 666 4917 atque
719 4846 893 4902 aciem
947 4843 1274 4900 instructam
1321 4840 1382 4896 in
1431 4839 1787 4896 dimicatione
1829 4839 2078 4910 parabis,

501 4937 695 5009 paucis
750 4935 1058 5006 explicabo,
1108 4935 1255 4989 sicut
1280 4932 1336 4988 in
1375 4931 1732 4990 terrestribus
1777 4931 1951 5002 copiis
1995 4932 2080 4987 in-

503 5031 789 5095 struendis
812 5038 975 5087 autea
1013 5027 1341 5085 feceramus.
1744 5031 1749 5036 '

574 5225 666 5280 3t.
707 5217 942 5288 Quando
990 5214 1157 5288 igitur
1203 5197 1351 5270 belli”
1380 5221 1596 5284 tempus
1644 5211 1933 5268 imminere
1981 5211 2082 5268 tibi

503 5317 745 5380 videtur,
771 5296 1442 5383 congregatismilitibus
1473 5321 1569 5377 per
1596 5306 1766 5372 acies,
1802 5313 1857 5362 et
1882 5305 2082 5360 collor-

506 5423 610 5477 tes,
645 5407 899 5478 legantur
927 5403 1038 5460 illis
1060 5401 1327 5457 militares
1359 5399 1560 5464 multae,
1581 5414 1704 5468 quae
1729 5413 1758 5452 a
1789 5397 1946 5453 nobis
1979 5413 2082 5452 an-

508 5514 616 5566 tea,
659 5514 782 5555 cum
820 5497 888 5556 de
924 5493 1283 5551 terrestribus
1333 5491 1509 5562 copiis
1552 5491 1847 5563 agebamus
1873 5531 1888 5556 ,
1926 5504 2079 5545 com-

507 5599 824 5649 memoratae
857 5597 1021 5656 sunt;
1067 5584 1360 5655 verbisque
1399 5584 1522 5639 illos
1558 5583 1768 5638 idoneis
1821 5581 2081 5636 cohorta-

505 5686 658 5742 beris
701 5684 767 5739 ad
809 5681 1057 5753 pericula
1103 5677 1481 5750 suscipienda,
1523 5683 1584 5731 ut
1628 5677 1826 5748 partim
1869 5675 2080 5745 supplio

507 5778 719 5835 ciorum
751 5778 966 5842 timore,
992 5774 1194 5845 partim
1231 5781 1324 5826 tua
1381 5770 1759 5827 cohortatione
1800 5776 1962 5840 atque
1993 5768 2078 5822 in-

505 5870 769 5927 citatione
799 5868 1008 5927 strenui
1038 5867 1320 5938 fortesque
1345 5865 1499 5933 tiant,
1529 5873 1583 5921 et
1621 5865 1678 5921 in
1709 5863 1828 5934 ipso
1851 5863 2080 5918 dimica-

2179 3269 2412 3342 στρατὸν
2438 3269 2534 3323 καὶ
2561 3269 2620 3322 ἐν
2642 3266 2800 3322 νυκτὶ
2823 3267 2917 3320 καὶ
2948 3267 3009 3320 ἐν
3044 3265 3228 3337 ἡμέρᾳ
3268 3262 3470 3337 μηδένα
3504 3262 3612 3316 τῶν
3647 3265 3778 3314 ἐπι-

2178 3363 2394 3436 χωρίων
2427 3361 2790 3433 βλάπτοντας,
2818 3360 2854 3432 ή
2873 3357 3216 3426 ἀδικοῦντας,
3246 3357 3280 3430 ἢ
3307 3357 3556 3430 καρποὺς
3581 3355 3775 3428 ἀρπά-

2179 3455 2390 3520 ζοντας,
2421 3456 2453 3525 ἢ
2483 3453 2822 3527 φθείροντας.

2249 3546 2353 3601 κθ⁹.
2393 3547 2456 3598 Εἰ
2484 3545 2543 3601 δὲ
2573 3547 2632 3600 ἐν
2670 3549 2737 3617 τῇ
2767 3543 3008 3617 πολεμίᾳ
3030 3546 3115 3616 ’γῇ
3151 3543 3498 3615 πλησιάζεις,
3531 3545 3563 3618 ἢ
3605 3547 3772 3600 πολε-

2183 3638 2339 3707 μίους
2363 3635 2617 3710 παρεῖναί
2645 3652 2750 3689 που
2779 3632 3042 3700 ἐλπίζεις,
3083 3635 3303 3698 πάντως
3333 3635 3512 3706 χρεών
3566 3653 3625 3689 σε
3672 3637 3770 3691 καὶ

2183 3730 2373 3800 βίγλας
2411 3729 2558 3800 ἐχειν
2595 3727 2870 3799 μακρόθεν
2916 3728 3011 3780 καὶ
3064 3726 3207 3782 κατά
3235 3728 3341 3798 γῆν
3367 3729 3462 3782 καὶ
3493 3729 3644 3784 κατὰ
3671 3732 3770 3786 θά-

2179 3822 2407 3879 λασσαν.
2438 3821 2550 3876 Καὶ
2578 3820 2876 3894 ἀγρύπνους
2903 3817 3170 3874 διατελεῖν
3192 3820 3287 3875 καὶ
3316 3822 3771 3893 κατησφαλισμέ-

2179 3934 2268 3970 νον
2303 3915 2397 3970 καὶ
2422 3915 2642 3985 ἕτοιμον
2688 3907 2830 3968 εἶναι
2859 3911 2996 3984 πρὸς
3045 3913 3352 3984 παράταξιν
3371 3930 3386 3944 ο
3417 3914 3615 3968 πολλαὶ
3647 3915 3763 3986 γὰρ

2173 4011 2238 4064 αἱ
2280 4009 2388 4063 τῶν
2437 4007 2720 4079 ’πολεμίων
2771 4007 3090 4063 ἐπιϐουλαί·
3142 4007 3240 4062 καὶ
3267 4007 3375 4079 γὰρ
3407 4007 3441 4079 ἢ
3475 4007 3618 4062 κατὰ
3661 4010 3770 4079 γῆς

2179 4103 2435 4174 εὑρόντες
2465 4118 2530 4155 σε
2571 4099 2848 4174 ὁρμοῦντα
2882 4098 3180 4171 βιάσονται.
3219 4099 3282 4154 Ei
3313 4099 3470 4171 τύχοι
3507 4100 3566 4154 δὲ
3597 4102 3768 4154 εὐπο-

2184 4196 2447 4267 ρήσαντες
2469 4192 2563 4246 καὶ
2587 4192 2684 4255 τὰς
2710 4191 2842 4256 ναῦς
2865 4191 3261 4264 ἐμπρήσουσιν.
3282 4191 3352 4246 Ἦ
3377 4191 3465 4245 διὰ
3487 4191 3769 4264 θαλάσσης

2179 4284 2547 4354 ἀναφανέντες
2571 4282 2879 4354 προσϐολὴν
2905 4283 3225 4355 ποιήσονται
3245 4281 3440 4347 νυκτὸς
3467 4283 3500 4354 ἢ
3523 4282 3765 4356 ἡμέρας.

2181 4379 2288 4432 Καὶ
2306 4377 2400 4431 ἐὰν
2420 4376 2493 4448 μὴ
2507 4376 2616 4430 ἓτοι
2623 4394 2721 4446 μσς
2741 4375 3051 4448 ἐνέτοίσμοις
3069 4374 3320 4447 εὑρεθῇς,
3334 4376 3770 4447 προτερήσουσιν

2181 4471 2231 4522 οἱ
2279 4469 2511 4522 ἐναντίοι
2549 4467 2692 4522 κατὰ
2730 4467 2844 4524 σοῦ.
2882 4469 2945 4522 El
2976 4468 3033 4522 δέ
3067 4486 3125 4522 σε
3161 4467 3378 4538 ἕτοιμον
3415 4467 3768 4539 εὑρήσουσιν,

2115 4557 2161 4616 D
2187 4563 2469 4634 ἄπρακτος
2490 4562 2676 4623 αὐτοῖς
2701 4561 2736 4633 ἡ
2758 4561 3023 4634 ἐπιϐουλὴ
3053 4563 3368 4634 γενήσεται.

2254 4656 2318 4711 λ’.
2365 4655 2519 4709 Ἐπεὶ
2579 4654 2636 4708 δὲ
2683 4653 2891 4708 τούτων
2925 4654 3255 4728 συμμέτρως
3303 4657 3657 4728 ἐμνήσθημέν
3704 4673 3769 4710 τε

2183 4747 2279 4802 καὶ
2304 4744 2692 4817 διεταξάμεθα,
2723 4744 2857 4818 φέρε
2881 4745 3071 4800 λοιπον
3108 4746 3203 4800 καὶ
3223 4747 3370 4813 ὅπως
3401 4747 3765 4820 παρατάξεις,

2184 4841 2278 4895 καὶ
2307 4839 2405 4904 τὰς
2445 4837 2754 4911 προσϐολὰς
2792 4839 2888 4904 τὰς
2918 4840 2976 4894 ἐν
3010 4841 3132 4904 ταῖς
3158 4839 3364 4911 μάχαις
3401 4843 3664 4910 ποιήσεις,
3686 4840 3768 4905 ὡς

2185 4936 2245 4988 ἐν
2275 4931 2497 5002 συνόψει
2517 4930 2914 5003 διορισώμεθα·
2948 4931 3073 4986 καθ’
3103 4930 3163 4987 δν
3199 4932 3400 5002 τρόπον
3432 4931 3527 4985 καὶ
3560 4931 3622 4986 ἐν
3640 4934 3767 4996 ταῖς

2186 5028 2332 5080 κατά
2380 5028 2486 5097 γῆν
2520 5023 2847 5095 πολεμικαῖς
2877 5023 3221 5122 προσϐολαῖς1
3240 5023 3355 5078 ἄνω
3381 5039 3484 5076 ⁴τιου
3507 5021 3770 5087 διεταξά-

2186 5117 2349 5190 μεθα.

2253 5208 2356 5265 λα’.
2392 5210 2564 5266 Ὅταν
2592 5209 2770 5264 τοίνυν
2821 5207 3111 5280 ἐλπίζηταί
3143 5226 3226 5264 σοι
3269 5209 3506 5280 πολέμου
3545 5206 3764 5278 καιρὸς,

2175 5297 2228 5357 ὦ
2268 5302 2565 5375 στρατηγέ,
2599 5301 2963 5356 συνελθόντων
2983 5299 3093 5356 τῶν
3119 5300 3465 5373 στρατιωτῶν
3488 5299 3632 5354 κατὰ
3661 5301 3766 5365 τὰς

2181 5397 2365 5464 τάξεις
2405 5396 2644 5468 ἑκάστην
2682 5395 3026 5467 διῃρημένως
3071 5393 3634 5466 ὑπαναγνωσθήσεται
3666 5395 3768 5447 αὖα

2180 5491 2296 5554 τοῖς
2342 5488 2410 5543 τὰ
2464 5488 2832 5562 στρατιωτικὰ
2865 5488 3138 5558 ἐπιτίμια.
3193 5487 3375 5559 ’Δπερ
3415 5487 3548 5556 ἡμῖν
3595 5489 3655 5540 ἐν
3684 5485 3768 5555 τῷ

2189 5584 2318 5655 περὶ
2347 5583 2446 5652 τῆς
2474 5582 2616 5637 κατά
2636 5583 2741 5651 γῆν
2769 5583 3166 5654 στρατιωτικῆς
3193 5581 3499 5652 γυμνασίας
3522 5577 3764 5650 εἴρηται,

2191 5678 2286 5733 καὶ
2314 5674 2651 5750 ἐπιρρώσεις
2689 5675 2883 5740 αὐτοὺς
2905 5673 3084 5745 λόγοις
3105 5674 3439 5747 προσήκουσι
3460 5670 3769 5744 παρορμῶν

2189 5770 2286 5825 καὶ
2329 5769 2638 5838 ἐπαλείφων
2693 5766 2832 5842 πρὸς
2861 5768 2987 5833 τοὺς
3022 5767 3259 5837 ἀγῶναςθ
3298 5765 3387 5821 ἵνα
3423 5765 3484 5819 τὸ
3517 5764 3616 5835 μὲν
3676 5762 3770 5817 διὰ

2187 5863 2281 5918 τὸν
2308 5860 2473 5932 φόϐον
2499 5859 2607 5916 τῶν
2652 5859 2964 5929 ἐπιτιμίων,
2989 5858 3049 5914 τὸ
3083 5858 3136 5913 δὲ
3165 5855 3253 5912 διὰ
3287 5855 3387 5931 τὴν
3415 5855 3516 5926 τῆς
3554 5854 3656 5921 σῆς
3680 5855 3770 5911 ἐν-
