4036 6300
270 361 408 438 tom

1291 363 1721 427 TACTICA.-
1760 359 2275 424 CONSTITUTIO
2316 361 2477 422 XIX.

3397 353 3534 422 1002

264 483 548 554 δοξότητος
595 478 940 552 παραίνεσιν,
981 477 1242 550 ἀνδρεῖοι,
1292 477 1390 530 καὶ
1458 474 1710 544 εὖτολμοι
1756 473 1849 544 yi-

1977 473 2123 529 ionis
2179 471 2507 529 discrimine
2556 471 2810 528 cominus
2857 469 3117 528 alacriter
3163 483 3357 528 manus
3402 486 3538 530 con-

267 591 484 639 νωνται,
515 572 610 628 καὶ
646 575 705 627 ἐν
751 574 865 636 τοῖς
925 570 1178 642 μέλλουσι
1209 568 1528 638 πολεμικοῖς
1581 564 1847 630 κινδύνοις

267 671 331 723 ὲκ
372 667 554 740 χειρὸς
583 663 1001 736 ἀγωνιζόμενοι.

338 759 440 832 ).β’.
471 758 592 831 Χρὴ
619 758 678 812 δέ
709 774 769 811 σε
803 756 1003 828 μᾶλλον
1041 756 1108 810 δι’
1153 755 1360 825 ἐφόδων
1388 754 1487 827 μὲν
1536 753 1632 810 καὶ
1666 753 1844 810 ἄλλων

265 852 718 924 ἐπιτηδευμάτων
769 867 830 904 τε
858 849 954 905 καὶ
1002 848 1480 921 στρατηγημάτων
1537 848 1844 921 μεθοδεύειν

266 946 411 1003 κατά
439 946 548 1000 τῶν
578 943 872 1015 πολεμίων,
905 943 938 1014 ἢ
972 943 1040 998 δι’
1063 943 1186 996 ὅλου
1229 942 1322 998 τοῦ
1360 942 1468 997 ὑπὸ
1505 942 1565 996 σὲ
1601 941 1851 1013 πλωΐμου

273 1041 494 1108 στόλου,
555 1039 589 1111 ἢ
640 1039 731 1094 διὰ
793 1038 995 1110 μέρους
1051 1035 1241 1092 αὑτοῦ.
1293 1035 1385 1109 Μὴ
1448 1035 1629 1107 μέντοι
1684 1035 1854 1107 χωρὶς

268 1133 518 1205 ἀνάγκης
564 1131 806 1202 μεγάλης
850 1128 1130 1185 ἐπὶτοῦτο
1162 1130 1601 1199 κατεπειγούσης
1643 1129 1724 1193 είς
1759 1128 1854 1196 δη-

275 1227 460 1297 μόσιον
484 1225 722 1296 πόλεμον
764 1224 992 1278 σεαυτὸν
1030 1224 1400 1297 ὲπιρῤίπτεινε
1436 1223 1616 1279 Πολλὰ
1649 1223 1755 1294 γάρ
1786 1222 1856 1279 τά

271 1320 375 1391 τῆς
406 1317 710 1390 λεγομένης
738 1315 910 1390 τύχης
930 1315 1256 1390 ἀντίρροπα,
1281 1316 1377 1371 καὶ
1391 1317 1460 1372 τά
1486 1315 1580 1372 τοῦ
1615 1316 1857 1388 πολέμου

274 1411 582 1485 παράδοξα.

340 1505 445 1577 λγ’.
483 1506 584 1561 Διά
623 1505 782 1562 τοῦτο
818 1507 933 1581 χρη
972 1523 1031 1562 σε
1069 1507 1156 1564 ἀεὶ
1195 1506 1733 1580 παραφυλάττεσθαι,
1765 1507 1862 1563 καὶ

271 1603 347 1676 μὴ
377 1601 826 1674 πρὸς-δημοσίας,
860 1600 936 1666 ὡς
967 1601 1206 1674 εἴρηται,
1249 1599 1588 1674 παρατάξεις
1616 1601 1861 1673 ἀποθρα-

273 1693 572 1762 σύνεσθαι,
611 1695 850 1765 μάλιστα
910 1696 968 1749 ὲν
1023 1694 1249 1759 πλοίοις.
1285 1695 1462 1750 Ὅπου
1516 1692 1862 1766 δεσμούντων

269 1788 537 1861 ἀλλήλους
587 1788 825 1859 ἄφυκτος
871 1790 903 1861 ἡ
956 1790 1020 1843 ἐκ
1041 1788 1225 1863 χειρὸς
1252 1788 1462 1859 γίνεται
1498 1787 1782 1863 καῖβιαία
1825 1789 1858 1860 ή

1954 572 2164 622 serant.

2025 753 2118 810 32.
2161 752 2578 810 incursionibus
2624 751 2858 822 aliisque
2891 749 3270 806 molitiouibus
3301 750 3550 822 impera-.

1960 849 2122 906 toriis
2155 847 2440 904 adoriendi
2472 848 2655 918 potius
2681 847 2866 902 hostes
2906 854 3056 912 sunt,
3091 861 3255 916 quam
3282 846 3550 916 universa-

1958 942 2138 998 navali
2177 942 2380 1007 classe,
2416 941 2502 997 vel
2532 940 2715 1009 aliqua
2760 939 2878 1011 ejus
2909 937 3113 1010 ingenti
3147 939 3308 1010 quasi
3334 950 3535 1004 turma,

1958 1034 2065 1092 nisi
2103 1035 2286 1106 aliqua
2311 1035 2496 1107 gravis
2531 1034 2837 1090 necessitas
2870 1033 2938 1088 ad
2974 1033 3078 1088 hoc
3105 1033 3541 1105 impulerit;ne—

1958 1143 2067 1199 que
2087 1127 2233 1183 enim
2260 1137 2500 1199 apertam
2542 1128 2600 1183 in
2645 1125 3054 1183 dimicationem
3096 1127 3332 1198 teipsum
3361 1126 3541 1197 conji-

1959 1217 2310 1273 cialeulta
2325 1218 2472 1273 enim
2517 1217 2754 1274 fortuna:
2784 1225 3060 1274 momenta
3100 1224 3249 1285 suut,
3284 1226 3338 1273 et
3375 1233 3540 1279 casus

1961 1309 2110 1380 belli,
2140 1324 2243 1367 nec
2270 1309 2511 1382 opinati.-

2035 1509 2126 1566 53.
2168 1507 2466 1582 Propterea
2496 1508 2689 1566 sedulo
2722 1509 2821 1567 abs
2849 1517 2902 1567 te
2923 1510 3227 1568 cavendum
3252 1519 3335 1569 est
3366 1526 3456 1577 ne,
3475 1510 3545 1565 ad

1964 1603 2238 1675 publicam
2270 1603 2445 1660 aciem
2482 1603 2892 1674 instruendam,
2916 1604 3379 1677 quemadmodum
3406 1603 3544 1670 dixi,

1964 1695 2237 1753 inciteris.
2272 1695 2517 1754 Navibus
2549 1695 2696 1752 enim
2726 1695 2870 1754 inter
2903 1711 2962 1754 se
2985 1696 3210 1763 vinetis,
3249 1694 3546 1767 perdidici-

1965 1787 2035 1845 lis
2061 1787 2485 1846 et'inevitabilis
2515 1789 2764 1860 quaedam
2794 1788 3080 1860 praeliandi
3113 1789 3420 1844 necessitas
3451 1788 3552 1845 im-

276 1881 450 1954 μάχη,
483 1881 861 1937 καὶούκ-ἔστι
907 1882 1135 1937 δυνατὸν
1175 1883 1270 1937 τοῦ
1315 1882 1692 1955 συμφέροντος
1735 1883 1860 1935 ἐπι-

1973 1882 2213 1954 ponitur,
2241 1897 2440 1954 neque,
2482 1879 2630 1954 quod
2675 1881 2916 1937 maxime
2947 1896 3159 1941 excuso
3188 1888 3284 1939 luo
3314 1880 3408 1945 sit,
3447 1893 3549 1950 pe-

271 1975 560 2046 λήψεσθαι.
601 1976 708 2030 Καὶ
752 1973 927 2031 ταῦτα
959 1975 1055 2047 μὲν
1100 1975 1487 2046 φυλάττεσθαι,
1532 1977 1582 2030 εί
1642 1975 1716 2046 μὴ
1749 1975 1857 2048 ἄρα

273 2068 500 2140 θαρρεῖς
526 2068 621 2122 καὶ
644 2067 722 2139 τῷ
741 2067 936 2140 πλήθει
955 2067 1064 2142 τῶν
1084 2067 1399 2141 δρομώνων,
1425 2067 1520 2123 καὶ
1542 2070 1607 2140 τῇ
1637 2069 1857 2151 ἀνδρεία

273 2161 369 2216 καὶ
393 2158 573 2216 κλίσει
610 2161 706 2214 καὶ
729 2158 1012 2233 προθυμίᾳ
1041 2160 1149 2216 τῶν
1191 2159 1540 2233 στρατιωτῶν
1575 2159 1856 2232 καθυπέρ-

272 2271 433 2326 τερος
467 2250 610 2309 εἶναι
632 2257 741 2309 τῶν
771 2253 1069 2327 πολεμίων.

345 2346 440 2402 λδ¹.
477 2347 614 2404 Οὔτε
646 2348 997 2420 γάρ-πλῆθος
1036 2349 1259 2418 πλοίων,
1296 2349 1420 2404 οὔτε
1460 2350 1690 2422 μέγεθος
1724 2367 1858 2406 κατ-

273 2441 510 2516 ορθώσει
544 2443 805 2515 πόλεμον,
840 2443 887 2497 εξ
922 2443 996 2516 μὴ
1023 2444 1150 2509 τοὺς
1174 2445 1230 2498 ἐν
1276 2444 1459 2510 αὐτοῖς
1490 2444 1859 2517 πολεμοῦντας

266 2536 494 2606 ¹ἔχουσιν
526 2535 798 2608 εὐψύχους
833 2540 926 2592 καὶ
958 2538 1275 2610 ρωμαλέους
1301 2539 1395 2592 καὶ
1429 2537 1746 2611 προθύμους
1781 2541 1861 2604 είς

276 2631 374 2703 τὴν
405 2629 549 2685 κατά
581 2631 691 2685 τῶν
727 2630 986 2685 ἐναντίων
1019 2629 1355 2704 ἐγχείρησιν,
1389 2631 1486 2685 καὶ
1510 2631 1618 2703 πρό
1648 2648 1713 2701 γε
1739 2630 1861 2684 τού-

276 2741 388 2779 των
404 2726 454 2778 εί
489 2723 566 2798 μὴ
594 2724 694 2797 τὴν
726 2722 877 2780 θείαν
895 2725 1182 2797 εὐμένειαν
1207 2726 1301 2780 καὶ
1331 2725 1650 2798 συμμαχίαν
1675 2726 1861 2797 ἔχουσι

275 2817 366 2873 διά
392 2816 769 2891 καθαρότητος
802 2817 919 2891 βίου
947 2820 1039 2874 καὶ
1067 2817 1432 2893 δικαιοσύνης.
1471 2821 1614 2895 Πρός
1643 2838 1704 2874 τε
1737 2822 1862 2885 τοὶς

281 2913 638 2978 συντελεστὰς
664 2914 756 2968 καὶ
779 2914 914 2987 πρὸς
951 2914 1076 2979 τοὺς
1105 2914 1420 2986 πολεμίους,
1442 2913 1495 2967 ετ
1525 2914 1610 2979 τίς
1642 2915 1779 2981 ἐστι,
1802 2913 1864 2968 τὺ

285 3005 453 3078 μηδὲν
481 3006 700 3060 ἀνόσιον
727 3007 788 3060 ὲν
810 3008 922 3070 τοῖς
948 3006 1314 3078 αἰχμαλώτοις
1338 3006 1763 3079 διαπράττεσθαι
1787 3005 1862 3078 (8)

275 3099 315 3170 ἢ
351 3099 602 3172 αίσχρδν,
631 3099 664 3171 ἢ
697 3099 1136 3171 ἀφιλάνθρωπον.
1165 3101 1274 3154 Καὶ
1298 3099 1357 3154 τὸ
1391 3100 1485 3172 μὴ,
1511 3098 1865 3171 ἀδικούμενον

286 3191 361 3265 μὴ
387 3193 614 3260 ἀδικεῖν,
664 3194 792 3259 τοὺς
814 3193 872 3248 δὲ
903 3191 1226 3259 ἀδικοῦντας
1276 3194 1413 3266 μετά
1439 3194 1536 3259 τῆς
1557 3193 1652 3250 τοῦ
1680 3189 1865 3266 [Θεοῦ]

283 3283 539 3358 βοηθείας
575 3287 1006 3360 ἀνταμύνεσθαι.

355 3377 452 3434 λε’.
497 3379 622 3434 Ἐἀν
640 3380 697 3435 δὲ
723 3382 941 3447 πάντως
967 3384 1282 3438 ἀπαιτεῖται
1312 3384 1407 3440 καὶ
1441 3383 1622 3456 μάχης
1649 3385 1861 3456 καιρὸς,

283 3471 561 3540 διατάξεις
618 3475 745 3539 τοὺς
792 3475 1077 3547 δρόμωνας
1117 3477 1398 3542 ποικίλως·
1433 3481 1527 3532 καὶ
1567 3477 1864 3550 διαφόρως,

285 3563 473 3630 καθὼς
503 3565 572 3620 ἂν
605 3565 634 3620 ὅ
657 3583 716 3621 τε
751 3568 940 3638 καιρὸς
968 3567 1063 3622 κα)⁵
1088 3570 1116 3622 ό
1140 3569 1303 3633 τόπος
1333 3569 1732 3642 ἀπαιτῇ.”Ωστε
1770 3571 1866 3624 ἔάν

278 3657 498 3730 ’θαρρῇς
538 3657 949 3731 καθυπέρτερος
986 3656 1127 3715 εἶναι
1175 3661 1283 3715 τῶν
1327 3663 1624 3735 πολεμίων,
1659 3661 1735 3727 ὥς
1774 3679 1866 3734 μοι

288 3751 530 3825 εἴρηται,
570 3753 665 3807 καὶ
701 3752 789 3807 διὰ
822 3753 981 3808 τοῦτο
1019 3753 1158 3824 πρὸς
1214 3754 1414 3826 μάχην
1443 3755 1759 3826 συμϐαλεῖν,
1791 3740 1867 3820 ὧς

287 3844 527 3912 ἐλπίζων
563 3846 813 3919 αἱρήσειν
844 3847 1065 3916 αὐτοὺς,
1093 3849 1169 3922 μὴ
1198 3849 1257 3902 ἐν
1279 3850 1347 3921 τῇ
1375 3847 1494 3922 ἰδία
1510 3865 1605 3904 σου
1634 3851 1703 3920 γῇ
1731 3849 1868 3920 πλη·-

292 3938 408 3993 σίον
437 3940 670 4013 ποιήσῃς
698 3942 799 4013 τὴν
836 3944 1036 4014 μάχην,
1085 3943 1143 3996 ὲν
1184 3935 1219 4016 ᾗ
1257 3941 1566 4008 ἐλπίζουσιν
1613 3941 1664 3998 οἱ
1698 3959 1868 4015 στρα-

288 4032 501 4102 τιῶται,
543 4034 606 4087 τὸ
642 4034 705 4106 δὴ
737 4034 1050 4107 λεγόμενον,
1074 4033 1565 4102 καταξυλὼσαντες
1597 4036 1864 4109 σωθῆναι.

301 4122 460 4178 Ἀλλά
491 4123 691 4194 μᾶλλον
720 4124 946 4198 πλησίον
967 4128 1066 4198 τῆς
1096 4125 1205 4180 τῶν
1228 4126 1485 4183 ἐναντίων
1506 4127 1631 4198 γῆς.
1649 4123 1746 4182 ’[ν’
1772 4127 1867 4181 αὕη

290 4221 372 4271 τοὶ
399 4217 498 4290 τὴν
522 4219 796 4292 σωτηρίαν
821 4220 1139 4286 ἐλπίσαντες
1160 4222 1219 4276 ἐν
1246 4223 1313 4294 τῇ
1341 4219 1448 4292 ίδία
1470 4223 1540 4293 γῇ
1567 4219 1664 4293 τὴν
1688 4219 1868 4291 φυγὴν

292 4314 440 4382 παρά
475 4312 603 4374 τοὺς
627 4313 847 4383 ἀγῶνας
885 4316 1357 4388 προτιμήσωνται.
1384 4313 1733 4387 Στρατιώτης
1757 4313 1867 4386 γὰρ

291 4403 371 4468 είς
399 4402 604 4460 δειλίαν
633 4406 693 4461 ὲν
724 4406 940 4481 ἀνάγκῃ
974 4407 1215 4479 πολέμου
1246 4409 1594 4481 περιπίπτων
1627 4409 1730 4479 τὴν
1756 4425 1865 4462 σω·-

290 4496 488 4580 τηρίαν
522 4497 611 4551 διά
643 4500 742 4569 τῆς
769 4499 950 4569 φυγῆς
998 4498 1231 4564 ὲλπίσει,
1265 4500 1359 4553 καὶ
1386 4499 1595 4570 ταχέως
1626 4498 1771 4571 ῥίψει
1800 4498 1870 4569 τρι

294 4585 451 4654 ὅπλα,
487 4588 584 4642 καλ⁵
602 4587 751 4642 οὐδὲν
791 4588 963 4660 αὐτῆς
992 4588 1409 4662 προτιμήσεται.
1453 4585 1655 4657 Ὀλίγοι
1681 4587 1789 4659 γὰρ
1818 4586 1869 4640 oi

295 4680 350 4732 ὲν
381 4679 558 4753 καιρῷ
585 4679 940 4752 παρατάξεως
971 4680 1032 4734 τδ
1067 4679 1359 4735 ἀποθανεῖν
1384 4679 1524 4751 ὑπὲρ
1543 4677 1638 4733 τοῦ
1669 4677 1872 4743 ἀδόξως

297 4774 493 4840 φυγεῖν
518 4773 925 4845 προκρίνοντες,
956 4773 1066 4828 εἴτε
1111 4775 1169 4828 ἐν
1199 4775 1320 4839 τοῖς,
1357 4771 1665 4848 Βαρδάροις
1689 4776 1870 4846 εἴπῃς,

296 4862 402 4916 εῖτε
434 4863 492 4916 ἐν
516 4865 628 4929 τοῖς
684 4865 980 4936 Ρωμαῖοις.

364 4955 474 5023 λς’.
505 4958 618 5030 Πρὸ
644 4958 701 5013 δὲ
729 4960 829 5029 τῆς
857 4956 960 5014 τοῦ
987 4958 1224 5032 πολέμου
1248 4960 1463 5032 ἡμέρας
1510 4961 1615 5033 χρὴ
1660 4977 1720 5014 σε
1752 4959 1876 5031 βου-

297 5049 549 5106 )δύεσθαι
581 5052 720 5124 μετά
771 5051 880 5106 τῶν
911 5053 1016 5107 ὑπὸ
1038 5053 1099 5106 σε
1123 5053 1398 5125 ἀρχόντων
1444 5053 1498 5107 τί
1522 5053 1604 5107 δεῖ
1646 5053 1872 5125 πρᾶξαι,

301 5145 395 5199 καὶ
415 5147 553 5221 ὅπερ
577 5147 826 5219 ἀναφανῇ
852 5147 939 5201 διὰ
977 5148 1075 5220 τῆς
1115 5149 1302 5218 κοινῆς
1323 5148 1550 5219 γνώμης
1581 5149 1872 5221 χρήσιμον,

302 5235 459 5292 τοῦτο
498 5242 814 5312 στοιχεῖσαι,
849 5241 943 5295 καὶ
981 5240 1350 5311 παραγγεῖλαι
1371 5241 1481 5305 τοῖς
1507 5241 1733 5314 ἄρχουσι
1765 5241 1876 5296 τῶν

301 5325 612 5400 δμμὼνων,
669 5331 813 5386 ὥστε
859 5333 1055 5398 αὐτοὺς
1105 5330 1244 5387 εἶναι
1302 5334 1553 5404 ἑτοίμους
1594 5333 1876 5388 ἐκτελέσαι

304 5419 371 5474 τὰ
424 5421 804 5493 βουλευθέντα,
863 5425 917 5478 εἴ
961 5442 1025 5494 γε
1072 5425 1182 5497 ἄρα
1224 5427 1301 5497 μὴ
1342 5426 1628 5497 ἀπαντήσῃ
1681 5425 1875 5498 γνώμη

304 5513 518 5570 ἐναντία
579 5518 642 5572 ὲκ
694 5519 793 5589 τῆς
837 5519 996 5588 φόδου
1065 5519 1164 5592 (9)
1221 5519 1330 5576 τῶν
1378 5519 1687 5592 πολεμίων,
1738 5519 1874 5574 ἀλλά

305 5607 394 5662 καὶ
435 5608 554 5664 τότε
620 5611 872 5682 ἑτοίμους
938 5609 1075 5675 εἶναι
1148 5615 1354 5680 πάντας
1411 5615 1734 5688 ἀφορῶντας
1790 5617 1869 5680 είς

1963 1975 2098 2030 teris
2125 1972 2362 2031 ellicere.
2394 1973 2502 2028 ista
2527 1972 2695 2044 igitur
2729 1970 2979 2029 cavenda
3009 1980 3158 2034 sunt.
3197 1971 3303 2028 uisi
3335 1971 3383 2027 si
3413 1972 3550 2027 lldas

1965 2079 2079 2127 tum
2123 2070 2466 2126 multitudini
2518 2069 2852 2136 triremium,
2910 2077 3023 2123 tum
3077 2079 3391 2135 armaturae,
3435 2075 3551 2122 tum

1965 2164 2299 2232 fortitudini,
2332 2171 2447 2220 tum
2490 2164 2766 2221 alacritati
2801 2162 3062 2230 militum,
3092 2173 3152 2220 ut
3175 2163 3428 2220 hostibus
3457 2179 3553 2221 su-

1967 2257 2151 2330 perior
2183 2258 2279 2315 sis.
2680 2259 2685 2263 ’

2035 2351 2128 2406 34;
2153 2349 2341 2424 Neque
2358 2351 2501 2408 enim
2537 2353 2758 2408 navium
2791 2351 3091 2409 multitudo
3111 2360 3206 2408 aut
3229 2350 3551 2425 magnitudo

1936 2442 2111 2499 bella
2144 2444 2392 2508 coniicit,
2429 2444 2536 2502 nisi
2569 2444 2782 2501 ‘milites
2822 2445 3060 2501 habeant
3108 2453 3392 2511 strenuos,
3438 2444 3552 2501 l‘or-

1968 2543 2074 2603 tes,
2115 2543 2168 2591 et
2204 2536 2271 2592 ad
2320 2536 2511 2592 hostes
2560 2536 2903 2592 invadendos
2947 2538 3159 2594 alacres
3185 2579 3200 2605 ,
3240 2544 3335 2592 aut
3360 2576 3376 2599 ,
3402 2536 3554 2608 quod

1970 2627 2293 2692 maximum,
2325 2627 2430 2683 nisi
2457 2628 2705 2684 divinum
2738 2628 3057 2699 praesidium
3092 2627 3554 2685 benevolentiam-

1969 2734 2076 2790 que
2109 2718 2387 2790 habeant,
2443 2729 2559 2778 tum
2605 2723 2868 2794 puritate,
2907 2731 3020 2777 tum
3057 2722 3373 2796 integritate
3428 2723 3555 2784 vita:

1971 2816 2359 2885 conciliatam;
2412 2827 2466 2874 et
2508 2833 2639 2889 erga
2686 2818 2994 2890 municipes
3043 2818 3237 2875 hostes
3281 2816 3554 2890 justitiam

1971 2909 2122 2966 colas
2156 2927 2169 2964 :
2202 2911 2337 2966 nihil
2369 2912 2623 2983 impium,
2660 2921 2755 2968 aut
2787 2920 2948 2983 turpe
2982 2911 3036 2968 iu
3063 2912 3554 2984 captivosillorum

1972 3012 2180 3074 patres,
2228 3012 2319 3059 aut
2352 3004 2687 3062 inhumanus
2726 3006 2840 3070 sis,
2876 3021 3115 3078 cumque
3140 3046 3156 3073 ,
3203 3006 3297 3078 qui
3346 3005 3553 3061 nullam

1973 3096 2069 3151 tibi
2103 3096 2363 3167 injuriam
2399 3098 2606 3164 intulit,
2638 3113 2704 3154 ne
2747 3097 2936 3164 laedas,
2969 3098 3063 3169 qui
3100 3097 3305 3169 injuria
3340 3107 3390 3156 le
3414 3097 3551 3157 alre-

1973 3191 2112 3246 cerit
2143 3204 2266 3246 eum
2298 3205 2422 3246 cum
2452 3189 2546 3248 Dei
2577 3191 2958 3249 benevolentia
2985 3192 3239 3265 repellas.

2041 3379 2134 3438 35.
2177 3379 2233 3436 Si
2269 3382 2506 3438 omnino.
2525 3382 2697 3453 praelii
2737 3391 2956 3455 tempus
2997 3381 3052 3438 id
3085 3381 3300 3455 exigat,
3326 3379 3476 3437 varie
3498 3388 3554 3436 et

1973 3474 2192 3532 diverse
2220 3472 2475 3533 triremes
2503 3471 2747 3533 instrues
2776 3490 2877 3548 pro
2914 3483 3219 3547 temporum
3271 3474 3552 3550 locorum-

1973 3582 2081 3638 que
2110 3567 2342 3623 ratione.
2381 3566 2590 3639 ltaque,
2627 3569 2674 3626 si
2704 3565 2942 3626 conﬁdis
2960 3577 3010 3625 te
3039 3583 3163 3626 esse
3196 3568 3544 3639 superiorem

1976 3659 2252 3725 hostibus,
2282 3660 2743 3731 quemadmodum
2778 3661 3035 3734 praedixi,
3080 3669 3244 3733 atque
3279 3661 3400 3716 ideo
3425 3675 3554 3716 cum

1974 3752 2085 3808 illis
2124 3751 2420 3825 conﬂigere
2447 3752 2604 3819 velis,
2649 3754 2809 3824 quasi
2854 3754 2909 3810 in
2957 3769 3109 3825 spem
3159 3754 3552 3826 capiendorum

1977 3841 2220 3908 hostium
2277 3842 2527 3909 veniens,
2572 3859 2641 3900 ne
2690 3846 2744 3900 in
2782 3853 2875 3900 tua
2927 3845 3102 3916 ipsius
3132 3853 3279 3901 terra
3305 3846 3554 3917 praelium

1974 3937 2314 4003 committas,
2340 3936 2394 3992 in
2427 3953 2536 4008 qua
2565 3945 2789 4009 sperant
2815 3939 3035 4006 milites,
3060 3939 3219 4011 juxta
3239 3948 3394 3996 vetus
3428 3954 3556 4011 pro-

1976 4029 2244 4097 verbium,
2300 4031 2349 4086 si
2397 4038 2610 4085 tantum
2654 4030 2842 4089 hastas
2893 4031 3136 4103 deligant
3185 4032 3418 4098 servari,
3455 4033 3558 4088 sed

1976 4134 2148 4190 prope
2199 4119 2454 4176 hostilem
2506 4129 2706 4176 terram
2742 4121 2947 4193 potius,
2999 4129 3057 4177 ut
3094 4121 3286 4183 hostes
3318 4121 3552 4179 salutem

1977 4219 2282 4282 sperantes,
2322 4211 2506 4268 suain
2551 4219 2695 4268 terra
2735 4212 2918 4286 fugam
2961 4214 3302 4274 dimicationi
3334 4223 3555 4286 antepo-

1976 4310 2131 4357 nant.
2166 4303 2320 4359 Miles
2348 4304 2496 4360 enim
2533 4304 2585 4360 iu
2620 4303 2968 4363 formidinem
2993 4306 3231 4378 aliquam
3270 4305 3390 4378 ipso
3418 4317 3556 4363 tem.-

1977 4414 2110 4471 pore
2142 4401 2317 4471 praelii
2353 4400 2625 4468 incidens,
2674 4408 2728 4457 et
2766 4400 2891 4475 fuga
2932 4418 2991 4458 se
3031 4401 3261 4458 salutem
3298 4401 3556 4473 quaesitu-

1976 4508 2096 4548 rum
2151 4500 2372 4565 pulans,
2429 4495 2590 4550 facile
2641 4509 2793 4549 arma
2843 4494 3070 4566 objicit,
3119 4494 3365 4565 nihilque
3411 4491 3556 4565 luga:

1979 4588 2280 4657 praeponit,
2330 4587 2491 4659 pauci
2548 4587 2689 4642 enim
2745 4595 2895 4651 sunt,
2942 4589 3058 4643 sive
3110 4585 3556 4653 Romanos,sire

1979 4678 2253 4736 Barbaros
2286 4689 2525 4753 spectes,
2561 4681 2653 4751 qui
2705 4689 2936 4736 mortem
2988 4680 3126 4751 lugze
3171 4681 3421 4751 ingloria:
3473 4689 3557 4735 at-

1977 4786 2085 4842 que
2114 4772 2439 4837 inhonestae,
2476 4780 2720 4843 tempore
2751 4773 2919 4844 praelii
2949 4781 3308 4844 anteponunt.

2048 4964 2138 5019 56.
2177 4965 2318 5019 Ante
2364 4962 2487 5019 belli
2537 4962 2681 5026 diem
2732 4961 3054 5018 deliberatio
3116 4962 3367 5033 quaedam
3429 4980 3554 5019 cum

1978 5057 2249 5129 praefectis
2307 5059 2574 5129 capienda
2631 5065 2734 5124 est,
2778 5056 3040 5130 quidnam
3095 5057 3406 5114 iaciendum
3462 5059 3555 5124 sit,

1978 5161 2032 5207 et
2066 5151 2214 5222 quod
2247 5152 2527 5206 communi
2559 5151 2835 5207 sententia
2870 5149 3088 5206 videtur
3129 5165 3251 5208 esse
3291 5151 3559 5223 optimum

1979 5246 2110 5301 illud
2136 5245 2469 5310 constituas,
2507 5252 2560 5301 et
2593 5243 2866 5317 prtel'ectis
2897 5244 3205 5301 triremium
3244 5244 3557 5312 maudabis,

1981 5347 2041 5394 ut
2071 5339 2135 5393 ad
2167 5339 2425 5410 imperata
2459 5337 2707 5394 facienda
2744 5340 2979 5411 prompti
3003 5340 3131 5396 siut.
3163 5339 3317 5406 Quod
3355 5340 3400 5394 si
3428 5355 3562 5395 cou-

1979 5432 2149 5487 traria
2181 5432 2364 5500 aliqua
2395 5431 2670 5485 sententia
2706 5446 2773 5486 ex
2837 5431 3073 5488 hostium
3127 5431 3445 5486 incursione
3473 5431 3559 5484 in-

1982 5524 2296 5591 tervenerit,
2331 5532 2445 5578 tum
2471 5539 2664 5580 omnes
2691 5523 2745 5580 in
2785 5532 2932 5578 tuam
2965 5524 3244 5578 triremem
3299 5524 3557 5579 intuean-

1984 5629 2106 5685 tur,
2153 5626 2206 5675 et
2255 5617 2429 5692 parati
2464 5619 2577 5675 sint
2616 5634 2682 5673 ex
2731 5634 2794 5674 eo
2829 5618 3044 5690 signum
3082 5619 3300 5690 aliquod
3326 5633 3555 5687 capere,

1812 5791 2048 5850 NOTIE.

376 5875 456 5949 {3)
488 5881 972 5954 Διαπριὶττεσθαι.
1011 5886 1217 5956 Scribe,
1247 5886 1690 5943 διαπλάττεσθαι.

2053 5887 2128 5956 l9)
2157 5887 2302 5942 Φόδι
2319 5906 2370 5941 υ.
2402 5887 2611 5950 Scribe,
2646 5885 2858 5953 ἐφόδου.
