4040 6298
564 371 704 437 1003

1780 369 2056 431 LEONIS
2082 369 2543 433 PHILOSOPIH

3664 380 3813 454 1004

559 486 696 560 quid
738 489 889 544 facto
915 503 1054 560 Opus
1078 486 1149 544 sit
1180 506 1193 543 :
1227 502 1337 559 quo
1370 485 1529 567 signo
1557 492 1812 553 ostenso,
1844 500 2037 544 omnes
2058 486 2124 544 ad

2229 489 2322 543 τδν
2351 487 2445 543 σὺν
2473 488 2746 561 δρόμωνα,
2783 490 2923 547 ὥστε
2960 492 3020 558 ἐξ
3056 492 3223 549 αὐτοῦ
3265 495 3455 552 λαϐεῖν
3492 501 3719 571 σημὼν
3755 500 3813 559 τι

561 581 695 638 illud
735 583 1065 654 explendum
1096 582 1241 654 quod
1278 581 1439 653 signo
1469 580 1780 639 ostenditur
1823 594 1883 637 se
1914 587 2130 652 parent.

629 769 719 823 Ξῖ.
753 769 871 825 i’rze
902 770 1115 827 creteris
1148 771 1427 835 omnibus,
1461 770 1738 827 triremem
1782 768 1984 827 habeas
2014 768 2132 825 exi-

558 863 755 931 mium,
778 876 827 920 et
858 865 1099 921 delectos
1128 865 1184 921 in
1221 881 1280 921 ea
1316 867 1541 931 milites,
1566 863 1960 938 magnitudine,
1993 875 2133 918 stre-

558 957 792 1023 nuitute,
817 959 1187 1015 crassitudine
1218 960 1345 1015 aliis
1376 965 1760 1023 anteeuntem,
1792 966 1957 1028 atque
1992 958 2130 1014 adeo

560 1049 833 1106 universa'
871 1051 1006 1105 aciei
1028 1058 1190 1122 caput
1228 1070 1242 1107 :
1278 1051 1378 1107 tibi
1408 1059 1591 1107 tamen
1621 1052 1898 1107 triremem
1933 1050 2124 1117 facias,

556 1141 773 1211 qualem
809 1144 1097 1215 πάμφυλον
1129 1145 1437 1201 nominant.

2240 579 2289 633 εί
2320 578 2425 651 ἄρα
2460 580 2664 651 πρᾶξαι
2706 582 2806 650 δεί,
2840 585 2936 639 καὶ⁸
2975 585 3165 641 τούτου
3192 585 3436 655 δοθέντος
3461 588 3629 659 ὀξέως
3654 596 3815 663 γενέ-

2239 669 2365 726 σθαι
2395 670 2455 726 τὸ
2490 672 2822 745 ὑποδειχθὲν.

2308 761 2409 829 λζ’.
2441 764 2667 830 Πάντως
2720 766 2827 839 γὰρ
2877 768 3071 835 δεῖσε,
3128 763 3178 826 ὦ
3225 777 3517 847 utpar-:17},
3556 776 3811 851 δρόμωνα

2238 855 2385 927 ἔχειν
2427 857 2518 912 τδν
2549 858 2679 913 ίδιον
2724 859 2786 927 ἐξ
2815 860 3055 927 ἅπαντος
3079 864 3175 918 τοῦ
3221 868 3454 939 στρατοῦ
3490 870 3811 938 ἐπιλέκτους

2237 951 2431 1020 ἔχοντα
2464 951 2593 1015 τοὺς
2631 952 2989 1023 στρατιώτας.
3031 956 3276 1028 μεγέθει,
3307 961 3406 1015 καὶ
3440 961 3682 1036 ἀνδρείᾳ,
3710 966 3812 1019 καὶ

2235 1043 2437 1115 ἀρετῇ,
2465 1044 2559 1099 καὶ
2604 1048 2671 1117 τῇ
2718 1045 2853 1119 ἄλλῃ
2904 1050 3175 1122 πανοπλίᾳ
3221 1051 3532 1123 διέχοντας’
3582 1058 3680 1111 καὶ
3716 1059 3812 1112 τὸν

2232 1138 2488 1210 δρόμωνα
2514 1139 2571 1194 δὲ
2605 1140 2833 1210 μεγέθει
2864 1142 2960 1197 καὶ
2988 1144 3255 1217 ταχύτητι
3275 1147 3384 1201 τῶν
3410 1150 3585 1206 ἄλλων
3632 1154 3817 1207 ἀπάν-

556 1252 663 1289 των
690 1235 1035 1308 διαφέροντα,
1076 1238 1152 1301 ὡς
1190 1238 1289 1293 ἆτε
1321 1239 1563 1308 κεφαλήν
1589 1257 1713 1294 τινα
1742 1240 1842 1309 τῆς
1890 1236 2250 1310 παρατάξεως
2276 1231 2495 1304 ἀπάσης
2517 1245 2535 1263 ⁸
2602 1232 2698 1288 καὶ
2749 1235 3091 1307 καταστῆσαι
3136 1239 3226 1293 τὸν
3276 1240 3376 1310 τῆς
3433 1243 3530 1314 σῆς
3603 1228 3819 1311 hiet-35'

554 1346 717 1399 τητος
770 1329 1010 1385 τοιοῦτον
1063 1329 1351 1403 δρόμωνα,
1398 1331 1460 1385 τὸ
1499 1330 1565 1405 δὴ
1614 1330 1908 1405 λεγόμενον
1971 1326 2285 1400 πάμφυλον.

624 1419 717 1474 58.
752 1417 1023 1476 Similiter
1047 1420 1243 1493 reliqui
1270 1422 1373 1477 sub
1401 1430 1455 1478 te
1490 1422 1730 1493 praefecti
1755 1464 1772 1493 ,
1810 1424 2131 1495 quicunque

554 1512 661 1567 sub
693 1526 752 1567 se
778 1512 1033 1571 triremes
1061 1513 1285 1583 habent,
1310 1515 1462 1572 viros
1498 1531 1564 1571 ex
1593 1515 1704 1573 illis
1738 1517 1977 1587 optimos
2027 1514 2129 1572 eli-

554 1612 709 1673 gant,
758 1614 812 1659 et
842 1603 897 1658 in
930 1606 1050 1661 suis
1082 1620 1269 1662 secum
1304 1608 1623 1665 triremibus
1664 1608 1941 1677 habeant,
1984 1616 2043 1663 ut
2074 1614 2130 1663 et

554 1694 630 1750 illi
663 1696 877 1752 cmteris
909 1706 1197 1768 prazstent.
1228 1701 1323 1757 Isti
1351 1716 1546 1759 omnes
1564 1718 1629 1757 ac
1648 1702 1845 1774 reliqui
1868 1711 2130 1773 praeterea

554 1787 613 1844 in
648 1798 795 1845 tuam
836 1789 1164 1848 intueantur
1210 1792 1515 1861 triremem,
1543 1802 1597 1852 et
1630 1795 1702 1851 ab
1728 1811 1793 1852 ea
1827 1796 1953 1852 belli
1995 1805 2132 1853 temo

2298 1413 2404 1487 λη’.
2446 1417 2683 1489 Ὁμοίως
2712 1417 2771 1474 δέ
2807 1421 2903 1475 καὶ
2928 1421 3055 1487 τοὺς
3086 1424 3276 1489 ἄλλους
3300 1428 3404 1481 ὑπὸ
3432 1427 3494 1481 σὲ
3522 1429 3820 1501 ἄρχοντας,

2228 1507 2342 1561 ὅσοι
2369 1506 2584 1579 ἔχουσιν
2629 1508 2723 1563 ὕπ’
2762 1508 2963 1577 αὐτούς
3005 1531 3153 1581 τινας
3196 1517 3502 1589 δρόμωνας,
3535 1520 3597 1587 ἐξ
3633 1522 3818 1578 αὐτῶν

2226 1600 2579 1666 ἐπιλέξασθαι
2613 1600 2835 1675 ἄνδρας,
2862 1607 2956 1660 καὶ
2976 1606 3124 1679 ἔχειν
3149 1611 3209 1665 ἐν
3242 1612 3357 1678 τοῖς
3385 1612 3634 1681 οἰκείοις,
3669 1616 3815 1671 ὥστε

2226 1692 2318 1747 καὶ
2365 1692 2566 1760 αὐτοὺς
2618 1694 2900 1768 διαφέρειν
2942 1698 3052 1754 τῶν
3103 1700 3298 1759 ἄλλων.
3330 1706 3443 1759 Καὶ
3475 1706 3704 1772 τούτους
3753 1709 3818 1765 δὲ

2228 1785 2459 1853 πάντας,
2502 1787 2597 1841 καὶ
2625 1788 2753 1854 τοὺς
2796 1786 3020 1856 λοιποὺς
3052 1794 3188 1865 πρὸς
3230 1794 3323 1849 τὸν
3352 1796 3444 1851 σὺν
3474 1799 3819 1856 ἀποϐλέπειν

554 1894 690 1949 pore
719 1890 1000 1952 regantur,
1024 1884 1133 1939 nisi
1169 1883 1301 1955 quid
1331 1884 1478 1939 aliud
1522 1886 1729 1942 interea
1760 1886 1945 1952 cadat,
1981 1887 2124 1959 quod

2230 1879 2505 1955 δρόμωνα,
2539 1882 2634 1937 καὶ
2666 1884 2801 1957 παρ’
2824 1884 2992 1941 αὐτοῦ
3029 1887 3390 1959 ρυθμίζεσθαι
3422 1893 3571 1947 κατὰ
3598 1894 3692 1951 τὸν
3715 1895 3816 1950 τοῦ

554 1968 661 2025 alia
698 1971 785 2028 via
816 1972 883 2028 ad
907 1973 1312 2031 conﬁciendum
1348 1984 1528 2049 egeat.

621 2250 710 2306 59.
746 2250 974 2323 Signum
1010 2254 1232 2326 aliquod
1273 2255 1326 2310 in
1374 2266 1472 2313 tua
1501 2257 1735 2325 triremi,
1776 2259 1890 2315 sive
1932 2258 2138 2316 tiamne

550 2343 688 2413 lum,
730 2347 846 2403 sive
895 2348 1040 2403 aliud
1070 2349 1353 2421 quidpiam
1384 2351 1532 2406 celso
1560 2351 1749 2423 aliquo
1779 2353 1835 2408 in
1880 2352 2000 2409 loco
2030 2353 2125 2419 sit,

550 2442 613 2489 ut
646 2443 704 2489 tu
734 2449 800 2491 eo
838 2437 1149 2510 signiﬁcare
1176 2442 1377 2512 possis,
1404 2442 1532 2514 quid
1566 2441 1710 2498 facto
1735 2457 1875 2514 opus
1910 2443 1983 2497 sit
2016 2459 2030 2497 :
2064 2458 2128 2499 ae

550 2530 736 2585 caeteri
766 2529 871 2586 hoc
913 2543 1023 2588 ate
1052 2536 1395 2605 propositum
1448 2537 1729 2609 negotium
1776 2538 2124 2609 suscipiant,

550 2622 670 2679 sive
697 2623 1097 2695 conﬂigendum
1129 2627 1185 2683 in
1229 2626 1375 2684 bello
1420 2630 1515 2694 sit,
1562 2630 1677 2687 sive
1705 2646 1734 2685 a
1776 2630 1918 2687 bello
1947 2619 2127 2686 disce-

534 2708 810 2783 dendum,
840 2717 956 2773 sive
984 2718 1037 2774 in
1064 2718 1441 2778 circuitionem
1467 2722 1705 2779 hostium
1740 2713 2124 2791 evolvendum,

549 2810 668 2867 sive
720 2812 786 2867 ad
828 2813 1043 2869 amictae
1091 2816 1268 2885 partis
1331 2814 1646 2886 praeSidium
1702 2818 2123 2886 accurrentium,

551 2904 670 2961 sive
706 2920 928 2962 cursum
964 2907 1203 2970 tardare.
1230 2909 1349 2965 sive
1390 2906 1456 2963 ad
1493 2909 1825 2965 celeritatem
1873 2909 2122 2975 incitare.

548 2998 666 3055 sive
713 2999 927 3056 insidiae
982 3000 1261 3068 faciendae,
1305 3003 1420 3059 sive
1460 3017 1523 3059 ex
1573 3002 1791 3058 insidiis
1843 3001 2125 3059 adoriendi

550 3091 681 3156 siut,
719 3092 832 3148 sive
868 3108 989 3165 quae
1018 3092 1122 3148 alia
1146 3095 1303 3165 signa
1333 3109 1363 3151 e
1390 3094 1600 3151 triremi
1634 3102 1723 3149 tua
1750 3093 2120 3166 proficiscun-

550 3192 661 3253 tur,
722 3188 908 3242 omnia
965 3202 1036 3243 ea
1076 3186 1354 3245 intuentes
1397 3187 1449 3243 in
1494 3196 1643 3243 tuam
1705 3189 1982 3244 triremem
2028 3204 2123 3244 ex-

548 3280 758 3351 pleant.

620 3466 711 3523 40.
743 3466 931 3541 Neque
957 3471 1098 3525 enim
1132 3488 1197 3527 eo
1223 3479 1467 3541 tempore
1497 3470 1582 3527 vel
1612 3487 1744 3529 voce
1776 3473 1859 3530 vel
1886 3474 2117 3531 buccina

550 3563 850 3635 praecipere
905 3564 1085 3635 possis
1149 3581 1272 3637 quae
1330 3565 1473 3622 facto
1542 3581 1682 3638 opus
1740 3576 1870 3625 sunt
1922 3582 1937 3623 :
1991 3569 2120 3641 quia

547 3672 784 3726 magnus
828 3658 1136 3725 tumultus,
1194 3659 1467 3730 marisque
1517 3658 1743 3731 fragor,
1797 3661 2121 3733 cmterisque

552 3748 842 3819 strepitus,
874 3760 928 3805 et
960 3752 1263 3806 triremium
1307 3766 1633 3816 concursus,
1672 3760 1836 3823 atque
1863 3754 2123 3811 commis-

550 3839 656 3903 sio,
690 3846 742 3894 et
776 3841 923 3909 quod
953 3840 1277 3909 maximum,
1308 3841 1518 3897 clamor
1542 3842 1825 3897 hominum
1862 3841 2117 3915 prazlian-

548 3931 715 3997 tium,
737 3928 837 3986 illa.
864 3941 923 3987 ut
955 3932 1319 3989 exaudiantur
1349 3934 1629 4006 impediet.

620 4024 712 4079 Η.
751 4023 980 4097 Signum
1034 4024 1213 4079 autem
1270 4027 1698 4095 monstrabitur,
1754 4025 1800 4083 si
1852 4026 2117 4083 directum

550 4127 678 4184 stet,
707 4119 792 4175 vel
822 4108 890 4172 ad
929 4116 1178 4173 dextram
1207 4126 1301 4174 aut
1321 4118 1505 4176 laevam
1525 4116 1840 4185 inclinetur,
1873 4130 1965 4177 aut
1996 4138 2122 4191 per-

544 4225 712 4284 petuo
756 4213 996 4285 agitetur
1042 4218 1139 4277 aut
1177 4210 1440 4281 elevetur,
1480 4222 1574 4271 aut
1619 4210 1993 4285 deprimatur,
2027 4223 2121 4270 aut

547 4306 774 4360 omnino
828 4303 1169 4371 detrahetur,
1210 4314 1307 4361 aut
1357 4314 1763 4373 committetur,
1804 4315 1900 4362 aut
1957 4318 2122 4380 caput

546 4404 851 4470 venterque
893 4385 1036 4472 ejus,
1074 4407 1135 4454 ut
1179 4400 1453 4461 diversum
1501 4390 1777 4470 videatur,
1814 4401 1895 4458 vel
1928 4401 2121 4476 ﬁguris

546 4493 866 4560 coloribus,
906 4502 965 4549 ut
994 4494 1126 4551 olim
1164 4492 1279 4550 ﬁeri
1323 4494 1555 4561 solebat,
1586 4495 1930 4552 immutetur.
1980 4494 2116 4552 Nam

544 4586 676 4643 belli
712 4594 960 4659 tempore
1001 4585 1340 4684 conﬂigendi
1368 4586 1583 4659 signum
1630 4587 1923 4684 habebant.
1972 4588 2117 4684 quod
2150 4628 2196 4684 β

547 4677 824 4748 φοινικίδα
877 4678 1246 4750 appellabant.
1300 4677 1431 4733 Erat
1481 4689 1662 4736 autem
1718 4681 2115 4749 camelaucion,

546 4770 706 4827 basta
752 4770 1001 4841 longiore
1042 4768 1334 4832 eievatum,
1369 4770 1539 4827 rubro
1563 4771 1769 4837 colore,
1804 4779 1969 4843 atque
2006 4772 2115 4829 alia

543 4864 792 4936 quadam
822 4861 1157 4932 huiusmodi.
1200 4858 1306 4917 Sed
1331 4862 1505 4920 tutius
1526 4861 1776 4921 fortassis
1804 4878 1906 4920 sua
1938 4864 2115 4936 ipsius

544 4971 718 5012 manu:
743 4957 858 5012 haec
885 4956 1043 5028 signa
1072 4954 1617 5012 demonstrabuntur.

2232 1970 2472 2042 πολέμου
2501 1973 2712 2048 καιρὸν,
2743 1976 2794 2029 εί
2847 1976 2924 2048 μή
2959 1993 3023 2047 γε
3057 1977 3165 2050 ἄρα
3187 1978 3372 2053 ἔτερόν
3414 2000 3466 2038 τι
3508 1985 3815 2058 παράδοξον

2228 2064 2338 2119 τῶν
2386 2063 2825 2139 βεϐουλευμένων
2870 2069 3143 2143 ἀναφανῇ,
3190 2072 3287 2127 καὶ
3330 2073 3523 2147 δέηται
3583 2077 3816 2150 μεθόδου

2230 2158 2447 2231 ἐτέρας.

2299 2249 2399 2309 λθ’.
2438 2249 2593 2308 Εἶναι
2641 2254 2699 2310 δὲ
2745 2256 2971 2329 σημεῖον
3027 2257 3315 2331 ἱστάμενον
3361 2262 3421 2319 ἐν
3464 2262 3545 2336 τῷ
3581 2264 3661 2336 σῷ
3689 2265 3818 2337 δρό-

2230 2362 2390 2419 μωνι,
2417 2346 2529 2400 εἴτε
2558 2346 2773 2418 βάνδον,
2817 2349 2929 2404 εῐτε
2973 2350 3304 2423 φλάμουλον,
3335 2353 3447 2408 εἴτε
3506 2370 3565 2410 τι
3590 2357 3810 2429 ἔτερον,

2227 2439 2308 2503 είς
2330 2439 2495 2495 τόπον
2534 2442 2849 2513 περίοπτον,
2888 2442 2976 2498 ἵνα
3000 2442 3069 2498 δι’
3100 2444 3269 2500 αὐτοῦ
3307 2446 3672 2519 σημαίνοντός
3711 2467 3815 2505 σου

2223 2531 2378 2587 τίδεί
2399 2535 2679 2604 πράττειν,
2716 2532 2921 2600 εὐθέως
2962 2536 3445 2609 ἐπιλαμϐάνωνται
3479 2539 3576 2595 τοῦ
3615 2541 3813 2607 δόξαν-

2224 2641 2317 2707 τος
2369 2625 2532 2700 ἔργον
2575 2628 2625 2681 οἱ
2666 2627 2864 2694 λοιποὶ,
2921 2629 3033 2685 εῐτε
3084 2632 3414 2703 συμϐάλλειν
3447 2636 3529 2699 είς
3569 2636 3817 2707 πόλεμον

2222 2705 2360 2794 χρὴ,
2393 2721 2504 2775 εἴτε
2541 2721 2850 2795 ἀναχωρεῖν
2891 2720 3000 2779 ἀπὸ
3051 2725 3315 2797 πολέμου,
3345 2728 3457 2783 the
3507 2705 3815 2797 ἐξελίσσειν

2224 2814 2306 2878 είς
2334 2812 2608 2870 κύκλωσιν
2642 2818 2786 2872 κατὰ
2830 2816 2941 2871 τῶν
2964 2819 3259 2891 πολεμίων,
3287 2821 3399 2875 εἴτε
3442 2823 3523 2886 είς
3550 2821 3816 2895 βοήθειαν

2225 2908 2703 2978 καταπονουμένου
2763 2908 2965 2981 μέρους
3008 2911 3354 2984 συνδραμεῖν,
3396 2912 3509 2967 εἴτε
3558 2914 3818 2986 ἀργῆσαι

2222 2999 2322 3072 τὴν
2363 2999 2607 3067 ἐλασίαν,
2638 3000 2749 3055 είτε
2792 3002 3069 3059 ἐπιδοῦναι
3103 3007 3184 3069 είς
3212 3004 3376 3077 τάχος
3419 3005 3521 3078 τὴν
3562 3007 3816 3079 κίνησιν,

2214 3086 2334 3147 εἴτε
2364 3094 2659 3168 ἐγκρυμμα
2678 3094 2795 3151 δέον
2816 3096 3090 3167 γενέσθαι,
3128 3097 3240 3152 εῐτε
3277 3097 3385 3153 ἀπὸ
3414 3099 3816 3173 ἐγκρύμματος

2222 3185 2480 3256 ἐξελθεῖν,
2512 3188 2542 3258 ἢ
2576 3188 2713 3246 ἄλλα
2736 3191 2859 3245 τινὰ
2888 3189 3012 3245 καθ’
3046 3189 3255 3245 ἕκαστα
3286 3190 3395 3245 ἀπὸ
3435 3192 3686 3264 σημείων
3710 3190 3811 3247 τοῦ

2146 3274 2189 3333 ο
2226 3278 2319 3332 σοῦ
2352 3278 2631 3351 δρόμωνος
2656 3282 2877 3339 ᾶπαντα
2904 3282 3262 3354 ὑποδέχεσθαι
3296 3284 3617 3357 ἀφορῶντας
3652 3286 3812 3351 ὅπως

2221 3369 2339 3425 δέον
2374 3375 2571 3429 ποιεῖν.

2296 3462 2370 3537 μ’.
2427 3468 2502 3520 Οὐ
2556 3468 2666 3539 γὰρ
2710 3468 2932 3525 δύναταί
2968 3486 3054 3533 τις
3099 3472 3155 3525 ἐν
3200 3471 3430 3541 τοιούτῳ
3466 3469 3645 3543 καιρῷ
3696 3470 3812 3525 ἀπὸ

2223 3557 2407 3630 φωνῆς
2446 3558 2479 3629 ἢ
2512 3559 2762 3630 βονκίνου
2818 3563 3220 3634 παραγγέλλειν
3260 3565 3331 3620 τὰ
3380 3565 3589 3632 δέοντα,
3628 3565 3721 3620 διά
3745 3582 3811 3622 τε

2221 3647 2313 3702 τὸν
2354 3648 2538 3721 θροῦν,
2587 3652 2677 3705 καὶ
2708 3653 2797 3707 τὸν
2826 3654 3087 3726 τάραχον,
3121 3656 3217 3710 καὶ
3262 3655 3355 3711 τὸν
3396 3655 3495 3729 τῆς
3525 3657 3820 3731 θαλάσσης

2225 3735 2380 3812 ἦχον,
2407 3745 2502 3798 καὶ
2525 3744 2619 3799 τὸν
2652 3745 2811 3801 ἄλλον
2845 3746 3052 3803 κτύπον
3075 3747 3177 3819 τῆς
3197 3766 3258 3803 τε
3300 3749 3680 3823 συγκρούσεως
3710 3750 3816 3805 καὶ

2222 3835 2577 3908 κωπηλασίας
2613 3837 2723 3892 τῶν
2754 3838 3071 3912 δρομὼνων,
3102 3841 3195 3895 καὶ
3238 3841 3422 3915 πολλῷ
3459 3842 3661 3916 μᾶλλον
3706 3844 3817 3916 τῆς

2224 3925 2354 3998 βοῆς
2382 3927 2491 3984 τῶν
2514 3929 2915 4003 πολεμούντων.

2295 4019 2407 4091 μα’.
2444 4023 2517 4076 Τὸ
2562 4023 2617 4077 δὲ
2650 4027 2876 4095 σημεῖον
2919 4028 3364 4102 ὑποσημαινέτω,
3397 4029 3431 4103 ἥ
3464 4029 3622 4103 ὀρθδν
3654 4031 3817 4088 ἱστά-

2225 4128 2407 4183 μενον,
2440 4113 2473 4185 ἢ
2507 4114 2596 4168 ἐπὶ
2625 4114 2795 4181 δεξιὰ,
2830 4118 2864 4190 ἢ
2918 4119 3012 4173 ἐπὶ
3037 4119 3305 4193 ἀριστερά
3352 4121 3671 4194 κλινόμενον
3706 4124 3812 4179 καὶ

2220 4206 2317 4260 ἐπὶ
2371 4206 2519 4273 δεξιά
2572 4209 2732 4264 πάλιν
2784 4209 2817 4283 ἢ
2848 4210 2936 4266 ἐπ’
2967 4214 3233 4287 ἀριστερὰ
3266 4216 3739 4288 μεταφερόμενον,
3770 4216 3805 4290 ἢ

2218 4302 2630 4375 τινασσόμενον,
2689 4303 2729 4377 ἢ
2770 4303 3112 4378 ὑψούμενον,
3166 4308 3202 4381 ἢ
3251 4311 3716 4383 ταπεινούμενον,
3769 4313 3804 4385 ἢ

2221 4395 2359 4462 ὅλως
2388 4398 2814 4470 ἀφαιρούμενον,
2851 4401 2884 4473 ἢ
2932 4401 3379 4475 μετατιθέμενον,
3414 4404 3449 4476 ἢ
3490 4403 3577 4458 διὰ
3611 4404 3716 4474 τῆς
3746 4405 3807 4458 ἐν

2220 4488 2369 4561 αὐτῷ
2432 4487 2669 4558 κεφαλῆς
2732 4489 2919 4545 ἄλλοτε
2952 4492 3127 4557 ἄλλως
3162 4493 3496 4566 φαινομένης
3534 4494 3806 4549 ἀλλασσό-

2227 4588 2408 4651 μενον,
2433 4580 2464 4651 ἢ
2490 4580 2575 4635 διά
2605 4583 2919 4655 σχημάτων,
2952 4583 2986 4656 ἥ
3036 4584 3128 4640 διὰ
3160 4587 3497 4658 χρωμάτων,
3525 4582 3640 4641 οἷον
3669 4604 3809 4642 ποτε

2223 4677 2335 4740 τοῖς
2358 4676 2605 4740 παλαιοῖς
2656 4677 2978 4750 ἐπράττετο.
3027 4677 3115 4733 Ἑν
3166 4679 3278 4753 γὰρ
3325 4679 3565 4753 πολέμου
3621 4681 3805 4759 καιρῷ

2225 4769 2452 4839 σημεῖον
2476 4762 2623 4842 εἶχον
2659 4769 2760 4841 τῆς
2790 4770 3068 4842 συμϐολῆς
3097 4772 3343 4845 αἴροντες
3369 4773 3469 4845 τὴν
3497 4773 3815 4846 λεγομένην.

2224 4861 2514 4931 φοινικίδα.
2570 4858 2680 4917 Ἦν
2732 4863 2792 4918 δέ
2837 4864 2900 4919 τὸ
2951 4864 3245 4938 λεγόμενον
3290 4864 3662 4939 καμελαύκιον
3704 4870 3809 4923 ἐπὶ

2224 4953 2511 5025 κονταρίου
2551 4954 2879 5029 ύψούμενον,
2910 4958 3137 5031 ἐρυθρὸν
3166 4959 3270 5032 τὴν
3293 4961 3509 5033 χροιὰν,
3540 4962 3636 5017 καὶ
3664 4962 3805 5019 ἄλλα

539 5052 660 5107 τινὰ
719 5051 1091 5124 ὁμοιοτρόπως
1159 5051 1611 5124 ύποδεικνύμενα.
1676 5049 2187 5127 Ἀσφαλέστερονδὲ
2215 5049 2356 5122 τάχα
2391 5048 2481 5106 διὰ
2518 5050 2619 5122 τῆς
2669 5051 2900 5107 σεαυτοῦ
2950 5054 3132 5127 χειρὸς
3189 5055 3260 5109 τὰ
3318 5058 3522 5128 σημεῖα
3580 5057 3803 5112 ὑποδει-

580 5146 824 5216 θήσεται.

580 5166 608 5202 υ
652 5166 824 5201 σεται.

541 5166 704 5293 122.
758 5237 834 5293 lta
894 5236 994 5292 tibi
1044 5239 1114 5293 sit
1174 5236 1518 5293 consuetudo
1569 5230 1769 5292 horum
1833 5239 2120 5311 signorum

538 5331 867 5397 exercitata,
900 5339 960 5385 ut
995 5346 1185 5387 omms
1231 5330 1335 5387 sub
1383 5337 1436 5386 te
1483 5329 1748 5401 praefecti,
1804 5332 2123 5403 quicunque

538 5423 860 5479 triremibus
893 5420 1140 5492 praefecti
1168 5433 1315 5489 sunt,
1365 5430 1569 5479 certam
1602 5422 1797 5477 borum
1831 5425 2114 5495 signorum

540 5514 818 5571 notionem
854 5514 1113 5578 habeant,
1148 5523 1261 5569 tum
1294 5529 1401 5586 qua
1454 5513 1520 5571 de
1574 5530 1740 5571 causa
1783 5516 1875 5569 ﬁat
1917 5531 2117 5570 unum-

535 5607 817 5678 quodque,
868 5614 922 5663 et
964 5605 1187 5677 quando
1242 5606 1626 5679 quomodoque
1674 5607 2002 5677 intelligant,
2054 5616 2114 5662 ut

536 5696 658 5755 istis
702 5698 867 5756 rebus
902 5697 1041 5756 bene
1087 5699 1395 5767 exercitati,
1449 5716 1585 5757 usus
1636 5700 1811 5772 ipsius
1864 5708 2115 5772 tempore

535 5793 712 5859 parati
744 5793 855 5850 sint
884 5793 954 5851 ad
996 5795 1375 5868 cognoscenda
1409 5804 1463 5855 et
1492 5795 1700 5870 agenda
1726 5811 1789 5853 ea
1832 5811 1955 5868 quae
1989 5793 2111 5851 istis

534 5885 852 5959 praaeipiunt
867 5905 949 5946 ur.

2292 5230 2407 5305 pﬂ'.
2443 5232 2555 5287 Καὶ
2609 5232 2782 5298 οὕτως
2820 5233 2973 5290 ἔστω»
2998 5253 3080 5292 σοι
3131 5237 3166 5310 ἡ
3206 5237 3480 5311 ἐνέργεια,
3510 5232 3560 5296 ὦ
3593 5256 3803 5314 στρατ-

2216 5330 2345 5403 ηγὲ,
2381 5329 2493 5385 τῶν
2540 5330 2798 5386 τοιούτων
2857 5334 3101 5406 σημείων
3153 5337 3603 5409 γεγυμνασμένη,
3650 5337 3803 5396 ὥστε

2214 5423 2427 5488 πάντας
2451 5423 2579 5488 τοὺς
2610 5422 2715 5477 ὑπὸ
2741 5424 2801 5478 σὲ
2827 5425 3123 5497 ἄρχοντας,
3145 5429 3259 5482 ὅσοι
3278 5428 3570 5501 δρομώνων
3594 5430 3803 5503 ἡγοῦν-

2214 5532 2326 5583 ται,
2360 5514 2507 5589 ἔχειν
2549 5512 2651 5587 τὴν
2709 5520 2908 5590 πεῖραν
2946 5520 3166 5592 ἀσφαλῆ
3200 5520 3311 5576 τῶν
3365 5524 3621 5578 τοιούτων
3653 5525 3799 5579 ὑπο-

2209 5610 2540 5681 δειγμάτων,
2571 5612 2671 5666 καὶ
2720 5611 2815 5667 διὰ
2846 5612 2901 5666 τί
2940 5612 3148 5683 γίνεται
3197 5616 3425 5672 ἕκαστον
3448 5657 3463 5685 ,
3499 5618 3593 5673 καὶ
3636 5618 3809 5690 πότε,

2217 5704 2311 5758 καὶ
2356 5703 2494 5770 πῶς,
2537 5706 2633 5759 καὶ
2684 5706 2760 5778 μὴ
2794 5706 3385 5786 διασφάλλεσθαιυτῖνα
3435 5714 3564 5783 περὶ
3615 5711 3804 5770 ταῦτα

2216 5798 2399 5864 καλῶς
2425 5801 2907 5873 ἐγγυμνασάμενον.
2935 5803 2995 5857 ἐν
3021 5803 3201 5876 καιρῷ
3230 5806 3420 5877 χρείας
3457 5805 3664 5878 ’ἐτοιμοι
3689 5806 3801 5870 γε-

2217 5907 2418 5945 υωνται
2452 5894 2585 5962 πρὸς
2642 5892 2704 5946 τὸ
2744 5892 3127 5964 διαγινώσκειν
3163 5897 3339 5970 αὐτὰ,
3378 5900 3473 5956 καὶ
3525 5900 3805 5973 πράττειν

2217 5983 2286 6038 τὰ
2314 5984 2382 6039 δι’
2411 5984 2590 6042 αὐτῶν
2618 5986 2968 6047 κελευόμενα.
