4036 6300
292 403 458 478 1005
1336 410 1675 474 TACTICA.
1705 435 1774 463 -.-
1800 409 1886 473 C0

1985 409 2309 474 .TITUTIO
2346 411 2510 474 XIX.
3441 402 3579 477 1006

379 523 500 594 μγ’.
533 521 643 595 Τήν
693 521 748 578 δὲ
779 521 886 577 τῶν
916 521 1210 596 δρομώνων
1250 524 1554 595 παράταξιν
1596 525 1655 576 ἐν
1711 523 1888 596 καιρῷ
1920 529 1964 586 Α

2066 526 2156 581 45.
2189 524 2521 582 Triremium
2548 521 2970 580 instructionem
2991 519 3407 576 conﬂictationis
3435 530 3576 578 tem-

286 616 638 688 προσϐολῆς,
665 619 718 669 et
735 633 799 686 γε
829 616 962 687 ἄρα,
994 616 1068 680 ὡς
1097 616 1336 688 εἴρηται,
1365 617 1600 688 τοσαύτη
1627 617 1880 687 πάρεστιν.

2001 635 2156 690 pore.
2183 620 2228 676 si
2262 619 2482 690 quidem
2518 625 2668 673 tanta
2704 616 2849 672 adsit
2880 618 3279 676 necessitasut
3320 631 3579 676 necessa-

285 709 544 781 ἀνάγκη.
572 711 604 784 ἢ
647 710 790 764 κατὰ
810 711 998 781 χεῖρας
1029 709 1126 780 τὴν
1163 710 1317 781 νίκην
1345 710 1608 774 ἐλπίζεις,
1643 711 1879 782 ποιήσεις

1999 717 2084 770 rio
2139 728 2337 769 manus
2389 710 2745 769 conserendae
2788 710 2924 777 sint,
2969 718 3064 764 aut
3099 710 3145 766 si
3202 709 3484 766 victoriam
3531 717 3583 766 te

287 803 496 868 καθὼς
526 804 592 859 ἂν
631 803 852 876 συνίδῃς
888 803 1148 876 ἁρμόδιον
1178 803 1256 875 τῷ
1283 804 1462 876 καιρῷ
1515 805 1608 858 καὶ
1637 804 1713 876 τῷ
1743 807 1881 878 τόπη

1999 817 2448 878 compnraturum
2496 803 2833 876 speraveris,
2869 803 3331 874 quemadmodum
3377 809 3498 859 loco
3530 811 3582 864 ej

291 899 452 969 πρὸς
484 898 582 970 τήν
621 898 728 953 τῶν
752 898 1028 970 πολεμίων
1061 899 1417 972 παρασκευήν
1446 902 1538 954 καὶ
1563 899 1885 971 παράταξιν.

1999 901 2233 971 tempori
2261 901 2516 954 idoneum
2536 897 2604 953 ad
2630 895 2875 954 hostium
2907 904 3233 967 apparatum
3261 895 3582 951 instructio-

291 993 379 1046 Οὐ
410 993 524 1065 γάρ
549 991 645 1050 νῦν
676 993 989 1060 ὲστιλέγειν
1018 993 1276 1064 ἀσφαλῶς
1309 993 1438 1066 περὶ
1465 993 1575 1047 τῶν
1602 992 1723 1048 τότε
1766 995 1885 1066 μελ-

2000 1010 2126 1050 nem
2163 992 2522 1056 iudicaveris,
2555 991 2630 1046 ita
2655 991 2918 1048 instrues.
2942 989 3129 1058 Neque
3152 989 3298 1042 enim
3331 989 3436 1042 hoc
3461 989 3582 1043 loco

292 1084 515 1143 λόντων
549 1086 980 1160 ἀπαντήσεσθαι.

2001 1088 2110 1144 dict
2163 1093 2382 1157 potest,
2439 1083 2571 1156 quid
2636 1082 2910 1150 futurum,
2977 1095 3072 1136 aut
3136 1097 3237 1137 usu
3294 1091 3583 1135 venturum

2003 1180 2098 1238 sit.

381 1272 496 1343 μ.δῖ
540 1273 676 1327 Ποτέ
718 1273 817 1345 μέν
849 1271 1145 1344 μηνοειδῶς
1198 1267 1308 1329 οἷον
1361 1273 1694 1346 ἡμικυκλίου
1721 1274 1896 1338 τάξιν,

2070 1272 2164 1329 44.
2202 1271 2478 1326 Interdum
2524 1269 2668 1327 enim
2703 1269 2926 1326 lunabis
2970 1268 3204 1324 classem
3231 1309 3244 1332 ,
3281 1267 3332 1321 id
3367 1276 3485 1330 est,
3519 1269 3583 1321 ad

295 1363 446 1428 τοὺς
482 1363 578 1435 μὲν
617 1364 809 1429 ἄλλους
841 1363 1126 1436 δρόμωνας
1160 1363 1314 1418 ἔνθεν
1355 1365 1632 1429 κάκεῖθεν,
1666 1359 1777 1419 οἷον
1808 1366 1889 1420 κε-

2004 1363 2344 1424 semicirculi
2411 1364 2644 1419 formam
2711 1365 2998 1429 instrues,
3075 1360 3200 1416 aliis
3268 1360 3584 1415 triremibus

300 1459 464 1529 ρατά
503 1475 623 1517 τινα
653 1459 688 1528 ἢ
722 1459 908 1530 χεῖρας
952 1459 1046 1513 καὶ
1085 1457 1321 1528 μάλιστα
1361 1459 1420 1511 ὲν
1466 1457 1542 1530 τῷ
1580 1459 1734 1530 ἄκρῳ
1771 1477 1894 1530 προ⁴

2003 1458 2134 1513 hinc
2166 1464 2334 1528 atque
2373 1455 2526 1511 illinc
2551 1454 2714 1525 quasi
2753 1454 3018 1510 cornibus
3058 1462 3152 1507 aut
3184 1452 3440 1510 manibus
3475 1451 3587 1508 col-

299 1552 554 1620 ἁγοντας
581 1554 708 1614 τοὺς
734 1551 1145 1623 ἀλκιμωτέρους
1174 1553 1270 1606 καὶ
1309 1552 1587 1623 μείζονας.
1624 1554 1713 1606 Ἑν
1739 1552 1793 1606 δὲ
1826 1551 1893 1622 τῷ

2004 1549 2246 1605 locatis:
2287 1557 2344 1604 et
2391 1549 2446 1603 in
2495 1562 2711 1603 summa
2764 1545 2944 1604 fronte
2981 1545 3332 1615 potissimum
3376 1544 3584 1601 strenui

302 1644 488 1712 κοίλῳ
531 1643 624 1697 τοῦ
677 1641 1008 1713 ἡμικυκλίου
1036 1641 1198 1695 οἱονεί
1239 1659 1362 1696 τινα
1417 1641 1660 1714 κεφαλήν
1682 1641 1779 1712 τὴν
1807 1639 1896 1713 σὴν

2006 1651 2173 1712 atque
2213 1641 2428 1694 alacres
2461 1637 2899 1694 constituantur.
2942 1634 2999 1689 In
3035 1636 3210 1706 ipsius
3256 1633 3586 1692 semicirculi

302 1737 664 1807 ὲνδοξότητα,
681 1735 822 1790 ὥστε
839 1735 1017 1789 πάντα
1042 1736 1418 1806 περισκοπεῖν,
1451 1735 1544 1789 καὶ
1562 1734 1896 1800 διατάττειν,

2006 1734 2214 1790 ambitu
2265 1732 2429 1805 quasi
2485 1739 2652 1803 caput
2705 1728 2950 1802 dignitas
3006 1729 3470 1795 tua-consistat,
3530 1739 3590 1785 ut

303 1833 412 1908 καὶ
447 1833 690 1895 διοικεῖν,
723 1832 817 1886 καὶ
844 1830 896 1884 si
926 1846 1028 1881 που
1058 1830 1138 1883 δεῖ
1165 1830 1260 1884 καὶ
1295 1828 1566 1901 βοηθείας,
1594 1829 1897 1900 ἐπικουρεῖν

2007 1833 2193 1889 omnia
2224 1831 2532 1904 perlustres
2553 1869 2570 1896 ,
2603 1829 2845 1885 instruas
2871 1867 2885 1892 ,
2917 1835 2971 1882 et
3006 1826 3360 1882 administres
3380 1865 3396 1890 ,
3428 1835 3482 1880 et
3513 1827 3588 1882 si-

311 1924 444 1996 μεθ’
481 1920 555 1980 ὧν
612 1926 679 1978 ἂν
716 1923 878 1994 βούλῃ
929 1923 1020 1976 ἐπὶ
1058 1922 1233 1994 τούτῳ
1268 1922 1690 1994 εὐκαιρούντων.
1731 1923 1806 1976 Τὸ
1843 1922 1901 1977 δὲ

2007 1927 2134 1982 eubi
2170 1924 2425 1996 praesidio
2448 1939 2590 1995 Opus
2622 1930 2729 1986 est,
2759 1937 2824 1978 eo
2857 1921 3110 1992 praesidia
3151 1919 3337 1974 mittas
3367 1918 3434 1972 ad
3461 1919 3597 1977 sub.

314 2017 522 2089 σχῆμα
549 2017 609 2071 τὸ
655 2002 930 2088 μηνοειδὲς
969 2015 1227 2085 γινέσθω,
1267 2015 1407 2071 ὥστε
1437 2017 1559 2080 τοὺς
1597 2016 1904 2086 ἐμπίπτον-

2011 2022 2274 2078 levandos
2305 2035 2401 2076 eos
2431 2019 2652 2076 idonea.
2680 2020 2808 2072 Haec
2852 2017 3042 2072 lunata
3083 2015 3260 2070 forma
3299 2013 3368 2070 ad
3403 2013 3592 2069 hostes

313 2127 426 2174 τας
506 2110 796 2182 πολεμίους
868 2111 1018 2175 ἐντὸς
1082 2107 1468 2162 ἀποκλείεσθαι
1519 2107 1620 2179 τῆς
1691 2106 1904 2163 κυκλώ-

1519 2107 1620 2179 τῆς
1691 2106 1904 2163 κυκλῶ-
2010 2114 2527 2174 circumcludendos
2560 2112 2914 2185 potissimum
2949 2109 3113 2166 valet.

317 2219 380 2257 σε
389 2219 496 2268 ως.

397 2324 506 2390 με’.
546 2318 682 2373 Ποτέ
739 2318 794 2372 δὲ
837 2317 1172 2390 παρατάξεις
1210 2319 1351 2374 κατὰ
1391 2323 1641 2389 μέτωπον
1699 2318 1788 2372 ἐπ’
1817 2320 1907 2372 εὐ-

2081 2325 2170 2380 45.
2213 2321 2494 2380 interdum
2530 2320 2766 2376 frontem
2795 2318 2994 2374 classis
3021 2317 3286 2373 directam
3320 2315 3588 2383 instruas.

313 2411 504 2479 θείας,
539 2411 682 2466 ὥστε
717 2412 905 2484 χρείας
948 2411 1220 2482 καλούσης
1245 2413 1563 2466 ἐπιπίπτειν
1596 2414 1706 2476 τοῖς
1750 2410 1907 2464 πολε-

2011 2417 2187 2473 utubi
2221 2431 2352 2472 usus
2385 2414 2526 2468 ferat
2557 2413 2613 2467 in
2660 2411 2904 2468 hostium
2946 2425 3140 2481 proras
3182 2409 3377 2472 irruat,
3420 2425 3472 2464 et
3512 2408 3589 2464 si-

317 2510 478 2577 μίοις
505 2508 647 2562 κατὰ
684 2510 932 2579 πρῶραν,
959 2509 1054 2564 καὶ
1080 2509 1167 2564 διὰ
1194 2507 1289 2563 τοῦ
1323 2510 1493 2582 πυρὸς
1516 2511 1624 2565 τῶν
1654 2507 1906 2577 σιφώνων

2007 2509 2285 2583 phonibus
2348 2508 2526 2580 ignem
2599 2501 2963 2576 ‘ejicicntibus
3015 2517 3192 2558 naves.
3237 2497 3464 2559 illoruni‘
3510 2501 3593 2556 in-

316 2602 663 2675 ὲμπυρίζειν
682 2606 779 2668 τὰς
802 2605 1026 2658 ἐκείνων
1057 2603 1208 2667 ναῦς.

634 2621 663 2658 ν
682 2606 779 2668 τὰς
802 2605 1026 2658 ἐκείνων
1057 2603 1208 2667 ναῦς.
2008 2605 2228 2660 cendat.

397 2723 522 2788 μς¹.
559 2716 696 2770 Ποτέ
719 2717 888 2771 δὲκαὶ
925 2719 1005 2782 είς
1037 2718 1329 2790 διαφόρους
1358 2717 1681 2790 μερίζεσθαι
1727 2737 1904 2791 παρα-

2081 2720 2172 2775 46.
2217 2715 2497 2774 Interdum
2534 2717 2587 2770 in
2633 2716 2883 2772 diversas
2930 2713 3248 2769 tribuantur
3275 2710 3424 2766 acies
3454 2709 3593 2764 duas

316 2809 533 2877 τάξεις,
570 2811 688 2880 ἤτοι
734 2809 848 2876 δύο,
882 2809 914 2881 ἦ
955 2812 1106 2882 τρεῖς
1143 2811 1286 2866 κατὰ
1337 2811 1435 2883 τὴν
1492 2812 1764 2882 ποσότητα
1799 2811 1909 2865 τῶν

2011 2819 2260 2878 auttres,
2300 2824 2395 2880 pro
2422 2824 2655 2864 numero
2699 2807 3003 2862 triremium
3043 2821 3163 2876 qua:
3199 2805 3253 2859 in
3284 2805 3462 2859 classe
3499 2810 3591 2857 tua

317 2900 434 2956 ὕπὸ
466 2901 527 2956 σὲ
555 2901 868 2974 δρομώνων.
917 2903 1026 2958 Καὶ
1077 2904 1173 2973 τῆς
1206 2905 1334 2974 μιᾶς
1369 2904 1727 2976 παρατάξεως
1767 2922 1908 2975 συμ-

2009 2914 2140 2962 sunt
2187 2921 2203 2960 :
2268 2918 2506 2972 cumque
2553 2917 2661 2956 una
2707 2917 2831 2956 cum
2888 2899 3140 2955 hostibus
3205 2896 3591 2964 dimicaverit,

320 2995 627 3067 ϐαλούσης,
660 2998 694 3068 ὴ
729 2997 861 3068 άλλη
904 2998 1236 3052 είσπεσείται
1279 2997 1421 3064 κατᾲ
1486 2997 1596 3051 τῶν
1635 2997 1910 3068 πολεμίων

2010 2997 2182 3052 altera
2217 2997 2271 3051 in
2312 2997 2502 3052 hostes
2543 2995 2654 3064 jam
2692 2995 2914 3065 iunctos
2957 2993 3073 3048 sive
3104 2991 3172 3046 ad
3205 2992 3370 3054 latus,
3419 2989 3533 3045 sive
3563 3003 3594 3044 α

318 3086 430 3160 ἤδη
464 3087 953 3159 ἐμπεπλεγμένων,
989 3088 1022 3160 ἢ
1077 3087 1320 3154 ὄπισθεν,
1365 3087 1400 3159 ἢ
1458 3087 1601 3141 κατὰ
1641 3087 1907 3159 πλευρὰν,

2010 3101 2162 3164 tergo
2191 3090 2398 3156 irruat;
2432 3089 2506 3143 ita
2539 3088 2648 3154 ﬁet,
2685 3095 2745 3141 ut
2774 3087 2890 3141 haec
2919 3084 3165 3141 subsidia
3199 3083 3265 3137 ad
3303 3081 3599 3139 defenden-

321 3178 424 3234 καὶ
465 3178 556 3234 διὰ
610 3179 710 3252 τῆς
740 3181 992 3251 βοηθείας
1020 3181 1119 3251 τῆς
1175 3180 1514 3252 ἐπελθούσης
1559 3181 1679 3236 κατ’
1730 3179 1908 3234 αὐτῶν

2025 3183 2133 3239 iam
2189 3183 2420 3253 primam
2463 3180 2633 3236 aciem
2692 3179 2887 3247 missa,
2938 3178 3005 3234 ab
3036 3176 3285 3233 hostibus
3335 3175 3619 3238 sustineri

320 3273 642 3331 ἀπείπωσιν
672 3275 720 3328 oi
751 3274 1002 3345 πολέμιοι
1027 3271 1120 3327 τοῦ
1155 3272 1335 3328 τόνου.

712 3275 720 3328 ί
751 3274 1002 3345 πολέμιοι
1027 3271 1120 3327 τοῦ
1155 3272 1335 3328 τόνου.
1939 3333 1977 3347 Α
2009 3283 2306 3347 nequeant.

1933 3333 1979 3394 ο

399 3392 512 3464 με.
555 3388 692 3444 Ιιοτέ
733 3389 789 3444 δέ
836 3390 930 3443 καὶ
971 3388 1037 3441 δι’
1087 3386 1497 3460 ἐγκρύμματος.
1561 3383 1907 3439 Ἀποπλανω-
1938 3383 1979 3394 ⁷

2082 3390 2174 3446 47.
2212 3389 2494 3444 Interdum
2531 3387 2743 3444 insidia:
2767 3393 3124 3459 apparentur.
3159 3389 3295 3446 Cum
3319 3389 3470 3447 enim
3502 3405 3595 3445 va-

325 3488 515 3563 μένων
545 3487 654 3558 γὰρ
685 3485 796 3541 τῶν
824 3481 1099 3556 πολεμίων
1129 3483 1226 3540 καὶ
1259 3482 1670 3554 ἐμπιπτόντων,
1700 3482 1775 3545 ὡς
1800 3479 1908 3533 ὀλί-

2013 3491 2213 3556 gantur
2243 3484 2452 3547 hostes,
2480 3491 2534 3537 et
2568 3482 2623 3535 in
2657 3490 2903 3546 nostros,
2944 3498 3086 3552 quos
3117 3498 3325 3553 paucos
3359 3501 3484 3541 esse
3517 3485 3597 3540 vi-

324 3602 449 3655 γοις
497 3586 771 3653 άναφανέν
824 3581 1037 3653 ἀθρόως
1068 3581 1129 3634 τδ
1186 3580 1487 3652 ἐγκρυμμα
1537 3580 1632 3633 καὶ
1670 3577 1908 3648 θροῆσαν

2015 3579 2166 3645 dent,
2198 3576 2483 3642 invadunt,
2517 3577 2703 3632 subito
2732 3577 2813 3632 ha:
2838 3577 3271 3635 intervenientes
3304 3580 3518 3636 insidite
3543 3589 3598 3634 et

325 3678 557 3744 αὐτοὺς,
600 3675 821 3730 ἐκλύσει
865 3675 958 3730 τὸν
991 3675 1145 3729 τόνον
1186 3674 1286 3745 τῆς
1330 3672 1653 3735 ἐνστάσεως.
1687 3671 1907 3725 Ἃλλοτε

2016 3673 2255 3728 hostium
2294 3671 2526 3730 classem
2564 3670 2970 3742 perturbantes,
2998 3686 3160 3727 omne
3186 3672 3351 3727 robur
3379 3673 3598 3729 illorum

326 3771 386 3825 δὲ
414 3771 484 3826 δι’
511 3769 766 3843 ἐλαφρῶν
797 3768 889 3824 καὶ
909 3768 1144 3840 ταχινῶν
1173 3764 1468 3838 δρομώνων
1495 3764 1909 3836 συμσαλλόντιυν

2014 3765 2398 3821 debilitabunt.
2433 3763 2710 3819 Interdum
2746 3777 2876 3819 vero
2904 3763 3172 3834 expeditis
3221 3775 3276 3820 et
3322 3766 3597 3821 celeribus

326 3862 522 3928 αὐτοῖς
554 3864 648 3917 καὶ
681 3860 1167 3935 προσποιουμένων
1199 3862 1423 3929 φυγεῖνο
1457 3859 1727 3914 κάκείνων
1757 3860 1815 3912 ἐν
1841 3861 1907 3930 τῇ

2015 3858 2329 3915 triremibus
2377 3851 2801 3928 conﬂigentibus
2853 3867 2909 3911 et
2952 3856 3135 3928 fugam
3191 3866 3380 3928 postea
3423 3859 3597 3914 simu-

325 3953 512 4020 διώξει
544 3953 918 4026 κοπουμένων,
955 3954 1050 4008 καὶ
1086 3952 1425 4024 βιαζομένων
1468 3952 1611 4022 μὲν,
1638 3951 1711 4024 μὴ
1737 3969 1908 4006 κατα-

2017 3951 2277 4014 Iantibus.
2310 3959 2365 4006 et
2400 3951 2648 4006 hostibus
2679 3951 2747 4005 ad
2780 3950 3200 4020 insequendum-
3226 3951 3484 4006 omnibus
3513 3965 3599 4007 re-

325 4046 722 4120 λαμϐανόντων
767 4047 826 4102 δὲ
855 4047 982 4112 τοὺς
1030 4047 1351 4118 φεύγοντας,
1397 4045 1429 4119 ἢ
1475 4046 1568 4102 καί
1624 4064 1787 4100 τινων
1811 4046 1909 4118 τῆς

2017 4047 2123 4104 mis
2164 4048 2588 4117 navigantibus,
2633 4057 2689 4103 et
2736 4047 3114 4118 prementibus
3175 4064 3311 4118 pene
3360 4063 3601 4118 semper,

331 4138 627 4212 συνεχείας
653 4124 1110 4212 ἀποτεμνομένων
1134 4139 1311 4212 ἕτεροί
1346 4156 1438 4193 σου
1472 4139 1749 4212 δρόμωνες
1779 4139 1910 4194 ἄκο-

2016 4140 2112 4195 sed
2145 4156 2424 4210 nunquam
2456 4141 2946 4198 intervertentibus
2977 4157 3074 4197 eos
3105 4157 3248 4212 quos
3293 4143 3597 4212 insequun.

329 4251 425 4288 ποι
458 4231 552 4287 καὶ
581 4233 1027 4305 άναπεπαυμένοι
1055 4232 1324 4287 κατὰτῶν
1349 4232 1714 4292 κατασκόπων
1736 4232 1911 4304 ὁρμή-

2020 4244 2130 4299 tur,
2173 4235 2292 4290 alia:
2334 4244 2447 4289 tum
2505 4235 2757 4296 triremes
2790 4244 3040 4291 recentes
3077 4246 3131 4290 et
3170 4235 3394 4290 minime
3438 4242 3597 4289 antea

329 4343 528 4390 σαντες
562 4325 882 4397 αἱρήσουσιν
919 4325 1143 4390 αὐτούς·
1184 4327 1218 4398 ἢ
1249 4326 1297 4380 εί
1324 4325 1420 4381 καὶ
1462 4325 1530 4381 τὰ
1562 4325 1765 4380 δυνατὰ
1801 4326 1910 4379 τῶν

2019 4327 2349 4395 exercitatae,
2381 4344 2478 4385 eos
2505 4336 2623 4384 tum
2658 4346 2760 4384 nec
2788 4330 3013 4400 opinato
3043 4328 3390 4393 adoriantur,
3429 4340 3597 4399 atque

329 4419 545 4492 ἐχθρῶν
568 4420 727 4473 πλοῖα
758 4420 1048 4492 παρελθεῖν
1081 4419 1311 4490 ἰσχύσας
1341 4437 1423 4485 τις
1446 4421 1558 4483 τοῖς
1585 4419 1910 4474 ἀσθενεστέ-

2019 4422 2155 4478 adeo
2185 4421 2311 4478 illos
2339 4423 2557 4492 capiant
2584 4441 2599 4477 :
2634 4424 2717 4478 vel
2747 4423 2792 4479 si
2821 4424 2948 4494 quis
2977 4423 3366 4478 instructiores
3405 4423 3595 4477 fortio-

337 4527 453 4582 ροις
476 4511 699 4583 ἐπιτεθῇ
719 4527 734 4541 ο
766 4511 895 4565 ποτὲ
921 4511 976 4565 δὲ
1018 4509 1312 4581 συμϐαλὼν
1363 4513 1459 4566 καὶ
1482 4509 1680 4575 ἱκανῶς
1709 4513 1774 4565 ἐκ
1801 4527 1912 4580 xst-

2021 4529 2222 4586 resque
2253 4514 2496 4570 hostium
2548 4529 2716 4571 naves
2749 4514 3171 4585 praetermittat,
3214 4515 3512 4571 debiliores
3543 4523 3598 4570 et

337 4603 432 4676 ρος
485 4604 802 4676 πολεμήσας
847 4607 964 4668 ταῖς
1013 4605 1286 4668 ἐναντίαις
1331 4605 1490 4660 ναυσὶ
1520 4607 1686 4676 μέχρι
1736 4606 1912 4676 ἄκρας

2023 4605 2408 4676 imparatiores
2437 4606 2639 4676 capiat.
2681 4605 2961 4663 Interdum
2995 4608 3248 4662 cominus
3283 4615 3340 4661 ct
3377 4621 3598 4662 conser-

334 4696 653 4766 κοπώσεως,
684 4698 1020 4769 ἀποπλήξεις
1068 4699 1164 4769 μὲν
1197 4700 1323 4763 τοὺς
1361 4699 1667 4771 δρόμωνας,
1695 4698 1913 4771 ἐτέρους

2022 4700 2091 4757 tis
2121 4701 2373 4756 manibus
2395 4717 2518 4756 cum
2543 4701 2695 4757 hoste
2718 4700 3014 4771 conﬂigens
3037 4702 3345 4772 usquedum
3365 4703 3601 4758 obscura

331 4789 391 4843 δὲ
432 4790 596 4844 πάλιν
631 4789 937 4860 ἑπαιρήσεις
991 4791 1104 4852 τοῖς
1135 4787 1418 4858 πολεμίοις
1448 4785 1754 4858 εὐρώστους
1803 4787 1915 4848 τοῖς

2013 4809 2123 4848 nox
2151 4799 2254 4859 est,
2291 4793 2428 4852 alias
2456 4809 2486 4848 a
2515 4794 2943 4850 laborevacuas
2974 4803 3030 4849 et
3069 4804 3316 4850 recentes
3345 4793 3598 4850 triremes

333 4883 742 4954 κεκοπωμένοις
807 4881 899 4937 καὶ
951 4881 1225 4935 ἐκλυθεῖσι
1283 4881 1372 4934 τον
1427 4880 1576 4934 τόνον
1637 4879 1747 4932 ἀπὸ
1812 4878 1914 4948 τῆς

2013 4900 2268 4946 strenuas
2296 4904 2361 4944 ac
2389 4890 2658 4946 robustas
2683 4890 2969 4954 immittes,
2996 4906 3116 4960 qua!
3137 4891 3354 4945 illorum
3395 4890 3448 4944 in
3470 4905 3601 4960 prae-

337 4978 554 5048 μάχης,
616 4977 710 5030 καὶ
764 4974 937 5040 οὕτως
973 4975 1069 5047 τὴν
1127 4973 1249 5029 κατ’
1303 4974 1482 5028 αὐτῶν
1531 4973 1686 5040 νίκην
1755 4990 1914 5044 περι-

2015 4981 2088 5036 lio
2127 4980 2476 5045 ferocitatem
2527 4996 2747 5038 omnem
2801 4979 3189 5052 comprimant,
3249 4991 3412 5052 atque
3463 4980 3598 5035 adeo

337 5072 563 5142 ποιήσῃ,
620 5071 853 5140 μάλιστα
903 5069 998 5123 καὶ
1054 5067 1212 5123 τοῦτο
1263 5066 1494 5135 γίνεται,
1544 5067 1671 5120 ὅταν
1722 5082 1914 5137 περιτ-

2013 5074 2298 5129 victoria-m
2335 5075 2403 5130 de
2449 5074 2558 5130 illis
2611 5083 2904 5146 reportes:
2939 5076 3044 5132 hoc
3097 5077 3444 5146 potissimum
3486 5076 3599 5138 lict,

336 5163 505 5238 τεύης
564 5165 722 5228 αὐτὸς
770 5164 849 5235 τῷ
890 5162 1082 5230 πλήθει
1146 5162 1256 5216 τῶν
1289 5158 1582 5234 δρομώνων
1616 5160 1756 5231 ὑπὲρ
1790 5160 1915 5222 τοὺς

2020 5165 2114 5222 ubi
2182 5168 2368 5222 hostes
2422 5166 2776 5230 multitudine
2833 5177 3000 5239 atque
3052 5177 3321 5246 apparatu
3374 5167 3595 5222 navium

341 5259 656 5330 πολεμίους.

2020 5259 2179 5332 longe
2208 5261 2580 5331 superaveris.
2610 5319 2618 5326 ,
3135 5246 3140 5250 ’

413 5381 521 5445 μη⁹ο
565 5373 700 5429 Ποτὲ
728 5373 782 5427 δὲ
814 5374 1003 5444 φυγεῖν
1031 5370 1496 5444 προσποιούμενος
1521 5371 1659 5441 μετὰ
1687 5368 1908 5439 δρομώ.

2092 5374 2178 5428 48.
2235 5373 2512 5430 Interdum
2568 5377 2748 5446 lugam
2797 5376 3069 5433 simulans
3094 5392 3230 5433 cum
3286 5374 3601 5433 triremibus

341 5483 448 5522 νων
481 5465 715 5537 ταχινῶν
755 5466 890 5536 πρὸς
937 5464 1118 5530 δίωξιν
1149 5465 1424 5538 ἐκκαλέσῃ
1465 5465 1592 5524 τοὺς
1622 5463 1917 5533 πολεμίους

2019 5467 2295 5522 celeribus
2340 5475 2506 5537 atque
2537 5467 2806 5534 incitatis,
2859 5469 2928 5524 ad
2975 5468 3386 5538 persequendas
3432 5483 3602 5522 naves

344 5561 486 5614 κατὰ
539 5558 792 5631 πρύμναν
835 5558 975 5630 ἔχων
1022 5556 1240 5621 αὐτούς.
1276 5558 1534 5612 Κάκεῖνοι
1570 5556 1916 5626 ὁρμήσαντες

2022 5567 2145 5615 tuas
2180 5559 2367 5615 hostes
2399 5559 2638 5632 quodam
2667 5562 2830 5618 modo
2875 5561 3230 5634 provocabis,
3282 5576 3460 5632 puppe
3511 5569 3601 5615 tua

343 5652 556 5708 διώκειν
580 5653 888 5707 διαλύσουσι
923 5652 1018 5725 τὴν
1036 5651 1186 5717 τάξιν
1214 5651 1415 5705 αὐτῶν.
1447 5651 1557 5705 Καὶ
1580 5649 1752 5716 οὕτως
1782 5650 1910 5707 ἀνθ,-

2023 5654 2092 5708 ad
2133 5654 2256 5708 illos
2295 5669 2584 5711 conversa.
2619 5655 2696 5711 Illi
2725 5662 2910 5712 autem
2943 5655 3014 5712 ad
3043 5655 3446 5726 insequendum
3472 5670 3601 5709 con-

344 5747 688 5820 υποστρέψας
753 5745 915 5817 τάχος
984 5745 1407 5817 διεσπαρμένοις
1472 5746 1580 5807 τοῖς
1631 5742 1910 5810 διώκουσι,

2023 5747 2194 5810 citati,
2235 5745 2394 5801 Iaeile
2433 5747 2607 5802 aciem
2667 5747 2992 5801 instructam
3036 5745 3380 5801 dissolvent:
3415 5743 3601 5810 itaque

351 5840 581 5906 μάλιστα
615 5841 707 5897 καὶ
739 5841 898 5896 πλέον
933 5839 1154 5894 ἐκείνων
1173 5837 1457 5911 δρόμωνας
1483 5838 1645 5910 ἔχων,
1673 5838 1913 5911 meum;

2023 5850 2077 5897 tu
2103 5839 2158 5896 in
2184 5840 2306 5896 iHos
2327 5840 2604 5910 dispersos
2630 5839 3042 5909 dissipatosque
3078 5838 3257 5893 irrucs
3279 5877 3292 5902 ,
3327 5843 3381 5891 et
3417 5836 3600 5901 plures

346 5933 523 6004 αὐτοῖς
583 5937 725 5990 κατὰ
783 5934 1010 6008 πρῶραν
1044 5934 1201 6005 καὶῆ
1255 5933 1374 5988 καθ’
1421 5933 1602 6004 ἒνα.ῆ
1651 5936 1787 5989 κατά
1822 5935 1913 5988 δύο

2022 5950 2186 6004 quam
2237 5934 2310 5989 illi
2351 5936 2601 5989 tiircmes
2631 5948 2757 5987 cum
2794 5933 3035 5998 habeas,
3074 5932 3209 5985 duas
3243 5937 3335 5982 aut
3388 5938 3501 5984 tres
3535 5927 3601 5982 ad
