4036 6300
545 273 679 349 1011

1782 282 1977 348 [ΕΘΝ
1984 284 2056 348 IS
2094 284 2551 351 PHILOSOPHI

3705 286 3833 355 1012

544 390 800 448 manibus
831 406 1076 467 pugnare
1109 392 1347 465 possint,
1371 401 1427 453 et
1448 396 1544 468 qui
1576 396 1744 453 alacri
1786 398 2124 468 incitataque

2238 400 2332 456 καὶ
2377 402 2442 455 ὲκ
2468 400 2653 473 χειρὸς
2689 400 2958 474 μάχεσθαι
2983 401 3319 475 δυναμένων,
3353 404 3448 460 καὶ
3477 401 3555 476 τῷ
3592 402 3703 474 τῆς
3733 402 3828 474 ψυ-

543 493 727 541 mente
771 485 908 551 sint,
954 494 1012 544 et
1062 502 1260 545 omnes
1288 488 1344 543 in
1375 498 1565 560 partes
1592 491 1907 546 exercitati.
1947 492 2134 549 Armis

542 586 724 634 autem
769 578 973 635 talibus
1012 574 1421 649 exerceantur,
1447 583 1707 654 qualibus
1732 583 1917 656 quivis
1948 592 2128 640 terre-

543 672 643 729 stri
690 672 744 727 in
800 671 994 744 praelia
1044 673 1203 730 miles
1253 684 1525 745 armatur,
1576 676 1728 748 iique
1779 676 2131 748 potissimum

542 762 637 835 qui
669 763 727 820 in
755 765 1044 837 superiore
1070 781 1348 824 remorum
1375 768 1571 826 ordine
1595 772 1934 828 consistunt.

609 944 700 1003 66.
718 946 822 1002 Pro
854 947 1094 1003 hostium
1116 948 1331 1007 viribus
1361 967 1700 1025 numeroque
1729 954 1952 1010 navium
1979 961 2129 1011 tuam

538 1039 800 1107 classem,
827 1040 1152 1111 imperator,
1186 1041 1449 1110 instrues,
1469 1052 1613 1101 utne
1642 1046 1909 1102 minorem
1935 1063 2133 1104 nume-

537 1147 661 1187 rum
704 1135 922 1189 navium
968 1150 1070 1191 nos
1126 1136 1367 1192 hostium
1417 1136 1597 1194 classe
1652 1138 1980 1208 habeamus,
2035 1141 2129 1199 sed

516 1227 799 1298 aqualem
848 1228 1056 1299 potius,
1108 1236 1169 1284 ut
1216 1244 1341 1286 cum
1393 1232 1649 1289 hostibus
1701 1234 1885 1291 classe
1932 1234 2128 1305 juncta

534 1337 861 1394 pugnemus,
896 1331 991 1378 aut
1017 1323 1283 1394 majorem
1310 1324 1498 1391 etiam,
1520 1325 1569 1382 si
1601 1326 1718 1382 ﬁeri
1752 1337 1953 1400 potest.
1982 1326 2120 1387 Nam

534 1415 583 1472 si
619 1415 837 1486 utrique
884 1414 1102 1473 fortiter
1128 1432 1193 1473 ac
1220 1430 1447 1475 strenue
1478 1420 1765 1491 dimicent,
1795 1423 1889 1495 qui
1930 1424 2119 1496 plures

532 1506 742 1566 fuerint
771 1507 1104 1580 prrevaleant
1137 1525 1366 1568 necesse
1398 1518 1505 1569 est.
1638 1510 1641 1515 ’

604 1716 692 1773 67.
729 1716 789 1773 Si
825 1718 1011 1775 hostes
1042 1718 1252 1776 videris
1291 1734 1459 1776 naves
1493 1720 1755 1779 omnibus
1786 1721 2025 1779 refertas
2063 1739 2128 1779 ac

531 1809 783 1881 ingentes
821 1812 1017 1885 capias
1066 1813 1271 1870 habere
1308 1855 1324 1880 ,
1362 1816 1675 1886 exzequabis
1708 1825 1764 1872 tu
1805 1825 1930 1874 tuas
1958 1819 2123 1875 trire-

456 1904 459 1907 ’
530 1915 668 1969 mes,
730 1902 1036 1975 eodemque
1078 1919 1312 1961 numero
1361 1907 1685 1977 complebis.
1722 1908 1903 1980 Eliges
1941 1918 2123 1967 autem

530 2008 598 2050 cx
648 1995 906 2053 omnibus
969 1997 1211 2069 Optimos
1260 2014 1530 2072 quosque,
1586 2010 1640 2058 et
1692 2017 1757 2057 ex
1814 2001 1924 2058 illis
1984 2004 2123 2061 satis

531 2102 764 2158 magnas
830 2089 1021 2160 copias
1072 2092 1393 2149 triremibus
1458 2094 1721 2163 perfectis
1763 2110 1829 2151 ac
1888 2093 2124 2153 fortibus

532 2181 818 2248 conficies,
875 2194 930 2237 ut
963 2183 1197 2240 duarum
1250 2186 1564 2242 triremium
1613 2188 1816 2245 milites
1859 2189 1914 2245 in
1957 2204 2122 2244 unam

533 2275 841 2330 triremium
871 2276 1130 2333 conferas
1163 2296 1177 2333 :
1207 2279 1291 2333 vel
1324 2295 1390 2335 ex
1423 2280 1704 2346 omnibus,
1732 2288 1792 2336 ut
1816 2281 1952 2348 dixi,
1973 2281 2123 2354 opti-

530 2383 652 2425 mos
678 2367 869 2440 eliges,
901 2378 955 2424 et
985 2369 1207 2426 ducenti
1241 2370 1448 2427 milites
1477 2372 1562 2429 vel
1592 2386 1659 2429 eo
1698 2374 1884 2444 plures
1919 2389 2030 2430 una
2066 2373 2123 2429 in

532 2460 751 2516 triremi
792 2470 977 2529 erunt,
1022 2470 1083 2517 ut
1121 2462 1497 2529 multitudine,
1532 2462 1769 2533 viribus,
1810 2464 2121 2539 alacritate,

532 2552 784 2611 hostium
811 2554 1044 2609 classem
1082 2570 1335 2627 superes,
1367 2563 1420 2614 et
1450 2556 1740 2614 victoriam
1767 2558 1837 2613 ab
1870 2557 1983 2615 illis
2012 2556 2123 2615 Deo

530 2646 773 2720 propitio
808 2656 1081 2720 reportes.

602 2928 696 2989 68.
721 2929 964 2991 Minores
991 2931 1332 2992 instruendae
1362 2936 1619 2995 triremes
1652 2946 1803 3007 sunt,
1834 2950 1891 2997 et
1928 2941 2123 3013 vulga-

532 3025 609 3083 tis
639 3025 960 3085 triremibus
995 3027 1388 3100 expeditiores,
1420 3038 1481 3087 ut
1538 3046 1600 3089 se
1630 3031 1987 3105 insequentes
2019 3034 2122 3091 bo-

529 3126 646 3176 stes
677 3133 875 3191 capere
910 3122 1127 3193 possint
1165 3139 1180 3178 :
1232 3123 1319 3181 sin
1348 3124 1420 3181 ab
1460 3124 1716 3184 hostibus
1759 3126 2118 3192 invadantur,
2145 3157 2191 3219 ϐ

530 3227 643 3268 non
671 3213 967 3285 capiantur
1000 3221 1208 3273 tamen.
1247 3217 1503 3290 lstasque
1550 3219 1617 3275 ad
1649 3222 2119 3293 opportunitatem

533 3305 796 3378 temporis
823 3322 1143 3376 conserves,
1206 3320 1265 3366 ut
1286 3312 1502 3383 possint
1527 3313 1612 3370 vel
1636 3314 1890 3372 hostibus
1920 3315 2121 3371 malum

531 3400 762 3467 inferre,
787 3403 874 3459 vel
932 3403 1224 3475 providere
1257 3414 1317 3462 ut
1350 3407 1567 3463 nullum
1599 3408 1804 3465 malum
1835 3409 1906 3466 ab
1944 3408 2122 3467 hosti-

529 3493 637 3551 bus
658 3495 957 3567 accipiant.
1542 3498 1546 3502 ’

603 3587 693 3645 69.
730 3588 941 3648 Parvas
969 3607 1182 3666 magna:
1208 3611 1311 3667 que
1342 3596 1596 3654 triremes
1630 3613 1729 3670 pro
1761 3597 1999 3654 hostium
2034 3614 2124 3655 ra-

530 3680 703 3749 tione,
732 3693 922 3738 contra
954 3700 1094 3756 quos
1132 3702 1345 3760 pugnas
1373 3690 1700 3762 apparabis.
1741 3689 1933 3762 Neque
1972 3693 2119 3747 enim

532 3776 936 3833 Saracenorum
959 3788 1011 3836 et
1030 3779 1463 3854 Bosphoriorum
1485 3784 1815 3857 Scytharum
1832 3785 2020 3843 eadem
2039 3792 2123 3843 est

531 3868 732 3927 classis
760 3874 1091 3944 apparatio:
1130 3874 1397 3933 Saraceni
1433 3876 1580 3933 enim
1617 3877 1924 3936 cumbariis
1948 3889 2118 3935 utun-

532 3973 626 4020 tur
670 3960 997 4038 majoribus,
1035 3976 1091 4024 ct
1129 3968 1197 4026 ad
1231 3986 1456 4028 cursum
1497 3970 1856 4037 tardioribus,
1901 3974 2121 4048 Scytha:

531 4069 715 4116 autem
764 4062 963 4118 acatiis
1011 4070 1246 4120 utuntur
1272 4065 1604 4135 minoribus,
1656 4067 2116 4139 expeditioribus,

529 4162 588 4209 et
622 4153 1010 4210 celerioribus.
1034 4152 1170 4211 Nam
1207 4171 1304 4227 per
1325 4156 1524 4214 fluvios
1555 4160 1828 4231 quosdam
1864 4162 1917 4216 in
1948 4159 2120 4216 Euxi-

528 4262 663 4303 num
699 4257 930 4320 pontum
966 4250 1353 4322 prolabuntur,
1377 4267 1555 4325 neque
1582 4253 1891 4325 majoribus
1925 4255 2025 4311 hac
2051 4254 2118 4311 de

530 4351 699 4393 causa
732 4340 809 4394 uti
845 4347 1123 4410 poterunt.
1158 4341 1339 4415 Atque
1363 4342 1480 4400 hac
1520 4358 1550 4399 a
1590 4345 1750 4402 nobis
1776 4347 1845 4402 de
1871 4347 1992 4403 acie
2022 4349 2112 4403 iu-

531 4432 794 4489 struenda
823 4434 1104 4491 dicantur.

2236 493 2344 566 χῆς
2400 496 2795 569 παραστήματι
2841 497 3156 568 τολμηρῶν,
3208 498 3309 554 καὶ
3367 498 3827 568 πεπαιδευμένων

2234 586 2330 641 καὶ
2363 590 2859 661 γεγυμνασμένων.
2886 581 3047 644 Οὗτοι
3075 589 3135 649 δὲ
3160 589 3407 645 ἔστωσαν
3434 589 3829 662 καθωπλισμέ-

2233 696 2313 734 νοι
2374 681 2570 747 ὅπλοις
2622 682 2831 747 ὁποίοις
2877 682 2973 738 καὶ
3009 684 3038 737 6
3086 685 3147 737 ὲν
3202 687 3265 757 τῇ
3312 684 3450 758 ξηρᾷ
3481 684 3826 758 στρατιώτης

2232 773 2562 846 ὀπλισθῆναι
2596 774 2913 849 διώρισται·
2957 776 3200 850 δηλονότι
3252 778 3677 851 κατάφρακτος.
3727 776 3836 832 Καὶ

2231 864 2376 922 οὕτω
2407 869 2609 935 πάντες
2636 869 2687 924 σί
2723 868 2824 941 τῆς
2846 869 3215 940 ἄνωὲλασίας
3248 871 3709 942 ὁπλισθήσονται.

2305 960 2415 1029 Eg’.
2455 963 2605 1036 Πρὸς
2633 963 2691 1020 δὲ
2716 962 2815 1036 τὴν
2845 964 2958 1019 τῶν
2985 964 3198 1037 ἐχθρῶν
3231 966 3493 1038 ποιότητα
3531 965 3645 1020 καὶ
3678 966 3829 1020 ποσό-

2230 1070 2371 1127 τητα
2399 1054 2510 1110 τῶν
2532 1056 2757 1124 πλοίων,
2790 1058 2885 1113 καὶ
2915 1057 3099 1125 αὐτὸς,
3130 1052 3175 1117 ὦ
3199 1058 3498 1131 στρατηγὲ,
3532 1059 3825 1114 διασκενάο

2230 1164 2343 1211 σεις
2398 1148 2526 1213 τοὺς
2566 1149 2873 1222 δρόμωνας,
2925 1150 3003 1216 ὡς
3053 1149 3121 1207 ἂν
3172 1152 3250 1224 μὴ
3295 1152 3561 1209 ἐλάττονα
3600 1152 3827 1225 στρατὸν

2230 1240 2330 1314 ἔχῃ
2357 1243 2385 1296 6
2413 1242 2684 1318 ἡμέτερος
2708 1244 2926 1317 δρόμων
2955 1245 3053 1300 τοῦ
3088 1244 3375 1319 πολεμίου,
3406 1247 3560 1313 ὅστις
3593 1248 3826 1319 μάλιστα

2229 1335 2311 1400 είς
2340 1335 2595 1391 ἰσόπαλον
2622 1337 2797 1392 ἐλθεῖν
2827 1338 3212 1412 εὐτρεπίζεται
3251 1340 3464 1413 μάχην,
3501 1340 3595 1395 διὰ
3626 1340 3723 1395 τοῦ
3754 1341 3826 1405 εἰς

2228 1429 2494 1501 ἀλλήλους
2523 1429 2751 1503 δεσμοῦ,
2784 1432 2899 1486 ἀλλ’
2924 1433 2974 1488 εί
3006 1433 3233 1489 δυνατὸν
3258 1436 3356 1492 καὶ
3384 1434 3641 1490 πλείονα.
3696 1436 3821 1507 Ἀμ-

2228 1523 2475 1595 φοτέρων
2520 1524 2632 1597 γὰρ
2687 1524 2984 1600 ἀνδρείως,
3048 1530 3097 1584 εί
3125 1529 3315 1604 τύχοι,
3374 1529 3737 1603 μαχομένων,
3782 1530 3824 1584 οι

2229 1614 2480 1680 πλείονες
2505 1620 2959 1693 προτερήσουσιν.
3004 1668 3010 1673 ,

2304 1711 2402 1779 ξξ.
2457 1714 2586 1768 Ἐὰν
2624 1715 2735 1788 γὰρ
2775 1715 3009 1786 συνορᾷς
3043 1711 3188 1787 ἔχειν
3219 1714 3345 1782 τοὺς
3380 1716 3689 1791 πολεμίους

2228 1805 2642 1880 λυανδρούμενα
2693 1809 2855 1863 πλοῖα
2886 1807 2982 1863 καὶ
3017 1808 3242 1864 πλείονα
3275 1811 3510 1883 στρατὸν
3561 1814 3823 1887 ὑποδεχό-

2230 1913 2387 1970 μενα,
2421 1898 2705 1967 οὐσιώσεις
2735 1900 2847 1971 (15)
2876 1899 2973 1955 καὶ
2999 1900 3163 1966 αὐτὸς
3213 1902 3340 1967 τοὺς
3383 1904 3511 1969 σοὺς
3536 1905 3825 1977 δρόμωνας

2230 1991 2287 2045 ἐν
2319 1991 2539 2063 πλήθει.
2598 1992 2827 2068 Ἐκλέξῃ
2860 1992 2917 2048 δὲ
2959 1992 3069 2049 ἀπὸ
3116 1994 3337 2050 πάντων
3368 1998 3497 2061 τοὺς
3528 1997 3818 2071 ἀρίστους.

2229 2088 2323 2142 καὶ
2354 2087 2414 2154 ἐξ
2441 2088 2622 2143 αὐτῶν
2665 2087 2972 2156 ἐξοπλίσεις
2999 2089 3100 2162 τὴν
3146 2090 3428 2162 ἀρκοῦσαν
3458 2092 3704 2167 δύναμιν
3743 2095 3823 2151 διὰ

2225 2178 2525 2253 δρομώνων
2568 2181 2792 2237 τελείων
2818 2175 2913 2238 καὶ
2948 2181 3386 2254 ἀλκιμωτάτων·
3420 2185 3566 2242 ὥστε
3602 2189 3657 2243 εί
3690 2188 3823 2244 οὕτω

2228 2274 2407 2347 τύχοι,
2453 2276 2486 2349 ἢ
2517 2276 2629 2332 τῶν
2663 2276 2758 2332 δύο
2798 2276 2889 2332 τὸν
2922 2278 3153 2352 στρατὸν
3178 2279 3260 2345 είς
3288 2280 3388 2335 ἕνα
3420 2281 3759 2359 sparsam,
3792 2285 3820 2357 ἢ

2226 2364 2293 2420 ὲκ
2322 2365 2540 2421 πάντων
2571 2365 2796 2440 ὲπιλέξῃ
2835 2367 2964 2435 τοὺς
3008 2369 3288 2442 ἀρίστους,
3325 2371 3402 2438 ὡς
3437 2373 3699 2447 είρηται·
3735 2377 3823 2431 καὶ

2226 2459 2573 2532 γενήσονται·
2599 2458 2731 2533 ἄχρι
2784 2461 2882 2516 καὶ
2928 2462 3222 2519 διακοσίων
3271 2468 3631 2537 στρατιωτῶν
3669 2470 3703 2541 ἧ
3737 2471 3823 2524 καί

2228 2552 2399 2607 πλείω
2436 2552 2581 2608 κατὰ
2629 2553 2883 2626 δρόμωνα
2902 2571 2915 2585 ·
2943 2555 3019 2621 ὡς
3050 2555 3119 2611 ἂν
3146 2557 3247 2621 καὶ
3268 2557 3348 2631 τῷ
3379 2558 3577 2628 πλήθει
3614 2563 3717 2617 καὶ
3751 2562 3828 2634 τῷ

2229 2644 2453 2716 μεγέθει
2501 2646 2597 2702 καὶ
2638 2648 2705 2720 τῇ
2748 2646 2985 2721 εὐψυχία
3018 2647 3129 2703 τῶν
3163 2667 3224 2705 τε
3254 2651 3553 2725 δρομὼνων
3587 2657 3690 2711 καὶ
3718 2656 3829 2711 τᾶν

2227 2740 2579 2811 στρατιωτῶν
2606 2739 3018 2815 καθυπέρτερος
3048 2736 3161 2798 τῶν
3188 2745 3473 2819 πολεμίων
3504 2749 3715 2805 πλοίων
3737 2768 3822 2821 γε·

2223 2833 2448 2905 νόμενος
2476 2834 2575 2890 σὺν
2601 2834 2723 2909 Θεῷ
2751 2835 2850 2909 τὴν
2884 2837 3004 2891 κατ’
3031 2837 3208 2893 αὐτῶν
3232 2839 3475 2914 ἐπιλήψῃ
3503 2843 3695 2915 νίκην.

2297 2925 2403 3000 ξη’.
2429 2927 2602 2991 Δείδέ
2626 2946 2685 2984 σε
2710 2931 2804 2985 καὶ
2829 2931 3189 3004 μικροτέρους
3215 2932 3520 3001 ἐξοπλίζειν
3535 2937 3820 3009 δρόμωνας

2223 3022 2320 3077 καὶ
2364 3021 2766 3098 ἐλαφροτέρους
2809 3022 2921 3098 (16)
2950 3024 3059 3079 τῶν
3092 3025 3360 3098 συνήθων,
3392 3027 3535 3083 ὥστε
3567 3031 3671 3086 καὶ
3702 3031 3821 3085 διὼο

2225 3134 2425 3183 κοντας
2457 3117 2902 3190 καταλαμϐάνειν
2934 3118 3064 3183 τοὺς
3084 3118 3401 3190 πολεμίους,
3433 3123 3526 3177 καὶ
3551 3122 3818 3197 διωκομέ-

2224 3227 2353 3275 νους
2375 3211 2451 3284 μὴ
2472 3212 3013 3285 καταλαμϐάνεσθαι,
3032 3213 3131 3268 καὶ
3148 3214 3375 3281 τούτους
3398 3215 3550 3288 ἔχειν.
3566 3219 3627 3272 ὲν
3646 3216 3831 3290 καιρῷ-

2223 3304 2325 3377 τῆς
2350 3304 2698 3379 ἁρμοζούσης
2727 3307 2911 3373 αὐτοῖς
2948 3305 3161 3379 χρείας,
3194 3306 3271 3373 ὡς
3302 3307 3568 3365 δύνασθαι
3595 3310 3819 3375 αὐτοὺς,

2223 3401 2257 3473 ἤ
2284 3400 2483 3473 δρᾶσαί
2511 3418 2565 3455 τι
2596 3400 2768 3457 κακὸν
2801 3402 2914 3466 τοῖς
2946 3401 3242 3476 ὲχθροῖς,ἢ
3282 3404 3357 3476 μὴ
3389 3404 3586 3460 παθεῖν
3615 3423 3671 3460 τι
3720 3423 3827 3459 κα-

2224 3494 2320 3549 κδν
2349 3512 2427 3550 πα
2436 3497 2482 3568 ρ’
2511 3494 2715 3551 αὐτῶν.

2293 3586 2393 3656 ξθ’.
2438 3589 2687 3661 Μικροὺς
2718 3588 2775 3643 δὲ
2802 3591 2896 3645 καὶ
2922 3591 3193 3664 μεγάλους
3220 3590 3511 3664 δρόμωνας
3539 3594 3687 3649 κατά
3720 3594 3815 3664 τὴν

2224 3679 2487 3753 ποιότητα
2532 3681 2641 3735 τῶν
2691 3681 2969 3754 πολεμίων
3016 3681 3190 3737 ἐθνῶν
3236 3684 3702 3749 κατασκευάσεις.
3737 3686 3807 3739 0³)

2223 3774 2334 3848 γὰρ
2382 3775 2410 3828 6
2455 3774 2618 3839 αὐτός
2650 3776 2799 3830 ἐστιν
2835 3776 3021 3842 στόλος
3055 3776 3165 3831 τῶν
3210 3775 3431 3830 πλοίωνι
3460 3778 3571 3833 τῶν
3614 3797 3678 3833 τε
3714 3779 3812 3834 Σαο

2226 3867 2480 3942 ρακηνῶν
2530 3869 2856 3942 Βαρϐάρων,
2907 3869 3005 3925 καὶ
3052 3869 3161 3924 τῶν
3209 3868 3523 3942 λεγομένων
3580 3872 3822 3946 Βορείων.

2223 3961 2464 4020 Σκυθῶν.
2493 3963 2557 4017 Οἱ
2608 3962 2707 4035 μὲν
2737 3962 2847 4036 γὰρ
2900 3963 3264 4037 κουμόαρίοις
3316 3963 3558 4036 χρῶνται
3600 3966 3809 4037 μείζοσι

2220 4055 2319 4112 κα)⁸
2367 4054 2713 4129 ἀργοτέροις,
2764 4058 2813 4110 οί
2855 4056 3168 4130 Βάρϐαροι,
3216 4057 3354 4112 οἶδὲ
3398 4055 3512 4112 οἷον
3563 4059 3807 4123 ἀκατίοις

2224 4149 2477 4205 ἐλάττοσι
2526 4150 2628 4206 καὶ
2673 4150 3060 4225 ὲλαφροτὲροις
3094 4151 3189 4206 καὶ⁵
3231 4155 3474 4225 ταχινοῖς
3501 4155 3549 4208 οί
3589 4154 3805 4209 Σκύθαι.

2223 4242 2321 4297 Διὰ
2350 4242 2613 4316 ποταμῶν
2641 4243 2749 4315 γὰρ
2772 4243 2850 4308 είς
2880 4241 2973 4297 τὸν
3003 4242 3255 4310 Εύξεινον
3278 4245 3649 4317 ἐμπίπτοντες
3682 4245 3807 4299 πόν-

2221 4352 2315 4389 τον
2360 4335 2420 4390 οὺ
2468 4334 2724 4390 δύνανται
2779 4334 2994 4406 μείζοσι
3053 4337 3368 4410 χρήσασθαι
3426 4338 3654 4406 πλοίοις.
3706 4339 3809 4396 Καὶ

2220 4428 2395 4485 ταῦτα
2436 4429 2534 4500 μὲν
2559 4428 2687 4500 περὶ
2716 4427 3081 4499 παρατάξεων
3119 4431 3384 4503 εἰρήσθω.

607 4525 694 4581 70.
736 4524 839 4581 Ubi
872 4542 1003 4584 vero
1030 4527 1318 4585 discedere
1344 4544 1375 4586 e
1398 4529 1589 4603 praelio
1619 4531 1851 4604 cogitas,
1882 4533 2112 4591 classem

2292 4530 2357 4579 θ’.
2422 4522 2592 4578 Ὅταν
2663 4522 2720 4578 δὲ
2755 4521 3159 4595 ,ἀπαλλαγῆναι
3221 4523 3393 4599 βούλῃ
3454 4526 3556 4599 τῆς
3610 4528 3801 4600 μάκηςο

531 4624 683 4673 tuam
710 4618 956 4688 lunabis,
990 4628 1159 4693 atque
1193 4622 1268 4677 ita
1299 4621 1590 4679 discedes:
1630 4624 1945 4694 huiusmodi
1970 4626 2117 4683 enim

533 4709 732 4779 forma,
760 4713 1228 4783 quemadmodum
1275 4713 1621 4786 antiquiores
1672 4717 1894 4789 quidam
1946 4719 2121 4775 tradi-

533 4801 758 4871 derunt,
789 4815 903 4859 tum
938 4806 1002 4860 ad
1027 4809 1469 4880 progressiones,
1499 4817 1615 4865 tum
1642 4809 1709 4867 ad
1739 4810 2121 4870 discessiones

532 4896 868 4966 permultum
903 4898 1070 4954 valet.

604 5077 697 5137 71.
737 5078 888 5164 Bello
925 5077 1039 5150 jam
1085 5078 1379 5147 confecto,
1423 5079 1608 5135 omnia
1650 5079 1777 5137 belli
1830 5080 2006 5153 spolia
2054 5097 2123 5140 ex

2229 4617 2545 4690 μηνοειδῶς,
2571 4616 2646 4681 ὡς
2670 4616 2907 4688 εἴρηται,
2933 4617 3034 4688 τὴν
3057 4617 3366 4689 παράταξιν
3388 4619 3495 4675 τῶν
3518 4620 3802 4693 δρομὼνων

2225 4710 2458 4784 ποιήσας
2494 4708 2668 4774 οὕτως
2718 4708 3119 4782 ὑποχωρήσεις,
3156 4707 3245 4763 διὰ
3291 4709 3355 4765 τὸ
3384 4711 3629 4782 ἀσφαλὲς
3675 4707 3803 4766 εἶναι

2221 4804 2286 4860 τδ
2314 4802 2554 4858 τοιοῦτον
2608 4802 2796 4874 σχῆμα
2840 4805 2900 4857 ὲν
2939 4802 3058 4864 ταῖς
3104 4801 3389 4869 τοιαύταις
3424 4805 3519 4859 καὶ
3567 4805 3802 4879 προόδοις

2225 4900 2323 4954 καὶ
2371 4898 2777 4971 ὑποχωρήσεσι,
2812 4895 2889 4962 ὣς
2933 4913 3079 4961 τινες
3123 4897 3233 4953 τῶν
3282 4898 3537 4956 παλαιῶν
3608 4919 3802 4974 μαρτυ-

2228 4991 2384 5065 ροῦσι
2415 4990 2494 5063 τῷ
2519 4990 2708 5063 τρόπῳ
2741 4988 2916 5062 τούτῳ
2952 4990 3315 5062 χρησάμενοι.

2294 5089 2403 5139 οα’.
2450 5081 2607 5137 Μετά
2657 5081 2715 5136 δὲ
2759 5082 2857 5155 τὴν
2910 5082 3067 5137 λύσιν
3104 5081 3200 5138 τοῦ
3236 5083 3477 5155 πολέμου
3502 5084 3623 5141 δέον
3654 5102 3733 5150 σε,
3760 5076 3802 5138 ὦ

537 5188 699 5245 mque
732 5180 787 5228 et
810 5173 955 5229 bono
1000 5172 1272 5230 militibus
1304 5173 1417 5230 tuis
1447 5173 1771 5241 distribues,
1810 5184 1864 5230 et
1896 5174 2124 5246 prandia

2233 5176 2529 5250 στρατηγὲ,
2554 5177 2643 5247 τὰ,
2673 5176 2748 5242 ὡς
2778 5176 2953 5245 εἰκὸς,
2996 5175 3333 5250 κερδηθέντα
3360 5177 3469 5253 ἀπὸ
3520 5180 3800 5235 τῶν-πολε-

537 5267 857 5339 cpulasque,
897 5278 952 5324 et
984 5269 1152 5324 multa
1185 5268 1437 5326 convivia
1464 5268 1788 5339 apparabis,
1822 5278 1878 5325 et
1909 5284 2006 5325 eos
2030 5269 2122 5340 qui

2237 5269 2377 5341 μίων
2403 5268 2623 5340 λάφυρα
2657 5267 2718 5336 ἐξ
2748 5267 2864 5323 ι’σου
2899 5268 3240 5342 διαμερίζειν
3272 5271 3388 5333 τοῖς
3421 5270 3799 5342 στρατιώταις.

541 5378 604 5419 sc
632 5363 687 5417 iu
728 5361 874 5419 bello
922 5373 1146 5420 strenue
1177 5373 1491 5437 gesserunt,
1522 5363 1827 5419 honoribus
1852 5363 2124 5435 praemiis-

2234 5364 2329 5419 καὶ
2380 5364 2748 5435 ἀριποποιεῖν
2808 5361 2905 5417 καὶ
2956 5362 3400 5436 φιλοφρονεῖσθαι
3452 5365 3671 5430 αὐτοὺς,
3715 5362 3799 5418 καὶ

542 5472 651 5526 que
695 5458 1076 5516 tnuneraberis
1128 5476 1141 5515 :
1190 5457 1284 5531 qui
1339 5457 1548 5530 aliquid
1607 5458 1780 5514 milite
1839 5457 2124 5531 indignum

2236 5455 2565 5513 πανδαισίαν
2618 5455 2891 5511 ποιεῖσθαι
2935 5457 3032 5512 καὶ
3077 5457 3314 5529 εὐωχίας
3360 5458 3441 5523 είς
3475 5458 3693 5525 αὐτοὺς,
3720 5458 3801 5513 καὶ

545 5551 800 5621 gesserit,
828 5554 1100 5626 supplicio
1138 5569 1203 5611 ac
1234 5568 1399 5625 poena
1431 5564 1775 5611 coercentur.

2235 5550 2363 5616 τοὺς
2412 5549 2512 5623 μὲν
2568 5548 3003 5624 ἀριστεύσαντας
3066 5552 3162 5608 καὶ
3216 5552 3437 5625 δωρεῶν
3500 5556 3596 5610 καὶ
3640 5553 3800 5628 τιμῶν

548 5644 805 5714 ἀξιῶσαι,
830 5648 957 5715 τοὺς
990 5647 1050 5703 δέ
1083 5665 1137 5703 τι
1168 5649 1390 5716 ἀνάξιον
1425 5648 2122 5724 στρατιώτουποιήσαντας
2150 5647 2482 5722 ἐπιτιμῆσαι
2507 5645 2759 5714 δεόντως.

2072 5740 2323 5811 ΝΟΤᾸΖ.

619 5835 733 5909 (15)
767 5837 1118 5907 Οὐσιὼσεις.
1154 5840 1365 5909 Scribe,
1396 5839 1631 5908 ίσὼσεις.

625 5909 737 5984 (t6)
781 5908 862 5969 Ab
918 5911 1318 5988 ἐλαφροτέρους,
1352 5908 1559 5988 usque
1617 5915 1685 5974 ad
1748 5917 1910 5978 tinem
1943 5916 2108 5993 hujus
2131 5913 2553 5975 constitutionis
2580 5912 2717 5973 nihil
2750 5912 2948 5989 legitur
2976 5913 3037 5974 in
3056 5913 3248 5976 codice
3312 5913 3702 5976 Laurentiano.
