4036 6300
289 357 428 425 1013

1358 341 1704 406 TACTICA.
1729 365 1800 380 -·-
1836 337 2347 404 CONSTITUTIO
2377 341 2511 402 XX.

3425 341 3570 411 lOlL

357 470 458 544 οβ’.
481 467 622 526 ⁹Ισθι
643 464 723 533 δὲ,
746 459 792 520 ὧ
811 462 1106 536 στρατηγὲ,
1128 461 1211 516 ὅτι
1235 458 1441 530 πλῆθος
1462 455 1758 529 δρομὼνων
1785 454 1873 510 ἀν-

2055 455 2145 510 72.
2189 454 2484 513 Multitudo
2508 455 2817 512 triremium
2851 455 3080 530 ignavos
3099 455 3254 515 viros
3282 459 3568 519 continen-

285 566 511 638 ἁνδρους
535 562 769 633 ἐχόντων
795 555 1136 630 στρατιώτας
1155 553 1306 608 οὐδὲν
1327 550 1525 623 ἰσχύει,
1556 548 1666 602 οὐδ’
1691 549 1759 604 ἂν
1782 548 1876 601 καὶ

286 660 424 730 πρὸς
437 657 649 726 ὀλίγους
671 655 1025 726 μαχήσωνται
1048 649 1172 713 τοὺς
1192 646 1468 708 ἐναντίους
1487 642 1762 716 ἀνδρείου,
1782 641 1877 696 καὶ

287 752 574 824 εὐψύχους.
608 747 746 803 Οὔτε
770 746 880 818 γὰρ
905 743 1249 816 πολυπληθία
1270 739 1480 811 ἀνδρῶν
1511 737 1654 793 κατὰ
1676 736 1875 805 ὀλίγων

292 847 524 916 ίσχύσει,
559 843 608 895 εί
635 841 709 913 μὴ
737 841 830 894 καὶ
857 842 924 910 τῇ
959 835 1242 910 προθυμία
1269 834 1360 888 καὶ
1377 836 1444 906 τῇ
1468 831 1682 887 ὁπλίσει
1707 842 1876 902 στρα-

286 939 480 994 τιῶται
502 936 722 1008 ἀληθεῖς
743 933 1183 988 ἀποδείκνυνται.
1208 929 1273 982 Τί
1295 927 1405 998 γάρ
1429 927 1528 981 ούκ
1550 927 1876 997 ἐργάσονται

288 1031 458 1088 δεινὸν
473 1029 568 1085 καὶ
585 1028 757 1096 ὀλίγοι
775 1027 932 1081 λύκοι
950 1025 1088 1096 πρὸς
1105 1021 1305 1085 πολλάς
1324 1019 1567 1091 χιλιάδας
1591 1018 1842 1088 ποιμνίου
1859 1034 1874 1085 ;

359 1129 460 1193 ογ⁹.
521 1123 613 1176 Διὸ
673 1120 780 1194 χρή
833 1135 893 1173 σε
957 1119 1092 1190 ὁρᾷν
1125 1113 1538 1184 ἂπανταῖμετά
1589 1110 1876 1182 ἀκριϐείας

293 1219 510 1288 ἁπάσης
559 1215 627 1270 τὰ
673 1215 784 1268 τῶν
831 1211 1065 1285 ἐχθρῶν,
1116 1209 1192 1274 ὡς
1218 1207 1542 1270 διάκεινται,
1581 1205 1677 1260 καὶ
1706 1204 1879 1270 οὔτως

289 1314 389 1384 τήν
415 1329 473 1366 τε
508 1309 618 1364 τῶν
649 1305 1002 1380 στρατιωτῶν
1053 1303 1288 1370 ὅπλισιν,
1337 1302 1431 1356 καὶ
1459 1301 1517 1355 τὸ
1546 1299 1747 1371 πλῆθος
1777 1298 1875 1352 αύ-

289 1406 400 1460 τῶν
434 1403 529 1458 καὶ
553 1403 616 1457 τὸ
648 1401 918 1474 μέγεθος,
939 1401 1032 1453 καὶ
1061 1399 1133 1452 τὰ
1162 1397 1300 1452 ἄλλα
1330 1394 1744 1465 ἐπιτηδεύματα
1774 1394 1878 1466 ἀρ-

295 1497 494 1571 μοδίως
521 1496 664 1551 κατὰ.
691 1496 799 1548 τῶν
831 1492 1093 1548 ἐναντίων
1121 1489 1590 1564 παρασκευάζειν.

362 1586 455 1642 οδ’.
485 1587 672 1658 Ἐχειν
695 1585 750 1639 δὲ
783 1585 877 1639 καὶ
911 1583 1142 1656 μικροὺς
1169 1582 1451 1652 δρόμωνας
1469 1580 1566 1633 καὶ
1592 1583 1799 1652 ταχεῖς»,
1817 1580 1877 1635 ού

293 1680 432 1754 πρὸς
464 1680 700 1752 πόλεμον
742 1677 1206 1749 ἐξωπλισμένους,
1275 1675 1412 1729 ἀλλά
1461 1675 1598 1747 πρὸς
1641 1676 1740 1738 τὰς
1793 1674 1878 1747 βία

292 1774 451 1844 γλας,
501 1774 597 1829 καὶ
647 1773 716 1827 τὰ
766 1773 1029 1845 μανδάτα,
1081 1772 1176 1826 καὶ
1204 1769 1303 1835 τάς
1337 1771 1502 1834 ἄλλας
1548 1768 1878 1833 ἀπαντώσας

292 1849 496 1938 ὁμοίως
523 1867 733 1938 χρείας.
776 1866 884 1919 Καὶ
919 1864 1037 1917 ἔστι
1081 1864 1149 1918 τά
1197 1880 1258 1916 τε
1308 1862 1545 1933 μονὴρια
1579 1861 1877 1932 λεγόμενα,

295 1958 392 2012 καὶ
424 1958 521 2019 τὰς
551 1957 772 2026 γαλέας,
824 1955 965 2027 πλὴν
1001 1955 1095 2007 καὶ
1131 1955 1329 2019 αὐτοὺς
1382 1954 1658 2020 ἐνόπλους,
1695 1949 1782 2005 διὰ
1814 1947 1885 2004 τά

295 2051 550 2123 τυχηρῶς
585 2049 990 2121 συμπίπτοντα.

364 2150 456 2201 σε’.
490 2146 597 2199 Καὶ
629 2147 684 2198 σὲ
708 2144 764 2199 δὲ
789 2144 951 2198 αὐτὸν
975 2141 1064 2197 διὰ
1084 2143 1302 2197 πάντων
1321 2134 1462 2209 εἶναι
1485 2141 1568 2194 δεῖ
1595 2139 1884 2196 σπουδαῖον

295 2238 390 2291 καὶ
436 2238 683 2307 γενναῖον
733 2236 828 2290 καὶ
877 2235 1155 2307 ἀτάραχον
1191 2234 1286 2287 καὶ
1331 2233 1458 2299 ὀξὺν
1490 2233 1547 2286 ὲν
1583 2233 1702 2294 ταῖς
1749 2232 1882 2284 ἀνα-

294 2331 521 2403 γκαίαις
562 2329 797 2402 μάλιστα
838 2329 946 2383 τῶν
988 2330 1331 2401 πραγμάτων
1382 2323 1768 2398 ὲγχειρήσεσίν
1824 2341 1883 2377 τε

296 2427 394 2480 καὶ
433 2425 695 2496 πράξεσιν
724 2423 812 2478 ἵνα
841 2425 934 2477 καὶ
966 2421 1086 2495 Θεῷ
1136 2421 1461 2493 εὐάρεστος,
1499 2421 1596 2473 καὶ
1641 2421 1709 2489 τῇ
1748 2419 1885 2490 ﬁgas-

297 2517 434 2592 τέρᾳ
480 2520 544 2572 ὲκ
587 2516 726 2572 Θεοῦ
765 2517 1013 2590 βασιλεία
1068 2503 1389 2589 εὖχρηστός
1422 2531 1481 2567 τε
1531 2511 1626 2568 καὶ
1662 2511 1883 2583 δόκιμος

298 2614 596 2685 ἀναφανεὶς
653 2611 959 2686 στρατηγὸς
1015 2608 1410 2683 ἀμφοτέρωθεν
1448 2608 1726 2681 κερδήαῃς
1787 2605 1884 2671 τάς

300 2707 458 2774 ἀξίας
487 2707 596 2760 τῶν
623 2706 802 2760 πόνων
828 2704 1086 2776 ἀμοιϐάς,
1115 2705 1180 2757 ὲκ
1203 2701 1338 2756 Θεοῦ
1371 2701 1469 2773 μὲν
1499 2701 1726 2772 μισθοὺς
1753 2699 1887 2754 ἀθα-

301 2803 495 2867 νάτους
546 2799 688 2872 ὑπὲρ
719 2801 817 2872 τῆς
844 2797 1012 2856 αὑτοῦ
1057 2796 1428 2871 κληρονομίας
1458 2792 1883 2866 ἀγωνιζόμενος,

301 2893 366 2960 ἐξ
391 2891 548 2964 ἡμῶν
573 2892 629 2945 δὲ
659 2889 942 2962 καὶτιμὰς
979 2889 1076 2943 καὶ
1102 2886 1312 2960 δωρεάς
1342 2885 1444 2950 τὰς
1475 2883 1884 2957 προσηκούσας,

306 2985 386 3058 μὴ
420 2985 744 3057 ψευδόμενος
789 2983 887 3054 τὴν
916 2981 1135 3053 κλῆσιν,
1173 2978 1290 3034 ἀλλ’
1333 2978 1546 3051 ἀληθὴς
1579 2977 1888 3053 στρατηγὸς

304 3079 403 3131 καὶ
425 3076 517 3130 ’ὣν
557 3077 648 3130 καὶ
704 3072 1060 3146 καλούμενος,
1089 3070 1330 3126 τοσαῦτα
1378 3073 1472 3125 καί¹
1504 3073 1633 3140 περὶ
1669 3087 1892 3142 ναυμαο

306 3168 430 3240 χίας
459 3166 532 3232 ὠς
559 3169 614 3220 ἐν
655 3167 874 3236 συνόψει
910 3165 1008 3236 μὲν
1036 3162 1271 3235 μετρίως
1300 3163 1562 3237 εἰρὴσθω.

799 3257 1109 3313 maritat}:
1148 3255 1213 3311 κ’
1248 3258 1385 3328 (t7).

494 3355 634 3425 Ile-pl
661 3354 963 3425 διαφόρων
992 3350 1305 3425 γνωμικῶν
1327 3351 1693 3423 κεφαλαίων.

375 3448 446 3506 α’.
489 3450 646 3504 Μετὰ
692 3448 748 3501 δὲ
801 3449 899 3512 τὰς
929 3445 1226 3518 εἰρημένας
1277 3445 1656 3518 παραγγελίας
1694 3459 1750 3497 τε
1795 3441 1892 3498 καὶ

303 3545 598 3612 διατάξεις,
633 3538 677 3597 ὦ
721 3543 1016 3614 στρατηγέ,
1049 3539 1228 3612 χρεὼν
1255 3541 1322 3610 τῇ
1356 3541 1423 3610 σῇ
1455 3536 1763 3609 ἐνδοξὸτητι
1796 3535 1894 3590 καὶ

304 3641 425 3702 ταῖς
452 3638 554 3709 ἢδη
580 3633 982 3707 ρηθησομέναις
1007 3630 1282 3702 ἐγκρύψαι
1301 3629 1570 3704 γνώμαις,
1591 3629 1653 3693 ἃς
1677 3631 1740 3683 ὲκ
1765 3627 1895 3682 πολ-

304 3734 415 3789 λῶν
464 3730 710 3786 παλαιῶν
745 3729 842 3785 καὶ
877 3727 1261 3800 στρατηγικῶν
1306 3725 1704 3796 συνταγμάτων
1754 3723 1893 3776 ἀνα-

305 3817 597 3899 λεξάμενοι
644 3822 918 3894 συνόψεως
957 3824 1119 3893 χάριν
1160 3820 1269 3875 τῶν
1308 3819 1616 3890 εἰρημένων
1660 3813 1894 3869 ἐνταῦθα

307 3917 808 3994 παρατεθείκαμεν.
864 3915 960 3970 Ἐκ
1002 3913 1209 3968 τούτων
1245 3912 1355 3984 γὰρ
1387 3911 1485 3965 καὶ
1520 3909 1614 3964 επὶ
1643 3909 1741 3974 τάς
1775 3904 1894 3978 μεί·

309 4015 472 4086 ζονας
505 4011 746 4087 πράξεις’
778 4010 879 4083 τῆς
924 4009 1189 4081 τακτικῆς
1226 4006 1461 4078 θεωρίας
1497 4003 1763 4075 ἀναϐῆναι
1798 4002 1894 4057 δυ-

306 4111 474 4183 νήσῃ,
509 4107 651 4164 κατὰ
679 4105 771 4160 τὸν
796 4105 961 4177 σοφὸν
994 4102 1407 4176 Παροιμιαστὴν
1437 4099 1664 4173 βασιλέα
1689 4116 1702 4130 ο
1736 4097 1895 4172 Σοφῷ

308 4205 421 4278 γὰρ
452 4203 608 4276 ἀνδρὶ
633 4201 857 4275 ἀφορμὴ
880 4199 1131 4272 διδομένη
1160 4199 1468 4269 σοφώτερον
1491 4197 1891 4267 ἀπεργάζεται.

387 4299 452 4367 β’.
497 4297 587 4350 Ἐν
632 4293 872 4367 πρώτοις
913 4292 1013 4365 μὲν
1036 4293 1306 4363 ἐγχειρεῖν
1341 4290 1547 4361 μέλλων
1579 4289 1894 4358 ἀναγκαίων

314 4389 680 4466 πραγμάτων,
728 4381 775 4440 ὧ
815 4387 1127 4458 στρατηγὲ,
1165 4383 1242 4456 μὴ
1291 4382 1488 4456 χώριξε
1536 4383 1761 4437 σεαυτὸν
1800 4381 1892 4437 τοῦ

315 4483 554 4554 πλήθους
602 4480 708 4534 τῶν
759 4480 817 4532 ὲν
849 4480 960 4541 τοῖς
1017 4475 1196 4549 ἔργοις
1244 4472 1572 4541 πονούντων,
1621 4473 1756 4528 ἀλλὰ
1799 4475 1895 4530 καὶ

1915 3220 1963 3282 C

1977 552 2114 606 tium
2157 552 2369 608 nullius
2398 552 2659 607 momenti
2689 560 2796 617 est,
2840 568 2909 608 ne
2954 551 3004 610 sl
3056 551 3322 610 adversus
3354 568 3565 626 paucos

1976 645 2200 717 quidem
2248 660 2313 702 ac
2355 652 2612 703 strenuos
2641 644 3016 702 dimicandum
3066 645 3159 703 sit.
3199 645 3388 718 Neque
3416 649 3563 704 enim

1979 739 2336 796 multitudine
2363 739 2606 795 virorum
2632 747 2729 793 aut
2759 739 3035 811 paucitate
3059 739 3264 795 bellum
3290 740 3564 808 cernitur,

1979 834 2073 890 sed
2123 833 2406 890 alacritate
2458 840 2512 888 et
2559 833 2887 889 strenuitate
2927 833 3129 889 milites
3163 834 3280 890 veri
3339 834 3569 891 demon—

1980 934 2254 982 5trantur.
2297 925 2441 992 Quid
2472 924 2619 982 enim
2653 926 2781 981 mali
2818 942 2926 983 non
2971 925 3208 984 inferent
3254 928 3413 1000 pauci
3454 927 3572 1002 lupi-

1979 1033 2277 1093 permagno
2313 1018 2460 1090 gregi
2490 1017 2716 1072 ovium?

2055 1113 2140 1168 '75.
2185 1111 2372 1182 itaque
2404 1127 2492 1169 res
2520 1110 2766 1167 hostium
2814 1110 3107 1185 diligenter
3148 1113 3246 1172 abs
3281 1122 3333 1172 te
3382 1113 3570 1188 perlu-

1980 1205 2224 1262 strandae
2287 1212 2438 1273 sunt,
2487 1214 2541 1262 et
2594 1221 2695 1278 pm
2731 1205 2952 1262 illorum
2987 1207 3203 1264 ratione
3257 1209 3566 1266 triremium

1980 1310 2323 1372 apparatum,
2371 1299 2607 1355 militum
2651 1307 3016 1368 armaturam,
3051 1300 3461 1358 multitudinem
3503 1304 3572 1359 il-

1980 1395 2155 1451 lorum
2187 1403 2239 1451 et
2269 1394 2703 1466 magnitudinem
2727 1435 2742 1461 ,
2801 1394 3120 1467 reliquaque
3155 1397 3342 1453 omnia
3371 1397 3570 1455 idonee

1980 1490 2244 1546 adversus
2270 1505 2463 1543 omnes
2495 1488 2853 1561 praeparabis.

2054 1585 2141 1640 Ἠ.
2170 1582 2382 1640 llabcas
2401 1583 2454 1637 in
2479 1591 2732 1655 promptu
2762 1584 3233 1655 parvastriremes
3250 1595 3304 1644 et
3327 1603 3571 1656 crassas,

1980 1691 2090 1730 non
2123 1675 2191 1730 ad
2227 1673 2428 1729 bellant
2462 1685 2732 1740 armatas,
2783 1675 2878 1731 sed
2930 1675 2997 1732 ad
3036 1678 3305 1735 excubias
3335 1688 3389 1737 et
3421 1696 3573 1737 com-

1981 1776 2222 1823 meatum
2254 1782 2318 1823 ac
2352 1768 2625 1839 reliquum
2665 1783 2827 1825 usum
2877 1768 3176 1826 bellicum:
3213 1782 3266 1828 et
3290 1772 3457 1831 unius
3482 1788 3572 1832 re-

1987 1875 2204 1916 morum
2236 1861 2453 1918 ordinis
2484 1876 2676 1926 naves,
2709 1877 2852 1931 quas
2895 1862 3082 1934 galeas
3114 1874 3336 1933 vocant,
3367 1882 3574 1941 easque

1987 1956 2157 2013 armis
2186 1955 2490 2012 instructas
2512 1957 2580 2012 ad
2605 1971 2824 2012 omnem
2851 1957 2978 2014 belli
3011 1966 3290 2015 eventum.

2057 2137 2152 2194 75.
2193 2134 2274 2193 'l‘u
2321 2151 2451 2194 vero
2495 2137 2612 2208 ipse
2654 2137 2713 2195 in
2760 2136 3020 2194 omnibus
3062 2136 3374 2195 industrius
3428 2146 3572 2198 stre—-

1988 2246 2241 2302 nuusquc
2288 2229 2389 2296 sis,
2415 2241 2468 2287 et
2501 2245 2629 2286 acer
2656 2230 2992 2302 sedatusque
3028 2231 3084 2286 in
3116 2231 3375 2289 omnibus
3407 2233 3602 2290 rebus._

1989 2325 2372 2396 aggrediendis
2394 2332 2563 2397 atque
2583 2325 2946 2394 instruendis,
2971 2334 3033 2382 ut
3067 2326 3180 2384 Deo
3202 2329 3572 2400 complacitus

1989 2421 2365 2492 probatusque
2415 2421 2515 2478 tias
2550 2419 2878 2492 imperator,
2919 2427 2973 2477 et
3015 2420 3275 2492 utrinque
3319 2422 3570 2479 laborum

1988 2524 2236 2587 reportes
2258 2514 2480 2590 dignam
2518 2515 2827 2574 mercedem
2847 2557 2863 2584 ,
2895 2531 2926 2571 a
2955 2516 3068 2574 Deo
3095 2516 3316 2588 quidem
3345 2517 3578 2573 immor-

1989 2611 2177 2674 talem,
2202 2609 2331 2681 quia
2361 2609 2485 2680 ejus
2511 2618 2718 2666 sortem
2772 2611 3202 2683 religionemque
3234 2625 3572 2682 propugttas,

1988 2721 2018 2757 a
2053 2704 2210 2760 nobis
2243 2719 2371 2758 vero
2409 2703 3014 2776 munera-honoresque
3043 2706 3297 2772 idoneos,
3324 2706 3575 2762 vocatio-

1989 2812 2112 2851 nem
2146 2805 2298 2851 tuam
2335 2796 2487 2852 nullo
2518 2795 2683 2852 modo
2715 2796 3020 2863 irustrans,
3075 2799 3170 2856 sed
3215 2814 3276 2854 re
3319 2806 3375 2854 et
3407 2799 3574 2856 verbo

1987 2905 2150 2948 verus
2206 2890 2506 2960 imperator
2550 2889 2628 2948 sis
2677 2899 2843 2962 atque
2910 2891 3190 2949 babearis.
3239 2891 3306 2949 Et
3348 2893 3464 2950 bare
3509 2892 3579 2950 de

1990 2987 2172 3042 navali
2221 2986 2409 3060 praelia
2458 3001 2559 3060 pro
2623 2986 2915 3047 brevitatis
2967 2989 3184 3048 ratione
3234 2990 3377 3049 satis
3429 2990 3580 3047 dicta

1989 3082 2123 3139 sint.

2457 3265 2928 3324 CONSTITUTIO
2989 3264 3110 3325 XX.

2101 3358 2440 3416 Diversarum
2474 3362 2859 3417 sententiarum
2891 3361 3210 3416 militarium
3239 3378 3470 3417 summa.

2067 3456 2120 3509 1.
2163 3455 2433 3528 Deinceps
2459 3463 2584 3527 post
2617 3456 2731 3510 bane
2765 3465 3033 3527 praecepta
3062 3456 3577 3527 institutionesque,

1993 3549 2048 3606 in
2097 3550 2198 3606 has
2248 3551 2554 3607 sententias
2601 3549 2894 3620 diligenter
2930 3550 3264 3621 intueberis,
3314 3567 3454 3624 quas
3510 3566 3581 3618 ex

1996 3643 2186 3699 multis
2214 3655 2266 3699 et
2298 3643 2543 3715 antiquis
2585 3641 2654 3698 de
2694 3659 2754 3699 re
2788 3644 3013 3700 militari
3047 3645 3205 3701 libris
3237 3644 3585 3718 collegimus,

1996 3747 2050 3794 et
2106 3737 2195 3794 hic
2221 3737 2712 3794 brevitatis-causa
2748 3738 3148 3795 eolloeavimus
3178 3755 3195 3791 :
3228 3755 3293 3795 ex
3333 3742 3398 3797 iis
3431 3743 3583 3797 enim

2001 3832 2067 3886 ad
2105 3831 2371 3903 majorem
2416 3830 2492 3886 rei
2528 3831 2783 3886 militaris
2816 3831 3103 3887 scientiam
3158 3833 3445 3903 pervenire
3485 3850 3582 3904 po-

1997 3926 2132 3981 teris
2167 3945 2181 3982 :
2212 3925 2674 3996 quemadmodum
2728 3927 2948 3998 sapiens
2997 3943 3089 3982 rex
3148 3925 3579 3987 Proverbiorum

1995 4020 2521 4076 conﬁcientissimus
2569 4018 2702 4075 dicit
2731 4036 2749 4073 :
2781 4021 2910 4076 Ilaec
2945 4019 3116 4086 enim,
3145 4021 3189 4075 si
3239 4019 3460 4093 sapiens
3497 4021 3585 4081 vir

1995 4129 2105 4170 non
2138 4113 2301 4182 adsit,
2336 4114 2724 4184 sapientiorem
2755 4124 2938 4170 tamen
2965 4127 3016 4171 te
3045 4114 3307 4171 facient‘.

2071 4298 2126 4353 2.
2171 4296 2225 4350 lu
2254 4295 2447 4367 primis
2477 4303 2660 4352 autem
2702 4294 2926 4367 aliquod
2977 4297 3255 4367 negotium
3289 4305 3584 4369 susceptu-

1997 4405 2118 4456 rus,
2154 4405 2223 4445 nc
2253 4400 2303 4444 te
2337 4391 2405 4446 ab
2449 4389 2516 4445 iis
2547 4403 2800 4462 segreges
2830 4387 2922 4458 qui
2965 4388 3203 4444 laborem
3240 4388 3473 4460 alicujus
3505 4390 3586 4447 rei

1998 4485 2354 4544 conticicnda‘
2388 4484 2726 4557 suscipiunt,
2761 4483 2858 4540 sed
2885 4491 2938 4540 et
2969 4485 3088 4555 ipse
3115 4500 3334 4557 quoque
3366 4486 3586 4542 labora-

315 4580 477 4643 αὐτὸς
499 4575 749 4646 ἀπάρχου
777 4571 888 4625 τῶν
914 4569 1172 4624 τοιούτων
1199 4569 1591 4641 ἐγχειρήσεων,
1623 4568 1718 4620 καὶ
1753 4583 1814 4619 συ
1825 4585 1887 4638 μ-

2001 4582 2110 4645 bis,
2160 4590 2214 4637 et
2241 4581 2366 4638 illos
2397 4589 2664 4652 quantum
2699 4589 2860 4651 potes
2888 4580 2943 4635 in
2971 4594 3137 4651 opere
3168 4580 3417 4636 faciendo
3455 4594 3589 4650 pro-

315 4675 468 4730 πόνει
504 4673 616 4734 τοῖῖ
648 4670 828 4740 ἔργοις
863 4666 1005 4720 κατὰ
1028 4664 1088 4718 τὸ
1117 4663 1343 4718 δυνατόν
1388 4681 1489 4726 σοι,
1517 4661 1625 4715 εἴτε
1653 4661 1897 4732 τάφρους

313 4767 596 4840 ὁρύσσεις,
627 4764 735 4818 εἴτε
783 4758 1211 4833 προσχωννύεις,
1247 4759 1302 4812 εῐ
1322 4775 1382 4812 τε
1406 4756 1748 4829 πολιορκίαις
1773 4757 1896 4808 ἐπι-

314 4864 552 4928 ϐάλλεις,
579 4862 686 4916 εἴτε
707 4859 887 4914 ὃπλων
911 4857 1297 4919 κατασκευαῖς,
1321 4853 1429 4907 εἴτε
1460 4851 1894 4924 μηχανημάτων,

315 4959 432 5015 εἴτε
481 4955 756 5030 φρουρίων
803 4950 1072 5025 ἁλώσεσι,
1110 4947 1246 5020 πρὸς
1276 4947 1378 5002 εἴτι
1423 4945 1580 5019 ἔργον
1641 4944 1898 5034 χρειῶδες

320 5051 628 5123 ἐπινοήσεις
665 5047 760 5102 καὶ
809 5042 1196 5115 κοινωφελὲςῆ
1234 5042 1408 5106 πόλει,
1458 5040 1491 5113 ἢ
1525 5038 1900 5112 στρατεύματι

320 5148 795 5224 πραχθησόμενον,
843 5145 1040 5200 τούτου
1082 5144 1270 5216 χερσὶν
1317 5142 1433 5215 (l8)
1474 5141 1631 5205 ίδίαις
1683 5139 1901 5213 πρῶτος

2008 4674 2277 4738 movebis.
2310 4674 2428 4731 sive
2462 4674 2643 4730 fossas
2675 4673 2865 4739 duces,
2902 4672 3016 4730 sive
3049 4689 3146 4732 eas
3180 4674 3377 4731 ductas
3421 4691 3588 4746 exag-

2005 4785 2185 4841 gcres,
2221 4769 2336 4825 sive
2357 4767 2703 4824 obsidionem
2725 4809 2740 4834 ,
2775 4769 2894 4825 sive
2925 4783 3206 4824 armorum
3237 4778 3588 4839 apparatum,

2005 4863 2121 4921 sive
2152 4861 2622 4918 machinationum
2668 4861 3091 4919 instructionem
3146 4861 3430 4931 adhibeas,
3470 4864 3591 4919 sive

2005 4957 2228 5013 castella
2261 4956 2525 5027 capienda
2563 4955 2664 5011 tibi
2701 4957 2828 5020 sint,
2889 4957 3004 5012 sive
3043 4956 3266 5028 aliquod
3308 4971 3450 5027 opus
3481 4972 3589 5029 pu-

1999 5051 2201 5107 blicum
2234 5061 2399 5120 atque
2424 5050 2559 5106 utile
2597 5050 3019 5123 excogitaveris,
3084 5061 3178 5106 aut
3207 5051 3261 5106 in
3287 5052 3594 5107 exercitum

2001 5153 2096 5198 aut
2123 5143 2176 5200 in
2204 5143 2481 5200 civitatem
2514 5141 2854 5210 iaciendum,
2919 5143 3019 5199 hoc
3043 5144 3280 5214 primum
3327 5144 3438 5200 tuis
3469 5158 3594 5198 ma-

322 5246 596 5317 ἀπάρχου.
642 5243 742 5297 Ἐκ
784 5241 974 5296 τούτου
1027 5239 1136 5312 γὰρ
1163 5238 1352 5309 ὥσπερ
1384 5236 1690 5308 αἰδούμενοι
1729 5235 1824 5288 καὶ
1854 5253 1880 5287 ο

2003 5238 2168 5295 nibus
2204 5237 2436 5307 incipias
2465 5255 2479 5292 :
2507 5252 2634 5292 nam
2669 5235 2750 5292 illi
2783 5238 2838 5292 in
2892 5236 3158 5310 pudorem
3200 5235 3591 5308 conjicientur,

323 5339 656 5414 στρατιῶται
697 5334 1027 5409 θερμότερόν
1083 5351 1166 5387 σοι
1213 5330 1640 5397 ὑπακούσονται,
1687 5329 1783 5383 καὶ
1844 5328 1887 5382 τί

2008 5333 2116 5389 nisi
2144 5333 2197 5389 in
2230 5349 2395 5405 opere
2422 5333 2712 5405 diligentes
2750 5333 2975 5400 iuerint,
3005 5343 3059 5390 et
3089 5333 3327 5388 alacrius
3360 5331 3458 5387 tibi
3491 5330 3588 5387 ob-

248 5478 252 5482 .
323 5434 699 5507 πραττόμενον
745 5430 1130 5503 εὐχερέστερον
1177 5427 1592 5498 τελεσθήσεται,
1628 5425 1777 5480 Εἰδὲ
1820 5443 1903 5490 τις

322 5527 416 5585 καὶ
443 5527 552 5583 τῶν
580 5523 899 5596 ἐπιτηδείων
923 5523 1118 5586 σπάνις
1153 5519 1453 5592 ἐνοχλήσει,
1490 5519 1704 5591 πρῶτος
1740 5512 1928 5584 αὐτος

400 5711 414 5738 ¹
456 5707 614 5764 Prov.
643 5724 680 5770 ι,
721 5706 786 5772 5;
815 5721 906 5773 xx,
939 5704 994 5761 5.

2011 5428 2411 5498 temperabunt,
2445 5435 2499 5482 et
2532 5429 2811 5499 negotium
2845 5435 3164 5500 susceptum
3210 5425 3428 5481 facilius
3455 5440 3590 5480 cono

2013 5519 2246 5575 lieictur.
2286 5519 2382 5577 Sin
2432 5520 2612 5590 aliqua
2661 5530 3001 5578 commeatus
3042 5519 3229 5592 inopia
3277 5517 3585 5576 exercitum

1822 5792 2054 5854 NOTAE.

395 5898 506 5972 (Π)
541 5899 598 5954 ln
628 5895 819 5954 codice
845 5897 1102 5952 Laurent.
1135 5901 1216 5953 est
1243 5909 1360 5964 cap.
1411 5895 1489 5949 l3.

2071 5890 2182 5965 (l8)
2226 5887 2463 5960 Χερσίν.
2501 5888 2880 5957 Scribebatur,
2913 5887 3084 5960 χεσίν.
