3968 6308
162 446 296 514 1017

155 652 352 718 ἔξωθεν
385 651 631 724 Θορύὸων
652 653 873 724 ἠρεμεῖ.

221 753 294 817 η’.
333 744 500 799 ’Δλλα
527 745 733 815 φήμιζε
765 747 878 808 τοῖς
905 745 1138 816 ἐχθροῖς,
1185 744 1276 798 καὶ
1308 742 1470 813 ἕτερα
1505 739 1738 813 πραττε,

156 843 249 895 καὶ
273 840 340 895 τά
363 840 490 912 περὶ
523 839 632 894 τῶν
659 840 971 909 ἀναγκαίων
1013 838 1354 911 κρύπτεσθαι
1415 837 1604 889 δέοντα
1664 835 1740 909 μὴ

159 933 374 995 πολλοῖς
402 931 680 997 ἀνατίθου,
711 933 827 987 ἀλλ’
863 932 1062 1002 ὀλίγοις
1081 934 1174 985 καὶ
1206 934 1315 994 τοῖς
1348 929 1740 1001 γνησιωτέροις

156 1043 251 1079 σου
288 1023 507 1097 μᾶλλον.
541 1024 614 1078 Τδ
639 1025 749 1096 γάρ
782 1024 954 1088 οὕτως
1015 1023 1292 1095 ἐξαπατᾷν
1333 1021 1460 1085 τοὺς
1511 1019 1740 1099 ἐχθροὺς

152 1118 450 1186 ἀναγκαῖον
480 1118 773 1190 ἀπεδείχθη
816 1118 1096 1181 πολλάκις.

225 1211 382 1282 θήΤὸ
413 1211 766 1283 βουλεύεσθαι.
792 1214 1033 1286 βραδέως
1064 1214 1157 1267 καλ⁵
1192 1211 1478 1281 ἀσφαλῶς,
1511 1208 1605 1265 καὶ
1637 1209 1738 1262 ὅσα

151 1307 296 1372 δύξει
324 1308 388 1376 τῇ
414 1305 601 1377 βουλῇ,
641 1306 718 1379 μὴ
775 1305 1179 1362 ἀναδάλλεσθαι
1218 1306 1344 1369 τοὺς
1399 1303 1624 1367 καιροὺς
1655 1301 1744 1355 διά

152 1413 276 1453 τινα
307 1404 462 1457 δκνον
489 1398 522 1468 ἦ
547 1396 769 1462 δειλίαν,
805 1395 1238 1466 ἀναγκαιότατον
1297 1397 1465 1447 ἐστιν.
1518 1392 1582 1444 'll
1634 1389 1742 1461 γὰρ

151 1497 403 1551 δειλίαού
433 1499 594 1568 μόνον
627 1493 728 1548 οὐκ
751 1492 988 1561 ἀσφαλὲς
1017 1491 1248 1562 πρᾶγμα
1279 1491 1445 1554 ἐστιν,
1477 1484 1612 1540 ἀλλά
1647 1483 1742 1538 καὶ

149 1591 255 1661 τῆς
294 1590 390 1644 τοῦ
423 1587 590 1644 καλοῦ
621 1585 992 1648 ἐναντιώσεως
1026 1583 1261 1636 ἐπίνοια.

229 1679 282 1738 ι’.
303 1681 464 1741 ,Ἷσθι
490 1681 570 1734 ὅτι
601 1679 663 1733 τὸ
693 1677 818 1752 μήτ’
850 1675 1251 1748 ἐπαίρεσθαιέν
1287 1674 1405 1736 ταῖς
1465 1667 1743 1738 εὐτυχίαις

155 1777 296 1850 μήτε
357 1776 518 1831 πάλιν
555 1772 921 1828 καταπίπτειν
951 1772 1009 1836 ἐν
1038 1772 1156 1834 ταῖς
1201 1766 1536 1837 δυστυχίαις,
1567 1764 1743 1836 ιρρω.

154 1873 322 1943 μένου
353 1868 472 1924 ἐστὶ
505 1865 770 1938 λογισμοῦ
799 1865 896 1920 καὶ
946 1863 1126 1936 ψυχῆς
1166 1862 1435 1933 ἀνδρείας,
1501 1859 1595 1913 καὶ
1644 1857 1738 1912 δυ·-

1223 443 1558 508 TACTiCA.
1585 467 1656 482 -
1685 442 2195 506 CONSTI'I‘UTIO
2237 445 2365 506 XX.

167 561 265 630 ςῶς
295 562 353 614 ἐν
405 576 560 614 νυκτι.
593 558 892 614 τελειοῦται
917 559 1100 632 βουλὴ,
1133 561 1260 614 ὅταν
1288 561 1320 628 ἠ
1347 558 1494 629 ψυχὴ
1530 557 1592 610 ἐκ
1633 556 1742 608 τῶν

1865 554 2020 619 lilur,
2061 557 2284 627 quando
2323 556 2539 613 animus
2577 555 2644 612 ab
2680 556 2828 612 omni
2867 563 3093 614 externo
3127 573 3308 615 rerum
3352 571 3441 616 tu-

3297 446 3434 514 10l8

1845 650 2018 703 multu
2050 651 2306 720 quiescit.

1912 742 1966 796 8.
2008 743 2129 796 Alia
2163 742 2406 798 inimicis
2435 744 2626 810 dicito,
2658 743 2763 798 alia
2795 745 2909 816 ipse
2939 744 3129 802 facito.
3161 747 3266 804 lles
3305 763 3437 820 gra-

1843 851 1936 892 ves
1969 843 2132 907 atque
2161 847 2404 893 secretas
2435 853 2562 892 cum
2594 839 2784 895 multis
2816 855 2884 894 ne
2915 841 3312 906 communices,
3344 842 3438 899 sed

1842 931 2068 1001 paucis,
2116 929 2296 1001 iisque
2352 931 2689 988 fidelioribus
2740 934 2937 988 amicis
2990 935 3120 989 tuis.
3168 935 3243 988 lla
3294 935 3440 990 enim

1846 1024 2030 1080 hostes
2065 1024 2340 1094 decipere,
2374 1039 2516 1095 saepe
2549 1027 2922 1083 neceSSarium
2952 1043 3074 1083 esse
3101 1027 3365 1084 diximus.

1911 1209 1967 1264 9.
2011 1209 2187 1265 Tarde
2221 1225 2285 1264 ac
2317 1210 2725 1281 circumspecte
2757 1209 3098 1278 deliberare,
3130 1221 3184 1268 et
3216 1227 3278 1267 ea
3310 1228 3432 1284 qua:

1842 1303 2142 1359 deliberata
2185 1305 2595 1376 constitutaque
2641 1315 2806 1368 sunt,
2853 1307 3030 1376 aliqua
3077 1309 3435 1364 cunctatione

1843 1405 1936 1452 aut
1965 1396 2260 1452 formidine
2287 1412 2395 1452 non
2430 1399 2680 1468 rejicere,
2707 1400 3081 1455 necessarium
3113 1401 3439 1474 cumprimis

1842 1499 1925 1547 est
1961 1511 1972 1544 :
2015 1491 2179 1546 timor
2212 1491 2357 1547 enim
2403 1508 2510 1546 non
2551 1494 2729 1548 solum
2773 1501 2885 1546 tnta
2924 1509 3011 1548 res
3053 1510 3160 1549 non
3204 1504 3309 1561 est,
3338 1496 3433 1551 sed

1842 1586 2005 1644 etiam
2039 1587 2204 1642 rebus
2235 1587 2394 1642 bonis
2425 1587 2664 1643 inventis
2694 1587 3086 1643 adversissima
3116 1598 3223 1646 est.

1915 1679 2002 1736 lO.
2044 1679 2233 1752 Neque
2275 1680 2438 1736 rebus
2482 1682 2759 1752 prosperis
2815 1681 2997 1737 efferri
3045 1699 3146 1738 nec
3195 1681 3442 1740 adversis

1843 1771 2026 1845 dejici,
2054 1772 2193 1827 firmi
2222 1775 2388 1829 animi
2417 1774 2836 1847 constantisque
2861 1783 2963 1839 est,
2993 1776 3087 1846 qui
3116 1777 3290 1846 possit
3321 1784 3442 1832 tu-to

1850 1866 1916 1920 ad
1960 1881 2178 1922 omnem
2224 1883 2406 1924 rerum
2455 1878 2710 1924 eventum
2753 1869 3044 1924 consilium
3089 1886 3156 1926 ex
3203 1879 3443 1942 tempore

151 1934 395 2036 ναμὲνης
416 1934 679 2031 ἀσφαλῶς
699 1962 755 2018 ἐν
813 1961 928 2024 τοῖς
973 1934 1290 2026 ἀναγκαίοις
1337 1955 1568 2009 πάντοτε
1608 1953 1749 2025 πρά·
1774 1934 1822 1996 Β
1851 1975 2069 2032 capere,

151 2074 362 2130 γμασιν
394 2053 733 2110 ἐπιϐάλλειν.

227 2149 317 2206 ια’.
357 2151 472 2204 Οὐκ
501 2148 804 2219 ἀναγκαῖον
853 2147 1022 2212 ἐστιν,
1077 2147 1151 2209 ὡς
1205 2147 1237 2217 ἡ
1285 2149 1451 2215 πεῖρα
1484 2143 1743 2208 δείκνυσι,

148 2243 218 2299 τὸ
249 2245 370 2307 ταῖς
404 2243 597 2306 αὐταῖς
621 2241 971 2312 ἐγχειρήσεσι
1022 2238 1162 2293 κατὰ
1197 2238 1305 2292 τῶν
1354 2237 1566 2309 ἐχθρῶν
1622 2252 1748 2288 συν-

166 2337 310 2408 εχῶς
341 2335 669 2408 κεχρῆσθαι,
693 2335 800 2390 κᾶν
827 2333 1084 2398 πολλάκις
1115 2333 1273 2405 δόξῃς
1303 2333 1360 2385 ἐν
1377 2334 1566 2396 αὑταῖς
1591 2331 1747 2384 εὐτυ-

151 2431 289 2504 χεῖν.
336 2430 439 2482 Διά
482 2428 594 2498 γὰρ
650 2427 750 2497 τῆς
812 2425 1098 2497 συνεχείας
1149 2424 1646 2497 προσεπινοοῦντες
1697 2426 1749 2479 οί

155 2521 340 2594 ἐχθροὶ
366 2521 436 2574 τὰ
459 2519 695 2584 ἐναντία,
730 2520 822 2572 καὶ
844 2519 1223 2583 κανονίζοντες
1283 2521 1568 2592 συμφορὰς
1613 2521 1748 2574 πολ-

152 2613 311 2678 λὰκις
353 2613 696 2685 προσάγουσι
745 2614 864 2676 ταῖς
896 2611 1171 2675 τοιαύταις
1213 2612 1334 2667 κατ’
1392 2613 1573 2668 αὐτῶν
1628 2615 1748 2670 ἐπι-

156 2707 360 2771 ϐολαῖς.

225 2799 316 2872 ιβ’.
343 2801 421 2856 Τὸ
443 2801 532 2858 διά
567 2801 761 2875 βουλῆς
793 2801 996 2874 μᾶλλον
1030 2801 1122 2856 καὶ
1155 2802 1494 2874 στρατηγίας
1517 2804 1746 2875 κρατεῖν

152 2895 263 2950 τῶν
295 2895 537 2967 ἐχθρῶν,
569 2895 811 2965 ἀσφαλὲς
842 2895 966 2965 ἐμοὶ
985 2890 1135 2949 δοκεῖ
1158 2898 1252 2950 καὶ
1291 2895 1586 2968 ὠφέλιμον,
1622 2896 1655 2968 ἢ
1687 2896 1748 2950 τὸ

153 2991 298 3062 χειρὶ
320 2989 610 3062 βιάζεσθαι
649 2989 744 3043 καὶ
793 2987 1046 3059 δυνάμει,
1109 2989 1201 3042 καὶ
1252 2990 1391 3060 πρὸς
1445 2989 1544 3051 τὰς
1603 2988 1748 3043 κατά

154 3085 454 3156 πρόσωπον
488 3085 670 3156 μάχας
703 3081 1170 3138 ἀποκινδυνεύειν.
1203 3082 1278 3136 Τὸ
1313 3083 1413 3154 μὲν
1455 3082 1564 3152 γὰρ
1625 3080 1746 3154 μεθ’

153 3177 404 3232 ἑκουσίου
425 3179 652 3249 γνώμης
682 3177 916 3247 γίνεται,
948 3177 1044 3231 καὶ
1073 3177 1147 3241 ὡς
1168 3177 1234 3232 ἂν
1263 3179 1290 3231 ὁ
1327 3175 1652 3249 προσϐαλὼν
1679 3177 1741 3231 τὸ

155 3273 439 3345 συμφέρον
470 3271 714 3343 γινώσκῃ
790 3274 849 3324 τὸ
865 3270 919 3325 δέ
943 3269 1083 3342 μετά
1111 3287 1254 3334 τινος
1286 3268 1492 3341 ζημίας
1525 3270 1745 3334 πάντως
1773 3299 1817 3357 C

155 3362 299 3436 ἐχειν
331 3365 436 3437 τὴν
473 3365 697 3419 ἔκϐασιν
734 3364 879 3435 (19).

226 3466 318 3530 ιγ’.
355 3458 838 3532 Ὑπερτίθεσθαιῆ
881 3457 1282 3512 ἀναϐάλλεσθαι
1333 3459 1472 3529 πρὶς
1519 3456 1588 3511 τὰ
1646 3475 1749 3530 φη.

160 3554 429 3628 μιξδμενα
464 3553 611 3607 κακὰ
643 3552 891 3624 ἢδολερά
952 3553 1044 3606 καὶ
1095 3551 1377 3620 ἐπίϐουλα,
1415 3551 1476 3604 οὐ
1508 3551 1740 3616 δίκαιον,

155 3649 274 3702 οὺδέ
296 3649 533 3719 πρέπον,
561 3646 681 3698 ούδέ
721 3647 1081 3714 καταφρονεῖν
1138 3645 1320 3699 αὐτῶν
1365 3644 1468 3698 κάν
1499 3661 1557 3698 τε
1616 3644 1748 3714 περὶ

155 3742 262 3796 τῶν
313 3740 529 3813 ἐχθρῶν
567 3740 856 3809 λέγωνται,
919 3741 1020 3792 κᾶν
1065 3756 1124 3792 τε
1175 3740 1304 3811 περὶ
1343 3738 1510 3794 ἰδίων.
1586 3737 1748 3792 Ἀλλά

158 3836 359 3906 μᾶλλον
393 3833 721 3897 σπουδάζειν
751 3850 810 3885 σε
859 3833 986 3902 χρὴ,
1020 3825 1064 3885 ὦ
1101 3833 1400 3904 στρατηγέ,
1436 3831 1746 3902 μεθοδεύειν

154 3931 248 3985 καὶ
269 3927 616 3984 καταπαύειν
645 3927 786 3981 αὐτὰ
811 3927 940 3996 πρὶν
984 3927 1064 3990 εἰς
1130 3927 1290 3995 ἔργον
1340 3923 1569 3979 ἔλθωσιν
1608 3942 1622 3956 °
1655 3925 1745 3979 ὅτε

156 4025 298 4094 τάχα
325 4023 447 4077 ούδέ
480 4020 834 4075 ἀναστέλλειν
863 4018 1038 4072 ταῦτα
1067 4019 1317 4075 δύνασαι.

229 4115 309 4172 ιδ’.
343 4115 572 4184 Ποιήσει
609 4114 809 4183 θάρσος
870 4117 984 4176 τοῖς
1044 4111 1405 4182 στρατιώταις
1465 4113 1522 4164 ἐν
1569 4111 1744 4182 καιρῷ

154 4206 395 4279 πολέμου
457 4203 687 4274 ἀγγελία
737 4203 1030 4276 ἐρχομένη,
1089 4202 1172 4256 ὅτι
1219 4201 1514 4264 Ἐνᾶλλοις
1558 4203 1743 4266 τόποις

153 4299 280 4363 τοὺς
311 4298 610 4368 πολεμίους
631 4297 1018 4366 νενικήκαμεν.
1041 4295 1232 4358 Οὕτως
1255 4294 1472 4365 γὰρκαὶ
1496 4295 1562 4347 τὰ
1587 4293 1738 4348 δειλὰ

155 4392 484 4464 φρονήματα
506 4390 978 4461 διαναστήσονται,
1012 4388 1106 4442 καὶ
1157 4387 1228 4440 τά
1281 4388 1502 4457 ἀνδρεῖα
1541 4387 1742 4458 μᾶλλον

156 4483 546 4557 θαρσήσουσιν,
583 4481 787 4551 ἀγαθὸν
839 4480 1109 4552 σύμϐολον
1140 4478 1200 4533 τὺ
1245 4479 1344 4552 τῆς
1376 4479 1533 4549 νίκης
1572 4478 1743 4551 ὄνομα

155 4579 252 4632 καὶ
282 4579 381 4652 τὴν
407 4577 611 4650 πρᾶξιν
644 4575 720 4640 ὡς
753 4577 816 4630 ἐκ
844 4573 981 4628 Θεοῦ
1016 4573 1322 4645 δεξάμενοι.

227 4668 310 4726 ιε’.
348 4672 678 4741 ’Λπατήσεις
714 4669 914 4740 μᾶλλον
962 4668 1087 4733 τοὺς
1134 4667 1454 4739 πολεμίους,
1503 4667 1598 4721 ἐὰν
1651 4666 1738 4720 διὰ
1773 4659 1816 4714 ι)

155 4765 491 4836 προσῳύγων
519 4765 625 4816 ἀπὸ
655 4763 748 4817 σοῦ
782 4763 918 4834 πρὸς
957 4763 1155 4825 αὐτοὺς
1221 4761 1438 4816 ἐναντία
1493 4762 1740 4833 φημίσῃς

157 4849 233 4910 ὢν
261 4859 324 4909 σὺ
368 4855 597 4928 βουλεύῃ
620 4855 844 4926 ποιῆσαι
875 4855 1022 4909 κατά
1074 4854 1184 4907 τῶν
1235 4853 1447 4926 ἐχθρῶν
1478 4871 1494 4887 ο
1549 4854 1581 4925 ἢ
1633 4855 1740 4924 γὰρ

159 4949 569 5020 ἀπιστήσαντες
601 4949 995 5021 ἀμελήσουσιν,
1024 4947 1056 5019 ἢ
1093 4945 1483 5010 πιστεύσαντες
1512 4947 1742 5018 ἀστοχήο

159 5059 362 5094 σουσιν.
401 5043 510 5095 Καὶ
544 5042 612 5095 τὰ
640 5041 738 5113 μὲν
781 5040 852 5094 σὰ
906 5039 1252 5112 βουλεύματα
1299 5038 1736 5110 τελεσθήσονται,

159 5133 223 5185 τὰ
249 5135 304 5186 δέ
329 5134 553 5188 ἐκείνων
582 5135 846 5205 ἄπρακτα
867 5134 1256 5206 ἀποϐήσονται.

232 5222 326 5288 ις’.
355 5225 428 5276 Τὸ
480 5224 748 5295 κρύπτειν
805 5226 876 5278 τὰ
914 5225 1370 5296 ἀπαγγελλόμενα
1409 5226 1740 5297 ἀτυχήματα

158 5315 256 5369 ὅσα
287 5317 610 5386 συμϐαίνειν
637 5317 850 5384 εἴωθεν,
885 5317 959 5383 ὡς
997 5319 1164 5383 εἰκὸς,
1201 5321 1259 5372 ἐν
1281 5318 1476 5390 πλήθει
1503 5317 1736 5387 στρατοῦ

161 5411 252 5463 καὶ
291 5411 356 5462 τὰ
394 5411 614 5465 ἐναντία
649 5411 758 5466 τῶν
794 5411 1015 5483 ἀληθῶν
1048 5414 1226 5468 ποιεῖν
1264 5413 1731 5481 ἀπαγγέλλεσθαι,

162 5504 523 5575 στρατήγημά
548 5507 695 5559 ἐστιν
717 5505 907 5577 ἀνδρὸς
924 5505 1214 5577 ἔμφρονος,
1245 5507 1340 5560 και
1364 5507 1587 5576 ἀνιστᾷν
1612 5523 1737 5577 φρο·

162 5600 373 5666 νήματα
409 5599 756 5670 στρατιωτῶν
787 5600 1201 5654 καταπίπτοντα
1231 5600 1551 5670 δυναμένου.

230 5688 314 5755 ιζ’.
359 5691 580 5766 Ῥώμην
608 5694 850 5767 ἐντίθησι
884 5696 1193 5768 στρατηγὸς
1229 5693 1517 5766 ἡττηθέντι
1572 5711 1735 5766 στρα-

1930 2145 2020 2201 ll.
2058 2144 2256 2200 iisdem
2302 2145 2751 2216 aggressionibus
2796 2145 2984 2202 hostes
3027 2160 3243 2216 semper
3285 2146 3442 2200 inva-

1850 2238 2002 2306 dere,
2028 2252 2344 2309 quanquam
2374 2239 2484 2292 illis
2513 2253 2892 2309 saepenumero
2924 2237 3158 2296 feliciter
3177 2255 3310 2295 usus
3339 2239 3437 2304 sis,

1851 2331 1982 2387 utile
2015 2346 2121 2385 non
2152 2338 2236 2387 est
2271 2349 2285 2385 :
2318 2330 2505 2386 hostes
2537 2329 2685 2387 enim
2720 2345 2843 2386 cum
2878 2339 2931 2386 te
2965 2330 3187 2388 assidue
3221 2333 3298 2386 uti
3336 2332 3435 2387 iis-

1849 2423 1972 2478 dem
2000 2422 2207 2488 vident,
2239 2421 2447 2494 aliquid
2479 2423 2768 2479 adversum
2804 2424 3098 2480 molientur
3126 2432 3180 2479 et
3211 2427 3435 2494 excogi-

1850 2516 2064 2581 tabunt,
2099 2525 2150 2572 ct
2179 2516 2454 2588 permulta
2483 2515 2682 2571 damna
2714 2515 2952 2571 inferent
2984 2503 3080 2571 tibi
3115 2520 3311 2573 utenti.

1925 2780 2014 2835 ιε.
2044 2778 2292 2836 Consilio
2318 2789 2370 2836 et
2401 2781 2693 2853 prudentia
2727 2782 3080 2854 imperatoria
3122 2783 3310 2842 hostes
3343 2801 3437 2842 su-

1848 2885 2043 2942 perare
2074 2871 2277 2941 potius,
2303 2887 2469 2942 quam
2503 2888 2666 2928 manu
2699 2883 2754 2930 et
2787 2874 2836 2928 vi
2867 2881 2919 2930 et
2953 2889 3132 2945 pugna
3160 2887 3438 2942 conserta,

1851 2971 2027 3019 tutum
2079 2965 2211 3020 mihi
2253 2966 2472 3021 videtur
2519 2981 2643 3023 esse
2685 2975 2739 3022 et
2789 2967 2942 3022 utile.
2992 2966 3129 3022 Illud
3178 2969 3321 3024 enim
3370 2987 3435 3024 ex

1849 3057 2019 3112 animi
2051 3058 2342 3125 sententia,
2364 3065 2418 3114 et
2445 3057 2904 3129 quemadmodum
2931 3060 3196 3130 optimum
3220 3061 3438 3132 judica-

1851 3151 2019 3216 veris,
2057 3152 2327 3222 procedit,
2365 3152 2468 3208 hoc
2509 3163 2690 3209 autem
2727 3167 2944 3227 semper
2977 3156 3162 3226 aliqua
3200 3171 3323 3212 cum
3358 3157 3441 3212 of-

1851 3243 2102 3301 fensione
2130 3244 2257 3301 belli
2285 3245 2494 3302 exitum
2526 3246 2712 3303 habet.

1923 3456 2014 3511 15.
2056 3453 2305 3525 “ejicere
2341 3452 2544 3508 bellum
2584 3461 2681 3508 aut
2711 3451 2963 3520 differre,
3001 3451 3261 3524 quoniam
3300 3451 3441 3506 fama

1852 3549 2034 3621 aliqua
2070 3549 2202 3603 mali
2232 3557 2326 3602 aut
2354 3547 2463 3603 doli
2497 3555 2592 3602 aut
2623 3546 2947 3602 insidiarum
2983 3545 3316 3616 percrebuit,
3347 3562 3437 3602 ne-

1849 3659 1956 3717 que
1979 3644 2188 3715 justum
2220 3657 2399 3714 neque
2425 3642 2686 3698 decorum
2714 3647 2800 3696 est
2827 3657 2840 3695 :
2868 3655 3043 3710 neque
3073 3647 3266 3695 contra
3296 3639 3440 3695 fama

1850 3740 1966 3795 haec
1994 3737 2219 3794 omnino
2247 3735 2651 3792 contemnenda
2677 3743 2782 3801 est,
2811 3737 2929 3791 sive
2958 3735 3023 3791 de
3051 3735 3302 3792 hostibus
3329 3735 3443 3791 sive

1848 3835 1917 3892 de
1953 3836 2162 3892 nostris
2196 3839 2678 3898 commemoretur,
2716 3829 2812 3887 sed
2847 3830 3138 3886 adversum
3173 3831 3287 3887 haec
3318 3846 3442 3886 om-

1847 3929 1937 3984 nia
1968 3928 2152 3998 potius
2183 3923 2391 3997 aliquid
2424 3922 2760 3980 moliendum
2793 3921 3306 3994 conficiendumque
3333 3932 3440 3992 est,

1847 4021 2169 4092 priusquam
2197 4034 2260 4073 ea
2295 4017 2349 4072 in
2386 4033 2525 4089 opus
2559 4016 2784 4088 aliquod
2816 4024 3034 4071 exeant.

1919 4115 2006 4169 H.
2039 4113 2316 4168 Animabit
2341 4111 2550 4168 milites
2577 4125 2933 4182 magnopere,
2960 4111 3006 4165 si
3035 4109 3160 4165 belli
3192 4118 3440 4179 tempore

1847 4211 1937 4267 hic
1979 4225 2170 4265 rumor
2203 4208 2516 4274 differatur,
2553 4209 2740 4266 hosms
2777 4208 2829 4262 in
2864 4208 2987 4264 aliis
3022 4207 3180 4264 lociis
3216 4224 3244 4262 a
3281 4209 3440 4264 nobis

1844 4305 2022 4358 victos
2057 4317 2180 4358 esse
2217 4320 2230 4356 :
2268 4301 2342 4355 ita
2377 4301 2522 4356 enim
2566 4301 2654 4356 fiet
2694 4310 2753 4355 ut
2797 4300 3000 4355 timida:
3035 4309 3246 4356 mentes
3284 4300 3438 4355 exci-

1845 4403 2054 4460 tentur,
2094 4405 2148 4448 et
2198 4391 2364 4447 fortes
2414 4392 2590 4462 magis
2632 4403 2993 4447 exacuantur.
3036 4391 3245 4443 Bonum
3292 4391 3437 4444 enim

1844 4503 2006 4543 omen
2042 4497 2126 4544 est
2155 4484 2400 4542 victoria:
2429 4499 2649 4550 nomen,
2677 4494 2728 4539 et
2763 4483 3080 4540 felicitatem
3114 4481 3236 4552 ejus
3269 4497 3298 4535 ει
3329 4483 3440 4538 Deo

1845 4580 2116 4652 capimus.

1918 4674 2004 4728 15.
2052 4671 2250 4728 Hostes
2293 4669 2558 4742 decipies,
2601 4669 2644 4725 si
2696 4684 2792 4740 per
2831 4667 3094 4738 profugos
3135 4674 3260 4721 tuos
3301 4680 3439 4719 con-

1847 4765 2018 4820 traria
2063 4763 2130 4819 iis
2175 4779 2297 4836 qua:
2344 4764 2592 4818 facturus
2639 4779 2722 4827 es,
2767 4770 2861 4815 aut
2913 4760 3186 4815 deliberas
3233 4759 3436 4824 facere,

1848 4855 2162 4912 narraveris
2203 4873 2216 4910 :
2255 4856 2299 4910 si
2343 4855 2491 4910 enim
2539 4869 2646 4909 non
2691 4852 2940 4919 credant,
2984 4852 3260 4922 negligent
3298 4867 3310 4902 :
3350 4850 3434 4905 sin

1847 4950 2109 5016 credant,
2145 4950 2214 5004 ab
2247 4964 2312 5006 eo
2347 4957 2529 5003 tamen
2565 4948 2710 5020 quod
2748 4956 2805 5001 tu
2842 4946 3171 5017 proposuisti
3209 4945 3434 5000 aberra-

1845 5045 2002 5110 bunt,
2034 5052 2088 5099 et
2118 5041 2349 5098 consilia
2380 5056 2501 5112 qua:
2530 5048 2588 5094 tn
2621 5041 2934 5110 susceperis
2965 5037 3272 5109 proficient,
3310 5037 3432 5092 illo-

1842 5154 1965 5193 rum
1999 5147 2180 5192 autem
2213 5143 2448 5190 conatus
2479 5134 2626 5190 irriti
2657 5145 2843 5190 erunt.

1913 5230 1998 5284 lb’.
2035 5227 2362 5295 lnfortunia,
2390 5235 2446 5282 et
2477 5227 2522 5282 si
2553 5242 2674 5297 qua:
2702 5227 2806 5281 alia
2843 5223 3158 5295 huiusmodi
3189 5223 3243 5277 in
3276 5237 3435 5277 excr-

1837 5323 1949 5378 citu
2000 5320 2282 5385 accidunt,
2331 5320 2633 5385 occultare,
2683 5328 2737 5374 ct
2785 5333 2905 5388 qua:
2952 5315 3099 5372 veris
3148 5315 3429 5370 contraria

1837 5424 1967 5472 sunt
2019 5414 2288 5468 militibus
2338 5413 2659 5484 divulgare,
2712 5410 2930 5466 consilii
2988 5409 3326 5480 imperatorii
3378 5415 3434 5463 et

1841 5507 2132 5580 prudentis
2160 5507 2264 5562 viri
2294 5515 2398 5574 est,
2431 5507 2524 5578 qui
2556 5505 2799 5578 deiectos
2830 5505 3064 5560 militum
3099 5503 3314 5558 animos
3341 5517 3432 5556 su-

1847 5603 2065 5657 blevare
2095 5599 2293 5671 possit.

1917 5695 2006 5749 i7.
2047 5692 2326 5750 Exercitui
2353 5693 2464 5765 jam
2493 5704 2757 5767 superato
2783 5693 2952 5752 robur
2980 5693 3172 5751 afferre
3196 5691 3426 5765 poteris,

1674 5873 1908 5931 NOTAE}.

228 5969 338 6042 (l9)
368 5970 754 6047 Paragraphus
785 5973 1145 6032 duodecimus
1199 5975 1254 6032 in
1279 5974 1472 6032 codice
1499 5973 1873 6033 Laurentiano
1905 5976 2075 6033 anteit
2104 5973 2480 6033 undecimum.
