4036 6300
519 389 664 461 Ῑθίθ

1718 389 1998 453 LEONIS
2033 388 2497 453 PHILOSOPHI

3679 373 3808 449 1090

519 507 570 565 si
601 499 771 561 variis
798 498 1016 571 modis,
1050 517 1149 576 spe
1181 502 1359 571 bona,
1394 510 1511 559 tum
1547 518 1605 560 re
1639 514 1754 561 tum
1784 505 1954 560 verbo
1984 504 2112 560 illos

2227 504 2316 577 τῷ,
2338 504 2435 560 ἐὰν
2463 502 2729 569 ποικίλοις
2758 502 2982 577 τρόποις
3010 502 3105 559 καὶ
3130 501 3345 559 ἐλπίσιν
3374 501 3616 571 ἀγαθαῖς
3643 499 3733 555 διά
3752 516 3810 554 τε

519 605 827 670 pertractes
861 616 876 653 :
915 599 1254 669 exprobrare
1286 598 1432 654 enim
1465 613 1518 655 et
1547 599 1903 656 vehementer
1934 600 2118 655 insul-

518 701 639 746 tare
668 691 736 746 iis
764 690 859 762 qui
886 690 998 763 jam
1030 690 1390 747 oﬂcnsionem
1420 701 1780 763 acceperunt,
1806 694 2120 750 animorum

517 784 958 840 debilitationem
986 783 1543 857 desperationemque
1567 787 1746 851 aii‘ert,
1774 803 1898 858 quas
1925 789 1981 844 in
2010 789 2122 861 pri-

519 877 626 932 mis
660 877 789 931 mihi
822 877 1197 948 periculosum
1231 878 1569 950 noxiumque
1596 896 1721 936 esse
1747 880 1989 940 videtur.

594 967 683 1024 i8.
719 968 955 1036 Quando
982 970 1106 1025 belli
1135 979 1385 1043 tempore
1409 988 1438 1027 a
1464 972 1732 1029 militibus
1759 973 1967 1044 aliquid
1998 990 2123 1047 pec-

518 1070 701 1129 catur,
732 1064 1199 1121 dissimulandum
1234 1066 1301 1121 ad
1334 1075 1554 1138 tempus
1585 1076 1639 1123 et
1670 1070 1965 1139 tegendum
1996 1080 2116 1139 est;

520 1167 647 1225 post
675 1158 800 1214 belli
825 1160 1033 1214 exitum
1060 1168 1318 1215 auctores
1346 1160 1685 1217 seditionum
1712 1164 1761 1219 si
1788 1178 2116 1236 cognoscas,

520 1264 685 1321 poena
719 1251 843 1307 illos
869 1252 1020 1323 justa
1055 1250 1283 1308 amt-ins.

597 1431 685 1486 l9.
732 1429 964 1487 Militum
1006 1429 1224 1501 ignavia
1283 1434 1710 1507 dissimulanda,
1767 1454 1878 1495 non
1919 1456 2120 1511 expro-

523 1525 734 1582 branda
763 1535 871 1595 est,
910 1542 978 1583 ne
1010 1532 1180 1589 animi
1210 1528 1436 1585 illorum
1462 1534 1758 1588 concidant
1794 1535 2114 1605 admodum,

518 1635 588 1676 ac
618 1622 867 1693 quotidie
902 1625 1078 1697 magis
1110 1628 1399 1700 magisque
1433 1625 1826 1685 debilitentur.

592 1801 684 1857 20.
724 1802 975 1874 Magnam
1012 1790 1179 1861 animi
1213 1806 1686 1878 perturbationem
1722 1810 1975 1870 hostibus
2004 1815 2114 1873 tuis

2226 597 2400 667 λόγων
2428 600 2521 652 καὶ
2551 598 2619 651 δι’
2651 598 2829 670 έργων
2864 597 3163 672 μεθοδεύσῃ
3187 596 3390 662 αύτούς
3409 613 3426 630 ’
3459 596 3522 650 τὸ
3546 596 3664 667 γὰρ
3686 612 3809 648 κατ-

2230 692 2518 757 ιονειδίζειν
2548 692 2644 746 καὶ
2673 694 2985 749 ἐπικεῖσθαι
3033 693 3139 749 τῶν
3172 694 3505 765 ἡττωμένων
3547 690 3633 763 τῷ
3684 691 3810 761 «9.13-

2225 787 2329 853 θει,
2363 788 2455 843 καὶ
2477 788 2565 841 διὰ
2599 788 2803 843 τούτων
2834 790 2914 853 είς
2958 790 3218 844 ἀπόνοιαν
3236 789 3435 851 αὐτοὺς
3460 788 3644 857 ἄγειν,
3682 802 3810 856 σιρα-

2223 880 2383 954 λερόν
2418 901 2507 954 μοι
2534 883 2683 937 δοκεῖ
2712 882 2805 938 καὶ
2832 886 2952 939 λίαν
2987 884 3305 948 ἐπιϐλαϐές.

2296 980 2387 1046 ιη’.
2420 976 2586 1030 Ὅταν
2614 976 2673 1029 ἐν
2701 975 2881 1047 καιρῷ
2925 975 3165 1048 πολέμου
3212 977 3363 1048 παρὰ
3397 975 3508 1029 τῶν
3544 990 3809 1042 στρατιω-

2221 1070 2330 1123 τῶν
2380 1069 2754 1143 ἁμαρτήματα
2792 1073 3076 1140 γίνωνται,
3115 1070 3235 1125 δέον
3284 1069 3711 1143 προσποιεῖσθαί
3757 1082 3807 1121 σε

2221 1162 2445 1232 ἄγνοιαν
2471 1164 2671 1230 αὐτῶν,
2694 1165 2789 1219 καὶ
2810 1164 2945 1227 τέως
2980 1164 3122 1220 αὺτά
3146 1166 3421 1237 παρορᾷν.
3444 1162 3610 1219 ’Μετά
3643 1162 3701 1216 δὲ
3725 1160 3810 1214 τὸν

2223 1257 2414 1330 καιρὸν
2446 1259 2543 1329 τῆς
2590 1258 2684 1312 τοῦ
2743 1258 2984 1332 πολέμου
3022 1260 3233 1323 λύσεως
3268 1259 3398 1323 τοὺς
3451 1258 3670 1322 αἰτίους
3708 1256 3809 1311 τῶν

2224 1353 2471 1408 στάσεων
2499 1354 2575 1417 ὡς
2603 1354 2669 1408 ἂν
2717 1356 3102 1428 συγγινώσκῃς
3133 1354 3193 1409 τὸ
3246 1354 3455 1408 δίκαιον
3485 1354 3806 1424 ὑπεξέρχου.

2291 1446 2377 1503 ιθ’.
2408 1447 2818 1517 Συγκαλύπτειν
2873 1465 2957 1501 σοι
3019 1448 3290 1521 προσήκει
3327 1447 3426 1510 τὰς
3460 1448 3674 1509 δειλίας
3704 1446 3808 1500 τῶν

2222 1542 2595 1614 στρατιωτῶν,
2656 1544 2749 1597 καὶ
2803 1543 2878 1615 μὴ
2927 1545 3235 1615 προχείρως
3292 1541 3562 1614 ἐλέγχειν,
3620 1541 3803 1612 ἵναμὴ

2220 1637 2539 1710 καταπίπτῃ
2588 1639 2656 1693 τὰ
2708 1640 3037 1711 φρονήματα
3094 1638 3275 1694 αὐτῶν
3335 1636 3664 1701 παντελῶς,
3721 1636 3806 1689 καὶ

2217 1732 2595 1805 ταπεινότεροι
2620 1734 2829 1788 ἑαυτῶν
2858 1734 3277 1806 ἀπδειχθῶσιν.

2287 1824 2359 1881 κ’.
2387 1827 2838 1893 Κατασκευάσεις
2883 1828 3124 1900 ἀθυμίαν
3180 1829 3294 1891 τοῖς
3341 1824 3651 1894 πολεμίοις,
3690 1823 3810 1878 ὅταν

520 1895 767 1967 injicies,
794 1897 839 1954 si
871 1909 993 1966 post
1034 1898 1237 1954 bellum
1270 1900 1363 1957 ubi
1418 1903 1865 1960 commodissime
1903 1910 2111 1976 poteris

2227 1923 2273 1976 ἓν
2326 1921 2505 1993 καιρῷ
2550 1923 2691 1993 μετά
2734 1923 2827 1977 τὸν
2902 1895 3144 1994 πόλεμον
3193 1923 3417 1992 ποιῆσαι
3445 1920 3688 1990 δυνηθῇς
3720 1917 3810 1988 τὴν

522 1997 651 2046 tuos
700 1991 754 2044 in
823 1991 1013 2062 praelio
1061 1993 1323 2051 cadentes
1379 1998 1821 2067 congregaveris,
1873 1999 2113 2058 hostium

521 2082 791 2141 cadavera
850 2087 1127 2160 insepulta
1185 2089 1374 2159 jacere
1437 2093 1742 2162 permittas,
1800 2109 1865 2150 ac
1921 2110 2117 2152 secure

521 2179 723 2234 iterum
754 2179 1033 2248 discedas,
1064 2182 1109 2238 si
1142 2186 1536 2255 Opportunitas
1560 2187 1685 2243 tatis
1710 2188 1940 2246 incidat.

592 2268 686 2326 21.
720 2269 787 2326 Et
818 2272 873 2328 id
917 2275 1056 2330 clam
1106 2275 1294 2332 hostes
1359 2277 1542 2334 facere
1586 2283 1815 2351 poteris,
1870 2283 1919 2337 si
1963 2283 2118 2353 ignes

523 2363 732 2422 multos
756 2381 866 2422 uno
908 2368 963 2423 in
1006 2368 1129 2425 ioco
1150 2371 1499 2441 accendet-is,
1533 2382 1591 2430 et
1617 2376 1726 2431 alio
1757 2376 1813 2432 in
1848 2377 1974 2433 ioco
2002 2378 2117 2449 ipse

525 2457 892 2528 requieveris.
917 2458 1117 2518 Hostes
1152 2464 1300 2518 enim
1332 2464 1399 2519 ad
1438 2464 1596 2537 ignes
1624 2470 1890 2524 accedent
1923 2480 1978 2525 et
2017 2472 2115 2527 de-

521 2551 823 2622 cipientur,
866 2561 924 2609 tu
953 2570 1084 2611 vero
1120 2550 1266 2628 quod
1296 2558 1642 2629 proposuisti
1676 2560 1904 2620 efﬁcies.

596 2816 688 2871 22.
724 2814 795 2873 Ut
843 2818 1249 2880 dissensionem
1297 2831 1351 2880 et
1384 2826 1766 2900 suspicionem
1816 2830 1959 2887 inter
2000 2836 2117 2904 pri-

529 2909 736 2966 marios
784 2917 840 2967 et
889 2913 1186 2983 optimates
1245 2916 1375 2974 belli
1408 2917 1651 2991 injicias,
1677 2923 1901 2993 quando
1952 2940 2116 2996 agros

527 3002 773 3059 hostium
806 3007 1140 3077 popularis,
1175 3010 1394 3068 illorum
1458 3030 1623 3085 agros
1676 3032 1790 3073 non
1845 3020 2115 3087 vastabis,

530 3093 783 3165 quaedam
814 3110 944 3152 cum
996 3098 1108 3155 illis
1142 3100 1300 3171 signa
1352 3103 1614 3161 amicitiae
1648 3105 1733 3160 vel
1776 3122 1873 3178 per
1903 3107 2119 3164 litteras

525 3188 611 3243 vel
650 3187 775 3244 aliis
818 3188 998 3247 modis
1037 3193 1316 3249 ostendes.
1369 3192 1485 3251 lloe
1530 3195 1674 3251 idem
1721 3196 1890 3256 facies
1924 3199 1970 3255 si
2022 3214 2119 3269 per

524 3282 801 3352 captivos,
847 3297 989 3353 quos
1028 3284 1097 3339 ad
1141 3289 1449 3343 exercitum
1487 3304 1649 3345 suum
1682 3290 1882 3348 iterum
1919 3293 2113 3349 remit-
2144 3279 2188 3339 (ἶ

530 3373 627 3439 tis,
669 3373 885 3431 occulte
937 3375 1052 3431 illis
1076 3387 1289 3433 secreta
1325 3379 1577 3450 qumdam
1617 3383 1955 3439 narraveris.
1990 3383 2117 3441 Haec

524 3479 656 3520 vero
702 3466 748 3522 si
786 3482 935 3539 saepe
963 3469 1068 3524 abs
1106 3478 1155 3524 te
1187 3470 1345 3537 liant,
1381 3487 1701 3546 quanquam
1737 3473 1901 3533 dolus
1938 3477 2117 3534 hosti~

524 3556 632 3614 bus
654 3560 836 3614 solum
868 3570 1033 3633 atque
1058 3561 1242 3618 illusio
1269 3562 1423 3631 ﬁant,
1450 3566 1505 3621 in
1535 3568 1910 3641 suspicionem
1933 3580 2114 3629 tamen

524 3655 583 3705 et
608 3648 1009 3710 dubitationem
1046 3654 1346 3727 quamdam
1378 3658 1600 3718 illorum
1635 3661 1852 3723 incidit.

592 3918 687 3976 25.
712 3918 1055 3978 Deditionem
1087 3914 1336 3980 hostium
1367 3925 1470 3983 abs
1495 3934 1549 3984 te
1575 3928 1928 3989 obsessorum
1958 3936 2119 3994 facile

524 4012 900 4082 comparabis,
936 4014 981 4070 si
1028 4015 1250 4088 sagittis
1284 4017 1500 4078 litteras
1530 4022 1846 4093 alligaveris
1887 4045 2027 4100 quas
2058 4031 2116 4088 in

525 4104 812 4160 civitatem
862 4115 957 4161 aut
1007 4110 1372 4167 munitionem
1422 4114 1633 4185 jacies,
1686 4125 1744 4175 et
1804 4121 2113 4180 libertatem

526 4194 639 4251 illis
668 4201 1139 4273 securitatemque
1161 4206 1482 4274 promittas.
1512 4208 1625 4268 lloc
1662 4211 1805 4269 idem
1838 4216 2035 4275 feceris
2065 4219 2113 4275 si

524 4304 621 4361 per
652 4292 899 4362 captivos
926 4296 1038 4351 illis
1065 4296 1379 4355 libertatem
1407 4305 1755 4373 promiseris.

592 4384 683 4438 24.
725 4384 912 4458 Neque
958 4388 1201 4446 hostium
1256 4395 1597 4455 humanitate
1625 4441 1640 4467 ,
1686 4418 1865 4475 neque
1898 4406 2113 4466 disces-

522 4477 703 4535 sionis
727 4490 782 4535 et
818 4482 958 4554 fugae
990 4485 1349 4545 simulatione
1378 4489 1676 4564 decipiaris
1703 4495 1935 4556 :‘dolosa
1965 4504 2111 4559 enim

2219 2013 2398 2084 ταφὴν
2427 2014 2647 2084 ἀφανῶς
2674 2015 2782 2070 τῶν
2814 2015 2922 2070 ἀπὸ
2952 2015 3043 2069 τοῦ
3077 2014 3174 2069 σοῦ
3227 2014 3460 2086 στρατοῦ
3508 2012 3806 2078 πεσόντων,

2218 2106 2288 2161 τὰ
2318 2106 2378 2161 δὲ
2403 2106 2630 2180 σώματα
2656 2108 2762 2164 τῶν
2787 2108 3064 2163 πεσόντων
3099 2107 3376 2180 πολεμίων
3401 2106 3597 2180 ἐάσῃς.

2291 2287 2398 2342 κί’.
2442 2287 2767 2352 ’Ᾱκινδύνως
2828 2285 3023 2361 φεύξῃ,
3047 2287 3252 2340 εἴποτε
3290 2285 3484 2356 καιρός
3517 2302 3603 2339 σοι
3640 2282 3810 2338 τοιοῦ-

2217 2400 2309 2447 τος
2337 2382 2562 2454 γένηται
2585 2382 2713 2445 τοὺς
2744 2380 3039 2453 πολεμίους
3068 2380 3274 2448 λαθεῖν,
3324 2380 3419 2433 ἐὰν
3462 2379 3614 2451 πυρά
3647 2376 3807 2432 πολλά

2222 2474 2455 2546 ἀλλαχοῦ
2503 2473 2842 2547 ἀνακαύσῃς.
2892 2472 2987 2526 καὶ
3022 2474 3078 2526 ἐν
3121 2471 3268 2542 ἄλλῳ
3311 2470 3462 2541 τόπῳ
3504 2471 3805 2542 ήσυχάσῃς.

2222 2566 2289 2621 Οί
2318 2568 2427 2637 γὰρ
2459 2566 2707 2638 πολέμιοι
2731 2566 2825 2619 ἐπὶ
2846 2564 2915 2619 τὰ
2942 2565 3091 2637 πυρὰ
3130 2565 3484 2635 χωρήσαντες
3520 2562 3806 2633 ἀπατηθῆ-

2223 2678 2406 2716 σονται
2428 2680 2442 2692 ·
2478 2662 2573 2715 καὶ
2600 2663 2663 2716 σὺ
2690 2659 2749 2715 τδ
2778 2660 3051 2732 πρακτέον
3082 2658 3375 2725 διανύσεις,
3394 2658 3579 2721 καθώς
3613 2674 3698 2711 σοι
3724 2655 3808 2711 καὶ

2222 2754 2280 2807 ἐν
2299 2752 2479 2817 ἄλλοις
2518 2751 2858 2823 ὑπεθέμεθα.
3172 2802 3175 2803 ,

2290 2846 2396 2918 κβ’.
2430 2847 2552 2902 Ἵνα
2583 2846 2640 2901 δὲ
2664 2846 2936 2918 διχόνοιαν
2962 2846 3060 2899 καὶ
3099 2843 3359 2900 ὑπόνοιαν
3386 2844 3806 2917 κατασκευάσῃς

2223 2942 2367 2997 κατὰ
2395 2940 2506 2995 τῶν
2535 2942 2826 3011 ἐπισήμων
2846 2937 3064 3012 ἀνδρῶν
3108 2940 3168 2994 ἐν
3198 2941 3312 3005 τοῖς
3342 2939 3653 3011 πολεμίοις,
3681 2939 3807 2996 ὅταν

2223 3035 2567 3110 κατατρέχῃς
2615 3036 2716 3109 τὴν
2745 3035 3015 3108 πολεμίαν
3070 3052 3163 3089 σου
3213 3034 3421 3107 χώραν,
3458 3033 3538 3089 τὰ
3583 3034 3804 3090 ἐκείνων

2221 3132 2397 3205 χωρία
2458 3132 2534 3204 μὴ
2566 3130 2868 3205 ἐμπύριζε,
2903 3130 3040 3186 ἀλλὰ
3070 3129 3164 3184 καί
3191 3147 3312 3184 τινα
3379 3131 3587 3201 σημεῖα
3626 3128 3804 3200 φιλίας

2222 3225 2320 3296 τῆς
2349 3224 2485 3297 πρὸς
2504 3223 2700 3289 αὐτοὺς
2731 3222 2876 3295 ἢδιά
2906 3221 3273 3294 γραμμάτων,
3301 3220 3428 3295 ἥδε
3463 3220 3654 3293 ἐτέρου
3685 3220 3802 3293 τρό-

2223 3330 2324 3366 που
2365 3311 2765 3384 καταλίμπανε.
2794 3312 2868 3367 Τὸ
2914 3311 3047 3366 αὐτὸ
3079 3313 3136 3366 δέ
3177 3313 3445 3383 ποιήσεις,
3474 3313 3572 3366 καὶ
3600 3311 3697 3366 ἐὰν
3723 3311 3802 3367 διὰ

2221 3406 2331 3461 τῶν
2355 3407 2750 3478 κρατουμένων
2804 3404 2957 3478 παρὰ
3003 3405 3098 3459 σοῦ
3132 3403 3496 3477 αἰχμαλώτων
3522 3405 3803 3478 κρυφαίως

2222 3498 2407 3565 αὐτοῖς
2466 3500 2829 3576 ἐπιτηδεύσῃς
2856 3500 3162 3572 δηλοποιεῖν
3202 3500 3332 3572 περί
3363 3517 3532 3555 τινων
3561 3499 3803 3574 ἀπορρή-

2221 3610 2349 3649 των.
2399 3594 2465 3648 Εί
2528 3593 2789 3659 πολλάκις
2839 3594 2909 3649 τὰ
2965 3592 3191 3647 τοιαῦτα
3252 3592 3517 3663 γεγονότα
3568 3591 3801 3664 φανερὰν

2221 3686 2444 3759 ἀπάτην
2466 3687 2614 3741 δοκεῖ
2646 3688 2759 3751 τοῖς
2787 3684 3067 3756 πολεμίοις
3094 3684 3190 3740 καὶ
3207 3683 3357 3739 δόλον
3388 3682 3659 3755 γίνεσθαι,
3694 3682 3799 3739 ἀλλ’

2220 3777 2315 3834 οὖν
2345 3780 2426 3845 εἱς
2468 3779 2702 3851 ὑποψίαν
2728 3779 2822 3833 καὶ
2863 3777 3129 3850 διχόνοιαν
3160 3777 3259 3849 τὴν
3306 3778 3438 3849 περὶ
3464 3777 3577 3833 τῶν
3600 3776 3799 3849 ἀνδρῶν

2224 3874 2453 3929 ἐκείνων
2482 3872 2699 3936 πάντως
2733 3859 3041 3945 ἐμπέσωσι.

2293 3964 2402 4037 κγ’.
2427 3965 2643 4038 Τρόπον
2690 3962 3001 4028 εὐπειθείας
3054 3960 3320 4027 ὑποδείξω
3364 3978 3468 4029 σοι,
3509 3960 3652 4016 ὥστε
3694 3962 3798 4021 τοῖς

2223 4056 2708 4127 πολιορκουμένοις
2753 4055 2842 4113 διὰ
2868 4054 3055 4126 ,βελῶν
3111 4052 3222 4108 ἀπὸ
3248 4054 3403 4120 τόξου
3436 4055 3797 4125 πεμπομένων

2220 4150 2511 4214 ἐπιστολὰς
2574 4148 2902 4220 ἐκπέμπειν,
2930 4147 3028 4203 καὶ
3068 4146 3136 4200 δι’
3162 4146 3341 4202 αὐτῶν
3367 4147 3685 4220 ἐλευθεριαν
3711 4150 3795 4207 καὶ

2221 4241 2493 4298 ἀπάθειαν
2546 4240 2729 4309 αὑτοῖς
2772 4239 3236 4310 ἐπαγγέλλεσθαι.
3280 4239 3355 4293 Τὸ
3388 4237 3521 4292 αὐτὸ
3547 4239 3603 4293 δὲ
3628 4238 3795 4309 νποιήσ

2222 4352 2341 4401 σεις
2362 4334 2667 4407 δηλοποιῶν
2690 4333 2881 4397 αὐτοῖς
2911 4332 3006 4386 καὶ
3034 4332 3105 4389 δι’
3134 4329 3499 4403 αἰχμαλώτων
3530 4333 3790 4402 ἀφέσεως.

2291 4430 2391 4486 κδ’.
2415 4430 2553 4484 Οὔτε
2603 4431 2726 4493 ταῖς
2785 4424 3218 4498 φιλανθρωπίαις
3264 4423 3375 4480 τῶν
3416 4424 3689 4497 πολεμίων
3714 4425 3797 4489 ἐξ·

2220 4524 2533 4581 απατᾶσθαί
2595 4541 2655 4579 σε
2709 4523 2849 4590 δέον,
2908 4519 3033 4576 οὔτε
3085 4521 3180 4576 ἐὰν
3209 4537 3337 4575 ποτε
3383 4518 3791 4592 προσποιοῦνται

522 4571 767 4629 hostium
792 4586 921 4632 sunt
944 4580 1205 4645 consilia,
1233 4590 1287 4637 et
1317 4582 1384 4637 ad
1416 4600 1573 4641 suam
1604 4589 1893 4648 utilitatem
1922 4594 2111 4656 hostes

522 4667 709 4694 ...ηυξ-ι
745 4670 1058 4694 Α-Αληξιιι..ι
1128 4671 1311 4694 I.-__-A
1359 4676 1498 4694 “nn.
1606 4679 1660 4694 οι.
1890 4685 1923 4694 ..
1950 4688 1959 4694 .

2590 4571 2621 4651 ἶ
2631 4571 2849 4689 δολερὲ
2873 4614 2983 4689 γὰρ
3009 4615 3095 4671 ἀεί
3123 4615 3230 4669 τῶν
3260 4571 3470 4687 ἐχθρῶν
3489 4616 3558 4670 τὰ
3576 4612 3792 4687 ﬂeuisti-

516 4667 711 4722 omnia
742 4670 1082 4741 excogitant.
1126 4671 1315 4745 Itaque
1359 4676 1569 4735 utilitas
1606 4679 1823 4738 illorum
1866 4685 1964 4741 tibi
1990 4704 2114 4743 ma.

524 4774 647 4829 gnat
684 4758 977 4817 oliensioni
1026 4763 1178 4821 erit:
1230 4775 1287 4823 et
1322 4766 1485 4826 dolus
1538 4770 1784 4844 illorum,
1824 4793 1966 4835 noxa
2018 4789 2113 4838 tua

521 4850 657 4907 erit.

596 5067 1115 5143 25._Suspiciosum
1160 5089 1287 5134 esse
1337 5078 1499 5138 debet
1530 5082 1719 5142 hostes
1758 5104 1854 5159 per
1893 5106 1957 5147 ea
1993 5092 2114 5150 ioca

526 5160 768 5232 insequi,
788 5180 909 5233 qua:
932 5165 999 5221 ad
1025 5166 1259 5224 insidias
1284 5172 1581 5243 capiendas
1616 5189 1922 5249 Opportuna
1944 5162 2110 5241 sunt:

524 5267 700 5323 quare
730 5255 1099 5313 recedendum
1128 5261 1389 5319 celeriter
1419 5275 1526 5333 est,
1578 5278 1630 5325 et
1666 5272 1914 5330 incursio
1943 5263 2115 5349 impe-

526 5350 741 5401 tuosior
779 5347 1025 5406 facienda
1063 5362 1151 5409 est
1182 5353 1252 5409 ad
1311 5366 1528 5430 tempus
1562 5378 1577 5415 :
1628 5365 1774 5435 quod
1818 5347 2111 5427 consilium

527 5438 943 5511 imperatorium
980 5445 1323 5503 laudandum
1364 5451 1420 5506 in
1456 5455 1654 5523 primis
1684 5468 1789 5514 est.

596 5534 688 5590 26.
732 5535 1114 5609 Suspicionem
1148 5543 1363 5601 timoris
1402 5546 1567 5604 habet
1598 5555 1879 5609 cunctatio
1909 5567 1964 5611 et
1990 5559 2113 5630 pal-

526 5628 611 5683 lor
638 5644 654 5683 :
680 5628 773 5684 ubi
808 5630 976 5702 igitur
1010 5634 1146 5690 tates
1170 5637 1373 5695 videris
1402 5643 1629 5709 milites,
1670 5662 1698 5698 a
1756 5628 2113 5710 dimicatione

527 5722 697 5791 pralii
731 5723 854 5781 illos
879 5741 1186 5792 semoveas,
1219 5738 1272 5785 et
1301 5731 1367 5787 ad
1400 5751 1542 5807 opus
1585 5739 1805 5814 aliquod
1858 5760 2112 5803 necessa-

528 5816 673 5873 rium
709 5817 1019 5875 iaciendum
1051 5823 1402 5885 amandabis.

2224 4733 2369 4788 ματα
2389 4757 2405 4783 ,
2439 4714 2535 4770 καλ⁸
2565 4714 2703 4786 πρὸς
2729 4711 2790 4766 τὸ
2818 4713 3018 4766 οἰκεῖον
3065 4709 3346 4782 συμφέρον
3400 4710 3429 4764 ὁ
3458 4710 3699 4775 ἐναντίος
3728 4706 3788 4762 τὰ

2218 4808 2399 4863 πάντα
2428 4808 2655 4871 ἐπινοεῖ,
2687 4804 2828 4858 ὥστε
2857 4802 2917 4857 τὸ
2944 4801 3153 4857 ἐκείνου
3185 4803 3463 4874 συμφέρον
3484 4800 3787 4873 ἀσύμφορόν

2219 4918 2302 4956 σοι
2328 4899 2737 4972 ἀποδειχθῆναι,
2769 4898 2865 4952 καὶ
2906 4896 2997 4952 διὰ
3028 4897 3129 4967 τῆς
3178 4896 3423 4960 ἐναντίας
3466 4897 3681 4969 ἀπάτης
3702 4898 3783 4968 ἐμ-

2216 4997 2434 5067 ποιήσει
2468 5012 2551 5049 σοι
2577 4992 2805 5066 βλάὀην.

2287 5087 2389 5145 κε’.
2444 5087 2785 5161 ’Υφορᾶσθαί
2834 5104 2903 5141 σε
2961 5085 3229 5158 προσήκει
3278 5084 3379 5147 τὰς
3433 5083 3647 5151 διώξεις
3696 5081 3783 5144 τὰς

2216 5184 2458 5255 ἀγούσας
2488 5185 2567 5248 είς
2596 5182 2773 5254 χωρία
2804 5181 3084 5251 ἐπιτήδεια
3133 5177 3271 5251 πρὸς
3296 5174 3683 5249 ἐγκρύμματα.
3704 5172 3783 5229 Διὸ

2214 5282 2310 5336 καὶ
2330 5280 2391 5335 τδ
2413 5280 2721 5351 ἀναχωρεῖν
2750 5278 3023 5350 εὐκαίρως
3046 5273 3138 5327 τὸν
3170 5272 3495 5344 στρατηγὸν,
3514 5272 3609 5325 καὶ
3634 5270 3779 5325 πάλιν

2216 5375 2583 5449 σφοδροτέραν
2607 5371 2881 5428 ποιεῖσθαι
2901 5370 2999 5442 τὴν
3048 5368 3333 5423 ἐπέλευσιν
3378 5365 3523 5421 κατά
3547 5366 3658 5421 τῶν
3694 5380 3777 5420 πο-

2214 5471 2441 5543 λεμίων,
2480 5466 2717 5541 μάλιστά
2742 5467 2858 5521 ἐστι
2884 5461 3270 5537 στρατηγικὸν.

2286 5562 2402 5629 σις’.
2438 5562 2698 5617 ’Υπόνοια
2753 5559 2956 5622 δειλίας
3002 5556 3149 5611 ἐστὶν
3194 5556 3353 5620 ὄκνος
3390 5554 3484 5609 καὶ
3507 5553 3770 5629 ὠχρίασις.

2215 5658 2386 5713 Ὅταν
2419 5655 2513 5711 οὖν
2546 5653 2823 5717 τοιούτους
2846 5652 2962 5723 ἴδῃς
2990 5650 3142 5715 τινὰς
3172 5648 3282 5704 τῶν
3312 5648 3675 5721 στρατιωτῶν,
3696 5642 3775 5700 καὶ

2213 5750 2322 5823 πρὸ
2358 5749 2701 5821 ἐρωτήσεως,
2736 5744 2939 5817 χώριζε
2998 5744 3195 5809 αὐτοὺς
3236 5744 3333 5815 τῆς
3364 5743 3674 5814 ἀναγκαίας
3698 5742 3774 5809 ἔτ’

2214 5838 2515 5909 χειρήσεως
2544 5835 2638 5889 τοῦ
2660 5836 2918 5907 πολέμου,
2945 5834 3038 5889 καὶ
3065 5833 3293 5897 δεόντως
3322 5834 3506 5899 αὑτοῖς
3534 5834 3772 5909 ἐπίτρεπε

2214 5928 2281 5982 τὰ
2308 5925 2617 5999 ἁρμόζοντα
2660 5924 2921 5998 πράττειν
2948 5925 3024 5997 τῷ
3055 5925 3279 5998 τοιούτῳ
3310 5926 3507 5998 καιρῷ.
