4036 6300
150 416 303 485 1021

1305 421 1639 488 TACTICA.
1665 442 1734 462 ι-ί-
1753 417 2259 488 CONSTITUTIO
2289 424 2419 487 XX.

3304 417 3442 486 1022

224 530 348 597 κξι
393 529 526 586 Ἴσθι
554 529 674 586 λίαν
698 530 944 602 ἀσφαλὲς
978 531 1071 586 καὶ
1101 531 1158 587 ἓν
1205 528 1390 605 καιρῷ,
1415 534 1556 606 τάχα
1569 533 1759 602 φιλίας
1786 598 1787 601 η

1931 534 2023 593 27.
2050 534 2254 590 Castra
2295 532 2513 590 munire
2553 543 2770 605 semper
2809 540 2986 589 totum
3013 540 3118 604 est,
3147 542 3201 592 et
3246 538 3443 593 aluit-i-

147 625 294 679 ἔνθα
328 623 402 677 ἂν
430 624 683 696 ὑπάρχῃς
727 623 956 696 πλησίον
1011 623 1282 697 πολεμίων
1325 627 1764 699 στρατοπεδεύων

149 716 528 786 περιϐάλλειν
558 715 829 784 φοσσάτον
886 715 953 769 δι’
991 718 1327 788 ὀρύγματος,
1381 718 1413 788 ἦ
1463 719 1764 788 κτίσματος

150 809 346 874 λίθου,
391 807 701 881 ἢπλίνθου,
758 808 1038 880 ῆχάρακα
1098 810 1186 864 διὰ
1213 809 1409 876 ξύλων,
1455 813 1549 865 καὶ
1593 810 1769 874 οὑτως

154 903 336 976 πέριξ
374 903 876 975 ὀχυροποιῆσαιτδν
908 907 1157 973 στρατόν.
1195 904 1321 958 Ἐὰν
1355 905 1464 977 γάρ
1495 923 1546 958 τι
1582 907 1767 977 συμϐῇ

152 998 278 1051 τῶν
311 1000 600 1064 ἐναντίων,
633 1001 727 1054 καὶ
756 999 944 1072 λέγῃς,
994 1001 1074 1055 ὅτι
1132 999 1301 1055 Τοῦτο
1345 1001 1444 1055 οὑκ
1485 1001 1768 1069 ὑπενόουν,

153 1092 268 1146 οὑκ
307 1092 434 1146 ἐστι
467 1094 853 1163 στρατηγικὸν.

1869 629 1960 684 tite
2013 629 2274 698 pacisque
2326 637 2594 699 tempore.
2656 627 2714 684 Si
2767 641 2936 700 prope
2993 628 3182 686 hostes
3252 630 3444 697 fueris,

1874 720 2140 777 fossatum
2195 721 2599 776 circumducito
2667 720 2751 775 vel
2804 736 2869 776 ex
2911 721 3188 790 lapidibus
3238 723 3320 777 vel
3382 740 3450 779 ex

1872 813 2138 870 lateribus
2157 813 2657 878 circumvallatum,
2696 821 2749 869 et
2782 813 2856 867 ita
2889 823 3072 868 castra
3111 827 3201 868 tua
3250 816 3300 868 in
3333 825 3450 870 tuto

1874 923 2069 980 ponas.
2111 905 2169 962 Si
2208 908 2354 963 enim
2403 907 2608 976 aliquid
2653 906 2943 962 adversum
2997 908 3300 974 contingat,
3347 907 3454 960 tui-

1874 1010 1980 1056 'nus
2004 1001 2418 1071 imperatorium
2443 1001 2549 1056 erit
2580 1001 2768 1056 dicere
2804 1001 3120 1071 aliquando,
3151 1001 3269 1055 Non
3301 1013 3456 1071 puta-

1878 1104 2019 1149 tam.

239 1186 367 1257 κη’.
403 1188 570 1242 Ὅταν
608 1186 745 1241 Θεοῦ
777 1187 1009 1253 διδόντος
1048 1187 1203 1252 πόλις
1234 1187 1386 1259 παρὰ
1415 1186 1509 1242 σοῦ
1542 1187 1649 1241 τῶν
1673 1205 1774 1242 πο-

160 1275 397 1349 λεμίων
443 1278 746 1344 ἁλίσκεται,
808 1279 1122 1349 ἀνοίγεσθαι
1166 1279 1439 1352 συγχὼρει
1467 1280 1567 1343 τάς
1603 1279 1778 1342 πύλας

161 1372 324 1426 ὥστε
360 1372 589 1442 φεύγειν
631 1372 760 1437 τοὺς
815 1372 1044 1437 πολλοὺς
1068 1374 1160 1427 καὶ
1209 1373 1283 1444 μὴ
1316 1375 1513 1445 χωρεῖν
1538 1375 1617 1436 είς
1639 1371 1777 1426 ἁπό-

164 1484 422 1536 γνωσιν.
451 1468 524 1520 Τὸ
550 1467 684 1522 αὑτὸ
734 1467 790 1521 δὲ
857 1469 950 1522 καὶ
985 1468 1254 1538 φοσσάτου
1285 1466 1643 1540 ἁλισκομένου
1669 1467 1779 1520 τῶν

125 1619 127 1623 ,
167 1559 410 1632 ἐχθρῶν
445 1561 595 1631 παρὰ
615 1558 715 1615 ’σού
747 1561 1016 1632 ποιήσεις·
1035 1563 1308 1630 ἀναγκαῖα
1322 1560 1429 1631 γάρ
1447 1556 1584 1614 εἶναι
1604 1558 1777 1614 ταῦτα

171 1653 279 1708 καὶ
314 1653 710 1725 ἀκινδυνότερα
751 1654 884 1726 πρὸς
913 1652 1012 1725 τὴν
1059 1653 1167 1707 τῶν
1210 1653 1782 1725 ἁλισκομένωνίκατα-

173 1746 491 1816 κράτησιν.

255 1836 373 1892 κθ’.
434 1838 732 1910 ’Υφόρασιν
781 1838 1076 1912 ’προδοσίας
1129 1838 1224 1894 καὶ
1281 1840 1539 1894 ὑπόνοιαν
1591 1835 1781 1900 δώσεις

1959 1836 2048 1894 29.
2085 1835 2473 1908 Suspicionem
2521 1836 2850 1907 proditionis
2890 1846 2943 1893 et
2998 1839 3314 1909 Opinionem
3373 1841 3463 1896 fal-

176 1935 305 1997 τοῖς
366 1932 652 2004 πολεμίοις
715 1910 858 1988 κατά
905 1933 1012 1987 τῶν
1056 1933 1510 2005 προσερευγόντων
1546 1931 1652 1984 άπὸ
1695 1927 1787 1983 σοῦ

1895 1931 2078 1989 sitatis
2117 1931 2331 2002 injicies
2369 1932 2621 1988 hostibus
2673 1930 2741 1986 de
2779 1931 2868 1995 iis,
2904 1932 2996 2003 qui
3044 1933 3142 1988 abs
3175 1944 3227 1990 te
3281 1935 3346 1988 ad
3376 1950 3472 1991 eos

185 2027 339 2098 πρὸς
363 2027 587 2092 αὐτοὺς,
619 2027 758 2081 ὥστε
795 2027 977 2092 αὐτοῖς
1003 2028 1035 2098 ἢ
1064 2029 1334 2091 άπιστεῖν,
1369 2026 1402 2098 ἢ
1430 2023 1787 2092 ἀποκτείνειν,

1897 2025 2285 2097 profugerunt,
2324 2033 2384 2080 ut
2413 2025 2524 2081 illis
2569 2025 2653 2080 vel
2696 2025 2962 2094 dilﬁdant,
2999 2026 3082 2083 vel
3115 2027 3471 2093 interficiant,

1897 2119 1941 2175 si
1974 2120 2184 2174 litteras
2217 2118 2283 2173 ad
2325 2133 2421 2175 eos
2458 2118 2698 2184 miseris,
2729 2127 2789 2173 ut
2814 2121 3002 2175 statim
3037 2130 3162 2191 post
3198 2120 3297 2175 has
3324 2122 3474 2175 litte-

1899 2227 1989 2267 ras
2030 2212 2270 2282 perlatas
2304 2212 2493 2268 hostes
2549 2213 2830 2278 invadant,
2867 2221 2921 2269 et
2961 2215 3290 2285 proditionis
3338 2225 3476 2269 tein-

1949 1187 2040 1242 28.
2075 1186 2306 1253 Quando
2337 1187 2457 1243 sine
2481 1186 2756 1242 deditione
2785 1186 3024 1241 hostium
3051 1186 3245 1242 civitas
3277 1187 3455 1256 aliqua

1881 1291 1975 1334 aut
2007 1282 2239 1335 munitio
2275 1280 2551 1351 capiatur,
2574 1281 2708 1350 jube
2747 1280 2948 1351 aperiri
2983 1292 3170 1350 portas
3213 1289 3271 1334 ut
3301 1281 3459 1334 multi

1881 1375 2185 1446 aufugiam,
2230 1389 2283 1430 et
2328 1390 2436 1430 non
2486 1375 2539 1429 in
2590 1392 2859 1430 summam
2899 1377 3068 1431 animi
3117 1379 3460 1448 desperatio-

1885 1486 2006 1524 netu
2027 1470 2246 1524 cadant.
2284 1471 2400 1523 [loc
2434 1469 2577 1524 idem
2616 1469 2821 1524 fossam
2858 1471 3096 1525 hostiqu
3134 1482 3294 1541 capto
3328 1487 3464 1541 prte-

1885 1564 2081 1620 stabis.
2122 1563 2508 1619 Necessarium
2558 1574 2736 1618 autem
2773 1565 2875 1619 hoc
2915 1575 2996 1620 est
3023 1574 3076 1620 et
3104 1581 3357 1621 securum
3408 1566 3462 1619 in

1886 1658 2080 1728 primis
2111 1659 2175 1712 ad
2204 1659 2454 1728 captivos
2478 1659 2821 1714 retinendos.

185 2121 293 2173 ὲάν
328 2119 643 2189 γράμματα
679 2119 906 2193 πέμπῃς
932 2119 1027 2173 καὶ
1064 2118 1138 2182 ὡς
1166 2117 1326 2190 δῆθεν
1347 2118 1653 2171 ἐκπεσόντα
1684 2116 1796 2170 τῶν

183 2209 639 2281 διακομιζόντων
665 2213 779 2276 τοῖς
814 2210 1095 2282 πολεμίοις
1125 2209 1561 2283 ἐγχειρισθῶσιν.
1610 2209 1702 2263 Ἑν
1718 2202 1799 2271 οἷς

189 2305 272 2370 ὡς
309 2306 374 2358 ὲν
405 2303 556 2369 τάξει
590 2304 1028 2376 ὑπομιμνήσκεις
1069 2306 1182 2368 τοῖς
1221 2301 1560 2375 προσφύγοις
1604 2300 1799 2371 καιροῦ

190 2399 506 2472 προδοσίας
539 2399 949 2470 συντεθειμένου
1001 2399 1096 2452 καὶ
1137 2396 1477 2470 πραγμάτων
1505 2394 1666 2450 τινῶν
1702 2404 1800 2449 ¹πι-

193 2477 412 2549 θανῶν.
462 2493 742 2548 Ἐντεῦθεν
785 2493 958 2566 γὰρῆ
1006 2491 1504 2562 κατασχεθησονται
1549 2491 1598 2544 οἱ
1629 2505 1802 2562 προσ·

195 2588 505 2658 φυγόντες,
562 2586 593 2658 ἢ
630 2585 1117 2657 ἀπιστηθησονται,
1151 2585 1246 2637 καὶ
1275 2582 1602 2655 φοϐηθέντες
1641 2581 1805 2637 πάλιν

189 2679 620 2751 ὑποστρέψωσι
652 2679 788 2751 πρὸς
817 2677 884 2732 τά
921 2678 1048 2732 ῐδια.

274 2771 344 2828 λ’.
383 2774 498 2826 Καὶ
547 2771 751 2842 ἑτέρως
803 2771 860 2826 δὲ
908 2770 1005 2843 τὴν
1051 2761 1158 2826 τῶν
1198 2766 1386 2825 δειλῶν
1425 2766 1697 2838 διάκρισιν
1747 2766 1806 2819 ἐν

199 2869 323 2933 τοῖς
359 2867 689 2936 ἀναγκαίοις
715 2865 806 2921 καὶ
837 2865 1123 2934 αίφνιδίοις
1140 2863 1507 2935 ἐγχειρήμασι
1533 2861 1804 2930 ποιήσεις,

207 2961 310 3016 δάν
331 2962 471 3026 τοὺς
490 2959 808 3033 ἀρρώστους
832 2958 865 3030 ἢ
894 2959 1020 3022 τοὺς
1049 2975 1219 3030 κεκτη
1230 2956 1421 3028 μένους
1456 2956 1655 3016 ἵππους
1678 2954 1787 3008 άδυ·

1910 2951 2081 3017 rabis,
2109 2950 2156 3007 si
2187 2950 2434 3006 inﬁrmos
2475 2957 2529 3006 et
2553 2965 2649 3007 eos
2695 2951 2789 3022 qui
2840 2949 3048 3006 debiles
3077 2967 3248 3022 equos
3287 2952 3488 3009 habent

209 3054 421 3118 νάτους
483 3052 810 3126 προστάξεις
848 3050 1180 3124 χωρίζεσθαι
1230 3049 1403 3114 ίδίωςο
1437 3049 1487 3102 οἱ
1511 3047 1618 3120 γὰρ
1648 3046 1787 3101 δειλο

1908 3043 2132 3114 iubebis
2170 3045 2238 3100 ab
2269 3044 2393 3100 aliis
2426 3043 2671 3116 separari
2704 3061 2719 3098 :
2761 3044 2937 3100 timidi
2971 3045 3116 3101 enim
3148 3049 3230 3102 vel
3273 3048 3490 3102 valetu-

207 3146 245 3220 ἢ
276 3145 604 3221 ἀρρωστίαν
668 3143 1152 3217 προσποιούμενοι,
1185 3142 1217 3214 ἢ
1248 3143 1356 3196 τῶν
1404 3133 1598 3195 ’ἵππων
1647 3138 1782 3195 ἀσθέ

1913 3135 2121 3204 dinem,
2167 3137 2254 3194 vel
2299 3152 2568 3209 equorum
2626 3137 3058 3194 imbecillitatem
3107 3139 3488 3204 simulabuut,

210 3254 394 3303 νειαν,
460 3237 664 3300 εὐθέως
723 3235 1156 3309 χωρισθήσονται
1212 3234 1321 3290 τῶν
1373 3234 1688 3302 ἀναγκαίων
1716 3231 1787 3286 τοί

1917 3241 2081 3303 atque
2111 3232 2248 3288 adeo
2275 3231 2345 3288 ab
2367 3234 2467 3288 hac
2499 3230 2694 3288 bellica
2720 3232 3038 3288 incursione
3067 3234 3492 3304 separahuntur.

213 3327 880 3403 πολέμουηὲγχειρήσεων.
910 3329 1049 3393 Tati);
1073 3328 1130 3382 δὲ
1155 3327 1430 3390 τοιούτους
1455 3326 1488 3398 ἢ
1522 3327 1600 3391 είς
1629 3339 1784 3398 παρα

1918 3326 2079 3383 Tales
2117 3326 2202 3382 vel
2251 3326 2318 3382 ad
2365 3327 2599 3394 castelli,
2637 3327 2722 3382 vel
2785 3325 2853 3382 ad
2888 3327 3112 3382 alterius
3169 3329 3496 3383 munitionis

217 3421 482 3494 φυλακὴν
515 3420 773 3490 κάστρου,
807 3419 882 3484 ὠς
938 3421 1050 3475 ἄνω
1093 3438 1197 3474 που
1245 3420 1458 3492 εἴρηται
1501 3420 1786 3491 ᾐμίν,ἢεί

1919 3417 2249 3486 custodiam,
2301 3417 2387 3474 vel
2425 3418 2492 3473 ad
2515 3417 2658 3474 alios
2697 3433 2834 3474 usus
2883 3433 3110 3474 securos
3161 3419 3400 3485 emittes,
3438 3428 3499 3474 ut

218 3513 403 3570 ἄλλων
435 3509 832 3584 ὀχυρωμάτων,
860 3510 892 3581 ἢ
920 3513 1000 3574 είς
1045 3511 1240 3582 ἐτέρας
1269 3510 1586 3574 ἀκινδύνους
1627 3510 1787 3581 χρεία

1920 3525 1987 3566 ne
2015 3511 2230 3582 ignavia
2293 3526 2394 3566 sua
2457 3513 2624 3565 etiam
2669 3511 3012 3568 strenuiorcs
3049 3511 3251 3568 milites
3291 3512 3500 3568 labefa-

219 3606 493 3671 διατάξας
523 3603 852 3675 ἐκπέμψεις,
891 3603 979 3659 ἵνα
1015 3605 1090 3676 μὴ
1117 3607 1180 3676 τῇ
1235 3603 1408 3677 δειλία
1437 3605 1532 3657 καὶ
1569 3604 1692 3667 τοὺς
1727 3605 1787 3657 ἀν

1922 3613 2096 3661 ctent.
2142 3605 2239 3660 Sin
2272 3606 2391 3661 acie
2420 3605 2533 3676 jam
2568 3605 2845 3661 instructa
2883 3605 2949 3661 ad
2979 3606 3228 3678 praelium
3271 3606 3500 3662 manda-

221 3699 446 3771 δρείους
487 3696 810 3770 μολύνωσιν.
862 3698 926 3752 El
960 3698 1016 3752 δὲ
1065 3697 1164 3770 τῆς
1203 3698 1566 3769 παρατάξεως
1603 3696 1787 3769 ίσταμέ

1923 3697 2090 3762 veris,
2126 3703 2185 3750 ut
2232 3695 2327 3766 qui
2367 3704 2592 3766 praestes
2625 3696 2910 3753 discedere
2955 3698 3070 3752 vult
3129 3697 3400 3764 discedat,
3447 3707 3502 3754 et

226 3809 331 3865 νης
386 3792 530 3864 πρὸς
579 3791 762 3862 μάχην
793 3791 1052 3863 παραυτά
1085 3791 1364 3863 κηρύξεις,
1398 3792 1458 3846 '0
1494 3791 1786 3864 βουλόμενο

1926 3788 2019 3860 qui
2059 3789 2179 3843 vult
2210 3789 2266 3843 iu
2331 3789 2480 3844 illius
2527 3789 2707 3846 locum
2751 3791 3122 3862 ingrediatur,
3167 3807 3277 3847 non
3342 3791 3504 3847 modo

229 3881 639 3955 πρωτοστάτης
687 3882 1063 3952 ὑποχωρείτω,
1121 3885 1215 3936 καὶ
1273 3884 1300 3935 ό
1343 3883 1663 3954 βουλόμενος
1701 3882 1787 3935 άνιι

1929 3883 2156 3939 timidos
2217 3884 2420 3940 milites
2458 3900 2779 3957 cognosces,
2814 3885 2908 3940 sed
2961 3885 3124 3940 etiam
3160 3883 3330 3940 fortes
3363 3897 3505 3941 stre—

235 3975 454 4029 ἐκείνου
479 3973 685 4041 εἰσίτω,
737 3973 799 4027 οὑ
850 3973 1008 4044 μόνον
1039 3974 1165 4039 τοὺς
1197 3975 1403 4038 δειλοὺς
1432 3975 1554 4028 τότε
1584 3975 1787 4046 νοήσεις

1931 3991 2183 4048 nuesque
2214 3977 2377 4032 scies.
2397 3975 2596 4032 Timidi
2629 3978 2774 4032 enim
2800 3977 2957 4032 initio
2986 3977 3215 4047 prodent
3237 3992 3296 4032 se
3323 3978 3504 4047 prius-

235 4067 376 4122 ἀλλὰ
409 4068 508 4121 καὶ
538 4066 968 4136 τοὺς”άνδρείους
989 4067 1374 4140 άναμάθῃς.οἰ
1404 4068 1500 4139 μὲν
1523 4068 1636 4139 γὰρ
1668 4069 1787 4121 δειλι

1933 4087 2096 4143 quam
2135 4071 2338 4127 bellum
2374 4071 2622 4142 incipiat,
2675 4071 2846 4127 fortes
2899 4080 3081 4126 autem
3142 4079 3268 4143 post
3305 4072 3506 4126 bellum

242 4160 342 4214 καὶ
368 4158 433 4213 τὸ
467 4159 657 4230 ἄρχειν
710 4158 1082 4231 προδώσουσιν
1103 4161 1243 4232 ὑπὲρ
1260 4161 1351 4215 τοῦ
1382 4159 1456 4231 μὴ
1480 4161 1787 4214 κινδυνεύειε

1936 4164 2237 4236 incoeptum
2275 4165 2440 4221 simul
2480 4165 2781 4237 periclitari
2819 4165 3064 4236 cupient.

244 4253 296 4306 οἱ
329 4251 388 4306 δὲ
413 4252 652 4324 ἀνδρεῖοι
683 4253 822 4324 μετὰ
850 4251 947 4307 τοῦ
973 4252 1160 4325 ἄρχειν
1193 4254 1376 4328 καὶὶτδ
1407 4251 1836 4328 συγκινδυνεύειν

245 4349 596 4420 αἱρήσονται.
1383 4343 1387 4346 ’

312 4439 419 4495 λα’.
463 4439 681 4512 Ἀκμὴν
720 4439 913 4513 καιροῦ
943 4441 1225 4513 ἐπιτηρεῖν
1255 4459 1313 4495 σε
1358 4440 1495 4505 δέον,
1524 4439 1599 4512 μὴ
1629 4456 1787 4510 παροι

2007 4434 2101 4491 3i.
2133 4432 2430 4505 Temporis
2480 4431 2884 4504 Opportunitas,
2922 4430 3033 4486 nisi
3074 4432 3234 4487 aliter
3265 4432 3512 4487 necessi.

253 4545 355 4602 σης
391 4532 668 4603 ἀνάγκης,
699 4535 796 4588 καὶ
823 4532 995 4597 οὕτως
1029 4533 1411 4605 ἐκστρατεύειν
1440 4534 1580 4587 κατὰ
1613 4533 1720 4585 τῶν
1752 4547 1787 4585 π

1942 4539 2028 4586 tas
2079 4536 2289 4600 urgeat,
2341 4527 2439 4581 abs
2495 4533 2550 4581 te
2598 4525 2972 4580 conservanda
3026 4532 3130 4589 est,
3176 4535 3340 4595 atque
3378 4524 3516 4579 adeo

252 4624 486 4698 λεμίων,
517 4626 608 4679 ἵνα
629 4627 724 4679 καὶ
766 4626 829 4679 σὺ
861 4626 986 4698 περὶ
1020 4625 1117 4698 τὴν
1157 4626 1399 4696 δαπάνην
1433 4623 1508 4696 μὴ
1539 4622 1787 4676 στενοῦσσ

1887 4635 1916 4692 υ
1947 4622 2135 4677 hostes
2183 4618 2432 4684 invadas,
2469 4625 2524 4672 ut
2567 4631 2746 4686 neque
2784 4615 2862 4668 tui
2903 4624 3213 4670 commeatu
3253 4615 3515 4671 deﬁcian-

260 4719 358 4773 καὶ
387 4720 438 4773 ot
475 4720 724 4792 πολέμιοι
782 4720 947 4774 πλέον
1001 4718 1296 4773 λυποῦνται
1328 4721 1435 4772 τῶν
1464 4718 1727 4789 καμάτων
1753 4734 1785 4770 α

1946 4722 2057 4779 tur,
2092 4719 2146 4767 et
2173 4712 2362 4766 hostes
2388 4709 2562 4781 magis
2586 4717 2855 4764 vexentur
2875 4709 3022 4761 omni
3056 4706 3261 4772 labore,
3286 4717 3338 4762 et
3370 4709 3518 4779 agris

259 4813 370 4868 τῶν
399 4813 759 4886 ληϊζομένων.

1941 4808 2056 4878 jam
2087 4802 2460 4875 depopulatis.

334 4905 439 4978 λβ’.
483 4907 666 4961 Ἰκανὰ
711 4924 773 4962 σε
822 4906 927 4980 χρὴ
991 4907 1237 4979 φυλακὴν
1291 4904 1689 4975 περιποιεῖσθαι
1748 4922 1787 4959 κξ

2016 4898 2108 4955 52.
2136 4897 2312 4953 Victis
2343 4895 2456 4966 jam
2509 4894 2764 4951 hostibus
2800 4892 2994 4949 idonea
3027 4891 3126 4950 abs
3177 4903 3228 4949 te
3267 4893 3520 4950 custodia

271 5000 408 5070 μετὰ
437 5001 536 5072 τὴν
563 5001 672 5055 τῶν
707 5000 980 5071 πολεμίων
1030 5019 1123 5054 σου
1162 5001 1338 5072 νίκην,
1381 4999 1474 5053 καὶ
1518 4999 1594 5070 μὴ
1624 4998 1787 5069 άμελὲ

1948 4994 2016 5051 ad
2048 5000 2173 5047 tuos
2198 4989 2569 5047 defendendos
2591 4989 2907 5044 collocanda
2942 4995 3027 5042 est
3055 5005 3068 5042 :
3093 4987 3348 5042 vitamdae
3373 4988 3520 5042 enim

268 5092 598 5165 ἔχειν,ἁλλά
640 5095 1007 5165 φυλάττεσθαι
1049 5093 1149 5159 τάς
1202 5094 1499 5164 αἰφνιδίους
1530 5091 1787 5146 ὲπελεύσε

1950 5087 2146 5145 subita!
2187 5085 2535 5140 incursiones
2570 5081 2808 5138 hostium
2841 5091 2971 5136 sunt
3003 5099 3018 5136 :
3055 5095 3160 5135 non
3186 5079 3332 5135 enim
3370 5080 3524 5149 quic-

270 5185 378 5239 τῶν
404 5186 749 5259 ἡττηθέντων
769 5203 781 5219 ο
817 5188 877 5242 οὑ
931 5188 1040 5260 γὰρ
1092 5188 1292 5258 ἠρεμεῖ
1318 5187 1379 5240 τὸ
1411 5185 1703 5241 ἀντίπαλον
1732 5186 1787 5238 άε

1949 5189 2114 5238 scunt
2147 5178 2336 5234 hostes
2369 5175 2481 5231 ullo
2527 5179 2800 5244 tempore,
2840 5172 2935 5228 sed
2972 5172 3095 5227 belli
3140 5168 3523 5233 offensionem,

275 5276 412 5332 ἀλλὰ
451 5281 552 5351 τὴν
606 5281 816 5334 οἰκείαν
875 5275 1046 5350 ἧτταν
1101 5280 1361 5344 πολλάκις
1387 5275 1783 5351 ἀναμαχήσασθ

1950 5276 2298 5330 occasionem
2332 5271 2434 5329 sibi
2459 5270 2525 5326 ad
2559 5283 2646 5324 res
2677 5268 2878 5324 melius
2913 5275 2966 5324 et
3012 5267 3230 5323 cautius
3256 5264 3524 5336 gerendas

207 5397 211 5400 -
276 5372 686 5446 προθυμότερον
716 5375 944 5442 γίνεται.

1955 5368 2256 5437 accipiunt.

350 5462 451 5532 λγ.
488 5466 608 5522 Τῶν
641 5467 898 5520 ἐναντίων
953 5465 1078 5529 τοὺς
1123 5465 1469 5537 πρεσϐευτὰς
1514 5465 1756 5536 ὑϐρίζειν

2029 5463 2118 5516 53.
2154 5459 2403 5517 Hostium
2426 5459 2612 5532 legati,
2641 5458 2896 5530 quamvis
2927 5455 3304 5529 magnitudine
3338 5455 3526 5525 copia-

279 5555 506 5625 δίκαιον,
541 5559 647 5613 οὐδ’
684 5559 751 5614 ἂν
777 5560 908 5615 πολὺ
944 5561 1266 5633 προέχωμεν
1290 5563 1354 5631 τῇ
1389 5560 1636 5632 δυνάμει.
1668 5562 1785 5615 Φιλί

1957 5572 2078 5614 rum
2144 5554 2438 5609 admodum
2495 5555 2702 5618 valcas,
2753 5555 2853 5610 abs
2907 5559 2959 5607 te
3008 5553 3233 5606 minime
3288 5549 3529 5604 violandi

283 5647 391 5720 γὰρ
420 5651 605 5724 τρόπῳ
655 5654 1072 5724 παραγίνονται,
1141 5656 1236 5709 καὶ
1259 5654 1402 5728 λόγῳ
1463 5657 1718 5726 ἀτρέπτῳ
1751 5657 1780 5709 ὑ

1957 5656 2126 5705 sunt:
2163 5647 2352 5702 sociali
2385 5646 2532 5702 enim
2566 5647 2727 5702 modo
2750 5647 2949 5702 adsunt
2973 5644 3091 5710 tibi,
3123 5653 3175 5698 et
3215 5657 3529 5712 quanquam

284 5739 384 5803 τὰς
440 5745 630 5814 χεῖρας
687 5746 911 5809 ἑαυτοὺς
967 5746 1067 5810 τὰς
1124 5748 1221 5812 σάς
1257 5747 1766 5812 καταπιστεύουσιν,

1958 5742 2026 5796 ab
2049 5741 2298 5797 hostibus
2333 5741 2645 5806 mittuntur,
2677 5740 2890 5810 seipsos
2922 5745 3103 5792 tamen
3127 5732 3533 5806 quodammodo

291 5829 384 5881 καὶ
411 5834 561 5904 παρὰ
604 5835 876 5906 πολεμίων
956 5838 1399 5892 ἀποστέλλονται.
1458 5838 1540 5891 Τά
1608 5833 1700 5892 οὖν
1735 5839 1787 5891 ὃς

1961 5838 2017 5892 ἱιι
2062 5849 2258 5891 manus
2292 5844 2413 5890 tuas
2444 5833 2690 5889 tradunt.
2735 5832 2997 5887 Sanctum
3037 5839 3091 5886 et
3124 5830 3336 5902 justum
3382 5826 3531 5897 quod

292 5918 385 5974 επὶ
444 5925 657 5999 ἑκάστῳ
708 5930 798 5984 καὶ
844 5930 1118 6000 πρέποντα
1157 5931 1630 6001 παραφυλακτέον.
1672 5930 1730 5984 Εἰ
1783 5949 1787 6001 ι

1960 5935 2065 5996 est,
2090 5943 2219 5999 erga
2256 5942 2448 5984 omnes
2481 5924 2814 5982 servandum
2834 5931 2940 5982 est.
2970 5923 3118 5980 Alias
3154 5922 3298 5978 enim
3332 5921 3398 5976 de
3429 5933 3529 5976 sua

1903 2319 2003 2374 pus
2034 2304 2177 2360 inter
2207 2313 2259 2359 te
2279 2313 2332 2358 et
2363 2303 2629 2375 profugos
2665 2314 2974 2376 caeteraque
3002 2306 3305 2376 probabilia
3346 2323 3477 2361 cou-

1901 2394 2094 2450 stituta
2149 2394 2462 2450 videantur.
2514 2395 2628 2451 lloc
2685 2406 2847 2468 pacto
2907 2398 3015 2463 ﬁet,
3055 2399 3193 2453 utin
3225 2401 3478 2456 custodia

1903 2497 2198 2544 teneantur
2234 2488 2476 2560 profugi,
2518 2489 2603 2544 vel
2638 2499 2696 2543 ut
2732 2489 2864 2546 ﬁdes
2904 2490 3014 2546 illis
3045 2507 3155 2545 non
3189 2492 3477 2556 habeatur,

1903 2579 1988 2636 vel
2020 2588 2078 2634 ut
2106 2582 2172 2635 ad
2202 2590 2254 2635 te
2282 2581 2478 2636 iterum
2512 2581 2765 2637 redeant.

1981 2762 2069 2819 50.
2115 2761 2495 2819 Timiditatem
2544 2764 2779 2818 militum
2813 2774 3031 2820 tuorum
3075 2767 3255 2837 aliqua
3289 2783 3485 2824 neces-

1909 2858 2058 2914 saria
2089 2865 2142 2914 et
2179 2874 2281 2914 nec
2321 2860 2542 2930 opinata
2576 2859 2896 2915 incursione
2939 2860 3042 2916 hoc
3090 2861 3253 2916 modo
3295 2863 3488 2932 explo-
