3968 6308
526 341 667 411 1023

1779 341 1975 405 LEON
1980 343 2053 404 IS
2089 342 2550 408 PHILOSOPHI

3594 357 3601 363 '
3647 348 3783 416 1&4

520 460 697 516 salute
726 457 1039 513 laborantes
1071 452 1233 525 legati
1264 469 1543 526 nunquam
1570 454 1637 511 ad
1679 464 1729 511 te
1756 455 2010 522 venient,
2040 471 2069 511 e

2195 458 2304 529 γὰρ
2329 456 2489 513 τοῦτο
2513 458 2874 533 φυλάττηται,
2898 446 3258 530 ἀπιστοῦντες
3276 462 3328 519 oi
3360 464 3629 538 πρέσϐεις
3653 468 3785 523 ἐκάο

519 549 809 625 lcgationis
831 563 1008 619 genus
1031 546 1209 617 ipsum
1234 548 1375 619 apud
1405 563 1599 605 onmes
1629 548 1881 605 nationes
1906 547 2094 605 minus

520 646 778 701 usitatum
798 646 923 704 erit.

587 824 680 882 54.
722 824 955 893 Quando
1005 822 1223 896 magnis
1251 836 1380 879 cum
1422 816 1601 892 copiis
1656 820 1933 877 civitatem
1995 829 2089 876 aut

514 918 801 974 castellum
840 916 1085 982 obsides,
1118 925 1300 974 castra
1337 922 1430 970 tua
1472 913 1621 969 haud
1655 915 1867 969 munita
1906 922 2091 969 custo-

514 1013 623 1067 diis
654 1011 966 1082 relinquere
998 1027 1109 1068 non
1162 1016 1400 1080 oportet,
1436 1022 1619 1079 neque
1656 1007 1777 1062 solo
1813 1006 1958 1060 vallo
1992 1013 2088 1060 aut

513 1102 682 1158 fossis
741 1109 1057 1156 contentum
1105 1114 1249 1164 esse,
1306 1098 1402 1155 sed
1453 1105 1510 1153 ct
1564 1097 1829 1154 excubias
1880 1096 2086 1153 habeas

512 1202 837 1259 accuratas,
872 1202 926 1249 ct
981 1192 1259 1249 exercitus
1297 1198 1427 1247 tuus
1484 1189 1552 1245 ad
1605 1198 1793 1261 portas
1843 1189 2085 1245 civitatis

513 1290 726 1353 sedeat,
767 1294 991 1358 prepter
1029 1278 1390 1345 excurSiones
1419 1299 1541 1352 quae
1574 1297 1605 1342 e
1637 1282 1809 1352 portis
1847 1280 2004 1347 fiunt,
2033 1290 2086 1337 et

513 1387 737 1452 propter
763 1377 1099 1449 irruptiones
1123 1390 1245 1449 qua:
1285 1374 1353 1429 ab
1386 1372 1632 1433 externis
1674 1371 1812 1426 locis
1846 1386 1912 1427 eo
1946 1385 2081 1425 con-

509 1469 709 1523 ﬂuunL
872 1516 873 1519 η

579 1560 670 1616 55.
702 1557 1017 1614 Proditores
1066 1556 1285 1628 quidam
1318 1569 1564 1626 persmpe
1595 1554 1649 1608 in
1696 1550 1940 1610 exercitu
1984 1560 2081 1607 tuo

504 1668 629 1708 esse
673 1652 958 1707 timentur.
1005 1648 1075 1705 Ut
1107 1650 1276 1721 igitur
1305 1665 1373 1704 ex
1406 1649 1477 1705 iis
1522 1648 1812 1703 utilitatem
1864 1646 2077 1716 capias,

502 1744 949 1814 percommodum
974 1742 1137 1798 fuerit
1167 1742 1445 1797 contraria
1472 1755 1661 1797 eorum
1686 1755 1810 1811 qua
1832 1737 2077 1794 facturus

503 1853 565 1893 es
601 1837 711 1892 illis
762 1850 1015 1902 narrare,
1055 1843 1115 1890 ut
1166 1834 1272 1889 hoc
1320 1832 1483 1889 modo
1526 1832 1773 1903 deceptis
1804 1831 2076 1898 hostibus,
2112 1816 2151 1873 Β

503 1927 723 1984 facilius
748 1936 803 1983 et
838 1927 1033 1983 melius
1058 1925 1297 2003 consilia
1330 1934 1419 1979 tua
1445 1923 1770 1999 procedant.

571 2105 662 2160 '56.
720 2104 853 2161 Sine
899 2104 1106 2183 ingenti
1142 2104 1382 2160 utilitate
1420 2111 1516 2157 aut
1554 2100 1892 2161 necessitate
1932 2100 2079 2175 peri-

500 2200 688 2255 culum
738 2197 1156 2271 ingrediendum
1197 2212 1309 2252 non
1341 2204 1447 2252 est.
1480 2194 1585 2262 Qui
1615 2195 1759 2251 enim
1785 2195 1915 2250 talia
1955 2209 2081 2251 sus-

500 2293 716 2364 cipiunt
748 2290 1013 2362 pericula,
1047 2290 1258 2346 similes
1307 2288 1624 2344 hominibus
1656 2297 1786 2343 sunt
1831 2288 1925 2358 qui
1957 2287 2077 2342 auri

506 2386 815 2455 impostura
869 2383 1213 2449 inescantur,
1262 2389 1317 2437 et
1356 2388 1583 2451 propter
1639 2379 1844 2436 coloris
1898 2380 2077 2435 solum

499 2478 825 2533 suavitatem
864 2490 1060 2530 aurum
1103 2475 1209 2529 hoc
1249 2472 1535 2544 possidere
1596 2472 1945 2528 vehementer
1984 2487 2081 2527 cu-

498 2568 679 2638 piunt.

569 2662 663 2716 '57.
712 2659 963 2732 Vigilans
1000 2668 1055 2716 et
1101 2658 1323 2715 sobrius
1378 2659 1433 2714 in
1486 2656 1744 2713 omnibus
1772 2654 1942 2712 rebus
1983 2670 2077 2727 ge-

494 2752 708 2820 rendis,
741 2761 795 2809 et
850 2752 1121 2807 adversus
1170 2764 1360 2805 omnes
1405 2749 1650 2805 hostium
1692 2747 2075 2820 aggressiones

495 2849 596 2914 sis,
633 2854 694 2903 ut
734 2861 915 2918 neque
947 2843 1384 2901 intermissionis
1418 2843 1547 2898 belli
1570 2852 1787 2912 tempus
1807 2841 2076 2897 socordiae

493 2947 715 3010 tempus
751 2946 932 3010 putes,
981 2951 1161 3006 neque
1195 2945 1321 2991 ante
1371 2934 1525 3005 pacis
1558 2932 1815 3004 perfectae
1859 2939 2073 3007 tempus

492 3030 662 3089 ullam
692 3047 805 3088 rem
830 3030 926 3085 tibi
963 3028 1344 3099 negligentiam
1377 3026 1687 3092 arbitreris,
1710 3025 1803 3081 sed
1834 3026 2071 3080 hostium

2197 565 2324 603 στου
2364 548 2552 615 ἔθνους
2572 552 2672 624 τὴν
2703 553 2911 609 ἑαυτῶν
2929 556 3205 627 σωτηρίαν
3218 558 3474 613 οὐδέποτε
3500 578 3542 613 π
3552 561 3785 631 ρεσϐεύ-

2196 659 2381 697 σουσιν
2399 645 2534 716 (20),
2550 649 2643 700 καὶ
2666 648 2877 702 πολλῶν
2903 650 3008 703 τῶν
3028 651 3091 704 ἐκ
3111 653 3212 724 τῆς
3241 653 3541 723 πρεσϐείας
3555 654 3787 723 ἀγαθῶν

2190 739 2305 800 τοῖς
2345 737 2521 793 ἔθνεσι
2567 742 2870 812 γινομένων
2891 745 3142 809 ἑκάστοις
3169 745 3540 819 ἀποστέρησις
3572 746 3786 803 ἔσεται.

2262 826 2355 884 λδ.
2397 831 2567 887 Ὅταν
2633 832 2802 906 πολλῇ
2858 836 3088 907 δυνάμει
3134 838 3355 912 πόλινῆ
3400 839 3787 912 φρούριονπο-

2188 920 2433 994 λιορκῇς,
2482 925 2546 981 οὐ
2595 926 2761 980 δεῖσε.
2787 932 2961 983 ποιεῖν
3002 931 3315 1000 ἀφύλακτον
3338 931 3439 1005 τὴν
3470 936 3789 1005 στρατοπέ-

2186 1010 2355 1078 δειαν,
2384 1014 2503 1068 οὐδὲ
2536 1017 2684 1087 μόνῳ
2726 1017 2805 1091 τῷ
2837 1020 3053 1091 ,χάρακι
3086 1021 3119 1092 ἢ
3168 1024 3289 1086 ταῖς
3322 1023 3555 1092 φόσσαις
3583 1027 3787 1096 ἀρκεῖ·

2189 1105 2315 1161 σθαι
2339 1110 2418 1172 είς
2449 1110 2774 1180 ἀσφάλειαν,
2810 1112 2949 1167 ἀλλὰ
2975 1115 3068 1168 καὶ
3085 1114 3278 1186 βίγλας
3303 1115 3447 1187 ἔχειν
3484 1119 3787 1187 ἀσφαλεῖς,

2185 1198 2279 1252 καῒ
2304 1199 2454 1272 παρὰ
2483 1203 2581 1266 τὰς
2614 1202 2821 1274 πόρτας
2841 1205 2941 1274 τῆς
2969 1206 3176 1271 πόλεως
3199 1207 3537 1276 ἐγκαθίζειν,
3562 1210 3660 1263 διὰ
3686 1211 3789 1275 τὰς

2183 1290 2278 1349 ἀπ’
2294 1291 2538 1362 αὐτῆςέκ
2556 1294 2664 1354 τῶν
2680 1297 2895 1365 πορτῶν
2915 1297 3280 1368 καταδρομὰς,
3308 1300 3611 1369 μάλισταδέ
3640 1302 3789 1356 κατὰ

2183 1384 2278 1449 τὰς
2329 1384 2438 1441 ἀπὸ
2499 1384 2609 1444 τῶν
2640 1387 2842 1454 ἔξωθέν
2863 1390 3028 1445 ποθεν
3056 1391 3417 1465 ὑφορωμένοις
3440 1394 3785 1466 προσϐολάς.

2246 1565 2340 1621 λε’.
2388 1567 2815 1633 Ύποπτεύονταί
2856 1589 3002 1636 τινες
3059 1573 3314 1645 προδόται
3373 1575 3469 1628 καὶ¹
3498 1577 3661 1647 παρὰ
3700 1578 3786 1631 σοὶ

2181 1658 2443 1724 πολλάκις
2460 1660 2762 1726 δντες.”1να
2783 1664 2841 1719 δὲ
2864 1666 2957 1719 καὶ
2983 1666 3047 1741 ἐκ
3077 1666 3184 1719 τῶν
3206 1666 3468 1723 τοιούτων
3501 1668 3787 1738 ὠφέλειαν

2182 1749 2394 1821 σεαυτῷ
2441 1755 2801 1829 περιποιήσῃ,
2866 1755 2935 1810 τὰ
2990 1757 3211 1811 ἐναντία
3248 1750 3323 1812 ὧν
3371 1758 3611 1833 βουλεύῃ
3652 1762 3783 1830 λέγε

2181 1842 2319 1914 πρὸς
2367 1843 2585 1911 αὐτοὺς,
2638 1846 2781 1900 ὥστε
2835 1848 2904 1902 δι’
2945 1850 3129 1905 αὐτῶν
3177 1850 3634 1923 ἐξαπατωμὲνων
3672 1856 3785 1911 τῶν

2182 1933 2458 2004 πολεμίων
2487 1935 2878 2015 εὐχερέστερον
2905 1941 3298 2013 κατορθοῦνται
3336 1943 3406 2003 τὰ
3444 1945 3514 1999 σὰ
3550 1947 3785 2018 gauisu-

2184 2040 2354 2099 ματα.
3419 2086 3421 2089 .

2249 2114 2360 2183 λς’.
2398 2118 2562 2179 ’Δνευ
2592 2119 2856 2190 ὠφελείας
2888 2123 2919 2196 ἢ
2950 2125 3198 2199 ἀνάγκης
3220 2127 3313 2184 ἐπί
3341 2146 3450 2185 τινι
3476 2131 3785 2203 πράγματι

2179 2209 2242 2266 ού
2273 2209 2392 2265 δέον
2432 2215 2936 2292 παρακινδυνεύειν.
2983 2221 3046 2273 υί
3100 2222 3208 2295 γὰρ
3256 2224 3524 2289 τοιούτοις
3562 2229 3785 2299 ἐπιχει-

2181 2304 2415 2391 ροῦντες
2436 2307 2702 2372 κινδύνοις
2750 2310 2903 2365 οὐδὲν
2946 2312 3302 2385 διαφέρουσιν
3326 2318 3647 2391 ἀνθρώπων
3673 2324 3785 2377 τῶν

2180 2397 2363 2471 ἀπάτη
2386 2400 2592 2470 χρυσοῦ
2608 2400 3035 2473 δελεαζομένων,
3068 2409 3162 2459 καὶ
3178 2407 3266 2461 διὰ
3286 2408 3348 2463 τὸ
3372 2409 3473 2482 τὴν
3508 2411 3782 2484 εὔχροιαν

2181 2486 2344 2562 μόνον
2370 2491 2500 2564 ὁρᾷν
2543 2492 2643 2561 τὴν
2695 2494 2889 2565 κτῆσιν
2926 2495 3093 2550 αὑτοῦ
3135 2496 3281 2569 ἔχειν
3318 2501 3780 2574 ἀγωνιζομένων.

2246 2665 2347 2734 λζ’.
2392 2669 2548 2724 Γίνου
2578 2673 2809 2727 πάντοτε
2830 2675 3017 2745 νήφων
3034 2677 3127 2731 καὶ
3144 2678 3469 2753 ἐγρηγορὼς
3500 2682 3657 2755 πρὸς
3683 2686 3788 2751 τὰς

2176 2760 2284 2813 τῶν
2342 2761 2622 2834 πολεμίων
2658 2766 3172 2836 ἀντικαταστάσεις,
3203 2771 3346 2831 ὥστε
3378 2773 3517 2845 μηδὲ
3551 2778 3655 2831 τὸν
3682 2778 3791 2851 τῆς

2176 2851 2376 2922 ἀνοχῆς
2405 2853 2501 2907 τοῦ
2534 2856 2772 2927 πολέμου
2804 2862 2996 2934 καιρὸν
3025 2864 3301 2919 ποιεῖσθαι
3337 2866 3612 2938 ἀμελείας
3646 2889 3790 2926 και-

2178 2940 2291 3014 ρὸν,
2324 2943 2459 3017 μηδέ
2492 2945 2599 3018 πρὸ
2646 2947 2842 3018 καιροῦ
2900 2953 3129 3024 εἰρήνης
3186 2952 3412 3024 βεϐαίας
3462 2960 3791 3031 γενομένης

2175 3038 2592 3112 καταμελήσῃςο
2642 3042 2777 3098 ἀλλὰ
2826 3044 3065 3103 πάντοτε
3107 3047 3209 3112 τὰς
3250 3049 3361 3104 τῶν
3389 3050 3615 3124 ἐχθρῶν
3650 3058 3789 3111 ἐπι-

493 3125 726 3181 insidias
774 3123 967 3179 sedulo
1009 3121 1231 3185 vitabis,
1280 3129 1335 3176 et
1369 3119 1672 3191 prudenter
1702 3119 1917 3173 illorum
1946 3132 2071 3189 per-

2187 3129 2372 3232 ϐουλάς
2414 3133 2707 3202 φυλάττου,
2756 3137 2853 3190 καὶ
2901 3138 3163 3209 ἀσφαλῶς
3194 3119 3451 3199 κατανόει
3478 3119 3542 3199 τὸ
3562 3149 3790 3205 τούτων

492 3217 678 3274 ﬁdiam
708 3216 888 3287 qualis
919 3217 992 3271 sit
1026 3213 1298 3285 cogitabis
1327 3229 1343 3267 :
1381 3213 1471 3267 ubi
1502 3212 1647 3267 enim
1676 3212 1874 3265 malum
1910 3224 2070 3265 accc-

491 3310 676 3382 peris,
729 3309 845 3364 haec
895 3323 1024 3365 sera
1069 3306 1398 3379 pmnitentia
1452 3305 1662 3361 nullum
1722 3312 2066 3359 momentum

491 3403 689 3459 afferre
717 3409 916 3474 potest.

560 3500 650 3554 58.
680 3496 788 3564 Qui
849 3494 917 3550 ad
962 3503 1013 3552 te
1047 3495 1117 3551 ab
1154 3494 1406 3550 hostibus
1452 3494 1851 3566 profugerunt,
1906 3492 2067 3549 facile

488 3592 589 3649 tibi
621 3593 860 3647 hostium
883 3588 1117 3644 consilia
1148 3588 1403 3644 nuntiare
1432 3595 1703 3659 possunt:
1738 3587 1832 3643 sed
1859 3586 2066 3642 certius

488 3696 817 3753 cognosces,
868 3679 913 3735 si
958 3679 1051 3748 qui
1111 3678 1165 3733 in
1216 3678 1632 3734 incursionibus
1679 3678 1776 3732 abs
1817 3685 1871 3733 te
1917 3677 2063 3747 capti

487 3780 639 3838 sunt,
680 3771 749 3825 ad
786 3779 838 3825 te
886 3768 953 3825 de
988 3768 1245 3824 hostibus
1290 3768 1498 3840 aliquid
1542 3767 1802 3824 referant.
1828 3767 1982 3841 Quod
2014 3769 2062 3823 si

490 3879 614 3937 quae
648 3878 678 3918 a
711 3861 1015 3932 transfugis
1042 3871 1096 3916 et
1124 3861 1360 3932 captivis
1407 3861 1670 3915 dicuntur
1699 3860 2060 3925 conveniant,

487 3959 777 4015 veritatem
840 3954 1016 4026 magis
1073 3969 1264 4011 eorum
1315 3970 1438 4027 quae
1483 3964 1805 4027 quaeruntur
1862 3950 2063 4010 intelli-

486 4066 605 4123 ges.

558 4232 649 4287 59.
694 4230 855 4287 Nullo
901 4228 1063 4287 modo
1086 4230 1306 4285 nullave
1342 4228 1409 4284 de
1456 4243 1626 4285 causa
1668 4229 2059 4301 jusjurandum

2172 3223 2401 3279 ἄπιστον
2423 3240 2436 3255 ·
2476 3226 2613 3297 μετὰ
2632 3227 2742 3301 γάρ
2770 3228 2833 3283 τδ
2858 3230 3052 3287 παθεῖν
3077 3233 3111 3305 ἡ
3136 3236 3474 3313 μεταμέλεια
3503 3240 3786 3313 οὐδεμίαν

2171 3314 2342 3370 τίκτει
2371 3317 2657 3387 ὠφέλειαν.

2237 3501 2340 3573 λη’.
2392 3504 2589 3559 Ἰκανοὶ
2622 3507 2721 3576 μὲν
2776 3509 2908 3572 ἴσως
2958 3512 3051 3567 καὶ
3095 3514 3146 3569 oi
3188 3517 3637 3588 προσφεύγοντες
3665 3524 3781 3577 ἀπὸ

2166 3593 2275 3647 τῶν
2324 3593 2599 3665 πολεμίων
2658 3605 2959 3673 παρασχεῖν
2990 3622 3072 3660 σοι
3112 3606 3296 3661 πίστιν
3329 3610 3598 3680 περὶτῶν
3630 3615 3779 3684 ἐρω-

2167 3686 2426 3758 τωμένων
2452 3689 2659 3756 αὐτοῖς.
2707 3693 2893 3749 Ἀλλὰ“
2918 3696 3121 3767 μᾶλλον
3168 3700 3585 3771 ἀσφαλέστερον
3635 3706 3774 3759 dva-

2169 3781 2361 3854 μάθοις
2380 3785 2448 3845 τὰ
2479 3786 2629 3857 παρὰ
2658 3784 2768 3839 τῶν
2797 3786 2856 3853 ἐξ
2890 3788 3188 3861 ἐπιδρομῆς
3218 3790 3427 3861 ἁθρόως
3454 3798 3779 3867 κρατουμέ-

2166 3892 2272 3930 νων
2302 3876 2575 3948 λεγόμενα
2607 3896 2620 3910 ·
2655 3880 2750 3933 καὶ
2809 3880 2916 3952 γὰρ
2948 3880 3078 3935 ὅταν
3114 3882 3400 3954 ἀμφότερα
3426 3886 3501 3939 τά
3514 3904 3575 3940 τε
3615 3890 3778 3959 παρὰ

2164 3963 2272 4018 τῶν
2305 3967 2642 4037 αὐτομόλων,
2679 3970 2775 4024 καὶ
2800 3970 2869 4023 τὰ
2898 3972 3049 4042 παρᾶ
3070 3971 3181 4025 τῶν
3206 3973 3578 4045 αἰχμαλώτων
3610 3979 3777 4047 λεγό-

2168 4074 2307 4128 μενα
2362 4059 2655 4129 συμϐαλὼν
2708 4062 3019 4136 διακρίνῃς,
3050 4066 3176 4120 τότε
3216 4067 3280 4120 τὸ
3321 4068 3524 4140 ἀληθὲς
3553 4072 3775 4140 μᾶλλον

2163 4151 2350 4223 γνώσῃ
2385 4154 2512 4223 περὶ
2543 4147 2618 4206 ὧν
2650 4155 2952 4227 ἐπιζητεῖς.

2234 4244 2332 4299 λθ¹.
2366 4245 2553 4300 Οὑδενὶ
2606 4247 2814 4319 τρόπῳ,
2850 4249 2973 4303 οὐδὲ
3020 4250 3312 4322 οίᾳδήποτε
3346 4254 3634 4325 προφάσει
3673 4259 3774 4314 τὸν

484 4326 744 4383 hostibus
784 4324 1062 4381 ﬁrmatum
1108 4324 1315 4380 violes:
1355 4339 1615 4394 magnum
1668 4326 1812 4377 enim
1856 4325 2060 4378 malum

2187 4338 2301 4409 τρδς
2328 4339 2455 4402 τοὺς
2487 4339 2781 4411 πολεμίους
2828 4342 2992 4415 ὅρκον
3039 4344 3335 4419 παραϐἡσῃ
3376 4324 3509 4401 ποτέ
3536 4366 3550 4380 '
3618 4352 3775 4423 μέγα

486 4420 717 4491 pcrjttrii
773 4418 982 4474 crimen
1023 4423 1129 4473 est.
1170 4415 1230 4470 ιιι
1261 4417 1464 4486 quibus
1504 4415 1649 4470 enim
1698 4415 1864 4470 rebus
1919 4414 2062 4471 Deus

2187 4405 2275 4502 πάρ
2307 4430 2472 4485 κακον
2534 4405 2822 4503 ἐπιορκίας
2862 4405 3154 4513 ’ἔγκλημά
3196 4405 3421 4503 ’ένηοῖς
3463 4440 3578 4513 γὰρ

486 4508 796 4579 intercedit,
821 4510 978 4566 firma
1011 4524 1241 4564 necesse
1274 4517 1361 4563 est
1389 4516 1547 4578 pacta
1570 4522 1715 4563 esse.
1756 4507 2058 4578 Ignominia

2187 4501 2464 4588 ιεσιτεύει,
2507 4501 2700 4593 βέϐαια
2736 4525 2847 4596 (21)
3035 4501 3221 4599 μένειν
3252 4530 3324 4583 τὰ
3364 4501 3771 4600 συντιθέμενα.

482 4606 630 4661 enim
681 4617 879 4675 magna
911 4610 997 4659 est
1040 4600 1308 4657 Romanis
1348 4616 1413 4655 ac
1458 4600 1813 4668 Christianis,
1848 4600 1893 4655 si
1932 4615 2058 4655 cum

2187 4612 2403 4683 llaxdvn
2433 4588 2543 4683 γὰρ
2592 4588 3049 4686 Ῥωμαίοῖιςωκάὶν
3092 4620 3329 4690 μάλιστα
3374 4588 3770 4694 Χριστιανοῖξ

482 4698 711 4768 reliquae
764 4697 1013 4751 nationes
1071 4692 1463 4764 jusjurandum
1520 4691 1791 4762 fidemque
1833 4707 2061 4748 conser-

2187 4704 2269 4757 ’ὦν
2320 4704 2497 4758 ἄλλων
2550 4706 2722 4761 ἐθνῶν
2780 4708 2881 4773 τὰς
2924 4710 3129 4775 οἰκείας
3160 4713 3371 4778 πίστεις
3412 4691 3767 4790 τηρούντων,

480 4797 633 4857 vent,
665 4791 698 4844 ii
740 4789 937 4861 perfidi
966 4788 1081 4845 Deo
1104 4786 1481 4843 intercedente
1518 4801 1581 4842 ac
1612 4787 1915 4842 mediatore
1962 4785 2058 4842 de-

2187 4798 2382 4862 ούτους
2415 4799 2679 4865 ἀπίστους
2727 4803 2856 4873 περὶ
2915 4803 2983 4857 τὰ
3024 4785 3605 4875 συμφωνούμενα-’ὑπὸ
3639 4785 3768 4888 Θεῷ

480 4882 918 4954 prehendantttr.

548 4976 639 5032 40.
692 4975 847 5031 Vallo
883 4981 977 5027 aut
1035 4973 1246 5028 fossato
1284 4972 1709 5044 circumseptus,
1758 4971 2053 5044 siquando

477 5083 568 5125 res
600 5068 805 5138 exigat,
836 5080 905 5119 ne
947 5064 1000 5117 itt
1039 5065 1153 5119 sola
1187 5063 1495 5119 munitione
1545 5079 1697 5133 spem
1735 5065 1931 5120 salutis
1963 5080 2052 5120 re-

476 5175 671 5233 ponas,
705 5160 864 5228 quasi
917 5156 985 5210 ad
1028 5163 1079 5211 te
1109 5155 1514 5211 defendendum
1566 5158 1785 5224 idonea,
1828 5157 1924 5214 sed
1967 5173 2054 5215 se-

475 5252 721 5308 cundum
753 5251 923 5304 Deum
956 5251 1126 5303 armis
1166 5249 1275 5303 tuis
1307 5250 1555 5304 confidas
1585 5266 1598 5303 :
1646 5266 1825 5321 neque
1859 5266 2055 5321 quam-

472 5347 556 5401 vis
614 5344 894 5399 tutissinto
945 5342 999 5397 in
1058 5344 1180 5397 loco
1230 5342 1417 5406 fueris,
1477 5351 1675 5398 caetera
1722 5359 1874 5400 arma
1919 5360 2053 5402 con-

474 5447 717 5502 temnas,
764 5437 811 5493 si
878 5453 1004 5492 vere
1050 5436 1333 5490 Romanus
1378 5436 1479 5491 sis.
1538 5435 1721 5491 Prima
1756 5437 1941 5507 enim,
1993 5449 2051 5495 et

471 5540 717 5588 extrema
768 5547 896 5587 vero
939 5530 1097 5585 militi
1142 5529 1297 5585 salus
1342 5530 1449 5585 erit
1501 5544 1779 5593 armorum
1818 5548 2045 5589 suorum

2163 4890 2359 4971 μεσίτῃ
2384 4890 2724 4963 ἐλέγχεσθαι.

2234 4988 2308 5053 μ’.
2353 4984 2489 5038 Ὑπὸ
2519 4985 2759 5057 χάρακος
2791 5004 2924 5041 ποτε
2964 4988 2997 5061 ἢ
3027 4991 3300 5058 φοσσάτου
3340 5002 3766 5070 περιφρουρού-

2164 5091 2344 5147 μενος,
2372 5078 2460 5131 ὅτε
2483 5079 2701 5133 καλέσει
2733 5081 2944 5153 καιρὸς,
2976 5082 3051 5153 μὴ
3081 5082 3159 5153 τῷ
3174 5085 3400 5156 τοιούτῳ
3426 5089 3594 5155 μόνον
3625 5093 3762 5162 ὀχυ-

2165 5169 2377 5242 ρώματι
2407 5174 2507 5237 τὰς
2538 5173 2759 5239 ἐλπίδας
2783 5175 2883 5247 τῆς
2920 5177 3195 5247 σωτηρίας
3249 5181 3655 5251 καταπίπτευε,
3686 5188 3766 5251 ὡς

2160 5261 2365 5335 ἑτοίμῳ
2394 5264 2509 5318 ὄντι
2567 5266 2705 5339 πρὸς
2758 5268 3099 5340 παράληψιν.
3148 5270 3283 5325 ἀλλά
3318 5275 3461 5344 μετὰ
3496 5277 3641 5333 Θεὸν
3665 5283 3764 5335 καὶ

2159 5352 2217 5407 ὲν
2250 5356 2362 5419 τοῖς
2382 5355 2569 5420 ὅπλοις
2619 5357 2750 5429 ἔχῃς
2793 5360 2891 5431 τὴν
2915 5360 3259 5433 πεποίθησιν,
3306 5365 3401 5419 καὶ
3438 5367 3516 5439 μὴ
3545 5372 3763 5428 τούτων

2157 5446 2350 5517 ἀμέλει
2380 5447 2467 5502 διὰ
2486 5449 2585 5521 τὴν
2618 5450 2787 5521 ἄλλην
2814 5452 3079 5525 φρουρὰν,
3104 5455 3219 5523 εῐγε
3262 5454 3539 5528 Ῥωμαῖος
3566 5462 3728 5535 ύπάρ
3746 5494 3764 5506 -

2157 5555 2275 5608 χεις
2305 5541 2531 5613 ἀληθής.
2555 5542 2752 5616 Πρώτη
2783 5546 2890 5617 γὰρ
2934 5546 3182 5618 σωτηρία
3223 5549 3317 5603 καὶ
3348 5550 3648 5609 τελευταία
3682 5556 3763 5628 τῷ

1986 5652 2218 5711 ΝΟΤΙΕ.

687 5744 1197 5820 ῌρε-σϐεὐολουᾳιν.
1232 5743 1609 5820 Scribebatttr,
1643 5749 2066 5820 πρεσϐεύουσιν.

546 5814 657 5884 (21)
695 5814 931 5871 Bai-Gaia.
968 5814 1347 5884 Scribebatur,
1376 5818 1544 5889 βίϐαι.
