3968 6308
169 409 310 477 1025
334 418 344 427 '

1203 413 1540 476 TACTICA.
1564 439 1635 450 -
1673 414 2176 481 CONSTITUTIO
2203 419 2333 482 XX.

3288 426 3424 493 1026

147 522 386 598 ἀληθινῷ
441 524 750 597 στρατιώτῃ
799 525 832 595 ἡ
880 525 991 580 τῶν
1041 524 1222 582 ὅπλων
1263 529 1411 582 ἐστὶν
1446 529 1737 600 ἐπιμέλεια

1867 545 1994 598 ιιιε,
2026 528 2082 589 εί
2111 534 2498 591 conservatio:
2547 536 2758 607 reliqua
2792 539 2978 595 omnia
3018 554 3130 610 prae
3161 540 3265 598 hoc
3302 545 3422 616 ple-

149 620 246 674 καὶ
294 614 692 687 μεταχείρισις,
720 617 788 670 τὰ
829 615 886 669 δὲ
921 616 1056 672 ἄλλα
1084 620 1180 672 καὶ
1223 621 1335 683 τοῖς
1368 620 1606 690 χυδαίοις
1627 621 1734 674 τῶν

147 711 320 782 ὄχλων
339 708 641 763 ἐπινοεῖται
695 707 975 775 πολλάκις.
1015 711 1127 764 Kal
1165 711 1275 784 γὰρ
1305 714 1400 768 καὶ
1427 715 1538 778 τοῖς
1565 711 1733 769 πάλαι

157 799 450 870 Ῥωμαίοις
481 802 603 854 κατ’
633 800 809 872 ἀρχὰς
837 802 958 856 ἀντὶ
980 805 1176 873 τειχῶν
1205 807 1270 876 τῇ
1316 803 1504 878 Ῥώμῃ
1534 806 1738 877 φόσσαν

149 895 242 948 καὶ
263 891 334 946 τὰ
358 893 498 947 ὅπλα
527 894 895 966 χρηματίζειν
949 896 1191 965 λέγεται.
1233 899 1345 952 Kal
1388 899 1736 972 Λακεδαιμο-

147 989 275 1043 νίων
309 987 438 1041 ποτέ
468 987 806 1060 στρατιώτης
859 989 1236 1061 ἐρωτώμενος,
1285 991 1395 1045 Ποῦ
1421 992 1470 1045 οί
1500 993 1600 1063 τῆς
1627 994 1731 1064 τῆς

150 1079 303 1150 ὑμῶν
335 1078 472 1150 ὅροι,
500 1077 719 1148 λέγεται
742 1080 938 1145 εἰπεῖν,
963 1075 1114 1146 Ὧδε,
1146 1081 1325 1147 δείξας
1347 1081 1409 1136 τὸ
1429 1084 1484 1136 ἐν
1501 1085 1568 1155 τῇ
1590 1084 1736 1156 χειρὶ

148 1170 514 1242 κατεχόμενον
539 1172 695 1245 δόρυ.

220 1263 335 1338 μα’.
364 1265 754 1337 Παρακελεύου
777 1267 960 1323 τοίνυν
996 1273 1110 1335 τοῖς
1148 1270 1534 1342 στρατιώταις,
1568 1270 1742 1334 οὕτως

147 1352 286 1411 εἶναι
315 1357 868 1430 παρεσκευασμένους
891 1359 978 1414 ἀεὶ
1020 1359 1132 1430 (22)
1157 1359 1233 1425 ὡς
1265 1360 1358 1415 καὶ
1381 1362 1438 1414 ἐν
1472 1362 1633 1433 ἐορτῇ
1653 1361 1745 1414 καὶ

148 1451 208 1504 ἐν
234 1448 450 1522 ὄμϐρῳ,
486 1451 580 1504 καὶ
611 1452 670 1505 ἐν
717 1453 895 1518 νυκτὶ,
928 1453 1022 1507 καὶ
1057 1455 1116 1508 ἐν
1154 1453 1363 1525 ἡμέρᾳ,
1402 1454 1498 1509 καὶ
1544 1454 1672 1508 ὅταν
1703 1455 1738 1525 ἡ

149 1542 308 1613 χρεία
336 1542 566 1614 καλέσῃ,
603 1542 819 1614 μέλλειν
849 1545 1012 1599 αὑτὸν
1048 1545 1253 1610 ἐξιέναι
1283 1546 1426 1599 κατὰ
1451 1546 1562 1599 τῶν
1588 1546 1746 1600 πολε-

153 1636 295 1706 μίων
317 1653 331 1667 ·
364 1635 454 1690 διὰ
479 1636 640 1690 τοῦτο
692 1639 802 1710 γὰρ
855 1638 948 1692 ἐπὶ
1001 1639 1092 1693 τὸν
1135 1637 1378 1694 τοιοῦτον
1413 1639 1607 1710 καιρὸν
1633 1639 1742 1694 οὐδ’

151 1729 372 1800 ἡμέραν
400 1729 598 1794 αὐτοὺς
624 1730 706 1784 δεῖ
723 1731 1012 1803 προλέγειν
1037 1732 1371 1804 ὡρισμένην,
1400 1732 1488 1787 διὰ
1512 1733 1572 1787 τὸ
1599 1733 1742 1787 ἐτοί-

155 1840 291 1894 μους
319 1822 518 1888 αὐτοὺς
546 1819 685 1879 εἶναι
711 1823 799 1877 διὰ
834 1825 1056 1890 παντός.

1843 619 1966 675 heia
2016 629 2070 679 et
2102 621 2349 695 vulgaria
2378 625 2746 682 existimanda
2788 637 2940 685 sunt.
2969 631 3242 703 Antiquos
3273 634 3424 690 enim

1843 709 2125 772 Romanos
2156 732 2440 774 murorum
2474 718 2591 776 vice
2621 719 2850 787 fossam,
2869 730 2923 778 et
2942 738 3094 778 arma
3124 740 3425 797 usurpasse

1842 807 2097 878 legimus.
2141 811 2210 866 Et
2259 810 2715 871 Lacedaemonius
2756 817 2916 873 miles
2953 819 3082 874 olim
3118 819 3425 892 interroga-

1843 909 1955 968 tus,
1987 904 2080 960 ubi
2109 905 2357 972 ditionis
2391 922 2507 964 suae
2555 910 2776 966 termini
2813 920 3021 979 essent,
3053 913 3262 972 dixisse
3307 915 3422 972 fer-

1842 1004 1950 1063 tur,
1983 994 2102 1064 Hic,
2147 998 2360 1055 hastam
2382 1000 2652 1058 vibratam
2676 1018 2844 1060 manu
2870 1005 3192 1062 ostendens.

1913 1266 2006 1322 41.
2045 1267 2443 1327 Adhortaberis
2494 1270 2699 1328 milites
2752 1285 2990 1343 semper,
3024 1281 3085 1326 ut
3132 1273 3210 1329 ita
3251 1274 3430 1344 parati

1844 1359 1993 1426 sint,
2024 1371 2083 1418 ut
2145 1362 2297 1418 omni
2347 1373 2630 1435 tempore,
2680 1379 2906 1433 sereno,
2962 1365 3175 1437 pluvio,
3227 1377 3429 1435 noctu,

1845 1452 2130 1518 interdiu.
2194 1455 2283 1511 ubi
2333 1472 2470 1513 usus
2534 1455 2679 1524 fert,
2741 1458 3036 1515 adversum
3099 1459 3287 1517 hostes
3346 1461 3433 1516 in-

1847 1555 2138 1604 struantur
2187 1566 2199 1602 :
2243 1549 2446 1604 talibus
2501 1550 2650 1604 enim
2710 1551 3058 1622 temporibus
3105 1567 3180 1608 ne
3236 1552 3433 1610 horam

1847 1639 2070 1710 quidem
2101 1640 2341 1712 aliquam
2383 1642 2743 1699 constitutam
2784 1644 3073 1715 assignare
3101 1653 3337 1718 oportet,
3372 1655 3434 1702 ut

1847 1729 1900 1785 in
1939 1740 2195 1803 promptu
2224 1735 2453 1790 omnino
2484 1735 2618 1792 sint.

225 1915 337 1988 μβ’.
363 1917 544 1988 Νίκης
582 1935 664 1971 σοι
692 1918 847 1991 παρὰ
875 1918 1012 1972 Θεοῦ
1046 1920 1103 1972 ἐν
1132 1919 1369 1992 δημοσίᾳ
1408 1921 1556 1991 μάχῃ
1605 1937 1747 1990 παρ-

1919 1910 2010 1964 42.
2053 1910 2296 1967 Victoria
2352 1913 2452 1969 tibi
2478 1913 2562 1985 {in
2613 1914 2838 1985 publico
2866 1915 3057 1988 praelio
3100 1931 3130 1972 a
3171 1915 3284 1973 Deo
3331 1916 3434 1974 ob-

151 2007 444 2079 εχομένης,
472 2008 566 2062 ἐὰν
600 2010 780 2081 συμϐῇ
806 2011 930 2074 τοὺς
967 2010 1298 2076 ἀντιπάλους
1322 2012 1354 2082 ἢ
1398 2013 1456 2065 ἐν
1480 2012 1685 2083 χάρακι
1711 2013 1745 2084 ἢ

150 2102 402 2174 ἐνςέτέρῳ
427 2101 606 2174 ὀχυρῷ
631 2103 782 2174 τόπῳ
805 2105 1166 2173 καταφυγεῖν,
1202 2105 1276 2175 μὴ
1296 2102 1533 2176 ἐνδώσῃς
1568 2105 1750 2170 αὐτοῖς

149 2195 345 2267 καιρὸν
376 2195 640 2260 ἀνέσεως,
716 2195 856 2250 ἀλλὰ
912 2195 1006 2250 τοῦ
1036 2196 1205 2265 φόϐου
1245 2197 1529 2262 νεάζοντος
1564 2197 1750 2262 αὐτοῖς

151 2286 388 2358 ἐπέρχου
408 2287 501 2341 καὶ
524 2285 790 2352 ὲπιτίθου,
818 2287 904 2342 ἵνα
926 2286 1000 2359 μὴ
1025 2289 1088 2359 τῇ
1106 2287 1310 2341 ἐνδόσει
1337 2289 1741 2362 ἀσφαλέστεροι

151 2381 440 2452 γενόμενοι
493 2380 812 2454 θαρῤἠσωσι
873 2379 974 2453 τὴν
1023 2377 1196 2454 ἧτταν
1243 2379 1426 2436 αὐτῶν
1467 2381 1754 2453 ἀναμαχήφ

156 2471 370 2527 σασθαι.

223 2561 334 2635 μγ’.
379 2562 510 2619 Ἐάν
556 2581 701 2628 τινες
763 2563 943 2618 ἱκέται
998 2563 1425 2634 προσφεύγωσιν
1481 2561 1592 2618 ἀπὸ
1638 2561 1752 2618 τῶν

153 2652 432 2725 πολεμίων
461 2653 600 2726 πρὸς
633 2654 718 2722 σὲ,
749 2653 824 2726 μὴ
845 2654 920 2718 ὠς
954 2653 1113 2726 ἔτυχε
1139 2653 1365 2718 τούτους
1402 2653 1708 2726 προσδέχου
1735 2671 1749 2686 ο

153 2747 417 2812 πολλάκις
453 2747 563 2817 γάρ
619 2747 725 2802 ὑπὸ
772 2747 882 2801 τῶν
912 2745 1124 2819 ἐχθρῶν
1164 2745 1478 2818 πέμπονται
1509 2745 1646 2817 δόλῳ
1673 2745 1751 2810 ὡς

152 2839 328 2894 ίκέται
354 2841 452 2894 καί
481 2857 643 2895 τινων
663 2839 936 2913 δεόμενοι,
973 2834 1071 2894 καὶ
1100 2837 1274 2904 οὓτως
1302 2841 1414 2904 τοῖς
1436 2838 1752 2909 δεξαμένοις

151 2932 510 2990 ἐπιϐουλεύου
519 2951 625 2990 σιν.

227 3028 333 3098 μδ’.
374 3028 662 3083 ’Υπονοεῖν
717 3028 801 3083 δεῖ
854 3029 950 3084 καὶ
1004 3027 1460 3101 παραφυλάττειν
1494 3022 1754 3096 ἀσφαλῶς

155 3121 281 3185 τοὺς
304 3119 756 3204 προσρυομένους
777 3121 897 3184 ταῖς
945 3118 1436 3191 πολιορκουμέναις
1476 3114 1634 3188 ἡμῶν
1660 3114 1757 3168 πό-

1846 2001 2017 2073 jecta,
2048 2005 2095 2059 si
2124 2002 2267 2060 forte
2301 2004 2513 2071 hostes,
2536 2007 2623 2063 vel
2659 2007 2726 2063 ad
2753 2008 2956 2070 vallum
2978 2009 3062 2065 vel
3093 2008 3161 2065 ad
3196 2010 3438 2082 aliquem

1849 2094 2124 2148 munitum
2177 2095 2358 2151 locum
2427 2097 2791 2168 confugiant,
2860 2100 3074 2156 nullum
3148 2101 3438 2158 relaxandi

1848 2195 2065 2258 tempus
2113 2185 2222 2242 illis
2265 2187 2489 2254 tribue,
2539 2190 2638 2246 sed
2686 2197 2904 2247 terrore
2951 2200 3175 2248 recente
3221 2193 3439 2266 impen-

1848 2279 2013 2336 dente
2058 2278 2183 2337 illos
2240 2279 2537 2348 adoriaris,
2589 2298 2658 2338 ne
2701 2284 3046 2342 relaxatione
3089 2286 3276 2359 aliqua
3324 2287 3438 2343 illis

1850 2387 2139 2441 concessa,
2181 2372 2455 2431 ﬁrmiores
2495 2385 2551 2431 et
2594 2377 2904 2447 paratiores
2950 2379 3086 2436 ﬂant
3134 2381 3203 2438 ad
3263 2379 3441 2438 victo-

1851 2465 1989 2520 riam
2031 2465 2296 2524 amissam
2325 2473 2597 2536 quantum
2632 2479 2872 2540 possunt
2904 2473 3366 2544 recuperandam.

1927 2558 2019 2614 45.
2059 2556 2117 2612 Si
2153 2558 2251 2630 qui
2299 2559 2446 2616 servi
2478 2559 2722 2616 hostium
2780 2563 2848 2618 ab
2895 2563 3008 2622 illis
3054 2565 3121 2620 ad
3156 2573 3210 2621 te
3243 2565 3442 2624 confu-

1853 2651 2060 2723 gerint,
2089 2666 2161 2708 ne
2190 2653 2421 2724 quosvis
2458 2654 2649 2711 statim
2687 2655 2923 2727 recipias
2953 2676 2969 2714 :
3004 2672 3148 2730 saepe
3188 2660 3336 2715 enim
3372 2662 3442 2718 ab

1853 2745 2110 2804 hostibus
2140 2747 2267 2804 dolo
2313 2748 2618 2806 mittuntur
2647 2751 2809 2822 quasi
2835 2752 2980 2809 servi
3015 2760 3069 2808 et
3114 2765 3443 2811 caeterarum

1853 2853 2039 2895 rerum
2070 2849 2318 2912 egentes,
2349 2849 2515 2914 atque
2557 2843 2693 2899 adeo
2738 2843 2871 2912 illis,
2916 2844 3010 2916 qui
3065 2858 3126 2904 se
3163 2847 3443 2920 recipiunt

1856 2931 2218 2988 insidiantur.

1926 3023 2017 3081 ιι.
2074 3024 2395 3082 Cavendum
2425 3026 2620 3083 sedulo
2673 3028 3194 3102 observandumque
3242 3041 3326 3090 est
3372 3033 3443 3089 ab

1857 3117 1947 3183 iis,
2004 3116 2099 3187 qui
2156 3117 2227 3174 ab
2274 3118 2528 3175 hostibus
2580 3118 2648 3174 ad
2702 3120 2962 3177 obsessas
3011 3121 3178 3179 urbes
3226 3134 3441 3181 vestras

155 3210 272 3269 λεσι
300 3215 459 3288 παρὰ
484 3215 593 3269 τῶν
628 3214 876 3287 ἐχθρῶν,
911 3214 1001 3268 διὰ
1045 3214 1108 3268 τὸ
1154 3213 1230 3284 μὴ
1268 3213 1400 3283 παρ’
1419 3209 1602 3266 αὐτῶν
1630 3225 1751 3302 τινα

1867 3205 2182 3262 dilabuntur
2214 3221 2230 3261 :
2267 3222 2411 3280 saepe
2457 3209 2604 3262 enim
2636 3208 2951 3279 hujusmodi
2976 3210 3235 3268 civitates
3262 3215 3443 3269 solent

159 3307 360 3380 βλάϐην
391 3309 696 3379 ὑποστῆναι
723 3324 737 3338 ·
768 3306 1032 3370 πολλάκις
1060 3306 1172 3379 γὰρ
1191 3304 1557 3377 ἐμπρησμοὺς
1575 3300 1756 3356 ποιοῦ-

159 3415 264 3465 σιν,
299 3401 394 3455 καὶ
429 3397 540 3454 τῶν
566 3399 771 3454 έσωθεν
824 3398 1131 3468 ἀνθρώπων
1187 3398 1317 3468 περὶ
1369 3399 1497 3460 τοὺς
1535 3397 1754 3466 ἐμπρη-

160 3492 330 3560 σμοὺς
358 3491 802 3563 ἀσχολουμένων,
837 3489 1039 3557 ἔξωθεν
1063 3493 1113 3544 ot
1147 3489 1401 3562 πολέμιοι
1430 3487 1750 3557 ἀδεέστερον

160 3583 523 3639 ἐπιτίθενται.

229 3673 334 3745 με’.
375 3675 579 3747 Μάχης
611 3675 984 3747 προκειμένης
1011 3674 1112 3728 ἐὰν
1138 3674 1246 3746 ἄρα
1272 3674 1579 3749 δοκιμάζῃς
1612 3675 1756 3740 ἀξιό-

165 3782 336 3836 μαχος
357 3763 501 3820 εἶναι
527 3766 634 3820 τῶν
664 3766 896 3838 ἐχθρῶν,
918 3759 963 3819 ὦ
996 3767 1293 3837 στρατηγέ,
1337 3766 1395 3819 ἐν
1433 3768 1500 3837 τῇ
1532 3767 1755 3820 ἐκείνων

165 3859 321 3930 χώρᾳ
348 3861 452 3931 τὴν
507 3860 686 3931 μάχην
733 3859 1107 3930 ἐπιτηδεύσεις
1139 3875 1152 3889 ο
1182 3856 1342 3912 τοῦτο
1385 3858 1494 3931 γὰρ
1554 3859 1756 3930 μᾶλλον

160 3950 415 4022 ἁρμόδιον
471 3953 616 4025 ἢπερ
668 3953 726 4004 ἐν
757 3953 823 4024 τῇ
860 3951 966 4023 ίδία
987 3967 1001 3981 ο
1046 3951 1155 4005 τῶν
1183 3951 1290 4023 γὰρ
1334 3953 1392 4005 ἐν
1421 3955 1489 4022 τῇ
1515 3951 1756 4024 πολεμίᾳ

163 4046 234 4116 γῇ
267 4044 599 4117 μαχομένων
628 4046 721 4098 καὶ
742 4043 811 4098 τὰ
868 4045 1191 4114 φρονήματα
1235 4041 1458 4114 μείζονα
1478 4043 1745 4112 γίνονται,

162 4138 257 4192 καὶ
287 4141 314 4192 ὁ
333 4139 612 4208 ἀγὼνόὑκ
641 4138 758 4192 ἐστι
789 4137 864 4202 ὡς
889 4137 1030 4208 ὑπὲρ
1061 4137 1156 4190 τοῦ
1195 4137 1327 4191 ἰδίου
1360 4136 1547 4201 ἔθνους
1588 4137 1752 4209 μόνου

163 4232 457 4302 πρόκειται
491 4233 676 4297 αὐτοῖς
699 4233 728 4286 ὁ
754 4230 848 4285 τοῦ
893 4230 1134 4301 πολέμου
1158 4271 1174 4298 ,
1207 4229 1342 4284 ἀλλὰ
1373 4230 1469 4283 καὶ
1495 4230 1636 4302 ὑπὲρ
1660 4233 1759 4300 τῆς

162 4324 348 4381 αὐτῶν
377 4325 678 4398 σωτηρίας.
711 4325 822 4379 Καὶ
843 4323 952 4395 γὰρ
986 4323 1214 4389 οἴδασιν,
1245 4322 1320 4387 ὡς
1361 4322 1457 4377 ἐὰν
1490 4323 1564 4394 μὴ
1594 4323 1754 4394 στερο

166 4417 277 4490 ρῶς
305 4419 804 4483 ἀντικαταστάντες
838 4419 918 4483 είς
976 4417 1155 4490 φυγὴν
1205 4417 1264 4472 ἐν
1309 4418 1376 4488 τῇ
1409 4416 1646 4488 πολεμία
1687 4419 1756 4488 γῇ

162 4511 808 4583 τραπῶσιν,ἀνέλπιστος
833 4511 1018 4574 αὐτοῖς
1041 4511 1073 4580 ἡ
1093 4509 1337 4580 σωτηρία
1363 4509 1594 4577 γίνεται,
1624 4509 1760 4575 ὅπερ

1861 3299 2161 3356 incendere
2197 3340 2213 3367 ,
2261 3309 2316 3356 et
2366 3301 2586 3357 civibus
2653 3301 2711 3357 in
2765 3302 3156 3375 restinguenda
3225 3304 3445 3361 ﬂamma

1859 3393 2145 3463 occupatis
2179 3429 2195 3457 ,
2269 3393 2595 3450 obsessores
2664 3393 2945 3451 civitatem
3016 3396 3218 3454 melius
3288 3397 3445 3454 inva-

1859 3485 2019 3540 dunt.
2554 3495 2560 3502 '

1929 3684 2024 3739 45.
2063 3683 2210 3741 Bello
2248 3684 2536 3756 proposito
2566 3685 2612 3741 si
2665 3685 2980 3755 speraveris
3011 3694 3067 3743 te
3105 3687 3344 3744 habilem
3377 3690 3444 3745 ad

1861 3777 2266 3849 oppugnandos
2301 3777 2491 3834 hostes
2514 3791 2659 3840 esse,
2699 3777 2918 3833 illorum
2950 3778 3008 3832 in
3050 3779 3277 3850 regione
3307 3795 3450 3850 prae-

1860 3871 1994 3927 lium
2048 3872 2366 3927 committas
2410 3890 2423 3926 :
2477 3872 2582 3926 hoc
2617 3871 2762 3926 enim
2820 3873 2997 3943 magis
3028 3872 3282 3929 idoneum
3319 3875 3447 3941 erit,

1861 3980 2026 4036 quam
2064 3965 2111 4021 si
2153 3964 2209 4020 in
2268 3973 2362 4020 tua
2395 3965 2572 4036 ipsius
2615 3964 2838 4036 regione
2864 3951 3094 4037 pugnes,
3128 3974 3182 4022 et
3236 3968 3451 4023 animos

1845 4068 2086 4116 tuorum
2123 4059 2470 4115 strenuiorcs
2501 4058 2632 4114 facit
2666 4077 2682 4115 :
2718 4066 2773 4116 et
2810 4059 2879 4114 de
2929 4074 3030 4116 sua
3079 4059 3303 4115 natione
3332 4060 3452 4116 bel-

1862 4153 1977 4208 lum
2005 4169 2115 4208 non
2152 4154 2276 4220 erit,
2311 4153 2406 4208 sed
2431 4153 2499 4209 de
2532 4168 2631 4209 sua
2667 4153 2913 4224 ipsorum
2940 4153 3136 4209 salute.
3170 4150 3453 4209 Noverunt

1862 4246 2010 4301 enim
2042 4260 2125 4311 se,
2185 4246 2232 4302 si
2282 4260 2393 4301 non
2458 4254 2687 4302 strenue
2718 4254 2884 4316 atque
2917 4245 3175 4301 alacriter
3201 4245 3257 4300 in
3308 4245 3453 4301 bello

1865 4353 1990 4394 cum
2031 4337 2286 4394 hostibus
2317 4337 2610 4404 dimicent,
2658 4337 2712 4392 in
2745 4337 2926 4408 fugam
2968 4336 3263 4393 vertendos
3305 4352 3450 4404 esse,

1867 4441 1924 4486 et
1957 4431 2025 4486 de
2072 4431 2249 4487 Salute
2293 4446 2394 4487 sua
2442 4431 2647 4485 nullam
2707 4445 2858 4500 spem
2896 4445 3019 4487 esse
3050 4445 3230 4502 posse.
3265 4431 3334 4484 At
3364 4446 3453 4488 re-

1867 4523 2030 4594 gione
2061 4522 2118 4577 in
2152 4538 2251 4578 sua
2283 4531 2478 4578 contra
2512 4530 2737 4591 sperant
2771 4542 2784 4578 :
2825 4537 2952 4578 nam
2981 4530 3035 4577 et
3070 4523 3195 4594 fuga
3220 4524 3454 4580 salutem

164 4605 224 4656 ἐν
260 4608 329 4676 τῇ
385 4606 494 4676 ἰδία
553 4608 625 4678 γῇ
691 4605 1078 4675 πολεμούντων
1133 4602 1311 4656 αὐτῶν
1366 4601 1613 4671 γίνεσθαι
1664 4601 1751 4653 οὐ)

1875 4628 2124 4685 quaerere
2158 4628 2217 4669 se
2235 4629 2401 4684 posse
2435 4621 2685 4685 sperant,
2705 4622 2759 4668 et
2785 4615 2851 4669 ad
2878 4605 3214 4671 munitiones
3243 4615 3451 4680 venire,

166 4694 486 4765 αναγκαῖον.
519 4697 632 4751 Καὶ
658 4694 768 4766 γὰρ
808 4693 902 4748 καὶ
936 4695 1223 4764 φυγόντες,
1265 4689 1580 4757 ἐλπίζουσιν
1612 4691 1766 4744 ἀκιν-

164 4785 342 4851 δύνως
393 4787 656 4858 σωθῆναι,
717 4787 814 4840 καὶ
863 4780 1240 4857 ὀχυρωμάτων
1295 4781 1654 4838 ἐπιλαϐέσθαι
1705 4781 1765 4834 ἐν

170 4873 254 4942 οἷς
284 4881 659 4953 σωθήσονται⁹
709 4878 804 4933 καὶ
832 4879 919 4933 διὰ
952 4877 1112 4932 τοῦτο
1139 4875 1403 4946 γενναίως
1444 4874 1764 4944 ἀντιστῆναι

172 4972 288 5036 τοῖς
317 4972 600 5044 πολεμίοις
638 4975 688 5028 οἱ
721 4971 1056 5042 στρατιῶται
1099 4971 1174 5040 μὴ
1202 4967 1649 5040 συγχωρούμενοι
1686 4968 1767 5031 είς

173 5064 354 5136 φυγὴν
376 5066 660 5122 ἀκίνδυνον
686 5064 1054 5120 συνωθοῦνται
1093 5063 1289 5116 ἐλθεῖν.

246 5156 366 5228 μς’.
413 5159 523 5213 ’Δεί
548 5177 600 5212 τι
632 5158 1018 5230 πραττέτωσαν
1057 5156 1108 5208 οἱ
1138 5153 1492 5226 στρατιῶται,
1531 5153 1660 5207 ὅταν
1688 5151 1762 5223 μὴ

178 5253 207 5304 δ
233 5252 474 5324 πόλεμος
505 5252 720 5324 ἐνοχλῇ,
752 5253 846 5306 καὶ
877 5249 952 5322 μὴ
978 5250 1323 5321 ἅργείτωσαν
1344 5264 1358 5279 ο
1394 5249 1428 5316 ὴ
1465 5246 1576 5317 γὰρ
1598 5245 1765 5316 ἀργία

183 5341 550 5412 στρατιώταις
574 5341 983 5414 συντρεφομένη
1022 5339 1273 5412 ταραχῆς
1304 5339 1539 5410 ὑπάρχει
1565 5355 1764 5408 γεννη-

181 5437 329 5506 τική.

257 5525 363 5599 μζ.
391 5529 464 5585 Τὸ
509 5530 845 5605 ’θεραπεύειν
892 5529 954 5583 τὸ
996 5527 1153 5582 Θεῐον
1212 5527 1300 5582 διὰ
1336 5526 1536 5589 παντὸς
1590 5522 1764 5596 χρεών

1873 4707 2077 4779 quibus
2131 4717 2463 4762 serventur:
2503 4716 2668 4777 atque
2703 4705 2841 4762 adeo
2895 4723 3020 4763 cum
3082 4717 3312 4764 strenue
3357 4707 3455 4762 ho-

1872 4799 2050 4854 stibus
2081 4799 2340 4855 resistere
2368 4814 2475 4854 non
2511 4813 2736 4855 necesse
2763 4798 2990 4864 habent,
3033 4797 3102 4852 ad
3145 4797 3325 4869 fugam
3364 4812 3457 4854 se-

1874 4907 2063 4947 curam
2093 4907 2152 4947 se
2179 4898 2533 4948 convertunt.

1941 5151 2030 5207 46.
2071 5150 2178 5208 Ubi
2229 5151 2359 5208 belli
2417 5152 2566 5206 nulla
2615 5152 2960 5221 perturbatio
3010 5159 3126 5215 est,
3180 5168 3290 5207 non
3336 5153 3455 5208 otio

1875 5250 2198 5315 torpescant
2242 5243 2468 5308 milites,
2497 5241 2592 5297 sed
2644 5242 2759 5296 haec
2809 5253 2974 5313 agant
3008 5243 3192 5313 potius
3228 5261 3241 5297 :
3276 5243 3451 5298 otium

1875 5336 2023 5393 enim
2050 5336 2316 5392 militibus
2342 5351 2667 5406 magnarum
2694 5335 3025 5392 seditionum
3085 5345 3139 5393 et
3165 5337 3450 5392 turbarum

1877 5441 2048 5482 causa
2077 5434 2182 5481 οδι.

1951 5517 2042 5571 47.
2085 5516 2362 5572 Colcndus
2395 5518 2623 5573 omnino
2656 5518 2801 5574 Deus
2832 5525 2938 5573 est.
2967 5515 3238 5572 Bellorum
3270 5519 3450 5569 autem

1703 5655 1950 5713 ΝΟΤᾹΖ.

405 5759 540 5833 Post
594 5761 719 5825 ista,
748 5756 1308 5833 παρεσκευασμένους
1325 5754 1430 5833 ἀεί’,
1481 5753 1762 5833 typotheta

188 5825 389 5914 emis“:
411 5831 488 5914 (ἒς
516 5834 596 5914 ,εν
624 5825 948 5914 “seized
978 5830 1038 5914 ἐν
1065 5825 1482 5914 δείξειν-..δψῖ
1502 5825 1764 5914 ξ’ςὶίὲεηὲγ

186 5897 395 5972 δμδρῳ.
422 5900 531 5958 Sed
561 5895 839 5968 necillu'd,
885 5904 943 5955 ἐν
974 5895 1349 5972 ἐορτῇ’φ’ἱδιίιιε
1381 5895 1488 5954 loci
1513 5895 1761 5951 videtur:

417 5999 695 6064 ΡΑτιιοι..
724 6001 841 6063 Gn.
882 6000 1067 6063 CVII.

1874 5766 1999 5876 na{n
2027 5750 2188 5890 ἐιέρτὴ
2219 5755 2311 5809 καὶ
2338 5751 2565 5823 ὄμϐρος,
2586 5766 2698 5808 non
2726 5759 2854 5808 sunt
2877 5749 3149 5815 ἀντίθετα,
3179 5757 3238 5804 ιιι
3271 5749 3452 5821 ἡμέρα

1874 5839 1944 5876 κα
2000 5841 2059 5876 νυ
2101 5863 2114 5877 .

1874 5839 1968 5876 και
2000 5839 2114 5877 νυε.

2985 5989 3061 6048 33
