3968 6308
604 391 738 458 1027

1854 388 2126 449 LEONIS
2163 385 2617 450 PHILOSOPHI

3731 393 3872 459 1023

601 511 656 561 In
696 504 938 561 exordiis
987 504 1221 560 maxime
1269 503 1418 558 illum
1469 502 1860 558 veneraberis:
1913 505 1957 559 si
2014 505 2155 558 enim

2273 501 2436 554 ἐστιν.
2461 501 2714 556 Μάλιστα
2761 500 2817 555 δὲ
2861 501 3017 557 τοῦτο
3065 501 3446 574 θεραπεύσεις,
3477 499 3524 558 ὦ
3559 515 3875 579 στρατη-γὲ,

599 597 750 652 illum
801 597 1038 652 colueris
1099 610 1234 664 pure
1277 609 1345 648 ac
1403 593 1675 663 religiose,
1713 593 1879 648 sicuti
1928 595 2009 650 fas
2061 607 2164 662 est,

599 690 654 745 in
686 691 942 745 omnibus
1002 690 1259 760 periculis
1303 698 1356 745 et
1410 688 1910 759 perturbationibus
1957 690 2166 760 suppli-

601 783 750 839 cabis
783 783 860 838 illi
905 784 1062 854 quasi
1103 783 1302 848 amico,
1344 791 1398 838 et
1430 781 1660 838 salutem
1690 781 1758 837 ab
1807 780 2162 854 illo'compa-

599 875 769 932 rabis.

669 1054 760 1109 48.
790 1052 1037 1124 Vigilans
1077 1052 1394 1124 imperator,
1427 1061 1479 1108 et
1508 1053 1809 1108 exercitum
1839 1069 2000 1110 suum
2029 1068 2163 1109 con-

595 1148 844 1203 tentione
870 1146 1140 1218 corporis,
1179 1155 1233 1201 et
1265 1148 1546 1203 laboribus
1572 1158 1900 1218 occuliatum
1947 1157 2160 1212 tenens,

595 1241 780 1295 minus
814 1240 1069 1294 omnibus
1109 1239 1531 1308 periclitabitur.

667 1332 758 1387 49.
793 1330 992 1386 Milites
1018 1333 1071 1386 in
1104 1333 1351 1401 praelium
1389 1331 1658 1387 educendi
1693 1348 1796 1386 non
1824 1341 1953 1386 sunt
1983 1332 2163 1402 prius-

594 1440 758 1495 quam
782 1425 1000 1480 illornni
1039 1425 1344 1496 perieulum
1375 1423 1594 1492 feceris,
1620 1427 1715 1481 sed
1747 1426 2162 1496 cognoscendus

596 1517 975 1588 unusquisque
1029 1517 1186 1574 miles
1237 1526 1340 1583 est,
1370 1532 1534 1586 quam
1587 1518 1655 1572 ad
1683 1533 1820 1583 rem,
1863 1527 1916 1575 et
1951 1533 2058 1590 qua
2107 1521 2162 1572 iu

595 1610 713 1667 acie
742 1609 814 1667 sit
846 1609 1016 1674 utilis,
1053 1609 1241 1681 itaque
1268 1609 1629 1666 instruendus
1667 1617 1775 1666 est.

2267 591 2376 644 τῶν
2404 592 2716 661 πολεμικῶν
2755 594 3013 649 κινδύνων
3075 596 3418 667 ἀπάρχεσθαι
3476 596 3744 667 μέλλων·
3785 603 3876 653 ἐὰν

2266 684 2375 754 γὰρ
2396 686 2634 754 γνησίως
2657 685 2778 739 τότε
2800 687 2891 741 τὸν
2916 687 3048 741 Θεὸν
3072 688 3444 761 θεραπεύσῃς,
3473 690 3625 760 τάχα
3660 689 3876 762 θαρῤἠο

2268 790 2380 838 σεις
2427 776 2490 827 ὲν
2539 777 2650 840 τοῖς
2704 776 2895 839 δεινοῖς
2925 777 3000 840 ὡς
3051 779 3187 849 πρὸς
3229 778 3382 849 φίλον
3427 796 3512 832 σοι
3547 779 3760 832 τοῦτον
3782 784 3874 845 τὰς

2270 865 2479 930 ἱκεσίας
2524 867 2819 934 ποιεῖσθαι,
2853 868 2955 922 καὶ
2996 870 3104 940 τὴν
3156 871 3428 941 σωτηρίαν
3455 871 3604 941 μετά
3646 875 3872 942 «1,5551;-

2267 959 2386 1022 σίας
2411 959 2712 1030 ἐπιζητεῖν.

2334 1050 2448 1122 μη’.
2487 1052 2546 1105 '0
2578 1054 2974 1125 συναγρυπνῶν
3003 1054 3083 1125 τῷ
3123 1056 3498 1126 στρατεύματι
3529 1059 3865 1130 στρατηγός,

2264 1147 2359 1200 καὶ
2381 1146 2542 1202 πλέον
2565 1147 2743 1201 πονῶν
2797 1150 2854 1201 ὲν
2901 1148 2978 1218 τῷ
3013 1148 3386 1220 γυμνάζεσθαι
3416 1153 3546 1214 τοὺς
3589 1149 3865 1220 στρατιὼ-

2263 1256 2380 1305 τας,
2406 1241 2590 1310 ἥττων
2615 1236 2750 1294 εἶναι
2770 1243 2828 1295 οὺ
2853 1241 3188 1294 κινδυνεύσει
3210 1242 3352 1298 κατά
3373 1243 3465 1296 τὸν
3502 1242 3779 1313 πόλεμον.

2337 1335 2445 1405 μθ’.
2478 1331 2826 1404 Στρατιώτας
2877 1335 3094 1402 ἐξάγειν
3137 1336 3229 1388 ἐπὶ
3268 1337 3448 1406 μάχην
3503 1339 3772 1400 ἐκείνους
3811 1339 3864 1389 οὑ

2262 1426 2399 1493 δέον,
2425 1418 2498 1479 ὧν
2526 1427 2601 1498 μὴ
2628 1427 2894 1498 πρότερον
2923 1427 3156 1499 εἴληφας
3178 1427 3276 1499 τὴν
3304 1431 3500 1500 πεῖραν
3536 1431 3746 1499 ἱκανὴν
3782 1432 3866 1484 ἐπὶ

2262 1518 2536 1589 ἀνδρείαν,
2573 1519 2983 1589 τυγχάνουσανο
3041 1518 3178 1572 ἀλλά
3214 1520 3293 1573 δεῖ
3324 1537 3384 1574 σε
3431 1522 3769 1590 γινώσκειν,
3821 1528 3863 1577 εἰ

2262 1605 2508 1671 δυνατὸν,
2538 1606 2770 1662 ἕκαστον
2799 1608 2907 1662 τῶν
2927 1609 3273 1680 στρατιωτῶν
3302 1611 3359 1663 ὲν
3385 1613 3532 1684 ποίῳ
3566 1616 3863 1685 πράγματι

2262 1696 2357 1748 καὶ
2391 1695 2448 1747 ὲν
2476 1698 2613 1767 ποίῳ
2643 1696 2888 1767 τάγματι
2915 1698 3068 1752 ἐστιν
3103 1698 3383 1770 ἁρμόδιος,
3420 1703 3519 1756 καὶ
3557 1704 3749 1770 οὕτως
3775 1710 3864 1761 αὖτ-

2262 1787 2388 1850 τοὺς
2412 1787 2743 1843 διατάττειν.

668 1874 754 1930 50.
782 1874 908 1930 llaec
944 1875 1060 1932 sola
1082 1872 1349 1931 adversus
1373 1873 1559 1931 hostes
1585 1875 2010 1932 deliberabimus
2042 1893 2155 1949 qua:

2333 1885 2395 1932 ν’.
2421 1877 2608 1932 Ταῦτα
2635 1880 2773 1949 μόνα
2795 1882 2976 1946 καλῶς
3008 1883 3410 1956 βουλευσόμεθα
3436 1888 3588 1941 κατά
3616 1891 3736 1945 τῶν
3771 1910 3865 1944 πο-

594 1970 871 2042 incognita
898 1969 1006 2023 illis
1026 1978 1174 2032 sunt,
1201 1960 1496 2037 antequam
1529 1983 1559 2021 a
1589 1968 1744 2023 nobis
1771 1977 2032 2040 gerantur
2063 1986 2078 2025 :
2110 1969 2160 2026 si

593 2060 738 2114 (nim
792 2060 1030 2129 aliquam
1107 2057 1300 2112 harum
1339 2073 1523 2112 rerum
1585 2059 1834 2112 notitiam
1903 2059 2157 2127 habeant,

595 2151 756 2207 facile
809 2151 1076 2208 adversus
1120 2158 1354 2206 conatus
1402 2156 1630 2206 nostros
1676 2149 1886 2221 aliquid
1928 2151 2158 2208 molien-

595 2255 704 2300 Illl'.

661 2337 753 2394 5t.
809 2337 979 2404 Dolis,
1010 2337 1437 2404 incursionibus,
1477 2337 1641 2406 fame,
1689 2340 1878 2395 hostes
1926 2337 2159 2394 laedendi

591 2429 936 2500 vexandique
981 2438 1134 2497 sunt,
1184 2439 1238 2486 et
1285 2433 1657 2488 crebrioribus
1710 2432 2158 2504 aggressionihus

592 2523 998 2594 insultibusque
1062 2524 1346 2580 adoriendi
1402 2543 1416 2580 :
1488 2541 1667 2596 neque
1731 2525 1799 2580 ad
1864 2540 2158 2582 commune

591 2617 981 2688 publicumque
1028 2617 1275 2687 praelium
1323 2619 1637 2685 evocandi,
1685 2618 1779 2675 ubi
1814 2620 1997 2675 valere
2049 2619 2159 2674 for-

591 2717 737 2763 tunae
780 2700 1110 2766 instabilitas
1142 2709 1307 2774 solet,
1341 2710 1521 2780 potius
1567 2727 1730 2781 quam
1779 2711 1886 2766 ulla
1939 2711 2157 2768 virtutis

587 2800 925 2855 constantia.

662 2891 752 2946 52.
794 2889 996 2947 Milites
1060 2890 1340 2949 laboribus
1379 2893 1674 2950 assuefacti
1719 2895 2058 2952 strenuiores
2084 2897 2155 2953 in

590 2983 709 3039 dies
761 2983 920 3048 fiunt,
969 2983 1134 3038 otiosi
1179 2994 1361 3041 autem
1408 2987 1582 3058 magis
1633 3001 1698 3042 ac
1742 2987 1914 3059 magis
1957 2987 2156 3045 debili-

592 3083 797 3130 tantur.
831 3073 1184 3130 Eﬂicieudum
1225 3077 1386 3148 igitur
1418 3089 1502 3133 est
1562 3086 1617 3134 ut
1677 3079 1958 3137 laboribus
2000 3096 2156 3137 exer-

590 3166 746 3221 citati
796 3165 944 3232 sint,
984 3167 1444 3238 quemadmodum
1498 3168 1599 3224 tibi
1635 3169 1770 3225 alias
1817 3169 2155 3241 praescripsi-

591 3275 737 3316 mus.

662 3353 749 3407 55.
783 3352 863 3406 Ad
897 3367 1088 3409 omnes
1120 3353 1243 3407 vitm
1274 3361 1478 3424 partes,
1517 3362 1876 3426 praeterquam
1905 3355 1957 3408 in
1988 3353 2155 3418 bello,

591 3445 909 3501 incallidum
968 3456 1018 3502 te
1070 3462 1190 3505 esse
1234 3449 1600 3520 prazcipimus.
1633 3447 1711 3504 lbi
1757 3459 1971 3514 autem,
2006 3458 2062 3506 et
2101 3449 2157 3505 in

591 3537 660 3592 iis
692 3545 746 3594 te
780 3539 1147 3610 imperatoriis
1169 3543 1425 3598 consiliis
1458 3541 1619 3600 dolus
1647 3543 1894 3615 adjuvat,
1930 3543 2024 3600 ubi
2059 3543 2157 3598 ho-

591 3638 706 3688 stes
738 3646 803 3688 eo
828 3633 1159 3705 decepturus
1181 3649 1261 3692 es.

660 3832 752 3885 54.
804 3831 1122 3904 Cognosce,
1176 3840 1232 3889 et
1285 3831 1532 3905 expende
1578 3842 1703 3888 tuas
1753 3833 1931 3899 vires,
1993 3840 2157 3904 atque

591 3922 828 3978 hostium
885 3922 1232 3994 diligenter:
1282 3924 1386 3979 hoc
1445 3925 1494 3980 si
1547 3922 1772 3991 feceris,
1830 3925 2156 3995 imperator,

588 4022 644 4069 et
691 4014 904 4086 singula
967 4015 1261 4086 diligenter
1308 4015 1649 4087 fideliterque
1691 4017 2153 4087 periustraveris,

588 4122 731 4179 :egre
774 4109 826 4162 in
862 4107 1072 4166 bellicis
1118 4108 1280 4166 rebus
1319 4109 1692 4180 superaberis,
1738 4119 1834 4186 aut
1879 4126 2152 4184 expugna-

589 4200 759 4256 beris.

659 4291 748 4348 55.
803 4291 1142 4349 Fortitudine
1191 4307 1255 4349 ac
1311 4294 1673 4351 instruetione
1723 4295 1946 4351 militari
1997 4296 2156 4368 longe

582 4385 823 4455 majores
847 4400 940 4441 res
985 4386 1040 4441 in
1095 4386 1237 4443 bello
1285 4395 1569 4458 geruntur,
1601 4402 1767 4458 quam
1803 4389 2156 4444 multitudine

585 4469 818 4532 militum
845 4477 1162 4549 ignavorum
1193 4477 1439 4535 confusa.

653 4659 742 4715 56.
782 4659 1049 4716 Locorum
1099 4660 1238 4718 situs
1293 4675 1434 4732 saepe
1475 4668 1784 4732 pugnantes
1810 4662 2160 4720 vehementer

579 4754 794 4824 juvant,
851 4762 906 4810 et
957 4753 1404 4810 imbecillioribus
1466 4755 1754 4810 victoriam
1810 4767 2153 4825 promovent.

581 4847 771 4917 Itaque
815 4848 884 4902 iis
937 4846 993 4901 in
1044 4846 1177 4901 locis
1213 4856 1265 4900 te
1303 4844 1369 4899 ad
1403 4847 1753 4916 pugnandum
1794 4860 2067 4917 praepares
2099 4849 2154 4902 in

571 4940 781 5010 quibus
811 4939 1130 5010 cognoveris
1160 4939 1456 4993 exercitum
1481 4951 1636 4993 tuum
1669 4938 1920 4994 meliores
1947 4948 2152 5010 partes,

571 5032 819 5088 hostium
852 5042 1033 5087 autem
1072 5029 1374 5086 deteriores
1405 5029 1741 5085 habiturum.

651 5218 740 5275 57.
768 5216 1115 5289 imperatoris
1145 5216 1364 5274 solertia
1382 5228 1679 5287 generosos
1700 5213 1902 5270 milites
1932 5213 2109 5270 reddit
2134 5231 2146 5266 :

559 5321 771 5366 natura
821 5310 964 5365 enim
1015 5324 1218 5380 paucos
1245 5308 1415 5364 fortes
1458 5315 1643 5375 creat;
1679 5322 1812 5362 cura
1859 5315 2064 5370 autem,
2096 5315 2150 5361 et

575 5405 870 5468 industria,
903 5404 951 5459 si
992 5402 1342 5475 imperatoria
1373 5401 1596 5458 solertia
1628 5400 1980 5472 adiungatur,
2006 5400 2146 5453 mul-

577 5510 662 5557 tos
693 5509 950 5556 strenuos
976 5497 1128 5554 facit.

641 5683 730 5740 58.
764 5683 972 5740 Bonum
1003 5681 1131 5737 mihi
1163 5680 1373 5737 videtur
1400 5694 1522 5737 esse
1545 5680 1750 5751 justam
1787 5678 1988 5734 habere
2014 5693 2143 5734 cau-

571 5795 688 5837 sam
714 5777 982 5844 bellandi;
1017 5791 1143 5832 nam
1179 5775 1271 5848 qui
1310 5774 1568 5845 iniuriam
1603 5775 1804 5829 illatam
1836 5771 2139 5843 propulsat,

560 5876 658 5931 hic
676 5874 860 5945 justus
891 5881 996 5938 est,
1029 5879 1084 5928 et
1113 5871 1351 5927 divinam
1393 5869 1662 5940 justitiam
1692 5867 2012 5938 adjntricem
2044 5865 2140 5920 ha—

2260 1969 2485 2040 λεμίων,
2516 1972 2615 2028 ὅσα
2642 1975 2773 2044 πρὶν
2804 1975 2834 2045 ἢ
2874 1975 3154 2058 πράξομεν
3186 1979 3457 2050 ἠγνόησαν
3492 1983 3710 2036 ἐκεῖνοι
3735 2001 3749 2012 ·
3777 1987 3864 2037 ἐὰν

2258 2062 2314 2116 δὲ
2337 2062 2544 2118 τούτων
2583 2066 2680 2137 τὴν
2742 2067 2946 2133 γνῶσιν
2995 2069 3256 2137 λάϐωσιν,
3302 2073 3518 2144 ταχέως
3575 2077 3732 2130 κατὰ
3763 2078 3866 2131 τῶν

2256 2155 2642 2229 βουλευμάτων
2669 2160 2828 2232 ἡμῶν
2864 2161 3301 2232 μεθοδεύσουσιν.

2323 2337 2425 2394 να’.
2450 2341 2519 2394 Ἣ
2551 2340 2722 2406 δόλοις
2748 2342 2780 2412 ἢ
2811 2341 3152 2415 ἐπιδρομαῖς,
3181 2343 3213 2415 ἢ
3235 2342 3378 2415 λιμῷ
3400 2345 3536 2410 τοὺς
3561 2347 3706 2401 πολε
3716 2349 3862 2418 μὲονς

2260 2431 2520 2504 βλάπτειν
2559 2436 2724 2490 καλόν
2785 2438 2958 2503 ἐστιν,
3002 2439 3097 2493 καὶ
3132 2439 3322 2493 λυπεῖν
3349 2440 3557 2505 αὐτοὺς
3588 2443 3746 2497 κατὰ
3772 2462 3864 2514 μαε-

2257 2525 2389 2598 κρδν
2421 2527 2509 2583 διὰ
2545 2531 2882 2602 συχνοτέρων
2923 2531 3230 2602 ἐπαγωγῶν
3276 2533 3369 2586 καὶ
3408 2534 3862 2605 ὲπιτηδεύσεων·

2256 2619 2378 2690 οὐχὶ
2409 2621 2467 2674 δὲ
2490 2622 2711 2687 πάντως
2758 2625 2852 2677 ἐπὶ
2885 2624 3145 2694 δημόσιον
3194 2625 3554 2695 ἐγκαλεῖσθαι
3595 2629 3861 2699 πόλεμον,

2256 2716 2385 2771 ἔνθα
2403 2718 2661 2784 πολλάκις
2687 2720 2748 2774 τὸ
2764 2720 2923 2774 πλέον
2947 2722 3165 2792 ὁρῶμεν
3187 2722 3288 2791 τῆς
3307 2721 3478 2795 τύχης
3497 2725 3860 2796 προτέρημα,

2257 2809 2290 2882 ἢ
2316 2811 2414 2882 τῆς
2441 2811 2892 2884 ἐπιδεικνυμένης
2925 2813 3197 2884 ἀνδρείας.

2327 2901 2424 2973 νβ’.
2453 2904 2802 2976 Στρατιῶται
2839 2905 2977 2976 πρὸς
3013 2906 3209 2971 πόνους
3253 2907 3683 2979 γυμναζόμενοι
3735 2928 3863 2983 προσ

2255 2996 2545 3052 κόπτουσιν
2608 2999 2691 3062 είς
2750 2998 3020 3071 ἀνδρείαν.
3061 2999 3384 3070 Ἀργοῦντες
3431 3001 3490 3054 δὲ
3529 3003 3753 3074 νωθροὶ
3780 3005 3866 3057 καὶ

2255 3084 2506 3149 ἀσθενεῖς
2543 3087 2746 3158 μᾶλλον
2785 3089 3050 3156 γίνονται.
3084 3090 3175 3144 Διὺ
3201 3093 3512 3160 φροντίσεις
3562 3093 3644 3165 μὴ
3674 3098 3862 3166 rip-{sb

2255 3179 2477 3244 αὐτοὺς,
2505 3180 2641 3235 ἀλλά
2670 3181 2807 3252 πρὸς
2834 3181 2935 3246 τὰς
2954 3183 3263 3254 γυμνασίας
3295 3186 3510 3249 πονεῖν,
3555 3186 3761 3252 καθώς
3790 3207 3860 3242 σοι

2257 3270 2352 3323 καὶ
2373 3271 2430 3324 ὲν
2451 3270 2659 3341 ἑτέροις
2675 3271 3058 3345 διεταξάμεθα.

2333 3360 2432 3429 νγ’.
2473 3361 2692 3415 Ἀδολον
2734 3363 2834 3434 μὲν
2876 3364 2936 3418 ἐν
2971 3366 3084 3426 τοῖς
3128 3364 3311 3430 ἄλλοις
3337 3364 3514 3420 ἅπασι
3545 3367 3766 3440 διαζῇν
3806 3389 3856 3423 σε

2259 3453 2766 3524 παρακελευόμεθα,
2799 3458 2856 3509 ἐν
2891 3456 2948 3510 δὲ
2979 3460 3091 3523 τοῖς
3164 3458 3307 3513 κατά
3354 3461 3600 3532 πόλεμον
3665 3481 3861 3536 στρατ-

2260 3547 2515 3618 ηγήμασι
2552 3548 2735 3619 μόνοις
2773 3550 2869 3604 καὶ
2919 3550 3069 3615 δόλος
3093 3552 3364 3622 ὠφελήσει
3394 3554 3687 3622 πολλάκις,
3737 3559 3858 3613 ὅταν

2256 3639 2384 3704 τοὺς
2429 3640 2656 3712 ἐχθροὺς
2707 3641 2805 3696 καὶ
2852 3644 3146 3716 πολεμίους
3200 3643 3480 3718 ὲξαπατᾷν
3527 3640 3745 3724 mg;
3795 3651 3859 3704 δι’

2256 3732 2446 3790 αὑτοῦ.

2327 3825 2420 3882 νδ’.
2454 3828 2692 3883 Γίνωσκε
2721 3830 2815 3884 καὶ
2835 3829 3093 3903 σύγκρινε
3144 3834 3244 3898 τάς
3293 3852 3351 3888 τε
3401 3835 3505 3898 σάς
3556 3837 3850 3909 δυνάμεις,

2253 3918 2351 3972 καὶ
2371 3918 2467 3984 τὰς
2491 3919 2605 3974 τῶν
2620 3919 2916 3992 πολεμίων,
2946 3925 3092 3989 ὅπως
3113 3924 3318 3996 ἔχουσι.
3337 3927 3512 3980 Τοῦτο
3539 3927 3659 4002 γὰρ
3686 3932 3852 3982 ποιῶν

2257 4013 2580 4084 στρατηγὸς,
2617 4017 2716 4068 καὶ
2759 4017 3066 4088 ἀνακρίνων
3117 4019 3257 4074 κατά
3313 4020 3482 4092 μέρος
3525 4022 3636 4086 τάς
3661 4039 3725 4076 τε
3747 4025 3851 4076 τῶν

2254 4103 2470 4158 οἰκείων
2493 4106 2712 4171 καὶτὰς
2754 4106 2865 4161 τῶν
2898 4109 3174 4180 πολεμίων
3219 4111 3441 4182 ἀρετὰς,
3471 4111 3761 4179 δυσκόλως
3799 4117 3850 4167 ἐν

2254 4198 2366 4259 τοῖς
2409 4196 2553 4250 κατά
2573 4197 2810 4269 πόλεμον
2841 4198 3021 4271 ἔργοις
3056 4202 3409 4271 σφαλήσεται.

2325 4295 2415 4346 νε’.
2486 4290 2625 4345 ἰσθι
2681 4291 2958 4364 ἀκριϐῶς,
3015 4287 3060 4345 ὦ
3113 4294 3428 4366 στρατηγὲ,
3489 4295 3575 4349 ὅτι
3628 4297 3849 4369 ἀνδρεία

2258 4383 2456 4456 μᾶλλον
2507 4385 2600 4438 καὶ
2647 4383 2801 4449 τάξις
2847 4385 3188 4457 στρατηγικὴ
3242 4390 3452 4440 citae-tv
3506 4388 3569 4440 ὲν
3622 4393 3846 4464 πολέμῳ

2171 4524 2174 4526 γ
2256 4476 2588 4546 εὐεργετεῖν,
2624 4475 2657 4547 ἢ
2688 4475 2892 4547 πλῆθος
2921 4477 3029 4532 τῶν
3062 4477 3387 4550 μαχομένων
3444 4478 3724 4553 ἄνανδρον
3754 4489 3845 4539 καὶ

2181 4593 2230 4647 D
2259 4565 2508 4622 ἄτακτον.

2330 4668 2440 4726 νς’.
2464 4662 2529 4715 Αἱ
2558 4660 2665 4714 τῶν
2697 4659 2880 4715 τόπων
2939 4659 3116 4724 θέσεις
3164 4660 3429 4726 πολλάκις
3475 4663 3702 4734 μεγάλα
3726 4666 3843 4727 τοίας

2263 4753 2606 4824 μαχομένους
2653 4751 2982 4824 ὠφέλησαν’
3038 4753 3133 4806 καὶ
3178 4753 3286 4823 γὰρ
3342 4753 3515 4807 ἐνίοτε
3573 4755 3679 4810 καὶ
3726 4760 3842 4818 wit;

2257 4845 2674 4915 ἀσθενεστέρους
2727 4844 3013 4910 καλλίονας
3067 4846 3297 4914 ἔδειξαν,
3331 4846 3413 4900 διὸ
3443 4849 3554 4920 χρή
3586 4865 3650 4903 σε
3691 4852 3840 4921 pili-

2259 4957 2357 4993 στα
2413 4939 2672 5003 τοιούτοις
2719 4940 2906 5003 τόποις
2963 4939 3302 5010 ἁρμόζεσθαι
3363 4940 3504 5011 πρὸς
3537 4943 3752 5014 μάχην,
3783 4947 3833 4996 ὲν

2254 5026 2335 5093 οἷς
2357 5030 2422 5084 ἂν
2447 5032 2722 5102 γινώσκῃς
2783 5031 2876 5084 τὸν
2917 5030 3015 5102 μὲν
3064 5030 3156 5083 σὺν
3206 5031 3438 5102 στρατὸν
3462 5035 3829 5106 προτερῆσαι,

2252 5121 2343 5175 τὸν
2371 5120 2426 5174 δὲ
2455 5120 2560 5174 τῶν
2583 5120 2855 5190 πολεμίων
2870 5118 3258 5189 ἐλαττωθῆναι.

2325 5209 2422 5274 νζ’.
2458 5210 2741 5284 Σρατηγοῦ
2791 5212 3044 5282 ἀγχίνοια
3076 5211 3359 5278 γενναίους
3381 5211 3506 5273 τοὺς
3570 5213 3833 5281 στρατιώ-

2249 5323 2352 5370 τας
2405 5307 2568 5360 ποιεῖ.
2637 5307 2700 5358 Ἡ
2766 5305 2866 5376 μὲν
2916 5305 3025 5376 γὰρ
3081 5302 3245 5375 φύσις
3295 5304 3510 5372 ὀλίγους
3559 5305 3836 5376 ἀνδρείους

2251 5399 2542 5468 ἁπογεννᾷ,
2578 5396 2688 5469 ἠδὲ
2718 5397 2998 5468 ἐπιμέλεια
3035 5398 3129 5450 καὶ⁸
3155 5395 3432 5468 γυμνασία
3462 5397 3606 5466 μετά
3638 5414 3833 5467 στρατ-

2248 5491 2385 5561 ηγοῦ
2417 5491 2730 5562 φρονήσεως
2782 5489 3042 5560 γινομένη
3089 5487 3320 5552 πολλοὺς
3346 5488 3664 5562 χρησίμους
3703 5493 3832 5546 ἀποο

2248 5584 2505 5639 δεικνύει.
3267 5603 3274 5608 ·

2317 5676 2418 5748 νη’.
2472 5677 2653 5732 Καλόν
2700 5694 2788 5749 μοι
2835 5677 2983 5731 δοκεῖ
3034 5674 3250 5730 δικαίαν
3305 5667 3446 5727 εἶναι
3505 5671 3608 5744 τὴν
3660 5672 3829 5746 ἀρχὴν

2246 5771 2339 5825 τοῦ
2407 5771 2665 5842 πολέμου.
2706 5771 2763 5826 Ὀ
2821 5772 2929 5844 γάρ
2977 5773 3089 5836 τοῖς
3137 5770 3464 5840 ἀδικήσασιν
3525 5768 3826 5836 ἀνταμυνό-

2250 5881 2408 5937 μενος
2458 5859 2609 5929 οὗτος
2659 5864 2864 5930 δίκαιός
2915 5865 3064 5920 ἐστιν
3118 5862 3216 5918 καὶ
3258 5861 3359 5936 τὴν
3418 5858 3574 5914 θείαν
3608 5855 3720 5928 ἔχει
3758 5858 3826 5912 διο
