3968 6308
159 419 302 486 1'029

1232 435 1565 499 TACTICA.
1606 463 1672 474 --
1710 434 2211 505 CONSTITUTIO
2252 443 2379 504 XX.

3304 439 3439 506 1020

157 536 462 608 καιοσύνην
524 520 717 612 βοηθόν
773 560 831 597 τε
861 543 974 612 ἶκαὶ
1059 547 1348 621 σύμμαχον
1442 554 1584 609 κατά
1647 555 1753 609 τῶν

1873 561 1974 626 bet,
2015 561 2143 615 dum
2186 558 2417 628 injurios
2465 555 2714 614 homines
2767 556 3001 629 repellit.
3035 557 3135 625 Qui
3168 573 3296 614 vero
3321 559 3440 629 pri-

155 629 366 683 ἀδίγων
428 633 948 707 ὲκστρατευόμενος.
996 638 1054 693 ’0
1108 641 1165 696 δὲ
1204 646 1422 714 πρῶτος
1445 648 1749 722 ικατάρξας

156 721 381 819 ἀδικίας
403 725 536 796 παρ’
581 729 758 802 ἀὐτῆς
779 731 878 804 τῆς
924 732 1076 800 θείας
1120 735 1275 810 δίκης
1305 740 1616 815 ἀφαιρεῖται
1651 745 1749 819 τὴν

156 811 343 882 νίκην.
1444 811 1453 815 ν
1534 818 1539 825 ’

237 904 337 962 νϐ’.
375 908 656 980 ’Δσφαλῶς
693 913 858 972 δίωκε
913 919 1043 986 τοὺς
1072 923 1369 996 πολεμίους
1399 929 1540 998 μετά
1570 931 1748 1000 νίκην,

156 989 207 1052 ὦ
236 1006 530 1074 στρατηγὲ,
581 1010 673 1062 καὶ
702 1010 777 1082 μὴ
825 989 1239 1088 διεσπαρμένως
1287 989 1543 1093 ἐπέρχου,
1589 989 1750 1096 psit;

160 1110 268 1147 στα
321 1101 771 1170 συντεταγμένοις
823 1107 1076 1174 ἐκείνοις.
1119 1111 1176 1165 '0
1211 1113 1318 1185 γὰρ
1345 1114 1503 1170 τοῦτο
1546 1118 1744 1187 ποιῶν,

159 1186 267 1256 τὴν
328 1188 524 1244 ἑαυτοῦ
572 1192 730 1266 νίκην
784 1199 897 1262 τοῖς
955 1202 1238 1272 πολεμίοις
1295 1207 1609 1278 προδίδωσι.
1642 1186 1752 1266 Καὶ

159 1279 276 1375 γὰρ
305 1281 762 1375 ἀναστρέψαντες
797 1291 935 1361 μετὰ
971 1297 1276 1364 συντάξεως
1297 1303 1345 1354 oi
1374 1303 1556 1375 ἐχθροί
1601 1306 1749 1360 κατά

162 1371 264 1424 σοῦ
320 1373 673 1444 ἀσυντάκτως
717 1383 811 1436 καὶ⁹
865 1384 1279 1460 διεσπαρμένως
1309 1393 1619 1463 διώκοντος,
1653 1399 1753 1468 ρᾳ-

156 1463 296 1531 δίως
351 1486 444 1524 σου
497 1475 914 1546 περιγένωνται,
974 1485 1067 1536 καὶ
1098 1485 1234 1556 πρὸς
1263 1486 1323 1541 τὸ
1345 1491 1584 1544 ἐναντίον
1607 1493 1755 1546 ἀντι-

163 1560 462 1618 πνεύσουσι
478 1566 580 1636 τὴν
618 1571 740 1625 κατ’
771 1574 948 1629 αὐτῶν
981 1578 1184 1650 μάχην.

241 1653 305 1721 ξ’.
382 1657 643 1730 ’ἰσχύσεις
703 1665 930 1736 μᾶλλον,
990 1665 1035 1725 ὧ
1092 1677 1387 1748 στρατηγὲ,
1439 1684 1580 1738 κατὰ
1648 1686 1756 1740 τῶν

167 1749 280 1802 σῶν
330 1753 634 1853 πολεμίων,
679 1759 808 1815 ὃταν
837 1764 1050 1837 ἀφορᾷς
1079 1769 1190 1840 (2'5)
1228 1772 1363 1844 πρὸς
1399 1777 1497 1848 τὴν
1535 1779 1756 1853 ποιότη-

162 1860 238 1897 τα
290 1846 398 1899 τῶν
446 1851 656 1920 καιρῶν
693 1854 789 1907 καὶ⁷
826 1857 935 1911 τῶν
1006 1861 1187 1917 τόπων
1234 1865 1328 1918 καὶ
1367 1868 1476 1922 τῶν
1523 1871 1756 1945 ἀντιμα-

1860 669 1981 710 mus
2021 653 2280 722 iujuriam
2313 652 2582 719 intulerit,
2615 651 2800 708 divina
2828 653 3090 720 vindicta,
3132 668 3195 709 ac
3221 654 3441 726 iustitia

1858 761 1889 801 a
1921 746 2150 803 victoria
2180 745 2307 802 belli
2344 746 2521 802 abest.

1929 925 2017 985 59.
2064 927 2475 1000 Circumspecte
2534 937 2659 1000 post
2706 926 2994 983 victoriam
3047 926 3236 984 hostes
3287 925 3435 982 inse-

1858 1019 2067 1089 quaris,
2117 1034 2295 1091 neque
2346 1019 2628 1092 dissipatis
2679 1020 2852 1092 copiis
2893 1019 3001 1076 tuis
3055 1018 3180 1076 illos
3217 1020 3273 1074 in
3323 1018 3443 1074 acie

1860 1112 2136 1166 instructa
2169 1110 2443 1182 fugientes
2493 1112 2844 1184 persequaris
2881 1113 3018 1184 :qui
3057 1112 3203 1168 enim
3228 1111 3333 1166 hoc
3357 1111 3441 1166 fa-

1860 1204 1960 1268 cit,
1993 1205 2284 1260 victoriam
2322 1220 2478 1260 suam
2525 1206 2778 1264 hostibus
2826 1205 3009 1278 prodit
3043 1226 3059 1263 :
3092 1221 3221 1262 nam
3251 1205 3442 1262 hostes

1861 1299 1977 1354 acie
2006 1300 2277 1355 instructa
2309 1301 2564 1357 conversi
2595 1302 2649 1355 in
2681 1307 2810 1356 tuos
2849 1299 3102 1368 confuse,
3130 1307 3186 1356 et
3214 1298 3446 1369 disjecte

1861 1393 2211 1464 insequentes
2244 1393 2404 1449 facile
2427 1402 2480 1450 te
2498 1393 2858 1465 superabunt,
2876 1400 2931 1449 et
2961 1402 3236 1450 momenta
3265 1393 3446 1448 victo-

1863 1486 1956 1540 ria:
1987 1485 2052 1541 ad
2079 1502 2138 1543 se
2170 1484 2524 1543 transferent.

1932 1671 2022 1727 60.
2053 1670 2252 1729 Hostes
2287 1673 2521 1728 maxime
2563 1673 2902 1745 expugnabis
2950 1671 3169 1744 quando
3197 1671 3256 1726 in
3287 1669 3443 1725 loco-

1866 1778 1987 1818 rum
2038 1770 2460 1834 temporumque
2492 1764 2950 1834 opportunitates,
2982 1773 3036 1820 et
3071 1763 3308 1819 hostium
3341 1776 3446 1832 pu-

1865 1855 2150 1926 gnantium
2185 1855 2329 1911 vires
2382 1856 2638 1918 intueris,
2679 1865 2844 1927 atque
2901 1855 2967 1910 ad
3017 1870 3236 1912 omnem
3284 1866 3442 1909 usum

164 1936 414 2032 χομένων
467 1941 695 2012 ἐχθρῶν.
753 1947 863 2002 Καὶ
920 1950 1096 2017 οὕτως
1154 1957 1293 2026 πρὸς
1359 1960 1458 2032 τὴν
1517 1936 1753 2020 ἑκάστου

1873 1949 2120 2006 bellicum
2158 1949 2390 2007 consilia
2415 1959 2758 2021 conatusque
2785 1957 2911 2008 tuos
2933 1936 3206 2006 conferas.

166 2029 361 2099 χρείαν
411 2035 533 2099 ταῖς
587 2038 821 2105 οἰκείαις
879 2044 1097 2116 τέχναις
1150 2050 1244 2104 καὶ
1283 2029 1529 2123 μεθόδοις
1560 2058 1759 2130 συγκέ-

166 2139 394 2195 χρησαι.

244 2216 345 2282 ξα’.
377 2218 515 2317 Οὔτε
575 2227 831 2300 συνάγειν
889 2231 1027 2304 ὁμοῦ
1060 2235 1258 2308 βουλῆς
1300 2239 1465 2295 ἓνεκα
1498 2243 1559 2298 τὸ
1585 2243 1754 2317 στρᾶ-

163 2325 347 2382 τευμα
375 2315 583 2386 πρέπον
614 2319 784 2389 ἐστὶν,
803 2323 924 2379 οὔτε
949 2328 1190 2400 συνεχῶς
1208 2333 1394 2387 καλεῖν
1424 2336 1517 2390 τον
1551 2356 1756 2411 στρατ-

169 2403 307 2502 ιιιγὸν
326 2406 468 2502 πρὸς
516 2410 708 2467 ἑαυτὸν
764 2416 1068 2488 ἀργοῦντας
1100 2423 1196 2476 καὶ
1228 2424 1367 2496 πρὸς
1401 2422 1569 2497 μηδὲν
1592 2403 1758 2502 ἀσχο-

170 2495 463 2569 λουμένους
508 2503 695 2578 ἕτερον
716 2524 730 2538 ο
764 2510 935 2566 ταῦτα
967 2513 1076 2585 γὰρ
1120 2516 1351 2591 ἀκαίρου
1402 2495 1630 2594 μελέτης
1664 2495 1760 2580 καὶ

174 2593 418 2658 στάσεως
447 2595 595 2652 αἴτια
622 2601 733 2664 τοῖς
773 2605 1146 2678 στρατεύμασι
1179 2610 1412 2679 γίνεται.

248 2687 346 2758 ξβ’.
398 2691 627 2764 Μεγάλη
691 2695 909 2762 σύνεσις
959 2702 1270 2773 στρατηγοῦ
1302 2747 1316 2771 ,
1369 2706 1500 2759 ὅταν
1561 2708 1758 2780 χρῆται

175 2780 276 2851 μὲν
310 2785 620 2856 συμμάχοις
678 2789 920 2861 μετρίοις
947 2792 1027 2856 εἰς
1047 2793 1144 2865 τὴν
1165 2792 1363 2850 ἑαυτοῦ
1390 2798 1598 2870 χώραν,
1625 2796 1760 2855 ἀλλὰ

176 2875 252 2946 μὴ
285 2875 444 2931 πλέον
475 2879 576 2951 τῆς
635 2883 845 2948 οἰκείας
905 2885 1214 2959 δυνάμεως,
1249 2889 1476 2956 τούτους
1522 2893 1758 2963 εἰσάγων

175 2970 436 3040 μάλιστα,
494 2973 781 3048 δυσμενεῖς
834 2996 965 3035 ποτε
1012 2983 1140 3046 τοὺς
1214 2985 1489 3051 τοιούτους
1540 2986 1758 3044 ἔσεσθαι

172 3065 570 3137 ἐλπιζομένους
605 3114 616 3136 ,
673 3073 886 3143 μήποτε
950 3077 1438 3148 συμφρονήσαντες
1485 3077 1759 3153 ἀντάρωσι

170 3158 270 3212 καὶ
311 3160 411 3231 τῆς
472 3163 658 3234 χώρας
695 3168 1067 3238 κρατήσωσιν,
1100 3169 1167 3222 δι’
1187 3170 1255 3242 ἢν
1276 3173 1356 3236 εἰς
1389 3173 1501 3243 (9.4)
1531 3190 1754 3245 συμμα-

1932 2258 2021 2316 6t.
2061 2256 2248 2331 Neque
2299 2276 2637 2336 congregare
2666 2263 2833 2321 simul
2874 2264 3174 2323 exercitum
3222 2267 3440 2326 consilii

1860 2367 2028 2408 causa
2062 2369 2161 2423 par
2195 2362 2281 2410 est
2316 2373 2329 2409 :
2369 2372 2548 2426 neque
2571 2357 2852 2425 idoneum,
2899 2370 2979 2421 ut.
3006 2357 3256 2431 singulos
3297 2359 3443 2415 otio-

1859 2460 1953 2502 sos
2004 2449 2230 2516 milites,
2261 2457 2316 2504 et
2369 2451 2514 2506 nulla
2548 2451 2602 2507 in
2641 2468 2699 2508 re
2729 2461 3027 2524 occupatos
3065 2453 3134 2508 ad
3163 2463 3215 2510 te
3251 2467 3439 2538 voces,

1859 2547 2026 2609 atque
2077 2541 2368 2612 increpes:
2402 2543 2519 2601 haec
2557 2545 2704 2601 enim
2755 2547 3043 2604 seditionis
3084 2555 3140 2604 et
3171 2547 3443 2620 importuo

1859 2649 2053 2688 narum
2086 2635 2374 2692 turbarum
2409 2652 2576 2694 causa
2616 2647 2783 2696 esset.

1932 2725 2020 2782 62.
2048 2724 2242 2797 Magna
2281 2729 2570 2800 prudentia
2601 2730 2949 2801 imperatoris
2977 2738 3082 2799 est,
3109 2731 3328 2801 quando
3373 2730 3443 2786 iis

1860 2814 2028 2869 sociis
2060 2814 2127 2871 ad
2168 2816 2447 2887 regionem
2489 2833 2646 2873 suam
2687 2819 3083 2876 defendendam
3130 2822 3325 2884 utitur.
3348 2820 3446 2890 qui

1859 2906 2102 2962 minores
2140 2917 2194 2964 et
2229 2924 2334 2964 non
2386 2909 2570 2980 plures
2617 2913 2854 2983 propriis
2905 2912 3082 2984 copiis
3141 2913 3442 2976 exsistunt.

1859 3013 2112 3069 quosque
2137 2999 2276 3056 alias
2328 3000 2585 3059 inimicos
2630 3004 2737 3060 sibi
2785 3005 3022 3061 maxime
3051 3004 3265 3062 futuros
3292 3006 3445 3061 arbi-

1860 3098 2056 3156 tretur,
2092 3106 2180 3155 ne.
2219 3092 2266 3148 si
2297 3092 2483 3162 plures
2531 3092 2759 3163 fuerint,
2794 3104 2849 3152 et
2881 3097 3024 3152 inter
3059 3113 3120 3154 se
3151 3113 3447 3156 consense-

1860 3182 1998 3248 rint,
2027 3199 2146 3239 eam
2182 3185 2441 3242 invadant
2479 3188 2780 3259 regionem,
2811 3199 2866 3244 et
2897 3199 3180 3262 superent,
3218 3201 3446 3264 propter

171 3251 295 3321 χίαν
348 3254 685 3326 ἐκλήθησαν.’
713 3259 777 3312 Οί
810 3259 918 3332 γὰρ
949 3259 1133 3316 ἕνεκεν
1163 3265 1463 3336 χρημάτων
1490 3267 1631 3338 ὑπὲρ
1658 3268 1752 3322 σοῦ

1873 3289 2022 3345 ruam
2071 3276 2126 3330 in
2178 3277 2500 3334 societatem
2555 3289 2702 3335 tuam
2760 3283 2921 3337 asciti
2967 3289 3113 3338 sunt.
3151 3282 3256 3351 Qui
3314 3300 3446 3344 vero

170 3340 508 3427 κινδυνεύειν
547 3346 817 3419 ἑλόμενοι,
865 3350 1008 3421 τάχα
1071 3353 1166 3407 καί⁸
1226 3356 1490 3412 πλειόνων
1540 3361 1751 3431 χρημά-

169 3451 280 3489 των
313 3439 584 3512 πορισμοῦ
640 3442 828 3498 ένεκεν
869 3446 964 3500 καὶ
994 3448 1133 3503 κατὰ
1159 3450 1254 3505 σοῦ
1312 3455 1751 3526 παρακινδυνεύ-

172 3542 266 3582 σου
273 3545 376 3584 σιν.

243 3621 344 3691 ir.
377 3624 543 3680 Ὅταν
565 3627 641 3701 μὴ
667 3629 780 3695 τοῖς
803 3633 1177 3706 στρατεύμασι
1209 3636 1276 3692 τὰ
1328 3635 1613 3711 ἐπιτήδεια
1659 3637 1753 3698 καὶ

168 3717 269 3782 τάς
307 3718 614 3790 ἀναγκαίας
645 3725 854 3796 τροφὰς
880 3730 1342 3806 προευτρεπίσῃς,
1382 3735 1504 3789 τότε
1539 3737 1634 3790 καὶ
1652 3754 1752 3790 πο-

169 3809 373 3882 λεμίων
398 3815 568 3886 χωρὶς
600 3818 904 3894 ήττηθήσῃ.
962 3822 1027 3876 Ἦ
1058 3824 1167 3894 γὰρ
1201 3826 1402 3892 σπάνις
1432 3829 1528 3882 καὶ
1578 3829 1755 3887 ἔνδεια

169 3901 268 3970 τῆς
311 3903 555 3978 δαπάνης
613 3909 708 3962 καὶ
734 3911 858 3976 τοὺς
889 3915 1230 3986 στρατιώτας
1267 3920 1360 3974 καὶ
1399 3921 1526 3985 τοὺς
1553 3922 1754 3991 ἵππους

169 3995 463 4068 ἐκλυθῆναι
499 4004 934 4072 παρασκευάσει.

239 4088 331 4154 ξδ’.
364 4089 535 4146 Ὅταν
581 4097 694 4158 τοῖς
745 4097 897 4163 ἰδίοις
939 4100 1328 4174 καϐαλλαρίοις
1390 4105 1606 4181 Θαρρῇς
1655 4111 1752 4166 καὶ

171 4183 406 4252 μάλιστα
441 4187 553 4251 τοῖς
598 4188 736 4258 μετὰ
764 4193 1062 4263 κονταρίων
1103 4195 1436 4267 πολεμοῦσιν
1467 4201 1594 4266 τοὺς
1625 4220 1753 4257 στε-

165 4275 293 4340 νοὺς
355 4277 450 4330 καὶ
530 4267 852 4349 ἀνωμάλους
907 4285 1107 4349 τόπους
1181 4287 1438 4359 ἐκφευγε,
1507 4282 1755 4363 ἐπιζήτει

166 4369 224 4422 δὲ
277 4369 476 4437 τόπους
526 4373 762 4442 ὁμαλοὺς
809 4376 902 4431 καὶ
948 4378 1096 4442 ῖσους
1128 4396 1141 4410 ·
1178 4373 1323 4435 οὗτοι
1346 4382 1454 4455 γάρ
1489 4385 1595 4438 εἰσι
1642 4379 1755 4451 τοῖς

163 4461 309 4516 οὓτω
369 4467 875 4537 παρατασσομένοις
927 4471 1193 4542 ἁρμόδιοι,
1240 4474 1332 4528 καὶ
1356 4476 1590 4532 ἐνταῦθα
1621 4495 1755 4549 συγ⁹

169 4555 352 4626 κράτει
406 4558 498 4612 τὸν
548 4560 808 4632 πόλεμον.
869 4564 932 4618 El
964 4565 1022 4619 δὲ
1076 4564 1332 4633 πεζικαῖς
1380 4569 1604 4644 θαρῤεῖς
1655 4573 1749 4626 δυ-

1857 3369 2216 3439 pecuniarum
2250 3387 2418 3429 causa
2474 3389 2572 3444 pro
2619 3382 2674 3430 te
2728 3375 3029 3447 periclitari
3064 3377 3278 3441 volunt,
3332 3377 3448 3434 for-

1856 3463 2019 3519 tassis
2051 3466 2278 3536 majoris
2318 3482 2547 3523 summae
2575 3483 2743 3525 causa
2772 3477 2964 3526 contra
2990 3478 3042 3526 te
3065 3487 3130 3527 ex
3167 3472 3443 3528 contraria

1852 3560 2006 3629 parte
2036 3558 2380 3616 dimicarent.
2731 3606 2735 3608 -

1926 3645 2014 3706 6'5.
2058 3650 2288 3718 Quando
2325 3654 2591 3711 exercitui
2633 3666 3024 3724 commeatum,
3049 3665 3105 3715 et
3135 3673 3222 3714 res
3252 3673 3446 3714 neces-

1856 3743 2033 3800 sarias
2063 3760 2173 3800 non
2227 3761 2525 3817 praeparas,
2580 3746 2739 3804 facile
2780 3751 2990 3822 absque
3044 3750 3298 3808 hostibus
3350 3768 3448 3809 su-

1853 3838 2132 3907 peralieris
2179 3847 2446 3911 :egestas
2498 3840 2667 3906 enim,
2719 3850 2772 3898 et
2833 3844 3017 3913 in0pia
3075 3854 3442 3914 commeatus,

1855 3938 1970 3987 tum
2005 3931 2230 3998 milites,
2257 3944 2370 3988 tum
2402 3943 2575 4006 equos
2595 3936 2760 3992 etiam
2786 3936 3178 3994 contabefacit.

1926 4122 2015 4176 64.
2050 4121 2108 4178 Si
2136 4124 2358 4194 quando
2400 4125 2753 4195 equestribus
2792 4128 2966 4198 copiis
3010 4127 3122 4185 tuis
3161 4129 3336 4188 fretus
3359 4146 3442 4198 es,

1856 4223 1908 4269 et
1937 4214 2004 4271 iis
2031 4214 2085 4270 in
2110 4217 2322 4287 primis,
2351 4217 2446 4288 qui
2487 4219 2688 4274 hastati
2715 4228 2864 4286 sunt,
2906 4231 3140 4293 angusta
3169 4235 3334 4293 atque
3359 4225 3443 4279 in-

1856 4309 2088 4380 aequalia
2115 4310 2235 4366 loca
2261 4309 2466 4379 devita,
2509 4320 2563 4368 et
2601 4313 2721 4369 loca
2754 4315 2914 4385 plana
2956 4316 3317 4387 expositaque
3341 4334 3441 4374 ex-

1855 4402 2055 4473 quire;
2087 4404 2203 4460 haec
2234 4406 2379 4461 enim
2413 4415 2544 4462 sunt
2576 4407 2642 4463 iis
2687 4409 2781 4477 qui
2832 4410 2914 4465 sic
2949 4410 3296 4466 instruuntur
3323 4413 3441 4468 ido-

1854 4513 1980 4562 nea,
2037 4498 2224 4570 ibique
2271 4503 2554 4557 committe
2615 4502 2886 4572 praelium.
2944 4503 3040 4560 Sin
3092 4505 3441 4576 pedestribus

1857 4588 2033 4659 c0piis
2064 4588 2237 4645 fretus
2266 4590 2365 4657 sis,
2426 4593 2734 4662 inaequalia,
2767 4594 3044 4651 condensa
3077 4604 3132 4652 et
3159 4599 3440 4670 asperiora

165 4649 416 4718 νᾶμεσιν,
473 4653 793 4724 ἀνωμάλους
852 4656 945 4710 καὶ
995 4657 1178 4724 δασεῖς
1234 4661 1328 4716 καὶ
1380 4665 1746 4737 τραχυτέρους

1874 4696 1970 4737 oca
1999 4682 2159 4755 elige,
2188 4685 2243 4740 et
2273 4685 2327 4741 in
2361 4685 2470 4743 illis
2500 4686 2698 4743 bellum
2727 4704 2906 4760 geras.

165 4740 424 4814 ἐπιλέγου
467 4746 684 4815 τόπους,
738 4749 832 4803 καὶ
867 4752 923 4803 ἐν
967 4743 1177 4817 τούτοις
1221 4754 1454 4809 ἐπιτέλει
1518 4757 1618 4830 τὴν
1649 4758 1752 4829 μά-

163 4851 291 4904 χην-
393 4896 428 4911 ...

240 4925 332 4992 ξε’.
385 4921 558 5005 Ὑπὲρ
620 4935 848 4988 σεαυτοῦ
894 4936 988 4989 καὶ
1038 4936 1132 4991 τοῦ
1176 4938 1268 4992 σοῦ
1325 4939 1456 4994 λαοῦ
1506 4943 1754 4998 ἀντιόου-

161 5021 336 5096 λεύσῃ
363 5025 486 5098 Ῑεῦ)
543 5028 684 5083 κατὰ
712 5031 822 5082 τῶν
852 5030 1150 5100 πολεμίων,
1202 5034 1295 5088 καὶ
1337 5035 1436 5106 τὴν
1496 5038 1753 5109 τοιαύτην

163 5115 365 5189 βουλὴν
427 5120 668 5196 ἀκούσῃς
710 5124 1110 5195 προδεδομένην
1152 5128 1334 5193 αὐτοῖς
1361 5173 1374 5194 ,
1428 5130 1656 5185 καθόλου
1686 5135 1753 5187 τὰ

166 5205 592 5281 βεϐουλευμένα,
649 5213 760 5266 εἴτε
816 5217 873 5267 ὲν
947 5218 1272 5290 παρατάξει,
1334 5218 1442 5274 εἴτε
1473 5225 1530 5274 ἐν
1565 5221 1753 5289 ἄλλαις

162 5305 638 5378 παραγγελίαις,ῆ
671 5310 967 5379 σχήμασιν,
1003 5312 1351 5368 ὲναλλάσσειν
1378 5315 1636 5386 ὀφείλεις.

241 5394 349 5460 Eg’.
389 5399 492 5453 Σὺν
531 5401 743 5455 πλείοσι
795 5403 892 5472 μὲν
937 5405 1066 5474 περὶ
1112 5400 1187 5460 ὧν
1227 5402 1442 5477 μέλλεις
1494 5412 1754 5483 πράττειν

163 5483 463 5557 βουλεύου,
498 5491 550 5545 τί
605 5493 662 5547 δὲ
720 5495 943 5566 πράξεις
998 5497 1094 5551 σὺν
1145 5498 1346 5568 ὀλίγοις
1394 5501 1486 5556 καὶ
1545 5503 1754 5568 τούτοις

162 5583 406 5648 πιστοῖς,
440 5585 500 5637 τὸ
545 5585 600 5638 δὲ
668 5588 944 5660 συμφέρον
991 5607 1083 5643 σου
1119 5630 1134 5655 ,
1193 5593 1363 5663 ἤγουν
1415 5593 1512 5666 τὴν
1563 5597 1752 5649 πασῶν

1931 4952 2019 5009 63.
2053 4955 2107 5011 Si
2146 4957 2213 5012 de
2249 4965 2301 5012 te
2329 4959 2551 5028 tuisque
2579 4962 2756 5033 capiis
2784 4963 3077 5021 adversum
3106 4963 3313 5029 hostes,
3334 4967 3438 5021 ali-

1858 5044 1988 5114 quid
2053 5047 2465 5118 deliberaveris,
2518 5060 2574 5108 et
2625 5055 2920 5110 consilium
2972 5065 3126 5110 tuum
3187 5056 3450 5116 hostibus

1860 5138 2192 5207 patefactum
2226 5159 2350 5200 esse
2371 5145 2732 5215 intellexeris,
2759 5164 2920 5205 omne
2941 5150 3231 5206 consilium
3262 5160 3441 5219 tuum,

1861 5232 2007 5300 quod
2052 5233 2389 5298 intentleras.
2422 5237 2538 5293 sive
2582 5238 2638 5294 in
2692 5240 2810 5296 acie
2855 5241 3200 5310 instruenda,
3240 5246 3356 5300 sive
3386 5246 3442 5300 in

1862 5324 1984 5379 aliis
2024 5328 2485 5398 prmceptionibus
2521 5330 2824 5405 formisque
2846 5335 2939 5400 sit,
2973 5337 3280 5406 repudiato.

1935 5415 2024 5470 66.
2059 5417 2192 5472 Cum
2224 5420 2476 5489 plurimis
2507 5422 2576 5479 de
2627 5426 2792 5482 rebus
2847 5429 3100 5498 gerendis
3156 5429 3441 5486 delibera:

1862 5509 1992 5578 quid
2032 5518 2087 5563 tu
2115 5511 2228 5580 ipse
2278 5513 2522 5570 facturus
2575 5517 2673 5582 sis,
2701 5532 2826 5572 cum
2860 5519 3069 5589 paucis,
3107 5520 3282 5592 iisque
3306 5521 3440 5577 fide-

1860 5599 2006 5657 libus
2045 5602 2337 5660 admodum
2363 5611 2730 5666 communica.
2754 5612 2895 5679 Quid
2928 5629 3056 5669 vero
3087 5614 3437 5686 potissimum

1693 5761 1923 5832 ΝΟΤᾸΞ,

403 5863 665 5944 ἶΑςοορᾷς.
693 5866 1380 5944 Δδοιῇιοοίιτιιυιηηἄιεροῃιάς.

241 5934 358 6007 (24)
389 5937 470 5990 Δι’
501 5978 512 5990 .
552 5977 564 5990 .
606 5980 618 5993 .
656 5941 762 6006 εἰς.
788 5938 997 6008 Scribe,
1026 5939 1092 5995 δι’
1126 5934 1193 6012 ἦν
1218 5934 1321 6009 είς.

1925 5881 2038 5956 (25)
2081 5884 2554 5958 ’Λντιὸουλεύσζμ
2581 5886 2797 5960 Scribe,
2829 5890 2893 5946 ἄν
2923 5908 2972 5946 τι
3001 5891 3290 5968 βουλεύσῃ.
