  <div class='ocr_page' id='page_1' title='image "/cluster/home/n/w/nwhite01/storage/ocr_20150623/107/mdp.39015028571910/559.png"; bbox 0 0 3968 6308; ppageno 0'>
   <div class='ocr_carea' id='block_1_1' title="bbox 561 372 3858 461">
    <p class='ocr_par' dir='ltr' id='par_1_1' title="bbox 561 372 3858 461">
     <span class='ocr_line' id='line_1_1' title="bbox 561 372 3858 461; baseline -0.006 0"><span class='ocrx_word' id='word_1_1' title='bbox 561 393 700 461; x_wconf 77' lang='lat'><strong>1031</strong></span> <span class='ocrx_word' id='word_1_2' title='bbox 1819 380 2017 448; x_wconf 82' lang='lat' dir='ltr'><strong>LEON</strong></span> <span class='ocrx_word' id='word_1_3' title='bbox 2027 386 2097 447; x_wconf 77' lang='lat' dir='ltr'><strong>IS</strong></span> <span class='ocrx_word' id='word_1_4' title='bbox 2124 379 2588 452; x_wconf 80' lang='lat' dir='ltr'><strong>PHILOSOPHI</strong></span> <span class='ocrx_word' id='word_1_5' title='bbox 3704 372 3858 441; x_wconf 72' lang='lat'><strong>1032</strong></span> 
     </span>
    </p>
   </div>
   <div class='ocr_carea' id='block_1_2' title="bbox 550 490 2131 576">
    <p class='ocr_par' dir='ltr' id='par_1_2' title="bbox 550 496 2131 576">
     <span class='ocr_line' id='line_1_2' title="bbox 550 496 2131 576; baseline -0.007 -14"><span class='ocrx_word' id='word_1_6' title='bbox 550 506 701 562; x_wconf 83' lang='lat' dir='ltr'><strong>factu</strong></span> <span class='ocrx_word' id='word_1_7' title='bbox 731 503 828 572; x_wconf 85' lang='lat' dir='ltr'><strong>sit,</strong></span> <span class='ocrx_word' id='word_1_8' title='bbox 861 502 930 576; x_wconf 70' lang='lat' dir='ltr'><strong>et}</strong></span> <span class='ocrx_word' id='word_1_9' title='bbox 957 501 1102 576; x_wconf 90' lang='lat' dir='ltr'><strong>quod</strong></span> <span class='ocrx_word' id='word_1_10' title='bbox 1135 517 1204 559; x_wconf 77' lang='lat' dir='ltr'><strong>ex</strong></span> <span class='ocrx_word' id='word_1_11' title='bbox 1249 500 1504 556; x_wconf 89' lang='lat' dir='ltr'><strong>omnibus</strong></span> <span class='ocrx_word' id='word_1_12' title='bbox 1546 496 1840 556; x_wconf 89' lang='lat' dir='ltr'><strong>consilium</strong></span> <span class='ocrx_word' id='word_1_13' title='bbox 1877 508 1960 554; x_wconf 91' lang='lat' dir='ltr'><strong>est</strong></span> <span class='ocrx_word' id='word_1_14' title='bbox 1995 498 2131 569; x_wconf 84' lang='lat' dir='ltr'><strong>opti-</strong></span> 
     </span>
    </p>
   </div>
   <div class='ocr_carea' id='block_1_3' title="bbox 2244 490 3854 576">
    <p class='ocr_par' dir='ltr' id='par_1_3' title="bbox 2244 490 3854 568">
     <span class='ocr_line' id='line_1_3' title="bbox 2244 490 3854 568; baseline -0.004 -16"><span class='ocrx_word' id='word_1_15' title='bbox 2244 498 2494 552; x_wconf 84' lang='grc' dir='ltr'>καλλίονα</span> <span class='ocrx_word' id='word_1_16' title='bbox 2534 494 2730 568; x_wconf 81' lang='grc' dir='ltr'>βουλὴν</span> <span class='ocrx_word' id='word_1_17' title='bbox 2783 493 2924 549; x_wconf 86' lang='grc' dir='ltr'><strong>κατά</strong></span> <span class='ocrx_word' id='word_1_18' title='bbox 2979 492 3202 548; x_wconf 75' lang='grc' dir='ltr'>σεαυτὸν</span> <span class='ocrx_word' id='word_1_19' title='bbox 3247 490 3656 561; x_wconf 76' lang='grc' dir='ltr'>ἐπιλεξάμενος</span> <span class='ocrx_word' id='word_1_20' title='bbox 3716 493 3854 545; x_wconf 73' lang='grc' dir='ltr'>κάτε</span> 
     </span>
    </p>
   </div>
   <div class='ocr_carea' id='block_1_4' title="bbox 543 597 2348 668">
    <p class='ocr_par' dir='ltr' id='par_1_4' title="bbox 543 597 2348 668">
     <span class='ocr_line' id='line_1_4' title="bbox 543 597 2348 668; baseline -0.007 -14"><span class='ocrx_word' id='word_1_21' title='bbox 543 615 692 654; x_wconf 85' lang='lat' dir='ltr'><strong>mum</strong></span> <span class='ocrx_word' id='word_1_22' title='bbox 731 599 874 668; x_wconf 88' lang='lat' dir='ltr'><strong>apud</strong></span> <span class='ocrx_word' id='word_1_23' title='bbox 908 599 1140 668; x_wconf 87' lang='lat' dir='ltr'><strong>teipsum</strong></span> <span class='ocrx_word' id='word_1_24' title='bbox 1171 597 1346 652; x_wconf 87' lang='lat' dir='ltr'><strong>solum</strong></span> <span class='ocrx_word' id='word_1_25' title='bbox 1383 610 1560 650; x_wconf 86' lang='lat' dir='ltr'><strong>serva.</strong></span> <span class='ocrx_word' id='word_1_26' title='bbox 2237 607 2348 659; x_wconf 76' lang='grc' dir='ltr'>εχε.</span> 
     </span>
    </p>
   </div>
   <div class='ocr_carea' id='block_1_5' title="bbox 615 677 2131 759">
    <p class='ocr_par' dir='ltr' id='par_1_5' title="bbox 615 685 2130 759">
     <span class='ocr_line' id='line_1_5' title="bbox 615 685 2130 759; baseline -0.005 -13"><span class='ocrx_word' id='word_1_27' title='bbox 615 692 702 746; x_wconf 88' lang='lat'><strong>67.</strong></span> <span class='ocrx_word' id='word_1_28' title='bbox 739 691 806 747; x_wconf 91' lang='lat' dir='ltr'><strong>Ut</strong></span> <span class='ocrx_word' id='word_1_29' title='bbox 838 691 1113 746; x_wconf 78' lang='lat' dir='ltr'><strong>exercitus</strong></span> <span class='ocrx_word' id='word_1_30' title='bbox 1144 695 1371 759; x_wconf 81' lang='lat' dir='ltr'><strong>integer,</strong></span> <span class='ocrx_word' id='word_1_31' title='bbox 1415 705 1478 744; x_wconf 85' lang='lat' dir='ltr'><strong>ac</strong></span> <span class='ocrx_word' id='word_1_32' title='bbox 1533 690 1649 743; x_wconf 85' lang='lat' dir='ltr'><strong>sine</strong></span> <span class='ocrx_word' id='word_1_33' title='bbox 1706 689 1812 742; x_wconf 84' lang='lat' dir='ltr'><strong>ulla</strong></span> <span class='ocrx_word' id='word_1_34' title='bbox 1849 685 2130 756; x_wconf 84' lang='lat' dir='ltr'><strong>perturba-</strong></span> 
     </span>
    </p>
   </div>
   <div class='ocr_carea' id='block_1_6' title="bbox 2244 677 3848 759">
    <p class='ocr_par' dir='ltr' id='par_1_6' title="bbox 2305 677 3848 750">
     <span class='ocr_line' id='line_1_6' title="bbox 2305 677 3848 750; baseline -0.005 -13"><span class='ocrx_word' id='word_1_35' title='bbox 2305 680 2404 748; x_wconf 69' lang='grc' dir='ltr'>ξξ.</span> <span class='ocrx_word' id='word_1_36' title='bbox 2441 680 2556 736; x_wconf 84' lang='grc' dir='ltr'>Ἵνα</span> <span class='ocrx_word' id='word_1_37' title='bbox 2574 681 2632 735; x_wconf 89' lang='grc' dir='ltr'><strong>δέ</strong></span> <span class='ocrx_word' id='word_1_38' title='bbox 2686 681 2824 750; x_wconf 89' lang='grc' dir='ltr'>σοιὴ</span> <span class='ocrx_word' id='word_1_39' title='bbox 2862 678 3192 749; x_wconf 82' lang='grc' dir='ltr'>ὲκστρατεία</span> <span class='ocrx_word' id='word_1_40' title='bbox 3245 678 3451 742; x_wconf 79' lang='grc' dir='ltr'>ἄλυπος</span> <span class='ocrx_word' id='word_1_41' title='bbox 3494 677 3848 748; x_wconf 80' lang='grc' dir='ltr'>διατηρῆται</span> 
     </span>
    </p>
   </div>
   <div class='ocr_carea' id='block_1_7' title="bbox 545 765 2131 847">
    <p class='ocr_par' dir='ltr' id='par_1_7' title="bbox 545 780 2124 847">
     <span class='ocr_line' id='line_1_7' title="bbox 545 780 2124 847; baseline -0.004 -7"><span class='ocrx_word' id='word_1_42' title='bbox 545 786 697 841; x_wconf 87' lang='lat' dir='ltr'><strong>tione</strong></span> <span class='ocrx_word' id='word_1_43' title='bbox 724 785 818 847; x_wconf 86' lang='lat' dir='ltr'><strong>sit,</strong></span> <span class='ocrx_word' id='word_1_44' title='bbox 848 783 933 839; x_wconf 98' lang='lat' dir='ltr'><strong>vel</strong></span> <span class='ocrx_word' id='word_1_45' title='bbox 963 799 1027 838; x_wconf 87' lang='lat' dir='ltr'><strong>eo</strong></span> <span class='ocrx_word' id='word_1_46' title='bbox 1057 782 1361 838; x_wconf 76' lang='lat' dir='ltr'><strong>exercitum</strong></span> <span class='ocrx_word' id='word_1_47' title='bbox 1415 781 1621 844; x_wconf 88' lang='lat' dir='ltr'><strong>ducito,</strong></span> <span class='ocrx_word' id='word_1_48' title='bbox 1657 780 1744 834; x_wconf 90' lang='lat' dir='ltr'><strong>ubi</strong></span> <span class='ocrx_word' id='word_1_49' title='bbox 1782 788 2124 833; x_wconf 84' lang='lat' dir='ltr'><strong>commeatus</strong></span> 
     </span>
    </p>
   </div>
   <div class='ocr_carea' id='block_1_8' title="bbox 2244 765 3850 847">
    <p class='ocr_par' dir='ltr' id='par_1_8' title="bbox 2244 765 3850 847">
     <span class='ocr_line' id='line_1_8' title="bbox 2244 765 3850 847; baseline -0.002 -19"><span class='ocrx_word' id='word_1_50' title='bbox 2244 775 2327 828; x_wconf 70' lang='grc' dir='ltr'><strong>καὶ</strong></span> <span class='ocrx_word' id='word_1_51' title='bbox 2392 765 2702 847; x_wconf 65' lang='grc' dir='ltr'>ἐρρωμένη,</span> <span class='ocrx_word' id='word_1_52' title='bbox 2777 772 2895 828; x_wconf 88' lang='grc' dir='ltr'>δέον</span> <span class='ocrx_word' id='word_1_53' title='bbox 2928 773 3219 845; x_wconf 81' lang='grc' dir='ltr'>σεῆπρδς</span> <span class='ocrx_word' id='word_1_54' title='bbox 3266 773 3334 826; x_wconf 75' lang='grc' dir='ltr'><strong>τὰ</strong></span> <span class='ocrx_word' id='word_1_55' title='bbox 3389 773 3694 841; x_wconf 78' lang='grc' dir='ltr'>ἐπιτήδεια</span> <span class='ocrx_word' id='word_1_56' title='bbox 3747 771 3850 838; x_wconf 71' lang='grc' dir='ltr'>τῆς</span> 
     </span>
    </p>
   </div>
   <div class='ocr_carea' id='block_1_9' title="bbox 541 859 2131 944">
    <p class='ocr_par' dir='ltr' id='par_1_9' title="bbox 541 869 2125 944">
     <span class='ocr_line' id='line_1_9' title="bbox 541 869 2125 944; baseline -0.005 -14"><span class='ocrx_word' id='word_1_57' title='bbox 541 891 837 944; x_wconf 84' lang='lat' dir='ltr'><strong>rerumque</strong></span> <span class='ocrx_word' id='word_1_58' title='bbox 857 874 1306 930; x_wconf 83' lang='lat' dir='ltr'><strong>necessariarum</strong></span> <span class='ocrx_word' id='word_1_59' title='bbox 1335 872 1670 926; x_wconf 74' lang='lat' dir='ltr'><strong>abundantia</strong></span> <span class='ocrx_word' id='word_1_60' title='bbox 1695 877 1802 937; x_wconf 85' lang='lat' dir='ltr'><strong>cst,</strong></span> <span class='ocrx_word' id='word_1_61' title='bbox 1833 877 1927 924; x_wconf 91' lang='lat' dir='ltr'><strong>aut</strong></span> <span class='ocrx_word' id='word_1_62' title='bbox 1947 869 2125 937; x_wconf 86' lang='lat' dir='ltr'><strong>ipsum</strong></span> 
     </span>
    </p>
   </div>
   <div class='ocr_carea' id='block_1_10' title="bbox 2244 859 3852 944">
    <p class='ocr_par' dir='ltr' id='par_1_10' title="bbox 2244 859 3852 936">
     <span class='ocr_line' id='line_1_10' title="bbox 2244 859 3852 936; baseline -0.001 -20"><span class='ocrx_word' id='word_1_63' title='bbox 2244 864 2428 935; x_wconf 81' lang='grc' dir='ltr'>χρείας</span> <span class='ocrx_word' id='word_1_64' title='bbox 2472 865 2530 918; x_wconf 80' lang='grc' dir='ltr'><strong>τὸ</strong></span> <span class='ocrx_word' id='word_1_65' title='bbox 2560 865 2873 936; x_wconf 78' lang='grc' dir='ltr'>στράτευμα</span> <span class='ocrx_word' id='word_1_66' title='bbox 2915 864 3170 932; x_wconf 79' lang='grc' dir='ltr'>ἀπάγειν,</span> <span class='ocrx_word' id='word_1_67' title='bbox 3199 864 3232 934; x_wconf 83' lang='grc' dir='ltr'>ἦ</span> <span class='ocrx_word' id='word_1_68' title='bbox 3267 864 3407 917; x_wconf 79' lang='grc' dir='ltr'>αὐτὰ</span> <span class='ocrx_word' id='word_1_69' title='bbox 3437 863 3509 916; x_wconf 80' lang='grc' dir='ltr'>τὰ</span> <span class='ocrx_word' id='word_1_70' title='bbox 3540 859 3852 933; x_wconf 63' lang='grc' dir='ltr'>ἐπιτήδεια</span> 
     </span>
    </p>
   </div>
   <div class='ocr_carea' id='block_1_11' title="bbox 543 957 2131 1035">
    <p class='ocr_par' dir='ltr' id='par_1_11' title="bbox 543 962 2127 1035">
     <span class='ocr_line' id='line_1_11' title="bbox 543 962 2127 1035; baseline -0.008 -11"><span class='ocrx_word' id='word_1_71' title='bbox 543 976 932 1035; x_wconf 79' lang='lat' dir='ltr'><strong>commeatum,</strong></span> <span class='ocrx_word' id='word_1_72' title='bbox 982 976 1035 1021; x_wconf 93' lang='lat' dir='ltr'><strong>et</strong></span> <span class='ocrx_word' id='word_1_73' title='bbox 1089 981 1178 1022; x_wconf 88' lang='lat' dir='ltr'><strong>res</strong></span> <span class='ocrx_word' id='word_1_74' title='bbox 1210 964 1554 1020; x_wconf 88' lang='lat' dir='ltr'><strong>necessarias</strong></span> <span class='ocrx_word' id='word_1_75' title='bbox 1607 962 1875 1018; x_wconf 75' lang='lat' dir='ltr'><strong>exercitui</strong></span> <span class='ocrx_word' id='word_1_76' title='bbox 1923 974 2127 1030; x_wconf 84' lang='lat' dir='ltr'><strong>appor-</strong></span> 
     </span>
    </p>
   </div>
   <div class='ocr_carea' id='block_1_12' title="bbox 2244 957 3256 1035">
    <p class='ocr_par' dir='ltr' id='par_1_12' title="bbox 2244 957 3256 1029">
     <span class='ocr_line' id='line_1_12' title="bbox 2244 957 3256 1029; baseline 0.001 -19"><span class='ocrx_word' id='word_1_77' title='bbox 2244 957 2371 1028; x_wconf 69' lang='grc' dir='ltr'>πρὸς</span> <span class='ocrx_word' id='word_1_78' title='bbox 2399 957 2460 1010; x_wconf 76' lang='grc' dir='ltr'>τὸ</span> <span class='ocrx_word' id='word_1_79' title='bbox 2495 958 2810 1029; x_wconf 84' lang='grc' dir='ltr'>στράτευμα</span> <span class='ocrx_word' id='word_1_80' title='bbox 2844 957 3256 1028; x_wconf 81' lang='grc' dir='ltr'>μετακομίζειν.</span> 
     </span>
    </p>
   </div>
   <div class='ocr_carea' id='block_1_13' title="bbox 543 1062 706 1116">
    <p class='ocr_par' dir='ltr' id='par_1_13' title="bbox 543 1062 706 1116">
     <span class='ocr_line' id='line_1_13' title="bbox 543 1062 706 1116; baseline 0.006 -1"><span class='ocrx_word' id='word_1_81' title='bbox 543 1062 706 1116; x_wconf 90' lang='lat' dir='ltr'><strong>tabis.</strong></span> 
     </span>
    </p>
   </div>
   <div class='ocr_carea' id='block_1_14' title="bbox 611 1135 2131 1221">
    <p class='ocr_par' dir='ltr' id='par_1_14' title="bbox 611 1148 2124 1221">
     <span class='ocr_line' id='line_1_14' title="bbox 611 1148 2124 1221; baseline -0.003 -14"><span class='ocrx_word' id='word_1_82' title='bbox 611 1151 702 1207; x_wconf 86' lang='lat'><strong>68.</strong></span> <span class='ocrx_word' id='word_1_83' title='bbox 735 1150 849 1206; x_wconf 85' lang='lat' dir='ltr'><strong>Non</strong></span> <span class='ocrx_word' id='word_1_84' title='bbox 877 1165 972 1221; x_wconf 89' lang='lat' dir='ltr'><strong>per</strong></span> <span class='ocrx_word' id='word_1_85' title='bbox 999 1150 1376 1218; x_wconf 77' lang='lat' dir='ltr'><strong>speculatores</strong></span> <span class='ocrx_word' id='word_1_86' title='bbox 1407 1150 1585 1205; x_wconf 91' lang='lat' dir='ltr'><strong>solum</strong></span> <span class='ocrx_word' id='word_1_87' title='bbox 1618 1148 2000 1219; x_wconf 78' lang='lat' dir='ltr'><strong>perlustranda</strong></span> <span class='ocrx_word' id='word_1_88' title='bbox 2038 1149 2124 1203; x_wconf 88' lang='lat' dir='ltr'><strong>via</strong></span> 
     </span>
    </p>
   </div>
   <div class='ocr_carea' id='block_1_15' title="bbox 2244 1135 3851 1221">
    <p class='ocr_par' dir='ltr' id='par_1_15' title="bbox 2302 1135 3851 1209">
     <span class='ocr_line' id='line_1_15' title="bbox 2302 1135 3851 1209; baseline -0.006 -15"><span class='ocrx_word' id='word_1_89' title='bbox 2302 1139 2404 1209; x_wconf 75' lang='lat' dir='ltr'><strong>Eq&#39;.</strong></span> <span class='ocrx_word' id='word_1_90' title='bbox 2439 1139 2512 1193; x_wconf 71' lang='grc' dir='ltr'><strong>Οὐ</strong></span> <span class='ocrx_word' id='word_1_91' title='bbox 2562 1138 2649 1192; x_wconf 73' lang='grc' dir='ltr'><strong>διὰ</strong></span> <span class='ocrx_word' id='word_1_92' title='bbox 2703 1137 2924 1190; x_wconf 84' lang='grc' dir='ltr'>σκοπῶν</span> <span class='ocrx_word' id='word_1_93' title='bbox 2964 1137 3057 1191; x_wconf 84' lang='grc' dir='ltr'>-δεῐ</span> <span class='ocrx_word' id='word_1_94' title='bbox 3114 1137 3274 1208; x_wconf 87' lang='grc' dir='ltr'>μόνον</span> <span class='ocrx_word' id='word_1_95' title='bbox 3320 1135 3680 1208; x_wconf 79' lang='grc' dir='ltr'>προερευνᾷν</span> <span class='ocrx_word' id='word_1_96' title='bbox 3744 1135 3851 1196; x_wconf 69' lang='grc' dir='ltr'><strong>τὰς</strong></span> 
     </span>
    </p>
   </div>
   <div class='ocr_carea' id='block_1_16' title="bbox 541 1225 2131 1313">
    <p class='ocr_par' dir='ltr' id='par_1_16' title="bbox 541 1240 2123 1313">
     <span class='ocr_line' id='line_1_16' title="bbox 541 1240 2123 1313; baseline -0.005 -12"><span class='ocrx_word' id='word_1_97' title='bbox 541 1246 818 1301; x_wconf 81' lang='lat' dir='ltr'><strong>exercitus</strong></span> <span class='ocrx_word' id='word_1_98' title='bbox 839 1245 918 1298; x_wconf 89' lang='lat' dir='ltr'><strong>tui</strong></span> <span class='ocrx_word' id='word_1_99' title='bbox 948 1250 1053 1309; x_wconf 88' lang='lat' dir='ltr'><strong>est,</strong></span> <span class='ocrx_word' id='word_1_100' title='bbox 1079 1242 1172 1298; x_wconf 89' lang='lat' dir='ltr'><strong>sed</strong></span> <span class='ocrx_word' id='word_1_101' title='bbox 1211 1251 1263 1298; x_wconf 92' lang='lat' dir='ltr'><strong>et</strong></span> <span class='ocrx_word' id='word_1_102' title='bbox 1299 1249 1357 1296; x_wconf 90' lang='lat' dir='ltr'><strong>tu</strong></span> <span class='ocrx_word' id='word_1_103' title='bbox 1384 1242 1707 1313; x_wconf 74' lang='lat' dir='ltr'><strong>imperator,</strong></span> <span class='ocrx_word' id='word_1_104' title='bbox 1735 1242 1779 1295; x_wconf 88' lang='lat' dir='ltr'><strong>si</strong></span> <span class='ocrx_word' id='word_1_105' title='bbox 1816 1240 2123 1304; x_wconf 77' lang='lat' dir='ltr'><strong>commode,</strong></span> 
     </span>
    </p>
   </div>
   <div class='ocr_carea' id='block_1_17' title="bbox 2244 1225 3847 1313">
    <p class='ocr_par' dir='ltr' id='par_1_17' title="bbox 2244 1225 3847 1298">
     <span class='ocr_line' id='line_1_17' title="bbox 2244 1225 3847 1298; baseline -0.002 -16"><span class='ocrx_word' id='word_1_106' title='bbox 2244 1231 2405 1295; x_wconf 75' lang='lat' dir='ltr'><strong>58ob;,</strong></span> <span class='ocrx_word' id='word_1_107' title='bbox 2439 1230 2576 1285; x_wconf 85' lang='grc' dir='ltr'><strong>ἀλλά</strong></span> <span class='ocrx_word' id='word_1_108' title='bbox 2619 1231 2711 1284; x_wconf 74' lang='grc' dir='ltr'><strong>καὶ</strong></span> <span class='ocrx_word' id='word_1_109' title='bbox 2764 1230 2948 1296; x_wconf 82' lang='grc' dir='ltr'>αὐτὸν,</span> <span class='ocrx_word' id='word_1_110' title='bbox 2987 1231 3034 1282; x_wconf 87' lang='grc' dir='ltr'>εἰ</span> <span class='ocrx_word' id='word_1_111' title='bbox 3067 1227 3311 1295; x_wconf 81' lang='grc' dir='ltr'>δυνατὸν,</span> <span class='ocrx_word' id='word_1_112' title='bbox 3364 1227 3458 1281; x_wconf 80' lang='grc' dir='ltr'><strong>τὸν</strong></span> <span class='ocrx_word' id='word_1_113' title='bbox 3509 1225 3847 1298; x_wconf 64' lang='grc' dir='ltr'>στρατηγὸν</span> 
     </span>
    </p>
   </div>
   <div class='ocr_carea' id='block_1_18' title="bbox 538 1319 2131 1407">
    <p class='ocr_par' dir='ltr' id='par_1_18' title="bbox 538 1333 2128 1407">
     <span class='ocr_line' id='line_1_18' title="bbox 538 1333 2128 1407; baseline -0.004 -14"><span class='ocrx_word' id='word_1_114' title='bbox 538 1346 594 1393; x_wconf 94' lang='lat' dir='ltr'><strong>et</strong></span> <span class='ocrx_word' id='word_1_115' title='bbox 624 1338 762 1394; x_wconf 90' lang='lat' dir='ltr'><strong>clam</strong></span> <span class='ocrx_word' id='word_1_116' title='bbox 793 1336 1019 1407; x_wconf 89' lang='lat' dir='ltr'><strong>poteris,</strong></span> <span class='ocrx_word' id='word_1_117' title='bbox 1074 1335 1183 1391; x_wconf 87' lang='lat' dir='ltr'><strong>tuis</strong></span> <span class='ocrx_word' id='word_1_118' title='bbox 1231 1334 1408 1405; x_wconf 82' lang='lat' dir='ltr'><strong>ipsius</strong></span> <span class='ocrx_word' id='word_1_119' title='bbox 1439 1333 1618 1390; x_wconf 85' lang='lat' dir='ltr'><strong>oculis</strong></span> <span class='ocrx_word' id='word_1_120' title='bbox 1648 1334 1831 1389; x_wconf 88' lang='lat' dir='ltr'><strong>omnia</strong></span> <span class='ocrx_word' id='word_1_121' title='bbox 1859 1333 1974 1387; x_wconf 92' lang='lat' dir='ltr'><strong>loca</strong></span> <span class='ocrx_word' id='word_1_122' title='bbox 2005 1347 2128 1400; x_wconf 87' lang='lat' dir='ltr'><strong>per-</strong></span> 
     </span>
    </p>
   </div>
   <div class='ocr_carea' id='block_1_19' title="bbox 2244 1319 3848 1407">
    <p class='ocr_par' dir='ltr' id='par_1_19' title="bbox 2244 1319 3848 1394">
     <span class='ocr_line' id='line_1_19' title="bbox 2244 1319 3848 1394; baseline -0.002 -18"><span class='ocrx_word' id='word_1_123' title='bbox 2244 1323 2504 1394; x_wconf 63' lang='lat' dir='ltr'><strong>laepaiw;</strong></span> <span class='ocrx_word' id='word_1_124' title='bbox 2547 1326 2661 1387; x_wconf 84' lang='grc' dir='ltr'>τοῖς</span> <span class='ocrx_word' id='word_1_125' title='bbox 2707 1324 2930 1387; x_wconf 78' lang='grc' dir='ltr'><strong>οἰκείοις</strong></span> <span class='ocrx_word' id='word_1_126' title='bbox 2987 1322 3289 1392; x_wconf 82' lang='grc' dir='ltr'><strong>ὀφθαλμοῖς</strong></span> <span class='ocrx_word' id='word_1_127' title='bbox 3342 1322 3482 1391; x_wconf 87' lang='grc' dir='ltr'><strong>μετά</strong></span> <span class='ocrx_word' id='word_1_128' title='bbox 3535 1319 3848 1391; x_wconf 78' lang='grc' dir='ltr'>ἀκριϐείας</span> 
     </span>
    </p>
   </div>
   <div class='ocr_carea' id='block_1_20' title="bbox 538 1415 2131 1496">
    <p class='ocr_par' dir='ltr' id='par_1_20' title="bbox 538 1420 2123 1496">
     <span class='ocr_line' id='line_1_20' title="bbox 538 1420 2123 1496; baseline -0.006 -14"><span class='ocrx_word' id='word_1_129' title='bbox 538 1426 835 1496; x_wconf 78' lang='lat' dir='ltr'><strong>veStigabis</strong></span> <span class='ocrx_word' id='word_1_130' title='bbox 867 1442 880 1480; x_wconf 91' lang='lat'><strong>:</strong></span> <span class='ocrx_word' id='word_1_131' title='bbox 929 1439 1103 1494; x_wconf 91' lang='lat' dir='ltr'><strong>neque</strong></span> <span class='ocrx_word' id='word_1_132' title='bbox 1138 1423 1280 1476; x_wconf 81' lang='lat' dir='ltr'><strong>vias.</strong></span> <span class='ocrx_word' id='word_1_133' title='bbox 1304 1423 1504 1486; x_wconf 89' lang='lat' dir='ltr'><strong>solum,</strong></span> <span class='ocrx_word' id='word_1_134' title='bbox 1565 1421 1660 1476; x_wconf 89' lang='lat' dir='ltr'><strong>sed</strong></span> <span class='ocrx_word' id='word_1_135' title='bbox 1691 1421 1855 1476; x_wconf 90' lang='lat' dir='ltr'><strong>etiam</strong></span> <span class='ocrx_word' id='word_1_136' title='bbox 1885 1420 2123 1474; x_wconf 84' lang='lat' dir='ltr'><strong>hostium</strong></span> 
     </span>
    </p>
   </div>
   <div class='ocr_carea' id='block_1_21' title="bbox 2244 1415 3836 1496">
    <p class='ocr_par' dir='ltr' id='par_1_21' title="bbox 2244 1415 3836 1487">
     <span class='ocr_line' id='line_1_21' title="bbox 2244 1415 3836 1487; baseline -0.003 -17"><span class='ocrx_word' id='word_1_137' title='bbox 2244 1417 2431 1481; x_wconf 74' lang='grc' dir='ltr'>ταύτας</span> <span class='ocrx_word' id='word_1_138' title='bbox 2491 1419 2808 1470; x_wconf 84' lang='grc' dir='ltr'>κατανοεῖν·</span> <span class='ocrx_word' id='word_1_139' title='bbox 2879 1416 2973 1470; x_wconf 67' lang='grc' dir='ltr'><strong>καὶ</strong></span> <span class='ocrx_word' id='word_1_140' title='bbox 2999 1417 3057 1469; x_wconf 79' lang='grc' dir='ltr'><strong>οὐ</strong></span> <span class='ocrx_word' id='word_1_141' title='bbox 3096 1416 3258 1487; x_wconf 86' lang='grc' dir='ltr'>μόνον</span> <span class='ocrx_word' id='word_1_142' title='bbox 3307 1416 3406 1480; x_wconf 83' lang='grc' dir='ltr'>τὰς</span> <span class='ocrx_word' id='word_1_143' title='bbox 3458 1415 3650 1480; x_wconf 74' lang='grc' dir='ltr'>ὁδοὺς,</span> <span class='ocrx_word' id='word_1_144' title='bbox 3715 1415 3836 1467; x_wconf 70' lang='grc' dir='ltr'>ἀλλ’</span> 
     </span>
    </p>
   </div>
   <div class='ocr_carea' id='block_1_22' title="bbox 541 1513 2126 1580">
    <p class='ocr_par' dir='ltr' id='par_1_22' title="bbox 541 1513 2126 1580">
     <span class='ocr_line' id='line_1_22' title="bbox 541 1513 2126 1580; baseline -0.008 -4"><span class='ocrx_word' id='word_1_145' title='bbox 541 1519 959 1576; x_wconf 79' lang='lat' dir='ltr'><strong>adventantium</strong></span> <span class='ocrx_word' id='word_1_146' title='bbox 1000 1514 1433 1580; x_wconf 87' lang='lat' dir='ltr'><strong>multitudinem,</strong></span> <span class='ocrx_word' id='word_1_147' title='bbox 1464 1523 1521 1568; x_wconf 81' lang='lat' dir='ltr'><strong>et</strong></span> <span class='ocrx_word' id='word_1_148' title='bbox 1562 1513 1782 1568; x_wconf 87' lang='lat' dir='ltr'><strong>illormn</strong></span> <span class='ocrx_word' id='word_1_149' title='bbox 1824 1513 2018 1578; x_wconf 88' lang='lat' dir='ltr'><strong>aciem,</strong></span> <span class='ocrx_word' id='word_1_150' title='bbox 2067 1517 2126 1565; x_wconf 91' lang='lat' dir='ltr'><strong>ut</strong></span> 
     </span>
    </p>
   </div>
   <div class='ocr_carea' id='block_1_23' title="bbox 540 1606 2124 1681">
    <p class='ocr_par' dir='ltr' id='par_1_23' title="bbox 540 1606 2124 1681">
     <span class='ocr_line' id='line_1_23' title="bbox 540 1606 2124 1681; baseline -0.005 -14"><span class='ocrx_word' id='word_1_151' title='bbox 540 1613 670 1668; x_wconf 87' lang='lat' dir='ltr'><strong>inde</strong></span> <span class='ocrx_word' id='word_1_152' title='bbox 698 1623 755 1666; x_wconf 94' lang='lat' dir='ltr'><strong>tu</strong></span> <span class='ocrx_word' id='word_1_153' title='bbox 792 1613 1097 1668; x_wconf 87' lang='lat' dir='ltr'><strong>instructus</strong></span> <span class='ocrx_word' id='word_1_154' title='bbox 1153 1611 1332 1681; x_wconf 87' lang='lat' dir='ltr'><strong>possis</strong></span> <span class='ocrx_word' id='word_1_155' title='bbox 1389 1608 1454 1663; x_wconf 92' lang='lat' dir='ltr'><strong>ad</strong></span> <span class='ocrx_word' id='word_1_156' title='bbox 1513 1616 1728 1662; x_wconf 91' lang='lat' dir='ltr'><strong>tuorum</strong></span> <span class='ocrx_word' id='word_1_157' title='bbox 1786 1606 2043 1678; x_wconf 82' lang='lat' dir='ltr'><strong>salutem,</strong></span> <span class='ocrx_word' id='word_1_158' title='bbox 2071 1613 2124 1660; x_wconf 90' lang='lat' dir='ltr'><strong>et</strong></span> 
     </span>
    </p>
   </div>
   <div class='ocr_carea' id='block_1_24' title="bbox 543 1699 1755 1769">
    <p class='ocr_par' dir='ltr' id='par_1_24' title="bbox 543 1699 1755 1769">
     <span class='ocr_line' id='line_1_24' title="bbox 543 1699 1755 1769; baseline -0.002 -13"><span class='ocrx_word' id='word_1_159' title='bbox 543 1702 784 1759; x_wconf 85' lang='lat' dir='ltr'><strong>hostium</strong></span> <span class='ocrx_word' id='word_1_160' title='bbox 822 1700 1180 1759; x_wconf 69' lang='lat' dir='ltr'><strong>oﬂensionem</strong></span> <span class='ocrx_word' id='word_1_161' title='bbox 1215 1699 1397 1755; x_wconf 87' lang='lat' dir='ltr'><strong>omnia</strong></span> <span class='ocrx_word' id='word_1_162' title='bbox 1424 1701 1755 1769; x_wconf 78' lang='lat' dir='ltr'><strong>excogitare.</strong></span> 
     </span>
    </p>
   </div>
   <div class='ocr_carea' id='block_1_25' title="bbox 2230 1504 3843 1578">
    <p class='ocr_par' dir='ltr' id='par_1_25' title="bbox 2230 1504 3843 1578">
     <span class='ocr_line' id='line_1_25' title="bbox 2230 1504 3843 1578; baseline -0.004 -16"><span class='ocrx_word' id='word_1_163' title='bbox 2230 1510 2344 1578; x_wconf 75' lang='grc' dir='ltr'>εἴγε</span> <span class='ocrx_word' id='word_1_164' title='bbox 2391 1507 2614 1563; x_wconf 83' lang='grc' dir='ltr'>δυνατὸν</span> <span class='ocrx_word' id='word_1_165' title='bbox 2673 1509 2767 1561; x_wconf 76' lang='grc' dir='ltr'><strong>καὶ</strong></span> <span class='ocrx_word' id='word_1_166' title='bbox 2792 1507 2852 1560; x_wconf 81' lang='grc' dir='ltr'>τὸ</span> <span class='ocrx_word' id='word_1_167' title='bbox 2881 1507 3088 1577; x_wconf 78' lang='grc' dir='ltr'>πλῆθος</span> <span class='ocrx_word' id='word_1_168' title='bbox 3149 1505 3258 1560; x_wconf 87' lang='grc' dir='ltr'><strong>τῶν</strong></span> <span class='ocrx_word' id='word_1_169' title='bbox 3289 1504 3700 1576; x_wconf 71' lang='grc' dir='ltr'><strong>ἐπερχομένων</strong></span> <span class='ocrx_word' id='word_1_170' title='bbox 3743 1521 3843 1556; x_wconf 77' lang='grc' dir='ltr'>τεο-</span> 
     </span>
    </p>
   </div>
   <div class='ocr_carea' id='block_1_26' title="bbox 2228 1597 3849 1672">
    <p class='ocr_par' dir='ltr' id='par_1_26' title="bbox 2228 1597 3849 1672">
     <span class='ocr_line' id='line_1_26' title="bbox 2228 1597 3849 1672; baseline -0.003 -18"><span class='ocrx_word' id='word_1_171' title='bbox 2228 1603 2452 1672; x_wconf 83' lang='grc' dir='ltr'>λεμίων,</span> <span class='ocrx_word' id='word_1_172' title='bbox 2504 1604 2600 1655; x_wconf 66' lang='grc' dir='ltr'><strong>καὶ</strong></span> <span class='ocrx_word' id='word_1_173' title='bbox 2658 1602 2754 1672; x_wconf 82' lang='grc' dir='ltr'>τὴν</span> <span class='ocrx_word' id='word_1_174' title='bbox 2817 1601 2974 1666; x_wconf 72' lang='grc' dir='ltr'>τάξιν</span> <span class='ocrx_word' id='word_1_175' title='bbox 3031 1600 3256 1662; x_wconf 80' lang='grc' dir='ltr'>αὐτῶν,</span> <span class='ocrx_word' id='word_1_176' title='bbox 3327 1600 3402 1662; x_wconf 81' lang='grc' dir='ltr'>ὡς</span> <span class='ocrx_word' id='word_1_177' title='bbox 3455 1599 3529 1652; x_wconf 80' lang='grc' dir='ltr'><strong>ἂν</strong></span> <span class='ocrx_word' id='word_1_178' title='bbox 3578 1597 3849 1651; x_wconf 74' lang='grc' dir='ltr'>ἐντεῦθεν</span> 
     </span>
    </p>
   </div>
   <div class='ocr_carea' id='block_1_27' title="bbox 2227 1685 3849 1763">
    <p class='ocr_par' dir='ltr' id='par_1_27' title="bbox 2227 1685 3849 1763">
     <span class='ocr_line' id='line_1_27' title="bbox 2227 1685 3849 1763; baseline -0.002 -17"><span class='ocrx_word' id='word_1_179' title='bbox 2227 1693 2613 1763; x_wconf 78' lang='grc' dir='ltr'>διδασκόμενος</span> <span class='ocrx_word' id='word_1_180' title='bbox 2674 1693 2896 1746; x_wconf 86' lang='grc' dir='ltr'>δύναται</span> <span class='ocrx_word' id='word_1_181' title='bbox 2947 1693 3039 1745; x_wconf 74' lang='grc' dir='ltr'><strong>καὶ</strong></span> <span class='ocrx_word' id='word_1_182' title='bbox 3095 1685 3243 1746; x_wconf 53' lang='grc' dir='ltr'>’κατ’</span> <span class='ocrx_word' id='word_1_183' title='bbox 3301 1691 3479 1746; x_wconf 82' lang='grc' dir='ltr'>αὐτῶν</span> <span class='ocrx_word' id='word_1_184' title='bbox 3544 1692 3647 1743; x_wconf 73' lang='grc' dir='ltr'><strong>καὶ</strong></span> <span class='ocrx_word' id='word_1_185' title='bbox 3705 1691 3849 1756; x_wconf 75' lang='grc' dir='ltr'>ὑπὲρ</span> 
     </span>
    </p>
   </div>
   <div class='ocr_carea' id='block_1_28' title="bbox 2228 1784 3851 1857">
    <p class='ocr_par' dir='ltr' id='par_1_28' title="bbox 2228 1784 3851 1857">
     <span class='ocr_line' id='line_1_28' title="bbox 2228 1784 3851 1857; baseline -0.001 -18"><span class='ocrx_word' id='word_1_186' title='bbox 2228 1787 2419 1840; x_wconf 75' lang='grc' dir='ltr'>ἑαυτοῦ</span> <span class='ocrx_word' id='word_1_187' title='bbox 2474 1786 2731 1857; x_wconf 83' lang='grc' dir='ltr'>ἀσφαλῶς</span> <span class='ocrx_word' id='word_1_188' title='bbox 2788 1787 2854 1840; x_wconf 82' lang='grc' dir='ltr'>τὰ</span> <span class='ocrx_word' id='word_1_189' title='bbox 2889 1784 3215 1857; x_wconf 79' lang='grc' dir='ltr'>ἐνδεχόμενα</span> <span class='ocrx_word' id='word_1_190' title='bbox 3269 1787 3503 1838; x_wconf 73' lang='grc' dir='ltr'>ἐπινοεῖν</span> <span class='ocrx_word' id='word_1_191' title='bbox 3560 1784 3668 1837; x_wconf 66' lang='grc' dir='ltr'><strong>καὶ</strong></span> <span class='ocrx_word' id='word_1_192' title='bbox 3715 1785 3851 1853; x_wconf 80' lang='grc' dir='ltr'>μεθ·</span> 
     </span>
    </p>
   </div>
   <div class='ocr_carea' id='block_1_29' title="bbox 2154 1874 2448 1935">
    <p class='ocr_par' dir='ltr' id='par_1_29' title="bbox 2154 1874 2448 1935">
     <span class='ocr_line' id='line_1_29' title="bbox 2154 1874 2448 1935; baseline 0.017 -6"><span class='ocrx_word' id='word_1_193' title='bbox 2154 1874 2196 1929; x_wconf 88' lang='grc' dir='ltr'><strong>Β</strong></span> <span class='ocrx_word' id='word_1_194' title='bbox 2225 1879 2448 1935; x_wconf 87' lang='grc' dir='ltr'>οδεύειν.</span> 
     </span>
    </p>
   </div>
   <div class='ocr_carea' id='block_1_30' title="bbox 2313 1970 3852 2045">
    <p class='ocr_par' dir='ltr' id='par_1_30' title="bbox 2313 1970 3852 2045">
     <span class='ocr_line' id='line_1_30' title="bbox 2313 1970 3852 2045; baseline -0.001 -21"><span class='ocrx_word' id='word_1_195' title='bbox 2313 1971 2411 2036; x_wconf 81' lang='grc' dir='ltr'>ξθ’.</span> <span class='ocrx_word' id='word_1_196' title='bbox 2458 1971 2668 2043; x_wconf 80' lang='grc' dir='ltr'>’Υψηλῇ</span> <span class='ocrx_word' id='word_1_197' title='bbox 2713 1970 2928 2045; x_wconf 78' lang='grc' dir='ltr'>διανοίᾳ</span> <span class='ocrx_word' id='word_1_198' title='bbox 2957 1972 3055 2042; x_wconf 80' lang='grc' dir='ltr'><strong>τὴν</strong></span> <span class='ocrx_word' id='word_1_199' title='bbox 3091 1971 3515 2042; x_wconf 81' lang='grc' dir='ltr'>ὲμπεσουμένην</span> <span class='ocrx_word' id='word_1_200' title='bbox 3573 1976 3719 2024; x_wconf 69' lang='grc' dir='ltr'>ποτε</span> <span class='ocrx_word' id='word_1_201' title='bbox 3743 1970 3852 2023; x_wconf 83' lang='grc' dir='ltr'>δει-</span> 
     </span>
    </p>
   </div>
   <div class='ocr_carea' id='block_1_31' title="bbox 2237 2061 3852 2134">
    <p class='ocr_par' dir='ltr' id='par_1_31' title="bbox 2237 2061 3852 2134">
     <span class='ocr_line' id='line_1_31' title="bbox 2237 2061 3852 2134; baseline -0.001 -18"><span class='ocrx_word' id='word_1_202' title='bbox 2237 2063 2356 2118; x_wconf 89' lang='grc' dir='ltr'>λίαν</span> <span class='ocrx_word' id='word_1_203' title='bbox 2400 2065 2514 2127; x_wconf 88' lang='grc' dir='ltr'>τοῖς</span> <span class='ocrx_word' id='word_1_204' title='bbox 2557 2063 2918 2134; x_wconf 83' lang='grc' dir='ltr'>στρατιώταις</span> <span class='ocrx_word' id='word_1_205' title='bbox 2950 2061 3246 2127; x_wconf 60' lang='grc' dir='ltr'>ἀνακαλοῦι,</span> <span class='ocrx_word' id='word_1_206' title='bbox 3273 2063 3368 2116; x_wconf 76' lang='grc' dir='ltr'>καὶ</span> <span class='ocrx_word' id='word_1_207' title='bbox 3395 2062 3620 2132; x_wconf 80' lang='grc' dir='ltr'>τέχναις</span> <span class='ocrx_word' id='word_1_208' title='bbox 3652 2061 3852 2129; x_wconf 75' lang='grc' dir='ltr'>διαφό-</span> 
     </span>
    </p>
   </div>
   <div class='ocr_carea' id='block_1_32' title="bbox 2243 2154 3849 2230">
    <p class='ocr_par' dir='ltr' id='par_1_32' title="bbox 2243 2154 3849 2230">
     <span class='ocr_line' id='line_1_32' title="bbox 2243 2154 3849 2230; baseline -0.002 -20"><span class='ocrx_word' id='word_1_209' title='bbox 2243 2174 2358 2230; x_wconf 88' lang='grc' dir='ltr'>ροις</span> <span class='ocrx_word' id='word_1_210' title='bbox 2414 2157 2494 2220; x_wconf 86' lang='grc' dir='ltr'><strong>είς</strong></span> <span class='ocrx_word' id='word_1_211' title='bbox 2543 2155 2744 2227; x_wconf 83' lang='grc' dir='ltr'>θάρσος</span> <span class='ocrx_word' id='word_1_212' title='bbox 2776 2158 3001 2221; x_wconf 78' lang='grc' dir='ltr'>τούτους</span> <span class='ocrx_word' id='word_1_213' title='bbox 3026 2157 3291 2225; x_wconf 77' lang='grc' dir='ltr'>ἐπάναγε,</span> <span class='ocrx_word' id='word_1_214' title='bbox 3327 2154 3457 2209; x_wconf 82' lang='grc' dir='ltr'>ποτὲ</span> <span class='ocrx_word' id='word_1_215' title='bbox 3495 2154 3604 2225; x_wconf 78' lang='grc' dir='ltr'>μὲν</span> <span class='ocrx_word' id='word_1_216' title='bbox 3630 2155 3849 2224; x_wconf 79' lang='grc' dir='ltr'>λόγοις,</span> 
     </span>
    </p>
   </div>
   <div class='ocr_carea' id='block_1_33' title="bbox 2239 2245 3850 2320">
    <p class='ocr_par' dir='ltr' id='par_1_33' title="bbox 2239 2245 3850 2320">
     <span class='ocr_line' id='line_1_33' title="bbox 2239 2245 3850 2320; baseline -0.001 -18"><span class='ocrx_word' id='word_1_217' title='bbox 2239 2248 2369 2302; x_wconf 84' lang='grc' dir='ltr'>ποτὲ</span> <span class='ocrx_word' id='word_1_218' title='bbox 2391 2247 2447 2302; x_wconf 78' lang='grc' dir='ltr'>δὲ</span> <span class='ocrx_word' id='word_1_219' title='bbox 2477 2245 2672 2320; x_wconf 84' lang='grc' dir='ltr'>δώροις</span> <span class='ocrx_word' id='word_1_220' title='bbox 2727 2249 3133 2318; x_wconf 81' lang='grc' dir='ltr'>ἀνακτώμενος,</span> <span class='ocrx_word' id='word_1_221' title='bbox 3195 2250 3290 2303; x_wconf 79' lang='grc' dir='ltr'>καὶ</span> <span class='ocrx_word' id='word_1_222' title='bbox 3353 2247 3488 2319; x_wconf 77' lang='grc' dir='ltr'>πρὸς</span> <span class='ocrx_word' id='word_1_223' title='bbox 3569 2246 3850 2318; x_wconf 73' lang='grc' dir='ltr'>εὐθυμίαν</span> 
     </span>
    </p>
   </div>
   <div class='ocr_carea' id='block_1_34' title="bbox 2241 2340 2936 2412">
    <p class='ocr_par' dir='ltr' id='par_1_34' title="bbox 2241 2340 2936 2412">
     <span class='ocr_line' id='line_1_34' title="bbox 2241 2340 2936 2412; baseline 0.004 -18"><span class='ocrx_word' id='word_1_224' title='bbox 2241 2341 2521 2412; x_wconf 84' lang='grc' dir='ltr'>μεθέλκων</span> <span class='ocrx_word' id='word_1_225' title='bbox 2548 2340 2648 2411; x_wconf 81' lang='grc' dir='ltr'>τὴν</span> <span class='ocrx_word' id='word_1_226' title='bbox 2675 2341 2936 2412; x_wconf 86' lang='grc' dir='ltr'>ἀθυμίαν.</span> 
     </span>
    </p>
   </div>
   <div class='ocr_carea' id='block_1_35' title="bbox 609 1966 2126 2034">
    <p class='ocr_par' dir='ltr' id='par_1_35' title="bbox 609 1966 2126 2034">
     <span class='ocr_line' id='line_1_35' title="bbox 609 1966 2126 2034; baseline -0.001 -9"><span class='ocrx_word' id='word_1_227' title='bbox 609 1970 698 2026; x_wconf 86' lang='lat'><strong>69.</strong></span> <span class='ocrx_word' id='word_1_228' title='bbox 743 1971 1113 2027; x_wconf 87' lang='lat' dir='ltr'><strong>Formidinem</strong></span> <span class='ocrx_word' id='word_1_229' title='bbox 1167 1969 1515 2034; x_wconf 87' lang='lat' dir='ltr'><strong>militum,ac</strong></span> <span class='ocrx_word' id='word_1_230' title='bbox 1564 1968 1872 2022; x_wconf 84' lang='lat' dir='ltr'><strong>animorum</strong></span> <span class='ocrx_word' id='word_1_231' title='bbox 1919 1966 2126 2023; x_wconf 81' lang='lat' dir='ltr'><strong>demis-</strong></span> 
     </span>
    </p>
   </div>
   <div class='ocr_carea' id='block_1_36' title="bbox 540 2058 2128 2134">
    <p class='ocr_par' dir='ltr' id='par_1_36' title="bbox 540 2058 2128 2134">
     <span class='ocr_line' id='line_1_36' title="bbox 540 2058 2128 2134; baseline -0.004 -17"><span class='ocrx_word' id='word_1_232' title='bbox 540 2063 751 2118; x_wconf 82' lang='lat' dir='ltr'><strong>sionem</strong></span> <span class='ocrx_word' id='word_1_233' title='bbox 791 2062 855 2118; x_wconf 89' lang='lat' dir='ltr'><strong>ad</strong></span> <span class='ocrx_word' id='word_1_234' title='bbox 883 2063 1319 2134; x_wconf 72' lang='lat' dir='ltr'><strong>magnitudinem</strong></span> <span class='ocrx_word' id='word_1_235' title='bbox 1350 2059 1519 2114; x_wconf 91' lang='lat' dir='ltr'><strong>animi</strong></span> <span class='ocrx_word' id='word_1_236' title='bbox 1555 2058 1861 2121; x_wconf 88' lang='lat' dir='ltr'><strong>revocabis,</strong></span> <span class='ocrx_word' id='word_1_237' title='bbox 1895 2066 1948 2112; x_wconf 92' lang='lat' dir='ltr'><strong>et</strong></span> <span class='ocrx_word' id='word_1_238' title='bbox 1995 2058 2128 2111; x_wconf 87' lang='lat' dir='ltr'><strong>arti-</strong></span> 
     </span>
    </p>
   </div>
   <div class='ocr_carea' id='block_1_37' title="bbox 540 2150 2127 2220">
    <p class='ocr_par' dir='ltr' id='par_1_37' title="bbox 540 2150 2127 2220">
     <span class='ocr_line' id='line_1_37' title="bbox 540 2150 2127 2220; baseline -0.004 -9"><span class='ocrx_word' id='word_1_239' title='bbox 540 2157 644 2211; x_wconf 86' lang='lat' dir='ltr'><strong>bus</strong></span> <span class='ocrx_word' id='word_1_240' title='bbox 675 2156 866 2220; x_wconf 84' lang='lat' dir='ltr'><strong>variis,</strong></span> <span class='ocrx_word' id='word_1_241' title='bbox 900 2170 965 2210; x_wconf 88' lang='lat' dir='ltr'><strong>ac</strong></span> <span class='ocrx_word' id='word_1_242' title='bbox 1013 2154 1194 2210; x_wconf 87' lang='lat' dir='ltr'><strong>modis</strong></span> <span class='ocrx_word' id='word_1_243' title='bbox 1259 2153 1385 2207; x_wconf 91' lang='lat' dir='ltr'><strong>illos</strong></span> <span class='ocrx_word' id='word_1_244' title='bbox 1430 2151 1817 2213; x_wconf 81' lang='lat' dir='ltr'><strong>exsuscitabis,</strong></span> <span class='ocrx_word' id='word_1_245' title='bbox 1854 2150 2127 2205; x_wconf 83' lang='lat' dir='ltr'><strong>interdum</strong></span> 
     </span>
    </p>
   </div>
   <div class='ocr_carea' id='block_1_38' title="bbox 539 2242 2131 2312">
    <p class='ocr_par' dir='ltr' id='par_1_38' title="bbox 539 2242 2131 2312">
     <span class='ocr_line' id='line_1_38' title="bbox 539 2242 2131 2312; baseline -0.003 -10"><span class='ocrx_word' id='word_1_246' title='bbox 539 2247 813 2311; x_wconf 85' lang='lat' dir='ltr'><strong>oratione,</strong></span> <span class='ocrx_word' id='word_1_247' title='bbox 877 2246 1150 2302; x_wconf 87' lang='lat' dir='ltr'><strong>interdum</strong></span> <span class='ocrx_word' id='word_1_248' title='bbox 1208 2244 1369 2301; x_wconf 90' lang='lat' dir='ltr'><strong>donis</strong></span> <span class='ocrx_word' id='word_1_249' title='bbox 1416 2243 1751 2308; x_wconf 80' lang='lat' dir='ltr'><strong>sublevabis,</strong></span> <span class='ocrx_word' id='word_1_250' title='bbox 1782 2249 1834 2298; x_wconf 89' lang='lat' dir='ltr'><strong>et</strong></span> <span class='ocrx_word' id='word_1_251' title='bbox 1888 2242 2131 2312; x_wconf 75' lang='lat' dir='ltr'><strong>abjectas</strong></span> 
     </span>
    </p>
   </div>
   <div class='ocr_carea' id='block_1_39' title="bbox 540 2335 2132 2407">
    <p class='ocr_par' dir='ltr' id='par_1_39' title="bbox 540 2335 2132 2407">
     <span class='ocr_line' id='line_1_39' title="bbox 540 2335 2132 2407; baseline -0.001 -13"><span class='ocrx_word' id='word_1_252' title='bbox 540 2340 761 2394; x_wconf 86' lang='lat' dir='ltr'><strong>illorum</strong></span> <span class='ocrx_word' id='word_1_253' title='bbox 839 2347 1052 2395; x_wconf 89' lang='lat' dir='ltr'><strong>mentes</strong></span> <span class='ocrx_word' id='word_1_254' title='bbox 1133 2339 1201 2393; x_wconf 88' lang='lat' dir='ltr'><strong>ad</strong></span> <span class='ocrx_word' id='word_1_255' title='bbox 1267 2336 1508 2407; x_wconf 86' lang='lat' dir='ltr'><strong>aliquam</strong></span> <span class='ocrx_word' id='word_1_256' title='bbox 1561 2335 2012 2407; x_wconf 83' lang='lat' dir='ltr'><strong>tranquillitatem</strong></span> <span class='ocrx_word' id='word_1_257' title='bbox 2068 2349 2132 2392; x_wconf 86' lang='lat' dir='ltr'><strong>ac</strong></span> 
     </span>
    </p>
   </div>
   <div class='ocr_carea' id='block_1_40' title="bbox 541 2433 1150 2504">
    <p class='ocr_par' dir='ltr' id='par_1_40' title="bbox 541 2433 1150 2504">
     <span class='ocr_line' id='line_1_40' title="bbox 541 2433 1150 2504; baseline -0.003 -15"><span class='ocrx_word' id='word_1_258' title='bbox 541 2435 922 2490; x_wconf 79' lang='lat' dir='ltr'><strong>strenuitatem</strong></span> <span class='ocrx_word' id='word_1_259' title='bbox 949 2433 1150 2504; x_wconf 79' lang='lat' dir='ltr'><strong>eriges.</strong></span> 
     </span>
    </p>
   </div>
   <div class='ocr_carea' id='block_1_41' title="bbox 614 2521 2131 2596">
    <p class='ocr_par' dir='ltr' id='par_1_41' title="bbox 614 2521 2131 2596">
     <span class='ocr_line' id='line_1_41' title="bbox 614 2521 2131 2596; baseline -0.001 -17"><span class='ocrx_word' id='word_1_260' title='bbox 614 2524 702 2582; x_wconf 89' lang='lat'><strong>70.</strong></span> <span class='ocrx_word' id='word_1_261' title='bbox 768 2525 964 2596; x_wconf 84' lang='lat' dir='ltr'><strong>Aliqua</strong></span> <span class='ocrx_word' id='word_1_262' title='bbox 1015 2525 1182 2580; x_wconf 87' lang='lat' dir='ltr'><strong>etiam</strong></span> <span class='ocrx_word' id='word_1_263' title='bbox 1238 2538 1522 2579; x_wconf 85' lang='lat' dir='ltr'><strong>sacrorum</strong></span> <span class='ocrx_word' id='word_1_264' title='bbox 1584 2521 1912 2593; x_wconf 87' lang='lat' dir='ltr'><strong>templorum</strong></span> <span class='ocrx_word' id='word_1_265' title='bbox 1967 2529 2131 2592; x_wconf 88' lang='lat' dir='ltr'><strong>atque</strong></span> 
     </span>
    </p>
   </div>
   <div class='ocr_carea' id='block_1_42' title="bbox 543 2614 2124 2689">
    <p class='ocr_par' dir='ltr' id='par_1_42' title="bbox 543 2614 2124 2689">
     <span class='ocr_line' id='line_1_42' title="bbox 543 2614 2124 2689; baseline -0.004 -15"><span class='ocrx_word' id='word_1_266' title='bbox 543 2619 806 2676; x_wconf 88' lang='lat' dir='ltr'><strong>asilorum</strong></span> <span class='ocrx_word' id='word_1_267' title='bbox 860 2618 1052 2689; x_wconf 77' lang='lat' dir='ltr'><strong>religio</strong></span> <span class='ocrx_word' id='word_1_268' title='bbox 1088 2617 1179 2682; x_wconf 88' lang='lat' dir='ltr'><strong>sit,</strong></span> <span class='ocrx_word' id='word_1_269' title='bbox 1230 2625 1285 2672; x_wconf 90' lang='lat' dir='ltr'><strong>et</strong></span> <span class='ocrx_word' id='word_1_270' title='bbox 1328 2625 1752 2682; x_wconf 89' lang='lat' dir='ltr'><strong>conserventur,</strong></span> <span class='ocrx_word' id='word_1_271' title='bbox 1801 2616 1897 2686; x_wconf 91' lang='lat' dir='ltr'><strong>qui</strong></span> <span class='ocrx_word' id='word_1_272' title='bbox 1945 2614 2013 2670; x_wconf 86' lang='lat' dir='ltr'><strong>ad</strong></span> <span class='ocrx_word' id='word_1_273' title='bbox 2059 2628 2124 2671; x_wconf 91' lang='lat' dir='ltr'><strong>ea</strong></span> 
     </span>
    </p>
   </div>
   <div class='ocr_carea' id='block_1_43' title="bbox 540 2705 2119 2782">
    <p class='ocr_par' dir='ltr' id='par_1_43' title="bbox 540 2705 2119 2782">
     <span class='ocr_line' id='line_1_43' title="bbox 540 2705 2119 2782; baseline -0.004 -16"><span class='ocrx_word' id='word_1_274' title='bbox 540 2711 659 2766; x_wconf 86' lang='lat' dir='ltr'><strong>loca</strong></span> <span class='ocrx_word' id='word_1_275' title='bbox 691 2708 1097 2782; x_wconf 77' lang='lat' dir='ltr'><strong>profugerunt:</strong></span> <span class='ocrx_word' id='word_1_276' title='bbox 1144 2723 1320 2779; x_wconf 88' lang='lat' dir='ltr'><strong>neque</strong></span> <span class='ocrx_word' id='word_1_277' title='bbox 1366 2715 1425 2762; x_wconf 89' lang='lat' dir='ltr'><strong>tu</strong></span> <span class='ocrx_word' id='word_1_278' title='bbox 1481 2721 1660 2777; x_wconf 88' lang='lat' dir='ltr'><strong>neque</strong></span> <span class='ocrx_word' id='word_1_279' title='bbox 1711 2722 1778 2763; x_wconf 83' lang='lat' dir='ltr'><strong>ex</strong></span> <span class='ocrx_word' id='word_1_280' title='bbox 1823 2707 1930 2762; x_wconf 86' lang='lat' dir='ltr'><strong>tuis</strong></span> <span class='ocrx_word' id='word_1_281' title='bbox 1962 2705 2119 2776; x_wconf 85' lang='lat' dir='ltr'><strong>quis-</strong></span> 
     </span>
    </p>
   </div>
   <div class='ocr_carea' id='block_1_44' title="bbox 537 2798 2119 2874">
    <p class='ocr_par' dir='ltr' id='par_1_44' title="bbox 537 2798 2119 2874">
     <span class='ocr_line' id='line_1_44' title="bbox 537 2798 2119 2874; baseline -0.002 -16"><span class='ocrx_word' id='word_1_282' title='bbox 537 2818 703 2874; x_wconf 89' lang='lat' dir='ltr'><strong>quam</strong></span> <span class='ocrx_word' id='word_1_283' title='bbox 734 2817 848 2868; x_wconf 86' lang='lat' dir='ltr'><strong>eos,</strong></span> <span class='ocrx_word' id='word_1_284' title='bbox 883 2802 977 2873; x_wconf 89' lang='lat' dir='ltr'><strong>qui</strong></span> <span class='ocrx_word' id='word_1_285' title='bbox 1038 2801 1104 2856; x_wconf 91' lang='lat' dir='ltr'><strong>ad</strong></span> <span class='ocrx_word' id='word_1_286' title='bbox 1153 2816 1307 2856; x_wconf 88' lang='lat' dir='ltr'><strong>sacra</strong></span> <span class='ocrx_word' id='word_1_287' title='bbox 1365 2798 1733 2866; x_wconf 79' lang='lat' dir='ltr'><strong>confugerunt</strong></span> <span class='ocrx_word' id='word_1_288' title='bbox 1778 2798 1970 2855; x_wconf 89' lang='lat' dir='ltr'><strong>violes.</strong></span> <span class='ocrx_word' id='word_1_289' title='bbox 2008 2798 2119 2855; x_wconf 85' lang='lat' dir='ltr'><strong>Eos</strong></span> 
     </span>
    </p>
   </div>
   <div class='ocr_carea' id='block_1_45' title="bbox 2309 2523 3850 2601">
    <p class='ocr_par' dir='ltr' id='par_1_45' title="bbox 2309 2523 3850 2601">
     <span class='ocr_line' id='line_1_45' title="bbox 2309 2523 3850 2601; baseline 0.002 -22"><span class='ocrx_word' id='word_1_290' title='bbox 2309 2523 2376 2581; x_wconf 83' lang='grc' dir='ltr'>θ’.</span> <span class='ocrx_word' id='word_1_291' title='bbox 2420 2525 2622 2592; x_wconf 82' lang='grc' dir='ltr'>Καλὸν,</span> <span class='ocrx_word' id='word_1_292' title='bbox 2651 2525 2710 2582; x_wconf 85' lang='grc' dir='ltr'>ὲν</span> <span class='ocrx_word' id='word_1_293' title='bbox 2753 2526 2922 2582; x_wconf 73' lang='grc' dir='ltr'>παντὶ</span> <span class='ocrx_word' id='word_1_294' title='bbox 2977 2528 3157 2600; x_wconf 78' lang='grc' dir='ltr'>καιρῷ</span> <span class='ocrx_word' id='word_1_295' title='bbox 3213 2529 3377 2601; x_wconf 84' lang='grc' dir='ltr'>τιμᾷν</span> <span class='ocrx_word' id='word_1_296' title='bbox 3416 2529 3511 2583; x_wconf 73' lang='grc' dir='ltr'><strong>καὶ</strong></span> <span class='ocrx_word' id='word_1_297' title='bbox 3578 2529 3850 2583; x_wconf 69' lang='grc' dir='ltr'>σέϐεσθαι</span> 
     </span>
    </p>
   </div>
   <div class='ocr_carea' id='block_1_46' title="bbox 2221 2618 3853 2694">
    <p class='ocr_par' dir='ltr' id='par_1_46' title="bbox 2221 2618 3853 2694">
     <span class='ocr_line' id='line_1_46' title="bbox 2221 2618 3853 2694; baseline 0.002 -21"><span class='ocrx_word' id='word_1_298' title='bbox 2221 2618 2359 2683; x_wconf 84' lang='grc' dir='ltr'>’τοὺς</span> <span class='ocrx_word' id='word_1_299' title='bbox 2401 2619 2580 2690; x_wconf 80' lang='grc' dir='ltr'>ἱεροὺς</span> <span class='ocrx_word' id='word_1_300' title='bbox 2625 2618 2720 2674; x_wconf 88' lang='grc' dir='ltr'><strong>τοῦ</strong></span> <span class='ocrx_word' id='word_1_301' title='bbox 2783 2620 2922 2675; x_wconf 85' lang='grc' dir='ltr'>Θεοῦ</span> <span class='ocrx_word' id='word_1_302' title='bbox 2971 2623 3157 2686; x_wconf 83' lang='grc' dir='ltr'>ναοὺς,</span> <span class='ocrx_word' id='word_1_303' title='bbox 3193 2623 3431 2692; x_wconf 78' lang='grc' dir='ltr'>μάλιστα</span> <span class='ocrx_word' id='word_1_304' title='bbox 3463 2622 3519 2677; x_wconf 82' lang='grc' dir='ltr'>δὲ</span> <span class='ocrx_word' id='word_1_305' title='bbox 3556 2625 3659 2677; x_wconf 71' lang='grc' dir='ltr'><strong>καὶ</strong></span> <span class='ocrx_word' id='word_1_306' title='bbox 3687 2625 3755 2677; x_wconf 75' lang='grc' dir='ltr'>ἐν</span> <span class='ocrx_word' id='word_1_307' title='bbox 3779 2624 3853 2694; x_wconf 77' lang='grc' dir='ltr'>τῷ</span> 
     </span>
    </p>
   </div>
   <div class='ocr_carea' id='block_1_47' title="bbox 2230 2713 3853 2790">
    <p class='ocr_par' dir='ltr' id='par_1_47' title="bbox 2230 2713 3853 2790">
     <span class='ocr_line' id='line_1_47' title="bbox 2230 2713 3853 2790; baseline 0.002 -22"><span class='ocrx_word' id='word_1_308' title='bbox 2230 2713 2464 2780; x_wconf 78' lang='grc' dir='ltr'>ἀσύλους</span> <span class='ocrx_word' id='word_1_309' title='bbox 2485 2716 2685 2780; x_wconf 80' lang='grc' dir='ltr'>αὐτοὺς</span> <span class='ocrx_word' id='word_1_310' title='bbox 2715 2716 3093 2790; x_wconf 72' lang='grc' dir='ltr'>διατηρείσθω</span> <span class='ocrx_word' id='word_1_311' title='bbox 3115 2721 3193 2782; x_wconf 85' lang='grc' dir='ltr'><strong>είς</strong></span> <span class='ocrx_word' id='word_1_312' title='bbox 3210 2719 3338 2781; x_wconf 83' lang='grc' dir='ltr'>τοὺς</span> <span class='ocrx_word' id='word_1_313' title='bbox 3364 2721 3421 2772; x_wconf 82' lang='grc' dir='ltr'>ὲν</span> <span class='ocrx_word' id='word_1_314' title='bbox 3446 2719 3638 2781; x_wconf 80' lang='grc' dir='ltr'>αὐτοῖς</span> <span class='ocrx_word' id='word_1_315' title='bbox 3672 2736 3853 2789; x_wconf 73' lang='grc' dir='ltr'>προσο</span> 
     </span>
    </p>
   </div>
   <div class='ocr_carea' id='block_1_48' title="bbox 2227 2803 3853 2880">
    <p class='ocr_par' dir='ltr' id='par_1_48' title="bbox 2227 2803 3853 2880">
     <span class='ocr_line' id='line_1_48' title="bbox 2227 2803 3853 2880; baseline 0.002 -22"><span class='ocrx_word' id='word_1_316' title='bbox 2227 2805 2527 2875; x_wconf 80' lang='grc' dir='ltr'>φεύγοντας</span> <span class='ocrx_word' id='word_1_317' title='bbox 2547 2824 2565 2842; x_wconf 77' lang='grc' dir='ltr'><strong><em>ο</em></strong></span> <span class='ocrx_word' id='word_1_318' title='bbox 2597 2807 2684 2862; x_wconf 84' lang='grc' dir='ltr'>διὰ</span> <span class='ocrx_word' id='word_1_319' title='bbox 2710 2808 2866 2862; x_wconf 90' lang='grc' dir='ltr'>τοῦτο</span> <span class='ocrx_word' id='word_1_320' title='bbox 2890 2810 3298 2880; x_wconf 74' lang='grc' dir='ltr'>παραφύλαττε,</span> <span class='ocrx_word' id='word_1_321' title='bbox 3328 2803 3374 2864; x_wconf 79' lang='grc' dir='ltr'>ὦ</span> <span class='ocrx_word' id='word_1_322' title='bbox 3409 2810 3720 2880; x_wconf 78' lang='grc' dir='ltr'>στρατηγὲ,</span> <span class='ocrx_word' id='word_1_323' title='bbox 3759 2811 3853 2862; x_wconf 77' lang='grc' dir='ltr'>καὶ</span> 
     </span>
    </p>
   </div>
   <div class='ocr_carea' id='block_1_49' title="bbox 540 2889 2131 2974">
    <p class='ocr_par' dir='ltr' id='par_1_49' title="bbox 540 2889 2120 2963">
     <span class='ocr_line' id='line_1_49' title="bbox 540 2889 2120 2963; baseline -0.001 -16"><span class='ocrx_word' id='word_1_324' title='bbox 540 2901 747 2959; x_wconf 88' lang='lat' dir='ltr'><strong>autem,</strong></span> <span class='ocrx_word' id='word_1_325' title='bbox 797 2892 888 2963; x_wconf 89' lang='lat' dir='ltr'><strong>qui</strong></span> <span class='ocrx_word' id='word_1_326' title='bbox 929 2891 1036 2947; x_wconf 86' lang='lat' dir='ltr'><strong>tale</strong></span> <span class='ocrx_word' id='word_1_327' title='bbox 1095 2891 1300 2962; x_wconf 87' lang='lat' dir='ltr'><strong>aliquid</strong></span> <span class='ocrx_word' id='word_1_328' title='bbox 1360 2897 1601 2962; x_wconf 89' lang='lat' dir='ltr'><strong>patrant,</strong></span> <span class='ocrx_word' id='word_1_329' title='bbox 1651 2890 1802 2961; x_wconf 88' lang='lat' dir='ltr'><strong>justo</strong></span> <span class='ocrx_word' id='word_1_330' title='bbox 1849 2889 2120 2961; x_wconf 86' lang='lat' dir='ltr'><strong>supplicio</strong></span> 
     </span>
    </p>
   </div>
   <div class='ocr_carea' id='block_1_50' title="bbox 2244 2889 3854 2974">
    <p class='ocr_par' dir='ltr' id='par_1_50' title="bbox 2244 2897 3854 2974">
     <span class='ocr_line' id='line_1_50' title="bbox 2244 2897 3854 2974; baseline 0 -22"><span class='ocrx_word' id='word_1_331' title='bbox 2244 2897 2372 2968; x_wconf 70' lang='grc' dir='ltr'>μήτε</span> <span class='ocrx_word' id='word_1_332' title='bbox 2399 2899 2465 2953; x_wconf 76' lang='grc' dir='ltr'><strong>σὺ</strong></span> <span class='ocrx_word' id='word_1_333' title='bbox 2496 2899 2682 2965; x_wconf 83' lang='grc' dir='ltr'>αὐτὸς,</span> <span class='ocrx_word' id='word_1_334' title='bbox 2746 2901 2885 2972; x_wconf 86' lang='grc' dir='ltr'>μήτε</span> <span class='ocrx_word' id='word_1_335' title='bbox 2926 2902 3006 2965; x_wconf 83' lang='grc' dir='ltr'><strong>είς</strong></span> <span class='ocrx_word' id='word_1_336' title='bbox 3031 2919 3152 2956; x_wconf 86' lang='grc' dir='ltr'>τινα</span> <span class='ocrx_word' id='word_1_337' title='bbox 3188 2901 3376 2973; x_wconf 78' lang='grc' dir='ltr'>ἕτερον</span> <span class='ocrx_word' id='word_1_338' title='bbox 3421 2899 3714 2974; x_wconf 76' lang='grc' dir='ltr'>καταδέξῃ</span> <span class='ocrx_word' id='word_1_339' title='bbox 3745 2901 3854 2954; x_wconf 70' lang='grc' dir='ltr'><strong>ἀπὸ</strong></span> 
     </span>
    </p>
   </div>
   <div class='ocr_carea' id='block_1_51' title="bbox 539 2987 3851 3063">
    <p class='ocr_par' dir='ltr' id='par_1_51' title="bbox 539 2987 3851 3063">
     <span class='ocr_line' id='line_1_51' title="bbox 539 2987 3851 3063; baseline 0.001 -19"><span class='ocrx_word' id='word_1_340' title='bbox 539 2988 845 3046; x_wconf 88' lang='lat' dir='ltr'><strong>cocrcebis.</strong></span> <span class='ocrx_word' id='word_1_341' title='bbox 2232 2987 2381 3042; x_wconf 81' lang='grc' dir='ltr'>θείου</span> <span class='ocrx_word' id='word_1_342' title='bbox 2437 2991 2568 3046; x_wconf 90' lang='grc' dir='ltr'>ναοῦ</span> <span class='ocrx_word' id='word_1_343' title='bbox 2624 2993 2946 3048; x_wconf 83' lang='grc' dir='ltr'>ἀποσπᾶσαί</span> <span class='ocrx_word' id='word_1_344' title='bbox 2977 3011 3097 3048; x_wconf 89' lang='grc' dir='ltr'>τινα</span> <span class='ocrx_word' id='word_1_345' title='bbox 3131 2994 3318 3063; x_wconf 79' lang='grc' dir='ltr'>ἱκέτην</span> <span class='ocrx_word' id='word_1_346' title='bbox 3362 2994 3713 3063; x_wconf 85' lang='grc' dir='ltr'>καθήμενον,</span> <span class='ocrx_word' id='word_1_347' title='bbox 3748 2994 3851 3056; x_wconf 76' lang='grc' dir='ltr'>ἕως</span> 
     </span>
    </p>
   </div>
   <div class='ocr_carea' id='block_1_52' title="bbox 540 3080 3846 3163">
    <p class='ocr_par' dir='ltr' id='par_1_52' title="bbox 540 3080 3846 3163">
     <span class='ocr_line' id='line_1_52' title="bbox 540 3080 3846 3163; baseline 0.002 -25"><span class='ocrx_word' id='word_1_348' title='bbox 540 3081 606 3138; x_wconf 64' lang='grc' dir='ltr'>ἃν</span> <span class='ocrx_word' id='word_1_349' title='bbox 632 3084 726 3137; x_wconf 85' lang='grc' dir='ltr'><strong>τοῦ</strong></span> <span class='ocrx_word' id='word_1_350' title='bbox 783 3083 994 3139; x_wconf 82' lang='grc' dir='ltr'>δικαίου</span> <span class='ocrx_word' id='word_1_351' title='bbox 1050 3081 1214 3137; x_wconf 84' lang='grc' dir='ltr'>αὐτοῦ</span> <span class='ocrx_word' id='word_1_352' title='bbox 1246 3081 1498 3157; x_wconf 76' lang='grc' dir='ltr'>ἐπιτύχῃ.</span> <span class='ocrx_word' id='word_1_353' title='bbox 1550 3083 1687 3146; x_wconf 80' lang='grc' dir='ltr'>Τοὺς</span> <span class='ocrx_word' id='word_1_354' title='bbox 1715 3081 1774 3136; x_wconf 86' lang='grc' dir='ltr'><strong>δέ</strong></span> <span class='ocrx_word' id='word_1_355' title='bbox 1800 3098 1856 3136; x_wconf 90' lang='grc' dir='ltr'><strong>τι</strong></span> <span class='ocrx_word' id='word_1_356' title='bbox 1883 3080 2127 3137; x_wconf 87' lang='grc' dir='ltr'>τοιοῦτον</span> <span class='ocrx_word' id='word_1_357' title='bbox 2165 3086 2479 3158; x_wconf 79' lang='grc' dir='ltr'>τολμῶντας</span> <span class='ocrx_word' id='word_1_358' title='bbox 2500 3087 2576 3154; x_wconf 79' lang='grc' dir='ltr'>ὦς</span> <span class='ocrx_word' id='word_1_359' title='bbox 2608 3090 2825 3156; x_wconf 69' lang='grc' dir='ltr'>ἀσεϐεῖς</span> <span class='ocrx_word' id='word_1_360' title='bbox 2853 3091 3072 3158; x_wconf 81' lang='grc' dir='ltr'>κόλαζε,</span> <span class='ocrx_word' id='word_1_361' title='bbox 3108 3091 3196 3146; x_wconf 77' lang='grc' dir='ltr'><strong>ἵνα</strong></span> <span class='ocrx_word' id='word_1_362' title='bbox 3250 3093 3323 3163; x_wconf 82' lang='grc' dir='ltr'>μὴ</span> <span class='ocrx_word' id='word_1_363' title='bbox 3352 3092 3421 3145; x_wconf 83' lang='grc' dir='ltr'>τὰ</span> <span class='ocrx_word' id='word_1_364' title='bbox 3480 3091 3608 3145; x_wconf 85' lang='grc' dir='ltr'>θεῖα</span> <span class='ocrx_word' id='word_1_365' title='bbox 3669 3108 3846 3146; x_wconf 76' lang='grc' dir='ltr'>κατα-</span> 
     </span>
    </p>
   </div>
   <div class='ocr_carea' id='block_1_53' title="bbox 543 3195 884 3253">
    <p class='ocr_par' dir='ltr' id='par_1_53' title="bbox 543 3195 884 3253">
     <span class='ocr_line' id='line_1_53' title="bbox 543 3195 884 3253; baseline 0 -17"><span class='ocrx_word' id='word_1_366' title='bbox 543 3195 884 3253; x_wconf 76' lang='grc' dir='ltr'>φρονουνται.</span> 
     </span>
    </p>
   </div>
   <div class='ocr_carea' id='block_1_54' title="bbox 613 3271 2131 3345">
    <p class='ocr_par' dir='ltr' id='par_1_54' title="bbox 613 3272 2122 3343">
     <span class='ocr_line' id='line_1_54' title="bbox 613 3272 2122 3343; baseline 0.002 -17"><span class='ocrx_word' id='word_1_367' title='bbox 613 3273 704 3327; x_wconf 80' lang='lat' dir='ltr'><strong>7t.</strong></span> <span class='ocrx_word' id='word_1_368' title='bbox 746 3272 831 3327; x_wconf 82' lang='lat' dir='ltr'><strong>Ab</strong></span> <span class='ocrx_word' id='word_1_369' title='bbox 878 3273 1027 3326; x_wconf 92' lang='lat' dir='ltr'><strong>omni</strong></span> <span class='ocrx_word' id='word_1_370' title='bbox 1058 3273 1277 3343; x_wconf 79' lang='lat' dir='ltr'><strong>negotio</strong></span> <span class='ocrx_word' id='word_1_371' title='bbox 1314 3272 1643 3336; x_wconf 88' lang='lat' dir='ltr'><strong>domestico,</strong></span> <span class='ocrx_word' id='word_1_372' title='bbox 1697 3279 1863 3343; x_wconf 86' lang='lat' dir='ltr'><strong>atque</strong></span> <span class='ocrx_word' id='word_1_373' title='bbox 1919 3272 2122 3343; x_wconf 74' lang='lat' dir='ltr'><strong>injuria</strong></span> 
     </span>
    </p>
   </div>
   <div class='ocr_carea' id='block_1_55' title="bbox 2244 3271 3840 3345">
    <p class='ocr_par' dir='ltr' id='par_1_55' title="bbox 2298 3271 3840 3345">
     <span class='ocr_line' id='line_1_55' title="bbox 2298 3271 3840 3345; baseline -0.001 -15"><span class='ocrx_word' id='word_1_374' title='bbox 2298 3271 2396 3330; x_wconf 71' lang='grc' dir='ltr'>σοι’.</span> <span class='ocrx_word' id='word_1_375' title='bbox 2440 3273 2771 3345; x_wconf 78' lang='grc' dir='ltr'>Ἀγγαρείας</span> <span class='ocrx_word' id='word_1_376' title='bbox 2840 3274 3063 3344; x_wconf 77' lang='grc' dir='ltr'>ἀπάσης</span> <span class='ocrx_word' id='word_1_377' title='bbox 3114 3274 3396 3344; x_wconf 81' lang='grc' dir='ltr'>ἰδιωτικῆς</span> <span class='ocrx_word' id='word_1_378' title='bbox 3454 3276 3550 3328; x_wconf 74' lang='grc' dir='ltr'><strong>καὶ</strong></span> <span class='ocrx_word' id='word_1_379' title='bbox 3611 3275 3840 3338; x_wconf 81' lang='grc' dir='ltr'>ἀδικίας</span> 
     </span>
    </p>
   </div>
   <div class='ocr_carea' id='block_1_56' title="bbox 543 3365 2131 3438">
    <p class='ocr_par' dir='ltr' id='par_1_56' title="bbox 543 3365 2127 3437">
     <span class='ocr_line' id='line_1_56' title="bbox 543 3365 2127 3437; baseline 0 -15"><span class='ocrx_word' id='word_1_380' title='bbox 543 3366 772 3425; x_wconf 84' lang='lat' dir='ltr'><strong>liberam</strong></span> <span class='ocrx_word' id='word_1_381' title='bbox 805 3365 1017 3436; x_wconf 90' lang='lat' dir='ltr'><strong>plebem</strong></span> <span class='ocrx_word' id='word_1_382' title='bbox 1068 3374 1216 3420; x_wconf 85' lang='lat' dir='ltr'><strong>tuam</strong></span> <span class='ocrx_word' id='word_1_383' title='bbox 1271 3367 1648 3432; x_wconf 88' lang='lat' dir='ltr'><strong>conservabis,</strong></span> <span class='ocrx_word' id='word_1_384' title='bbox 1678 3382 2020 3437; x_wconf 84' lang='lat' dir='ltr'><strong>quaecunque</strong></span> <span class='ocrx_word' id='word_1_385' title='bbox 2072 3369 2127 3422; x_wconf 92' lang='lat' dir='ltr'><strong>in</strong></span> 
     </span>
    </p>
   </div>
   <div class='ocr_carea' id='block_1_57' title="bbox 2244 3365 3844 3438">
    <p class='ocr_par' dir='ltr' id='par_1_57' title="bbox 2244 3365 3844 3438">
     <span class='ocr_line' id='line_1_57' title="bbox 2244 3365 3844 3438; baseline 0 -18"><span class='ocrx_word' id='word_1_386' title='bbox 2244 3366 2515 3438; x_wconf 66' lang='grc' dir='ltr'>ἐλεύθερον</span> <span class='ocrx_word' id='word_1_387' title='bbox 2575 3366 2808 3434; x_wconf 83' lang='grc' dir='ltr'>φύλαττε</span> <span class='ocrx_word' id='word_1_388' title='bbox 2861 3366 2952 3420; x_wconf 75' lang='grc' dir='ltr'>τὸν</span> <span class='ocrx_word' id='word_1_389' title='bbox 3002 3367 3107 3421; x_wconf 80' lang='grc' dir='ltr'><strong>ὑπὸ</strong></span> <span class='ocrx_word' id='word_1_390' title='bbox 3167 3365 3229 3418; x_wconf 82' lang='grc' dir='ltr'>σὲ</span> <span class='ocrx_word' id='word_1_391' title='bbox 3281 3366 3616 3437; x_wconf 82' lang='grc' dir='ltr'>τεταγμένον</span> <span class='ocrx_word' id='word_1_392' title='bbox 3690 3368 3844 3430; x_wconf 58' lang='grc' dir='ltr'><strong>λαὲῆ</strong></span> 
     </span>
    </p>
   </div>
   <div class='ocr_carea' id='block_1_58' title="bbox 541 3457 2131 3532">
    <p class='ocr_par' dir='ltr' id='par_1_58' title="bbox 541 3461 2126 3532">
     <span class='ocr_line' id='line_1_58' title="bbox 541 3461 2126 3532; baseline 0 -16"><span class='ocrx_word' id='word_1_393' title='bbox 541 3463 790 3517; x_wconf 81' lang='lat' dir='ltr'><strong>exercitu</strong></span> <span class='ocrx_word' id='word_1_394' title='bbox 851 3470 953 3525; x_wconf 90' lang='lat' dir='ltr'><strong>est,</strong></span> <span class='ocrx_word' id='word_1_395' title='bbox 989 3471 1042 3517; x_wconf 91' lang='lat' dir='ltr'><strong>et</strong></span> <span class='ocrx_word' id='word_1_396' title='bbox 1073 3477 1193 3532; x_wconf 70' lang='lat' dir='ltr'><strong>quae</strong></span> <span class='ocrx_word' id='word_1_397' title='bbox 1241 3471 1598 3518; x_wconf 84' lang='lat' dir='ltr'><strong>exauctorata</strong></span> <span class='ocrx_word' id='word_1_398' title='bbox 1647 3471 1751 3518; x_wconf 88' lang='lat' dir='ltr'><strong>est.</strong></span> <span class='ocrx_word' id='word_1_399' title='bbox 1805 3461 1950 3519; x_wconf 84' lang='lat' dir='ltr'><strong>Satis</strong></span> <span class='ocrx_word' id='word_1_400' title='bbox 1982 3464 2126 3519; x_wconf 89' lang='lat' dir='ltr'><strong>enim</strong></span> 
     </span>
    </p>
   </div>
   <div class='ocr_carea' id='block_1_59' title="bbox 2244 3457 3845 3532">
    <p class='ocr_par' dir='ltr' id='par_1_59' title="bbox 2244 3457 3845 3530">
     <span class='ocr_line' id='line_1_59' title="bbox 2244 3457 3845 3530; baseline 0 -17"><span class='ocrx_word' id='word_1_401' title='bbox 2244 3461 2344 3514; x_wconf 84' lang='grc' dir='ltr'>5σοι</span> <span class='ocrx_word' id='word_1_402' title='bbox 2375 3459 2469 3512; x_wconf 90' lang='grc' dir='ltr'><strong>τοῦ</strong></span> <span class='ocrx_word' id='word_1_403' title='bbox 2485 3457 2720 3528; x_wconf 82' lang='grc' dir='ltr'>στρατοῦ</span> <span class='ocrx_word' id='word_1_404' title='bbox 2740 3460 2869 3524; x_wconf 85' lang='grc' dir='ltr'>είσι,</span> <span class='ocrx_word' id='word_1_405' title='bbox 2902 3459 2997 3513; x_wconf 77' lang='grc' dir='ltr'><strong>καὶ</strong></span> <span class='ocrx_word' id='word_1_406' title='bbox 3027 3459 3142 3512; x_wconf 83' lang='grc' dir='ltr'>ὅσοι</span> <span class='ocrx_word' id='word_1_407' title='bbox 3169 3459 3266 3530; x_wconf 84' lang='grc' dir='ltr'>τῆς</span> <span class='ocrx_word' id='word_1_408' title='bbox 3289 3457 3598 3530; x_wconf 77' lang='grc' dir='ltr'>λεγομένης</span> <span class='ocrx_word' id='word_1_409' title='bbox 3634 3459 3845 3524; x_wconf 79' lang='grc' dir='ltr'>ὲξατω-</span> 
     </span>
    </p>
   </div>
   <div class='ocr_carea' id='block_1_60' title="bbox 545 3544 2131 3626">
    <p class='ocr_par' dir='ltr' id='par_1_60' title="bbox 545 3553 2130 3626">
     <span class='ocr_line' id='line_1_60' title="bbox 545 3553 2130 3626; baseline 0.002 -18"><span class='ocrx_word' id='word_1_410' title='bbox 545 3553 653 3609; x_wconf 87' lang='lat' dir='ltr'><strong>illis</strong></span> <span class='ocrx_word' id='word_1_411' title='bbox 679 3561 763 3608; x_wconf 91' lang='lat' dir='ltr'><strong>est</strong></span> <span class='ocrx_word' id='word_1_412' title='bbox 803 3553 1071 3608; x_wconf 86' lang='lat' dir='ltr'><strong>tributum</strong></span> <span class='ocrx_word' id='word_1_413' title='bbox 1117 3554 1396 3622; x_wconf 84' lang='lat' dir='ltr'><strong>publicum</strong></span> <span class='ocrx_word' id='word_1_414' title='bbox 1444 3554 1706 3625; x_wconf 85' lang='lat' dir='ltr'><strong>pendere,</strong></span> <span class='ocrx_word' id='word_1_415' title='bbox 1747 3555 2004 3626; x_wconf 88' lang='lat' dir='ltr'><strong>nullaque</strong></span> <span class='ocrx_word' id='word_1_416' title='bbox 2025 3557 2130 3611; x_wconf 89' lang='lat' dir='ltr'><strong>alia</strong></span> 
     </span>
    </p>
   </div>
   <div class='ocr_carea' id='block_1_61' title="bbox 2244 3544 3844 3626">
    <p class='ocr_par' dir='ltr' id='par_1_61' title="bbox 2244 3544 3844 3621">
     <span class='ocr_line' id='line_1_61' title="bbox 2244 3544 3844 3621; baseline -0.002 -19"><span class='ocrx_word' id='word_1_417' title='bbox 2244 3549 2358 3620; x_wconf 87' lang='grc' dir='ltr'>ρίας</span> <span class='ocrx_word' id='word_1_418' title='bbox 2409 3547 2521 3621; x_wconf 70' lang='lat'><strong>(26)</strong></span> <span class='ocrx_word' id='word_1_419' title='bbox 2551 3563 2564 3580; x_wconf 82' lang='grc'><em>’</em></span> <span class='ocrx_word' id='word_1_420' title='bbox 2592 3549 2754 3618; x_wconf 83' lang='grc' dir='ltr'>ἀρκεῖ</span> <span class='ocrx_word' id='word_1_421' title='bbox 2816 3548 2926 3618; x_wconf 70' lang='grc' dir='ltr'>γὰρ</span> <span class='ocrx_word' id='word_1_422' title='bbox 2976 3547 3159 3611; x_wconf 81' lang='grc' dir='ltr'>αὐτοῖς</span> <span class='ocrx_word' id='word_1_423' title='bbox 3193 3545 3366 3600; x_wconf 76' lang='grc' dir='ltr'>τελεῖν</span> <span class='ocrx_word' id='word_1_424' title='bbox 3405 3544 3534 3609; x_wconf 86' lang='grc' dir='ltr'>τούς</span> <span class='ocrx_word' id='word_1_425' title='bbox 3570 3562 3638 3598; x_wconf 87' lang='grc' dir='ltr'><strong>τε</strong></span> <span class='ocrx_word' id='word_1_426' title='bbox 3669 3546 3844 3618; x_wconf 63' lang='grc' dir='ltr'>δημος</span> 
     </span>
    </p>
   </div>
   <div class='ocr_carea' id='block_1_62' title="bbox 2237 3637 3844 3714">
    <p class='ocr_par' dir='ltr' id='par_1_62' title="bbox 2237 3637 3844 3714">
     <span class='ocr_line' id='line_1_62' title="bbox 2237 3637 3844 3714; baseline -0.004 -18"><span class='ocrx_word' id='word_1_427' title='bbox 2237 3642 2386 3707; x_wconf 82' lang='grc' dir='ltr'>σίους</span> <span class='ocrx_word' id='word_1_428' title='bbox 2445 3641 2646 3714; x_wconf 85' lang='grc' dir='ltr'>φόρους</span> <span class='ocrx_word' id='word_1_429' title='bbox 2707 3641 2802 3696; x_wconf 64' lang='grc' dir='ltr'><strong>κοιλ¹</strong></span> <span class='ocrx_word' id='word_1_430' title='bbox 2833 3641 2900 3694; x_wconf 73' lang='grc' dir='ltr'>τὰ</span> <span class='ocrx_word' id='word_1_431' title='bbox 2923 3639 3251 3709; x_wconf 73' lang='grc' dir='ltr'>ἐπικείμενα</span> <span class='ocrx_word' id='word_1_432' title='bbox 3286 3639 3466 3702; x_wconf 76' lang='grc' dir='ltr'>αὐτοῖς</span> <span class='ocrx_word' id='word_1_433' title='bbox 3501 3637 3711 3710; x_wconf 76' lang='grc' dir='ltr'>ἀερικά</span> <span class='ocrx_word' id='word_1_434' title='bbox 3750 3641 3844 3691; x_wconf 76' lang='grc' dir='ltr'><strong>καὶ</strong></span> 
     </span>
    </p>
   </div>
   <div class='ocr_carea' id='block_1_63' title="bbox 2240 3730 3840 3807">
    <p class='ocr_par' dir='ltr' id='par_1_63' title="bbox 2240 3730 3840 3807">
     <span class='ocr_line' id='line_1_63' title="bbox 2240 3730 3840 3807; baseline -0.004 -17"><span class='ocrx_word' id='word_1_435' title='bbox 2240 3735 2405 3807; x_wconf 82' lang='grc' dir='ltr'>μηδὲν</span> <span class='ocrx_word' id='word_1_436' title='bbox 2430 3733 2590 3788; x_wconf 85' lang='grc' dir='ltr'>πλέον</span> <span class='ocrx_word' id='word_1_437' title='bbox 2621 3731 3073 3803; x_wconf 81' lang='grc' dir='ltr'>καταϐαρεῖσθαι.</span> <span class='ocrx_word' id='word_1_438' title='bbox 3113 3733 3238 3786; x_wconf 87' lang='grc' dir='ltr'>Ἐἀν</span> <span class='ocrx_word' id='word_1_439' title='bbox 3287 3732 3379 3803; x_wconf 85' lang='grc' dir='ltr'>δέη</span> <span class='ocrx_word' id='word_1_440' title='bbox 3428 3730 3544 3802; x_wconf 74' lang='grc'><strong>(27)</strong></span> <span class='ocrx_word' id='word_1_441' title='bbox 3591 3748 3840 3802; x_wconf 83' lang='grc' dir='ltr'>καστρο-</span> 
     </span>
    </p>
   </div>
   <div class='ocr_carea' id='block_1_64' title="bbox 2237 3821 3840 3896">
    <p class='ocr_par' dir='ltr' id='par_1_64' title="bbox 2237 3821 3840 3896">
     <span class='ocr_line' id='line_1_64' title="bbox 2237 3821 3840 3896; baseline -0.002 -16"><span class='ocrx_word' id='word_1_442' title='bbox 2237 3825 2421 3880; x_wconf 88' lang='grc' dir='ltr'>κτισία</span> <span class='ocrx_word' id='word_1_443' title='bbox 2481 3824 2733 3896; x_wconf 85' lang='grc' dir='ltr'>γένηται,</span> <span class='ocrx_word' id='word_1_444' title='bbox 2768 3824 2801 3895; x_wconf 81' lang='grc' dir='ltr'>ἢ</span> <span class='ocrx_word' id='word_1_445' title='bbox 2837 3823 3230 3895; x_wconf 78' lang='grc' dir='ltr'>καραϐοποιία,</span> <span class='ocrx_word' id='word_1_446' title='bbox 3297 3823 3329 3892; x_wconf 83' lang='grc' dir='ltr'>ἦ</span> <span class='ocrx_word' id='word_1_447' title='bbox 3389 3821 3646 3892; x_wconf 76' lang='grc' dir='ltr'>γεφύρας</span> <span class='ocrx_word' id='word_1_448' title='bbox 3703 3823 3840 3877; x_wconf 71' lang='grc' dir='ltr'>ἀνά-</span> 
     </span>
    </p>
   </div>
   <div class='ocr_carea' id='block_1_65' title="bbox 2238 3913 3841 3990">
    <p class='ocr_par' dir='ltr' id='par_1_65' title="bbox 2238 3913 3841 3990">
     <span class='ocr_line' id='line_1_65' title="bbox 2238 3913 3841 3990; baseline -0.004 -17"><span class='ocrx_word' id='word_1_449' title='bbox 2238 3936 2434 3986; x_wconf 87' lang='grc' dir='ltr'>κτισις,</span> <span class='ocrx_word' id='word_1_450' title='bbox 2475 3919 2508 3990; x_wconf 81' lang='grc' dir='ltr'>ἢ</span> <span class='ocrx_word' id='word_1_451' title='bbox 2552 3917 2671 3972; x_wconf 74' lang='grc' dir='ltr'>ὁδοῦ</span> <span class='ocrx_word' id='word_1_452' title='bbox 2713 3917 3083 3980; x_wconf 80' lang='grc' dir='ltr'>κατάστασις,</span> <span class='ocrx_word' id='word_1_453' title='bbox 3145 3915 3178 3986; x_wconf 80' lang='grc' dir='ltr'>ἢ</span> <span class='ocrx_word' id='word_1_454' title='bbox 3239 3913 3459 3986; x_wconf 67' lang='grc' dir='ltr'>ἀνάγκη</span> <span class='ocrx_word' id='word_1_455' title='bbox 3513 3931 3599 3978; x_wconf 88' lang='grc' dir='ltr'><strong>τις</strong></span> <span class='ocrx_word' id='word_1_456' title='bbox 3675 3915 3841 3986; x_wconf 77' lang='grc' dir='ltr'>ἑτέρα</span> 
     </span>
    </p>
   </div>
   <div class='ocr_carea' id='block_1_66' title="bbox 2236 4009 3838 4084">
    <p class='ocr_par' dir='ltr' id='par_1_66' title="bbox 2236 4009 3838 4084">
     <span class='ocr_line' id='line_1_66' title="bbox 2236 4009 3838 4084; baseline -0.002 -18"><span class='ocrx_word' id='word_1_457' title='bbox 2236 4013 2344 4067; x_wconf 89' lang='grc' dir='ltr'><strong>τῶν</strong></span> <span class='ocrx_word' id='word_1_458' title='bbox 2400 4013 2677 4084; x_wconf 80' lang='grc' dir='ltr'>δημοσίων</span> <span class='ocrx_word' id='word_1_459' title='bbox 2709 4013 3053 4084; x_wconf 85' lang='grc' dir='ltr'>διοικήσεων,</span> <span class='ocrx_word' id='word_1_460' title='bbox 3114 4010 3206 4064; x_wconf 77' lang='grc' dir='ltr'><strong>καὶ</strong></span> <span class='ocrx_word' id='word_1_461' title='bbox 3254 4011 3354 4063; x_wconf 78' lang='grc' dir='ltr'><strong>οὐκ</strong></span> <span class='ocrx_word' id='word_1_462' title='bbox 3381 4010 3621 4080; x_wconf 75' lang='grc' dir='ltr'>ἐπαρκεῖ</span> <span class='ocrx_word' id='word_1_463' title='bbox 3649 4009 3716 4063; x_wconf 84' lang='grc' dir='ltr'><strong>τὸ</strong></span> <span class='ocrx_word' id='word_1_464' title='bbox 3736 4027 3838 4062; x_wconf 80' lang='grc' dir='ltr'>κα-</span> 
     </span>
    </p>
   </div>
   <div class='ocr_carea' id='block_1_67' title="bbox 2236 4101 3840 4174">
    <p class='ocr_par' dir='ltr' id='par_1_67' title="bbox 2236 4101 3840 4174">
     <span class='ocr_line' id='line_1_67' title="bbox 2236 4101 3840 4174; baseline -0.003 -15"><span class='ocrx_word' id='word_1_465' title='bbox 2236 4105 2304 4159; x_wconf 89' lang='grc' dir='ltr'><strong>τά</strong></span> <span class='ocrx_word' id='word_1_466' title='bbox 2327 4105 2418 4158; x_wconf 84' lang='grc' dir='ltr'><strong>τὸν</strong></span> <span class='ocrx_word' id='word_1_467' title='bbox 2482 4105 2649 4158; x_wconf 87' lang='grc' dir='ltr'>τόπον</span> <span class='ocrx_word' id='word_1_468' title='bbox 2707 4104 2965 4174; x_wconf 86' lang='grc' dir='ltr'>δημόσιον</span> <span class='ocrx_word' id='word_1_469' title='bbox 3036 4102 3125 4158; x_wconf 76' lang='grc' dir='ltr'><strong>διὰ</strong></span> <span class='ocrx_word' id='word_1_470' title='bbox 3178 4101 3373 4174; x_wconf 80' lang='grc' dir='ltr'>μισθοῦ</span> <span class='ocrx_word' id='word_1_471' title='bbox 3434 4101 3611 4154; x_wconf 85' lang='grc' dir='ltr'>ταῦτα</span> <span class='ocrx_word' id='word_1_472' title='bbox 3668 4102 3840 4173; x_wconf 69' lang='grc' dir='ltr'>ὲργάυ</span> 
     </span>
    </p>
   </div>
   <div class='ocr_carea' id='block_1_68' title="bbox 2236 4195 3840 4270">
    <p class='ocr_par' dir='ltr' id='par_1_68' title="bbox 2236 4195 3840 4270">
     <span class='ocr_line' id='line_1_68' title="bbox 2236 4195 3840 4270; baseline -0.001 -20"><span class='ocrx_word' id='word_1_473' title='bbox 2236 4196 2446 4264; x_wconf 76' lang='grc' dir='ltr'>ζεσθαι.</span> <span class='ocrx_word' id='word_1_474' title='bbox 2476 4198 2607 4252; x_wconf 86' lang='grc' dir='ltr'>Τότε</span> <span class='ocrx_word' id='word_1_475' title='bbox 2639 4197 2780 4270; x_wconf 86' lang='grc' dir='ltr'><strong>μετά</strong></span> <span class='ocrx_word' id='word_1_476' title='bbox 2822 4197 2917 4252; x_wconf 87' lang='grc' dir='ltr'><strong>τοῦ</strong></span> <span class='ocrx_word' id='word_1_477' title='bbox 2951 4197 3160 4251; x_wconf 87' lang='grc' dir='ltr'>δικαίου</span> <span class='ocrx_word' id='word_1_478' title='bbox 3192 4196 3355 4265; x_wconf 86' lang='grc' dir='ltr'>λόγου</span> <span class='ocrx_word' id='word_1_479' title='bbox 3383 4196 3479 4249; x_wconf 74' lang='grc' dir='ltr'>καὶ</span> <span class='ocrx_word' id='word_1_480' title='bbox 3514 4195 3619 4265; x_wconf 85' lang='grc' dir='ltr'>τῆς</span> <span class='ocrx_word' id='word_1_481' title='bbox 3659 4196 3840 4265; x_wconf 76' lang='grc' dir='ltr'>ἰσότη-</span> 
     </span>
    </p>
   </div>
   <div class='ocr_carea' id='block_1_69' title="bbox 546 4287 2131 4365">
    <p class='ocr_par' dir='ltr' id='par_1_69' title="bbox 546 4291 2126 4365">
     <span class='ocr_line' id='line_1_69' title="bbox 546 4291 2126 4365; baseline 0.004 -21"><span class='ocrx_word' id='word_1_482' title='bbox 546 4291 930 4363; x_wconf 88' lang='lat' dir='ltr'><strong>unusquisque</strong></span> <span class='ocrx_word' id='word_1_483' title='bbox 977 4301 1091 4347; x_wconf 90' lang='lat' dir='ltr'><strong>tum</strong></span> <span class='ocrx_word' id='word_1_484' title='bbox 1133 4293 1309 4359; x_wconf 85' lang='lat' dir='ltr'><strong>dives,</strong></span> <span class='ocrx_word' id='word_1_485' title='bbox 1359 4300 1476 4348; x_wconf 91' lang='lat' dir='ltr'><strong>tum</strong></span> <span class='ocrx_word' id='word_1_486' title='bbox 1521 4308 1728 4365; x_wconf 85' lang='lat' dir='ltr'><strong>pauper</strong></span> <span class='ocrx_word' id='word_1_487' title='bbox 1772 4309 1873 4365; x_wconf 89' lang='lat' dir='ltr'><strong>pro</strong></span> <span class='ocrx_word' id='word_1_488' title='bbox 1919 4294 2126 4351; x_wconf 89' lang='lat' dir='ltr'><strong>viribus</strong></span> 
     </span>
    </p>
   </div>
   <div class='ocr_carea' id='block_1_70' title="bbox 2244 4287 3838 4365">
    <p class='ocr_par' dir='ltr' id='par_1_70' title="bbox 2244 4287 3838 4361">
     <span class='ocr_line' id='line_1_70' title="bbox 2244 4287 3838 4361; baseline -0.003 -15"><span class='ocrx_word' id='word_1_489' title='bbox 2244 4310 2322 4356; x_wconf 78' lang='grc' dir='ltr'><strong>τος</strong></span> <span class='ocrx_word' id='word_1_490' title='bbox 2375 4291 2618 4356; x_wconf 76' lang='grc' dir='ltr'>ἅπαντες</span> <span class='ocrx_word' id='word_1_491' title='bbox 2669 4291 3096 4352; x_wconf 81' lang='grc' dir='ltr'>δουλευέτωσαν,</span> <span class='ocrx_word' id='word_1_492' title='bbox 3134 4289 3227 4345; x_wconf 71' lang='grc' dir='ltr'><strong>καὶ</strong></span> <span class='ocrx_word' id='word_1_493' title='bbox 3258 4290 3448 4361; x_wconf 68' lang='grc' dir='ltr'>μηδεὶς</span> <span class='ocrx_word' id='word_1_494' title='bbox 3498 4287 3659 4359; x_wconf 68' lang='grc' dir='ltr'>παρὰ</span> <span class='ocrx_word' id='word_1_495' title='bbox 3691 4306 3838 4351; x_wconf 79' lang='grc' dir='ltr'>τινος</span> 
     </span>
    </p>
   </div>
   <div class='ocr_carea' id='block_1_71' title="bbox 548 4381 2131 4459">
    <p class='ocr_par' dir='ltr' id='par_1_71' title="bbox 548 4382 1555 4456">
     <span class='ocr_line' id='line_1_71' title="bbox 548 4382 1555 4456; baseline 0.007 -20"><span class='ocrx_word' id='word_1_496' title='bbox 548 4382 664 4438; x_wconf 84' lang='lat' dir='ltr'><strong>suis</strong></span> <span class='ocrx_word' id='word_1_497' title='bbox 687 4383 964 4452; x_wconf 79' lang='lat' dir='ltr'><strong>publicum</strong></span> <span class='ocrx_word' id='word_1_498' title='bbox 999 4384 1288 4440; x_wconf 83' lang='lat' dir='ltr'><strong>servitium</strong></span> <span class='ocrx_word' id='word_1_499' title='bbox 1315 4393 1555 4456; x_wconf 73' lang='lat' dir='ltr'><strong>praestet.</strong></span> 
     </span>
    </p>
   </div>
   <div class='ocr_carea' id='block_1_72' title="bbox 2244 4381 3838 4459">
    <p class='ocr_par' dir='ltr' id='par_1_72' title="bbox 2246 4381 3838 4459">
     <span class='ocr_line' id='line_1_72' title="bbox 2246 4381 3838 4459; baseline -0.004 -22"><span class='ocrx_word' id='word_1_500' title='bbox 2246 4383 2810 4459; x_wconf 80' lang='grc' dir='ltr'>ἑξκουσευέ[τω]σθω,</span> <span class='ocrx_word' id='word_1_501' title='bbox 2844 4387 2981 4456; x_wconf 87' lang='grc' dir='ltr'>μήτε</span> <span class='ocrx_word' id='word_1_502' title='bbox 3006 4384 3092 4438; x_wconf 79' lang='grc' dir='ltr'><strong>διὰ</strong></span> <span class='ocrx_word' id='word_1_503' title='bbox 3120 4382 3328 4454; x_wconf 87' lang='grc' dir='ltr'>δώρων,</span> <span class='ocrx_word' id='word_1_504' title='bbox 3364 4385 3501 4453; x_wconf 83' lang='grc' dir='ltr'>μήτε</span> <span class='ocrx_word' id='word_1_505' title='bbox 3534 4382 3623 4437; x_wconf 78' lang='grc' dir='ltr'>διὰ</span> <span class='ocrx_word' id='word_1_506' title='bbox 3651 4381 3838 4451; x_wconf 78' lang='grc' dir='ltr'>φιλίαν</span> 
     </span>
    </p>
   </div>
   <div class='ocr_carea' id='block_1_73' title="bbox 547 4470 3838 4550">
    <p class='ocr_par' dir='ltr' id='par_1_73' title="bbox 547 4470 3838 4550">
     <span class='ocr_line' id='line_1_73' title="bbox 547 4470 3838 4550; baseline 0.001 -27"><span class='ocrx_word' id='word_1_507' title='bbox 547 4470 648 4540; x_wconf 85' lang='grc' dir='ltr'><strong>τῆς</strong></span> <span class='ocrx_word' id='word_1_508' title='bbox 697 4472 951 4546; x_wconf 82' lang='grc' dir='ltr'>τοιαύτης</span> <span class='ocrx_word' id='word_1_509' title='bbox 994 4474 1240 4538; x_wconf 71' lang='grc' dir='ltr'>δουλείας</span> <span class='ocrx_word' id='word_1_510' title='bbox 1286 4476 1776 4547; x_wconf 83' lang='grc' dir='ltr'>ἀπολιμπανέσθω,</span> <span class='ocrx_word' id='word_1_511' title='bbox 1818 4477 1953 4532; x_wconf 81' lang='grc' dir='ltr'>ἀλλὰ</span> <span class='ocrx_word' id='word_1_512' title='bbox 1986 4479 2126 4533; x_wconf 87' lang='grc' dir='ltr'><strong>κατά</strong></span> <span class='ocrx_word' id='word_1_513' title='bbox 2163 4476 2387 4547; x_wconf 84' lang='grc' dir='ltr'>ἀλογίαν</span> <span class='ocrx_word' id='word_1_514' title='bbox 2424 4482 2522 4550; x_wconf 82' lang='grc' dir='ltr'>τῆς</span> <span class='ocrx_word' id='word_1_515' title='bbox 2554 4477 2666 4550; x_wconf 73' lang='grc'><strong>(28)</strong></span> <span class='ocrx_word' id='word_1_516' title='bbox 2696 4477 2980 4548; x_wconf 82' lang='grc' dir='ltr'>δυνάμεως</span> <span class='ocrx_word' id='word_1_517' title='bbox 3013 4474 3177 4530; x_wconf 79' lang='grc' dir='ltr'>αὐτοῦ</span> <span class='ocrx_word' id='word_1_518' title='bbox 3209 4476 3437 4538; x_wconf 74' lang='grc' dir='ltr'>ἕκαστος</span> <span class='ocrx_word' id='word_1_519' title='bbox 3499 4474 3596 4530; x_wconf 74' lang='grc' dir='ltr'><strong>καὶ</strong></span> <span class='ocrx_word' id='word_1_520' title='bbox 3672 4473 3838 4527; x_wconf 76' lang='grc' dir='ltr'>πλού-</span> 
     </span>
    </p>
   </div>
   <div class='ocr_carea' id='block_1_74' title="bbox 551 4563 3119 4642">
    <p class='ocr_par' dir='ltr' id='par_1_74' title="bbox 551 4563 3119 4642">
     <span class='ocr_line' id='line_1_74' title="bbox 551 4563 3119 4642; baseline 0.006 -24"><span class='ocrx_word' id='word_1_521' title='bbox 551 4579 664 4630; x_wconf 71' lang='grc' dir='ltr'>σιος</span> <span class='ocrx_word' id='word_1_522' title='bbox 716 4563 812 4619; x_wconf 68' lang='grc' dir='ltr'>καὶ</span> <span class='ocrx_word' id='word_1_523' title='bbox 874 4568 1042 4637; x_wconf 82' lang='grc' dir='ltr'>πένης</span> <span class='ocrx_word' id='word_1_524' title='bbox 1088 4569 1187 4642; x_wconf 76' lang='grc' dir='ltr'>τὴν</span> <span class='ocrx_word' id='word_1_525' title='bbox 1250 4571 1520 4641; x_wconf 88' lang='grc' dir='ltr'>δημοσίαν</span> <span class='ocrx_word' id='word_1_526' title='bbox 1578 4572 1819 4628; x_wconf 81' lang='grc' dir='ltr'>δουλείαν</span> <span class='ocrx_word' id='word_1_527' title='bbox 1868 4573 2309 4628; x_wconf 82' lang='grc' dir='ltr'>ἑπιτελείτωσαν.</span> <span class='ocrx_word' id='word_1_528' title='bbox 2470 4603 2474 4606; x_wconf 91' lang='grc'><strong>-</strong></span> <span class='ocrx_word' id='word_1_529' title='bbox 2611 4627 2625 4634; x_wconf 86' lang='lat'>_</span> <span class='ocrx_word' id='word_1_530' title='bbox 3116 4638 3119 4639; x_wconf 25' lang='grc' dir='ltr'><strong>ν</strong></span> 
     </span>
    </p>
   </div>
   <div class='ocr_carea' id='block_1_75' title="bbox 623 4658 2131 4738">
    <p class='ocr_par' dir='ltr' id='par_1_75' title="bbox 623 4658 2123 4738">
     <span class='ocr_line' id='line_1_75' title="bbox 623 4658 2123 4738; baseline 0.005 -27"><span class='ocrx_word' id='word_1_531' title='bbox 623 4658 712 4715; x_wconf 74' lang='grc'><strong>72.</strong></span> <span class='ocrx_word' id='word_1_532' title='bbox 737 4660 968 4716; x_wconf 82' lang='lat' dir='ltr'><strong>Militum</strong></span> <span class='ocrx_word' id='word_1_533' title='bbox 995 4662 1050 4717; x_wconf 92' lang='lat' dir='ltr'><strong>in</strong></span> <span class='ocrx_word' id='word_1_534' title='bbox 1071 4661 1214 4718; x_wconf 90' lang='lat' dir='ltr'><strong>bello</strong></span> <span class='ocrx_word' id='word_1_535' title='bbox 1242 4665 1580 4732; x_wconf 85' lang='lat' dir='ltr'><strong>cadentium,</strong></span> <span class='ocrx_word' id='word_1_536' title='bbox 1614 4674 1777 4737; x_wconf 88' lang='lat' dir='ltr'><strong>atque</strong></span> <span class='ocrx_word' id='word_1_537' title='bbox 1811 4683 2002 4723; x_wconf 86' lang='lat' dir='ltr'><strong>eorum</strong></span> <span class='ocrx_word' id='word_1_538' title='bbox 2032 4683 2123 4738; x_wconf 83' lang='lat' dir='ltr'><strong>pn-</strong></span> 
     </span>
    </p>
   </div>
   <div class='ocr_carea' id='block_1_76' title="bbox 2244 4658 3834 4738">
    <p class='ocr_par' dir='ltr' id='par_1_76' title="bbox 2307 4661 3834 4737">
     <span class='ocr_line' id='line_1_76' title="bbox 2307 4661 3834 4737; baseline -0.001 -19"><span class='ocrx_word' id='word_1_539' title='bbox 2307 4665 2405 4737; x_wconf 82' lang='grc' dir='ltr'>οβ¹.</span> <span class='ocrx_word' id='word_1_540' title='bbox 2456 4664 2598 4737; x_wconf 79' lang='grc' dir='ltr'>Ἰερά</span> <span class='ocrx_word' id='word_1_541' title='bbox 2657 4664 2859 4720; x_wconf 86' lang='grc' dir='ltr'>εἰσιτά</span> <span class='ocrx_word' id='word_1_542' title='bbox 2915 4665 3023 4719; x_wconf 87' lang='grc' dir='ltr'><strong>τῶν</strong></span> <span class='ocrx_word' id='word_1_543' title='bbox 3085 4661 3459 4717; x_wconf 82' lang='grc' dir='ltr'>τελευτώντων</span> <span class='ocrx_word' id='word_1_544' title='bbox 3499 4661 3559 4714; x_wconf 86' lang='grc' dir='ltr'>ὲν</span> <span class='ocrx_word' id='word_1_545' title='bbox 3609 4661 3834 4734; x_wconf 78' lang='grc' dir='ltr'>πολέμῳ</span> 
     </span>
    </p>
   </div>
   <div class='ocr_carea' id='block_1_77' title="bbox 548 3643 2131 3722">
    <p class='ocr_par' dir='ltr' id='par_1_77' title="bbox 548 3643 2131 3722">
     <span class='ocr_line' id='line_1_77' title="bbox 548 3643 2131 3722; baseline 0.004 -22"><span class='ocrx_word' id='word_1_546' title='bbox 548 3660 602 3700; x_wconf 87' lang='lat' dir='ltr'><strong>rc</strong></span> <span class='ocrx_word' id='word_1_547' title='bbox 633 3646 828 3714; x_wconf 87' lang='lat' dir='ltr'><strong>premi.</strong></span> <span class='ocrx_word' id='word_1_548' title='bbox 861 3643 917 3699; x_wconf 91' lang='lat' dir='ltr'><strong>Si</strong></span> <span class='ocrx_word' id='word_1_549' title='bbox 945 3646 1227 3701; x_wconf 86' lang='lat' dir='ltr'><strong>castellum</strong></span> <span class='ocrx_word' id='word_1_550' title='bbox 1253 3646 1498 3717; x_wconf 87' lang='lat' dir='ltr'><strong>aliquod,</strong></span> <span class='ocrx_word' id='word_1_551' title='bbox 1542 3655 1636 3702; x_wconf 88' lang='lat' dir='ltr'><strong>aut</strong></span> <span class='ocrx_word' id='word_1_552' title='bbox 1664 3655 1841 3718; x_wconf 88' lang='lat' dir='ltr'><strong>porta,</strong></span> <span class='ocrx_word' id='word_1_553' title='bbox 1874 3657 1967 3702; x_wconf 90' lang='lat' dir='ltr'><strong>aut</strong></span> <span class='ocrx_word' id='word_1_554' title='bbox 1995 3664 2131 3722; x_wconf 90' lang='lat' dir='ltr'><strong>pons</strong></span> 
     </span>
    </p>
   </div>
   <div class='ocr_carea' id='block_1_78' title="bbox 545 3735 2127 3808">
    <p class='ocr_par' dir='ltr' id='par_1_78' title="bbox 545 3735 2127 3808">
     <span class='ocr_line' id='line_1_78' title="bbox 545 3735 2127 3808; baseline 0.005 -19"><span class='ocrx_word' id='word_1_555' title='bbox 545 3735 917 3792; x_wconf 82' lang='lat' dir='ltr'><strong>conﬁciendus</strong></span> <span class='ocrx_word' id='word_1_556' title='bbox 975 3736 1072 3801; x_wconf 88' lang='lat' dir='ltr'><strong>sit,</strong></span> <span class='ocrx_word' id='word_1_557' title='bbox 1132 3738 1218 3792; x_wconf 86' lang='lat' dir='ltr'><strong>vel</strong></span> <span class='ocrx_word' id='word_1_558' title='bbox 1285 3738 1374 3792; x_wconf 86' lang='lat' dir='ltr'><strong>via</strong></span> <span class='ocrx_word' id='word_1_559' title='bbox 1430 3738 1612 3808; x_wconf 88' lang='lat' dir='ltr'><strong>aliqua</strong></span> <span class='ocrx_word' id='word_1_560' title='bbox 1670 3741 1986 3808; x_wconf 88' lang='lat' dir='ltr'><strong>sternenda,</strong></span> <span class='ocrx_word' id='word_1_561' title='bbox 2033 3751 2127 3797; x_wconf 91' lang='lat' dir='ltr'><strong>aut</strong></span> 
     </span>
    </p>
   </div>
   <div class='ocr_carea' id='block_1_79' title="bbox 541 3828 2128 3905">
    <p class='ocr_par' dir='ltr' id='par_1_79' title="bbox 541 3828 2128 3905">
     <span class='ocr_line' id='line_1_79' title="bbox 541 3828 2128 3905; baseline 0.004 -24"><span class='ocrx_word' id='word_1_562' title='bbox 541 3828 692 3886; x_wconf 87' lang='lat' dir='ltr'><strong>aliud</strong></span> <span class='ocrx_word' id='word_1_563' title='bbox 724 3828 857 3898; x_wconf 91' lang='lat' dir='ltr'><strong>quid</strong></span> <span class='ocrx_word' id='word_1_564' title='bbox 899 3829 1177 3901; x_wconf 90' lang='lat' dir='ltr'><strong>publicum</strong></span> <span class='ocrx_word' id='word_1_565' title='bbox 1223 3833 1622 3887; x_wconf 77' lang='lat' dir='ltr'><strong>exstruendum</strong></span> <span class='ocrx_word' id='word_1_566' title='bbox 1676 3843 1779 3894; x_wconf 89' lang='lat' dir='ltr'><strong>est,</strong></span> <span class='ocrx_word' id='word_1_567' title='bbox 1823 3850 1999 3905; x_wconf 91' lang='lat' dir='ltr'><strong>neque</strong></span> <span class='ocrx_word' id='word_1_568' title='bbox 2029 3851 2128 3904; x_wconf 89' lang='lat' dir='ltr'><strong>pu-</strong></span> 
     </span>
    </p>
   </div>
   <div class='ocr_carea' id='block_1_80' title="bbox 542 3921 2129 3997">
    <p class='ocr_par' dir='ltr' id='par_1_80' title="bbox 542 3921 2129 3997">
     <span class='ocr_line' id='line_1_80' title="bbox 542 3921 2129 3997; baseline 0.004 -21"><span class='ocrx_word' id='word_1_569' title='bbox 542 3921 701 3977; x_wconf 85' lang='lat' dir='ltr'><strong>blicis</strong></span> <span class='ocrx_word' id='word_1_570' title='bbox 729 3921 910 3976; x_wconf 83' lang='lat' dir='ltr'><strong>aerarii</strong></span> <span class='ocrx_word' id='word_1_571' title='bbox 952 3921 1209 3992; x_wconf 80' lang='lat' dir='ltr'><strong>expensis</strong></span> <span class='ocrx_word' id='word_1_572' title='bbox 1257 3922 1466 3978; x_wconf 86' lang='lat' dir='ltr'><strong>absolvi</strong></span> <span class='ocrx_word' id='word_1_573' title='bbox 1506 3933 1708 3994; x_wconf 89' lang='lat' dir='ltr'><strong>potest,</strong></span> <span class='ocrx_word' id='word_1_574' title='bbox 1748 3927 2129 3997; x_wconf 88' lang='lat' dir='ltr'><strong>unusquisque</strong></span> 
     </span>
    </p>
   </div>
   <div class='ocr_carea' id='block_1_81' title="bbox 547 4005 2127 4086">
    <p class='ocr_par' dir='ltr' id='par_1_81' title="bbox 547 4005 2127 4086">
     <span class='ocr_line' id='line_1_81' title="bbox 547 4005 2127 4086; baseline 0.003 -20"><span class='ocrx_word' id='word_1_575' title='bbox 547 4021 661 4066; x_wconf 91' lang='lat' dir='ltr'><strong>tum</strong></span> <span class='ocrx_word' id='word_1_576' title='bbox 691 4028 757 4068; x_wconf 83' lang='lat' dir='ltr'><strong>ex</strong></span> <span class='ocrx_word' id='word_1_577' title='bbox 786 4027 945 4083; x_wconf 68' lang='lat' dir='ltr'><strong>aaquo</strong></span> <span class='ocrx_word' id='word_1_578' title='bbox 975 4013 1103 4068; x_wconf 89' lang='lat' dir='ltr'><strong>huic</strong></span> <span class='ocrx_word' id='word_1_579' title='bbox 1130 4013 1279 4083; x_wconf 85' lang='lat' dir='ltr'><strong>Operi</strong></span> <span class='ocrx_word' id='word_1_580' title='bbox 1307 4013 1596 4079; x_wconf 79' lang='lat' dir='ltr'><strong>inserviat,</strong></span> <span class='ocrx_word' id='word_1_581' title='bbox 1640 4005 1912 4086; x_wconf 79' lang='lat' dir='ltr'><strong>nemoque</strong></span> <span class='ocrx_word' id='word_1_582' title='bbox 1933 4016 2001 4069; x_wconf 89' lang='lat' dir='ltr'><strong>ab</strong></span> <span class='ocrx_word' id='word_1_583' title='bbox 2026 4016 2127 4070; x_wconf 90' lang='lat' dir='ltr'><strong>hac</strong></span> 
     </span>
    </p>
   </div>
   <div class='ocr_carea' id='block_1_82' title="bbox 541 4104 2128 4177">
    <p class='ocr_par' dir='ltr' id='par_1_82' title="bbox 541 4104 2128 4177">
     <span class='ocr_line' id='line_1_82' title="bbox 541 4104 2128 4177; baseline 0.004 -23"><span class='ocrx_word' id='word_1_584' title='bbox 541 4118 608 4158; x_wconf 85' lang='lat' dir='ltr'><strong>re</strong></span> <span class='ocrx_word' id='word_1_585' title='bbox 631 4113 928 4159; x_wconf 85' lang='lat' dir='ltr'><strong>excusetur</strong></span> <span class='ocrx_word' id='word_1_586' title='bbox 950 4120 1127 4176; x_wconf 88' lang='lat' dir='ltr'><strong>neque</strong></span> <span class='ocrx_word' id='word_1_587' title='bbox 1153 4104 1418 4171; x_wconf 90' lang='lat' dir='ltr'><strong>amicitia,</strong></span> <span class='ocrx_word' id='word_1_588' title='bbox 1455 4120 1632 4177; x_wconf 79' lang='lat' dir='ltr'><strong>neque</strong></span> <span class='ocrx_word' id='word_1_589' title='bbox 1654 4105 1833 4170; x_wconf 89' lang='lat' dir='ltr'><strong>donis,</strong></span> <span class='ocrx_word' id='word_1_590' title='bbox 1862 4114 1920 4161; x_wconf 92' lang='lat' dir='ltr'><strong>ut</strong></span> <span class='ocrx_word' id='word_1_591' title='bbox 1944 4107 2011 4161; x_wconf 83' lang='lat' dir='ltr'><strong>ab</strong></span> <span class='ocrx_word' id='word_1_592' title='bbox 2040 4106 2128 4162; x_wconf 81' lang='lat' dir='ltr'><strong>of-</strong></span> 
     </span>
    </p>
   </div>
   <div class='ocr_carea' id='block_1_83' title="bbox 549 4195 2127 4271">
    <p class='ocr_par' dir='ltr' id='par_1_83' title="bbox 549 4195 2127 4271">
     <span class='ocr_line' id='line_1_83' title="bbox 549 4195 2127 4271; baseline 0.004 -22"><span class='ocrx_word' id='word_1_593' title='bbox 549 4195 672 4252; x_wconf 80' lang='lat' dir='ltr'><strong>ﬁcio</strong></span> <span class='ocrx_word' id='word_1_594' title='bbox 706 4210 809 4251; x_wconf 93' lang='lat' dir='ltr'><strong>suo</strong></span> <span class='ocrx_word' id='word_1_595' title='bbox 837 4197 1002 4264; x_wconf 89' lang='lat' dir='ltr'><strong>absit,</strong></span> <span class='ocrx_word' id='word_1_596' title='bbox 1025 4198 1120 4253; x_wconf 89' lang='lat' dir='ltr'><strong>sed</strong></span> <span class='ocrx_word' id='word_1_597' title='bbox 1148 4197 1299 4268; x_wconf 83' lang='lat' dir='ltr'><strong>justa</strong></span> <span class='ocrx_word' id='word_1_598' title='bbox 1349 4206 1403 4254; x_wconf 89' lang='lat' dir='ltr'><strong>et</strong></span> <span class='ocrx_word' id='word_1_599' title='bbox 1430 4207 1582 4254; x_wconf 85' lang='lat' dir='ltr'><strong>certa</strong></span> <span class='ocrx_word' id='word_1_600' title='bbox 1624 4214 1747 4254; x_wconf 92' lang='lat' dir='ltr'><strong>cum</strong></span> <span class='ocrx_word' id='word_1_601' title='bbox 1773 4201 2127 4271; x_wconf 82' lang='lat' dir='ltr'><strong>praportione</strong></span> 
     </span>
    </p>
   </div>
   <div class='ocr_carea' id='block_1_84' title="bbox 549 4754 2135 4830">
    <p class='ocr_par' dir='ltr' id='par_1_84' title="bbox 549 4754 2135 4830">
     <span class='ocr_line' id='line_1_84' title="bbox 549 4754 2135 4830; baseline 0.005 -24"><span class='ocrx_word' id='word_1_602' title='bbox 549 4754 850 4817; x_wconf 85' lang='lat' dir='ltr'><strong>tissimum,</strong></span> <span class='ocrx_word' id='word_1_603' title='bbox 897 4755 992 4825; x_wconf 89' lang='lat' dir='ltr'><strong>qui</strong></span> <span class='ocrx_word' id='word_1_604' title='bbox 1023 4764 1251 4813; x_wconf 85' lang='lat' dir='ltr'><strong>strenue</strong></span> <span class='ocrx_word' id='word_1_605' title='bbox 1288 4773 1348 4814; x_wconf 90' lang='lat' dir='ltr'><strong>se</strong></span> <span class='ocrx_word' id='word_1_606' title='bbox 1374 4766 1592 4830; x_wconf 80' lang='lat' dir='ltr'><strong>gerunt,</strong></span> <span class='ocrx_word' id='word_1_607' title='bbox 1617 4768 1674 4815; x_wconf 89' lang='lat' dir='ltr'><strong>et</strong></span> <span class='ocrx_word' id='word_1_608' title='bbox 1698 4774 1799 4830; x_wconf 87' lang='lat' dir='ltr'><strong>pro</strong></span> <span class='ocrx_word' id='word_1_609' title='bbox 1829 4759 1933 4815; x_wconf 79' lang='lat' dir='ltr'><strong>[ldo</strong></span> <span class='ocrx_word' id='word_1_610' title='bbox 1971 4760 2135 4814; x_wconf 86' lang='lat' dir='ltr'><strong>Chri-</strong></span> 
     </span>
    </p>
   </div>
   <div class='ocr_carea' id='block_1_85' title="bbox 551 4847 2133 4920">
    <p class='ocr_par' dir='ltr' id='par_1_85' title="bbox 551 4847 2133 4920">
     <span class='ocr_line' id='line_1_85' title="bbox 551 4847 2133 4920; baseline 0.003 -20"><span class='ocrx_word' id='word_1_611' title='bbox 551 4847 730 4900; x_wconf 86' lang='lat' dir='ltr'><strong>stiana</strong></span> <span class='ocrx_word' id='word_1_612' title='bbox 767 4848 966 4902; x_wconf 80' lang='lat' dir='ltr'><strong>mortui</strong></span> <span class='ocrx_word' id='word_1_613' title='bbox 999 4855 1154 4913; x_wconf 87' lang='lat' dir='ltr'><strong>sunt,</strong></span> <span class='ocrx_word' id='word_1_614' title='bbox 1205 4862 1439 4919; x_wconf 85' lang='lat' dir='ltr'><strong>corpora</strong></span> <span class='ocrx_word' id='word_1_615' title='bbox 1497 4848 1725 4905; x_wconf 86' lang='lat' dir='ltr'><strong>honeste</strong></span> <span class='ocrx_word' id='word_1_616' title='bbox 1776 4850 2133 4920; x_wconf 83' lang='lat' dir='ltr'><strong>sepeliantur,</strong></span> 
     </span>
    </p>
   </div>
   <div class='ocr_carea' id='block_1_86' title="bbox 552 4941 2138 5012">
    <p class='ocr_par' dir='ltr' id='par_1_86' title="bbox 552 4941 2138 5012">
     <span class='ocr_line' id='line_1_86' title="bbox 552 4941 2138 5012; baseline 0.003 -18"><span class='ocrx_word' id='word_1_617' title='bbox 552 4954 761 5010; x_wconf 84' lang='lat' dir='ltr'><strong>eosque</strong></span> <span class='ocrx_word' id='word_1_618' title='bbox 799 4941 942 4995; x_wconf 87' lang='lat' dir='ltr'><strong>bona</strong></span> <span class='ocrx_word' id='word_1_619' title='bbox 994 4949 1159 5012; x_wconf 88' lang='lat' dir='ltr'><strong>atque</strong></span> <span class='ocrx_word' id='word_1_620' title='bbox 1206 4943 1434 4999; x_wconf 82' lang='lat' dir='ltr'><strong>honesta</strong></span> <span class='ocrx_word' id='word_1_621' title='bbox 1471 4942 1953 4999; x_wconf 85' lang='lat' dir='ltr'><strong>commendatione</strong></span> <span class='ocrx_word' id='word_1_622' title='bbox 1989 4959 2138 5000; x_wconf 61' lang='lat' dir='ltr'><strong>moro</strong></span> 
     </span>
    </p>
   </div>
   <div class='ocr_carea' id='block_1_87' title="bbox 553 5032 2139 5106">
    <p class='ocr_par' dir='ltr' id='par_1_87' title="bbox 553 5032 2139 5106">
     <span class='ocr_line' id='line_1_87' title="bbox 553 5032 2139 5106; baseline 0.003 -22"><span class='ocrx_word' id='word_1_623' title='bbox 553 5040 679 5088; x_wconf 88' lang='lat' dir='ltr'><strong>tuos</strong></span> <span class='ocrx_word' id='word_1_624' title='bbox 710 5047 1132 5103; x_wconf 76' lang='lat' dir='ltr'><strong>prosequamur.</strong></span> <span class='ocrx_word' id='word_1_625' title='bbox 1157 5032 1263 5089; x_wconf 87' lang='lat' dir='ltr'><strong>Sed</strong></span> <span class='ocrx_word' id='word_1_626' title='bbox 1304 5043 1359 5089; x_wconf 91' lang='lat' dir='ltr'><strong>et</strong></span> <span class='ocrx_word' id='word_1_627' title='bbox 1391 5034 1548 5090; x_wconf 90' lang='lat' dir='ltr'><strong>liberi</strong></span> <span class='ocrx_word' id='word_1_628' title='bbox 1593 5034 1833 5102; x_wconf 90' lang='lat' dir='ltr'><strong>illorum,</strong></span> <span class='ocrx_word' id='word_1_629' title='bbox 1867 5044 1920 5090; x_wconf 88' lang='lat' dir='ltr'><strong>et</strong></span> <span class='ocrx_word' id='word_1_630' title='bbox 1943 5036 2139 5106; x_wconf 80' lang='lat' dir='ltr'><strong>conju-</strong></span> 
     </span>
    </p>
   </div>
   <div class='ocr_carea' id='block_1_88' title="bbox 557 5123 2140 5198">
    <p class='ocr_par' dir='ltr' id='par_1_88' title="bbox 557 5123 2140 5198">
     <span class='ocr_line' id='line_1_88' title="bbox 557 5123 2140 5198; baseline 0.004 -21"><span class='ocrx_word' id='word_1_631' title='bbox 557 5140 676 5193; x_wconf 81' lang='lat' dir='ltr'><strong>ges,</strong></span> <span class='ocrx_word' id='word_1_632' title='bbox 703 5123 1071 5195; x_wconf 86' lang='lat' dir='ltr'><strong>universaque</strong></span> <span class='ocrx_word' id='word_1_633' title='bbox 1107 5125 1344 5190; x_wconf 74' lang='lat' dir='ltr'><strong>familia,</strong></span> <span class='ocrx_word' id='word_1_634' title='bbox 1381 5134 1473 5182; x_wconf 89' lang='lat' dir='ltr'><strong>tua</strong></span> <span class='ocrx_word' id='word_1_635' title='bbox 1503 5126 1846 5198; x_wconf 80' lang='lat' dir='ltr'><strong>providentia</strong></span> <span class='ocrx_word' id='word_1_636' title='bbox 1883 5143 1947 5182; x_wconf 87' lang='lat' dir='ltr'><strong>ac</strong></span> <span class='ocrx_word' id='word_1_637' title='bbox 2004 5145 2140 5198; x_wconf 73' lang='lat' dir='ltr'><strong>prm-</strong></span> 
     </span>
    </p>
   </div>
   <div class='ocr_carea' id='block_1_89' title="bbox 558 5215 2144 5296">
    <p class='ocr_par' dir='ltr' id='par_1_89' title="bbox 558 5215 2144 5296">
     <span class='ocr_line' id='line_1_89' title="bbox 558 5215 2144 5296; baseline 0.004 -26"><span class='ocrx_word' id='word_1_638' title='bbox 558 5215 701 5271; x_wconf 78' lang='lat' dir='ltr'><strong>sidio</strong></span> <span class='ocrx_word' id='word_1_639' title='bbox 731 5217 968 5273; x_wconf 85' lang='lat' dir='ltr'><strong>alantur.</strong></span> <span class='ocrx_word' id='word_1_640' title='bbox 1003 5218 1080 5274; x_wconf 90' lang='lat' dir='ltr'><strong>lta</strong></span> <span class='ocrx_word' id='word_1_641' title='bbox 1118 5219 1263 5274; x_wconf 88' lang='lat' dir='ltr'><strong>enim</strong></span> <span class='ocrx_word' id='word_1_642' title='bbox 1297 5219 1502 5276; x_wconf 86' lang='lat' dir='ltr'><strong>milites</strong></span> <span class='ocrx_word' id='word_1_643' title='bbox 1551 5221 1783 5284; x_wconf 87' lang='lat' dir='ltr'><strong>alacres,</strong></span> <span class='ocrx_word' id='word_1_644' title='bbox 1817 5228 1982 5290; x_wconf 90' lang='lat' dir='ltr'><strong>atque</strong></span> <span class='ocrx_word' id='word_1_645' title='bbox 2008 5221 2144 5296; x_wconf 86' lang='lat' dir='ltr'><strong>inci-_</strong></span> 
     </span>
    </p>
   </div>
   <div class='ocr_carea' id='block_1_90' title="bbox 558 5306 2138 5383">
    <p class='ocr_par' dir='ltr' id='par_1_90' title="bbox 558 5306 2138 5383">
     <span class='ocr_line' id='line_1_90' title="bbox 558 5306 2138 5383; baseline 0.004 -23"><span class='ocrx_word' id='word_1_646' title='bbox 558 5307 657 5361; x_wconf 89' lang='lat' dir='ltr'><strong>tati</strong></span> <span class='ocrx_word' id='word_1_647' title='bbox 714 5306 784 5362; x_wconf 92' lang='lat' dir='ltr'><strong>ad</strong></span> <span class='ocrx_word' id='word_1_648' title='bbox 831 5309 1024 5365; x_wconf 76' lang='lat' dir='ltr'><strong>bellica</strong></span> <span class='ocrx_word' id='word_1_649' title='bbox 1070 5310 1311 5380; x_wconf 85' lang='lat' dir='ltr'><strong>pericula</strong></span> <span class='ocrx_word' id='word_1_650' title='bbox 1367 5311 1721 5383; x_wconf 85' lang='lat' dir='ltr'><strong>suscipienda</strong></span> <span class='ocrx_word' id='word_1_651' title='bbox 1762 5320 1945 5375; x_wconf 86' lang='lat' dir='ltr'><strong>erunt,</strong></span> <span class='ocrx_word' id='word_1_652' title='bbox 1983 5313 2027 5368; x_wconf 91' lang='lat' dir='ltr'><strong>si</strong></span> <span class='ocrx_word' id='word_1_653' title='bbox 2085 5314 2138 5367; x_wconf 93' lang='lat' dir='ltr'><strong>in</strong></span> 
     </span>
    </p>
   </div>
   <div class='ocr_carea' id='block_1_91' title="bbox 562 5394 2144 5476">
    <p class='ocr_par' dir='ltr' id='par_1_91' title="bbox 562 5394 2144 5476">
     <span class='ocr_line' id='line_1_91' title="bbox 562 5394 2144 5476; baseline 0.003 -21"><span class='ocrx_word' id='word_1_654' title='bbox 562 5403 782 5457; x_wconf 90' lang='lat' dir='ltr'><strong>illorum</strong></span> <span class='ocrx_word' id='word_1_655' title='bbox 817 5419 1050 5460; x_wconf 83' lang='lat' dir='ltr'><strong>excessu</strong></span> <span class='ocrx_word' id='word_1_656' title='bbox 1083 5419 1113 5460; x_wconf 93' lang='lat' dir='ltr'><strong>e</strong></span> <span class='ocrx_word' id='word_1_657' title='bbox 1145 5405 1255 5458; x_wconf 89' lang='lat' dir='ltr'><strong>vita</strong></span> <span class='ocrx_word' id='word_1_658' title='bbox 1288 5415 1536 5472; x_wconf 85' lang='lat' dir='ltr'><strong>cernant,</strong></span> <span class='ocrx_word' id='word_1_659' title='bbox 1583 5405 1712 5475; x_wconf 89' lang='lat' dir='ltr'><strong>quid</strong></span> <span class='ocrx_word' id='word_1_660' title='bbox 1746 5413 1933 5476; x_wconf 82' lang='lat' dir='ltr'><strong>postea</strong></span> <span class='ocrx_word' id='word_1_661' title='bbox 1967 5394 2056 5472; x_wconf 80' lang='lat' dir='ltr'><strong>se,</strong></span> <span class='ocrx_word' id='word_1_662' title='bbox 2081 5420 2144 5460; x_wconf 88' lang='lat' dir='ltr'><strong>ac</strong></span> 
     </span>
    </p>
   </div>
   <div class='ocr_carea' id='block_1_92' title="bbox 563 5486 1873 5566">
    <p class='ocr_par' dir='ltr' id='par_1_92' title="bbox 563 5486 1873 5566">
     <span class='ocr_line' id='line_1_92' title="bbox 563 5486 1873 5566; baseline 0.004 -17"><span class='ocrx_word' id='word_1_663' title='bbox 563 5495 681 5550; x_wconf 86' lang='lat' dir='ltr'><strong>suis</strong></span> <span class='ocrx_word' id='word_1_664' title='bbox 709 5494 818 5561; x_wconf 82' lang='lat' dir='ltr'><strong>ﬁat,</strong></span> <span class='ocrx_word' id='word_1_665' title='bbox 849 5486 897 5552; x_wconf 79' lang='lat' dir='ltr'><strong>si</strong></span> <span class='ocrx_word' id='word_1_666' title='bbox 933 5511 994 5552; x_wconf 88' lang='lat' dir='ltr'><strong>se</strong></span> <span class='ocrx_word' id='word_1_667' title='bbox 1024 5505 1280 5553; x_wconf 80' lang='lat' dir='ltr'><strong>strenuos</strong></span> <span class='ocrx_word' id='word_1_668' title='bbox 1306 5496 1362 5551; x_wconf 90' lang='lat' dir='ltr'><strong>in</strong></span> <span class='ocrx_word' id='word_1_669' title='bbox 1402 5496 1545 5553; x_wconf 89' lang='lat' dir='ltr'><strong>bello</strong></span> <span class='ocrx_word' id='word_1_670' title='bbox 1581 5497 1873 5566; x_wconf 73' lang='lat' dir='ltr'><strong>gesserint.</strong></span> 
     </span>
    </p>
   </div>
   <div class='ocr_carea' id='block_1_93' title="bbox 2246 4752 3835 4828">
    <p class='ocr_par' dir='ltr' id='par_1_93' title="bbox 2246 4752 3835 4828">
     <span class='ocr_line' id='line_1_93' title="bbox 2246 4752 3835 4828; baseline -0.003 -17"><span class='ocrx_word' id='word_1_671' title='bbox 2246 4758 2594 4826; x_wconf 87' lang='grc' dir='ltr'>στρατιωτῶν</span> <span class='ocrx_word' id='word_1_672' title='bbox 2653 4757 2917 4828; x_wconf 84' lang='grc' dir='ltr'>σώματα,</span> <span class='ocrx_word' id='word_1_673' title='bbox 2967 4758 3060 4812; x_wconf 76' lang='grc' dir='ltr'><strong>καὶ</strong></span> <span class='ocrx_word' id='word_1_674' title='bbox 3126 4757 3360 4828; x_wconf 83' lang='grc' dir='ltr'>μάλιστα</span> <span class='ocrx_word' id='word_1_675' title='bbox 3416 4752 3526 4807; x_wconf 89' lang='grc' dir='ltr'><strong>τῶν</strong></span> <span class='ocrx_word' id='word_1_676' title='bbox 3571 4754 3835 4824; x_wconf 78' lang='grc' dir='ltr'>ἀριστευ-</span> 
     </span>
    </p>
   </div>
   <div class='ocr_carea' id='block_1_94' title="bbox 2248 4845 3835 4922">
    <p class='ocr_par' dir='ltr' id='par_1_94' title="bbox 2248 4845 3835 4922">
     <span class='ocr_line' id='line_1_94' title="bbox 2248 4845 3835 4922; baseline -0.004 -19"><span class='ocrx_word' id='word_1_677' title='bbox 2248 4851 2488 4919; x_wconf 83' lang='grc' dir='ltr'>σάντων,</span> <span class='ocrx_word' id='word_1_678' title='bbox 2536 4853 2593 4903; x_wconf 87' lang='grc' dir='ltr'>ὲν</span> <span class='ocrx_word' id='word_1_679' title='bbox 2640 4853 2706 4922; x_wconf 84' lang='grc' dir='ltr'>τῇ</span> <span class='ocrx_word' id='word_1_680' title='bbox 2763 4850 2901 4922; x_wconf 80' lang='grc' dir='ltr'>ὑπὲρ</span> <span class='ocrx_word' id='word_1_681' title='bbox 2949 4849 3059 4903; x_wconf 89' lang='grc' dir='ltr'><strong>τῶν</strong></span> <span class='ocrx_word' id='word_1_682' title='bbox 3106 4845 3447 4920; x_wconf 78' lang='grc' dir='ltr'>Χριστιανῶν</span> <span class='ocrx_word' id='word_1_683' title='bbox 3495 4846 3670 4916; x_wconf 77' lang='grc' dir='ltr'>μάχῃ.</span> <span class='ocrx_word' id='word_1_684' title='bbox 3729 4848 3835 4901; x_wconf 66' lang='grc' dir='ltr'>Καὶ</span> 
     </span>
    </p>
   </div>
   <div class='ocr_carea' id='block_1_95' title="bbox 2247 4939 3832 5015">
    <p class='ocr_par' dir='ltr' id='par_1_95' title="bbox 2247 4939 3832 5015">
     <span class='ocr_line' id='line_1_95' title="bbox 2247 4939 3832 5015; baseline -0.004 -17"><span class='ocrx_word' id='word_1_685' title='bbox 2247 4944 2417 4998; x_wconf 79' lang='grc' dir='ltr'>ταῦτα</span> <span class='ocrx_word' id='word_1_686' title='bbox 2477 4942 2652 5015; x_wconf 86' lang='grc' dir='ltr'>χρεὼν</span> <span class='ocrx_word' id='word_1_687' title='bbox 2681 4945 2746 4996; x_wconf 87' lang='grc' dir='ltr'>ὲκ</span> <span class='ocrx_word' id='word_1_688' title='bbox 2774 4943 2974 5007; x_wconf 73' lang='grc' dir='ltr'>παντδς</span> <span class='ocrx_word' id='word_1_689' title='bbox 2996 4943 3198 5012; x_wconf 84' lang='grc' dir='ltr'>τρόπου</span> <span class='ocrx_word' id='word_1_690' title='bbox 3217 4942 3386 5013; x_wconf 80' lang='grc' dir='ltr'>τιμᾷν</span> <span class='ocrx_word' id='word_1_691' title='bbox 3419 4939 3584 5002; x_wconf 84' lang='grc' dir='ltr'>ὁσίως</span> <span class='ocrx_word' id='word_1_692' title='bbox 3610 4941 3710 4992; x_wconf 75' lang='grc' dir='ltr'><strong>καὶ</strong></span> <span class='ocrx_word' id='word_1_693' title='bbox 3743 4957 3832 4992; x_wconf 77' lang='grc' dir='ltr'>τα·</span> 
     </span>
    </p>
   </div>
   <div class='ocr_carea' id='block_1_96' title="bbox 2250 5032 3831 5108">
    <p class='ocr_par' dir='ltr' id='par_1_96' title="bbox 2250 5032 3831 5108">
     <span class='ocr_line' id='line_1_96' title="bbox 2250 5032 3831 5108; baseline -0.037 24"><span class='ocrx_word' id='word_1_694' title='bbox 2250 5038 2357 5108; x_wconf 66' lang='grc' dir='ltr'><strong>φῆς</strong></span> <span class='ocrx_word' id='word_1_695' title='bbox 2407 5037 2590 5104; x_wconf 61' lang='grc' dir='ltr'>ἀξιοῦν</span> <span class='ocrx_word' id='word_1_696' title='bbox 2637 5036 2730 5090; x_wconf 46' lang='grc' dir='ltr'>καὶ</span> <span class='ocrx_word' id='word_1_697' title='bbox 2782 5037 3004 5108; x_wconf 78' lang='grc' dir='ltr'>μνήμης</span> <span class='ocrx_word' id='word_1_698' title='bbox 3060 5035 3412 5106; x_wconf 77' lang='grc' dir='ltr'>ἀειμνήστου,</span> <span class='ocrx_word' id='word_1_699' title='bbox 3457 5032 3597 5087; x_wconf 78' lang='grc' dir='ltr'>ἀλλὰ</span> <span class='ocrx_word' id='word_1_700' title='bbox 3651 5037 3751 5087; x_wconf 67' lang='grc' dir='ltr'>καὶ</span> <span class='ocrx_word' id='word_1_701' title='bbox 3773 5035 3831 5085; x_wconf 51' lang='grc' dir='ltr'><strong>τὰ</strong></span> 
     </span>
    </p>
   </div>
   <div class='ocr_carea' id='block_1_97' title="bbox 2251 5126 3832 5200">
    <p class='ocr_par' dir='ltr' id='par_1_97' title="bbox 2251 5126 3832 5200">
     <span class='ocr_line' id='line_1_97' title="bbox 2251 5126 3832 5200; baseline -0.002 -16"><span class='ocrx_word' id='word_1_702' title='bbox 2251 5130 2415 5184; x_wconf 85' lang='grc' dir='ltr'>τέκνα</span> <span class='ocrx_word' id='word_1_703' title='bbox 2443 5130 2648 5184; x_wconf 85' lang='grc' dir='ltr'>τούτων</span> <span class='ocrx_word' id='word_1_704' title='bbox 2670 5130 2762 5184; x_wconf 71' lang='grc' dir='ltr'>καὶ</span> <span class='ocrx_word' id='word_1_705' title='bbox 2792 5131 2892 5192; x_wconf 83' lang='grc' dir='ltr'>τὰς</span> <span class='ocrx_word' id='word_1_706' title='bbox 2915 5129 3164 5200; x_wconf 81' lang='grc' dir='ltr'>γαμετὰς</span> <span class='ocrx_word' id='word_1_707' title='bbox 3194 5129 3290 5182; x_wconf 72' lang='grc' dir='ltr'>καὶ</span> <span class='ocrx_word' id='word_1_708' title='bbox 3317 5128 3443 5191; x_wconf 84' lang='grc' dir='ltr'>τοὺς</span> <span class='ocrx_word' id='word_1_709' title='bbox 3469 5126 3626 5190; x_wconf 84' lang='grc' dir='ltr'>ὅλους</span> <span class='ocrx_word' id='word_1_710' title='bbox 3652 5127 3832 5191; x_wconf 76' lang='grc' dir='ltr'>οἷκους</span> 
     </span>
    </p>
   </div>
   <div class='ocr_carea' id='block_1_98' title="bbox 2251 5217 3832 5295">
    <p class='ocr_par' dir='ltr' id='par_1_98' title="bbox 2251 5217 3832 5295">
     <span class='ocr_line' id='line_1_98' title="bbox 2251 5217 3832 5295; baseline -0.001 -19"><span class='ocrx_word' id='word_1_711' title='bbox 2251 5223 2430 5276; x_wconf 86' lang='grc' dir='ltr'>αὐτῶν</span> <span class='ocrx_word' id='word_1_712' title='bbox 2484 5222 2602 5276; x_wconf 78' lang='grc' dir='ltr'>δέον</span> <span class='ocrx_word' id='word_1_713' title='bbox 2647 5223 2744 5293; x_wconf 76' lang='grc' dir='ltr'>τῆς</span> <span class='ocrx_word' id='word_1_714' title='bbox 2797 5222 2950 5295; x_wconf 76' lang='grc' dir='ltr'>παρὰ</span> <span class='ocrx_word' id='word_1_715' title='bbox 3007 5221 3101 5274; x_wconf 90' lang='grc' dir='ltr'><strong>σοῦ</strong></span> <span class='ocrx_word' id='word_1_716' title='bbox 3150 5220 3404 5291; x_wconf 81' lang='grc' dir='ltr'>προνοίας</span> <span class='ocrx_word' id='word_1_717' title='bbox 3443 5217 3832 5288; x_wconf 79' lang='grc' dir='ltr'>ἀπολαύειν,ὦ</span> 
     </span>
    </p>
   </div>
   <div class='ocr_carea' id='block_1_99' title="bbox 2252 5308 3830 5384">
    <p class='ocr_par' dir='ltr' id='par_1_99' title="bbox 2252 5308 3830 5384">
     <span class='ocr_line' id='line_1_99' title="bbox 2252 5308 3830 5384; baseline -0.003 -17"><span class='ocrx_word' id='word_1_718' title='bbox 2252 5313 2547 5384; x_wconf 82' lang='grc' dir='ltr'>στρατηγὲ,</span> <span class='ocrx_word' id='word_1_719' title='bbox 2595 5313 2690 5366; x_wconf 74' lang='grc' dir='ltr'><strong>καὶ</strong></span> <span class='ocrx_word' id='word_1_720' title='bbox 2740 5311 3057 5384; x_wconf 76' lang='grc' dir='ltr'>ἐπιμελείας</span> <span class='ocrx_word' id='word_1_721' title='bbox 3114 5308 3619 5379; x_wconf 53' lang='grc' dir='ltr'>καὶιάντιλήψεως.</span> <span class='ocrx_word' id='word_1_722' title='bbox 3651 5309 3830 5372; x_wconf 77' lang='grc' dir='ltr'>οὕτως</span> 
     </span>
    </p>
   </div>
   <div class='ocr_carea' id='block_1_100' title="bbox 2253 5401 3830 5477">
    <p class='ocr_par' dir='ltr' id='par_1_100' title="bbox 2253 5401 3830 5477">
     <span class='ocr_line' id='line_1_100' title="bbox 2253 5401 3830 5477; baseline -0.004 -17"><span class='ocrx_word' id='word_1_723' title='bbox 2253 5406 2360 5476; x_wconf 85' lang='grc' dir='ltr'>γὰρ</span> <span class='ocrx_word' id='word_1_724' title='bbox 2387 5407 2435 5458; x_wconf 90' lang='grc' dir='ltr'><strong>οί</strong></span> <span class='ocrx_word' id='word_1_725' title='bbox 2467 5404 2796 5477; x_wconf 88' lang='grc' dir='ltr'>στρατιῶται</span> <span class='ocrx_word' id='word_1_726' title='bbox 2860 5405 2953 5458; x_wconf 76' lang='grc' dir='ltr'>καὶ</span> <span class='ocrx_word' id='word_1_727' title='bbox 3012 5402 3237 5474; x_wconf 69' lang='grc' dir='ltr'>εὔψυχοι</span> <span class='ocrx_word' id='word_1_728' title='bbox 3263 5404 3359 5456; x_wconf 69' lang='grc' dir='ltr'>καὶ</span> <span class='ocrx_word' id='word_1_729' title='bbox 3394 5401 3666 5473; x_wconf 81' lang='grc' dir='ltr'>πρόθυμοι</span> <span class='ocrx_word' id='word_1_730' title='bbox 3699 5405 3830 5473; x_wconf 61' lang='grc' dir='ltr'>πρὲις</span> 
     </span>
    </p>
   </div>
   <div class='ocr_carea' id='block_1_101' title="bbox 2252 5497 3828 5570">
    <p class='ocr_par' dir='ltr' id='par_1_101' title="bbox 2252 5497 3828 5570">
     <span class='ocr_line' id='line_1_101' title="bbox 2252 5497 3828 5570; baseline -0.003 -19"><span class='ocrx_word' id='word_1_731' title='bbox 2252 5499 2380 5562; x_wconf 80' lang='grc' dir='ltr'>τοὺς</span> <span class='ocrx_word' id='word_1_732' title='bbox 2438 5498 2768 5570; x_wconf 80' lang='grc' dir='ltr'>πολεμικοὺς</span> <span class='ocrx_word' id='word_1_733' title='bbox 2827 5497 3107 5559; x_wconf 88' lang='grc' dir='ltr'>κινδύνους</span> <span class='ocrx_word' id='word_1_734' title='bbox 3141 5497 3483 5568; x_wconf 82' lang='grc' dir='ltr'>γενήσονται,</span> <span class='ocrx_word' id='word_1_735' title='bbox 3511 5497 3569 5550; x_wconf 83' lang='grc' dir='ltr'><strong>ὲν</strong></span> <span class='ocrx_word' id='word_1_736' title='bbox 3603 5497 3828 5558; x_wconf 82' lang='grc' dir='ltr'>ἐκείνοις</span> 
     </span>
    </p>
   </div>
   <div class='ocr_carea' id='block_1_102' title="bbox 555 5586 3330 5664">
    <p class='ocr_par' dir='ltr' id='par_1_102' title="bbox 555 5586 3330 5664">
     <span class='ocr_line' id='line_1_102' title="bbox 555 5586 3330 5664; baseline 0.003 -26"><span class='ocrx_word' id='word_1_737' title='bbox 555 5586 855 5657; x_wconf 68' lang='grc' dir='ltr'>βλέποντες</span> <span class='ocrx_word' id='word_1_738' title='bbox 887 5588 940 5644; x_wconf 80' lang='grc' dir='ltr'><strong>τί</strong></span> <span class='ocrx_word' id='word_1_739' title='bbox 979 5589 1160 5652; x_wconf 79' lang='grc' dir='ltr'>αὐτοῖς</span> <span class='ocrx_word' id='word_1_740' title='bbox 1200 5588 1542 5660; x_wconf 73' lang='grc' dir='ltr'>συμϐήσεται</span> <span class='ocrx_word' id='word_1_741' title='bbox 1567 5590 1706 5661; x_wconf 89' lang='grc' dir='ltr'><strong>μετά</strong></span> <span class='ocrx_word' id='word_1_742' title='bbox 1737 5591 1799 5646; x_wconf 81' lang='grc' dir='ltr'><strong>τδ</strong></span> <span class='ocrx_word' id='word_1_743' title='bbox 1832 5591 2002 5658; x_wconf 84' lang='grc' dir='ltr'>τέλος,</span> <span class='ocrx_word' id='word_1_744' title='bbox 2041 5590 2136 5646; x_wconf 77' lang='grc' dir='ltr'>ἐὰν</span> <span class='ocrx_word' id='word_1_745' title='bbox 2171 5590 2470 5663; x_wconf 89' lang='grc' dir='ltr'>προθύμως</span> <span class='ocrx_word' id='word_1_746' title='bbox 2497 5591 2915 5664; x_wconf 87' lang='grc' dir='ltr'>ἀριστεύσαντες</span> <span class='ocrx_word' id='word_1_747' title='bbox 2937 5589 3330 5659; x_wconf 75' lang='grc' dir='ltr'>ἀγωνίζωνται.</span> 
     </span>
    </p>
   </div>
   <div class='ocr_carea' id='block_1_103' title="bbox 2119 5682 2353 5740">
    <p class='ocr_par' dir='ltr' id='par_1_103' title="bbox 2119 5682 2353 5740">
     <span class='ocr_line' id='line_1_103' title="bbox 2119 5682 2353 5740; baseline 0 0"><span class='ocrx_word' id='word_1_748' title='bbox 2119 5682 2353 5740; x_wconf 68' lang='lat' dir='ltr'><strong>NOTAE.</strong></span> 
     </span>
    </p>
   </div>
   <div class='ocr_carea' id='block_1_104' title="bbox 633 5771 2148 5848">
    <p class='ocr_par' dir='ltr' id='par_1_104' title="bbox 633 5771 2148 5848">
     <span class='ocr_line' id='line_1_104' title="bbox 633 5771 2148 5848; baseline 0.001 -20"><span class='ocrx_word' id='word_1_749' title='bbox 633 5771 747 5848; x_wconf 66' lang='lat'><strong>(9.6)</strong></span> <span class='ocrx_word' id='word_1_750' title='bbox 790 5773 1171 5848; x_wconf 64' lang='lat' dir='ltr'><strong>’Eé‘qulac.</strong></span> <span class='ocrx_word' id='word_1_751' title='bbox 1203 5775 1416 5848; x_wconf 65' lang='lat' dir='ltr'><strong>Scribe,</strong></span> <span class='ocrx_word' id='word_1_752' title='bbox 1437 5775 1958 5848; x_wconf 63' lang='lat' dir='ltr'><strong>sﬁaotwpelag.}am</strong></span> <span class='ocrx_word' id='word_1_753' title='bbox 1987 5776 2148 5844; x_wconf 71' lang='grc' dir='ltr'>ἐξαυ-</span> 
     </span>
    </p>
   </div>
   <div class='ocr_carea' id='block_1_105' title="bbox 563 5845 2143 5971">
    <p class='ocr_par' dir='ltr' id='par_1_105' title="bbox 563 5845 2143 5971">
     <span class='ocr_line' id='line_1_105' title="bbox 563 5845 2143 5970; baseline 0.003 -73"><span class='ocrx_word' id='word_1_754' title='bbox 563 5845 789 5970; x_wconf 58' lang='grc' dir='ltr'>τιερρία,</span> <span class='ocrx_word' id='word_1_755' title='bbox 809 5857 895 5901; x_wconf 81' lang='lat' dir='ltr'><strong>est</strong></span> <span class='ocrx_word' id='word_1_756' title='bbox 917 5845 1197 5915; x_wconf 74' lang='lat' dir='ltr'><strong>Latinum,</strong></span> <span class='ocrx_word' id='word_1_757' title='bbox 1225 5846 1634 5904; x_wconf 69' lang='lat' dir='ltr'><strong>Ezwctoratio.</strong></span> <span class='ocrx_word' id='word_1_758' title='bbox 1652 5845 1794 5905; x_wconf 44' lang='lat' dir='ltr'><strong>&#39;Vide</strong></span> <span class='ocrx_word' id='word_1_759' title='bbox 1809 5847 2143 5904; x_wconf 71' lang='lat' dir='ltr'><strong>Glossarium</strong></span> 
     </span>
     <span class='ocr_line' id='line_1_106' title="bbox 565 5931 838 5971; baseline 0.007 -2"><span class='ocrx_word' id='word_1_760' title='bbox 565 5931 599 5970; x_wconf 91' lang='lat' dir='ltr'><strong>u</strong></span> <span class='ocrx_word' id='word_1_761' title='bbox 642 5931 666 5971; x_wconf 80' lang='grc' dir='ltr'><strong>ε</strong></span> <span class='ocrx_word' id='word_1_762' title='bbox 695 5931 838 5971; x_wconf 89' lang='lat' dir='ltr'><strong>rum.</strong></span> 
     </span>
    </p>
   </div>
   <div class='ocr_carea' id='block_1_106' title="bbox 2331 5774 3334 5848">
    <p class='ocr_par' dir='ltr' id='par_1_106' title="bbox 2331 5774 3334 5848">
     <span class='ocr_line' id='line_1_107' title="bbox 2331 5774 3334 5848; baseline -0.005 -14"><span class='ocrx_word' id='word_1_763' title='bbox 2331 5778 2445 5848; x_wconf 64' lang='grc' dir='ltr'>(ετ)</span> <span class='ocrx_word' id='word_1_764' title='bbox 2494 5779 2638 5834; x_wconf 82' lang='grc' dir='ltr'><strong>Ἐὰν</strong></span> <span class='ocrx_word' id='word_1_765' title='bbox 2665 5778 2793 5846; x_wconf 79' lang='grc' dir='ltr'>δέη.</span> <span class='ocrx_word' id='word_1_766' title='bbox 2833 5775 3043 5841; x_wconf 88' lang='lat' dir='ltr'><strong>Scribe,</strong></span> <span class='ocrx_word' id='word_1_767' title='bbox 3064 5774 3168 5848; x_wconf 55' lang='lat' dir='ltr'><strong>tan;</strong></span> <span class='ocrx_word' id='word_1_768' title='bbox 3185 5775 3247 5830; x_wconf 78' lang='grc' dir='ltr'>δὲ</span> <span class='ocrx_word' id='word_1_769' title='bbox 3265 5775 3334 5848; x_wconf 15' lang='grc' dir='ltr'><strong>γη.</strong></span> 
     </span>
    </p>
   </div>
   <div class='ocr_carea' id='block_1_107' title="bbox 2320 5845 3364 5924">
    <p class='ocr_par' dir='ltr' id='par_1_107' title="bbox 2320 5845 3364 5924">
     <span class='ocr_line' id='line_1_108' title="bbox 2320 5845 3364 5924; baseline -0.002 -18"><span class='ocrx_word' id='word_1_770' title='bbox 2320 5845 2436 5924; x_wconf 67' lang='lat'><strong>(28)</strong></span> <span class='ocrx_word' id='word_1_771' title='bbox 2479 5850 2768 5920; x_wconf 72' lang='grc' dir='ltr'>Ἀλογίαν.</span> <span class='ocrx_word' id='word_1_772' title='bbox 2807 5848 3018 5918; x_wconf 85' lang='lat' dir='ltr'><strong>Scribe,</strong></span> <span class='ocrx_word' id='word_1_773' title='bbox 3053 5845 3364 5916; x_wconf 78' lang='grc' dir='ltr'>ἀναλογίαν.</span> 
     </span>
    </p>
   </div>
  </div>
