3968 6308
139 443 291 514 Ῑθ33

1183 451 1522 512 TACTICA.
1563 475 1632 485 -·-
1667 449 2173 512 CONSTITUTIO
2211 448 2339 509 XX.

3263 438 3412 509 ποτε

199 574 305 638 ογ’.
362 567 722 640 Παρασκευῆς
759 567 858 640 τῆς
888 569 944 623 ὲν
975 568 1234 640 πολέμοις
1285 571 1611 641 ὀφειλούσης
1645 571 1722 643 μὴ

1903 567 1989 621 73.
2023 565 2098 621 Ea
2123 577 2244 636 (μιαί
2297 561 2367 618 ad
2415 559 2621 616 bellum
2659 555 2938 631 pertinent
2962 554 3139 613 hieme
3168 557 3415 627 parabis,

123 659 347 731 ἀμέλει,
398 653 451 723 ὦ,
510 661 804 732 στρατηγὲ,
865 661 1006 716 κατὰ
1050 662 1143 716 τὸν
1196 662 1393 734 καιρὸν
1454 661 1551 716 τοῦ
1606 680 1718 734 χειο

125 754 352 823 μῶνος·
399 754 488 808 ἵνα
541 753 637 808 τοῦ
686 754 848 828 ἔαρος
896 756 1282 828 ἐπιγινομένου
1333 758 1719 828 ἀνυστερήτως

123 847 224 899 καὶ
260 845 668 917 ἀνεμποδίστως
687 847 786 918 τὴν
813 851 1104 922 στρατείαν
1132 851 1363 922 ἐξείπῃς,

197 937 298 993 Οδό
339 938 578 1010 Ῥήμασι
611 939 913 1011 πειθηνίοις
936 941 1116 1012 ὁμίλει
1176 943 1418 1014 συνεχῶς
1456 942 1534 1014 τῷ
1579 944 1720 1016 πλήσ

123 1031 209 1085 θει
260 1030 372 1086 τῶν
433 1035 802 1104 στρατιωτῶν,
860 1033 1002 1088 ὥστε
1053 1038 1300 1106 ὁμονοεῖν
1332 1037 1533 1100 αὐτοὺς
1563 1039 1622 1091 ὲν
1642 1037 1721 1110 τῷ

123 1123 310 1196 καιρῷ
337 1124 439 1194 τῆς
498 1126 703 1196 μάχης,
759 1127 856 1180 καὶ
911 1127 1144 1196 φιλικῶς
1178 1130 1378 1194 αὐτοὺς
1414 1130 1720 1186 διακεῖσθαι

125 1216 443 1289 ὲπιτήδευε,
493 1218 580 1272 ἵνα
608 1217 782 1289 ἡδέως
822 1219 965 1292 ὑπὲρ
1021 1221 1268 1294 ἀλλήλων
1309 1224 1725 1294 συναγωνιζων·

119 1327 239 1364 ται.

202 1408 300 1459 os‘.
330 1404 502 1460 Ὅταν
544 1405 822 1479 δημοσίως
862 1406 1183 1480 παρατάξῃς
1223 1407 1536 1480 σύμμικτον
1562 1426 1724 1482 στρα-

121 1497 238 1562 τὸν,
274 1497 447 1570 ἤγουν
498 1498 684 1565 πεζῶν
735 1501 871 1572 ὁμοῦ
907 1501 1003 1554 καὶ
1039 1500 1445 1572 καϐαλλαρίων,
1468 1503 1597 1568 τοὺς
1622 1504 1723 1576 μὲν

123 1590 331 1656 πεζοὺς
372 1591 506 1646 δέκα
541 1591 602 1646 τὸ
637 1591 822 1663 βάθος,
886 1593 1054 1665 ἤγουν
1104 1595 1200 1648 ἐπὶ
1256 1594 1391 1649 δέκα
1443 1597 1504 1648 τὺ
1553 1596 1726 1668 πάχος

123 1684 383 1754 ποιήσεις
438 1686 567 1751 τοὺς
616 1686 860 1759 ὀρδίνους
881 1703 896 1719 θ
951 1687 1077 1752 τοὺς
1109 1687 1166 1742 δὲ
1195 1689 1604 1761 καϐαλλαρίους
1637 1691 1728 1744 έκ-

130 1777 322 1845 τάξεις
380 1778 571 1854 ὥσπερ
638 1779 733 1836 δύο
787 1780 996 1853 κέρατα
1025 1781 1178 1838 ἔνθεν
1209 1781 1464 1838 κάκεῖθεν
1491 1783 1596 1856 πρὸ
1624 1785 1725 1855 τῆς

125 1871 520 1944 παρατάξεως.

1831 666 1890 712 ut
1915 672 2042 713 vere
2079 657 2304 712 ineunte
2338 653 2489 708 nulla
2535 667 2593 708 rc
2645 649 2894 708 delectus
2918 692 2934 720 ,
2969 657 3066 705 aut
3115 650 3415 708 destitutus

1830 752 2077 824 praelium
2111 751 2253 808 inire
2286 748 2488 822 possis.

1901 962 1989 1018 74.
2033 961 2291 1016 Oratione
2335 957 2536 1014 blanda
2567 971 2633 1012 ac
2692 955 2927 1026 benigna
2962 952 3165 1011 milites
3197 967 3420 1024 semper

1829 1052 2152 1124 appellabis,
2185 1062 2238 1107 et
2268 1049 2654 1107 exbortaberis
2693 1057 2754 1105 ut
2783 1048 2928 1103 inter
2956 1061 3015 1102 se
3041 1046 3412 1109 consentiant,

1828 1156 1883 1202 et
1913 1147 2177 1202 benevolo
2207 1145 2394 1200 animo
2419 1151 2535 1199 toto
2567 1142 2674 1198 hoc
2705 1141 2880 1213 praelii
2911 1149 3160 1214 tempore
3186 1140 3329 1196 inter
3354 1152 3416 1195 se

1829 1241 1961 1308 sint,
1997 1248 2056 1298 ut
2090 1240 2329 1296 alacrius
2357 1253 2416 1295 se
2440 1245 2633 1293 mutuo
2661 1233 2979 1292 defendant.

1902 1419 1990 1476 75.
2038 1417 2142 1475 Ubi
2191 1417 2464 1491 publicam
2511 1415 2752 1487 aliquam
2799 1413 2974 1470 aciem
3005 1420 3062 1470 et
3093 1409 3416 1484 permistam

1826 1529 1896 1570 ex
1928 1514 2174 1585 equitatu
2205 1505 2537 1583 et'peditatu
2569 1507 2803 1566 instruis
2829 1549 2844 1575 ,
2885 1505 3184 1578 peditatum
3216 1505 3281 1560 ad
3323 1503 3411 1560 de-

1830 1622 1948 1663 cem
1980 1608 2224 1661 virorum
2260 1603 2604 1660 altitudinem
2631 1617 2729 1673 per
2753 1598 3115 1657 contubernia
3149 1597 3415 1661 instrues,

1830 1701 2044 1771 equites
2083 1705 2263 1754 autem
2321 1696 2482 1767 quasi
2516 1695 2628 1752 duo
2662 1709 2871 1751 cornua
2900 1693 3030 1750 hinc
3060 1699 3226 1763 atque
3265 1690 3418 1748 illinc

1833 1791 2076 1864 peditum
2109 1788 2428 1846 collocabis.

194 1938 305 2030 ος’.
360 1967 688 2038 Σρατιωτῶν
728 1970 994 2039 γενναίων
1021 1970 1318 2042 δοκιμασία
1360 1970 1591 2042 γίνεται,
1625 1971 1722 2026 ἐὰν

1900 1965 2004 2032 76.
2034 1976 2279 2048 Spectati
2327 1973 2530 2030 milites
2582 1975 2692 2028 hoc
2733 1969 2898 2026 modo
2952 1967 3333 2041 explorantur,
3369 1965 3420 2024 si

121 2059 470 2128 ἀγνοούντων
530 2061 710 2116 αὐτῶν
769 2063 963 2135 ἀθρόον
991 2063 1198 2118 κτύπον
1235 2064 1378 2130 τινὰ,
1420 2067 1539 2130 ἦτοι
1585 2061 1724 2137 ἦχον

123 2155 301 2223 μέγαν
333 2153 368 2224 ἦ
402 2156 712 2226 τυμπάνου,
747 2157 779 2227 ἢ
814 2157 1004 2228 ἑτέρου
1057 2157 1203 2221 τινὸς
1242 2156 1499 2222 ἐξαισίου,
1558 2175 1725 2229 προσ-

116 2247 291 2320 φέρῃς
360 2250 785 2321 ἀπροσδοκήτως
815 2268 828 2283 ·
868 2252 932 2304 τό
989 2268 1048 2304 τε
1096 2251 1206 2324 γὰρ
1243 2252 1369 2316 τοὺς
1421 2252 1496 2324 μὴ
1555 2269 1727 2305 κατα-

119 2340 562 2413 πλησσομένους,
615 2341 731 2396 ἀλλ’
775 2344 1154 2415 ἀτρεμοῦντας
1186 2345 1324 2417 πρὸς
1371 2345 1465 2401 τὸν
1486 2347 1726 2412 ἐξαίσιον

117 2433 357 2501 κτύπον,
418 2434 644 2505 ὲκλέγου
697 2434 772 2499 ὡς
825 2435 1121 2507 σταθεροὺς
1172 2437 1266 2490 καὶ
1329 2437 1633 2510 ἀνδρείους,
1665 2438 1728 2505 ἐξ

117 2520 190 2581 ὧν
226 2528 320 2581 καὶ
370 2528 641 2599 ἄρχοντας
663 2532 1055 2602 καταστήσεις.

187 2621 282 2688 οζν.
321 2623 496 2677 Κατὰ
546 2623 638 2677 τὸν
693 2624 882 2695 καιρδν
943 2625 1037 2679 τοῦ
1099 2625 1338 2697 πολέμου
1389 2629 1471 2681 δεῖ
1507 2627 1609 2697 μὲν
1634 2627 1724 2680 eo-

120 2714 220 2785 κάς
256 2715 410 2784 πρὸς
440 2715 574 2769 Θεὸν
627 2716 1061 2782 καταϐαλέσθαι,
1109 2719 1206 2774 καὶ
1256 2717 1552 2790 σύμμαχον
1582 2719 1729 2772 έκεῖ-

121 2825 207 2862 νον
254 2808 474 2874 καλεῖν,
515 2808 590 2880 μὴ
641 2808 826 2879 μέντοι
871 2808 982 2864 τῶν
1035 2811 1417 2882 προκειμένων
1493 2809 1724 2880 ἀγώνων

123 2900 484 2972 καταμελεῖν,
514 2901 547 2972 ἢ
582 2901 692 2955 τῶν
727 2901 1094 2973 ὀφειλομένων
1131 2901 1384 2975 πράξεων
1415 2903 1729 2972 κατολιγω-

126 2994 258 3063 ρεῖν.
311 2992 432 3048 Σὺν
478 2991 598 3064 Θεῷ
647 2993 760 3065 γὰρ
803 2993 887 3047 δεῖ
940 2996 1037 3048 καὶ
1084 2997 1186 3060 τὰς
1230 2997 1421 3068 χεῖρας
1457 2995 1730 3060 σαλεύειν,

123 3087 214 3140 καὶ
262 3085 337 3150 ὡς
391 3085 600 3159 ὄργανα
642 3088 906 3160 παρέχειν
969 3088 1375 3159 ὑπηρετοῦντα.
1434 3086 1576 3143 Οὔτε
1620 3088 1732 3162 γὰρ

121 3179 337 3252 τοξότης
412 3179 509 3236 ἐὰν
561 3180 636 3253 μὴ
685 3181 817 3254 ῥίψῃ
871 3182 934 3237 τὸ
983 3182 1139 3254 βέλος
1191 3182 1518 3255 εὐστοχήσει
1574 3185 1730 3249 ποτὲ,

1826 2069 2268 2140 imprudentibus
2319 2067 2447 2132 illis,
2497 2080 2672 2123 sonus
2702 2065 2950 2136 quidam,
3017 2079 3082 2120 ac
3129 2063 3418 2133 strepitus,

1826 2163 1911 2219 vel
1943 2160 2208 2235 tympani,
2229 2161 2314 2217 vel
2346 2160 2574 2216 ulterius
2641 2173 2797 2214 novae
2837 2164 3004 2228 atque
3051 2155 3313 2212 inauditae
3341 2156 3425 2211 rei

1827 2255 1896 2310 de
1949 2254 2247 2324 improviso
2295 2258 2575 2323 personet.
2633 2249 2743 2306 Eos
2794 2249 2942 2305 enim
3007 2249 3099 2320 qui
3163 2245 3420 2317 intrepidi

1829 2355 1978 2414 sunt,
2009 2362 2186 2417 neque
2215 2347 2280 2401 ad
2327 2346 2474 2401 hunc
2533 2343 2777 2400 sonitum
2830 2349 3225 2413 expavescunt,
3261 2339 3422 2411 quasi

1829 2438 2055 2495 stabiles
2097 2437 2376 2509 fortesque
2436 2436 2632 2508 eliges,
2668 2441 2721 2492 et
2750 2432 3043 2506 praefectos
3076 2449 3142 2490 ex
3176 2433 3287 2488 illis
3326 2430 3422 2488 de-

1831 2533 1989 2603 liges.

1901 2625 1991 2681 77.
2034 2623 2192 2681 lnitio
2237 2623 2366 2681 belli
2402 2639 2593 2694 preces
2629 2623 2739 2680 Deo
2771 2622 3095 2678 adhibendae
3129 2630 3290 2690 sunt,
3325 2620 3422 2678 ads

1823 2720 2091 2791 .jutorque
2138 2717 2480 2775 iuvocandus
2527 2728 2633 2782 est,
2671 2725 2732 2772 ut
2768 2731 2838 2773 ne
2879 2716 2934 2771 in
2965 2714 3287 2772 discrimina
3321 2714 3425 2770 ali-

1831 2826 1938 2882 qua
1986 2810 2334 2878 delabantur,
2385 2819 2476 2866 aut
2536 2809 2745 2883 aliquid
2803 2809 2948 2881 quod
3007 2808 3154 2864 facto
3184 2823 3324 2879 opus
3353 2807 3426 2863 sit

1835 2907 2275 2978 praetermittam.
2328 2903 2464 2961 Nam
2511 2905 2624 2962 Deo
2681 2905 2942 2976 propitio,
2984 2919 3180 2960 manus
3229 2903 3423 2958 admo-

1833 2999 2024 3055 vendae
2051 2997 2120 3055 ad
2154 3015 2241 3056 res
2270 2999 2512 3070 agendas
2542 3007 2710 3066 sunt,
2753 3005 2810 3052 et
2843 2996 3002 3068 quasi
3057 2996 3425 3052 instrumenta

1834 3093 2174 3161 obedientia,
2205 3106 2437 3163 corpora
2477 3100 2665 3148 nostra
2705 3090 2996 3162 praebenda
3047 3095 3199 3146 sunt.
3235 3085 3424 3160 Neque

1835 3187 1980 3243 enim
2011 3187 2105 3257 qui
2132 3202 2241 3270 non
2274 3195 2478 3252 manet,
2530 3185 2626 3242 sed
2673 3184 2833 3258 fugit,
2877 3185 3061 3242 hostes
3090 3182 3376 3254 superabit
3406 3200 3422 3236 :

123 3272 242 3329 οὔτε
269 3275 298 3330 δ
326 3273 416 3346 μὴ
445 3273 641 3346 μένων,
703 3275 840 3329 ἀλλά
888 3275 1128 3346 φεύγων,
1193 3278 1463 3348 κρατήσει
1491 3276 1602 3330 τῶν
1632 3280 1722 3348 ὲχ-

1849 3297 2014 3353 neque
2045 3281 2142 3352 qui
2190 3296 2304 3338 rem
2338 3296 2448 3336 non
2479 3280 2716 3350 inceptat
2740 3323 2754 3347 ,
2789 3278 3102 3334 fortunatus
3141 3276 3275 3342 erit,
3325 3274 3426 3331 sed

126 3368 288 3439 θρῶν,
345 3367 484 3422 οὔτε
535 3368 724 3432 ὄλωςὸ
750 3368 825 3440 μὴ
856 3369 1112 3442 πράξεως
1167 3368 1479 3441 ἀρξάμενος
1518 3369 1731 3440 εὐπρα-

125 3461 310 3532 γήσειο
385 3460 500 3516 ἀλλ’
556 3460 815 3533 εὔχεσθαι
872 3461 971 3532 μὲν
1027 3461 1109 3516 δεῖ
1151 3462 1254 3533 τὴν
1313 3461 1472 3534 νίκην
1522 3462 1717 3518 λαϐεῖν

125 3553 216 3610 τοῦ
253 3554 502 3627 πολέμου
539 3554 692 3628 παρὰ
737 3554 896 3621 Θεοῦ,
933 3555 1070 3628 ὁμοῦ
1104 3554 1162 3608 δὲ
1190 3555 1284 3609 καὶ
1308 3555 1378 3610 τὰ
1405 3553 1550 3610 ὅπλα
1593 3572 1732 3610 κατ-

128 3649 289 3722 έχειν.
335 3649 462 3705 Καὶ
517 3648 825 3722 μαχόμενον
881 3647 1174 3721 σύμμαχον
1231 3647 1618 3704 ὲπικαλεῖαθαι
1670 3647 1736 3703 τὸ

130 3747 300 3803 Θείον.

200 3837 301 3911 οη’.
351 3835 501 3892 ’Υπύ
555 3854 700 3902 τινος
759 3835 1050 3908 συνηθείας
1108 3834 1371 3900 πολλάκις
1421 3834 1450 3889 ὁ
1505 3836 1732 3908 στρατὸς

140 3932 246 3986 ἀπὸ
303 3950 365 3986 συ
379 3930 594 4003 μϐὄλων
625 3930 660 4002 ἢ
705 3931 948 4001 σημείων
989 3930 1151 3983 τινῶν
1194 3930 1276 3994 εἰς
1313 3929 1514 3983 δειλίαν
1571 3930 1732 3983 εἴωθε

140 4021 462 4095 τρέπεσθαι,
527 4023 640 4077 ἀλλ’
687 4024 871 4077 εῖποτε
933 4019 1174 4076 τοιοῦτόν
1213 4039 1266 4075 τι
1313 4021 1571 4094 γένηται,
1609 4023 1735 4075 ἀνα-

143 4117 398 4190 ζητήσεις
467 4116 651 4185 αὐτὸς,
695 4117 791 4170 καὶ
821 4114 998 4188 εὑρὼν
1030 4115 1516 4186 ἁντιμεταλλάξεις
1551 4116 1734 4170 αὐτῶν

143 4210 241 4284 τὴν
265 4211 505 4266 διάνοιαν
543 4209 629 4264 διὰ
655 4210 753 4280 τῆς
806 4209 905 4280 σῆς
965 4208 1250 4279 ἀγχινοίας
1309 4207 1735 4280 μεθερμηνεύων

144 4299 214 4355 τὰ
237 4301 484 4374 σύμϐολα
537 4300 609 4364 ὡς
667 4298 974 4370 ἐνδέχεταιο
1022 4297 1116 4353 ῖνα
1159 4297 1230 4353 δι’
1284 4292 1359 4353 ὧν
1399 4301 1479 4362 εἰς
1529 4298 1736 4351 δειλίαν

147 4397 474 4463 κατέπεσον,
496 4396 584 4449 διὰ
606 4394 812 4448 τούτων
835 4395 914 4456 είς
940 4393 1142 4465 θάρσος
1171 4393 1368 4456 αὐτοὺς
1393 4393 1487 4448 καὶ
1514 4392 1736 4457 ἐλπίδας

148 4492 355 4562 ἀγαθὰς
393 4491 797 4563 διαναστήσεις.

218 4584 314 4656 οθῗ.
346 4585 525 4657 Νίκης
578 4581 956 4655 φημιζομένης
1015 4579 1430 4652 προθυμότερον
1464 4579 1600 4652 πρὸς
1628 4579 1731 4645 τὰς

1841 3372 2177 3457 precandum
2210 3383 2295 3430 est
2327 3381 2389 3429 ut
2415 3373 2702 3430 victoriam
2744 3371 2873 3427 belli
2915 3385 2944 3426 a
2979 3369 3087 3427 Deo
3117 3383 3426 3440 consequa-

1844 3482 1988 3530 mur,
2017 3471 2075 3520 ut
2114 3466 2286 3522 armis
2319 3465 2528 3523 nostris
2557 3474 2798 3530 utamur,
2821 3470 2876 3520 et
2910 3463 2964 3518 in
2992 3476 3173 3534 pugna
3208 3461 3426 3533 adjuto-

1843 3573 1957 3614 rem
1992 3557 2146 3615 illum
2171 3557 2495 3615 habeamus.

1913 3817 2004 3874 78.
2048 3816 2342 3889 Signorum
2376 3816 2742 3888 quorumdam
2773 3825 2828 3874 et
2859 3821 3240 3888 portentorum
3299 3829 3429 3888 spe.

1843 3923 1982 3978 ctra,
2020 3911 2221 3968 milites
2253 3911 2308 3966 in
2339 3911 2590 3967 timorem
2644 3911 2950 3982 conjiciunt
2981 3925 2997 3965 :
3033 3925 3156 3982 qua
3200 3909 3246 3966 si
3285 3925 3423 3965 con-

1843 4006 2076 4076 tingant,
2108 4005 2387 4077 exquires,
2437 4012 2491 4060 et
2530 4005 2648 4075 ipse
2682 4004 2921 4077 aliquid,
2953 4019 3062 4076 quo
3095 4003 3276 4075 possis
3304 4002 3427 4058 illo-

1844 4115 1965 4156 rum
2009 4108 2218 4156 mentes
2274 4099 2328 4155 in
2369 4103 2705 4157 contrariam
2749 4099 3076 4157 sententiam
3109 4103 3343 4162 vertere,
3373 4107 3429 4152 et

1845 4196 2100 4252 oratione
2148 4205 2240 4251 tua
2293 4197 2479 4268 aliquo
2513 4196 2791 4264 traduces,
2839 4203 2900 4252 ut
2930 4194 3132 4266 quibus
3162 4192 3330 4249 rebus
3369 4191 3426 4246 in

1845 4287 2016 4344 animi
2069 4287 2449 4344 dimissionem
2500 4287 2832 4353 inciderunt,
2883 4285 3083 4343 iisdem
3130 4284 3330 4341 iterum
3370 4281 3427 4339 in

1847 4381 2188 4436 alacritatem
2215 4391 2267 4436 et
2293 4395 2446 4452 spem
2477 4379 2677 4436 bonam
2708 4380 3009 4450 erigantur.

1920 4559 2008 4616 79.
2053 4559 2292 4615 Rumore
2353 4558 2420 4616 de
2469 4559 2704 4616 victoria
2762 4557 3006 4630 injecto,
3065 4557 3303 4616 alacrior
3360 4555 3430 4613 ad

153 4653 327 4747 μάχας
347 4679 408 4732 τὸ
439 4652 752 4749 στράτευμα
810 4652 1043 4744 γίνεται.
1091 4674 1217 4727 Ἐὰν
1281 4674 1462 4727 τοίνυν
1515 4674 1602 4728 διὰ
1636 4675 1731 4744 μὲν

1849 4656 2096 4727 praelium
2126 4654 2537 4725 suscipiendum
2564 4652 2843 4709 exercitus
2884 4653 3008 4709 erit.
3041 4652 3100 4709 Si
3131 4654 3298 4726 igitur
3333 4656 3431 4712 tali

150 4769 402 4844 τοιαύτης
459 4772 648 4842 φήμης
693 4769 892 4842 θάρσος
938 4767 1248 4840 ἐμποιήσῃς
1329 4769 1437 4832 τοῖς
1487 4766 1748 4839 στρατιὼ-

153 4877 272 4924 ταις
292 4877 304 4890 ·
345 4862 487 4933 μετά
536 4861 798 4932 εὐψυχίας
829 4860 888 4913 δὲ
919 4859 1013 4914 καὶ
1061 4859 1314 4928 ἀνδρείας
1345 4859 1621 4931 ἐπιμελῶς
1652 4861 1746 4929 ἐγ·

156 4956 416 5028 χειρήσῃς
463 4957 560 5026 τῆς
601 4955 805 5027 μάχης,
837 4953 1029 5018 ἔλπιζε
1089 4952 1184 5006 σὺν
1219 4951 1339 5024 Θεῷ
1369 4951 1471 5023 τὴν
1505 4951 1746 5024 φημιζο-

160 5045 326 5119 μένην
357 5050 513 5121 νίκην
550 5047 905 5120 παρέσεσθαι.

237 5138 312 5194 π’.
347 5143 457 5211 Τήν
484 5159 614 5195 ποτε
647 5142 756 5213 (29)
792 5143 986 5215 καιρὸς
1007 5145 1118 5208 ὅτε,
1163 5137 1408 5194 Σκιπίων
1445 5136 1742 5210 Ῥωμαίων

161 5233 332 5305 ᾑρέθη
357 5235 463 5290 ἀπὸ
484 5235 668 5306 ψήφου
727 5236 916 5306 κοινῆς
942 5235 1266 5307 στρατηγὸς,
1299 5237 1394 5289 καὶ
1423 5232 1641 5304 ἡλικίας
1674 5225 1744 5304 ἦν

161 5325 298 5378 ἑτῶν
339 5329 447 5382 τῶν
497 5329 874 5383 ὀκτωκαίδεκα
922 5327 1309 5402 στρατηγικῶν
1358 5325 1751 5396 ἀπαρχόμενος

163 5417 360 5487 ἔργων.
415 5420 668 5493 Παρευθὺ
699 5421 754 5475 δὲ
778 5421 878 5492 τῆς
903 5421 1079 5493 ἀρχῆς
1106 5421 1392 5475 ἐκέλευσεν
1415 5419 1747 5489 ἀποπέμπε-

167 5510 292 5564 σθαι
339 5513 434 5566 τοῦ
484 5513 720 5583 στρατοῦ
771 5512 1117 5585 κραϐϐἀτους
1171 5513 1268 5566 καὶ
1325 5509 1604 5584 τραπέζας
1649 5509 1746 5566 καὶ

166 5600 394 5675 διάφορα
423 5605 747 5676 ἐκπώματα,
775 5607 869 5660 καὶ
898 5606 966 5660 τὰ
998 5605 1134 5660 ἄλλα
1168 5606 1338 5676 σκεύη
1374 5606 1574 5669 πάντα,
1606 5603 1744 5676 πλὴν

167 5693 371 5767 χύτρας
402 5701 629 5770 χαλκῆς,
659 5698 752 5754 καὶ
778 5698 1025 5752 σουϐλίου
1057 5695 1301 5771 σιδηροῦ,
1331 5697 1428 5752 καὶ
1458 5697 1741 5769 ποτηρίου,

170 5789 277 5852 τοῖς
305 5789 486 5862 έχουσι
515 5792 626 5866 (30)
655 5794 774 5864 μὲν,
809 5793 1075 5866 ἀργυροῦ,
1125 5793 1236 5856 τοῖς
1287 5791 1333 5846 δ’
1361 5791 1560 5859 ἄλλοις,
1603 5790 1751 5859 ξυλί-

1847 4767 2070 4806 rumore
2101 4751 2444 4806 alacritatem
2489 4749 2756 4805 militibus
2784 4749 3056 4816 attuleris,
3107 4758 3162 4805 et
3212 4748 3433 4808 fortiter

1845 4861 1910 4902 ac
1939 4854 2161 4902 strenue
2197 4847 2249 4900 in
2275 4844 2476 4901 bellum
2509 4845 2794 4916 ingressus
2821 4842 3014 4907 fueris,
3050 4843 3251 4899 bonam
3277 4833 3432 4917 spem

1845 4939 1987 4997 habe
2013 4939 2251 5011 propitio
2285 4937 2393 4994 Deo
2425 4937 2712 4995 victoriam
2749 4936 3090 4994 adiuturam.

1921 5123 2011 5178 80.
2085 5121 2271 5193 Scipio
2318 5129 2500 5176 autem
2551 5119 2683 5175 olim
2730 5117 3000 5173 Romanis
3047 5118 3434 5175 communibus

1852 5216 2165 5288 sullragiis,
2222 5230 2347 5270 cum
2411 5213 2596 5268 decem
2640 5221 2696 5267 et
2745 5221 2870 5267 octo
2932 5226 3200 5266 annorum
3253 5222 3433 5272 esset,

1854 5311 2153 5382 imperator
2201 5309 2445 5365 delectus
2484 5317 2588 5363 est.
2629 5304 2792 5361 lnitio
2839 5313 3021 5360 autem
3077 5304 3435 5374 magistratus

1854 5405 1940 5462 sui
1964 5404 2133 5477 jussit
2155 5419 2348 5458 omnes
2388 5402 2640 5467 lectulos,
2675 5414 2921 5464 mensas,
2954 5398 3103 5453 varia
3139 5397 3353 5466 pocula,
3382 5405 3436 5452 et

1855 5499 2222 5570 reliquavasa
2252 5497 2435 5552 omnia
2470 5493 2990 5564 amandari,praeter
3015 5490 3180 5546 ollam
3204 5505 3434 5554 aeneam,

1855 5604 1909 5652 ct
1939 5594 2194 5651 subulam
2242 5590 2510 5656 ferream,
2543 5599 2598 5646 et
2640 5572 2898 5660 poculum
2938 5585 3059 5642 aliis
3095 5593 3434 5657 argenteum,

1855 5691 1979 5745 aliis
2013 5690 2275 5761 ligneum.
2296 5687 2369 5744 Ut
2397 5701 2526 5742 vero
2546 5699 2706 5742 nemo
2729 5684 2939 5739 lavaret
2965 5696 3044 5748 se,
3069 5689 3163 5735 aut
3181 5679 3290 5736 ullo
3313 5679 3434 5734 oleo

1862 5786 2170 5855 inungeret,
2222 5779 2522 5853 prmcepit:
2571 5789 2626 5835 ct
2669 5786 2728 5833 ut
2785 5791 2975 5832 omnes
3029 5773 3320 5830 obsonium
3378 5772 3433 5826 in

614 5891 617 5893 ’
1708 5881 1942 5942 ΝΟΤΛΕ.

247 5976 354 6051 (29)
395 5981 513 6054 Τήν
543 5998 708 6040 ποτε.
745 5981 1018 6049 Restituo,
1044 5976 1152 6039 Ἦν
1188 5999 1337 6038 ποτε.

1930 5974 2041 6046 (50)
2082 5970 2212 6040 Τοῖς
2238 5970 2471 6044 ἔχουσι.
2497 5965 2710 6039 Scribe,
2731 5966 2844 6031 τοῖς
2871 5964 3116 6038 ἄρχουσι.
