4036 6300
563 345 704 418 1039

1806 351 2086 415 LEONIS
2115 346 2578 412 PHILOSOPHI

3733 346 3846 412 toto
3960 329 3961 412 ζ

561 484 674 542 que
709 465 957 524 adversis
1011 465 1182 524 rebus
1213 465 1563 538 deprimaris.
1612 463 1804 538 Neque
1829 467 1976 524 enim
2009 467 2149 522 mol-

2270 460 2376 518 ὧτε
2405 465 2465 518 ὲν
2504 462 2628 526 ταῖς
2691 459 3058 533 δυσπραγίαις
3104 459 3495 516 καταπίπτειν.
3569 457 3720 523 Οὐδὲ
3763 461 3848 531 γὰρ

562 564 655 630 iis,
711 568 808 618 aut
848 561 1056 618 fractus
1118 561 1387 617 exercitui
1448 567 1544 618 tuo
1592 560 1767 619 videri
1831 562 2023 630 debes,
2053 563 2150 620 sed

566 659 830 710 constans
863 660 918 708 et
956 652 1160 724 gravis,
1189 660 1245 708 et
1302 652 1370 707 ad
1431 667 1649 709 onmem
1687 653 1965 710 fortunam
2006 655 2152 710 acci-

565 744 824 818 piendam
891 743 1075 802 fortis.
1149 742 1286 800 Nam
1334 746 1428 817 qui
1480 744 1642 804 facile
1708 747 1904 804 laetitia
1958 748 2148 820 gestit,

566 836 730 894 facile
755 837 921 892 etiam
947 836 1139 893 dolore
1166 837 1538 905 contrahitur,
1569 846 1624 894 et
1655 838 1972 910 ianguidine
1997 855 2150 896 men-

565 931 642 990 tis
697 929 1136 1003 edeminatatque
1170 933 1276 989 hoc
1307 947 1568 1004 magnum
1626 942 2010 1006 argumentum
2042 941 2147 991 est.

637 1023 730 1079 95.
783 1022 1064 1095 Quidquid
1111 1024 1536 1083 immoderatum
1579 1034 1686 1094 est,
1732 1027 1876 1083 haud
1911 1028 2152 1098 proban-

565 1115 699 1172 dum
755 1123 860 1173 est.
914 1115 1106 1189 Itaque
1157 1133 1338 1190 neque
1387 1118 1687 1175 admodum
1718 1120 1984 1177 terribilis
2015 1122 2153 1178 sub-

558 1209 726 1282 jectis
766 1211 899 1278 tuis,
936 1226 1119 1286 neque
1161 1211 1328 1269 nimis
1383 1210 1562 1270 facilis
1592 1213 1707 1270 sis:
1741 1221 1975 1287 utraque
2000 1215 2150 1271 enim

563 1305 750 1362 minus
785 1312 913 1376 apta
971 1304 1294 1376 imperatori
1364 1307 1418 1361 in
1456 1307 1702 1364 exercitu
1740 1315 1892 1365 sunt.
1946 1308 2151 1366 Multus

562 1398 713 1454 enim
769 1400 938 1455 timor
1007 1399 1200 1455 odium
1255 1400 1568 1470 ingenerat,
1653 1416 1856 1474 magna
1910 1401 2152 1460 facilitas

563 1499 941 1562 contemptum
969 1493 1146 1565 parit.
1184 1481 1486 1550 Moderatio
1521 1493 1693 1565 igitur
1719 1495 1971 1567 qnaadam
1996 1498 2153 1554 adhi-

560 1581 741 1641 benda
775 1589 880 1652 est,
927 1591 989 1639 ut
1019 1584 1078 1640 in
1119 1591 1411 1658 utramque
1443 1593 1657 1657 partem
1693 1589 2012 1646 moderatus
2040 1591 2142 1658 sis,

561 1689 744 1746 neque
767 1676 1036 1748 supplicia
1076 1676 1245 1736 nimis
1305 1679 1629 1751 crudeliter,
1663 1691 1830 1753 atque
1879 1683 2154 1743 iracunde

2257 556 2339 611 δεῖ
2359 573 2420 610 σε
2462 552 2706 610 τοιοῦτον
2756 553 2835 626 τῷ
2902 554 3277 628 στρατεύματι
3341 553 3851 624 φαίνεσθαι,·ἀλλά

2260 648 2521 721 σταθερὸν
2549 647 2658 714 ἀεὶ,
2688 648 2782 703 καὶ
2808 647 2946 721 πρὸς
2973 648 3043 702 τά
3067 647 3742 718 τοιαῦταάνεπίγνωστον
3767 665 3778 677 ·

2259 743 2370 816 γὰρ
2402 742 2613 814 ταχέως
2667 741 2809 815 πρὸς
2861 740 3040 814 χαρὰν
3087 740 3416 814 ἐπαίρεσθαι
3443 740 3745 814 φανερῶς,
3772 741 3851 794 καὶ

2258 837 2397 909 πρὸς
2439 837 2618 910 λύπην
2679 836 2844 893 πάλιν
2905 835 3192 910 προδήλως
3218 837 3645 904 καταπίπτειν,
3689 835 3848 907 ψυχῆς

2256 933 2405 987 ἐστιν
2436 931 2691 1003 μαλακῆς
2712 932 2806 985 καὶ
2832 930 3058 997 ἀναξίας
3085 931 3415 1003 στρατηγοῦ.

2329 1026 2440 1097 ἥγ’.
2473 1025 2785 1100 Ὑπερϐολὴ
2813 1025 3017 1092 παντὸς
3052 1025 3382 1100 πράγματος
3423 1028 3530 1082 οὐκ
3561 1029 3853 1085 ἀπόδεκτόν

2255 1119 2393 1184 ἐστι,
2423 1116 2504 1172 διδ
2534 1119 2674 1191 μήτε
2700 1118 2821 1173 λίαν
2853 1119 3084 1194 φοϐερὸς
3122 1121 3235 1185 τοῖς
3267 1120 3538 1192 ὑπηκόοις
3569 1123 3851 1196 ὑπάρχῃς,

2256 1204 2301 1264 ὦ
2333 1211 2626 1284 στρατηγὲ,
2650 1213 2786 1284 μήτε
2812 1209 2933 1266 λίαν
2955 1210 3225 1285 ἐπιεικής·
3248 1213 3540 1287 ἀμφότερα
3559 1214 3684 1286 γάρ
3702 1216 3852 1271 dita:-

2260 1305 2470 1379 άλληλα
2519 1308 2598 1380 τῷ
2646 1308 2944 1382 στρατηγῷ
2983 1310 3121 1382 πρὸς
3176 1309 3236 1364 τδ
3260 1313 3593 1384 στράτευμα
3631 1313 3851 1382 γίνεται.

2263 1404 2322 1460 '0
2398 1404 2499 1475 μὲν
2540 1404 2650 1477 γὰρ
2711 1403 2881 1468 πολὺς
2943 1403 3107 1475 φόϐος
3172 1406 3332 1478 μῖσος
3376 1405 3700 1478 ἀπογεννᾷ,
3755 1407 3854 1478 ἠδὲ

2259 1501 2430 1574 πολλὴ
2469 1500 2744 1556 ἐπιείκεια
2773 1500 3189 1574 καταφρόνησιν
3238 1500 3568 1572 ἐργάζεται.
3640 1502 3857 1575 Ἀρίετη

2258 1593 2315 1647 δὲ
2348 1591 2496 1665 ήτοῢ
2530 1589 2695 1664 μέσου
2745 1592 3006 1658 διάθεσις,
3063 1591 3206 1647 ὥστε
3237 1592 3568 1665 σύμμετρόν
3627 1612 3692 1649 σε
3725 1590 3856 1650 sive:

2260 1684 2399 1752 πρὸς
2445 1684 2757 1757 ἀμφότερα,
2824 1684 2922 1738 καὶ
2978 1685 3118 1757 μήτε
3167 1685 3271 1748 τάς
3324 1683 3728 1751 ὲπεξελεῦσεις
3758 1687 3859 1739 τῶν

563 1769 798 1834 inferas,
833 1784 1014 1845 neque
1074 1787 1271 1830 rursus
1313 1773 1500 1830 omnia
1535 1775 1739 1842 soluta,
1778 1783 1942 1847 atque
1973 1777 2153 1850 impu-

2270 1776 2725 1851 ὶμαρτανομένων
2748 1777 2890 1850 μετά
2906 1777 3168 1841 ἀπονοίας
3190 1777 3466 1832 ποιεῖσθαι
3489 1781 3598 1833 καὶ
3619 1778 3855 1852 ἀμέτρου

561 1863 681 1922 nita
719 1864 1025 1937 relinquas,
1077 1875 1138 1922 ut
1193 1882 1263 1924 ne
1320 1881 1514 1939 magna
1569 1867 1625 1925 in
1686 1870 2033 1940 confusione,
2087 1887 2153 1930 ac

2270 1873 2450 1945 5ργῆς,
2509 1874 2646 1945 μήτε
2678 1871 2841 1926 πάλιν
2893 1870 3172 1935 παντελῶς
3204 1870 3427 1941 ἀφιέναι
3497 1873 3855 1944 ἀτιμώρητα.

562 1958 984 2029 perturbatione
1071 1971 1255 2015 rerum
1330 1960 1609 2017 exercitus
1683 1969 1815 2019 tuus
1889 1965 2148 2022 videatur

563 2067 713 2110 €858.

635 2145 727 2202 94.
766 2145 903 2203 Belli
949 2153 1193 2219 tempore
1235 2153 1402 2204 noctu
1457 2149 1527 2206 de
1574 2152 1742 2210 rebus
1791 2153 2021 2226 agendis
2051 2154 2148 2213 de—

562 2236 942 2306 liberabimus,
974 2240 1216 2297 interdiu
1275 2250 1459 2300 autem
1505 2243 1805 2302 deliberata
1855 2246 2145 2306 faciemus.

561 2329 754 2405 Neque
781 2333 929 2390 enim
982 2333 1128 2390 idem
1192 2340 1410 2406 tempus
1443 2351 1568 2395 esse
1631 2339 1850 2398 debebit
1895 2341 2152 2412 consilii,

562 2433 621 2482 et
673 2427 910 2485 actionis
945 2428 1334 2500 suscipiendae.

636 2520 728 2578 95.
763 2521 950 2578 Victor
991 2522 1260 2583 terribilis
1307 2522 1563 2584 hostibus
1617 2526 1920 2598 imperator
1949 2546 2147 2590 cense-

563 2614 738 2682 bitur,
787 2629 898 2673 non
931 2616 1026 2688 qui
1070 2618 1242 2673 verbo
1288 2620 1466 2677 solum
1502 2619 1771 2678 adversus
1813 2623 2003 2681 hostes
2032 2627 2152 2698 glo-

562 2708 699 2764 riari
723 2709 948 2781 poterit,
992 2710 1088 2768 sed
1122 2713 1215 2784 qui
1257 2728 1318 2770 re
1363 2713 1485 2785 ipsa
1519 2713 1761 2787 ﬁrmare,
1794 2717 1941 2791 quod
1966 2720 2150 2778 verbis

561 2803 708 2860 dixit
767 2805 991 2877 poterit.

635 2897 726 2954 96.
765 2897 825 2956 Si
886 2900 1109 2971 quando
1169 2915 1397 2973 parvum
1471 2902 1642 2961 babes
1699 2915 2032 2973 exercitum,
2093 2917 2150 2965 et

563 2987 810 3045 hostium
872 2997 1099 3048 tuorum
1147 2993 1322 3064 cOpite
1375 2993 1536 3065 longe
1575 2995 1764 3067 plures
1817 3006 1971 3064 sunt,
2045 3000 2152 3055 mi-

565 3097 756 3140 norem
827 3085 1320 3158 angustioremque
1377 3086 1559 3144 locum
1620 3092 1829 3161 capito,
1909 3097 1965 3147 et
2048 3106 2148 3148 co-

2261 1967 2403 2020 ὥστε
2467 1965 2546 2028 είς
2587 1963 2853 2034 ἀναρχίαν
2893 1961 3069 2017 δοκεῖν
3139 1962 3540 2036 περιίστασθαί
3608 1980 3711 2018 σου
3771 1963 3857 2034 τὴν

2261 2058 2461 2130 ἀρχήν.

2329 2148 2430 2219 ιδ’.
2475 2151 2566 2206 Ἑν
2594 2150 2835 2222 πολέμου
2860 2149 3042 2223 καιρῷ
3086 2148 3348 2222 βουλεύου
3383 2149 3483 2221 μὲν
3515 2150 3586 2204 ὲν
3615 2150 3781 2204 νυκτὶ
3803 2150 3853 2203 τὸ

2262 2246 2554 2318 πρακτέον,
2585 2245 2654 2301 τὰ
2709 2246 2768 2300 δὲ
2817 2242 3052 2311 δόξαντα
3103 2247 3169 2316 τῇ
3217 2243 3380 2318 βουλῇ
3441 2244 3698 2298 ἐπιτέλει
3749 2243 3858 2314 μεθ’

2259 2341 2498 2412 ἡμέραν.
2525 2341 2600 2395 Οὐ
2629 2339 2740 2411 γάρ
2768 2341 2798 2394 ὀ
2825 2339 2986 2404 αὐτὸς
3014 2337 3223 2404 ὀφείλει
3252 2336 3445 2411 καιρὸς
3475 2333 3626 2394 εἶναι
3665 2335 3856 2410 βουλῆς

2258 2452 2318 2488 τε
2350 2435 2444 2489 καὶ
2477 2433 2870 2506 παρατάξεως.

2334 2524 2432 2596 ιιεζ
2465 2526 2715 2600 Νικητὴς
2755 2525 2849 2580 καὶ
2883 2523 3114 2598 φοϐερὸς
3139 2525 3253 2590 τοῖς
3277 2524 3565 2597 πολεμίοις
3602 2521 3851 2594 λογισθήο

2265 2636 2416 2674 σεται
2449 2619 2478 2673 ό
2500 2616 2937 2691 στρατηγὸς,οὖχ
2961 2618 2988 2671 ὀ
3016 2615 3096 2689 τῷ
3126 2615 3310 2686 λέγειν
3343 2615 3504 2687 μόνον
3529 2615 3633 2670 καὶ
3661 2615 3854 2682 ἐγκαυ-

2263 2713 2466 2786 χᾶσθαι
2496 2711 2619 2768 κατ’
2683 2712 2867 2766 αὐτῶν
2928 2709 3175 2776 δυνατὸς,
3203 2709 3323 2765 ἀλλ’
3349 2713 3378 2767 ὀ
3421 2711 3546 2776 ταῖς
3586 2709 3853 2781 πράξεσιν

2259 2804 2424 2861 αὐτοῦ
2439 2806 2565 2870 τοὺς
2588 2803 2786 2874 λόγους
2822 2802 3081 2875 βεϐαίους
3106 2801 3456 2868 ἀποδεικνύς.

2332 2903 2448 2968 μετ’.
2480 2899 2652 2952 Ὅταν
2675 2896 2858 2968 ὀλίγον
2884 2895 3018 2969 ἔχῃς
3048 2896 3390 2970 στράτευμα,
3436 2895 3550 2952 τῶν
3580 2894 3852 2967 πολεμίων

2267 2991 2327 3046 δὲ
2355 2992 2434 3057 είς
2466 2990 2672 3062 πλῆθός
2711 2993 2883 3057 ἐστιν,
2916 2989 3117 3044 σπεῦδε
3158 2988 3489 3045 καταλαϐεῖν
3534 2989 3853 3063 μικρότερον

2253 3087 2454 3160 χωρίον
2485 3086 2580 3142 καὶ
2598 3086 2949 3159 στενώτερον,
2979 3085 3076 3140 καὶ
3106 3083 3424 3157 σύμμετρον
3449 3082 3530 3156 τῷ
3585 3084 3672 3155 σῷ
3703 3098 3850 3153 στρα-

565 3176 678 3247 piis
734 3175 846 3234 tuis
894 3176 1173 3234 idoneum.
1219 3176 1406 3250 itaque
1463 3178 1578 3248 fiet,
1619 3188 1677 3237 ut
1713 3181 2012 3239 multitudo
2042 3183 2144 3241 bo-

2270 3181 2505 3253 τεύματι.
2569 3179 2644 3235 Τὸ
2699 3178 2810 3252 γὰρ
2879 3178 3141 3251 περισσὸν
3187 3176 3298 3232 τῶν
3353 3177 3637 3250 πολεμίων
3662 3175 3850 3248 πλῆθος

566 3273 736 3328 stium
794 3272 1010 3332 inutilis
1055 3274 1171 3343 fiat,
1235 3275 1331 3333 ubi
1360 3277 1516 3335 locus
1556 3279 1932 3339 multitudinis
1962 3280 2156 3340 minus

563 3367 655 3420 est
699 3376 895 3433 capax.

637 3449 729 3506 97.
763 3448 1042 3520 inducias,
1083 3459 1137 3508 et
1171 3450 1379 3510 fmdera
1427 3453 1558 3511 belli
1597 3468 1725 3512 eum
1780 3458 2036 3518 hostibus
2068 3459 2150 3517 fa-

566 3542 743 3611 ciens,
775 3560 845 3601 ne
876 3555 1167 3617 propterea
1218 3548 1272 3602 in
1322 3547 1656 3620 negligentia
1714 3551 1899 3623 aliqua
1928 3561 2022 3608 aut
2058 3568 2154 3610 so-

566 3637 761 3694 cordia
811 3637 911 3706 sis,
963 3639 1060 3695 sed
1114 3639 1424 3710 majoribus
1492 3644 1764 3701 custodiis
1819 3656 2029 3713 eaStra,
2059 3653 2154 3701 aut

566 3731 852 3803 regionem
918 3739 1067 3788 tuam
1129 3734 1373 3789 munias.
1432 3735 1490 3790 Si
1554 3736 1700 3792 enim
1765 3738 1973 3794 foedera
2032 3739 2153 3795 vio-

564 3827 685 3880 lare
721 3825 910 3882 hostes
940 3827 1239 3892 voluerint,
1267 3839 1465 3898 praeter
1497 3830 1954 3899 indignationem,
1984 3831 2155 3886 iram-

568 3936 678 3990 que
743 3920 862 3987 Dei,
912 3921 1202 3992 perﬁdiam
1250 3921 1346 3977 tibi
1411 3931 1772 3979 accerserunt
1806 3965 1821 3988 ,
1879 3933 1938 3980 tu
1995 3940 2150 3991 vero,

567 4011 815 4084 undique
883 4015 1153 4080 munitus.
1179 4023 1232 4071 et
1267 4013 1363 4071 Dei
1403 4015 1720 4084 praesidium
1771 4016 1943 4074 habes
1993 4025 2049 4073 et
2085 4017 2152 4072 ﬁ-

567 4105 693 4163 dem
750 4121 1071 4172 conservas,
1113 4116 1167 4164 et
1203 4108 1438 4166 honesto
1478 4109 1536 4164 in
1571 4109 1693 4166 loco
1752 4110 1898 4181 apud
1947 4125 2144 4168 omnes

567 4205 868 4273 propterea
897 4212 978 4258 es.
1033 4201 1218 4274 Turpe
1250 4211 1338 4260 est
1368 4203 1518 4260 enim
1575 4204 1899 4277 imperatori
1944 4205 2151 4272 dicere,

567 4289 690 4350 Non
731 4303 1006 4366 putaram.

628 4388 718 4445 98.
760 4376 876 4445 Hoc
909 4389 1076 4445 etiam
1118 4389 1187 4444 ad
1234 4391 1644 4462 imperatoriam
1679 4391 1897 4447 laudem
1931 4408 2158 4464 magno-

570 4497 704 4555 pere
756 4483 1016 4553 pertinet,
1082 4492 1338 4554 reputare
1410 4492 1614 4550 tecum,
1688 4493 1744 4540 et
1807 4486 2151 4557 experientia

569 4584 724 4631 certa
771 4590 1130 4646 cognoscere,
1199 4576 1442 4634 hostium
1498 4587 1684 4635 castra
1754 4587 1963 4650 quanta
2021 4581 2154 4636 sint.

569 4667 690 4725 Hoc
759 4667 873 4736 fiet,
935 4668 982 4724 si
1039 4668 1274 4738 teipsum
1339 4669 1677 4738 exercueris,
1731 4677 1791 4725 ut
1852 4656 2156 4744 cognoscas

571 4769 815 4833 quantus
874 4762 1257 4832 unusquisque
1305 4762 1480 4830 locus,
1537 4773 1591 4818 et
1644 4764 1826 4835 qualis
1859 4764 1955 4830 sit,
1987 4772 2157 4835 quot-

570 4873 684 4930 que
732 4858 956 4922 milites,
1005 4856 1470 4928 quemadmodum
1528 4857 1694 4915 nobis
1753 4868 1883 4915 ante
1940 4859 2156 4916 descri-

572 4960 727 5022 ptum
794 4961 900 5016 est,
930 4966 1126 5022 capere
1177 4953 1373 5022 possit.
1718 4959 1722 4965 '

645 5045 736 5102 99.
775 5044 881 5099 Par
918 5055 1002 5102 est
1030 5054 1234 5111 autem,
1269 5045 1732 5116 quemadmodum
1773 5046 2013 5100 hostium
2066 5061 2159 5101 co-

572 5139 697 5211 pias
741 5138 981 5193 ‘studcas
1043 5152 1406 5210 cognoscere,
1457 5138 1537 5193 sic
1570 5145 1625 5193 et
1677 5137 1930 5193 hostibus
1982 5137 2160 5192 minus

576 5231 812 5304 cognita?
875 5241 983 5287 tute
1053 5233 1186 5288 sint.
1247 5231 1352 5288 Ubi
1410 5247 1537 5287 vero
1593 5231 2006 5287 multitudinem
2067 5247 2161 5286 co-

576 5329 800 5398 piarum
861 5333 1081 5380 tuarum
1152 5325 1293 5380 clam
1360 5326 1552 5383 hostes
1613 5341 1736 5382 esse
1805 5324 1984 5395 cupis,
2053 5324 2157 5379 mi-

577 5420 773 5475 litibus
809 5418 1116 5491 prascipies,
1149 5433 1207 5472 ας
1247 5418 1465 5475 densati
1522 5417 1845 5474 ambulent:
1885 5416 2160 5472 addensa-

581 5514 662 5569 tio
708 5513 878 5580 enim,
911 5523 965 5569 et
998 5512 1308 5568 contractio
1368 5512 1589 5568 hebetat
1651 5510 1896 5566 hostium
1948 5509 2164 5579 oculos,

582 5615 638 5663 et
669 5607 910 5679 perfecte
957 5621 1252 5662 numerum
1286 5612 1507 5660 tuorum
1556 5601 2026 5675 comprehendere
2053 5617 2164 5658 non

587 5703 741 5759 sinit.
790 5699 995 5757 Contra
1050 5709 1255 5768 autem,
1286 5700 1330 5756 si
1367 5698 1596 5771 exiguas
1635 5697 1822 5770 copias
1875 5702 2002 5751 tuas
2047 5694 2163 5752 efﬁ-

589 5811 718 5852 cere
781 5795 961 5866 cupis,
1002 5801 1064 5848 ut
1090 5793 1276 5865 plures
1339 5793 1650 5857 videantur,
1710 5789 1952 5846 rariores
1987 5789 2167 5864 inam-

591 5889 783 5959 bulent
828 5897 884 5948 et
939 5889 1248 5948 consistant
1314 5889 1541 5958 milites,
1603 5894 1656 5947 et
1690 5885 2012 5960 ampliorem
2044 5899 2167 5956 spa-

2265 3275 2544 3347 άχρηστον
2570 3273 2888 3345 γενήσεται,
2916 3269 3014 3325 τοῦ
3058 3272 3228 3325 τόπου
3261 3269 3340 3344 μὴ
3376 3270 3769 3344 ἐπιδεχομένου
3797 3270 3848 3324 τό

2264 3367 2451 3423 πλέον.

2339 3461 2442 3530 ιιξί.
2475 3459 2762 3532 Συνθήκας
2799 3458 2900 3514 καὶ
2933 3458 3134 3531 ἀνοχὰς
3169 3455 3410 3530 πολέμου
3449 3455 3588 3530 πρὸς
3609 3459 3741 3520 τοὺς
3764 3472 3849 3509 πο-

2259 3554 2484 3626 λεμίους
2517 3553 2862 3624 ποιούμενος,
2911 3553 2986 3626 μὴ
3020 3551 3113 3607 διὰ
3149 3549 3357 3615 ταύτας
3395 3551 3454 3605 ὲν
3485 3551 3724 3624 ἀμελείᾳ
3749 3549 3847 3602 δια-

2261 3647 2444 3720 τελῇς,
2476 3647 2613 3702 ἀλλά
2645 3646 2847 3718 μᾶλλον
2883 3643 3097 3717 μείζοσι
3121 3645 3216 3701 καὶ
3247 3643 3675 3717 ἀκριϐεστέραις
3700 3659 3844 3712 περι-

2261 3739 2506 3812 λάμϐανε
2528 3741 2648 3804 ταῖς
2667 3740 2939 3810 φυλακαῖς
2964 3739 3025 3793 τὸ
3049 3736 3432 3809 στρατόπεδον,
3456 3736 3490 3808 ἢ
3516 3735 3618 3809 τὴν
3650 3734 3842 3807 χώραν.

2273 3833 2400 3888 Ἐὰν
2439 3831 2548 3904 γὰρ
2596 3830 3048 3905 παρασπονδῆσαι
3103 3828 3442 3902 βουληθῶσιν
3497 3829 3546 3882 oi
3575 3827 3836 3898 πολέμιοι,

2264 3929 2462 3983 ἐκεῖνοι
2519 3926 2621 3995 μὲν
2675 3925 2815 3996 μετὰ
2865 3924 2968 3996 τῆς
3022 3923 3118 3978 τοῦ
3172 3921 3310 3977 Θεοῦ
3372 3921 3704 3992 δυσμενείας
3757 3919 3838 3972 καὶ

2262 4018 2494 4090 ἀπειλῆς
2521 4017 2703 4083 ἕξουσι
2743 4015 2803 4070 τὸ
2845 4016 3094 4081 ἄπιστον,
3141 4014 3207 4068 σὺ
3257 4012 3316 4067 δὲ
3365 4010 3508 4085 μετά
3554 4011 3657 4082 τῆς
3686 4011 3839 4078 ἀσφασ

2262 4111 2414 4177 λείας
2436 4109 2826 4182 εὑρισκόμενος
2883 4109 3027 4174 ἔξεις
3062 4107 3124 4162 τὸ
3178 4106 3377 4161 πιστὸν
3415 4104 3557 4176 μετά
3605 4105 3706 4175 τῆς
3755 4100 3838 4155 τοῦ

2261 4203 2398 4258 Θεοῦ
2430 4202 2704 4275 βοηθείας.
2757 4201 3001 4269 Ἀνάξιον
3063 4200 3174 4272 γὰρ
3221 4196 3532 4272 στρατηγοῦ
3561 4196 3626 4251 τὸ
3654 4196 3832 4266 λέγειν,

2269 4296 2444 4352 Τοῦτο
2463 4296 2524 4351 οὐ
2548 4294 2914 4368 προσεδόκων.
3113 4365 3118 4371 1

2337 4395 2446 4462 ιιηῆ
2507 4388 2620 4442 Καὶ
2647 4386 2809 4441 τοῦτο
2847 4387 2906 4440 δέ
2953 4403 3036 4440 σοι
3093 4386 3417 4456 ἀναγκαῖον,
3458 4381 3503 4442 ῶ
3544 4385 3827 4461 στρατηγὲ,

2267 4482 2403 4553 πρὸς
2433 4477 2806 4553 στρατηγικὴν
2837 4477 3176 4550 τελειότητα,
3210 4478 3270 4533 τὸ
3314 4478 3723 4550 συλλογίζεσθαι
3755 4477 3832 4531 καὶ

2273 4575 2570 4645 γινώσκειν
2590 4571 2837 4644 ἀκριϐῶς
2894 4572 2958 4625 ὲκ
2991 4571 3091 4642 τῆς
3115 4570 3314 4644 πείρας
3351 4572 3412 4625 τὺ
3435 4573 3547 4626 τῶν
3582 4568 3831 4643 πολεμίων

2265 4666 2627 4741 στρατόπεδον
2697 4666 2862 4719 πόσον
2917 4663 3085 4719 ἐστίν.
3140 4661 3314 4717 Τοῦτο
3363 4663 3420 4718 δὲ
3467 4666 3707 4734 γίνεται,
3743 4647 3828 4717 ’ἐὰν

2264 4759 2794 4837 προγυμνασάμενος
2823 4757 3099 4832 γινώσκῃς
3130 4757 3295 4822 πόσος
3347 4759 3513 4824 τόπος
3562 4762 3656 4814 καὶ
3703 4759 3829 4817 ποῖος

2263 4859 2461 4921 πόσους
2493 4852 2835 4927 στρατιώτας
2871 4850 3229 4923 ἐπιδέχεσθαι
3274 4849 3524 4918 δύναται,
3557 4853 3654 4908 καὶ
3677 4851 3745 4914 ὡς
3781 4850 3826 4901 ἐν

2269 4951 2452 5014 ἄλλοις
2488 4949 2621 5019 ἡμῖν
2641 4944 3057 5019 προδιώρισται.

2339 5037 2444 5105 1.,θ’.
2481 5035 2664 5100 ’Ἄξιον
2698 5034 2756 5088 δέ
2781 5053 2887 5098 σοι,
2921 5026 2965 5087 ῶ
3010 5031 3307 5106 στρατηγέ,
3339 5032 3531 5108 ὥσπερ
3572 5035 3672 5107 τὴν
3698 5033 3824 5104 εἰρη-

2274 5128 2444 5198 μένην
2465 5125 2668 5196 γνῶσιν
2699 5124 2800 5195 τῆς
2840 5123 2949 5177 τῶν
2985 5123 3265 5195 πολεμίων
3304 5125 3600 5196 στρατείας
3622 5123 3826 5196 ὀφείλεις

2275 5221 2442 5291 ἔχειν,
2473 5218 2647 5283 οὕτως
2669 5218 2762 5272 καὶ
2796 5218 2921 5281 τοὺς
2955 5216 3254 5288 πολεμίους
3303 5215 3596 5272 λανθάνειν
3629 5218 3686 5272 τὸ
3715 5212 3824 5280 πλῆ·

2271 5313 2362 5377 θος
2391 5312 2499 5365 τῶν
2531 5308 2639 5363 σῶν
2671 5308 3123 5380 στρατευμάτων.
3168 5309 3338 5362 Ὀταν
3368 5307 3425 5361 δὲ
3453 5306 3625 5384 βούλῃ
3672 5303 3823 5360 λαθεῖν

2269 5406 2395 5469 τοὺς
2425 5403 2654 5477 ἐχθροὺς
2690 5405 2789 5475 τῆς
2821 5401 2922 5474 σῆς
2950 5402 3234 5473 δυνάμεως
3265 5402 3327 5455 τὸ
3357 5402 3586 5472 πλῆθος,
3620 5397 3821 5457 πυκνοὺς

2269 5501 2594 5573 περιπατεῖν
2626 5499 2658 5571 ἦ
2686 5499 2907 5553 ἑστάναι
2947 5497 3296 5570 παράγγελλε
3326 5496 3454 5560 τοὺς
3485 5494 3817 5569 στρατιώτας.

2281 5594 2346 5651 Ἦ
2386 5596 2497 5668 γὰρ
2526 5593 2779 5664 συνέχεια
2805 5592 2899 5646 καὶ
2917 5591 3132 5661 σφίγξις
3167 5589 3421 5661 σφάλλειν
3449 5593 3600 5652 ποιεῖ
3617 5591 3706 5663 τὴν
3722 5587 3820 5657 ὅρι’

2271 5707 2357 5745 σιν
2383 5688 2491 5743 τῶν
2526 5686 2823 5758 πολεμίων,
2847 5685 2943 5739 καὶ
2974 5683 3220 5756 ἀκριϐῶς
3243 5683 3486 5749 εἰκάζειν
3518 5686 3610 5739 τὸν
3625 5674 3820 5755 ἀριθμὸν

2268 5785 2368 5856 τῆς
2399 5782 2497 5855 σῆς
2519 5781 2802 5852 δυνάμεως
2827 5781 2926 5833 οὐκ
2955 5780 3040 5850 ἑᾷ.
3080 5776 3313 5848 Ὁμοίως
3337 5778 3446 5834 καὶι
3474 5779 3569 5833 ἐπὶ
3596 5776 3686 5832 τοῦ
3702 5777 3818 5827 ἐνανο

2278 5880 2410 5941 τίου,
2452 5880 2500 5932 εί
2545 5874 2726 5954 ,ϐούλει
2750 5872 3076 5949 παραδεῖξαι
3103 5869 3203 5946 τὴν
3249 5870 3348 5947 σὴν
3376 5871 3612 5946 δύναμιν
3633 5865 3813 5936 πολλὴν,
