4036 6300
261 426 414 495 1041
1357 435 1698 499 TACTICA.
1733 462 1799 476 -
1824 437 2336 505 CONSTITUTIO
2375 447 2504 510 XX.
3426 445 3565 516 1042

263 542 470 613 ὀλίγην
497 535 699 608 οὖσαν,
725 539 1084 614 ἀραιοτέρους
1112 540 1207 597 καὶ
1244 549 1572 616 περιπατεῖν
1607 548 1702 602 καὶ
1724 548 1882 603 ἵστα-

2011 553 2383 626 ἱοείοτειιιψιο
2418 559 2627 622 locum,
2675 574 2840 630 quam
2875 558 3170 615 multitudo
3215 559 3435 616 illorum
3476 577 3562 618 re-

267 637 412 692 σθαι
471 637 599 700 τοὺς
652 635 991 709 στρατιώτας
1025 639 1293 710 ποιήσεις,
1323 640 1398 706 ὡς
1430 641 1498 696 ἂν
1528 645 1621 697 καὶ
1647 644 1871 700 πλείονα

2007 649 2174 717 pririt,
2203 650 2446 720 exigant.
2493 649 2740 722 Utraque
2788 653 2934 708 enim
2995 653 3214 720 horum,
3267 652 3312 708 si
3364 651 3565 707 idoneo

266 728 374 783 τοῦ
412 729 731 801 συμμέτρου
756 731 922 784 τόπον
967 730 1488 803 περιλαμὸάνωσιν.
1558 737 1874 810 Ἀμφότερα

2007 758 2227 814 empore
2283 745 2518 814 locoque
2549 745 2702 812 (iant,
2741 746 2807 802 ad
2837 745 3190 815 decipiendos
3232 745 3418 800 hostes
3449 759 3564 798 ma-

266 822 393 893 γὰρ
431 825 488 876 ἰν
526 821 702 894 καιρῷ
751 822 864 894 ίδίῳ
920 823 1208 894 γενόμενα,
1256 825 1349 879 καὶ
1409 827 1574 902 χρείᾳ
1625 832 1872 903 χρήσιμα

2007 851 2224 906 ;u0pere
2254 838 2532 892 valebunt.

269 916 422 987 πρὸς
448 916 666 988 ἀπάτην
691 915 802 971 τῶν
830 916 1041 989 ἐχθρῶν
1075 918 1413 989 εὑρίσκεται.

352 1008 429 1081 ρ’.
459 1011 612 1080 Ἰσης
661 1009 760 1064 καὶ
808 1010 1000 1081 ὁμοίας
1023 1010 1192 1082 οὔσης
1225 1013 1327 1083 τῆς
1355 1030 1414 1066 τε
1462 1013 1572 1068 τῶν
1598 1012 1876 1086 πολεμίων

287 1102 682 1176 παρασκευῆς,
735 1103 830 1158 καὶ
876 1104 978 1174 τῆς
1025 1105 1326 1177 ἡμετέρας,
1360 1107 1389 1160 ὀ
1436 1107 1665 1162 κάλλιον
1698 1125 1881 1180 παρα-

273 1196 634 1267 τασσόμενος
701 1197 1029 1268 στρατηγὸς,
1081 1198 1191 1252 εἴτε
1250 1199 1336 1262 σὺ,
1375 1197 1489 1253 εἴτε
1521 1202 1549 1253 ὁ
1601 1200 1881 1270 πολέμιος,

279 1289 496 1360 μᾶλλον
555 1289 974 1362 πλεονεκτήσει,
1033 1289 1294 1362 περιττὴν
1356 1289 1498 1362 ἔχων
1557 1292 1658 1362 τῆς
1717 1294 1883 1347 δυνά-

277 1397 437 1451 μεως
460 1381 560 1454 τὴν
586 1383 649 1437 ἐκ
677 1381 788 1436 τῶν
820 1384 1301 1455 στρατηγημάτων
1325 1383 1358 1454 ἢ
1389 1384 1598 1450 τάξεων
1649 1385 1824 1457 ἰσχύν.

357 1472 466 1545 ρα’.
493 1475 584 1547 Μὴ
608 1475 855 1547 πρώτους
911 1475 1079 1548 ἐάσῃς
1133 1476 1288 1547 παρὰ
1344 1478 1405 1530 σὲ
1435 1479 1535 1548 τήν
1558 1478 1766 1532 οίκείαν
1795 1477 1886 1532 δύ-

275 1583 452 1637 ναμιν
485 1569 610 1632 τοὺς
669 1569 951 1632 ἐναντίους
1037 1566 1286 1632 ἐκτάξαι,
1341 1568 1477 1623 ἀλλὰ
1509 1570 1706 1623 σπεῦδε
1737 1569 1876 1642 πρό-

277 1675 450 1731 τερος
483 1660 709 1714 ἐκείνων
735 1662 838 1732 τήν
860 1659 1162 1732 παράταξίν
1181 1678 1278 1716 σου
1308 1661 1578 1727 διατάξαι.
1623 1662 1750 1718 Ἐὰν
1774 1663 1886 1734 γὰρ

279 1752 558 1829 πρότερος
595 1751 808 1827 φθάσῃς
857 1753 1300 1824 παρατάξασθαι,
1361 1754 1426 1808 σὺ
1489 1754 1587 1827 μὲν
1631 1755 1659 1808 δ
1709 1754 1886 1827 βούλῃ

280 1844 416 1900 κατ’
444 1845 692 1911 ἐξουσίαν
748 1847 826 1911 ώς
883 1847 1100 1919 ἕτοιμος
1151 1847 1382 1921 πράξεις
1408 1865 1423 1881 ο
1453 1849 1483 1903 ό
1544 1848 1603 1903 δὲ
1632 1847 1892 1920 πολέμιος

285 1941 421 1994 οὐδὲ
441 1941 535 1995 τοῦ
559 1941 994 2013 καθοπλισθῆναι
1031 1942 1175 2012 τάχα
1231 1941 1391 1998 λάϐοι
1437 1943 1638 2016 καιρὸν
1664 1941 1765 2015 τὴν
1796 1942 1894 2015 σὴν

283 2034 524 2103 ταχεῖαν
555 2032 721 2102 φοῦού
731 2050 891 2102 μενος
913 2033 1221 2089 ἐπέλευσιν.

368 2125 474 2196 ρβ“.
504 2125 691 2191 οὕτως
707 2119 800 2180 οὖν
833 2126 929 2180 ἐὰν
953 2125 1314 2200 προεκτάξῃς,
1349 2128 1442 2182 καὶ
1485 2126 1626 2183 κατὰ
1641 2129 1739 2199 τὴν
1760 2146 1898 2200 συμ-

294 2218 475 2292 ϐολὴν
508 2219 568 2285 ἐξ
589 2219 808 2290 ἑτοίμου
831 2220 943 2283 τοῖς
987 2218 1250 2284 ἐναντίοις
1274 2221 1601 2293 ἐγχειρήσῃς
1619 2222 1900 2290 ἀσφαλῶς,

290 2312 506 2384 θάρσος
540 2311 638 2384 μὲν
665 2311 743 2384 τῷ
768 2311 846 2384 σῷ
874 2311 1250 2385 στρατεύματι
1288 2312 1634 2385 ἐμποιήσεις,
1681 2313 1896 2370 δειλίαν

287 2405 349 2461 δὲ
370 2406 491 2470 τοῖς
519 2403 802 2475 πολεμίοις
832 2403 1107 2476 ἐνθήσεις.

363 2496 478 2573 ργ’.
510 2499 692 2572 Νόμον
716 2499 804 2570 ἔχε
863 2499 1247 2571 ἀπαράϐατον,
1285 2499 1346 2553 τδ
1388 2499 1590 2570 πολλὴν
1625 2499 1900 2554 ποιεῖσθαι

290 2595 412 2648 τῶν
449 2593 745 2667 πληγάτων
771 2593 1122 2665 στρατιωτῶν
1154 2594 1252 2666 τήν
1285 2595 1566 2668 πρόνοιαν.
1622 2594 1750 2648 Ἐὰν
1788 2595 1901 2667 γάρ

291 2685 588 2758 ἀμελήσῃς
609 2684 810 2752 αὐτῶν,
841 2686 969 2749 τοὺς
991 2684 1216 2749 λοιποὺς
1266 2684 1609 2758 στρατιώτας
1653 2685 1920 2740 sesima--

297 2779 541 2843 κοῦντας
600 2779 658 2832 ἐν
687 2780 807 2842 ταῖς
843 2778 1045 2848 μάχαις
1078 2778 1173 2832 καὶ
1207 2778 1584 2849 λυπουμένους
1617 2778 1888 2849 εὑρήσεις.

300 2870 421 2926 Καὶ
451 2870 510 2924 οὐ
547 2869 710 2941 μόνον
737 2869 915 2936 τοῦτο,
950 2869 1088 2924 ἀλλὰ
1116 2871 1215 2925 καὶ
1262 2871 1464 2935 αὐτοὺς
1496 2871 1624 2936 τοὺς
1651 2889 1903 2942 τραυμαο

295 2963 614 3031 τισθέντας,
637 2964 731 3018 καὶ
759 2963 827 3018 δι’
848 2963 1167 3036 ἐπιμελείας
1184 2963 1513 3036 δυναμένους
1529 2964 1902 3038 ἀνασωθῆναι,

297 3061 392 3115 διὰ
421 3057 702 3131 ρᾳθυμίαν
724 3057 1035 3122 άπολέσεις.

513 3111 691 3204 γ’ἀταν
729 3151 810 3214 είς
840 3111 1032 3222 φυγὴν
1050 3149 1260 3225 τρέψῃς
1287 3151 1415 3214 τοὺς
1447 3111 1744 3224 πολεμίους
1773 3151 1904 3206 άντ-

2061 1013 2184 1072 100.
2218 991 2293 1070 εἰ¹
2333 1016 2572 1086 :equales
2603 1024 2710 1072 tuae
2737 1017 3085 1088 hostiumque
3123 1019 3294 1088 c0pize
3340 1015 3561 1081 fuerint,

1988 1108 2079 1163 ille
2122 1109 2316 1164 melius
2351 1109 2576 1164 instruit
2607 1113 2910 1166 exercitum
2963 1111 3266 1182 imperatur
3328 1111 3443 1166 sive
3483 1118 3563 1174 tu,

1990 1203 2107 1258 sive
2170 1205 2347 1259 hostis
2396 1203 2585 1270 fuerit,
2648 1204 2738 1276 qui
2775 1204 3025 1276 plurimis
3071 1203 3138 1259 ad
3196 1203 3396 1258 bellum
3428 1217 3568 1257 con-

1987 1297 2126 1352 siliis
2185 1295 2469 1370 factisque.
2513 1299 2887 1370 imperatoriis
2941 1296 3198 1352 valuerit.

2066 1479 2190 1535 101.
2237 1476 2314 1534 Ne
2369 1478 2616 1551 patiaris,
2659 1486 2718 1534 ut
2781 1477 2970 1534 hostes
3003 1492 3131 1534 suas
3170 1475 3359 1546 copias
3389 1472 3571 1546 prius-

1995 1586 2159 1643 quam
2191 1579 2248 1625 tu
2286 1570 2583 1638 instruant,
2643 1569 2739 1627 sed
2788 1568 3079 1633 contende,
3142 1574 3201 1622 ut
3261 1574 3386 1622 ante
3443 1565 3575 1621 illos

1997 1676 2104 1722 tuae
2149 1673 2354 1736 parata:
2397 1665 2532 1721 sint.
2589 1665 2647 1720 Si
2704 1665 2850 1720 enim
2898 1664 3050 1734 prior
3099 1659 3432 1717 instruxeris
3469 1673 3577 1730 pro

1997 1759 2270 1814 arbitratu
2331 1766 2446 1824 tuo,
2509 1755 2621 1827 iam
2690 1762 2916 1826 paratus
2985 1751 3203 1825 quidvis
3258 1749 3568 1821 suscipias:

2000 1851 2176 1908 hostis
2215 1858 2397 1906 autem
2440 1849 2675 1904 fortasse
2704 1863 2774 1903 ne
2814 1855 3032 1918 tempus
3078 1845 3296 1915 quidem
3326 1843 3570 1912 seipsum

2000 1944 2273 2009 armandi,
2325 1943 2437 2015 jam
2470 1957 2617 1998 nunc
2679 1949 2831 1996 tuam
2889 1950 3141 1996 metuens
3173 1937 3572 2002 incursionem.

2001 2039 2240 2095 habehit.

2069 2131 2191 2187 102.
2220 2128 2277 2185 Si
2301 2130 2466 2202 igitur
2495 2131 2570 2184 ita
2599 2136 2651 2184 te
2688 2126 2752 2182 ad
2786 2123 3188 2196 conﬂigendum
3221 2135 3566 2193 przeparave-

2000 2227 2099 2293 ris,
2139 2227 2322 2282 hostes
2347 2235 2470 2280 tuos
2521 2231 2638 2277 tuto
2679 2236 2744 2276 ac
2785 2220 2977 2276 idonee
3025 2216 3316 2282 adorieris,
3367 2222 3422 2271 et
3477 2229 3577 2269 au-

2002 2321 2215 2376 daciam
2262 2319 2440 2390 c0piis
2492 2316 2602 2372 tuis
2648 2315 2867 2382 aﬂ'eres,
2909 2320 2962 2368 et
3011 2311 3264 2367 timorem
3322 2307 3579 2365 hostibus

2002 2411 2246 2482 iujicies.

2076 2505 2200 2561 105.
2267 2503 2516 2558 Maxima
2556 2502 2655 2559 tibi
2719 2514 2868 2556 curae
2920 2499 3032 2556 sint
3064 2498 3270 2554 milites
3319 2493 3580 2560 sauciati,

2005 2606 2065 2655 ut
2104 2607 2413 2655 serventur.
2457 2596 2514 2651 Si
2576 2595 2723 2650 enim
2791 2609 2886 2649 eos
2945 2591 3276 2665 neglexeris,
3342 2589 3578 2645 militum

2004 2692 2218 2748 animos
2279 2705 2310 2744 a
2358 2690 2550 2761 przelio
2619 2689 2985 2743 abhorrentes
3045 2693 3100 2742 et
3144 2685 3392 2756 deiectos
3467 2680 3581 2738 elﬁ-

2005 2785 2151 2841 cies:
2210 2799 2388 2853 neque
2439 2781 2496 2838 id
2546 2782 2746 2847 solum,
2813 2781 2906 2837 sed
2939 2781 3139 2845 etiam,
3190 2779 3284 2848 qui
3347 2777 3581 2848 diligen-

2007 2877 2107 2941 tia,
2164 2885 2217 2932 et
2250 2890 2382 2932 cura
2439 2873 2756 2930 conservari
2820 2882 3094 2946 poterant,
3142 2869 3574 2944 negligentiaa-

2007 2967 2216 3024 mittes.

2080 3149 2204 3205 1ος1.
2239 3150 2295 3204 ln
2331 3147 2642 3222 fugamjam
2683 3147 2965 3203 conversis
3018 3144 3294 3209 hostibus,
3355 3140 3588 3212 prmeipo

304 3245 536 3319 ἔχεσθαι
573 3244 676 3316 τῆς
711 3243 949 3317 πραίδας
989 3244 1340 3317 παράγγελλε
1365 3247 1478 3311 τοῖς
1513 3245 1895 3316 στρατιώταις,

2007 3242 2288 3308 militibus,
2325 3250 2385 3298 ut
2419 3245 2596 3313 pmda
2626 3241 2935 3297 abstineant
2964 3253 3050 3304 ne,
3081 3238 3210 3292 dum
3239 3237 3315 3291 illi
3344 3235 3581 3306 dispersi

303 3341 396 3396 ἵνα
452 3339 530 3412 μὴ
579 3338 709 3410 περὶ
759 3337 964 3408 ταύτην
996 3337 1471 3410 διαπειρομένους,
1513 3339 1609 3392 καὶ
1655 3341 1714 3395 ἐν
1764 3339 1901 3411 αὐτῇ

2007 3338 2058 3392 in
2085 3336 2266 3408 prmda
2310 3336 2614 3406 colligenda
2645 3333 2900 3405 occupati
2947 3333 3090 3400 sint,
3141 3331 3325 3386 hostes
3358 3328 3465 3384 illis
3498 3327 3588 3382 in-

305 3431 775 3506 ἆσχολουμένους,
823 3429 1079 3502 εὑρόντες
1111 3431 1162 3484 οἱ
1191 3429 1443 3503 πολέμιοι
1492 3431 1906 3486 ἐπιϐουλεόσου-

310 3525 639 3604 σινγαὺτοῐς,
674 3523 768 3578 καὶ
816 3521 1248 3595 διαφθείρουσιν.
1304 3521 1446 3577 Ἀλλ’
1496 3525 1547 3579 oi
1603 3526 1705 3598 μὲν
1743 3543 1908 3598 στρα-

2002 3428 2298 3493 sidientur,
2344 3436 2510 3499 atque
2561 3428 2905 3499 apprimant;
2964 3423 3058 3479 sed
3103 3421 3307 3476 milites
3368 3419 3492 3474 illos
3531 3417 3587 3479 in

2003 3525 2122 3580 acie
2143 3523 2405 3580 instructi
2438 3531 2559 3579 tuto
2592 3519 3100 3593 insequantur.Qui
3128 3517 3196 3573 ad
3223 3513 3587 3588 colligendam

309 3617 512 3674 τιῶται
544 3615 856 3688 ἐχέσθωσαν
890 3616 988 3687 τῆς
1015 3612 1257 3684 διώξεως
1314 3617 1454 3689 μετὰ
1499 3616 1823 3688 ἀσφαλείας,
1855 3618 1901 3671 ο1

2007 3617 2242 3689 praedam
2269 3617 2525 3674 instructi
2559 3625 2690 3673 sunt
2717 3615 2941 3680 milites,
2979 3615 3032 3668 in
3091 3611 3279 3683 praelio
3312 3608 3590 3665 sauciatos

311 3713 370 3768 δὲ
403 3711 537 3784 περὶ
557 3713 622 3784 τῇ
655 3709 886 3782 συλλογῇ
952 3711 1053 3782 τῆς
1082 3710 1318 3783 πραίδας
1336 3711 1680 3781 τεταγμένοι,
1712 3711 1910 3778 οἵτινες

312 3807 414 3861 καὶ
449 3804 576 3868 τοὺς
623 3797 969 3875 τραυματίας
1007 3802 1346 3875 στρατιώτας
1393 3805 1450 3859 ὲν
1480 3805 1617 3876 αὖτῇ
1654 3807 1722 3877 τῇ
1759 3805 1907 3878 μάχῃ

314 3896 676 3962 ἁναλέξονται
728 3895 824 3949 καὶ
859 3894 1316 3968 θεραπεύσουσιν,
1358 3897 1514 3953 αὐτοὶ
1557 3899 1654 3952 καὶ
1703 3899 1771 3952 τά
1798 3899 1909 3953 τῶν

316 3989 668 4060 τεθνηκότων
697 3987 977 4058 πολεμίων
1011 3987 1183 4042 σκύλα
1233 3987 1607 4058 συλλέγοντες,
1662 3990 1758 4045 καὶ
1794 3994 1910 4056 τοῖς

2015 3711 2300 3784 colligent,
2350 3719 2404 3768 et
2457 3709 2819 3775 accurabuut,
2908 3718 2961 3764 et
3029 3704 3357 3761 cadaverum
3414 3697 3586 3770 spolia

2017 3806 2246 3864 deeanis
2278 3805 2518 3869 tradant.
2545 3804 2660 3876 qui,
2715 3801 3176 3874 quemadmodum
3229 3812 3395 3867 supra
3432 3808 3460 3848 a
3493 3807 3592 3847 no-

2015 3901 2104 3958 bis
2137 3900 2516 3972 praescriptum
2548 3907 2653 3962 est,
2680 3897 2967 3967 diligenter
2994 3891 3388 3964 procurabunt,
3427 3891 3486 3942 ut
3521 3883 3588 3939 ad

2020 3993 2400 4065 supradictum
2427 3990 2646 4047 modum
2677 3987 3020 4058 aequabiliter
3049 3985 3381 4040 tribuantur.

315 4087 620 4160 δεκάρχαις
645 4085 1054 4157 παραδιδόντες,
1097 4085 1173 4151 ὡς
1221 4086 1318 4140 καὶ
1347 4086 1406 4139 ἐν
1436 4085 1621 4150 ἄλλοις
1665 4087 1798 4159 ἡμῖν
1889 4089 2132 4163 εἴρηται,
2201 4088 2682 4164 παραφυλάξουσιν
2763 4085 2922 4151 αὐτὰ,
2964 4080 3103 4135 ὥστε
3177 4074 3595 4150 διαμερισθῆναι

318 4186 379 4256 ἐξ
408 4184 525 4239 ῐσου
548 4179 690 4235 κατὰ
714 4179 805 4234 τὸν
831 4179 960 4251 περὶ
997 4179 1179 4235 αὐτῶν
1211 4179 1501 4252 ὁρισθέντα
1529 4181 1721 4236 τύπον.

392 4281 494 4346 ps’.
533 4271 890 4328 ’Υποπτεύων
943 4271 1250 4345 στρατηγὸς
1302 4272 1628 4345 συχνότερον
1677 4274 1746 4328 τὰ
1802 4275 1911 4328 τῶν

320 4369 603 4442 πολεμίων
650 4366 1066 4440 ἐπιτηδεύματα
1116 4367 1367 4438 ἀσφαλής
1415 4385 1507 4438 μοι
1563 4368 1714 4422 δοκεῖ
1772 4369 1916 4423 κατά

2097 4274 2221 4332 105.
2255 4273 2360 4341 Qui
2399 4271 2601 4343 smpius
2641 4267 2885 4325 consilia
2943 4261 3220 4335 coniectat
3271 4260 3593 4330 imperator,

2021 4372 2068 4428 is
2100 4369 2166 4426 ad
2213 4369 2414 4425 bellum
2456 4374 2510 4421 et
2553 4374 2877 4436 apparatum
2911 4358 3170 4416 bellicum
3206 4351 3443 4410 maxime
3472 4346 3593 4404 ido-

324 4480 386 4516 τε
412 4463 508 4517 τὸν
541 4462 782 4533 πόλεμον
813 4460 908 4516 καὶ
939 4458 1038 4533 τὴν
1067 4459 1236 4532 ἀλλην
1268 4460 1436 4517 αὑτοῦ
1466 4457 1745 4535 διαγωγὴν
1779 4464 1901 4518 άνα-

2021 4479 2158 4520 neus
2187 4478 2310 4519 esse
2338 4459 2578 4516 videtur.

410 4574 630 4611 νςηναι.

410 4576 442 4608 ν
519 4574 630 4611 ναι.

553 4646 885 4720 Ἀμάρτημα
919 4645 1231 4719 στρατηγοῦ
1267 4645 1524 4718 μέγιστον
1553 4642 1704 4711 οἴδα,
1731 4647 1791 4702 τὸ
1822 4649 1920 4719 μιᾷ

329 4745 482 4816 μάχῃ
523 4741 799 4813 φθαρῆναι
834 4740 896 4794 τὸ
949 4739 1085 4794 πολὺ
1140 4757 1237 4793 του
1290 4738 1725 4812 στρατεύματος.
1797 4740 1925 4794 Ἐάν

325 4839 435 4911 γὰρ
469 4834 738 4907 νουνεχῶς
774 4835 874 4906 τὴν
907 4833 1055 4888 κατὰ
1109 4831 1226 4886 τῶν
1292 4833 1576 4902 πολεμίων
1627 4835 1926 4905 ποιήσηται

327 4931 657 5005 παράταξιν,
685 4929 780 4984 καὶ
812 4930 952 5001 μετὰ
979 4929 1297 5000 φρονήσεως
1320 4928 1784 5000 περιστρέφηται,
1813 4928 1922 4983 κᾶν

332 5026 514 5101 συμσῠῇ
545 5043 597 5078 τι
644 5023 893 5093 πταῖσμα
932 5024 1064 5093 περὶ
1095 5020 1188 5075 τὸν
1235 5020 1431 5075 ἐαυτοῦ
1463 5020 1717 5091 στρατὸν,
1752 5019 1785 5090 ἢ
1821 5020 1918 5074 εὐ-

338 5120 551 5182 τάκτως
601 5115 956 5188 ἀναχωρήσῃ,
988 5113 1020 5182 ἦ
1054 5113 1266 5186 ταχέως
1308 5112 1409 5185 τὴν
1460 5107 1631 5185 ἧτταν
1695 5112 1913 5184 ἀναμα-

337 5209 592 5282 χέσηται.

411 5303 510 5374 ρξ’.
546 5303 793 5374 Λυπήσει
823 5301 951 5367 τοὺς
982 5300 1331 5373 πολεμίουςή
1368 5300 1506 5372 μετὰ
1537 5299 1792 5366 εὐταξίας
1825 5300 1920 5354 καὶ

335 5395 570 5467 ἁρμοδία
630 5397 781 5466 παρὰ
828 5392 922 5448 σοῦ
944 5392 1207 5464 γινομένη
1249 5390 1557 5463 παράταξις
1605 5392 1699 5444 καὶ
1750 5389 1923 5454 οὕτως

339 5488 716 5560 φυλαττομένη
747 5489 806 5543 ὲν
834 5487 942 5560 ὅλῳ
965 5487 1042 5559 τῷ
1066 5487 1166 5553 τῆς
1191 5487 1372 5558 μάχης
1405 5485 1603 5557 καιρῷ.
1646 5486 1919 5548 Μέγιστον

337 5580 536 5653 γὰρέν
580 5580 886 5653 παρατάξει
933 5579 1269 5650 κεφάλαιον,
1320 5580 1414 5633 καὶ
1456 5577 1594 5649 πρὸς
1643 5579 1918 5650 σωτηρίαν

340 5673 574 5745 βέϐαιον,
608 5676 670 5730 τὸ
699 5674 994 5745 φυλάττειν
1025 5675 1154 5738 τοὺς
1195 5673 1539 5746 μαχομένους
1558 5673 1655 5743 τήν
1678 5689 1737 5725 τε
1767 5671 1922 5739 τάξιν

341 5769 522 5824 αὐτῶν
560 5770 654 5824 καὶ
691 5768 829 5841 μετὰ
855 5766 991 5833 τάξυ
1027 5768 1142 5840 (56)
1177 5767 1544 5838 διαστήματα.

2095 4638 2218 4696 106.
2252 4636 2546 4692 Maximum
2606 4628 2955 4704 imperatoris
3002 4631 3285 4699 peccatum
3333 4628 3439 4682 est.
3485 4631 3597 4672 uno

2024 4735 2212 4806 praelio
2250 4725 2442 4787 omnes
2470 4727 2661 4798 copias
2695 4723 3038 4792 superandas
3088 4716 3323 4773 tradere.
3362 4713 3416 4768 Si
3448 4712 3594 4768 enim

2023 4825 2323 4897 prudenter
2346 4837 2407 4878 se
2437 4821 2729 4876 adversum
2761 4808 3309 4873 hostesinstruxerit,
3345 4807 3416 4861 ita
3444 4817 3599 4860 exer-

1990 4972 1993 4973 ν
2029 4925 2200 4979 citum
2233 4918 2539 4993 apparabit,
2572 4926 2633 4971 ut
2675 4916 2720 4972 si
2751 4927 2873 4984 quae
2925 4909 3155 4966 oﬂ‘ensio
3203 4907 3250 4962 ei
3283 4902 3593 4973 contingat,

2023 5018 2106 5074 vel
2134 5016 2384 5072 ordinate
2416 5011 2686 5079 discedat,
2715 5009 2796 5064 vel
2822 5004 2980 5062 facile
3050 5001 3413 5060 offensionem
3469 4994 3595 5052 belli

2023 5116 2334 5182 recuperet.

2099 5296 2222 5353 107.
2277 5293 2475 5350 Hostes
2511 5290 2746 5349 maxime
2783 5286 3070 5345 excruciat
3132 5281 3404 5345 ordinate,
3437 5285 3601 5346 atque

2028 5390 2370 5462 aequabiliter
2393 5388 2538 5442 acies
2564 5387 2858 5447 instructa,
2896 5395 3019 5452 quae
3057 5378 3138 5433 sic
3167 5384 3342 5431 totum
3382 5379 3602 5440 tempus

2025 5487 2197 5561 praelii
2224 5493 2525 5556 permanet.
2555 5482 2732 5551 Caput
2762 5478 2904 5534 enim
2945 5472 3189 5531 omnium
3259 5469 3313 5523 in
3351 5464 3465 5521 acie
3494 5470 3602 5561 est,

2025 5557 2080 5640 et
2142 5582 2208 5638 ad
2259 5582 2492 5638 salutem
2561 5575 2962 5638 lirmissimum,
3027 5575 3085 5624 ut
3124 5565 3328 5622 milites
3364 5563 3420 5616 in
3458 5557 3603 5614 bello

2027 5684 2144 5730 tum
2170 5675 2365 5743 aciem,
2393 5681 2506 5729 tum
2539 5667 2828 5727 intervalla
2856 5667 3103 5722 locorum
3137 5661 3494 5716 conservent.

1857 5855 2065 5916 NOTAE

414 5952 525 6025 (56)
547 5957 654 6014 Καὶ
685 5957 830 6029 μετὰ
854 5957 1024 6027 τάξυ.
1063 5957 1272 6026 Scribe,
1305 5955 1398 6011 καὶ
1429 5952 1495 6008 τὰ
1533 5948 1759 6022 μεταξύ.
