4036 6300
513 388 654 456 1043

1734 397 1929 458 LEON
1942 397 2010 457 IS
2064 393 2526 457 PHILOSOPHI

3531 465 3533 467 .
3644 393 3784 459 1011

581 505 707 562 108.
753 504 958 574 Solem,
1014 515 1069 565 et
1121 519 1369 576 ventum,
1423 520 1477 567 et
1531 511 1811 583 pulverem
1863 529 1892 566 a
1939 522 2092 583 tergo

2271 513 2376 577 ρη’.
2413 505 2606 560 ’Ἥλιον
2633 504 2725 559 καὶ
2749 505 2950 576 ἄνεμον
2982 504 3382 576 καὶικονιορτδν
3419 505 3652 561 δπισθεν
3688 508 3784 577 μὲν

504 606 726 656 tuorum
760 599 986 668 habeas,
1014 610 1068 658 et
1089 618 1156 659 ex
1189 603 1420 660 adverso
1448 603 1608 660 faciei
1650 605 1891 661 hostium
1919 625 1935 662 :
1982 606 2084 661 hoc

503 697 652 752 enim
679 699 734 752 in
761 697 958 767 primis
998 698 1134 756 utile
1154 707 1272 770 est;
1326 700 1599 772 siquidem
1649 701 1888 757 hostium
1940 702 2086 758 oculi

503 791 589 845 vel
621 791 736 846 sole
758 791 1019 860 hebetati,
1058 794 1140 850 vel
1178 794 1408 866 spiritus
1471 795 1692 866 pulvere
1739 796 2084 860 obstructus,

503 883 588 938 vel
629 899 862 954 corpora
897 895 1061 943 vento
1088 888 1556 953 transverberata,
1586 887 1749 945 facile
1778 889 1877 945 tibi
1909 889 2084 945 victo-

501 973 643 1029 riam
686 975 1016 1032 concedent.

581 1144 706 1200 109.
733 1144 1110 1203 Ten-aerarium
1136 1148 1347 1206 hostem
1385 1159 1536 1207 tuum
1576 1154 1643 1209 ad
1693 1155 2084 1224 temeritatem,

503 1243 555 1292 e‘.
617 1246 800 1294 motus
822 1243 1091 1310 quosdam
1127 1242 1318 1298 inanes
1346 1260 1514 1301 evoca
1544 1265 1556 1300 :
1590 1246 1676 1302 sin
1701 1248 1929 1305 timidus
1963 1247 2078 1306 fue-

505 1332 601 1397 rit,
636 1333 913 1391 coutinuis
938 1334 1372 1407 incursionibus,
1395 1345 1449 1395 et
1499 1355 1599 1396 nec
1635 1342 1878 1412 opinatis
1928 1343 2082 1398 illum

506 1424 802 1484 adoriaris.
852 1427 1180 1502 Imperatori
1227 1434 1374 1490 enim
1436 1435 1680 1491 hostium
1751 1445 1947 1493 natura
1992 1454 2092 1494 co-

504 1520 820 1590 gnoscenda
851 1534 954 1589 eet,
991 1534 1044 1578 et
1073 1539 1170 1594 pro
1202 1524 1324 1596 ejus
1365 1526 1582 1583 ratione
1628 1529 1862 1584 consilia
1914 1529 2086 1587 facta-

501 1629 612 1684 que
648 1624 738 1671 tua
766 1617 950 1672 omnia
983 1617 1266 1677 iustitues.

577 1707 703 1764 110.
767 1709 873 1776 Qui
931 1709 999 1764 ad
1070 1711 1367 1768 dicendum
1420 1715 1729 1772 instructus
1787 1715 2089 1787 imperator

502 1813 610 1868 est,
633 1802 852 1860 timidos
880 1805 1174 1860 multorum
1201 1807 1417 1862 animos
1445 1807 1512 1863 ad
1536 1808 1778 1878 praelium
1810 1809 2084 1876 accendit,

2195 597 2340 652 ποίει
2373 596 2468 652 τοῦ
2501 596 2596 651 σοῦ
2620 597 3054 668 στρατεύματος,
3092 597 3234 651 κατὰ
3261 599 3555 668 πρόσωπον
3583 598 3647 652 δὲ
3677 598 3783 651 τῶν

2194 689 2472 760 πολεμίων
2494 706 2509 720 ο
2540 689 2701 743 τοῦτο
2727 688 2836 762 γὰρ
2885 690 3031 744 πάνυ
3080 688 3363 761 συμφέρον
3416 691 3705 763 εὑρήσειςο
3735 692 3783 744 οί

2193 781 2305 852 γὰρ
2364 780 2615 853 πολέμιοι
2670 781 2770 854 τὴν
2822 782 3014 852 ὅρασιν
3055 781 3622 855 συσχεθέντες,ήτὴν
3650 784 3784 836 ἀνα-

2195 872 2366 945 πνοὴν
2421 872 2746 943 ὲπεχόμενοι
2787 873 2882 925 καὶ
2931 871 3318 943 κρατούμενοι,
3380 871 3412 942 ἥ
3476 871 3638 944 παρὰ
3693 870 3783 926 τοῦ

2193 966 2400 1038 ἀνέμου
2435 966 2787 1038 τυπτόμενοι,
2837 966 3060 1037 ταχεῖάν
3100 982 3184 1019 σοι
3243 965 3636 1038 παραδώσουσι
3689 965 3786 1038 τὴν

2195 1059 2378 1130 νίκην.

2265 1154 2367 1225 ρθν.
2403 1153 2623 1227 Θρασὺν
2672 1155 2804 1209 ὅντα
2859 1153 2950 1208 τὸν
2985 1153 3286 1226 πολέμιον,
3344 1153 3651 1226 πρατηγέ,
3711 1157 3788 1220 είς

2189 1245 2420 1317 ἄκαιρον
2450 1248 2783 1319 προπέτειαν
2814 1248 3044 1304 ἐκκάλει
3079 1249 3174 1302 καὶ
3206 1248 3442 1319 ματαίας
3494 1248 3751 1320 κινήσεις
3772 1266 3786 1277 ·

2194 1339 2291 1393 ὲ-ὰν
2314 1339 2371 1393 δέ
2398 1341 2546 1394 ἐστιν
2573 1340 2765 1409 δειλὸς,
2785 1342 2843 1396 ἐν
2866 1341 3116 1413 ταχείαις
3147 1341 3312 1396 αὐτὸν
3342 1340 3674 1396 ἑπελεύσεσι
3699 1343 3790 1396 καὶ

2193 1432 2444 1506 συνεχέσι
2489 1434 2864 1506 κατάπληττε.
2918 1436 3011 1488 Δεῖ
3059 1435 3170 1506 γάρ
3219 1451 3280 1488 σε
3340 1433 3644 1504 γινώσκειν
3697 1433 3790 1488 τοῦ

2193 1526 2502 1600 στρατηγοῦ
2549 1527 2658 1582 τῶν
2713 1526 2992 1599 πολεμίων
3046 1528 3148 1600 τήν
3199 1526 3464 1591 διάθεσιν,
3500 1527 3600 1581 καὶ
3650 1524 3789 1598 πρὸς

2192 1617 2404 1692 ταύτην
2433 1618 2737 1693 κεχρῆσθαι
2767 1621 2881 1683 τοῖς
2910 1621 3028 1683 σοῖς
3057 1621 3534 1691 στρατηγήμασιν.

2266 1715 2356 1782 ρι’.
2406 1709 2606 1775 Ἰκανὺς
2658 1708 2733 1764 ὢν
2779 1711 2839 1764 ὲν
2871 1710 2950 1783 τῷ
2979 1709 3180 1778 λέγειν,
3229 1704 3276 1765 ὦ
3346 1710 3649 1782 στρατηγέ,
3700 1711 3794 1766 καὶ

2191 1804 2319 1868 τοὺς
2357 1803 2674 1869 δειλιῶντας
2733 1803 2994 1868 πολλάκις
3050 1806 3132 1868 είς
3202 1803 3384 1876 μάχην
3431 1805 3788 1877 ἀναστήσεις.

505 1900 562 1947 et
591 1894 1001 1951 calamitatibus
1041 1898 1282 1969 acceptis
1339 1897 1500 1955 facile
1555 1916 1690 1957 suos
1741 1901 2081 1968 consolatur,

2213 1897 2286 1951 ιαὶ
2341 1897 2438 1962 τὰς
2474 1900 2532 1953 ὲν
2582 1900 2693 1963 τοῖς
2743 1898 3129 1970 στρατοπέδοις
3184 1899 3474 1970 συμφορὰς
3550 1897 3794 1961 εὐκόλως

503 1994 560 2042 et
596 1997 854 2045 strenuos
884 1991 1033 2047 viros
1070 1997 1244 2064 magis
1285 1994 1532 2051 roborat.
1556 2003 1610 2050 et
1644 1996 1946 2053 multorum
1977 1996 2080 2054 bo-

505 2098 703 2140 norum
732 2085 994 2143 universo
1021 2087 1294 2144 exercitui
1347 2100 1542 2146 auctor
1569 2098 1678 2164 est.

575 2284 702 2340 111.
727 2285 962 2343 Sobrius
1007 2288 1084 2344 sis
1115 2295 1171 2344 et
1203 2288 1458 2360 vigilans,
1505 2298 1558 2346 et
1609 2291 1856 2348 omnium
1883 2293 2087 2349 milita-

506 2379 650 2434 rium
681 2380 929 2435 laborum
952 2381 1320 2453 perferentior
1348 2384 1563 2441 caeteris
1611 2385 1898 2443 militibus.
1930 2387 1977 2441 Α
2003 2387 2088 2442 lu-

508 2475 590 2530 cri
625 2476 930 2546 cupiditate
978 2477 1165 2546 absis;
1222 2477 1294 2532 ita
1326 2479 1473 2534 enim
1530 2479 1996 2546 benevolentiam,
2033 2488 2090 2536 et

507 2567 866 2637 cupiditatem
899 2569 1099 2624 bonam
1137 2569 1237 2626 tibi
1268 2571 1411 2642 apud
1455 2586 1652 2628 omnes
1713 2573 2086 2643 comparabis,

507 2664 564 2710 et
594 2671 718 2712 cum
755 2658 825 2714 ab
863 2659 970 2715 illis
1000 2660 1268 2732 diligeris,
1301 2663 1542 2735 prompti
1581 2664 1649 2720 ad
1683 2679 1879 2723 omnes
1933 2665 2091 2723 labo-

507 2763 598 2804 res
623 2749 1008 2822 suscipiendos
1036 2760 1219 2810 erunt.

579 2868 705 2925 H2.
743 2869 844 2926 [lbi
869 2871 1155 2929 victoriam
1191 2877 1288 2934 tibi
1343 2875 1490 2935 Deus
1549 2878 1787 2949 dederit,
1814 2890 1869 2936 et
1909 2878 2088 2938 hostis

511 2977 700 3032 pacem
746 2965 933 3020 utilem
983 2978 1230 3041 exoptat,
1285 2987 1355 3028 ne
1377 2973 1542 3028 nimis
1593 2974 1768 3032 durus
1824 2977 1924 3046 sis,
1992 2977 2089 3034 sed

511 3059 757 3114 concede
790 3058 892 3115 hoc
916 3061 1016 3126 illi,
1051 3074 1106 3118 et
1136 3079 1325 3136 pacem
1383 3079 1509 3121 cum
1542 3067 1641 3122 illo
1689 3067 1881 3127 facias.
1931 3070 2096 3142 Cogi-

512 3157 633 3207 tare
660 3152 806 3206 enim
843 3151 1010 3210 debes
1039 3157 1338 3227 ancipitem
1371 3157 1499 3213 belli
1543 3161 1772 3228 exitum,
1828 3170 1881 3217 et
1915 3162 2100 3232 quoti-

513 3242 734 3298 dianam
769 3259 951 3300 rerum
986 3248 1374 3314 mutationem,
1403 3257 1572 3321 atque
1618 3252 2058 3308 conversionem.
2127 3245 2171 3307 C

586 3358 713 3415 115.
767 3355 882 3416 lIoe
941 3370 1145 3428 autem,
1176 3362 1322 3434 quod
1357 3381 1502 3437 saepe
1555 3369 2007 3436 commemoravi,
2042 3369 2100 3425 in

515 3450 712 3525 primis
747 3453 1008 3508 memoria
1037 3464 1245 3523 teneas,
1296 3457 1559 3524 majorem
1611 3467 1664 3514 te
1710 3475 1900 3515 curam
1968 3476 2100 3531 pro-

515 3543 897 3616 visionemque
924 3560 1209 3602 armorum
1254 3548 1442 3605 facere
1476 3549 1719 3616 debere,-
1755 3567 1918 3619 quam
1967 3552 2104 3609 alio-

517 3651 665 3702 rum,
697 3652 819 3707 qua:
866 3637 932 3692 ad
992 3653 1142 3695 arma
1181 3642 1477 3712 pertinent.
1539 3641 1674 3697 Nam
1735 3653 2101 3714 commeatus,

518 3736 828 3800 caeteraque
860 3734 1197 3801 necessaria,
1253 3737 1339 3794 vel
1374 3750 1437 3791 ex
1470 3735 1718 3791 hostium
1781 3738 2103 3808 regionibus

520 3821 860 3891 suppeditari
900 3834 1137 3894 possunt
1168 3847 1181 3882 :
1216 3825 1336 3883 sine
1376 3829 1550 3884 armis
1575 3836 1781 3893 autem,
1816 3839 1911 3884 aut
1933 3833 2100 3887 etiam

521 3912 593 3970 iis
624 3912 1030 3984 deﬁcientibus,
1062 3921 1250 3976 hostes
1309 3923 1605 3994 proﬂigare
1638 3939 1746 3978 non
1778 3933 1958 3995 potes.

600 4213 726 4270 114.
779 4214 1099 4283 Clamosus,
1144 4227 1200 4274 et
1248 4218 1458 4276 vocalis
1485 4220 1784 4289 exercitus,
1839 4231 2001 4291 atque
2035 4219 2106 4275 ad

527 4309 803 4364 ovandnm
838 4309 1092 4378 idoneus,
1119 4310 1364 4370 hostium
1398 4313 1575 4371 aciem
1611 4329 1946 4389 magnopere
1977 4323 2106 4386 per-

528 4405 795 4463 turbabit.

601 4523 732 4580 115.
774 4523 833 4582 Si
868 4523 1223 4584 multitudine
1262 4543 1494 4584 arcuum
1548 4529 1740 4585 hostes
1774 4527 1899 4584 l‘rcti
1959 4534 2110 4593 sunt,

2192 1991 2595 2067 παραμυθήσῃ,
2621 1993 2716 2047 καὶ
2740 1995 2865 2058 τοὺς
2891 1992 3171 2064 ἀνδρείους
3200 1993 3402 2065 μᾶλλον
3427 1991 3791 2065 ἐπιρῤὡσειςσ

2195 2085 2293 2138 καὶ
2339 2083 2554 2139 πολλῶν
2589 2084 2812 2152 ἀγαθῶν
2846 2086 2938 2140 διὰ
2973 2087 3076 2159 τῆς
3110 2087 3212 2159 σῆς
3245 2086 3516 2160 ἔμφρονος
3543 2087 3798 2158 δημηγοο

2200 2179 2324 2252 ρίας
2357 2179 2450 2234 τὸν
2481 2180 2725 2253 ὑπήκοον
2760 2179 2992 2253 στρατὸν
3020 2179 3382 2253 ἀναπλήσεις.

2275 2301 2402 2366 ριαθ.
2440 2295 2653 2368 Νήφειν
2678 2295 2920 2368 ὀφείλεις
2957 2296 3055 2351 καὶ
3101 2295 3224 2351 λίαν
3255 2295 3525 2369 ὑπάρχειν
3554 2295 3792 2367 ἐγρήγο-

2203 2404 2318 2459 ρος,
2354 2387 2451 2443 καὶ
2480 2389 2682 2460 μᾶλλον
2711 2389 2822 2444 τῶν
2848 2389 3027 2445 ἄλλων
3052 2390 3404 2463 στρατιωτῶν
3430 2389 3543 2444 τῶν
3565 2390 3791 2462 πολεμι-

2203 2480 2319 2535 κῶν
2373 2480 2627 2552 μετέχειν
2679 2482 2878 2551 πόνων,
2915 2477 2960 2537 ῶ
3001 2482 3297 2555 στρατηγὲ,
3346 2481 3532 2553 ὀλίγου
3585 2482 3646 2538 δὲ
3699 2482 3790 2537 τοῦ

2205 2576 2454 2647 κέρδους.
2482 2577 2669 2641 Οὕτως
2693 2580 2803 2651 γὰρ
2834 2579 2930 2634 καὶ
2974 2578 3074 2652 τὴν
3105 2578 3259 2650 παρὰ
3302 2579 3524 2634 πάντων
3581 2576 3790 2632 εὔνοιαν

2205 2668 2347 2739 μετὰ
2377 2667 2535 2739 δόξης
2567 2670 2765 2742 κτήσῃ,
2820 2670 2914 2725 καὶ
2945 2669 3267 2742 φιλούμενος
3311 2670 3404 2724 ὑπ’
3435 2671 3618 2725 αὐτῶν
3671 2687 3791 2723 συνο

2203 2761 2645 2834 αγωνιζομένους
2670 2779 2752 2817 σοι
2778 2763 3079 2835 προθύμως
3109 2765 3167 2818 ὲν
3187 2765 3303 2828 τοῖς
3331 2763 3602 2828 κινδύνοις
3623 2761 3788 2829 ἕξεις.

2276 2877 2403 2948 ριβ¹.
2437 2876 2606 2931 Ὅταν
2657 2877 2794 2948 μετὰ
2843 2878 3004 2948 νίκην
3035 2880 3102 2950 ἥν
3150 2881 3178 2934 ό
3211 2879 3345 2944 Θεός
3396 2897 3481 2933 σοι
3533 2873 3791 2951 παράσχῃ

2204 2966 2438 3041 ἐπιζητῇ
2498 2969 2526 3023 ὁ
2583 2968 2843 3040 πολέμιος
2894 2971 3120 3043 εἰρήνην
3171 2971 3449 3042 ἑπωφελῆ,
3507 2971 3586 3042 μὴ
3642 2970 3790 3040 γίνου

2204 3062 2492 3132 ἀκαμπὴς,
2526 3060 2642 3116 ἀλλ’
2665 3061 2909 3116 ὑπάκουε
2939 3061 3135 3131 τούτῳ,
3165 3062 3260 3116 καὶ
3290 3063 3565 3134 εἰρήνευε,
3597 3060 3792 3118 two:th

2206 3154 2268 3209 τὸ
2296 3156 2405 3209 τῶν
2439 3151 2694 3226 πολέμων
2728 3154 2822 3210 καὶ
2850 3155 2950 3228 τῆς
2978 3155 3151 3228 τύχης
3181 3154 3401 3227 ἄδηλον.

2287 3365 2415 3434 ριγ’.
2458 3360 2914 3434 Ύπομιμνήσκου
2949 3359 3037 3415 ἀεὶ
3060 3361 3157 3415 καὶ
3185 3360 3294 3416 τῶν
3321 3360 3491 3415 πάλαι
3521 3377 3605 3414 σοι
3642 3359 3792 3432 είρη·

2216 3453 2394 3525 μένων
2437 3453 2593 3524 παρὰ
2640 3453 2739 3524 τῆς
2781 3452 2940 3524 ἡμῶν
2976 3451 3276 3524 βασιλείας,
3309 3445 3355 3507 ὦ
3387 3451 3686 3526 στρατηγὲ,
3716 3452 3792 3506 ὅτι

2218 3547 2421 3618 μᾶλλον
2444 3547 2547 3618 τὴν
2596 3545 2918 3616 ἐπιμέλειαν
2953 3564 3011 3602 τε
3040 3547 3134 3601 καὶ
3175 3545 3435 3617 πρόνοιαν
3465 3545 3576 3600 τῶν
3619 3545 3793 3623 ὅπλων

2214 3642 2518 3712 χρεωστεῖς
2551 3640 2842 3706 ποιεῖσθαι,
2874 3640 3019 3711 ἥπερ
3051 3639 3163 3693 τῶν
3202 3639 3524 3708 ἐπιτηδείων
3561 3639 3694 3710 περὶ
3730 3636 3794 3691 τὰ

2214 3727 2378 3783 ὅπλα.
2410 3721 2575 3793 Οἶδας
2599 3727 2710 3800 γὰρ
2729 3729 2811 3782 ὅτι
2828 3728 2895 3783 τὰ
2919 3728 3204 3799 ἐπιτήδεια
3224 3729 3322 3799 μὲν
3348 3723 3459 3783 οἷον
3480 3728 3790 3800 διατροφὰς,

2216 3820 2314 3874 καὶ
2341 3819 2412 3873 τὰ
2441 3819 2586 3874 ἄλλα
2629 3819 2738 3874 ἁπδ
2766 3820 2868 3890 τῆς
2911 3819 3099 3891 χώρας
3130 3819 3237 3874 τῶν
3271 3819 3549 3892 πολεμίων
3580 3819 3794 3892 πορίζε-

2218 3915 2344 3970 σθαι
2377 3916 2600 3972 δυνατόν
2663 3917 2833 3971 ἐστιν.
2893 3916 3113 3970 Ὀπλων
3169 3915 3226 3970 δὲ
3300 3918 3490 3989 χωρὶς,
3525 3918 3559 3987 ἢ
3599 3920 3799 3973 τούτων

2219 4010 2601 4080 ἐπιλιπόντων,
2684 4012 2800 4077 τοῖς
2849 4010 3145 4084 χρῄζουσιν
3214 4011 3273 4065 οὗ
3334 4011 3631 4084 κρατήσεις
3693 4009 3794 4064 τῶν

2216 4103 2522 4176 δυσμενῶν.

2294 4221 2412 4294 ριδ’.
2450 4220 2779 4293 Θαρσαλέως
2806 4221 3177 4293 ἀναφωνῆσαν
3210 4219 3597 4292 μεγαλόφωνον
3637 4219 3792 4291 στρά·

2221 4333 2404 4388 τευμα
2442 4315 2540 4371 καὶ
2584 4316 2891 4386 ἐπιτήδειον
2926 4316 3064 4387 πρὺς
3093 4314 3434 4387 ἀλαλαγμὸν,
3466 4314 3792 4385 καταπλήξει

2223 4408 2445 4472 πάντως
2476 4406 2576 4480 τὴν
2607 4408 2718 4461 τῶν
2749 4406 3025 4477 πολεμίων
3052 4405 3381 4479 παράταξιν.

2298 4529 2414 4594 ριε’.
2465 4522 2593 4579 Ἐὰν
2624 4523 2682 4577 ἐν
2700 4522 2893 4594 πλήθει
2917 4521 3151 4588 τοξοτῶν
3180 4523 3230 4576 oi
3257 4521 3509 4593 πολέμιοι
3543 4521 3794 4577 πεποίθα-

532 4618 813 4675 lnunidius
833 4620 1032 4676 ctelnm
1058 4623 1402 4690 observabis,
1433 4631 1546 4678 tum
1601 4623 1746 4679 enim
1801 4623 2095 4694 languidio-

2219 4635 2323 4683 σιν,
2369 4615 2699 4690 ύγροτέρους
2752 4614 2923 4687 ἀέρας
2968 4615 3241 4686 ἐπιτήρει,
3281 4613 3451 4668 διὰτὸ
3479 4614 3795 4683 ἁπαλώτερα

532 4726 622 4768 res
657 4712 872 4768 illorum
903 4729 1066 4771 arcus
1096 4715 1247 4771 (ient.
1278 4714 1433 4783 Quod
1468 4716 1513 4771 si
1559 4721 1673 4769 tum
1704 4731 1831 4770 cum
1862 4714 2095 4770 hostibu:

2221 4711 2471 4780 γίνεσθαι
2510 4711 2579 4764 τὰ
2609 4709 2759 4775 τόξα.
2794 4707 2982 4772 Οὕτως
3015 4707 3125 4780 γὰρ
3161 4707 3267 4779 τὴν
3300 4706 3440 4779 πρὸς
3490 4709 3619 4771 τοὺς
3652 4709 3793 4760 ἐναν-

534 4804 878 4873 εοηίῖῑχετίε,
925 4807 1110 4866 minus
1142 4809 1447 4866 deillorum
1479 4809 1698 4881 sagittis
1745 4808 2050 4864 laborabis.

611 5009 733 5066 116.
762 5010 868 5078 Qui
905 5010 1022 5067 suis
1066 5012 1235 5069 rebus
1285 5015 1457 5086 gestis
1505 5030 1620 5087 prae
1644 5023 1792 5082 ucet,
1857 5031 1968 5072 non
2025 5014 2120 5086 qui

539 5105 758 5175 generis
790 5105 1057 5174 dignitate
1088 5107 1540 5174 commendatur,
1588 5107 1827 5165 illustris
1880 5108 2123 5180 impera-

2217 4807 2370 4870 τίους
2401 4805 2723 4877 ποιούμενος
2772 4802 3095 4875 συμπλοκὴν
3130 4801 3588 4880 εὐκαταφρόνητα
3631 4797 3794 4855 αὐτῶν

2221 4901 2586 4971 καταστήσεις
2614 4898 2682 4952 τὰ
2706 4897 2858 4970 βέλη.

2297 5023 2428 5089 ρις¹.
2476 5015 2544 5070 Ὀ
2590 5017 2712 5078 ταῖς
2762 5012 2996 5077 οἰκείαις
3049 5009 3535 5082 καλλωπιζόμενος
3577 5009 3794 5080 πράξεσι

2229 5110 2564 5184 στρατηγὸς,
2607 5108 2819 5174 ἐκεῖνός
2868 5109 3016 5163 ἐστιν
3058 5106 3301 5178 ἄριστος,
3335 5104 3452 5159 ἀλλ’
3503 5104 3600 5175 οὐχ
3649 5107 3676 5158 ὁ
3704 5099 3794 5156 ἀπὸ

542 5213 632 5258 tor
662 5213 766 5268 est,
790 5205 1254 5276 quemadmodum
1303 5222 1485 5277 neque
1529 5221 1699 5262 aurea
1760 5206 1919 5263 hasta
1974 5206 2091 5262 utili

2224 5205 2321 5261 τοῦ
2376 5207 2568 5277 γένους
2623 5203 2897 5275 λαμπρὸς,
2950 5202 3141 5267 ὥσπερ
3202 5201 3325 5255 οὐδὲ
3387 5199 3595 5272 χρυσέα
3645 5198 3793 5266 λόγχη

545 5300 610 5353 ad
640 5298 863 5363 bellum,
896 5299 990 5354 sed
1033 5298 1209 5357 ferrea
1261 5309 1493 5358 etaeuta
1519 5310 1628 5358 est.

624 5501 748 5560 117.
775 5504 971 5576 Magna
998 5505 1268 5575 gravitate
1292 5505 1566 5562 videberis
1592 5520 1737 5570 esse,
1760 5504 1981 5576 quando
2018 5521 2129 5561 non

2230 5300 2482 5372 χρησίμη
2518 5298 2656 5372 πρὸς
2704 5296 2978 5369 πόλεμον,
3014 5295 3151 5350 ἀλλὰ
3222 5293 3448 5368 σιδηρέα
3491 5295 3586 5349 καὶ
3631 5293 3794 5362 ἄκρως

2227 5393 2399 5464 ήκονη
2409 5392 2544 5465 μένη
2557 5432 2571 5446 .

2305 5506 2429 5579 ριξη
2471 5503 2706 5578 ’Υψηλδς
2761 5503 2859 5576 τὴν
2889 5501 3130 5558 διάνοιαν
3187 5501 3516 5574 λογισθησῃ.
3574 5517 3701 5554 οταν
3744 5494 3793 5548 ού

548 5597 838 5665 praesentia
872 5597 1050 5651 solum
1079 5605 1228 5653 recte
1281 5598 1577 5668 gubernas,
1625 5596 1719 5654 sed
1776 5614 1896 5668 qua:
1947 5596 2093 5653 futur

2231 5601 2301 5655 τὰ
2338 5599 2581 5672 παρόντα
2611 5598 2772 5670 μόνον
2800 5598 2900 5651 καὶ
2926 5594 3344 5667 προσπίπτοντα
3375 5595 3590 5666 διοικῇς
3617 5591 3792 5664 ὀρθῶς.

549 5688 715 5746 etiam
748 5699 878 5746 sunt
909 5691 1204 5762 prospicis,
1242 5692 1444 5762 illaque
1503 5691 1700 5749 idonee
1750 5692 2128 5750 administras.

629 5896 751 5953 118.
785 5897 829 5953 Δ
861 5897 1228 5970 voluptatibus
1289 5914 1348 5958 se
1378 5908 1705 5972 temperare,
1735 5898 1993 5957 omnibus
2050 5908 2129 5958 est

2233 5690 2279 5749 ὦ
2323 5693 2622 5767 στρατηγὲ,
2654 5692 2770 5747 ἀλλ’
2819 5692 2947 5746 ὅταν
2977 5690 3072 5745 τοῦ
3107 5690 3392 5762 μέλλοντος
3440 5689 3545 5761 τὴν
3596 5687 3796 5743 δέουσαν

2236 5787 2440 5860 ποιήσῃ
2475 5786 2573 5841 καὶ
2602 5785 2860 5858 φροντίδα
2884 5785 2980 5838 καὶ
3010 5783 3290 5858 πρόνοιαν.

2314 5905 2442 5973 ριη’.
2490 5900 2968 5988 Ἰἰδονῆςηκρατείν
3017 5898 3108 5954 καὶ
3141 5900 3198 5953 ὲν
3243 5897 3404 5954 παντί
3451 5895 3630 5968 καιρῷ
3673 5890 3794 5960 ἀόρι-
