3968 6308
270 436 408 508 1015

1385 432 1716 496 TACTICA.
1744 456 1808 468 --
1844 430 2347 494 CONSTITUTIO
2377 432 2499 492 XX.

3401 417 3539 490 1046

269 553 395 608 στὸν
427 550 540 626 (37)
570 550 741 618 ἐστιν,
807 550 1099 624 στρατηγῷ
1140 550 1198 606 δὲ
1232 549 1471 623 μάλιστα
1503 549 1745 621 πολέμου
1797 549 1855 602 ἐν

1996 549 2250 618 ptimum,
2275 546 2595 618 imperatori
2627 557 2809 604 autem
2839 549 3136 619 praecipue,
3167 546 3380 605 bellicis
3405 563 3537 604 vero

268 645 450 720 καιρῷ
485 645 608 700 λίαν
649 645 887 716 ὑπάρχει
914 644 1077 699 τοῦτο
1109 643 1552 716 χρησιμώτατον.

346 741 472 809 ριθ’.
505 740 662 812 Μήτε
695 741 877 810 μάχης
900 738 1249 809 ἐπικινδύνου
1276 737 1370 793 καὶ
1400 737 1601 810 πολλὴν
1628 737 1858 809 ἐχούσης

272 833 497 905 ἀδηλίαν
533 831 796 896 ἑκουσίως
845 833 1120 905 ἀπάρχου,
1191 834 1328 905 μήτε
1379 834 1489 896 τοῖς
1526 831 1853 902 παραϐόλως

279 926 480 997 μᾶλλον
518 927 562 980 δ’
608 923 914 990 ἐπιϐούλως
957 927 1335 998 χρησαμένοις
1373 926 1504 979 ποτὲ
1556 928 1669 989 τοῖς
1720 925 1864 998 πρά-

275 1037 450 1093 γμασι
500 1020 598 1073 καὶ
645 1018 1063 1090 θαυμασθέντας
1095 1019 1184 1073 διὰ
1230 1019 1421 1090 τύχην,
1477 1019 1608 1090 μηδέ
1641 1017 1862 1081 τούτους

275 1110 476 1183 ζηλοῦν
532 1110 854 1180 καταδέχου,
889 1109 1005 1164 ἀλλ’
1059 1110 1190 1164 ὅταν
1225 1109 1384 1181 χρεία
1440 1110 1665 1180 γένηται
1705 1107 1863 1161 πολέ-

279 1223 408 1276 μου.
443 1203 583 1268 Τοὺς
611 1204 710 1275 μὲν
744 1203 1039 1275 πολεμίους
1070 1203 1336 1274 ὑποδέχου
1366 1205 1506 1274 μετὰ
1540 1202 1860 1270 ἀσφαλείας,

274 1299 398 1361 ταῖς
443 1295 501 1349 δέ
535 1295 773 1358 ὀἰκείαις
822 1293 1106 1358 ἐπιϐολαῖς
1149 1293 1224 1358 ὼς
1270 1293 1338 1349 ἂν
1382 1294 1687 1367 δοκιμάσῃς
1721 1288 1860 1347 εἷναί

276 1380 468 1443 σοι.’τδ
520 1389 794 1460 χρήσιμον
843 1387 938 1442 καὶ
972 1385 1255 1459 συμφέρον
1297 1387 1564 1443 ἑκάστοτε
1606 1388 1863 1458 κέχρησο.

275 1480 428 1553 Τύχη
463 1481 561 1551 μέν
590 1482 700 1553 γάρ
732 1479 884 1546 ἆπαξ
916 1479 1139 1550 ἐνίκησε
1184 1481 1280 1534 καὶ
1321 1478 1581 1544 πολλάκις
1614 1478 1863 1535 ἔπταισε.

275 1573 592 1644 Στρατηγία
622 1573 678 1626 δέ
705 1572 996 1644 διαφόροις.
1012 1571 1229 1642 τέχναις
1251 1569 1567 1642 κεχρημένη
1606 1569 1865 1634 πολλάκις

277 1666 380 1739 μὲν
420 1667 659 1738 ἐνίκησε,
697 1666 835 1738 πρὸς
867 1665 1015 1733 ἅπαξ
1049 1666 1094 1720 δ’
1129 1665 1259 1728 ῐσως
1288 1663 1568 1719 ἔπταισεν.

351 1759 456 1832 ρκ’.
497 1758 721 1822 Ὀλέσας
752 1758 864 1830 (58)
900 1776 994 1812 σου
1028 1760 1157 1822 τοὺς
1187 1757 1558 1829 ὑποχειρίους,
1587 1749 1632 1812 ὦ
1661 1773 1855 1828 στρατ-

1964 640 2303 710 temporibus
2333 642 2386 695 in
2429 643 2622 714 primis
2659 642 3034 699 necessarium
3058 649 3164 698 est.

2037 733 2160 788 119.
2205 733 2394 804 Neque
2421 749 2622 805 anceps
2645 735 2913 806 praelium,
2948 743 3002 790 et
3043 736 3271 789 multam
3325 734 3537 793 habens

1963 827 2283 882 varietatem
2317 827 2555 883 libenter
2593 829 2814 894 incltoa,
2897 842 3077 900 neque
3130 842 3248 895 eos,
3310 829 3406 899 qui
3459 837 3541 884 te-

1966 935 2137 986 mere,
2174 920 2261 999 rei
2292 920 2558 976 insidiose
2583 921 2764 991 potius
2795 921 2959 976 rebus
2997 921 3115 976 suis
3166 921 3252 975 usi
3303 928 3456 988 sunt,
3485 925 3543 974 et

1967 1021 2190 1083 prepter
2220 1013 2498 1069 fortunam
2527 1030 2682 1069 suam
2720 1015 2777 1070 in
2809 1015 3177 1071 admiratione
3235 1021 3386 1079 sunt,
3413 1009 3541 1070 imi-

1967 1104 2101 1159 teris
2123 1146 2137 1170 ,
2164 1105 2258 1161 sed
2294 1107 2517 1178 quando
2547 1107 2749 1162 bellum
2790 1109 3037 1164 futurum
3082 1117 3190 1175 est,
3229 1109 3417 1165 hostes
3443 1123 3543 1164 ex-

1969 1196 2163 1267 cipias,
2198 1215 2360 1267 quam
2389 1201 2665 1255 tutissime
2698 1200 2944 1270 poteris;
2974 1199 3196 1256 insidiis
3251 1199 3542 1256 adversum

1969 1306 2066 1347 eos
2103 1292 2297 1357 utaris,
2347 1295 2814 1362 quemadmodum
2863 1293 3398 1365 Opportunisslmum
3423 1309 3547 1350 esse

1967 1383 2327 1451 iudicaveris.
2362 1386 2606 1442 Fortuna
2641 1388 2686 1442 si
2717 1388 2883 1444 semel
2925 1387 3142 1454 vicerit,
3202 1387 3404 1442 nutltas
3441 1386 3544 1442 ite-

1973 1492 2095 1533 rum
2133 1478 2465 1535 oﬂ‘eusioncs
2518 1480 2735 1551 accipit.
2791 1481 2896 1537 Ars
2943 1481 3296 1551 imperatoria
3342 1491 3547 1544 autem,

1973 1585 2093 1639 quae
2123 1571 2358 1626 consilio
2411 1571 2763 1644 artilicioque
2801 1573 2994 1640 utitur,
3042 1587 3289 1644 persaepe
3349 1572 3544 1638 vincit,

1971 1679 2120 1726 raro.
2151 1674 2245 1720 aut
2279 1681 2520 1736 nunqam
2554 1675 2919 1737 expugnatur.
3363 1683 3368 1686 '

2046 1758 2170 1815 120.
2203 1757 2456 1815 Pecuniae
2481 1761 2716 1832 cupidus
2752 1762 2801 1817 si
2837 1762 3029 1830 lueris,
3067 1780 3177 1820 non
3235 1764 3414 1820 solum
3447 1763 3553 1819 mi-

272 1853 399 1925 ηγέ,
434 1853 530 1908 ἐὰν
564 1854 816 1925 ύπάρχῃς
845 1853 1146 1926 χρημάτων
1185 1852 1445 1926 ἐραστὴς,
1492 1853 1664 1908 καὶού
1699 1853 1860 1925 μόνον

1998 1854 2101 1908 ites
2129 1860 2253 1907 tuos
2279 1852 2498 1923 perdes,
2532 1864 2587 1908 et
2611 1855 2912 1925 perniciem
2946 1857 3221 1927 ingentem
3256 1857 3367 1915 illis
3420 1856 3552 1914 alle-

270 1948 387 2010 τοῖς
417 1946 640 2010 οἰκείοις
678 1946 928 2016 ὀλέθριος
995 1946 1285 2018 ὑπάρχεις,
1323 1945 1729 2018 φιλοχρήματος
1768 1943 1865 2016 ὢν,

271 2038 414 2092 ἀλλὰ
433 2040 528 2094 καὶ
555 2041 666 2104 τοῖς
699 2039 981 2111 πολεμίοις
1005 2042 1212 2114 γενήσῃ
1236 2041 1728 2112 εὐκαταφρόνητος.

348 2138 496 2205 ρκα’.
531 2131 824 2204 Νουνεχῶς
879 2132 1137 2186 ἐπίϐαλλε
1194 2134 1290 2187 καὶ
1340 2134 1480 2204 μετὰ
1523 2133 1726 2202 πολλῆς
1782 2148 1871 2187 συ-

176 2285 180 2290 ,
279 2225 570 2300 ζητήσεως
596 2229 713 2292 τοῖς
747 2226 1066 2298 πολεμικοῖς
1098 2225 1306 2299 ἔργοις.
1351 2226 1439 2281 Ἐν
1479 2225 1584 2297 γὰρ
1615 2228 1729 2290 τοῖς
1758 2225 1870 2280 λοι-

278 2321 408 2382 ποῖς
462 2319 789 2391 πράγμασιν
834 2318 1071 2382 πταίσας
1124 2335 1207 2383 τις
1244 2317 1388 2389 μετὰ
1426 2317 1608 2387 ὀλίγον
1647 2320 1776 2382 ἴσως
1809 2317 1872 2372 τὸ

274 2415 534 2484 πταῖσμα
564 2411 1056 2484 ἐπανορθώσασθαι
1108 2411 1356 2466 δύναταιο
1389 2413 1446 2466 ἐν
1475 2411 1532 2466 δὲ
1569 2414 1681 2476 τοῖς
1732 2412 1870 2468 κατὰ

276 2506 946 2578 πόλεμονάμαρτήμασιν
975 2507 1010 2576 ὴ
1045 2503 1220 2577 βλάϐη
1254 2505 1442 2576 μένει·
1462 2506 1510 2558 οἱ
1535 2506 1644 2578 γὰρ
1673 2504 1871 2576 τεθνη-

277 2601 441 2666 κότες
477 2600 876 2672 διεφθάρησαν.

349 2692 496 2765 φιβ’.
527 2693 761 2763 Λογίζου
813 2693 906 2747 καὶ
943 2692 1198 2747 κατανόει
1226 2693 1323 2747 τοῦ
1353 2692 1638 2766 ἁπλήκτου
1679 2693 1739 2748 τὸ
1766 2712 1876 2766 χω.

282 2787 424 2859 ρίον,
466 2783 512 2840 ὦ
540 2786 836 2858 στρατη-(ἐ,
874 2787 969 2840 ἐάν
1001 2786 1150 2840 ἐστιν
1182 2786 1420 2855 ὑγιεινὸν
1449 2787 1544 2842 καὶ
1577 2789 1869 2859 σωτήριον,

277 2878 312 2952 ἢ
344 2879 594 2950 νοσερὸν,
629 2879 860 2943 καὶτοῖς
892 2879 1117 2943 οἰκείοις
1158 2881 1440 2952 πολέμιον,
1468 2882 1563 2936 καὶ
1605 2882 1775 2946 αὐτάς
1815 2881 1872 2936 δέ

273 2976 372 3039 τὰς
416 2974 760 3045 ἐπιτηδείους
802 2973 1017 3046 χρείας,
1055 2973 1199 3046 ὕδωρ
1230 2975 1326 3028 καὶ
1358 2972 1490 3041 ξύλα
1536 2975 1631 3028 καὶ
1659 2977 1870 3047 χόρτον,

277 3069 374 3124 ἐὰν
403 3068 636 3140 πλησίον
666 3068 825 3122 εἰσίν.
863 3066 926 3121 Εἰ
954 3069 1065 3138 γάρ
1095 3066 1385 3140 πόρρωθέν
1407 3070 1567 3133 εἰσιν,
1599 3068 1874 3141 δυσχερής

277 3164 404 3216 ἐστι
441 3164 532 3216 καὶ
579 3161 918 3225 ἐπικίνδυνος
960 3163 994 3234 ἡ
1037 3161 1247 3215 τούτων
1279 3161 1605 3233 συγκομιδὴ,
1640 3164 1735 3216 καὶ
1767 3165 1874 3231 μά-

1976 1961 2091 2012 res,
2116 1944 2213 2002 sed
2235 1945 2492 2002 hostibus
2529 1948 2693 2002 etiam
2726 1949 3063 2020 contemptui
3097 1952 3231 2006 eris.

2062 2127 2186 2184 121.
2239 2131 2680 2203 Circumspecte,
2740 2148 3046 2205 magnaque
3093 2151 3218 2190 cum
3247 2136 3261 2205 ξ
3278 2136 3552 2196 industria

1973 2223 2176 2281 bellum
2212 2225 2507 2297 suscipias.
2556 2225 2692 2282 Nam
2732 2228 2962 2300 reliquis
2991 2229 3045 2284 in
3079 2230 3265 2295 rebus,
3297 2231 3344 2287 si
3397 2231 3555 2288 dam-

1973 2333 2103 2374 num
2143 2325 2252 2384 est,
2288 2319 2606 2390 recuperari
2635 2319 2797 2376 facile
2827 2330 3045 2392 potest:
3096 2323 3152 2378 in
3199 2323 3343 2380 bello
3378 2324 3555 2381 oﬂen-

1973 2412 2058 2468 sio
2083 2413 2249 2469 semel
2281 2421 2509 2484 accepta
2538 2423 2805 2486 perpetuo
2836 2424 3144 2487 permanet,
3182 2418 3556 2477 mortuietjm

1973 2515 2426 2577 corrumpuntur.

2059 2704 2186 2761 122.
2217 2704 2537 2763 Castrorum
2563 2708 2681 2765 loca
2744 2718 2924 2767 utrum
2961 2728 3033 2771 ne
3076 2715 3322 2772 salubria
3361 2718 3473 2774 sint
3503 2726 3560 2775 et

1976 2797 2264 2872 salutaria,
2293 2815 2364 2855 an
2387 2801 2639 2857 morbida
2701 2813 2756 2859 et
2815 2803 3039 2873 infesta,
3090 2807 3384 2880 diligenter
3425 2826 3561 2866 con-

1979 2891 2332 2949 siderandum
2385 2901 2492 2958 est,
2561 2903 2617 2949 ετ
2654 2910 2785 2951 num
2842 2913 2932 2954 res
2994 2901 3350 2968 necessariae,
3399 2902 3562 2973 cujus

1979 2985 2198 3056 generis
2237 2995 2388 3052 sunt,
2458 3003 2619 3058 aqua,
2658 2988 2887 3062 lignum,
2927 2991 3139 3061 fenum,
3186 3010 3355 3068 prope
3411 2999 3560 3055 sint:

1977 3078 2020 3133 si
2053 3078 2196 3133 enim
2227 3078 2444 3135 eminus
2477 3080 2705 3147 fuerint,
2737 3084 3074 3154 perdifficilis
3106 3090 3211 3144 erit
3256 3106 3552 3162 compara-

1980 3169 2078 3235 tio,
2114 3169 2366 3228 hostibus
2394 3175 2702 3242 prtesertim
2742 3176 3186 3236 imminentibus.
3234 3183 3560 3257 (Sollertique

275 3258 443 3312 λιστα
499 3255 775 3325 πολεμίων
827 3253 1215 3326 ἐπικειμένων.
1252 3255 1362 3310 Καὶ
1415 3255 1603 3326 βουνὸν
1651 3255 1707 3308 δέ
1743 3273 1864 3310 τινα

1993 3263 2204 3333 ιιὶψιεῐιι
2237 3279 2406 3334 prope
2438 3265 2630 3321 adesse
2659 3277 2912 3337 oportet,
2966 3287 3130 3342 quem
3195 3253 3563 3333 conscens'uri

275 3347 395 3402 δέον
474 3346 866 3418 παρακεῖσθαι,
905 3346 1014 3415 ἵνα,
1061 3348 1109 3400 εί
1149 3346 1296 3402 οὕτω
1323 3347 1479 3422 τύχῃ,
1507 3373 1513 3379 ο
1545 3350 1636 3402 ἐπὶ
1685 3348 1873 3402 τοῦτον

278 3440 548 3514 ἀνέλθῃς,
585 3440 694 3512 πρὸ
719 3439 813 3494 τοῦ
860 3439 1167 3510 φθάσαντες
1206 3439 1589 3497 καταλάϐωσιν
1621 3441 1783 3496 αὐτὸν
1825 3444 1874 3498 ei

284 3537 569 3608 πολέμιοι.

353 3632 508 3700 ρκγ’.
560 3625 688 3680 Ἐὰν
717 3623 972 3698 πολέμιοι
988 3625 1354 3698 παράκεινται
1385 3642 1491 3691 σοι,
1512 3618 1556 3680 ὧ
1579 3625 1870 3697 στρατηγέ,

281 3721 378 3777 καὶ
402 3720 789 3794 προσποιηθῇς
813 3720 948 3792 πρὸς
973 3719 1173 3784 αὐτοὺς
1199 3718 1417 3774 ἐναντία
1438 3711 1516 3773 ὧν
1535 3717 1871 3785 ἐλπίζουσιν,

278 3813 341 3868 οὐ
383 3811 564 3886 μικρὰ
595 3811 917 3885 ὠφελήσεις.
963 3811 1135 3878 Δόξας
1185 3812 1296 3883 γὰρ
1322 3810 1492 3865 ἐνίοτε
1521 3812 1741 3882 χάρακα
1772 3827 1879 3879 πη-

279 3903 575 3976 γνύειν,ἢ
637 3903 827 3974 ἐτερόν
883 3919 937 3955 τι
995 3900 1228 3955 κυκλοῦν
1286 3898 1574 3972 ὀχύρωμα,
1635 3899 1730 3953 καὶ
1791 3897 1878 3951 διὰ

281 3997 546 4066 τοιαύτης
599 3994 760 4066 δόξης
806 3996 884 4060 είς
937 3994 1129 4065 ὁμοίαν
1175 3995 1375 4066 πρᾶξιν
1431 3994 1555 4056 τοὺς
1602 3991 1877 4053 ἐναντίους

281 4087 678 4161 παρορμήσας,
715 4085 942 4140 δύνασαι
999 4084 1432 4154 συντεταγμένος
1465 4084 1628 4147 αὐτὸς
1657 4082 1876 4136 διασκε-

283 4179 581 4252 δασμένοις
612 4180 842 4244 ἐκείνοις
878 4180 958 4242 εἰς
992 4179 1060 4232 τά
1084 4178 1371 4249 ἐπιτήδεια
1419 4176 1702 4246 συντόμως
1752 4176 1878 4228 ἐπι-

287 4275 506 4340 πεσεῖν,
543 4274 576 4345 η
607 4272 702 4327 ἐὰν
734 4273 830 4327 καὶ
868 4271 1026 4326 τοῦτο
1060 4271 1243 4343 συμϐῇ
1275 4274 1338 4325 ἐκ
1368 4270 1547 4325 τόπων
1597 4269 1877 4342 δυσχερῶν

287 4365 595 4430 ἀκινδύνως
624 4365 926 4438 ἅπαγὰγης
968 4365 1029 4418 τὸ
1051 4364 1388 4436 στράτευμα.

365 4460 504 4532 ρκδν.
542 4459 754 4532 Ὥσπερ
786 4458 992 4528 ἀγαθὸν
1014 4457 1341 4530 παλαιστὴν,
1371 4455 1544 4521 οὕτως
1571 4456 1655 4511 δεῖ
1683 4457 1741 4510 ἐν
1759 4457 1880 4519 ταῖς

290 4553 533 4626 πράξεσι
559 4554 652 4608 τὸν
689 4553 998 4626 στρατηγὸν
1023 4553 1289 4607 δεικνύειν
1332 4553 1431 4624 μὲν
1455 4552 1640 4624 ἕτερα,
1667 4553 1761 4605 καὶ
1791 4550 1878 4604 διὰ

281 4646 500 4703 ’τούτων
532 4647 832 4718 πειρᾶσθαι
864 4649 989 4710 τοὺς
1017 4647 1295 4712 ἐναντίους
1336 4645 1641 4718 ἐξαπατᾷν,
1675 4645 1880 4716 κεχρῆ-
1914 4626 1959 4681 θ

294 4739 420 4795 σθαι
472 4740 530 4794 δέ
560 4742 673 4804 τοῖς
718 4740 1018 4812 ἁρμόζουσι
1055 4739 1131 4809 τῷ
1167 4739 1366 4811 καιρῷ,
1400 4740 1496 4793 καὶ
1548 4734 1629 4804 οἷς
1683 4739 1749 4793 ἂν
1777 4738 1888 4792 τῶν

296 4837 625 4907 μαχομένων
656 4833 932 4904 πολεμίων
963 4836 1267 4904 κρατήσῃς.

367 4936 504 5001 ρκε’.
542 4928 719 5000 Νίκης
754 4929 848 4983 καὶ
879 4927 1050 5000 ἣττης
1080 4925 1410 4999 ἀμφοτέρων
1440 4927 1497 4980 ἐν
1546 4926 1729 4998 ἀδήλῳ
1763 4942 1881 4979 κει-

299 5020 510 5091 μένων,
549 5022 768 5094 ᾶριστος
808 5022 902 5075 καὶ
934 5020 1098 5092 σοφὸς
1128 5019 1432 5094 λογισθήσῃ
1455 5023 1756 5092 στρατηγὸς
1786 5018 1881 5073 καὶ

297 5117 357 5167 ἐν
412 5116 670 5188 πολέμοις
725 5116 821 5169 καὶ
871 5117 930 5169 ἐν
980 5114 1133 5191 πάσῃ
1193 5132 1288 5168 σου
1335 5114 1458 5168 κατ’
1512 5114 1722 5186 ἐχθρῶν
1768 5115 1880 5183 (59)

299 5208 633 5284 ἐγχειρήσει,
668 5211 762 5265 ἐὰν
808 5209 946 5282 πρὸς
984 5207 1244 5281 δευτέραν
1286 5207 1461 5280 τύχην
1504 5207 1599 5260 καὶ
1632 5207 1882 5261 ἐναντίαν

301 5300 534 5358 ἔκϐασιν
586 5303 924 5375 ἀποϐλέπης,
977 5307 1070 5359 καὶ
1121 5303 1197 5367 ὡς
1244 5302 1417 5374 αὐτῆς
1469 5300 1753 5373 παρούσης
1817 5298 1886 5354 τὰ

301 5393 488 5451 δέοντα
516 5397 646 5471 περὶ
684 5399 854 5470 αὐτῆς
886 5399 1212 5470 προνοήσῃς.
1245 5395 1429 5472 [Ἐάν]
1464 5397 1571 5468 γάρ
1603 5414 1653 5450 τι
1701 5396 1883 5469 συμϐῇ

305 5485 566 5560 ἐναντίον,
599 5491 816 5563 ἕτοιμος
843 5490 981 5561 πρὸς
1004 5490 1100 5564 τὴν
1135 5487 1413 5561 σωτηρίαν
1446 5487 1743 5562 εύρεθήσῃ.

1983 3365 2135 3420 sunt,
2178 3357 2498 3429 priusquam
2546 3359 2824 3421 irruentes
2871 3364 3061 3422 hostes
3110 3383 3235 3424 eum
3287 3372 3564 3443 anticipa-

1983 3449 2185 3506 verint.

2060 3652 2183 3708 125.
2217 3650 2273 3707 Si
2297 3651 2489 3710 hostes
2518 3653 2864 3727 immineant,
2888 3667 2941 3716 et
2963 3661 3318 3721 simulaveris
3351 3674 3402 3723 te
3429 3684 3564 3725 con-

1991 3745 2156 3800 traria
2191 3760 2407 3813 eorum,
2443 3763 2565 3818 quae
2602 3749 2850 3808 facturus
2873 3753 2951 3810 sis
2987 3753 3192 3819 facere.
3236 3773 3343 3813 non
3368 3775 3562 3832 parum

1989 3838 2086 3893 tibi
2121 3838 2223 3909 ipsi
2268 3839 2538 3909 proderis.
2579 3841 2713 3898 Nam
2757 3845 2802 3901 si
2857 3845 3098 3905 videaris
3156 3849 3436 3908 interdum
3480 3854 3566 3909 vel

1989 3933 2191 3988 vallum
2232 3934 2459 4000 ducere,
2495 3937 2578 3990 vel
2605 3938 2769 3992 aliam
2828 3943 3143 4012 quampiam
3202 3948 3565 4004 munitionem

1989 4032 2302 4087 exstruere,
2344 4033 2398 4081 et
2435 4025 2529 4080 tali
2593 4038 2792 4084 conatu
2854 4038 2949 4087 tuo
3004 4033 3072 4088 ad
3119 4035 3299 4092 simile
3363 4038 3565 4096 factum

1988 4113 2404 4186 suscipiendum
2430 4117 2619 4174 hostes
2671 4119 3048 4191 impellantur,
3100 4127 3309 4196 poteris
3356 4129 3569 4188 instruc

1989 4219 2112 4265 ctus
2147 4209 2201 4264 in
2230 4210 2527 4283 dissipatos
2569 4212 2695 4270 illos
2747 4223 2913 4287 atque
2972 4218 3126 4289 operi
3185 4219 3423 4281 intentos
3477 4243 3565 4284 se-

1987 4317 2121 4358 cure
2164 4302 2397 4369 irruere,
2443 4305 2548 4370 vel,
2575 4307 2618 4360 si
2651 4307 2701 4361 id
2726 4324 2954 4366 necesse
2986 4321 3090 4376 est,
3125 4329 3191 4368 ex
3229 4314 3365 4373 locis
3406 4333 3569 4392 aspe-

1986 4395 2065 4453 ris
2123 4395 2546 4468 diﬂicilibusque
2576 4402 2878 4457 exercitum
2919 4405 3175 4463 educere.

2063 4489 2187 4546 124.
2216 4490 2689 4558 Quemadmodum
2719 4494 2924 4551 bonum
2973 4498 3328 4570 luctatorem,
3363 4503 3437 4558 ita
3471 4505 3569 4563 ho-

1991 4600 2119 4638 num
2150 4584 2537 4656 imperatorem
2562 4602 2659 4654 par
2680 4599 2763 4643 est
2795 4589 2900 4643 alia
2933 4606 3044 4661 prae
3080 4607 3139 4648 se
3170 4591 3339 4661 ferre,
3364 4607 3418 4651 et
3442 4598 3568 4655 aliis

1997 4677 2176 4733 modis
2202 4678 2400 4732 conari
2446 4677 2636 4736 hostes
2676 4681 2947 4752 decipere,
2986 4695 3040 4740 et
3077 4685 3146 4740 iis
3175 4702 3295 4756 quae
3335 4693 3564 4761 tempori

1995 4769 2234 4824 maxime
2255 4769 2452 4826 idonea
2487 4782 2619 4827 sunt
2663 4771 2761 4836 uti,
2801 4773 3003 4843 quibus
3063 4775 3251 4832 hostes
3299 4777 3449 4848 ipsos
3469 4795 3566 4835 su-

1996 4878 2190 4934 perare
2221 4864 2424 4934 possis.

2066 4955 2190 5010 125.
2241 4955 2377 5011 Cum
2445 4955 2715 5024 victoria,
2744 4968 2798 5014 et
2829 4958 3058 5016 oﬂcnsio
3105 4960 3158 5016 in
3214 4962 3425 5018 incerto
3475 4979 3570 5034 po-

1991 5061 2214 5113 nantur,
2241 5052 2484 5123 optimus
2538 5060 2592 5107 et
2636 5052 3101 5124 prudentissimus
3149 5056 3447 5129 imperator
3475 5059 3572 5113 ha-

1990 5144 2203 5202 bendus
2233 5155 2339 5211 cst,
2372 5147 2462 5218 qui
2508 5147 2562 5202 in
2602 5147 2742 5203 bello
2803 5157 2856 5203 et
2907 5149 3162 5206 omnibus
3213 5150 3453 5207 hostium
3484 5168 3571 5225 ag-

1990 5238 2394 5320 gressionibus,
2423 5255 2486 5295 ca
2526 5255 2646 5311 quae
2684 5242 2753 5296 ad
2791 5240 3151 5298 oll‘eusionem
3201 5243 3327 5300 belli
3373 5251 3428 5300 et
3473 5246 3571 5300 ad-

1986 5348 2178 5389 versos
2235 5347 2399 5390 casus
2452 5342 2720 5405 spectant,
2749 5346 3040 5408 praeparat.
3079 5344 3133 5391 ct
3177 5337 3332 5408 quasi
3368 5355 3433 5394 ea
3465 5339 3566 5394 im-

1993 5426 2288 5496 minerent,
2317 5430 2501 5486 omnia
2537 5431 2590 5486 in
2625 5441 2878 5503 promptu
2936 5433 3120 5489 habet.
3173 5433 3309 5489 Nam
3359 5435 3406 5494 si
3437 5438 3568 5508 quid

1991 5519 2280 5576 adversum
2308 5525 2621 5594 contingat,
2653 5523 2721 5579 ad
2759 5525 2888 5580 illud
2914 5525 3025 5597 jam
3054 5535 3307 5598 paratus,
3347 5533 3572 5588 medita-

1994 5620 2192 5684 tusque
2218 5624 2325 5673 est.

1831 5766 2062 5826 NOTAE.

380 5877 492 5955 Q7)
533 5883 853 5952 Ἀόριστον.
887 5880 1102 5948 Scribe,
1133 5881 1378 5955 ἄριστον.

380 5951 492 6021 ιδθ)
534 5951 808 6027 Ὀλέσαᾳ
838 5955 1047 6027 Scribe,
1075 5951 1298 6020 ὀλέσεις.

2070 5892 2181 5966 (59)
2213 5893 2608 5967 Κατ’ἑχθρῶν.
2643 5893 3021 5968 Scribcbatur,
3059 5896 3365 5970 κατεχρῶν.
