4036 6300
468 380 604 456 10L?

544 504 666 563 126.
699 503 909 567 Cautus
942 502 1239 574 imperator
1271 517 1383 558 non
1424 499 1586 556 modo
1615 514 1737 570 qua
1765 497 2053 556 verisimi-

2237 496 2390 570 ρκς’.
2439 496 2497 551 '0
2539 493 2789 567 ἀσφαλὴς
2823 492 3130 566 στρατηγὸς
3163 491 3224 547 οὑ
3271 490 3437 565 μόνον
3476 491 3550 547 τὰ
3569 492 3759 546 εἰκότα

467 597 594 652 lltcr
642 595 893 651 accidere
947 596 1185 665 possint,
1254 593 1350 648 sed
1417 592 1604 658 etiam,
1674 603 1798 660 qua:
1853 595 2056 670 praeter

2192 593 2422 650 ἐνέσθαι
2463 593 2522 648 ἐν
2571 595 2687 656 τοῖς
2717 591 2986 655 κινδύνοις
3042 589 3306 660 εὑδιάθη,
3341 587 3483 643 ἀλλὰ
3533 589 3628 642 καὶ
3685 586 3762 641 τὰ

465 685 782 756 opinionem
819 681 1090 748 incidunt,
1127 680 1542 753 prospicienda,
1575 687 1630 737 et
1677 677 2057 751 propulsanda

2192 687 2454 760 ιαράδοξα
2507 686 2861 759 λογιζόμενος
2902 684 3005 755 τὴν
3065 684 3196 756 περὶ
3251 681 3434 738 αὐτῶν
3466 681 3763 754 ποιήσεται

462 777 695 848 judicat.

2192 781 2452 852 ιρόνοιαν.

539 871 662 926 127.
702 870 758 926 Si
801 873 1023 943 quisex
1062 869 1334 943 praefectis
1360 869 1472 924 tuis
1523 868 1578 923 in
1633 867 1799 922 rebus
1831 864 2061 936 majori-

2240 873 2378 946 pxC’.
2411 874 2473 927 Εἰ
2497 872 2554 927 δέ
2577 890 2662 935 τις
2687 872 2796 926 τῶν
2819 869 2948 941 περὶ
2980 869 3045 924 σὲ
3075 867 3356 940 ἀρχόντων
3388 865 3564 920 πολλά
3583 864 3762 937 πράτ-

468 967 592 1034 bus,
613 979 667 1025 et
697 968 1045 1043 gravioribus
1086 969 1289 1040 saepius
1319 967 1697 1022 hallucinatus
1748 965 1938 1032 fuerit,
1978 962 2058 1019 illi

2192 985 2276 1022 των
2314 966 2509 1032 ἀνάξια
2567 967 2665 1022 καὶ
2723 964 2905 1035 φαῦλα
2969 962 3210 1035 εὑρεθῇ,
3278 959 3414 1034 μηδὲ
3474 958 3608 1030 περὶ
3667 957 3765 1011 καὶ

471 1075 540 1117 ne
601 1061 956 1118 minimarum
1002 1064 1226 1135 quidem
1283 1077 1468 1119 rerum
1517 1059 2058 1116 administrationem

2192 1060 2391 1134 ιικρῶν
2424 1059 2532 1115 τῶν
2568 1060 2844 1132 τυχόντων
2888 1058 3242 1132 πραγμάτων
3295 1054 3450 1128 αὑτῷ
3517 1067 3766 1108 καταπι-

470 1162 592 1209 ιυιο
615 1157 948 1213 eommittes.

2192 1154 2437 1227 πεύσῃς.
2823 1194 2829 1202 .

542 1249 671 1307 128.
708 1248 868 1306 Tales
898 1250 1105 1322 deliges
1151 1248 1460 1320 praefectos,
1497 1248 1590 1320 qui
1641 1245 1910 1318 subjectis
1942 1245 2063 1303 suis

2243 1245 2384 1320 ρκη’.
2418 1247 2561 1303 Ἵσθι
2617 1246 2725 1318 γὰρ
2767 1246 2849 1302 ὅτι
2899 1245 3177 1309 τοιούτους
3225 1240 3462 1313 ὀφείλεις
3507 1241 3758 1314 προσάλ-

472 1341 896 1410 praestantiores
924 1341 1056 1398 sint.
1084 1340 1234 1396 Solet
1283 1341 1430 1396 enim
1483 1339 1831 1395 subditorum
1864 1336 2064 1408 vulgus

2192 1340 2358 1395 εσθαι
2425 1341 2714 1413 ἄρχοντας,
2756 1339 2956 1402 οἵτινες
3005 1337 3118 1392 τῶν
3179 1335 3513 1408 ὑποχειρίων
3571 1333 3762 1389 αὐτῶν

475 1447 694 1504 semper
724 1449 785 1489 se
813 1433 1329 1505 ad,magistratuum
1382 1447 1608 1489 suorum
1644 1444 1824 1485 mores
1848 1443 2066 1486 accom-

2192 1432 2481 1505 ιρείττονες
2525 1432 2764 1487 ἔσονται·
2799 1430 3015 1503 φιλοῦσι
3067 1429 3173 1502 γὰρ
3203 1429 3292 1486 ἀεὶ
3319 1427 3391 1484 τὰ
3436 1428 3773 1503 φρονήματα

477 1522 742 1580 modare:
775 1535 933 1581 vetus
965 1526 1113 1581 enim
1171 1524 1399 1581 verbum
1447 1525 1522 1580 ita
1549 1538 1742 1579 verum
1800 1522 1914 1590 lict,
1951 1537 2063 1578 non

2192 1525 2278 1580 τῶν
2297 1514 2618 1600 ἀρχομένων
2651 1525 3090 1581 συνδιατίθεσθαι
3113 1527 3228 1590 τοῖς
3253 1525 3540 1598 ἄρχουσιν.
3573 1523 3769 1587 Οὕτως

474 1630 670 1675 cervos
702 1616 954 1677 leonibus
983 1619 1274 1691 imperare,
1303 1616 1399 1676 sed
1428 1619 1619 1674 leones
1642 1618 1847 1674 cervis.

2192 1616 2280 1689 πάρ
2326 1618 2356 1670 ό
2405 1617 2634 1688 ἀρχαῖος
2688 1617 3117 1692 πληρωθήσεται
3163 1617 3345 1689 λόγος,
3389 1617 3468 1691 μὴ
3525 1617 3771 1689 ἐλάφους

2173 1711 2364 1785 ἄρχειν
2386 1712 2642 1776 λεόντων,
2674 1712 2813 1768 ἀλλά
2844 1712 3067 1778 λέοντας
3092 1712 3350 1783 ἐλάφων..

549 1804 674 1862 129.
708 1802 1014 1859 Robustum
1072 1799 1273 1857 efﬁcies
1308 1798 1640 1867 exercitum,
1698 1801 1746 1857 si
1779 1815 1945 1858 omne
1977 1800 2036 1858 in

2245 1805 2384 1878 pr'.
2421 1806 2733 1879 Ῥωμαλέον
2754 1807 3192 1871 κατασκευάσεις
3218 1805 3281 1860 τδ
3308 1803 3654 1879 στράτευμα,
3673 1805 3788 1862 ἑάν-

479 1897 848 1954 termiesionis
887 1893 1012 1951 belli
1046 1903 1263 1964 tempus
1291 1893 1360 1948 ad
1391 1893 1871 1958 exercitationem,
1897 1905 1951 1950 et
1982 1895 2064 1950 la-

2192 1896 2266 1953 ςδν
2297 1899 2398 1970 τῆς
2423 1899 2626 1972 ἀνοχῆς
2651 1899 2746 1955 τοῦ
2771 1899 3014 1972 πολέμου
3050 1898 3246 1972 καιρόν
3271 1900 3355 1965 εις
3398 1899 3641 1970 ἀσκησιν
3675 1898 3773 1954 καὶ

479 1993 671 2047 borem
727 1991 1019 2047 militarem
1077 1987 1440 2054 assuefacias,
1495 2005 1617 2042 nam
1658 1988 1783 2044 belli
1823 1999 2067 2061 tempore

2192 1993 2482 2064 γυμνασίαν
2506 1995 2616 2048 τῶν
2644 1993 2792 2049 κατά
2820 1993 3061 2066 πόλεμον
3087 1993 3268 2066 ἔργων
3301 1991 3610 2066 ἀφοσιώσῃ.
3635 1993 3774 2048 Τότε

479 2101 592 2142 non
628 2083 893 2152 studium,
935 2082 1031 2140 sed
1073 2082 1331 2156 peritiam
1359 2081 1656 2138 militarem
1710 2083 2066 2140 demonstra-

2192 2087 2283 2160 (dp
2314 2089 2370 2141 ὲν
2404 2086 2581 2160 καιρῷ
2607 2087 2926 2160 πολεμικῶν
2948 2085 3176 2158 ἀγώνων
3203 2086 3307 2142 οὐκ
3335 2086 3416 2142 ἔτι
3450 2084 3567 2159 (40)
3609 2085 3772 2158 μελί-

479 2181 634 2238 bttnt.
2175 2198 2274 2253 την
2335 2181 2453 2236 ἀλλ’
2509 2180 2776 2248 ἐπίδειξιν
2825 2182 2927 2255 τῆς
2992 2181 3362 2254 ἀνδραγαθίας
3412 2180 3772 2254 παρασκευά-

1739 379 2017 442 LEONIS
2047 379 2077 442 Ι

2192 378 2516 442 LOSOPHI
3611 376 3758 445 1048

551 2357 674 2415 150.
699 2355 832 2411 Dum
860 2356 1108 2413 cubitum
1137 2358 1206 2424 is,
1226 2372 1407 2412 rerum
1435 2355 1872 2413 necessariarum
1913 2355 2062 2429 cogi-

479 2452 613 2508 tatio
639 2453 881 2507 animum
914 2458 1066 2506 tuum
1098 2451 1315 2506 subeat.
1342 2449 1527 2521 Neque
1553 2451 1707 2521 prius
1731 2451 1786 2504 in
1809 2464 2066 2506 somnum

482 2557 536 2603 te
580 2545 789 2616 tradas,
821 2561 986 2618 quam
1025 2545 1312 2616 repetieris
1373 2546 1559 2599 animo
1611 2543 1745 2614 quid
1797 2544 1892 2610 sit,
1918 2544 2067 2613 quod

481 2639 794 2695 iaciendum
844 2638 972 2706 fuit,
1025 2646 1080 2695 et
1115 2653 1146 2692 a
1178 2646 1231 2695 te
1265 2647 1447 2693 tamen
1482 2637 1915 2708 praetermissum
1957 2643 2063 2705 est,

480 2742 575 2789 aut
598 2733 729 2805 quid
756 2734 1005 2789 crastino
1028 2731 1119 2788 die
1138 2730 1408 2805 agendum
1435 2730 1531 2796 sit,
1569 2739 1624 2786 et
1653 2729 1756 2785 hoc
1777 2731 2068 2801 diligenter

482 2824 677 2882 iacias.

554 2919 675 2973 151.
698 2917 1049 2991 Contemptui
1081 2916 1390 2983 habeberis,
1417 2917 1464 2973 si
1505 2915 1684 2973 cuivis
1728 2914 2067 2987 promittenti

483 3010 643 3065 ﬁdem
683 3011 960 3078 habueris,
996 3019 1051 3069 et
1095 3011 1263 3069 surdo
1298 3010 1540 3066 deterior
1588 3024 1710 3064 esse
1766 3007 2067 3081 putaberis.

484 3101 580 3157 Sin
609 3105 906 3174 expendas,
962 3111 1127 3176 atque
1160 3104 1445 3174 exquiras,
1496 3117 1619 3174 qua:
1660 3109 2066 3172 proponuntur,

484 3195 608 3252 vilis
661 3196 1049 3268 unusquisque
1093 3211 1159 3254 ac
1206 3197 1452 3267 plebeius
1482 3197 1567 3250 vir
1617 3203 1769 3249 tuam
1827 3193 2070 3266 pruden-

2176 2292 2292 2340 σεις
2329 2275 2467 2347 (Η).
2526 2300 2530 2303 ·

2248 2371 2347 2444 ρλ’.
2403 2373 2470 2426 Ἦ
2516 2373 2713 2446 μελέτη
2779 2390 2861 2428 σοι
2889 2372 3001 2428 τῶν
3060 2371 3382 2441 ἀναγκαίων
3423 2369 3780 2444 πραγμάτων

2174 2466 2480 2538 ἠρεμοῦντι
2509 2467 2768 2538 γινέσθω,
2803 2467 2900 2523 καὶ
2930 2466 3006 2539 μὴ
3034 2465 3301 2541 πρότερον
3324 2467 3405 2530 είς
3439 2464 3612 2520 ὕπνον
3644 2465 3774 2537 τρέ⁴

2175 2577 2278 2614 που
2315 2561 2447 2631 πρὶν
2475 2561 2542 2616 ἂν
2572 2561 2926 2632 κατανοήσῃς
2947 2561 3001 2614 τί
3033 2559 3133 2632 μὲν
3169 2559 3278 2614 ἔδει
3308 2559 3650 2631 πραχθῆναι,
3675 2557 3774 2611 καὶ

2174 2653 2334 2707 τοῦτο
2384 2653 2687 2730 παρέλιπες
2715 2671 2729 2685 ⁸
2763 2653 2817 2707 τί
2861 2652 2920 2708 δὲ
2960 2654 3042 2718 είς
3078 2653 3180 2724 τὴν
3223 2651 3414 2726 αὔριον
3452 2651 3766 2724 πραχθῆναι

2175 2745 2362 2815 καλὸν,
2406 2749 2501 2802 καὶ
2530 2749 2727 2802 τούτου
2759 2748 2971 2821 ταχέως
2998 2747 3247 2821 ἀπάρξῃ.

2252 2929 2389 3000 ρλα¹.
2430 2927 2756 3004 Νομισθήσῃ
2781 2927 2986 3001 κοῦφος
3014 2927 3110 2983 καὶ
3137 2926 3618 3000 εὐκαταφρόνητος
3659 2927 3772 2990 τοῖς

2179 3021 2624 3094 ἐντυγχάνουσιν,
2653 3019 2750 3076 ἐὰν
2771 3019 3085 3094 προχείρως
3108 3020 3377 3094 πιστεὺῃς
3407 3023 3519 3087 τοῖς
3547 3021 3778 3094 ὑποσχο-

2183 3114 2375 3186 μένοις
2408 3113 2491 3168 σοί
2524 3130 2578 3167 τι
2611 3113 2870 3184 πράξειν.
2903 3113 3033 3169 Ἐάν
3063 3112 3120 3168 δὲ
3150 3111 3418 3180 ἐξετάζων
3442 3113 3541 3168 καὶ
3562 3113 3776 3184 γυμνά-

2187 3207 2296 3272 ζων
2319 3207 2378 3262 τὸ
2402 3209 2637 3277 πρᾶγμα
2663 3209 2861 3280 φανῇς,
2886 3205 3202 3279 αἰδούμενος
3231 3206 3464 3270 ἕκαστος
3496 3204 3608 3260 τῶν
3641 3204 3774 3276 φαύ-

484 3292 638 3354 tiam,
684 3304 748 3346 ac
786 3266 1069 3346 solertiam
1123 3266 1356 3356 veritus,
1399 3291 1537 3345 nihil
1584 3290 1650 3344 ad
1695 3288 1881 3344 dolum
1923 3289 2072 3360 loqui

2192 3266 2293 3353 λων
2328 3299 2428 3370 τὴν
2447 3266 2865 3371 ἓςὴῖἀκεὶιδεὶἆν
2886 3299 2982 3354 καὶ
3005 3266 3311 3370 ἀγχίνοιαν,
3339 3266 3494 3351 οὐδέν
3523 3313 3608 3350 σοι

482 3381 728 3447 audebit,
765 3383 936 3439 sedet
983 3382 1154 3439 animi
1207 3383 1284 3438 tui
1315 3382 1689 3440 constantiam
1727 3380 1959 3453 subjecti
1999 3378 2075 3433 tui

485 3475 936 3532 admirabuntur.

559 3651 684 3708 152.
725 3651 944 3709 Bellica:
993 3653 1361 3720 incursiones,
1396 3670 1518 3724 qua:
1543 3636 1758 3724 judicio
1803 3663 2080 3725 suscepta:

489 3751 642 3810 sunt,
693 3745 868 3800 bonos
897 3747 1077 3802 exitus
1120 3746 1324 3802 habere
1385 3748 1590 3802 solent.
1629 3745 1938 3802 Temerarii
1990 3761 2081 3809 au.

489 3843 621 3902 tem,
653 3846 705 3891 et
738 3837 1045 3908 praecipites
1077 3837 1458 3909 imperatores,
1489 3839 1950 3910 quemadmodum
1986 3855 2082 3895 cx-

489 3932 758 4002 perieutia
795 3933 910 4005 ipsa
959 3933 1191 4001 indicat,
1236 3950 1466 4008 magnas
1535 3949 1680 4007 saepe
1746 3934 2080 3990 ollensiones

491 4022 716 4081 habent.

564 4116 688 4171 133.
727 4115 785 4172 Si
819 4118 1052 4173 consilia
1096 4130 1188 4174 tua
1223 4119 1363 4175 clam
1429 4119 1617 4174 hostes
1663 4130 1790 4175 tuos
1829 4135 1954 4176 esse
1984 4134 2082 4175 vo-

493 4209 682 4270 lueris,
719 4224 788 4264 ne
815 4210 1183 4266 familiaribus
1209 4211 1427 4281 quidem
1460 4210 1650 4266 tuultis
1683 4227 1747 4266 ea
1775 4211 2082 4266 communi-

493 4300 669 4357 eabis.
699 4299 868 4373 Egre
898 4305 1046 4358 enim
1083 4305 1420 4370 occultatur,
1470 4303 1617 4373 quod
1647 4303 1944 4359 multorum
1983 4305 2082 4359 ho-

494 4395 703 4450 minum
735 4394 898 4453 labiis
925 4397 1349 4455 custodiendum
1379 4399 1646 4454 creditur.

564 4641 687 4697 1⁸54.
722 4637 1180 4709 Uniuscujusque
1229 4635 1509 4698 aﬂ‘ectum,
1557 4644 1876 4707 motumque
1906 4637 2072 4692 animi
2101 4643 2155 4704 D

489 4750 817 4810 cognoscas,
853 4744 908 4789 et
945 4735 1014 4788 ad
1050 4732 1182 4802 quid
1235 4733 1616 4801 unusquisque
1668 4732 1905 4787 maxime
1955 4733 2075 4787 ido-

492 4844 631 4887 neus
653 4830 749 4894 sit,
772 4836 833 4883 ut
859 4841 1307 4898 unumquemque
1334 4826 1530 4881 ordine
1555 4825 1828 4880 instruere
1849 4827 2033 4895 possis
2059 4845 2074 4882 :

448 4922 449 4925 “
492 4923 690 4979 horum
737 4923 884 4977 enim
931 4919 1205 4992 ignoratio
1239 4919 1502 4976 confusas
1551 4929 1714 4990 atque
1779 4919 2079 4990 inaequales

493 5014 815 5071 facit'acies.

566 5109 694 5167 155.
726 5108 1028 5176 Imperator
1053 5106 1256 5170 bonus,
1284 5120 1349 5160 ac
1379 5103 1634 5160 similiter
1665 5103 1867 5170 malus,
1889 5119 2080 5161 exem-

494 5203 642 5275 plum
696 5200 960 5270 subjectis
1016 5201 1132 5257 suis
1193 5215 1376 5255 rerum
1431 5199 1795 5271 gerendarum
1851 5210 1953 5257 est.
2000 5199 2078 5257 Te

492 5298 660 5370 igitur
712 5296 1070 5351 cohortamur
1131 5305 1190 5351 ut
1261 5294 1533 5350 militibus
1598 5294 1712 5350 tuis
1761 5294 1968 5350 bonum
2025 5303 2077 5351 te

495 5389 805 5462 exemplum
838 5389 1099 5460 prmbcas,
1123 5398 1238 5443 tum
1274 5388 1341 5442 ad
1371 5389 1576 5459 optima
1603 5397 1655 5443 te
1680 5385 2076 5456 assuefaciens,

499 5495 617 5540 tum
646 5497 767 5554 qua:
798 5481 1047 5538 facienda
1071 5490 1201 5538 sunt
1226 5481 1556 5552 suscipiens,
1588 5489 1644 5537 et
1662 5482 1728 5542 iis
1752 5482 1917 5537 rebus
1938 5481 2066 5538 abs-

499 5578 705 5646 tinens,
743 5592 775 5633 a
827 5577 1028 5649 quibus
1074 5575 1277 5633 milites
1313 5575 1390 5632 tui
1442 5591 1632 5633 onmes
1661 5577 1944 5634 abstinuere
1979 5576 2076 5633 de-

495 5670 650 5727 bent.

2179 3394 2400 3463 ἀπόιτην
2431 3395 2608 3448 εἰπεῖν
2647 3393 2933 3466 τολμήσει,
2969 3391 3108 3447 ἀλλά
3143 3391 3240 3447 καὶ
3272 3389 3650 3462 θαυμάσονταί
3682 3404 3774 3442 σω

2178 3485 2280 3556 τῆς
2332 3485 2694 3558 στερρότητος
2744 3486 2796 3539 οἱ
2831 3485 3162 3557 ὑποχείριοι,
3213 3483 3310 3539 καὶ
3360 3485 3462 3556 τῇς
3511 3479 3778 3554 ἀληθείας

2180 3581 2280 3636 οὑκ
2312 3581 2657 3652 ἀστοχήσεις.

2257 3671 2393 3744 ρλβ’.
2437 3673 2579 3726 Ἴσοι
2631 3674 2714 3728 ὅτι
2765 3672 2801 3743 ἡ
2857 3671 2996 3741 μετά
3040 3668 3310 3741 λογισμοῦ
3359 3666 3505 3723 κατά
3537 3666 3775 3738 πόλεμον

2183 3767 2375 3838 ἔφοδος
2415 3766 2720 3835 ἀσφάλειαν
2766 3764 2880 3837 ἔχει
2932 3763 3162 3836 πολλήν.
3210 3763 3274 3817 οι
3321 3761 3433 3833 γὰρ
3492 3759 3635 3827 ὀξεῖς
3683 3758 3775 3813 καὶ

2184 3864 2484 3933 προπετεῖς
2536 3861 2858 3932 στρατηγοὶ,
2885 3858 2960 3924 ὼς
3006 3861 3041 3930 ὴ
3077 3859 3245 3931 πεῖρα
3275 3854 3503 3925 ἔδειξεν,
3545 3852 3774 3910 πλεῖστα

2182 3955 2638 4030 διαμαρτάνουσι.

2257 4188 2394 4261 ρλγν.
2436 4186 2640 4250 Καλῶς
2702 4185 2975 4259 ποιήσεις,
3010 4184 3138 4240 ὅταν
3184 4185 3256 4239 τὰ
3309 4184 3379 4238 σά
3425 4183 3769 4258 βουλεύματα

2186 4282 2471 4337 λανθάνειν
2496 4279 2671 4344 θέλεις
2714 4279 2842 4343 τοὺς
2876 4279 3196 4350 πολεμίους,
3228 4279 3327 4334 ἐὰν
3349 4278 3471 4334 οὐδὲ
3499 4282 3616 4343 τοῖς
3651 4279 3774 4332 πολ-

2183 4375 2296 4439 λοῖς
2345 4375 2453 4430 τῶν
2496 4372 2714 4429 οἰκείων
2758 4370 2934 4426 ταῦτα
2988 4371 3297 4447 θαρῤήσῃς.
3351 4371 3625 4426 Δύσκολον
3669 4372 3773 4443 γὰρ

2184 4469 2458 4542 κρυϐῆναι
2504 4467 2770 4538 λαθραίαν
2828 4463 3030 4538 βουλὴν
3082 4465 3304 4530 πολλοῖς
3341 4464 3548 4536 χείλεσι
3609 4482 3770 4519 πεπι-

2184 4578 2310 4616 στευ
2319 4560 2490 4633 μένην
2521 4560 2656 4633 (42).

2256 4653 2388 4724 ρλδ’.
2442 4650 2651 4722 Ὀρμὴν
2701 4648 2936 4703 ἑκάστου
2981 4648 3077 4704 καὶ
3121 4646 3336 4720 κίνησιν
3380 4647 3476 4701 καὶ
3505 4647 3761 4719 ἄρχοντος

2183 4745 2280 4802 καὶ
2308 4742 2641 4816 στρατιώτου
2671 4742 2752 4797 δεῖ
2799 4759 2859 4796 σε
2886 4739 3204 4811 γινώσκειν,
3250 4734 3295 4796 ὧ
3333 4741 3632 4814 πρατηγέ,
3674 4741 3761 4794 καὶ

2185 4842 2264 4906 είς
2296 4839 2491 4893 ὁποίαν
2525 4838 2756 4904 ἕκαστος
2792 4835 2994 4909 πρᾶξιν
3019 4835 3278 4908 ἀρμόδιός
3317 4837 3486 4901 ἐστιν,
3519 4836 3607 4890 ἵνα
3639 4837 3759 4889 ’ἐκα-

2187 4948 2313 4986 στον
2355 4929 2583 4994 δεόντως
2633 4928 2890 5002 ἐκτάξῃς.
2940 4928 3029 4992 Ὠς
3078 4927 3224 4982 ἔοικε
3278 4927 3412 4999 γὰρ,
3462 4927 3523 4982 τὸ
3566 4927 3769 4996 ἀγνοεῖν

2183 5025 2359 5082 ταῦτα
2391 5022 2715 5096 ἀνωμάλους
2750 5024 2986 5078 ποιεῖται
3013 5021 3116 5086 τὰς
3152 5018 3510 5092 παρατάξεις.

2262 5120 2388 5193 ρλεθ.
2427 5119 2744 5192 Στρατηγὺς
2797 5117 3004 5182 ἀγαθὸς
3035 5115 3200 5171 εἰκὼν
3252 5115 3468 5184 γίνεται
3501 5113 3611 5168 τῶν
3640 5129 3768 5183 πραο

2189 5216 2366 5271 κτέων
2394 5216 2510 5278 τοῖς
2540 5213 2879 5284 ὑποχειρίοις
2911 5210 3100 5275 αὑτοῦ,
3134 5209 3231 5264 καὶ
3261 5212 3290 5264 ὁ
3317 5208 3523 5280 φαῦλος
3552 5207 3762 5276 ὁμοίως.

2189 5309 2264 5362 Σὺ
2298 5301 2391 5361 οὖν
2420 5307 2520 5376 τῆς
2553 5304 2829 5378 ἡμετέρας
2867 5301 3148 5374 βασιλείας
3178 5302 3469 5374 δεχόμενος
3498 5299 3599 5373 τὴν
3632 5315 3765 5370 παρ·

2189 5401 2420 5463 αίνεσιν,
2480 5393 2526 5453 ὦ
2574 5395 2871 5467 στρατηγὲ,
2923 5395 3104 5466 ἀγαθὴ
3147 5395 3306 5466 γενοῦ
3351 5396 3464 5458 τοῖς
3516 5393 3762 5467 ὑπηκόοις

2191 5493 2376 5559 εἰκὼν,
2408 5494 2501 5547 καὶ
2546 5493 2747 5564 ἄριστα
2777 5491 3214 5562 γυμναζόμενος,
3267 5487 3364 5543 καὶ
3417 5487 3590 5543 ποιῶν
3634 5488 3763 5558 άπερ

2189 5588 2315 5656 δεῖ.,
2352 5586 2693 5658 ἀπεχόμενος
2743 5584 2822 5650 δὲ,
2857 5585 2959 5638 ὅσα
3011 5583 3106 5637 καὶ
3145 5582 3276 5646 τοὺς
3317 5570 3656 5654 στρατιώτας
3681 5577 3762 5633 καὶ

2193 5686 2404 5747 πάντας
2454 5683 2585 5747 τοὺς
2637 5679 2743 5734 ὑπὸ
2795 5679 2856 5733 σὲ
2901 5678 3273 5750 τεταγμένους
3313 5673 3618 5747 ἀπέχεσθαι
3646 5670 3763 5744 χρή-

2195 5794 2377 5849 σιμον.

2018 5878 2251 5939 NOTAE.

594 5980 686 6045 ιο)
717 5981 843 6038 οὐκ
879 5980 990 6036 ἔτι.
1031 5978 1413 6045 Scribebatur,
1437 5982 1536 6034 οὐκ
1565 5979 1699 6036 ἔστι.

597 5981 663 6036 ιο
717 5981 843 6038 οὐκ
879 5980 990 6036 ἔτι.
1031 5980 1413 6045 Scribebatur,
1437 5982 1536 6034 οὐκ
1565 5980 1699 6036 ἔστι.

597 5980 688 6128 «Il;
717 6052 1238 6126 Παρασκευάσεις.
1271 6052 1648 6123 Scribebalur,
1676 6053 2076 6126 παραστήσεις.

2277 5973 2394 6047 (ιε)
2427 5966 2948 6042 Πεπιστειὶμένην.
2982 5965 3343 6026 Scribebatur
3362 6005 3377 6035 ,
3408 5956 3760 6034 πεπιττευμί·

2189 6065 2323 6113 νοις.
