3968 6308
248 429 394 501 ’1049

1373 428 2294 495 TACTICA.-—CONSTITUTIO
2336 433 2465 496 XX.

3368 431 3506 499 1050

326 549 472 624 ρλς’.
513 547 760 613 Ἔνδοξόν
783 564 834 601 τι
864 546 1096 618 πρᾶγμα
1115 545 1209 602 καὶ
1237 546 1359 602 λίαν
1383 548 1642 619 ὁνήσιμόν
1681 548 1828 602 ἐστιν

2005 549 2130 606 136.
2200 551 2412 607 Nobilis
2439 565 2550 617 res,
2583 559 2746 620 atque
2790 548 2846 605 in
2879 549 3072 621 primis
3112 549 3282 618 utilis,
3309 551 3510 606 milita-

253 647 287 714 η
319 639 664 714 στρατηγικὴ
697 639 976 710 ἐπιστήμη
1009 655 1022 669 ·
1057 638 1150 692 καὶ
1179 637 1286 709 γὰρ
1317 639 1442 694 ἄνευ
1481 640 1661 711 μάχης
1695 639 1826 692 πολι

252 735 411 797 λάκις
442 732 572 803 νικᾷ
595 731 722 794 τοὺς
750 729 1064 802 πολεμίους.
1093 729 1310 801 Ταύτης
1340 728 1432 783 οὖν
1453 728 1831 802 ἐπιμελεῖσθαί

255 843 314 879 σε
357 825 482 897 χρὴ,
517 824 611 878 καὶ
639 822 729 877 διὰ
753 821 959 892 ταύτης
982 821 1082 886 τὰς
1113 822 1462 893 ἐγχειρήσεις
1502 822 1628 877 ἄνευ
1665 839 1831 892 φανε-

253 917 353 990 ροῦ
376 917 617 989 πολέμου
647 915 790 970 κατὰ
821 915 932 970 τῶν
963 916 1222 970 ἐναντίων
1255 916 1549 971 ποιεῖσθαι.
1585 917 1753 970 Ὅταν
1774 916 1830 972 δὲ

250 1009 471 1079 ἀνάγκη
500 1008 706 1080 ταύτην
745 1009 824 1080 μὴ
875 1011 1148 1081 ἐνεργεῖν,
1186 1008 1304 1062 τότε
1346 1008 1436 1063 διὰ
1458 1009 1559 1080 τῆς
1585 1009 1693 1064 τῶν
1725 1028 1832 1064 σω⁹

253 1102 442 1173 μάτων
468 1101 662 1174 ῥώμης
696 1102 1180 1174 παρακινδυνεύειν
1210 1104 1530 1170 ἀναγκαῖον,
1560 1103 1654 1157 καὶ
1683 1104 1833 1177 μάχῃ

248 1193 389 1262 πρὸς
421 1192 547 1257 τοὺς
575 1191 869 1263 πολεμίους
893 1192 1332 1262 διαγωνίζεσθαι.

322 1284 457 1358 ρλζ¹.
504 1284 737 1349 Νεάζειν
768 1285 973 1355 ὀφείλει
1008 1286 1035 1339 δ
1068 1287 1378 1360 στρατηγὸς
1432 1288 1528 1342 καὶ
1557 1288 1624 1359 τῇ
1670 1286 1833 1362 ῥώμῃ

245 1378 344 1434 τοῦ
383 1377 634 1450 σώματος
665 1377 756 1432 διὰ
788 1379 890 1449 τῆς
941 1380 1320 1451 στρατηγικῆς
1371 1379 1568 1452 τέχνης
1622 1380 1830 1451 ὀφείλει

244 1468 651 1541 θαυμάζεσθαι,
683 1473 850 1544 ἧγουν
879 1471 989 1526 τῶν
1021 1471 1471 1544 ἐπιτηδευμάτων
1499 1473 1669 1546 αὐτῆς
1696 1473 1827 1544 (45ῖ.

253 1561 420 1625 Ἐθος
447 1565 556 1632 γάρ
584 1565 699 1618 ἐστι
729 1565 981 1632 παλαιὸν,
1005 1564 1144 1619 ὥστε
1176 1567 1301 1630 τοὺς
1322 1565 1617 1638 μέλλοντας
1637 1582 1830 1637 στρατο

248 1657 427 1728 ηγεῖν,
471 1657 530 1710 ού
570 1657 732 1727 μόνον
786 1658 895 1713 ἀπὸ
945 1657 1132 1722 ἔθνους
1166 1659 1261 1713 καὶ
1293 1660 1489 1729 γένους
1521 1659 1700 1713 ἕλκειν
1733 1661 1832 1732 τὴν

251 1748 579 1818 συγγένειαν
612 1749 669 1802 ἐν
698 1752 818 1812 ταῖς
849 1750 1028 1816 νίκαις
1059 1750 1540 1822 λαμπρυνομένων,
1574 1752 1708 1808 ἀλλὰ
1738 1753 1832 1807 καὶ

245 1840 361 1902 τοῖς
396 1840 530 1891 πᾶσι
579 1839 898 1910 πράγμασιν
947 1841 1076 1911 ἄχρι
1111 1840 1206 1895 καὶ
1234 1839 1399 1894 αὐτού
1432 1841 1524 1895 τοῦ
1568 1843 1832 1914 ὀνόματος

249 1925 395 1987 εἶναι
415 1933 516 2003 τῆς
542 1934 700 2002 νίκης
727 1937 1089 2005 σημαντικήν.

321 2022 459 2096 ρλη’.
493 2026 784 2098 Χρήσιμόν
811 2043 862 2079 τι
909 2027 1276 2098 στρατήγημα
1322 2026 1678 2098 διηγήσομαι,
1733 2027 1829 2083 καὶ

239 2117 407 2172 τοῦτο
456 2120 591 2192 ὅπερ
620 2120 886 2189 ἀναγνοὺς
915 2119 1188 2190 ἀνέμαθον
1229 2118 1339 2191 (44)
1372 2135 1387 2152 ο
1436 2120 1523 2173 ἵνα
1557 2120 1652 2175 ἐάν
1697 2138 1827 2174 ποτε

247 2211 434 2284 συμϐῇ
469 2229 550 2265 σοι
580 2209 798 2284 μέλλειν
829 2212 967 2284 πρὸς
1009 2211 1298 2283 πολεμίους
1332 2211 1558 2267 πλείονά
1601 2229 1692 2267 σου
1738 2213 1830 2267 δύ-

245 2320 414 2374 ναμιν
444 2302 672 2375 ἔχοντας
703 2301 1146 2372 διαγωνίζεσθαι,
1180 2303 1275 2358 καὶ
1324 2302 1506 2374 βούλει
1542 2305 1680 2375 πρὸς
1730 2306 1830 2360 αύ-

241 2399 374 2461 -τοὺς
433 2398 511 2470 μὴ
564 2395 802 2467 συνάψαι
865 2396 1124 2469 πόλεμον,
1174 2395 1312 2451 ἀλλᾶ
1383 2397 1679 2462 ἀκινδύνως
1737 2399 1834 2452 ἐπ·-

243 2487 512 2556 εξελθεῖν,
551 2487 891 2562 ἐπιτηρησόν
924 2491 1019 2544 ἐὰν
1049 2490 1385 2561 παράκειται
1432 2491 1700 2562 ποταμὸς,
1737 2490 1832 2544 καὶ

240 2579 439 2635 τοῦτον
469 2582 807 2653 ἐπιστρέψας
831 2582 1082 2652 ἐπάγαγε
1108 2584 1220 2647 τοῖς
1251 2581 1536 2654 πολεμίοις
1561 2581 1704 2636 κατὰ
1736 2582 1831 2638 τού

241 2675 433 2729 πεδίου
463 2677 522 2730 ἐν
549 2670 592 2746 ᾧ
622 2677 657 2747 ἡ
696 2675 1005 2746 παράταξις
1054 2676 1367 2747 πρόκειται,
1410 2675 1506 2728 καὶ
1544 2674 1716 2741 οὕτως
1741 2675 1833 2731 τὸν

237 2769 516 2841 μέλλοντα
544 2769 780 2842 πόλεμον
808 2770 1170 2841 ἀνενέργητον
1198 2769 1466 2842 ποιήσεις.

315 2862 454 2933 ρλθ’.
482 2861 709 2934 Ῥᾳδίως
726 2861 1017 2934 ἀναστείλῃ
1045 2860 1240 2934 βουλὴν
1277 2861 1553 2934 πολεμίων
1574 2866 1603 2920 δ
1633 2883 1832 2939 στρατ-

235 2954 381 3027 ηγὸς
437 2952 533 3008 ἐὰν
566 2954 661 3008 καὶ
713 2954 899 3021 αὐτὸς,
958 2953 1055 3008 καὶ
1099 2953 1246 3008 κατὰ
1274 2953 1380 3025 γῆν
1427 2956 1522 3009 καὶ
1553 2957 1695 3010 κατὰ
1742 2955 1834 3012 θά-

230 3048 454 3102 -λασσαν
499 3050 678 3118 κρατῇ
721 3046 1051 3118 ὑποχειρίων
1083 3046 1243 3102 τινῶν
1264 3065 1280 3078 ·
1309 3048 1403 3103 καὶ
1427 3049 1476 3103 ot
1501 3049 1832 3120 πολέμιοιδέ

236 3142 352 3212 γῆς
391 3140 624 3212 ἠπείρου
673 3138 1009 3211 κρατοῦντες
1068 3139 1212 3195 κατὰ
1257 3139 1366 3195 τῶν
1406 3140 1574 3196 αύτοῦ
1627 3141 1831 3215 νηῶνῆ

232 3231 459 3302 ἐτέρων
487 3229 773 3302 παραλίων
792 3229 973 3284 τόπων
1009 3231 1398 3302 ἐκστρατεύειν
1432 3231 1826 3302 βουλεύωνται.

251 3326 386 3380 Ἐὰν
412 3325 520 3398 γὰρ
562 3326 778 3398 φημίσῃ
818 3327 901 3380 ὅτι
940 3327 1102 3391 αὐτὸς
1126 3327 1216 3381 διὰ
1253 3328 1352 3399 τῆς
1381 3329 1615 3402 ἠπείρου
1645 3331 1832 3402 βούλε-

233 3437 335 3473 ται
362 3421 484 3474 κατ’
514 3420 697 3474 αὐτῶν
721 3417 1080 3492 στρατεῦσαι,
1113 3420 1455 3493 καταπλήξει
1485 3422 1707 3490 αὐτοὺς,
1733 3425 1828 3479 καὶ

233 3512 545 3583 ἀναστείλῃ
575 3512 675 3582 τῆς
711 3512 853 3566 κατὰ
881 3511 1156 3567 θάλασσαν
1181 3514 1572 3586 ἐγχειρήσεως..

321 3615 430 3678 ρμ’.
466 3607 605 3660 Ἰσθι
651 3608 872 3672 εὐσεϐὲς
905 3602 1045 3663 εἶναι
1117 3610 1384 3679 πρᾶγμα,
1433 3603 1478 3663 ὧ
1532 3609 1826 3683 στρατηγέ,

239 3699 343 3754 καὶ
375 3698 495 3753 λίαν
523 3699 782 3771 ὀνήσιμον
812 3700 874 3753 τὸ
906 3701 963 3754 ἐν
988 3701 1106 3763 ταῖς
1139 3701 1467 3769 ἀναγκαίαις
1499 3702 1596 3755 καὶ
1620 3704 1830 3768 κοιναῖς

239 3792 462 3864 χρείαις
494 3792 768 3864 μηδέποτε
811 3792 956 3857 ἰδίως
989 3793 1398 3865 μιμνήσκεσθαι
1425 3794 1648 3866 ἔχθρας,
1696 3797 1830 3868 μηδὲ

247 3885 321 3939 δι’
349 3884 608 3938 ὑπόνοιαν
643 3884 779 3938 ίδίαν
804 3885 1197 3956 ἐμποδίζεσθαι
1241 3885 1310 3940 τὰ
1338 3887 1527 3941 δέοντα
1559 3887 1826 3957 γίνεσθαι,

238 3978 384 4032 ἀλλὰ
406 3979 464 4033 ἐν
489 3981 610 4043 ταῖς
637 3978 744 4034 τῶν
774 3977 969 4032 κοινῶν
999 3978 1280 4050 προνοίαις
1305 3979 1375 4034 τὰ
1404 3979 1627 4035 τοιαῦτα
1651 3982 1830 4036 πάντα

242 4070 642 4126 κατατίθεσθαι
685 4070 782 4124 καὶ
826 4070 956 4141 περὶ
982 4071 1293 4142 προσώπων
1318 4073 1414 4126 καί⁵
1461 4075 1826 4145 πραγμάτων,

238 4163 504 4236 καὶπρὸς
539 4165 700 4236 μόνον
724 4164 785 4218 τὸ
822 4167 1094 4237 χρήσιμον
1143 4165 1495 4232 ἀποϐλέπειν,
1547 4167 1643 4220 καὶ
1673 4166 1830 4221 τοῦτο

243 4257 536 4328 πράττειν·
568 4258 604 4329 ἡ
638 4257 749 4330 γὰρ
777 4256 1001 4328 τοιαύτη
1023 4257 1172 4311 αἰτία
1203 4258 1419 4323 πολλοῖς
1464 4259 1830 4332 παρορωμένη

245 4351 496 4420 μεγάλας
531 4349 735 4420 βλάὸας
774 4350 1038 4415 πολλάκις
1066 4351 1343 4423 ἐποίησεν.

320 4452 472 4517 ρμα’.
525 4443 918 4516 Σοφιζόμενος,
975 4438 1020 4498 ὦ
1084 4443 1394 4517 στρατηγέ,
1454 4446 1642 4516 χρείας
1691 4445 1830 4500 οὕτω

245 4537 540 4609 καλούσης,
567 4537 871 4610 ὠφελήσεις
895 4537 962 4591 τὰ
984 4536 1237 4608 μέγιστα.
1277 4537 1402 4591 Ἐὰν
1428 4539 1540 4609 γὰρ
1567 4537 1655 4592 διά
1688 4555 1832 4603 τινος

1933 642 2010 699 ris
2041 652 2122 700 est
2147 644 2413 712 scientia;
2449 659 2573 698 nam
2602 645 2730 700 sine
2771 643 2916 700 bello
2969 643 3129 699 facile
3168 644 3355 702 hostes
3385 644 3511 700 vin-

1933 737 2027 794 cit.
2062 736 2215 793 Hanc
2255 737 2423 809 igitur
2453 738 2602 794 omni
2654 737 2839 794 studio
2887 752 3225 809 cognoscere
3268 745 3510 809 oportet.

1932 828 2108 898 Hujus
2150 829 2442 901 disciplina
2476 831 2662 886 multa:
2694 833 3073 903 aggressiones
3110 831 3348 887 hostium
3382 845 3510 887 sus-

1933 923 2199 994 cipienda:
2256 931 2407 979 sunt.
2443 921 2548 978 Ubi
2591 939 2720 980 vero
2781 925 2897 980 haec
2953 924 3090 979 nihil
3145 923 3358 980 efﬁcere
3388 938 3513 978 am-

1934 1015 2076 1086 plius
2110 1023 2310 1086 potest,
2344 1025 2458 1071 tum
2511 1016 2699 1073 labore
2744 1017 2996 1087 corporis
3045 1031 3110 1072 ac
3151 1016 3511 1072 dimicatione

1935 1107 2351 1177 periclitandum
2379 1117 2484 1177 est,
2508 1117 2563 1163 et
2596 1124 2720 1163 cum
2746 1109 2998 1165 hostibus
3028 1110 3439 1165 decertandum.

2003 1278 2125 1342 157.
2170 1287 2287 1342 Non
2336 1288 2497 1345 modo
2543 1288 2773 1345 scientia
2816 1290 3190 1361 imperatoria,
3222 1291 3317 1347 sed
3347 1291 3512 1346 etiam

1933 1379 2245 1437 actionibus
2297 1381 2469 1447 illius,
2503 1383 2812 1455 roboreque
2834 1385 3080 1456 corporis
3118 1383 3312 1441 ﬂorere
3343 1385 3516 1457 impe-

1932 1479 2084 1527 rator
2121 1473 2300 1530 debet.
2352 1472 2531 1530 Veteri
2564 1474 2712 1530 enim
2744 1477 3167 1544 consuetudine,
3208 1479 3300 1548 qui
3340 1477 3515 1549 impc-

1936 1573 2146 1620 ratores
2179 1566 2347 1622 futuri
2379 1567 2615 1635 fuerant,
2651 1584 2758 1624 non
2811 1570 2975 1626 modo
3019 1586 3193 1641 genus
3243 1571 3518 1628 ducebant

1934 1658 2002 1714 ab
2044 1659 2154 1714 illis
2209 1662 2466 1731 gentibus
2513 1669 2568 1717 et
2620 1661 2862 1729 familiis,
2916 1679 3036 1734 qua:
3081 1666 3410 1722 strenuitate
3459 1676 3514 1721 et

1934 1752 2172 1808 rebusin
2218 1752 2363 1809 bello
2402 1755 2571 1825 gestis
2596 1755 2758 1810 clarae
2794 1766 3004 1821 essent,
3044 1757 3139 1812 sed
3167 1759 3353 1813 omnia
3383 1760 3512 1825 alia,

1935 1851 2100 1915 atque
2159 1845 2298 1902 adeo
2350 1862 2551 1902 nomen
2604 1847 2785 1918 ipsum
2835 1848 3082 1905 victoria:
3138 1865 3299 1907 omen
3356 1852 3518 1908 habe-

1860 1912 1903 1971 Β
1933 1912 2086 1991 bant.

2004 2029 2128 2086 158.
2170 2031 2476 2087 Consilium
2512 2033 2747 2102 perutile
2780 2033 2876 2089 tibi
2913 2036 3176 2104 narrabo,
3208 2038 3353 2110 quod
3382 2036 3512 2092 olim

1932 2123 2196 2194 legeram.
2232 2125 2292 2181 Si
2333 2127 2553 2197 quando
2606 2144 2732 2184 cum
2788 2129 3034 2185 hostibus
3075 2131 3168 2186 tibi
3237 2146 3324 2187 res
3351 2132 3514 2187 fuerit

1930 2219 2092 2287 longe
2145 2235 2376 2275 numero
2422 2222 2694 2292 pluribus,
2736 2239 2911 2294 neque
2960 2239 3083 2279 eum
3137 2225 3246 2282 illis
3292 2234 3516 2296 propter

1932 2314 2337 2370 multitudinem
2371 2317 2707 2390 contendere
2728 2319 2954 2384 audeas,
2981 2319 3074 2374 sed
3103 2335 3298 2375 secure
3333 2319 3514 2376 disce-

1929 2404 2061 2458 dere
2091 2404 2195 2469 vis,
2219 2403 2450 2460 observa
2475 2407 2521 2462 si
2544 2405 2745 2463 ﬂuvius
2775 2407 2976 2478 aliquis
3009 2407 3221 2464 vicinus
3246 2409 3338 2477 sit,
3367 2409 3514 2464 hunc

1934 2507 1988 2550 tu
2042 2498 2150 2552 alio
2197 2497 2539 2556 transferens
2579 2499 2635 2554 in
2685 2500 2876 2557 hostes
2926 2501 3226 2568 derivabis,
3261 2518 3357 2572 per
3386 2518 3512 2559 eum

1932 2605 2186 2662 campum
2257 2591 2354 2646 ubi
2403 2592 2738 2649 conﬂictatio
2785 2593 2970 2649 futura
3018 2606 3121 2663 est,
3163 2605 3332 2666 atque
3376 2596 3516 2653 adeo

1933 2682 2133 2736 bellum
2166 2697 2328 2738 omne
2357 2683 2576 2738 irritum
2613 2683 2806 2742 facies.

2005 2861 2127 2918 159.
2162 2862 2346 2920 Facile
2376 2866 2637 2933 reprimet
2667 2865 2907 2922 hostium
2944 2869 3236 2936 consilium
3282 2872 3517 2944 impera-

1933 2955 2040 3016 tor,
2074 2960 2128 3006 et
2157 2953 2204 3007 si
2241 2951 2360 3023 ipse
2391 2961 2507 3007 tum
2537 2963 2706 3018 terra,
2739 2964 2854 3010 ttnn
2894 2959 3032 3014 mari
3062 2959 3261 3016 habeat
3286 2979 3389 3019 suo
3403 2944 3520 3020 im-

1933 3039 2084 3110 perio
2105 3041 2428 3098 obedientes
2453 3044 2720 3112 quosdam
2755 3059 2770 3098 :
2806 3053 2859 3098 et
2885 3045 3098 3114 hostes,
3134 3049 3224 3119 qui
3255 3050 3308 3105 in
3345 3054 3522 3108 conti-

1933 3143 2096 3189 nente
2142 3133 2395 3191 habitant
2454 3137 2665 3193 insulas
2729 3139 3023 3209 quasdam,
3083 3153 3178 3199 aut
3240 3147 3519 3203 maritima

1931 3226 2180 3297 quaedam
2215 3229 2334 3284 loca
2355 3244 2674 3301 oppugnare
2710 3249 2769 3288 se
2810 3234 2948 3289 velle
2994 3234 3204 3289 dicant.
3260 3237 3317 3292 Si
3369 3240 3517 3294 enim

1938 3321 2319 3391 percrebescat
2351 3331 2404 3378 te
2444 3324 2580 3378 velle
2621 3325 2742 3380 illos
2777 3326 2830 3380 in
2887 3327 3202 3385 continente
3231 3338 3378 3386 terra
3417 3349 3519 3402 op-

1935 3428 2203 3484 pugnare,
2235 3413 2657 3484 perterrefacies
2702 3431 2819 3482 eos,
2852 3426 2906 3472 et
2952 3419 3220 3488 reprimes
3262 3436 3292 3474 a
3337 3423 3517 3478 natali

1936 3505 2116 3560 classe
2143 3505 2506 3560 instituenda.

2012 3598 2136 3654 H0.
2185 3597 2342 3652 Pium
2391 3599 2707 3665 admodum,
2744 3601 3177 3675 religiosumque
3216 3616 3320 3671 est,
3367 3621 3516 3663 com»

1936 3691 2198 3748 munibus
2223 3693 2278 3747 in
2310 3695 2551 3764 negotiis
2583 3695 2921 3764 privatarum
2969 3697 3384 3755 inimicitiarum
3426 3717 3509 3756 re-

1936 3783 2316 3838 cordationem
2379 3787 2674 3854 deponere,
2741 3803 2920 3859 neque
2974 3802 3197 3859 propter
3247 3795 3519 3862 privatam

1937 3877 2175 3948 aliquam
2203 3881 2664 3950 malevolentiam,
2690 3899 2804 3937 rem
2841 3900 3188 3940 communem
3224 3885 3515 3957 impedire.

1938 3971 2043 4025 Sed
2108 3972 2159 4027 in
2221 3973 2503 4043 republica
2557 3976 2933 4045 procuranda,
2966 3977 3150 4032 omnia
3203 3979 3518 4050 hujusmodi

1937 4064 2241 4134 abjieienda
2276 4076 2427 4131 sunt,
2459 4075 2573 4121 tum
2607 4067 2752 4138 quod
2792 4066 2860 4122 ad
2909 4084 3196 4140 personas,
3226 4080 3340 4126 tum
3371 4073 3518 4144 quod

1937 4159 2003 4212 ad
2034 4174 2122 4215 res
2162 4161 2419 4230 pertinet,
2453 4169 2507 4214 et
2535 4161 2713 4217 solum
2750 4160 2802 4214 id
2826 4163 2970 4233 quod
3016 4163 3147 4218 utile
3169 4171 3254 4219 est
3295 4164 3510 4220 intuen-

1936 4251 2088 4318 dum,
2121 4261 2284 4324 atque
2330 4253 2384 4309 id
2443 4253 2714 4324 agendum
2752 4263 2834 4310 est
2865 4269 2879 4307 :
2918 4256 3020 4314 huc
3067 4256 3214 4312 enim
3246 4273 3391 4330 saepe
3423 4274 3519 4314 ne-

1937 4344 2196 4413 glectum,
2232 4359 2557 4416 permagnas
2593 4345 2928 4402 oll‘ensiones
2959 4347 3167 4402 attulit.

2009 4435 2134 4491 Ui.
2167 4435 2266 4493 Ubi
2290 4452 2429 4510 opus
2461 4437 2652 4502 fuerit,
2688 4440 2731 4494 si
2757 4441 2992 4496 artificio
3025 4441 3221 4508 utaris,
3260 4456 3519 4512 magnum

1937 4528 2314 4598 adjumentum
2344 4547 2408 4586 ex
2432 4547 2496 4587 eo
2532 4533 2783 4589 habebis.
2804 4531 2860 4587 Si
2888 4533 3035 4589 enim
3063 4534 3282 4588 solertia
3310 4535 3517 4610 aliqua,

244 4632 491 4697 ἐπινοίας
536 4631 850 4707 προνοήσῃς
880 4631 949 4686 τὰ
984 4631 1246 4702 μέλλοντα
1293 4631 1562 4720 γίνεσθαι,
1596 4632 1692 4686 καὶ
1729 4633 1829 4703 μά-

1943 4637 2061 4693 quae
2104 4621 2292 4678 futura
2341 4633 2468 4679 sunt
2540 4626 2867 4694 provideris,
2924 4626 3162 4682 maxime
3217 4637 3397 4690 autem
3452 4644 3518 4695 ex

245 4724 405 4776 λιστα
446 4723 538 4776 ἐπὶ
584 4723 833 4793 ἀστέρων
883 4719 1160 4792 ἐπιτολῆς,
1205 4719 1504 4774 καὶταῦτα
1537 4722 1829 4793 προείπης,

245 4817 329 4870 ὅτι
362 4815 449 4868 ἐπ’
507 4815 688 4887 ἀγαθῇ
756 4815 1002 4888 σημασίᾳ
1059 4813 1313 4888 μέλλουσι
1359 4813 1629 4883 γίνεσθαι,
1682 4816 1822 4886 ὑπὲρ

245 4910 356 4964 τῶν
390 4911 541 4981 παρὰ
577 4910 672 4963 σοῦ
715 4907 1153 4981 ἐγχειρουμένων
1201 4909 1544 4981 πραγμάτων
1584 4909 1828 4979 ἐπιρρω-

249 5001 544 5071 σθήσονται
580 5001 630 5052 οί
665 4998 772 5052 ὑπὸ
806 5000 864 5052 σὲ
897 4998 1251 5071 στρατιῶται,
1289 4997 1478 5068 ῶσπερ
1514 4996 1621 5050 ἀπὸ
1661 4997 1827 5068 ούρα-

248 5093 340 5148 νοῦ
370 5093 628 5164 ἐπιτολήν
675 5110 796 5146 τινα
830 5091 1205 5164 σημαίνουσαν
1249 5093 1434 5154 αὐτοῖς
1467 5087 1647 5159 ἁγαθὰ
1693 5090 1822 5143 ὑπο-

248 5185 548 5256 δεχόμενοι,
600 5185 695 5237 καὶ
735 5183 1031 5256 θαρραλέοι
1089 5184 1306 5238 ἔσονται
1359 5182 1501 5236 κατὰ
1561 5180 1670 5236 τῶν
1734 5199 1831 5235 πο-

249 5278 471 5348 λεμίων.

320 5369 468 5441 ρμβ’.
506 5370 644 5432 Τοὺς
673 5368 823 5439 παρὰ
853 5367 947 5421 σοῦ
999 5369 1056 5420 ἐν
1097 5365 1286 5436 ὁμαλῷ
1319 5364 1413 5420 καὶ
1459 5362 1657 5434 πεδινῷ
1682 5363 1829 5431 τόπῳ

249 5469 380 5523 ποτέ
424 5467 946 5539 παρατασσομένους
997 5465 1195 5528 πεζοὺς
1246 5463 1503 5526 ἐνόπλους
1554 5459 1689 5532 πρὸς
1725 5477 1826 5514 κα-

251 5559 575 5633 6αλλαρίους
627 5561 838 5632 ἐχθρῶν
895 5558 1165 5630 μηδέποτε
1225 5557 1414 5628 ἐάσῃς,
1467 5555 1572 5608 κᾶν
1625 5552 1827 5622 πολλὴν

249 5657 494 5726 ἀνάγκην
551 5654 876 5720 ὑποστῶσιν,
933 5651 1331 5714 καταλιπόντας
1373 5647 1471 5722 τὴν
1521 5647 1824 5720 παράταξιν

1941 4717 2180 4772 siderum
2216 4728 2364 4783 ortu,
2398 4719 2619 4790 haecque
2647 4721 2968 4791 pra‘dixeris
2995 4720 3198 4784 bonum
3233 4735 3391 4776 omen
3424 4736 3522 4777 γο-

1940 4810 2023 4865 bis
2059 4815 2402 4882 portendere,
2445 4814 2498 4867 in
2557 4815 2723 4869 rebus
2764 4816 2966 4869 vestris
3021 4815 3246 4891 agendis
3295 4832 3520 4886 magnoa

1935 4919 2062 4974 pere
2091 4905 2292 4961 milites
2340 4905 2756 4972 animabuntnr,
2809 4910 2963 4978 quasi
3024 4908 3089 4963 de
3124 4909 3266 4963 coelo
3317 4906 3519 4961 bonum

1934 4997 2152 5068 aliquod
2187 4999 2293 5054 illis
2338 5001 2782 5069 portenderetur,
2821 5000 2966 5070 quod
3002 5001 3074 5054 illi
3122 5003 3519 5071 approbantes,

1933 5090 2299 5147 auimosiores
2332 5091 2623 5149 adversum
2653 5091 2841 5149 hostes
2872 5091 3280 5164 ferocioresque
3333 5102 3517 5151 erunt.

2005 5365 2126 5420 142.
2167 5364 2384 5422 Pedites
2421 5373 2544 5420 tuos
2572 5371 2834 5429 armatos,
2860 5373 2910 5419 et
2936 5364 3226 5419 adversum
3278 5365 3518 5420 hostium

1937 5462 2240 5531 equitatum
2273 5461 2324 5514 in
2358 5461 2520 5530 plano
2552 5458 2958 5529 eauipestrique
2997 5461 3117 5513 loco
3152 5468 3412 5526 structos,
3451 5474 3520 5513 ne

1935 5554 2240 5623 permittas,
2269 5565 2583 5622 quanquam
2625 5565 2847 5621 magnas
2900 5550 3342 5614 perturbationes
3397 5565 3522 5605 sus-

1936 5646 2365 5714 tincant,acicm
2415 5645 2727 5700 deserentes
2778 5646 2962 5714 fugere
3009 5662 3022 5699 :
3064 5645 3308 5714 quandiu
3367 5646 3512 5698 enim

252 5749 530 5817 ἐκφυγεῖν.
580 5747 865 5802 Μενόντων
916 5746 1025 5818 γὰρ
1079 5745 1259 5800 αὐτῶν
1314 5741 1506 5797 πολλαὶ
1540 5741 1630 5795 τοῦ
1667 5741 1822 5812 νικᾷν

1943 5744 2276 5808 permanent,
2304 5735 2485 5806 aliqua
2530 5734 2771 5790 victoriae
2795 5748 2919 5804 spes
2951 5745 3056 5798 est,
3091 5732 3180 5787 ubi
3208 5731 3521 5803 aufugerim

1764 5833 1996 5896 ΝΟΤΑΞ.

323 5940 434 6012 (45)
459 5943 678 6013 Αὐτης.
716 5939 1092 6011 Scribebatur,
1118 5939 1195 5993 o‘v
1228 5937 1344 6009 τῆς.

2017 5932 2128 6004 (ιι-ι)
2174 5931 2507 6001 Ἀνέμτιθον.
2548 5925 2925 5987 Seribebatur.
2958 5924 3151 6002 ἁνέμκ.
