4036 6300
489 396 625 464 1051

1748 408 2025 470 LEONIS
2060 407 2523 470 PHILOSOPIII

3620 404 3767 471 1052⁷

474 510 658 569 nullus
681 510 872 567 salutis
910 513 1063 570 locus
1106 515 1350 587 reliquus
1377 526 1482 583 est,
1514 518 1799 594 dissipatis
1824 523 1935 596 jam
1966 540 2056 596 pc-

2172 523 2390 588 ελπίδες,
2423 523 2735 595 φευγόντων
2759 521 2804 577 δ’
2835 520 3061 594 οὐδεμία
3114 522 3388 595 σωτηρίας
3436 520 3617 587 ὲλπίς,
3656 539 3757 575 πε-

472 604 702 674 ditibus,
736 614 791 662 et
817 608 1095 678 equilibus
1124 610 1566 682 insequentibus.

541 773 668 837 “5.
699 780 1171 848 Quemadmodum
1202 785 1312 841 vita
1348 786 1594 858 jucunda
1622 792 1919 862 expetenda
1947 802 2051 861 est,

472 870 555 929 sic
589 874 784 930 bellica
819 877 1063 947 pericula
1083 878 1318 937 libenter
1351 897 1381 937 a
1407 882 1674 940 militibus
1693 887 2046 959 suscipienda

472 976 639 1021 sunt:
673 983 737 1022 ea
782 969 927 1025 enim
979 974 1327 1043 tranquillam
1361 991 1693 1049 suavemque
1727 980 1893 1035 vitam
1925 982 2055 1037 affe-

474 1068 622 1114 runt.
686 1060 827 1117 Tum
888 1065 1033 1120 enim
1096 1066 1284 1124 felices
1330 1070 1460 1125 belli
1507 1072 1689 1128 exitus
1730 1083 2045 1144 sperantur,

472 1152 688 1223 quando
720 1157 989 1225 patientes
1019 1174 1083 1213 ac
1111 1162 1409 1219 tolerantes
1437 1163 1686 1220 laborum
1720 1176 1847 1221 sunt
1881 1186 1894 1223 :
1941 1169 2055 1224 hac

469 1246 615 1301 enim
640 1248 801 1305 nobis
818 1251 1129 1320 jucundam
1153 1253 1318 1309 vitam
1346 1271 1645 1328 pacemque
1678 1261 2048 1331 suppeditant.

540 1428 667 1486 ιιι.
702 1430 911 1489 Minore
937 1448 1062 1489 cum
1091 1434 1277 1491 labore
1309 1445 1507 1505 castra,
1544 1439 1773 1512 locaque
1812 1442 2053 1498 hostium

469 1521 881 1582 incursionibus
929 1537 1074 1582 terra
1123 1531 1497 1599 pepulaberis,
1550 1532 1596 1587 si
1663 1534 1866 1589 milites
1930 1544 2056 1590 tuos

469 1616 742 1687 indigenis
783 1615 998 1673 illorum
1033 1621 1278 1677 locorum
1312 1624 1543 1690 similes,
1580 1639 1637 1683 ut
1671 1629 1781 1685 sint
1822 1644 2056 1700 appara-

471 1708 639 1765 veris.
682 1707 818 1764 Mari
854 1719 1060 1778 autem,
1093 1711 1139 1767 si
1196 1715 1390 1769 navale
1424 1717 1670 1785 praelium
1702 1718 1928 1786 faciens,
1965 1719 2053 1773 vel

469 1819 639 1861 naves
670 1803 906 1861 hostium
934 1819 1243 1875 compares,
1300 1808 1382 1862 vel
1433 1810 1573 1864 alias
1608 1825 1774 1865 naves
1832 1810 1898 1866 iis
1930 1826 2052 1881 per—

2156 616 2264 681 ζὼν
2291 617 2824 691 διασκορπισθέντων
2858 617 2953 672 καὶ
2989 616 3095 672 ὑπὸ
3144 616 3528 689 κασαλλαρίων
3558 613 3759 671 διωκο-

2161 707 2360 777 μένων.

2225 805 2374 871 ρμγθ.
2413 800 2624 874 Ὠσπερ
2672 801 2734 855 τὸ
2786 802 2885 874 ζῇν
2928 802 3101 874 ἡδέως
3146 802 3529 874 ἐπιθυμητὸν,
3581 801 3761 866 οὕτως

2154 892 2393 946 καὶτῶν
2428 895 2570 948 κατά
2625 894 2862 965 πόλεμον
2922 894 3187 949 κινδύνων
3232 896 3361 961 τοὺς
3414 894 3764 966 στρατιώτας

2156 986 2452 1058 προθύμως
2485 989 2831 1061 ἀπάρχεσθαι
2861 991 3023 1063 χρέος
3053 991 3205 1045 ἐστίν
3226 1007 3241 1021 ·
3270 992 3472 1045 ἐκείνοι
3509 990 3623 1061 γάρ
3654 990 3764 1043 εισι

2153 1078 2249 1132 τοῦ
2282 1079 2381 1152 ζῇν
2410 1082 2579 1153 ἡδέως
2620 1085 2669 1139 οί
2705 1084 2893 1140 αἴτιοι.
2927 1086 3063 1139 Τότε
3104 1088 3214 1157 γάρ
3252 1087 3322 1140 τά
3352 1083 3765 1157 κατορθώματα

2168 1172 2279 1226 τῶν
2311 1174 2590 1246 πολεμίων
2634 1177 2850 1250 ἀληθῶς
2876 1178 3231 1249 γινώσκεται,
3265 1178 3431 1249 ἡνίκα
3455 1182 3521 1251 τῇ
3553 1195 3765 1249 καρτε-

2159 1269 2249 1340 ρίᾳ
2272 1269 2378 1323 τῶν
2419 1273 2596 1325 πόνων
2636 1273 2977 1344 ἐμμένωσιν·
3012 1273 3187 1329 ταῦτα
3229 1274 3287 1328 δὲ
3335 1274 3396 1328 τὸ
3442 1276 3545 1346 ζῇν
3587 1273 3766 1344 ἡδέως

2155 1365 2250 1413 καὶ
2281 1363 2580 1435 εἰρηνεύειν
2610 1364 2720 1418 ἀπὸ
2745 1365 2869 1417 τῶν
2902 1365 3178 1437 πολεμίων
3201 1364 3544 1436 πορίζουσιν.

2230 1454 2371 1525 ρμδ.
2416 1456 2785 1529 Ἀπονώτερον
2822 1458 2911 1513 διά
2954 1458 3159 1529 ἐφόδων
3191 1456 3487 1529 ἀγρεύσεις
3521 1456 3624 1511 καὶ
3660 1455 3764 1510 κάο

2158 1562 2294 1617 στρα
2335 1547 2465 1601 ποτὲ
2510 1548 2605 1601 καὶ
2657 1549 2834 1619 χωρία
2891 1549 3001 1604 τῶν
3049 1539 3328 1620 πολεμίων
3362 1548 3450 1602 διὰ
3500 1546 3604 1617 μὲν
3663 1546 3766 1615 τῆς

2159 1639 2352 1711 ξηρᾶς,
2385 1640 2480 1696 eam
2504 1644 2853 1715 σχηματίσῃς
2881 1644 3010 1707 τοὺς
3044 1644 3169 1708 σοὺς
3194 1642 3534 1714 στρατιώτας
3555 1639 3764 1711 ὁμοίως

2157 1736 2270 1796 τοῖς
2300 1734 2585 1805 ἐγχωρίοις
2618 1750 2631 1765 ·
2682 1736 2771 1789 διά
2821 1736 2879 1790 δὲ
2920 1735 3217 1807 θαλάσσης,
3252 1736 3348 1790 ἐάν
3384 1752 3516 1789 ποτε
3543 1748 3765 1806 ναυμα-

2160 1827 2274 1896 χῶν
2329 1826 2544 1899 φθάσῃς
2580 1828 2649 1882 τά
2695 1828 2857 1883 πλοῖα
2911 1829 3021 1883 τῶν
3069 1829 3347 1901 πολεμίων
3396 1827 3762 1901 κρατῆσαι,ῆ

469 1897 678 1953 similes
710 1896 905 1963 facias,
934 1906 988 1954 et
1017 1898 1071 1953 in
1105 1898 1173 1955 iis
1214 1899 1415 1956 milites
1447 1910 1571 1957 tuos
1612 1902 1884 1972 imponas,
1910 1912 1965 1958 et
1991 1904 2057 1959 ad

2172 1920 2330 1992 ἔτερα
2352 1922 2514 1993 ὃμοια
2542 1922 2770 1977 ἐκείνων
2800 1922 3237 1987 κατασκευάσαι,
3268 1924 3363 1979 καὶ
3393 1921 3609 1987 τούτοις
3635 1920 3764 1987 τοὺς

471 1997 674 2044 terram
718 1989 959 2045 hostium
999 2005 1124 2045 cum
1176 1989 1285 2047 illis
1323 1994 1688 2064 navigaveris.
1717 1994 1795 2050 lta
1827 1994 1952 2063 fiet,
2002 2006 2064 2052 ut

469 2080 539 2135 ad
565 2096 659 2137 eas
687 2082 845 2153 quasi
877 2084 940 2137 ad
990 2084 1225 2141 sociales
1258 2099 1424 2143 naves
1464 2087 1652 2145 hostes
1686 2089 1977 2158 accedant,
2002 2101 2057 2148 et

472 2175 693 2233 facilius
719 2178 1035 2249 capiantur.

542 2383 665 2439 “5.
704 2381 987 2439 Materiam
1012 2384 1110 2440 tibi
1139 2400 1308 2452 nunc,
1335 2394 1391 2439 et
1430 2387 1586 2457 quasi
1630 2386 1823 2443 silvam
1855 2402 2065 2458 praece-

470 2485 690 2550 ptorum
724 2477 1037 2542 ostendam,
1091 2478 1293 2550 quibus
1334 2488 1591 2534 accurate
1613 2482 1797 2534 omnia
1835 2483 1983 2535 circa
2014 2490 2067 2537 te

470 2580 752 2643 gerantur.
788 2571 1059 2626 Accurata
1086 2572 1189 2627 erit
1221 2580 1491 2627 nocturna
1521 2572 1795 2640 custodia,
1820 2582 1873 2628 et
1899 2589 2068 2629 excu-

471 2666 595 2727 biae.
630 2681 750 2736 quze
800 2664 1066 2722 fossatum
1115 2666 1414 2722 defendunt
1439 2706 1453 2729 ,
1488 2668 1533 2723 si
1583 2668 1809 2731 diveris,
1844 2669 1981 2723 velle
2013 2676 2067 2723 te

469 2758 638 2815 certis
672 2766 726 2814 et
777 2757 1012 2814 diversis
1066 2758 1404 2828 temporibus
1464 2758 1612 2814 faces
1655 2759 1960 2815 accendere
2002 2761 2057 2815 in

469 2854 690 2908 excelso
720 2852 958 2922 quodam
986 2860 1042 2907 et
1073 2850 1377 2906 constituto
1409 2851 1553 2918 loco,
1612 2862 1672 2908 ut
1705 2854 1966 2910 custodes
1998 2853 2067 2909 ad

469 2961 917 3018 unamquamque
948 2945 1122 3002 facem
1168 2954 1539 3014 tuam,co_ntra
1584 2960 1715 3001 suas
1757 2946 1901 3003 faces
1937 2962 2068 3004 sus-

469 3042 665 3096 tollant
720 3050 776 3096 et
825 3039 1249 3096 demonstrent:
1284 3040 1357 3095 ita
1390 3040 1535 3096 enim
1587 3038 1702 3106 fiet,
1750 3049 1810 3094 ut
1855 3051 2069 3113 tempus

469 3150 582 3208 quo
635 3135 808 3191 facem
875 3142 1203 3191 ostensurus
1235 3150 1295 3191 es
1343 3134 1685 3206 ignorantes,
1732 3144 1788 3191 et
1829 3135 2055 3192 assidue

468 3236 879 3301 exspectantes,
923 3227 1151 3299 vigilent
1206 3238 1262 3284 et
1294 3225 1588 3299 diligenter
1622 3229 1884 3284 excubias
1934 3244 2064 3285 suas

468 3326 779 3380 observent.
818 3321 916 3377 Sin
965 3319 1190 3393 quidam
1246 3321 1487 3388 tradent,
1517 3321 1703 3378 statim
1755 3320 2062 3393 deprehen-

469 3420 688 3475 dentur.

543 3511 667 3567 146.
722 3510 1147 3582 Desperatorum
1212 3509 1496 3566 hominum
1540 3526 1752 3583 pugnas
1799 3511 2060 3577 devitarc,

471 3604 759 3676 prudentis
796 3603 1147 3675 imperatoris
1187 3614 1292 3660 est.
1325 3602 1644 3675 Desperatio
1689 3604 1834 3660 enim
1867 3620 2062 3662 neces-

472 3700 638 3754 sitate
688 3695 927 3769 quadam
988 3696 1323 3768 impellente,
1374 3696 1776 3754 audacissimos
1821 3697 2063 3755 fortissi-

472 3807 704 3863 mosque
732 3791 933 3847 milites
966 3788 1118 3847 faeit.
1156 3788 1476 3863 Desperatio
1506 3798 1689 3846 autem
1722 3791 2065 3857 est,qnando

472 3888 598 3959 quis
636 3886 833 3942 salutis
885 3886 1065 3953 locum
1129 3885 1339 3939 nullum
1389 3884 1697 3948 inveniens,
1731 3885 1782 3939 in
1844 3887 2056 3940 hostem

471 3984 604 4049 ruit,
638 3993 690 4038 et
713 3980 795 4038 vel
831 3981 1052 4037 vincere
1081 3980 1308 4052 cogitat,
1346 3980 1427 4036 vel
1462 3980 1623 4035 mori.
1662 3978 1717 4035 Si
1751 3992 1928 4038 eaStra
1962 3995 2059 4050 pu-

474 4077 651 4133 sueris
684 4087 874 4131 contra
910 4076 1121 4140 hostes,
1151 4082 1206 4130 et
1236 4082 1436 4130 eventus
1470 4073 1690 4129 illorum
1730 4084 1911 4130 castra
1938 4090 2029 4129 ver
2050 4102 2064 4112 -

473 4185 571 4226 sus
594 4169 788 4241 spirat,
842 4167 1196 4225 incendenda
1236 4173 1448 4239 segetes
1504 4179 1761 4237 agrorum
1810 4173 1964 4233 sunt,
1997 4173 2060 4220 ut

471 4261 689 4320 flamma
723 4262 795 4329 ad,
823 4260 947 4317 illos
992 4260 1227 4332 perlata,
1255 4259 1310 4314 in
1348 4258 1531 4331 fugam
1564 4256 1956 4329 conjiciantur.

544 4448 668 4503 H7.
724 4445 957 4514 Quando
1009 4446 1063 4501 in
1105 4444 1379 4517 regionem
1416 4442 1656 4499 hostium
1691 4441 2062 4497 incursionem

473 4542 725 4597 facturus
751 4544 849 4604 sis.
874 4541 1020 4596 circa
1060 4540 1242 4594 lumen
1283 4538 1515 4594 insidias
1539 4536 1788 4593 diversas
1833 4538 2064 4594 diversis

2171 2012 2299 2076 σοὺς
2330 2014 2672 2085 στρατιώτας
2694 2017 3016 2087 ἐμϐιϐάσαι,
3040 2019 3136 2072 καὶ
3160 2020 3227 2089 τῇ
3257 2020 3329 2089 γῇ
3351 2016 3461 2071 τῶν
3480 2016 3764 2087 πολεμῶν

2170 2106 2269 2160 σὺν
2302 2107 2491 2174 αὐταῖς
2516 2110 2919 2167 καταπλεῦσαι.
2951 2112 3141 2177 Οὖτως
3170 2113 3277 2184 γάρ
3304 2111 3381 2176 ὡς
3402 2111 3612 2181 φιλίαις
3641 2109 3766 2171 ταῖς

2168 2200 2332 2253 ναυσὶ
2363 2204 2699 2273 προσχόντες
2743 2206 2793 2258 οἱ
2838 2204 3073 2259 ἐναντίοι
3107 2205 3166 2259 οὐ
3198 2203 3511 2276 φεύξονται,
3540 2199 3640 2258 καὶ
3669 2202 3761 2256 εὐ-

2168 2294 2394 2366 χερέστε
2404 2312 2495 2365 ρον
2529 2297 2933 2369 ἀλωθήσονται.
3409 2312 3412 2315 “

2243 2384 2383 2458 ρμε⁹.
2413 2387 2589 2459 ’Υλην
2626 2390 2945 2463 ἀγρυπνίας
2981 2410 3065 2448 σοι
3097 2393 3452 2467 διηγήσομαι.
3502 2391 3766 2467 Ἀκρισὴς

2168 2480 2277 2549 γὰρ
2304 2480 2370 2535 ἂν
2387 2482 2595 2551 γένοιτο
2630 2486 2722 2539 καὶ
2752 2485 3026 2559 πάννυχος
3056 2487 3449 2560 παραφυλακὴ,
3493 2487 3607 2541 εἴτε
3640 2502 3767 2556 (poc-

2171 2571 2337 2625 σάτου
2366 2572 2469 2626 ὑπὸ
2501 2573 2693 2644 βίγλας
2719 2576 3147 2648 φυλαττομένου,
3173 2579 3269 2633 ἐὰν
3284 2577 3413 2651 εἴπῃ
3426 2598 3467 2646 ς,
3493 2579 3575 2632 ὅτι
3613 2576 3765 2634 Μέλ-

2169 2665 2246 2719 λω
2272 2666 2413 2722 κατά
2443 2666 2733 2741 διαφόρους
2766 2669 2862 2735 οὓς
2893 2672 3032 2726 θέλω
3066 2674 3295 2745 καιροὺς
3324 2672 3590 2727 ἀνάπτειν
3620 2672 3762 2742 λαμ-

2173 2758 2394 2832 πτῆρας
2427 2763 2508 2826 είς
2540 2762 2692 2817 τόνδε
2739 2764 2833 2818 τὸν
2883 2765 3176 2836 περίοπτον
3226 2766 3411 2830 τόπον,
3454 2767 3541 2821 ἵνα
3572 2767 3670 2820 καὶ
3715 2768 3762 2820 οί

2172 2850 2413 2921 φύλακες
2446 2855 2581 2928 πρὸς
2611 2856 2842 2911 ἕκαστον
2894 2857 3005 2913 τῶν
3060 2858 3211 2932 παρὰ
3272 2859 3370 2914 σοῦ
3420 2861 3765 2933 λαμπτήρων

2170 2946 2503 3018 ἀντανέχωσι
2528 2950 2621 3005 καὶ
2648 2951 2966 3006 δεικνύωσιν
2997 2952 3161 3018 ἰδίους
3202 2954 3555 3025 λαμπτῆρας·
3583 2954 3762 3019 οὓτως

2172 3039 2279 3113 γὰρ
2304 3041 2404 3113 τὴν
2430 3040 2583 3115 ὥραν
2623 3043 2725 3114 τῆς
2744 3045 2861 3125 σῆς
2894 3045 3263 3117 ἀναλήμψεως
3294 3047 3622 3117 ἀγνοοῦντες
3672 3050 3765 3108 καὶ

2172 3131 2513 3205 ἐκδεχόμενοι
2531 3134 2628 3189 διά
2658 3152 2736 3190 πα
2749 3136 2858 3201 ιτδς
2898 3139 3357 3211 ὲγρηγορήσουσι,
3387 3139 3483 3195 καὶ
3515 3140 3762 3194 ἀποσκοο

2172 3225 2282 3298 πὴν
2312 3225 2410 3291 τὰς
2445 3227 2634 3298 βίγλας
2662 3228 2841 3284 αὐτῶν
2874 3231 3416 3302 παρασκευάσουσιν.
3445 3232 3581 3304 ίΕἱδέ
3614 3248 3763 3297 τινες

2169 3320 2559 3392 ύστερήσουσιν
2592 3322 2703 3394 (45)
2738 3321 2945 3387 εὐθέως
2971 3323 3403 3396 γνωσθήσονται.

2246 3513 2404 3579 ρμς’.
2432 3506 2505 3561 Τὸ
2532 3507 2903 3577 φυλάσσεσθαι
2931 3506 3029 3574 τὰς
3076 3506 3135 3575 ἐξ
3158 3507 3417 3574 ἀπονοίας
3448 3509 3630 3581 μάχας
3656 3508 3764 3565 τῶν

2166 3598 2442 3672 πολεμίων
2475 3600 2767 3674 ὲχέφρονός
2792 3603 2910 3655 ἔστι
2932 3602 3265 3674 στρατηγοῦ.
3305 3603 3369 3657 Ἦ
3401 3605 3509 3676 γὰρ
3532 3606 3763 3659 ἀπόνοια

2164 3695 2267 3767 τὴν
2300 3695 2548 3765 ἀνάγκην
2613 3693 2812 3766 ἔχουσα
2875 3695 3350 3769 παροτρύνουσαν,
3388 3696 3761 3769 θρασυτάτους

2165 3787 2260 3841 καὶ
2300 3787 2581 3860 ἀνδρείους
2629 3789 2756 3853 τοὺς
2798 3789 3140 3861 μαχομένους
3198 3792 3363 3846 ποιεῖ.
3410 3791 3665 3845 Ἀπόνοια
3707 3791 3760 3846 δέ

2164 3883 2339 3948 ἐστιν,
2373 3884 2501 3938 ὃταν
2528 3900 2612 3948 τις
2638 3883 2914 3957 σωτηρίας
2932 3882 3126 3937 ἐλπίδα
3159 3885 3341 3958 εὑρεῖν
3366 3883 3442 3958 μὴ
3465 3886 3760 3957 δυνάμενος

2165 3977 2326 4048 ἐνστῇ
2358 3977 2495 4050 πρὸς
2538 3976 2630 4030 τὸν
2671 3977 2935 4042 ἐναντίον,
2979 3976 3123 4032 ὥστε
3166 3978 3201 4051 ἦ
3232 3979 3515 4054 νικῆσαιῆ
3549 3980 3759 4036 ἀποθα-

2167 4072 2301 4124 νεῖν.
2351 4071 2479 4124 Ἐἀν
2527 4070 2585 4126 δὲ
2628 4071 3069 4148 στρατοπεδεύῃς
3117 4073 3404 4128 κατέναντι
3464 4074 3756 4147 πολεμίων,

2165 4164 2259 4220 καὶ
2312 4166 2340 4219 ὁ
2387 4165 2587 4236 ἄνεμός
2640 4168 2756 4219 ἔστι
2819 4167 2956 4239 πρὸς
2997 4168 3198 4232 αὐτοὺς
3233 4167 3629 4241 ἐπερχόμενος,
3660 4170 3755 4241 ἑμ-

2114 4306 2117 4307 ,
2165 4256 2362 4330 πύριζε
2395 4259 2485 4314 τὸν
2511 4259 2619 4314 άπὸ
2656 4260 2754 4332 τῆς
2786 4260 2890 4331 γῆς
2920 4260 3232 4329 ἀναφυέντα
3258 4261 3473 4332 χόρτον,
3516 4261 3603 4315 ίνα
3627 4263 3759 4334 πρὸς

2165 4348 2364 4415 αὐτοὺς
2393 4352 2763 4425 ἐπερχόμενον
2792 4352 2853 4405 τὺ
2886 4351 2996 4423 πῦρ
3037 4352 3248 4424 τροπῆς
3284 4350 3471 4406 αἴτιον
3508 4355 3754 4425 γένηται.

2243 4443 2393 4517 ρμζ’.
2428 4447 2600 4500 Ὅταν
2629 4446 2830 4518 μέλλῃς
2863 4446 3005 4501 κατά
3034 4446 3238 4518 χωρίου
3269 4445 3415 4511 τινὸς
3450 4446 3561 4501 τῶν
3598 4448 3753 4501 πολε-

2171 4542 2313 4613 μίων
2350 4538 2540 4610 ἔφοδον
2574 4534 2868 4609 ποιεῖσθαι,
2906 4540 3036 4613 περὶ
3078 4540 3137 4595 τὸ
3186 4540 3356 4611 αὖγος
3390 4542 3757 4614 ἑγκρύμματα

474 4638 531 4691 in
559 4636 696 4691 locis
741 4634 1011 4690 collocato
1058 4651 1072 4688 :
1110 4632 1183 4688 ita
1232 4632 1374 4687 enim
1405 4631 1640 4687 diversis
1678 4632 1813 4687 locis
1859 4631 1914 4686 in
1945 4631 2060 4687 illos

2177 4636 2410 4707 διάφορα
2440 4634 2577 4691 ἀλλα
2606 4634 2843 4707 ἀλλαχοῦ
2895 4635 3240 4708 κατάστησον
3286 4634 3374 4689 διά
3418 4637 3516 4707 τῆς
3543 4638 3751 4700 νυκτός·

473 4731 691 4787 irruens
718 4730 1093 4786 vehementius
1144 4727 1522 4792 conturbabis,
1568 4736 1621 4783 et
1668 4725 1949 4798 dispersos
1978 4742 2060 4784 eo:

2176 4729 2348 4794 οὕτως
2380 4730 2488 4803 γὰρ
2513 4729 2786 4802 διαφόρως
2833 4729 3299 4806 ⁴ιφοσὸαλιῖυννκαὶ
3326 4731 3489 4785 πλέον
3528 4731 3754 4804 θορυδήο

476 4825 692 4883 facilius
711 4828 916 4897 capies.
942 4824 1055 4880 lloc
1078 4830 1344 4894 praeterea
1376 4821 1473 4875 tibi
1506 4821 1935 4894 praecipiendum
1965 4829 2070 4884 est,

474 4930 534 4977 ut
570 4920 884 4992 bujusmodi
938 4934 1041 4975 nec
1072 4917 1313 4990 opinatis
1369 4917 1788 4973 incursionibus
1833 4915 2072 4971 tribulos

475 5015 685 5072 ferreos
710 5024 872 5070 noctu
936 5013 1145 5068 circum
1196 5010 1465 5081 conjicies
1495 5050 1511 5075 ,
1558 5018 1613 5065 et
1640 5009 1853 5079 pedites
1884 5007 1966 5062 tui
1998 5008 2068 5062 li-

476 5124 644 5181 gneos
676 5123 869 5163 saccos
901 5107 1021 5162 vice
1054 5106 1190 5161 corii
1221 5105 1532 5159 calceorum
1566 5101 1823 5157 habeant.
1871 5100 1944 5156 Ita
1976 5100 2067 5156 fiet

478 5212 561 5266 ut.
587 5203 635 5259 si
661 5202 753 5273 qui
789 5219 855 5257 ex
884 5201 1138 5257 hostibus
1178 5198 1416 5269 pedites,
1448 5206 1543 5252 aut
1567 5196 1804 5266 equites,
1837 5194 2068 5265 rejicere

475 5294 708 5351 tribulos
740 5294 1033 5361 voluerint,
1061 5292 1223 5347 facile
1278 5290 1698 5362 prohibeantur,
1739 5295 1795 5343 et
1854 5287 2067 5359 pedites

474 5391 551 5444 ttti
582 5387 817 5444 olIicium
844 5405 1001 5445 suum
1032 5386 1254 5442 faciant.

2179 4837 2302 4896 σῃς,
2326 4821 2423 4875 καὶ
2451 4819 2886 4893 διεσπαρμένους
2945 4821 3287 4887 ἐπισυνάξεις
3314 4822 3442 4887 τοὺς
3470 4821 3756 4893 ἁλισκομέ-

2173 4932 2320 4980 νους.
2372 4913 2485 4968 Καὶ
2536 4913 2694 4968 τοῦτο
2735 4914 2791 4968 δέ
2844 4931 2925 4968 σοι
2977 4913 3331 4986 προστίθημι,
3390 4915 3476 4968 ἵνα
3532 4916 3591 4969 ἐν
3645 4916 3755 4977 ut;

2174 5008 2451 5072 τοιαύταις
2492 5007 2636 5061 κατά
2669 5006 2865 5079 χώρας,
2894 5007 3182 5080 ἀδοκήτοις
3227 5007 3549 5062 ὲπελεύσεσι
3574 5007 3753 5081 τριθό-

2173 5097 2299 5163 λους
2332 5098 2588 5169 σιδηροῦς
2626 5098 2819 5162 νυκτὸς
2872 5097 3163 5171 διαρίπτῃς
3205 5100 3263 5152 ὲν
3302 5099 3507 5169 κύκλῳ,
3541 5100 3670 5163 τοὺς
3704 5096 3753 5150 δὲ

2177 5191 2379 5256 πεζοὺς
2426 5189 2520 5244 τοῦ
2576 5188 2667 5244 σοῦ
2722 5189 3135 5261 στρατεύματος
3185 5191 3514 5263 προστάξεις
3565 5190 3751 5263 στερεά

2176 5288 2298 5358 ἦτοι
2325 5284 2515 5352 ξύλινα
2553 5285 2673 5355 ίχνη
2722 5286 2844 5340 ἀντῖ⁹
2885 5286 3250 5357 κασσυμάτων
3281 5285 3427 5357 ἔχειν
3456 5286 3526 5341 τά
3559 5286 3751 5355 ὑποδή-

2177 5397 2344 5451 ματα.
2381 5378 2567 5442 Οὕτως
2588 5377 2719 5449 γάρ,
2750 5377 2846 5431 ἐὰν
2874 5377 2967 5431 καί
2988 5395 3131 5443 τινες
3165 5378 3553 5452 βουληθῶσινῆ
3586 5377 3747 5443 πεζοὶ,

475 5485 889 5559 ἣκαὸαλλάριοι
919 5485 1229 5559 ἀμύνασθαι
1257 5486 1369 5549 τοῖς
1404 5484 1674 5558 τριϐόλοις
1721 5482 2055 5553 ἐμπεσόντες
2097 5481 2532 5553 κωλυθήσονται,
2581 5477 2631 5530 οἱ
2670 5478 2727 5533 δὲ
2762 5478 2918 5544 πεζοὶ
2950 5479 3011 5534 τδ
3040 5481 3239 5535 οἰκεῖον
3306 5478 3470 5551 ἔργον
3527 5477 3746 5533 ἁνύσον-

474 5597 584 5638 σιν.

549 5676 672 5734 148.
703 5676 948 5734 Pretiosa
997 5692 1086 5734 res
1126 5687 1210 5733 est
1257 5675 1617 5749 temperantia
1650 5682 1765 5731 tum
1824 5676 2060 5746 impera-

478 5772 606 5839 tori,
639 5781 754 5828 tum
785 5772 1052 5829 exercitui
1082 5814 1096 5841 ,
1133 5780 1385 5845 stuprum
1435 5780 1623 5827 contra
1673 5768 2048 5843 perniciosum

2244 5667 2395 5745 pm"
2436 5668 2640 5739 κτῆμα
2686 5665 2867 5737 τίμιον
2902 5665 2936 5735 ἢ
2972 5663 3293 5736 σωφροσύνη
3327 5664 3420 5720 καὶ
3466 5659 3747 5736 στρατηγῷ

2162 5766 2255 5822 καὶ
2312 5759 2708 5837 στρατεύματι,
2764 5757 2954 5829 ὥσπερ
3003 5759 3036 5831 η
3088 5757 3315 5829 πορνεία
3372 5756 3616 5812 ἐναντίον
3662 5756 3746 5809 καὶ

1977 5864 2212 5920 NOT/E.

543 5966 656 6041 (l5)
709 5964 1197 6044 Ὑστεριξσρυσιν.
1236 5964 1616 6035 Scribebatur,
1651 5962 2061 6035 ὑστερήσουσ...
