4036 6300
280 412 304 479 1
318 413 434 478 053

1418 407 1748 468 TACTICA.
1786 435 1849 444 -
1892 407 2392 471 CONSTITUTIO
2440 409 2567 473 XX.

3418 404 3554 470 1051

277 525 558 597 ὀλέθριον.
592 520 702 576 Καὶ
737 519 964 592 μάλιστα
1001 520 1057 572 ὲν
1091 517 1450 590 αἰχμαλωτίσι
1493 516 1710 586 γυναιξὶ
1741 533 1882 586 γινο-

1998 528 2042 575 et
2097 518 2346 588 foedum,
2413 519 2748 590 captivarum
2810 516 3178 590 potissimum.
3242 516 3418 587 Hujus
3475 519 3556 574 rei

280 617 458 689 μένη,
490 617 582 670 καὶ
607 616 874 688 μαρτυρεῖ
889 613 956 666 τὰ
979 612 1116 666 κατὰ
1138 614 1230 665 τὸν
1247 610 1433 675 Φινεὲς
1455 613 1534 673 είς
1552 609 1650 681 τὴν
1667 609 1877 664 Μαδια-

277 706 469 762 νίτιδα
501 710 736 777 γυναῖκα
780 707 874 762 καὶ
903 707 992 761 τὸν
1022 705 1252 775 Ζαμὸρῆ
1282 703 1564 772 γεγονότα.
1593 704 1738 767 Μιᾶς
1769 702 1878 772 γάρ

277 804 559 869 γυναικὸς
587 784 938 874 αἰχμαλώτου
989 797 1216 872 πορνεία
1265 798 1386 851 ὅλον
1426 798 1485 850 τὸ
1517 798 1877 865 στρατόπεδον

276 894 398 950 τῶν
419 897 788 967 νενικηκότων
809 893 1005 967 μικροῦ
1027 893 1404 964 διέφθειρεν,εί
1435 891 1510 961 μὴ
1541 890 1670 960 έστη
1694 891 1877 954 Φινεὲς

278 988 385 1040 καὶ
417 990 756 1059 ὲκκεντήσας
805 988 934 1051 τοὺς
969 986 1380 1057 ἁμαρτάνοντας
1413 983 1510 1036 καὶ
1557 982 1875 1046 θανατώσας

279 1062 602 1145 ἐξιλάσατο.
645 1081 755 1134 Καὶ
804 1079 1070 1133 ἐκόπασεν
1116 1079 1148 1150 ή
1185 1075 1432 1148 θραῦσις,
1474 1074 1571 1129 καὶ
1615 1073 1870 1145 ἐλογίσθη

280 1173 446 1245 αὐτῷ
473 1173 557 1237 εἰς
593 1172 960 1243 δικαιοσύνην.

355 1266 516 1339 Ῥμθῖ
570 1267 788 1338 Ῥώμην
818 1266 1066 1336 ἐνθήσεις
1093 1266 1206 1328 τοῖς
1237 1264 1597 1336 στρατιώταις
1637 1264 1696 1317 ὲν
1732 1262 1876 1335 ἡμέ-

285 1377 361 1432 ρᾳ
404 1360 677 1431 πολέμου,
728 1359 822 1413 ἐὰν
856 1358 1158 1426 ἐξαναστὰς
1189 1357 1358 1412 ἕωθεν
1388 1357 1465 1420 ὡς
1495 1357 1602 1410 άπὸ
1631 1356 1765 1410 Θεοῦ
1795 1373 1878 1410 σοι

282 1452 533 1522 ὀφθέντα
563 1451 770 1524 ὄνειρον
811 1450 1173 1522 ὲπιφημίσῃς,
1215 1451 1248 1525 ἢ
1289 1450 1364 1514 ὡς
1403 1450 1510 1504 ἀπό
1545 1466 1690 1513 τινος
1717 1448 1880 1517 ἁγίας

281 1544 584 1615 δυνάμεως
611 1541 1025 1615 προτρεπούσης
1047 1543 1293 1595 ὲπελθεῖν
1313 1542 1453 1595 κατὰ
1474 1539 1582 1597 τῶν
1607 1541 1881 1612 πολεμίων

285 1637 392 1692 καὶ
429 1636 787 1708 ἐπιφανείσης
815 1653 894 1688 σοι
921 1635 1058 1706 πρὸς
1089 1635 1423 1706 συμμαχίαν.

365 1737 471 1801 ρν’.
518 1730 652 1784 Ἀπὸ
703 1729 1002 1800 χρημάτων
1057 1727 1312 1792 πολλάκις
1341 1729 1436 1779 καὶ
1477 1726 1607 1782 ἄνευ
1642 1723 1882 1793 πολέμου

287 1815 677 1886 κατορθώσεις
704 1816 848 1869 κατὰ
878 1814 1153 1885 πολεμίων
1184 1831 1277 1868 σου
1306 1815 1484 1882 νίκην,
1519 1815 1648 1868 ὅταν
1682 1812 1767 1866 έτέ
1779 1829 1884 1883 ρων

291 1911 586 1982 πολεμίων
628 1911 812 1973 αὐτοῖς
863 1927 966 1963 που
1028 1907 1455 1980 παρακειμένων
1484 1894 1707 1968 τούτους
1749 1906 1886 1976 χρή-

295 2019 440 2072 μασι
479 1988 673 2064 πείσας
701 1999 960 2071 πολεμεῖν
989 1999 1102 2063 τοῖς
1157 2000 1269 2061 σοῖς
1314 1994 1580 2058 ἐναντίοις
1613 1995 1883 2065 ποιήσεις.

296 2097 370 2148 Ἢ
415 2095 532 2166 γὰρ
561 2092 822 2165 ἀλλήλους
861 2091 1174 2162 φθεροῦσιν,
1293 2091 1353 2143 τὸ
1382 2089 1439 2141 ἓν
1473 2087 1635 2159 μέρος
1663 2087 1888 2157 ἐπικρα-

291 2186 482 2257 τήσει,
516 2183 744 2247 πολλοὺς
774 2182 1028 2254 ἀρίστους
1058 2181 1329 2235 ἀποϐαλὸν
1386 2181 1444 2232 ὲν
1498 2177 1577 2248 τῷ
1617 2177 1758 2230 κατὰ
1787 2175 1888 2247 τὴν

298 2277 491 2346 μάχην
518 2274 710 2343 ἀγῶνι.
746 2274 854 2326 Καὶ
888 2275 997 2344 γὰρ
1040 2271 1149 2326 τῶν
1182 2271 1351 2342 ἄμφω
1399 2268 1673 2340 πολεμίων
1717 2266 1889 2332 οὕτως

293 2367 712 2439 ἡλασσωμένων
761 2365 895 2437 ὁμοῦ
935 2363 1148 2437 ἀπαθὴς
1195 2365 1360 2428 αὐτὸς
1402 2363 1497 2418 καὶ
1541 2360 1890 2433 ίσχυρότερος

297 2461 538 2517 ἐκείνων
566 2460 855 2531 άναδειχθή
864 2476 955 2531 σῃ.

377 2552 519 2626 ρνα’.
553 2552 677 2618 Τοῖς
733 2552 1077 2623 βουλομένοις
1112 2551 1304 2624 βιαίως
1353 2553 1411 2606 ὲν
1443 2550 1618 2623 καιρῷ
1650 2550 1888 2620 πολέμου

297 2649 405 2721 τὴν
459 2648 558 2721 σὴν
607 2645 914 2718 παράταξιν
966 2644 1273 2719 διαρρῆξαι,
1314 2645 1406 2698 καὶ
1441 2644 1698 2708 διεκθεῖν,
1725 2643 1891 2698 δίοδον

299 2743 574 2806 ἑκουσίως
620 2741 850 2811 πάρεχε,
883 2739 976 2793 καὶ
1009 2739 1148 2808 μετὰ
1173 2738 1346 2794 ταῦτα
1398 2737 1748 2808 ὲπίστρεψον,
1797 2737 1893 2790 καὶ

301 2837 502 2906 ὥσπερ
532 2833 790 2904 φεύγουσι
848 2833 989 2887 κατὰ
1019 2829 1187 2885 νώτου
1240 2829 1516 2894 ἐπιτεθεὶς
1548 2830 1749 2902 ῥᾳδίως
1792 2847 1891 2883 κα-

302 2929 594 2994 ταδιώξεις
629 2926 846 2990 αὐτούς.

382 3020 523 3094 ρνβ’.
550 3022 712 3075 Ὥστε
741 3019 816 3090 μὴ
843 3017 1007 3087 φόϐον
1045 3015 1358 3085 εἰσάγεσθαι
1386 3015 1466 3081 είς
1493 3017 1554 3069 τὸ
1586 3014 1892 3087 στρατόπε-

306 3116 400 3170 δον
427 3114 521 3169 διά
557 3114 683 3176 τοὺς
739 3112 981 3183 ἀκαίρως
1024 3107 1506 3174 λιποτακτοῦντας,
1536 3106 1750 3178 ταχέως
1787 3105 1891 3159 αύ-

1987 614 2360 670 testimonium
2415 614 2510 668 dat
2546 612 2784 669 Phinees
2832 613 3057 678 factum,
3087 611 3234 682 quod
3271 612 3324 665 in
3355 611 3562 666 ll'ladia-
3663 620 3667 622 ‘

1984 706 2210 762 nitidem
2234 717 2288 762 et
2339 705 2571 762 Zambre
2623 706 2866 776 suscepit
2900 722 2913 758 :
2951 705 3113 760 unius
3149 706 3294 761 enim
3347 703 3563 759 feminae

1983 806 2207 875 captiva:
2267 803 2649 873 constupratio
2721 802 2981 856 victorem
3071 799 3369 856 exercitum
3426 811 3564 869 pene

1982 898 2294 964 delevisset,
2337 897 2445 952 nisi
2478 898 2719 952 stetisset
2755 895 3009 962 Phinees,
3046 903 3100 950 et
3126 903 3417 963 utrumque
3441 904 3564 961 pec-

1980 1001 2222 1047 catorem
2248 990 2653 1057 transfodissel,
2680 999 2734 1045 et
2761 989 2981 1045 illorum
3023 998 3196 1042 morte
3253 985 3418 1040 Deum
3446 985 3563 1056 pla-

1979 1092 2177 1140 casset.
2208 1078 2394 1154 Itaque
2421 1081 2660 1138 cessavit
2687 1082 2865 1154 plaga,
2901 1090 2956 1137 et
2987 1079 3234 1135 habitum
3286 1086 3372 1134 est
3402 1077 3453 1132 ei
3495 1076 3565 1132 ad

1972 1173 2270 1246 justitiam.

2047 1265 2171 1321 149.
2206 1267 2558 1322 Alacritatem
2588 1265 2653 1321 ad
2703 1281 2939 1338 pugnam
2983 1265 3252 1323 militibus
3289 1268 3562 1335 attuleris,

1932 1402 1933 1405 η
1979 1356 2023 1411 si
2048 1357 2167 1427 ipso
2195 1357 2318 1412 belli
2339 1357 2429 1412 die
2461 1373 2618 1412 mane
2641 1374 2999 1429 consurgens,
3031 1359 3366 1414 insomnium
3390 1362 3567 1430 quod-

1978 1447 2104 1502 dam
2144 1449 2413 1506 divinitus
2449 1451 2547 1506 tibi
2598 1451 2904 1507 immissqu
2947 1468 3070 1510 esse
3124 1453 3300 1519 dicas,
3336 1455 3480 1529 quod
3515 1464 3568 1511 te

1981 1541 2048 1596 ad
2077 1541 2410 1598 invadendos
2446 1543 2631 1598 hostes
2657 1545 2849 1600 incitet
2872 1583 2888 1610 ,
2923 1554 2977 1600 et
3000 1546 3262 1600 auxilium
3293 1547 3566 1618 quoddam

1989 1632 2056 1687 ad
2089 1635 2441 1706 pugnandum
2473 1636 2567 1691 tibi
2603 1649 2890 1694 monstret.
3069 1643 3072 1647 ’

2063 1725 2195 1780 150.
2238 1725 2478 1782 Pecunia
2532 1744 2696 1799 saepe,
2741 1730 2862 1785 sine
2907 1730 3116 1800 prmlio,
3170 1733 3456 1792 victoriam
3502 1737 3571 1793 de

1993 1818 2243 1874 hostibus
2269 1822 2594 1888 reportabis.
2616 1819 2718 1876 Ubi
2740 1822 2829 1876 alii
2866 1823 3051 1878 hostes
3075 1825 3181 1880 illis
3222 1827 3568 1894 immineant,

1986 1923 2080 1963 eos
2115 1912 2342 1980 pecunia
2382 1919 2473 1967 tua
2509 1914 2771 1977 adduces,
2816 1923 2872 1970 ut
2910 1915 3111 1971 bellum
3149 1918 3255 1974 illis
3283 1919 3522 1976 inferant
3552 1964 3569 1984 ,

1987 2000 2072 2055 vel
2104 2001 2250 2056 cnim
2281 2017 2341 2057 se
2367 2010 2558 2058 mutuo
2587 2005 2901 2084 vastabant,
2933 2005 3017 2060 vel
3044 2007 3215 2062 altera
3250 2024 3376 2079 pars
3404 2027 3586 2083 supe--

1988 2093 2165 2148 riorcs
2223 2093 2446 2150 habebit
2483 2135 2497 2158 ,
2536 2097 2722 2164 prtelio
2779 2079 2902 2152 dum
2950 2099 3120 2154 altera
3170 2079 3491 2168 dimicans,—
3518 2113 3573 2160 et

1989 2182 2194 2238 multos
2219 2192 2401 2238 tamen
2423 2199 2490 2240 cx
2553 2188 2669 2242 suis
2719 2187 2948 2242 amittet.
2985 2186 3242 2260 Utrisque
3296 2192 3461 2260 igitur
3490 2195 3572 2250 sie

1991 2273 2320 2340 imminutis,
2355 2286 2412 2331 tu
2456 2279 2704 2333 ninnium
2758 2280 3030 2336 malorum
3058 2297 3287 2349 vacuus,
3320 2284 3428 2340 illis
3459 2285 3573 2342 for-

1991 2367 2100 2422 tior
2129 2368 2518 2442 robustiorque
2547 2372 2676 2426 eris.

2064 2541 2184 2596 151.
2217 2539 2273 2595 Si
2305 2541 2397 2612 qui
2430 2542 2600 2599 aciem
2639 2552 2786 2600 tuam
2819 2554 3064 2618 tempore
3109 2551 3282 2621 praelii
3329 2568 3578 2624 perrum-

1992 2649 2119 2705 pere
2150 2635 2361 2702 volunt,
2422 2637 2715 2692 transitum
2767 2640 2875 2695 illis
2929 2642 3162 2698 liberum
3195 2644 3346 2712 dato,
3388 2656 3443 2703 et
3480 2649 3574 2704 ubi

1995 2727 2334 2794 transierint,
2382 2738 2590 2801 atergo
2645 2732 2803 2802 quasi
2865 2733 3124 2807 fugitivos
3153 2737 3464 2810 adoriaris,
3520 2751 3577 2798 et

1992 2818 2153 2876 facile
2185 2821 2370 2891 capies
2397 2837 2511 2878 eos.

2064 3001 2186 3058 152.
2229 3001 2299 3059 Ut
2343 3007 2525 3063 nullus
2579 3007 2744 3064 timor
2767 3012 3061 3068 exercitum
3116 3021 3264 3070 tuum
3320 3019 3578 3089 pervadat

1995 3111 2090 3166 per
2121 3113 2216 3153 eos
2250 3099 2342 3170 qui
2383 3102 2555 3157 aciem
2581 3101 2861 3170 deserunt,
2902 3108 3155 3164 celeriter
3193 3111 3315 3167 illos
3343 3127 3410 3168 ex
3459 3115 3577 3171 acie

307 3210 440 3273 τοὺς
471 3209 568 3261 καὶ
599 3206 877 3276 συντόμως
911 3202 1260 3275 ἀποχωρίσας
1291 3201 1390 3270 τῆς
1441 3201 1804 3272 παρατάξεως
1837 3200 1891 3252 ὲν

2000 3201 2092 3251 tua
2133 3209 2409 3261 amoveas,
2439 3206 2605 3267 atque
2630 3197 2697 3253 ad
2730 3199 2867 3254 alios
2901 3215 3034 3257 usus
3075 3203 3396 3263 transferas.

306 3301 535 3371 ἑτέραις
567 3298 774 3370 χρείαις
804 3296 1170 3367 κατάστησον.

389 3389 530 3465 ρνγ’.
569 3391 753 3461 Ῥώμη
788 3387 1097 3461 στρατηγοῦ
1123 3386 1281 3458 χερσὶ
1315 3387 1416 3458 μὲν
1450 3384 1898 3457 συμπλεκομένου

310 3485 582 3546 πολλάκις
623 3483 774 3536 οὐδὲν
818 3483 960 3552 μέγα
998 3480 1302 3551 ὠφέλησεν,
1347 3479 1396 3530 εί
1448 3478 1524 3550 μὴ
1563 3478 1671 3548 ἄρα
1707 3477 1900 3549 μικρὸν

313 3583 375 3634 ὲν
427 3577 602 3648 δειλίᾳ
651 3573 882 3648 στρατοῦ
941 3574 1251 3646 ἐπιρρῶσαι
1298 3571 1522 3634 τούτους
1576 3570 1899 3641 βουλομένου

311 3672 405 3726 διὰ
445 3669 549 3739 τῆς
579 3668 868 3730 κοινωνίας
889 3667 999 3719 τῶν
1030 3662 1311 3719 κινδύνωψ
1346 3663 1603 3725 πεσόντος
1625 3662 1680 3715 δὲ
1709 3661 1776 3714 τὰ
1811 3659 1904 3731 μέ-

313 3781 482 3833 γιστα
532 3761 781 3830 ἔϐλαψεν.
835 3760 1172 3832 Στρατηγίαι
1216 3758 1274 3812 δὲ
1325 3758 1422 3810 καὶ
1463 3753 1898 3825 ἐπιτηδεύματα,

314 3859 446 3911 ὃταν
485 3853 727 3925 σώζηται
779 3854 871 3906 καὶ
899 3849 1324 3920 διαφυλάττηται
1353 3851 1381 3900 ό
1411 3845 1738 3919 στρατηγὸς,
1771 3843 1898 3916 παρ’

316 3945 487 4001 αὑτοῦ
513 3945 795 4015 γινόμενα,
828 3941 1072 4014 μεγάλας
1119 3939 1388 4009 ὠφελείας
1444 3941 1504 3992 ὲν
1539 3939 1660 4000 ταῖς
1697 3935 1902 4007 μάχαις

315 4036 702 4094 ἀποτελοῦσιν.

370 4133 523 4205 νρνδκ
567 4132 812 4205 Πλήθους
847 4128 1149 4200 φαντασίαν
1201 4125 1294 4181 τοῦ
1345 4123 1438 4179 σοῦ
1497 4121 1902 4196 στρατεύματος

319 4229 595 4299 ποιήσεις,
614 4225 727 4294 είγε
747 4223 904 4277 τοῦτο
920 4221 1205 4294 βουληθῇς,
1228 4221 1324 4274 ἐὰν
1341 4218 1431 4273 καὶ
1454 4220 1566 4281 τοῖς
1593 4215 1903 4286 ὑποζυγίοις

320 4321 418 4374 καὶ
446 4323 558 4384 τοῖς
588 4319 729 4383 δνοις
774 4318 864 4371 καὶ
892 4319 1012 4378 ταῖς
1051 4315 1234 4386 βουσὶν
1264 4309 1581 4382 ἐποχεῖσθαί
1615 4325 1768 4371 τινας
1801 4324 1932 4362 δια-υ⁵

317 4414 648 4486 ὕαλλαρίους
677 4414 926 4484 ποιήσῃςο
962 4410 1132 4464 ἐνίοτε
1152 4409 1260 4479 γάρ
1290 4409 1384 4461 καὶ
1410 4404 1566 4459 τοῦτο
1593 4401 1900 4458 ἐπιδεικνύ-

323 4524 486 4582 μενον
523 4509 814 4576 χρήσιμον.

2079 3373 2201 3428 155.
2226 3371 2418 3428 Robur
2447 3371 2793 3441 imperatoris
2824 3387 3021 3428 manus
3062 3374 3114 3428 in
3161 3375 3346 3445 praelio
3378 3392 3575 3433 conse—

2002 3466 2175 3520 rentis
2207 3464 2340 3518 nihil
2369 3471 2461 3516 aut
2501 3476 2692 3533 parum
2734 3461 2972 3531 adjuvat,
3005 3463 3110 3518 nisi
3155 3465 3246 3519 ubi
3276 3469 3575 3524 exercitum

2002 3558 2506 3627 relanguesceutem
2539 3554 2782 3609 excitare
2807 3554 3029 3616 iterum,
3058 3562 3115 3610 et
3144 3558 3405 3615 societate
3429 3561 3578 3630 peri-

2003 3652 2254 3707 culorum
2313 3650 2562 3704 animare
2611 3644 2813 3703 studet.
2859 3645 2957 3701 Sin
3017 3648 3079 3725 in
3146 3649 3333 3719 prmlio
3389 3653 3575 3720 cadat,

2005 3759 2200 3815 magna
2236 3741 2583 3796 incommoda
2642 3739 2896 3795 universo
2949 3741 3215 3795 exercitui
3255 3743 3574 3802 afferuntur.

2003 3838 2247 3894 Consilia
2275 3845 2482 3902 autem,
2503 3841 2558 3889 et
2585 3834 2726 3888 facta
2756 3832 3131 3902 imperatoria,
3166 3836 3214 3890 si
3269 3845 3578 3910 opportune

2005 3932 2391 3995 adhibeantur,
2431 3926 2669 3982 maxima
2725 3923 2981 3995 praesidia
3010 3924 3264 3981 universo
3311 3930 3575 3985 exercitui

2006 4031 2314 4097 apportant.

2077 4119 2200 4174 154.
2227 4118 2479 4191 Magnum
2520 4135 2809 4176 numerum
2836 4127 2890 4176 et
2916 4119 3319 4176 multitudinem
3343 4119 3575 4174 militum

2004 4230 2116 4287 prae
2144 4225 2195 4270 te
2222 4212 2388 4281 feres,
2416 4217 2636 4285 quando
2661 4217 2756 4272 tibi
2782 4216 2885 4271 hoc
2910 4215 3256 4270 commodum
3280 4213 3576 4278 videbitur,

2002 4307 2289 4378 jumeutis,
2321 4307 2516 4373 asinis,
2541 4315 2597 4362 et
2643 4308 2824 4363 bobus
2853 4309 3122 4363 vehantur
3173 4306 3390 4377 quidam
3419 4306 3577 4378 equi-

2006 4407 2111 4467 tes,
2145 4414 2272 4454 nam
2303 4401 2406 4456 hoc
2438 4399 2495 4454 in
2519 4401 2640 4455 loco
2671 4400 2904 4471 perutile
2934 4409 3038 4457 est.

390 4600 524 4674 ρνε’.
567 4598 792 4663 ἰκανῶς
830 4594 1198 4667 καταπλήξεις
1223 4593 1350 4656 τοὺς
1385 4589 1677 4662 πολεμίους
1704 4589 1760 4642 ὲν
1791 4605 1891 4642 πα-

2070 4585 2194 4641 155.
2229 4584 2591 4643 Vehementer
2618 4585 2909 4642 admodum
2963 4586 3202 4642 hostium
3265 4585 3433 4642 aciem
3461 4599 3580 4655 per-

325 4697 571 4768 ρατάξει,
618 4695 747 4749 ὅταν
781 4693 909 4755 τοὺς
961 4690 1188 4752 ὁπλίτας
1217 4686 1312 4742 τοῦ
1354 4685 1449 4738 σοῦ
1469 4683 1882 4756 στρατεύματος

321 4787 518 4862 πρῶτα
557 4787 655 4858 μὲν
698 4785 839 4838 κατὰ
877 4784 1026 4854 βῆμα
1074 4781 1210 4852 μετὰ
1265 4777 1518 4846 εὐταξίας
1573 4777 1896 4848 προσάγῃς,

321 4882 451 4936 ὃταν
506 4880 564 4934 δὲ
615 4877 814 4933 ἔσωθεν
868 4866 1250 4945 σαγιττοϐόλου
1285 4873 1572 4941 γένωνται,
1614 4871 1738 4923 τότε
1772 4869 1901 4942 δρο-

326 4973 500 5045 μαίως
559 4972 698 5043 μετὰ
761 4969 1019 5041 ὀξύτητος
1069 4965 1477 5038 συμπλέκεσθαι
1534 4964 1786 5035 ποιήσῃς.
1821 4961 1896 5015 Οὐ

323 5071 432 5141 γὰρ
465 5067 821 5140 βλαϐήσονται
867 5063 972 5118 ὑπὸ
1015 5063 1124 5117 τῶν
1153 5060 1521 5131 τοξευομένων
1557 5057 1752 5129 βελῶν,
1804 5055 1899 5109 καὶ

323 5161 552 5225 ἀπαθεῖς
605 5160 717 5231 (46)
787 5156 1185 5229 προσϐαλόντες
1243 5151 1504 5226 τρέφουσι
1554 5151 1678 5214 τοὺς
1744 5152 1942 5235 ὲναν-ἓ

324 5254 496 5320 τίους.

397 5346 540 5420 ρνς’.
600 5346 774 5418 Σοφοῦ
832 5343 1138 5419 στρατηγοῦ
1201 5341 1362 5415 ἔργον
1407 5359 1489 5396 σοι
1535 5339 1887 5411 διηγήσομαι·

327 5443 455 5496 ποτὲ
511 5441 620 5514 γὰρ
673 5440 1161 5512 παρατασσομένου
1219 5436 1386 5491 αὑτοῦ
1448 5434 1644 5507 βροντὴ
1699 5433 1893 5503 γέγονε

329 5533 540 5606 βαρεῖα,
570 5535 777 5590 καὶτοῦ
814 5534 1045 5603 στρατοῦ
1072 5531 1234 5587 αὑτοῦ
1261 5532 1316 5585 δὲ
1354 5531 1719 5592 δειλιάσαντος
1752 5527 1890 5598 (47),

329 5624 400 5689 ὡς
440 5629 530 5681 ἐπὶ
561 5627 715 5698 κακῷ
745 5627 927 5690 αὐτοῖς
958 5623 1231 5695 συμϐόλῳ,
1268 5621 1674 5693 άντεπήνεγκεν
1700 5617 1891 5672 είπώνο

2000 4675 2270 4743 turbabis,
2294 4676 2340 4731 si
2368 4677 2554 4745 copias
2576 4683 2699 4730 tuas
2726 4676 2902 4743 primo
2927 4672 3254 4744 pedetentim
3277 4687 3400 4728 cum
3425 4672 3576 4728 ordi-

2001 4772 2088 4826 nis
2146 4769 2382 4841 quadam
2442 4769 2866 4824 conservatione
2921 4765 3178 4838 progredi
3226 4764 3442 4831 facias,
3480 4764 3573 4820 ubi

2000 4881 2133 4924 vero
2162 4865 2306 4921 intra
2333 4865 2544 4936 sagittae
2565 4862 2766 4918 factum
2800 4862 2970 4919 fueris
2998 4877 3122 4918 cum
3144 4877 3337 4929 cursu,
3360 4869 3415 4918 et
3437 4862 3571 4917 cele-

2004 4961 2164 5016 ritate
2194 4960 2260 5014 ad
2320 4959 2443 5013 illos
2506 4956 2828 5012 contendas.
2871 4956 2948 5010 Ita
2983 4957 3092 5019 fiet,
3122 4965 3180 5010 ut
3209 4955 3279 5010 ab
3333 4954 3569 5011 hostium

2014 5056 2160 5120 telis,
2189 5062 2242 5109 et
2273 5052 2489 5124 sagittis
2519 5067 2624 5106 non
2673 5050 2907 5116 laedaris,
2939 5059 2992 5106 et
3025 5063 3219 5106 secure
3265 5048 3571 5120 irruptionc

1996 5149 2152 5203 facta
2183 5162 2308 5204 cum
2341 5145 2592 5202 hostibus
2614 5143 2898 5215 confligas.

2073 5331 2192 5386 156.
2242 5327 2532 5384 Prudentis
2585 5328 2684 5380 hoc
2711 5334 2795 5379 est
2851 5323 3215 5395 imperatoris,
3249 5323 3292 5381 si
3327 5323 3569 5394 quando,

2002 5423 2149 5496 quod
2180 5438 2324 5494 saepe
2371 5421 2484 5484 fiet,
2512 5419 2718 5474 tonitru
2760 5433 3016 5488 magnum
3049 5415 3140 5471 fiat
3162 5459 3175 5483 ,
3206 5423 3260 5471 ct
3293 5416 3464 5487 capite
3501 5418 3570 5472 ad

2002 5520 2124 5589 ejus
2147 5518 2393 5572 auditum
2449 5519 2836 5584 expavescant,
2872 5513 3030 5582 quasi
3057 5509 3255 5562 malum
3288 5525 3446 5564 omen
3475 5511 3570 5575 sit,

2003 5621 2196 5669 contra
2229 5608 2425 5665 afferre
2456 5608 2695 5663 hostium
2738 5621 2905 5662 causa
2941 5607 3041 5660 hoc
3087 5603 3226 5672 ﬁeri,
3257 5620 3396 5674 quos
3430 5604 3574 5659 Dt-us

1836 5794 2066 5853 NOTAE.

403 5902 515 5976 (Ᾱῦ)
551 5905 878 5968 Ἀπτρθειάς.
902 5900 1114 5968 δι’τίὒε,
1147 5898 1395 5965 ἀπαθεῖς.

2072 5890 2183 5964 (47)
2216 5887 2664 5954 Δειλιάσαντος.
2700 5883 3074 5950 Scribobatur,
3104 5877 3466 5941 δεκάσαντος
