3968 6308
387 284 526 353 1055
1617 282 1889 349 LEONIS
1930 285 1982 347 Pi

2101 282 2392 346 .OSOPl-II
3512 273 3656 343 1656

378 403 642 460 attonitos
702 402 935 473 iaciens,
991 419 1089 462 nos
1117 404 1272 477 jubet
1325 405 1468 463 bono
1498 408 1684 462 animo
1717 407 1770 461 in
1831 404 1955 460 illos

2101 403 2135 453 κύ
2169 400 2234 454 δι’
2261 401 2405 472 ἡμᾶς
2440 401 2472 472 ή
2504 390 2704 472 βροντὴ
2747 395 2991 468 γέγονεν,
3036 391 3172 452 ἀλλὰ
3198 395 3325 462 τοὺς
3348 396 3656 469 πολεμίους

379 500 640 569 impetum
665 497 866 554 facere.

2115 493 2245 556 Θεὸς
2297 493 2370 556 ὡς
2415 492 2644 563 ἐχθροὺς
2689 491 3096 563 ἐμϐροντήτους
3141 493 3376 564 ποιήσας
3409 495 3531 547 κατ’
3559 493 3659 555 αὺ-

2057 586 2168 640 τῶν
2193 588 2340 656 ἡμᾶς
2367 585 2670 654 ἐπάγεσθαι
2697 585 2933 640 κελεύει.

393 632 812 732 ’ίῖίῖἵῗίῖίοειεε
841 676 895 732 in
939 686 1312 750 contemptum
1344 680 1605 748 adduces,
1634 683 1679 738 si
1730 682 1957 753 popula-

2101 632 2161 657 ...
2201 632 2209 635 .
2278 632 2337 650 ν,
2367 632 2670 654 ---η-η--
2698 632 2933 640 -.-πη-η

2133 632 2441 752 ρῂὲτοὺς
2491 680 2784 750 πολεμίους
2847 680 3357 752 εὐκαταφρονήτους
3382 681 3654 752 ποιήσεις,

379 783 468 824 res
519 768 741 822 illorum
765 770 860 841 qui
893 771 946 824 in
983 771 1190 828 ditione
1235 781 1327 827 tua
1359 782 1509 838 sunt,
1544 790 1667 829 cum
1723 776 1775 829 in
1803 791 1958 846 gym-

2101 772 2158 826 ὰν
2202 772 2328 837 τοὺς
2370 775 2433 827 ἐκ
2465 771 2561 826 τοῦ
2613 773 2806 841 γένους
2853 773 3034 826 αὐτῶν
3080 774 3231 846 παρά
3279 774 3364 828 σοὶ
3397 774 3561 838 ὄντας
3601 776 3664 828 ἐν

381 859 553 915 nasiis
581 860 882 930 luctantur,
915 861 1228 933 inferiores,
1258 849 1381 923 tuos
1417 875 1598 923 autem
1621 870 1962 926 strenuiorcs

2101 867 2183 928 αῖς
2223 865 2588 937 παλαίστραις
2630 865 2740 920 τῶν
2792 867 3062 935 παιγνίων
3109 866 3385 932 ἐλάττους,
3436 867 3571 930 τοὺς
3605 866 3663 919 δὲ

379 951 653 1011 eﬂ'cceris.

2101 957 2193 1020 οὺς
2223 954 2510 1027 ὑπερέχειν
2537 959 2984 1030 παρασκευάσῃς.

455 1045 580 1100 158.
615 1044 718 1102 Ubi
751 1049 1032 1104 occultare
1074 1065 1104 1104 ιι
1134 1053 1349 1107 caeteris
1380 1054 1620 1110 volueris
1650 1071 1745 1112 eos
1773 1057 1863 1128 qui
1896 1073 1961 1114 ex

2142 1056 2277 1120 pvq'.
2316 1049 2446 1103 Ὀτε
2490 1051 2655 1123 βούλῃ
2687 1049 2892 1122 κρύψαι
2928 1051 3052 1116 τοὺς
3082 1051 3459 1123 ἀνῃρημένους
3490 1052 3551 1105 ἐν
3593 1052 3666 1120 τῇ

384 1139 492 1193 tuis
523 1138 575 1192 in
601 1139 786 1210 przelio
809 1141 1080 1197 interfecti
1110 1153 1260 1209 sunt,
1283 1147 1536 1215 quamvis
1558 1146 1658 1201 hoc
1688 1157 1811 1218 post
1840 1149 1966 1204 belli

2101 1142 2221 1213 ιάχῃ
2255 1142 2347 1194 τοῦ
2382 1141 2476 1196 σοῦ
2513 1143 2945 1215 στρατεύματος,
2974 1143 3092 1214 εἴγε
3115 1144 3211 1198 καὶ
3229 1144 3386 1198 τοῦτο
3415 1141 3668 1216 συμϐαίη

381 1232 592 1286 exitum
629 1231 741 1298 ﬁat,
775 1249 842 1289 ne
873 1235 1157 1306 permittas
1183 1238 1544 1293 contubernia
1574 1240 1736 1294 simul
1784 1241 1967 1296 cibum

2101 1233 2224 1298 ιοτέ,
2251 1233 2325 1297 ὡς
2352 1235 2614 1299 πολλάκις
2644 1235 2824 1302 εἴωθες
2866 1236 3004 1305 μετὰ
3045 1236 3146 1306 τὴν
3178 1235 3331 1290 λύσιν
3356 1236 3455 1306 τῆς
3482 1237 3669 1308 μάχης

381 1338 599 1394 capere,
650 1325 744 1380 sed
812 1328 1046 1397 sparsim
1101 1335 1155 1384 et
1203 1329 1452 1398 fortuito,
1506 1332 1968 1401 quemadmodum

2101 1325 2150 1397 ιὴ
2206 1329 2472 1396 συμπνείν
2508 1327 2623 1398 (48)
2674 1326 2810 1398 ὁμοῦ
2857 1327 2926 1381 τὰ
2977 1327 3364 1405 κοντουϐερνια
3416 1344 3674 1397 παρακεο

384 1430 552 1472 casus
590 1417 818 1484 tulerit;
857 1419 1039 1489 itaque
1078 1435 1186 1476 non
1228 1422 1283 1476 in
1329 1424 1580 1479 timorem
1612 1425 1845 1495 aliquem
1877 1440 1972 1480 ca-

2101 1416 2253 1481 .εύου,
2287 1419 2404 1472 ἀλλ’
2433 1417 2507 1480 ὡς
2551 1418 2743 1488 ἔτυχεν
2777 1419 3028 1474 ἕκαστον.
3072 1418 3259 1482 Οὕτως
3302 1419 3411 1490 γὰρ
3437 1419 3498 1472 οὐ
3547 1419 3671 1474 δια-

383 1508 538 1578 dent,
571 1509 664 1566 sed
703 1511 889 1567 animo
921 1523 1147 1570 Strenuo
1179 1513 1420 1588 fortique
1461 1525 1645 1572 erunt.

458 1695 584 1750 159.
620 1694 872 1752 Hostium
905 1696 1202 1768 imperator
1233 1701 1390 1770 quasi
1443 1711 1608 1771 caput
1655 1702 1855 1774 viperae
1893 1715 1976 1760 est

2076 1511 2296 1579 γνόντες
2323 1516 2446 1574 τοὺς
2472 1511 2849 1583 ἀνῃρημένους
2883 1511 2983 1566 ούκ
3017 1512 3097 1576 εἰς
3123 1511 3325 1566 δειλίαν
3355 1509 3673 1583 ἐμπεσοῧν·

2078 1619 2189 1666 ται,
2218 1602 2351 1656 ἀλλὰ
2384 1603 2776 1674 θαρσήσουσιν.

2154 1695 2283 1765 ρνθ’.
2318 1695 2632 1766 Στρατηγὺς
2650 1694 2941 1766 πολεμίων,
2977 1695 3167 1767 ὥσπερ
3193 1696 3406 1768 κεφαλὴ
3423 1696 3670 1768 ἐχίδνης,

389 1787 446 1841 in
481 1790 721 1843 exercitu
759 1799 873 1845 tuo.
907 1787 1134 1845 Omnem
1172 1793 1338 1861 igitur
1375 1794 1712 1865 diligentiam
1746 1798 1970 1853 adhibe-

2101 1788 2249 1850 ιῦτως
2297 1787 2388 1840 ἐπὶ
2419 1786 2497 1857 τῷ
2537 1787 2903 1858 στρατεύματι
2951 1785 3134 1841 αὐτοῦ.
3187 1788 3375 1841 Πᾶσαν
3405 1786 3497 1841 οὖν
3550 1790 3676 1842 ἐπί-

385 1879 494 1947 bis,
558 1882 640 1937 vel
694 1883 1048 1939 multitudine
1097 1896 1434 1945 armatorum
1480 1889 1536 1943 in
1587 1889 1738 1944 illum
1792 1892 1970 1946 solum

385 1974 538 2027 omni
568 1974 771 2045 impetu
800 1987 1017 2042 ruente,
1043 1982 1127 2033 vel
1159 1980 1280 2034 telis
1307 1980 1552 2035 omnium
1581 1982 1635 2035 in
1660 1997 1782 2038 eum
1812 1986 1971 2054 quasi

388 2065 443 2120 in
476 2069 904 2140 scepumjactis,
932 2083 1025 2126 aut
1055 2072 1163 2126 alio
1195 2073 1452 2143 quopiam
1479 2086 1699 2145 conatu,
1732 2079 1975 2132 molitio-

391 2173 570 2228 neque
603 2167 695 2212 tua
728 2162 914 2226 cadat,
940 2169 993 2218 ct
1028 2179 1058 2219 e
1085 2164 1262 2220 medio
1298 2165 1540 2223 tollatur.
1573 2169 1708 2224 Nam
1733 2171 1777 2227 si
1811 2181 1974 2242 caput

387 2249 588 2321 vipera
621 2253 789 2308 semel
817 2258 1246 2325 comminuatur,
1281 2260 1553 2332 reliquum
1577 2278 1778 2336 corpus
1812 2264 1975 2320 inane

390 2351 555 2413 atque
591 2345 782 2400 inutile
805 2355 911 2402 est.

461 2433 586 2490 160.
610 2433 742 2492 Belli
767 2445 1010 2508 tempore
1059 2439 1379 2510 familiares,
1409 2444 1640 2513 amicos,
1684 2460 1970 2520 cognatos,

389 2538 560 2596 prope
595 2529 736 2583 inter
771 2545 830 2584 sc
853 2531 1191 2590 collocabis:
1226 2549 1383 2592 amor
1411 2539 1558 2594 enim
1594 2551 1816 2599 mutuus
1848 2544 1972 2603 illos

391 2616 458 2671 ad
500 2619 745 2688 pericula
790 2622 1075 2680 subeunda
1107 2627 1337 2696 animat,
1380 2639 1434 2687 et
1470 2632 1537 2687 ad
1572 2648 1658 2690 res
1708 2635 1845 2693 bene
1877 2654 1972 2712 ge-

393 2710 593 2766 rendas
631 2713 845 2770 incitat.

463 2804 589 2860 161.
645 2806 1031 2879 Suspicionem
1072 2813 1158 2869 sui
1189 2822 1381 2872 mutuo
1421 2817 1477 2873 in
1520 2820 1764 2877 hostium
1799 2823 1973 2880 aciem

393 2898 631 2968 injicies,
666 2900 714 2956 si
759 2903 1230 2961 nobilissimorum
1285 2917 1342 2963 et
1391 2913 1973 2985 praestantissimorum

393 2997 639 3052 virorum
694 3013 857 3070 agros
895 3001 1202 3059 incolumes
1245 3018 1367 3061 esse
1414 3008 1724 3077 permittas,
1762 3013 1972 3068 caeteris

398 3086 649 3145 ﬁnitimis
681 3088 816 3147 locis
858 3092 1154 3161 populatis.

470 3175 594 3232 162.
649 3178 939 3237 Exercitus
979 3182 1076 3236 tibi
1112 3183 1366 3253 idoneus,
1402 3187 1701 3261 justusque
1749 3192 1843 3259 sit;
1887 3195 1982 3263 qui

397 3279 578 3326 autem
614 3270 689 3326 ibi
735 3271 803 3326 ad
836 3272 1036 3329 bellum
1068 3275 1249 3333 idonei
1277 3294 1380 3334 non
1407 3290 1558 3348 sunt,
1590 3281 1668 3336 illi
1701 3283 1769 3338 ad
1807 3286 1985 3341 servi-

397 3371 606 3430 tutem,
684 3372 741 3419 et
804 3365 1214 3425 multitudinem
1291 3373 1614 3442 augendam,
1689 3377 1782 3432 ubi
1853 3395 1988 3436 usus

401 3455 596 3523 fueris,
640 3457 951 3514 asciscendi
984 3469 1136 3530 sunt,
1171 3463 1256 3518 vel
1275 3463 1386 3534 jam
1416 3465 1702 3522 imminuto
1743 3472 1989 3527 exercitu

398 3548 467 3602 ad
500 3546 772 3618 integrum
807 3566 1102 3606 numerum
1135 3553 1464 3625 explendum
1506 3558 1807 3629 recipiendi
1836 3569 1984 3629 sunt,

402 3646 461 3690 ut
491 3637 559 3692 ad
585 3641 986 3710 oppugnandos
1015 3641 1201 3723 hostes
1222 3643 1460 3699 valeant.
1495 3643 1834 3708 Vetus,enim
1860 3664 1987 3704 vcr-

403 3730 532 3784 bum
575 3739 679 3798 est,
712 3732 802 3786 ubi
838 3733 1054 3790 leonina
1097 3734 1253 3804 pellis
1288 3750 1395 3792 non
1445 3735 1666 3805 sullicit,
1713 3740 1986 3796 assuenda

403 3823 626 3893 Vulpina
654 3831 756 3879 cst.

473 4007 597 4062 165.
632 4005 691 4062 Si
719 4007 998 4080 contingat
1046 4009 1167 4076 tibi,
1205 4009 1296 4065 ubi
1342 4011 1456 4082 jam
1508 4015 1563 4067 in
1602 4012 1842 4068 hostium
1895 4028 1987 4070 re-

404 4101 567 4171 gione
595 4117 678 4167 es,
703 4111 967 4158 tesseram
998 4104 1238 4175 aliquam
1266 4106 1529 4171 scribere,
1553 4107 1606 4160 in
1638 4109 1987 4166 tabcllissine

403 4209 529 4246 cera
576 4192 948 4265 quodcunque
996 4195 1236 4250 volueris
1271 4205 1532 4263 exaralo,
1580 4196 1778 4252 deinde
1822 4212 1985 4264 cera,

411 4287 558 4358 quod
583 4286 854 4364 scripsisti
888 4288 1076 4358 tegito,
1119 4297 1171 4342 et
1200 4290 1252 4342 in
1281 4303 1408 4344 cera
1442 4289 1661 4360 quidvis
1702 4290 1985 4345 fortuitum

407 4379 656 4452 scribito,
697 4363 902 4454 iniquo
947 4363 1111 4441 nulla
1169 4382 1415 4456 suspicio
1465 4400 1584 4438 esse
1633 4386 1858 4455 possit:
1915 4386 1986 4439 ita

400 4480 674 4536 tesseram
703 4479 851 4531 tuam
875 4475 1110 4540 occulte,
1140 4489 1249 4547 quo
1275 4473 1428 4540 velis,
1465 4475 1667 4530 mittes.

479 4566 607 4620 164.
640 4565 951 4630 Consilium
999 4567 1122 4643 quis
1167 4568 1496 4638 proditionis
1540 4568 1859 4634 instituens,
1895 4569 1984 4626 ubi

408 4660 669 4729 cegnosci
717 4674 832 4724 rem
888 4658 1182 4730 intelligit,
1236 4667 1290 4715 et
1336 4675 1396 4715 sc
1446 4659 1740 4715 manifesto
1795 4662 1990 4726 teneri,

408 4753 640 4814 consilia
688 4752 934 4815 hostium
980 4752 1096 4813 suis
1149 4751 1374 4817 indicat,
1431 4761 1486 4808 et
1530 4753 1991 4823 quemadmodum

409 4846 634 4901 vitanda
657 4852 786 4900 sunt
809 4843 1052 4908 consulit
1079 4861 1094 4912 ;
1125 4845 1314 4902 hostes
1346 4855 1539 4900 contra
1565 4846 1730 4916 hujus
1759 4847 1991 4903 insidias

408 4940 727 5004 ostendunt,
771 4938 1130 5006 factaautem
1173 4940 1391 5003 insidiis
1442 4940 1718 4995 contraria
1764 4940 1991 4996 demon-

409 5042 609 5102 strant,
659 5034 747 5090 cui
785 5035 973 5090 credes
1030 5034 1356 5104 magis‘Hlli
1391 5045 1559 5101 certe,
1609 5034 1701 5103 qui
1742 5035 1990 5106 proditor

410 5128 536 5195 fuit,
566 5136 620 5182 et
668 5126 948 5193 indicavit,
997 5127 1180 5197 potius
1205 5141 1370 5198 quam
1407 5127 1650 5182 sermoni
1692 5126 1934 5182 hostium
1971 5145 1988 5194 ;

412 5224 502 5278 hic
533 5223 677 5287 enim
709 5223 959 5294 quamvis
985 5223 1229 5292 proditor
1255 5222 1346 5287 sit,
1372 5223 1648 5294 popularis
1675 5230 1854 5276 tamen
1883 5231 1988 5288 est,

409 5329 466 5376 et
522 5319 769 5390 ejusdem
820 5319 1081 5383 nationis,
1132 5327 1187 5372 et
1235 5318 1483 5388 pecuniis
1539 5319 1815 5389 corruptis
1867 5316 1987 5382 fuit,

409 5428 550 5488 quas
603 5413 687 5479 vel
734 5413 958 5468 omnino
1004 5427 1110 5467 non
1171 5413 1402 5482 accepit,
1459 5413 1538 5467 vel
1587 5413 1677 5465 ubi
1718 5409 1988 5479 acceperit

2082 1894 2227 1934 νοιαν
2260 1877 2436 1944 ποιοῦ,
2471 1877 2610 1932 ὥστε
2640 1877 2802 1932 αὑτὸν
2831 1879 3038 1947 πεσεῖν,
3074 1878 3220 1950 ἥδιὰ
3256 1877 3494 1949 πλήθους
3526 1895 3674 1949 συμο

2081 1974 2493 2044 πεφραγμένου,
2522 1971 2617 2026 καὶ
2645 1971 2782 2042 πρὸς
2813 1970 2972 2024 αὐτὸν
3032 1973 3190 2041 μόνον
3249 1971 3419 2035 ὀξέως
3444 1971 3678 2044 ἐπιδραο

2084 2068 2297 2139 μόντος,
2353 2067 2386 2136 ἢ
2430 2065 2517 2119 διὰ
2569 2063 2739 2133 βελῶν
2792 2064 2929 2135 πρὸς
2968 2063 3065 2118 ἕνα
3101 2065 3301 2118 σκοπὸν
3347 2064 3470 2118 κατ’
3498 2065 3674 2119 αὐτοῦ

2083 2159 2413 2230 βληθέντων,
2463 2160 2494 2230 ἢ
2541 2158 2608 2210 δι’
2644 2158 2834 2229 ἐτέρου
2885 2156 3030 2220 τινὸς
3067 2157 3521 2228 ἐπιτηδεύματος.
3563 2158 3678 2212 Καὶ

2081 2253 2190 2324 γὰρ
2226 2254 2320 2306 καὶ
2348 2255 2447 2323 τῆς
2470 2241 2736 2323 ἐχίδνηςή
2769 2250 2980 2321 κεφαλὴ
3016 2250 3358 2321 συντριϐεῖσα
3389 2251 3452 2304 τὸ
3483 2250 3681 2307 λοιπὸν

2084 2346 2242 2417 σῶμα
2276 2345 2569 2399 κατέλιπεν
2611 2343 2998 2414 ἀνενέργητον.

2156 2437 2254 2510 ρξ’.
2298 2439 2387 2492 Ἐν
2421 2436 2660 2507 πολέμου
2710 2419 2886 2507 καιρῷ
2931 2435 3056 2500 τοὺς
3087 2436 3380 2507 φιλτάτους
3419 2439 3516 2490 καὶ
3547 2453 3686 2494 συν-

2083 2530 2238 2603 ήθεις
2286 2530 2381 2585 καὶ
2434 2531 2720 2598 συγγενεῖς
2782 2528 3009 2600 πλησίον
3066 2530 3376 2585 συντάττειν
3427 2530 3687 2603 ἀλλήλων

2082 2622 2284 2692 ἀγαθόν
2309 2624 2476 2677 ἐστιν.
2517 2619 2578 2675 Ἦ
2609 2620 2717 2693 γὰρ
2746 2620 2938 2690 ἀγάπη
2963 2620 3403 2691 συγκινδυνεύειν
3424 2623 3685 2695 ἀλλήλοις

2083 2717 2178 2772 καὶ
2205 2716 2519 2788 ἀριστεύειν
2542 2713 2977 2786 παρασκευάζει.

2158 2811 2294 2884 ρξα’.
2335 2810 2625 2864 ’Υπὸνοιαν
2675 2809 3111 2872 κατασκευάσεις
3143 2808 3200 2862 ἐν
3245 2810 3361 2873 τοῖς
3393 2809 3686 2882 πολεμίοις

2083 2905 2228 2960 κατὰ
2255 2905 2525 2975 ἀλλήλων,
2549 2904 2642 2957 ἐὰν
2670 2902 2779 2956 τῶν
2808 2905 2865 2956 ὲν
2891 2904 3002 2966 τοῖς
3029 2901 3312 2973 πολεμίοις
3337 2903 3512 2957 ὅντων
3540 2904 3684 2974 παρ’

2084 3000 2266 3063 αὐτοῖς
2301 2997 2587 3068 ἐπισήμων
2631 2994 2698 3049 τὰ
2753 2995 2929 3066 χωρία
2972 2993 3280 3065 καταλίπῃς
3335 2994 3553 3065 ἀϐλαϐῆ
3581 2995 3687 3067 δη-

2081 3091 2256 3146 λονότι
2279 3091 2595 3145 κατακαίων
2629 3088 2697 3142 τὰ
2729 3087 3102 3159 πλησιόχωρα.

2166 3180 2300 3257 ρξβ’,
2351 3182 2592 3254 Στρατὸς
2645 3181 2746 3252 μὲν
2784 3179 2903 3234 ἔστι
2947 3197 3029 3234 σοι
3072 3179 3274 3246 ἱκανὸς,
3301 3172 3348 3234 ὦ
3378 3179 3686 3252 στρατηγὲ.

2089 3276 2182 3328 καὶ
2209 3273 2367 3344 μόνος
2404 3271 2706 3342 αὐτάρκης,
2756 3269 3030 3338 ἐπείτοιγε
3080 3270 3174 3324 καὶ
3204 3271 3330 3333 τοὺς
3389 3271 3688 3336 ἀνικάνους

2091 3368 2226 3437 πρὸς
2256 3364 2445 3438 χρείαν
2477 3363 2701 3417 ἐκείνων
2744 3361 2838 3416 καὶ
2868 3361 3091 3414 δουλίων
3128 3361 3222 3414 καὶ
3269 3360 3513 3431 πλήθους
3544 3378 3690 3430 φανο

2087 3458 2283 3513 τασίαν
2313 3460 2401 3511 ὅτε
2434 3455 2654 3509 καλέσει
2686 3453 2878 3525 καιρὸς
2909 3451 3363 3523 συμπαραλαϐεῖν
3406 3453 3687 3525 χρήσιμόν

2089 3552 2258 3616 ἐστιν,
2283 3551 2315 3621 ἦ
2343 3549 2738 3619 ἐλασσούμενον
2755 3545 2849 3600 τοῦ
2878 3544 3109 3617 στρατοῦ
3135 3545 3229 3599 καὶ
3253 3543 3343 3598 διὰ
3369 3546 3687 3616 συμμάχων

2089 3641 2536 3714 ἀναπληροῦσθαι
2563 3640 2750 3704 αὑτὸν,
2777 3639 2917 3693 ὥστε
2948 3640 3141 3710 ἀρκεῖν
3172 3637 3309 3707 πρὸς
3336 3635 3399 3689 τὺ
3431 3651 3684 3689 καταπο-

2087 3736 2327 3808 λεμῆσαι
2357 3737 2484 3800 τοὺς
2508 3735 2804 3797 ἐναντίους.
2833 3732 3064 3804 Εἴρηται
3092 3730 3201 3800 γὰρ
3228 3729 3389 3798 λόγος
3425 3727 3682 3792 παλαιὸς,

2088 3832 2172 3884 ὅτι
2202 3829 2331 3882 ἔνθα
2379 3829 2455 3900 μὴ
2501 3827 2726 3898 ἐξαρκεῖ
2755 3827 2788 3896 ἡ
2819 3823 3012 3894 λεοντῆ
3059 3821 3438 3894 προσράπτειν
3467 3818 3552 3872 δεῖ
3577 3817 3684 3887 τῆς

2095 3922 2414 3990 ἀλωπεκῆς.

2163 4017 2296 4089 ρξγ’.
2345 4015 2472 4067 Ἐὰν
2508 4012 2690 4083 συμϐῇ
2725 4011 2808 4065 σοί
2866 4024 2998 4064 ποτε
3057 4003 3424 4076 ὑποσύνθημα
3467 3999 3683 4070 γράψαι

2089 4110 2195 4164 τινὶ
2213 4111 2269 4161 ἐν
2296 4107 2452 4179 χώρᾳ
2479 4106 2594 4160 ὄντι
2625 4104 2735 4158 τῶν
2766 4101 3058 4172 πολεμίων,
3082 4102 3140 4152 ἐν
3169 4094 3482 4169 ἀκηρώτοις
3516 4110 3681 4147 πινα-

2089 4200 2283 4264 κιδίοις
2318 4199 2346 4253 ὃ
2386 4199 2451 4253 ἂν
2475 4197 2641 4269 βούλῃ
2670 4193 3029 4265 καταγράψας
3057 4189 3394 4245 ἐπικάλυπτε
3416 4185 3494 4256 τῷ
3521 4184 3681 4255 κηρῷ

2089 4293 2160 4347 τὰ
2211 4293 2535 4364 γράμματα,
2574 4291 2668 4342 καὶ
2710 4288 2829 4341 τότε
2872 4285 3015 4340 κατὰ
3051 4282 3146 4336 τοῦ
3196 4278 3369 4353 κηροῦ
3397 4278 3582 4350 γράφε
3611 4278 3685 4330 τὰ

2091 4384 2396 4441 ἀνύποπτα.
2428 4380 2614 4446 Οὕτως
2648 4381 2758 4452 γὰρ
2790 4378 3010 4440 ἀνύσεις
3043 4375 3151 4430 ἀπὺ
3190 4375 3537 4445 συνθήματος
3581 4372 3685 4442 τὴν

2021 4495 2067 4554 D
2094 4479 2370 4550 κρυφαίαν
2399 4495 2490 4530 σου
2513 4475 2763 4547 δήλωσιν.

2173 4564 2708 4641 ρξδἏΒουλήνποτὲ
2757 4579 2842 4626 τις
2896 4558 3188 4632 προδοσίας
3238 4558 3494 4625 ποιήσας,
3539 4570 3685 4622 γνω-

2097 4663 2247 4728 σθεὶς
2271 4663 2349 4724 δὲ,
2383 4662 2479 4715 καὶ
2511 4658 2720 4731 μέλλων
2748 4656 3067 4710 ἁλίσκεσθαι
3097 4652 3231 4721 (49),
3266 4651 3366 4722 τὴν
3388 4647 3685 4714 ἐπιϐουλὴν

2096 4758 2204 4812 τῶν
2240 4755 2515 4826 πολεμίων
2548 4755 2662 4816 τοῖς
2709 4751 2860 4815 ἰδίοις
2919 4748 3329 4818 κατεμήνυσεν,
3383 4743 3483 4798 καὶ
3531 4743 3687 4802 ὅπως

2091 4852 2172 4904 δεῖ
2225 4849 2428 4919 ταύτην
2477 4845 2815 4916 φυλάξασθαι
2874 4839 3316 4895 συνεϐούλευσεν.
3367 4835 3686 4906 Ἐμήνυσαν

2097 4945 2154 4998 δὲ
2190 4946 2283 4997 καὶ
2313 4945 2360 4996 οἱ
2389 4942 2643 5012 πολέμιοι
2675 4937 2866 4992 τούτου
2902 4935 3000 5005 μὲν
3035 4935 3135 5003 τήν
3165 4929 3485 4998 ἐπιϐουλὴν,
3531 4928 3604 4980 τὰ
3631 4926 3688 4979 ει

2099 5037 2237 5109 ἔργα
2265 5037 2331 5088 τὰ
2355 5033 2579 5088 ἐναντία
2608 5034 2704 5103 τῆς
2728 5028 3045 5098 ἐπιϐουλῆς·
3073 5025 3182 5080 τίνι
3208 5022 3511 5090 πιστεύσης
3539 5019 3684 5088 μᾶλ-

2099 5128 2280 5199 λον,ἢ
2339 5128 2555 5191 πάντως
2600 5124 2677 5195 τῷ
2726 5121 3064 5193 βουλευθέντι
3099 5117 3333 5188 προδότῃ
3374 5114 3468 5167 καὶ
3509 5111 3688 5183 μηνύ-

2104 5241 2279 5284 σαντι,
2305 5222 2440 5276 ἀλλὰ
2477 5223 2552 5291 μὴ
2581 5222 2689 5283 τοῖς
2713 5219 2892 5285 λόγοις
2916 5215 3024 5269 τῶν
3055 5209 3364 5282 πολεμίων;
3393 5201 3548 5269 οὗτος
3577 5207 3689 5273 γὰρ

2103 5318 2152 5372 εί
2200 5317 2293 5369 καὶ
2337 5313 2624 5386 προδότης,
2660 5309 2796 5364 ἀλλὰ
2831 5309 2926 5364 καὶ
2957 5305 3262 5377 ὁμοδίαιτος
3303 5301 3561 5362 πάντοτε,
3594 5297 3690 5350 καὶ

2105 5405 2396 5480 συγγενής,
2428 5407 2522 5462 καὶ
2564 5406 2842 5477 χρήμασιν
2889 5403 3020 5464 ἴσως
3055 5395 3392 5468 ὑποφθαρεὶς
3424 5391 3458 5446 ἃ
3501 5389 3690 5444 λαϐεῖν

1931 5592 2163 5649 NOTAE.

482 5725 595 5794 (48)
634 5721 954 5793 Συμπνεῖν.
996 5717 1206 5794 Scribe.
1243 5715 1595 5794 συνδειπνεῖνἷ

623 5779 730 5860 Καὶ
753 5794 997 5867 μέλείων
1023 5791 1402 5854 ἁλίσκεσθαι.
1453 5784 1832 5850 Scribebatlzr,
1877 5783 1971 5845 καὶ

2101 5781 2215 5834 λλον
2247 5779 2301 5833 ἁ.
