4036 6300
244 409 390 476 1057

1351 412 1684 474 'I‘ACTICA.
1724 434 1793 444 ··-
1823 407 2328 470 CONSTITUTIO
2355 410 2482 470 XX.

3401 413 3536 478 1058

237 527 347 580 οὐκ
390 526 658 598 ἔφθασεν,
690 526 723 596 ἢ
755 523 936 580 λαϐὼν
989 524 1296 596 ⁴ίγθέιιτησεν,
1331 526 1532 578 ἐκεῖνοι
1583 523 1641 576 δὲ
1687 519 1848 592 φύσει

1955 521 2150 577 iterum
2181 521 2408 591 reiecit;
2439 519 2519 576 illi
2547 528 2729 577 autem
2756 530 2952 577 natura
2975 521 3205 588 inimici,
3237 528 3290 578 et
3313 525 3540 582 omnino

237 620 528 692 πολέμιοι,
563 621 656 674 καὶ
689 620 778 674 διὰ
824 618 1048 674 πάντων
1085 617 1378 689 ἀλλότριοι.

317 711 457 783 ρξε’.
501 713 567 768 Ἥ
599 713 770 766 δειλία
803 710 911 764 τῶν
951 708 1302 781 στρατιωτῶν
1326 710 1388 762 ἐκ
1414 705 1508 761 τοῦ
1539 707 1702 761 ὄκνου
1751 705 1846 759 καὶ

237 806 344 874 τῆς
364 804 696 876 ὠχριάσεως
735 804 1026 858 δείκνυται.
1064 804 1205 867 Τοὺς
1239 801 1334 856 οὖν
1359 800 1633 862 τοιούτους
1665 801 1844 868 ἀσυμ-

239 896 437 966 φανῶς
477 896 682 968 χώριζε
719 896 811 950 τοῦ
854 895 1111 966 στρατοῦ,
1150 897 1246 949 καὶ
1292 893 1614 960 ἀπόστελλε,
1652 893 1728 956 ὡς
1755 892 1851 962 δῆ-

240 989 338 1042 θεν
368 991 644 1060 κομίσοντ
656 1007 722 1052 ας
747 989 782 1042 ἃ
807 988 1133 1042 ἐπελάθοντο
1153 1005 1168 1021 ·
1203 987 1362 1041 τοῦτο
1377 987 1434 1040 δὲ
1459 986 1690 1055 ποιήσας
1711 1001 1852 1055 παρ-

237 1083 507 1153 ορμὴσῃς
523 1077 708 1151 λόγοις
734 1081 860 1145 τοὺς
885 1081 1246 1158 στρατιώτας,
1274 1082 1346 1143 ὡς
1370 1079 1480 1134 τῶν
1504 1078 1850 1149 ἀνδραπόδων

238 1175 481 1228 ἐκείνων
519 1175 618 1247 ἥδη
649 1175 1110 1250 ἀπηλλαγμένους
1133 1175 1328 1250 μόνους
1355 1174 1454 1244 τῆς
1483 1171 1852 1245 ἀνδραγαθίας

239 1265 499 1336 ἔχεσθαι,
528 1268 624 1320 καὶ
649 1266 760 1320 τῶν
784 1267 882 1336 τῆς
911 1267 1068 1337 νίκης
1088 1264 1306 1337 δωρεῶν
1334 1264 1657 1334 ἀξιωθῆναι.

319 1358 475 1428 ρξς’.
537 1358 898 1429 Στρατιωτῶν
931 1357 1135 1419 δειλίας
1187 1357 1462 1428 διάκρισιν
1503 1355 1602 1410 καὶ
1647 1355 1851 1426 ἑτέρως

242 1467 331 1505 σοι
365 1451 662 1517 ὑποδείξω.
695 1451 802 1504 Τοῦ
833 1451 942 1522 γάρ
987 1449 1219 1522 στρατοῦ
1265 1449 1464 1514 παντὸς
1508 1448 1644 1520 ὁμοῦ
1679 1449 1852 1513 ὄντος,

239 1544 342 1598 ὲάν
399 1546 634 1616 κινήσῃς
674 1544 974 1613 σάλπιγγα,
1005 1545 1081 1607 ὼς
1107 1544 1190 1597 ὅτι
1225 1545 1273 1596 oi
1309 1541 1559 1613 πολέμιοι
1603 1540 1848 1611 συμπλέ-

1948 613 2113 669 alieni
2143 616 2210 668 ab
2237 614 2353 669 illis
2388 621 2541 672 sunt.

2023 704 2145 760 £65.
2198 704 2494 760 Timiditas
2534 705 2772 760 militum
2819 721 2884 762 ex
2923 706 3157 778 pallore,
3198 715 3253 763 et
3287 707 3544 764 tarditate

1949 798 2323 868 cognoscitur.
2358 796 2521 854 Tales
2577 797 2745 869 igitur
2800 800 3014 855 occulte
3055 799 3125 854 ab
3175 801 3423 855 exercitu
3462 815 3546 856 sec

1950 906 2106 960 para.
2159 899 2216 946 et
2257 890 2444 960 aliquo
2499 891 2733 947 amanda
2755 935 2768 959 ,
2801 901 2862 946 ut
2895 893 3045 946 illinc
3071 900 3386 961 reportent,
3422 908 3543 963 quae

1949 985 2228 1040 oblivione
2266 985 2458 1041 relicta
2506 995 2684 1053 sunt;
2737 987 2839 1042 hoc
2889 986 2980 1040 ubi
3035 985 3252 1052 feceris,
3299 984 3542 1055 reliquos

1953 1078 2157 1134 milites
2212 1078 2638 1144 cohortaberis,
2692 1086 2752 1133 ut
2815 1080 2924 1149 jam
2979 1079 3191 1150 ignavis
3247 1079 3539 1149 mancipiis

1953 1171 2062 1229 illis
2081 1173 2262 1243 aliquo
2285 1173 2554 1243 ablegatis
2575 1174 2649 1229 illi
2680 1183 2902 1230 strenuo
2924 1190 2980 1230 se
3006 1183 3220 1246 gerant,
3239 1182 3293 1229 et
3319 1177 3540 1245 praemia

1954 1265 2117 1338 digna
2145 1268 2493 1323 strennitatis
2517 1283 2629 1324 suae
2652 1278 2958 1338 reportent.

2031 1356 2154 1412 166.
2185 1356 2524 1414 Timiditatis
2561 1359 2796 1413 militum
2827 1367 3047 1414 tuorum
3091 1368 3411 1430 argumenta
3433 1359 3539 1414 alia

1955 1451 2056 1505 tibi
2107 1454 2456 1508 monstrabo.
2516 1453 2785 1510 Universo
2821 1454 3066 1509 exercitu
3123 1461 3219 1508 tuo
3264 1469 3432 1507 unum
3483 1455 3540 1508 in

1959 1542 2139 1597 locum
2188 1553 2416 1612 coacto,
2468 1543 2515 1598 si
2562 1547 2692 1601 tuba
2732 1545 3089 1615 personueris
3152 1547 3310 1615 quasi
3359 1547 3542 1602 hostes

239 1654 441 1691 κονται
477 1639 610 1709 πρὸς
639 1638 841 1709 μάχην,
865 1637 1110 1707 ταραχῆς
1134 1634 1457 1706 γενομένης,
1483 1633 1531 1686 οἱ
1562 1634 1661 1704 μὲν
1689 1633 1848 1687 δειλοὶ

1961 1633 2304 1702 immineant,
2329 1637 2386 1690 in
2407 1635 2704 1692 mediahac
2726 1637 2887 1693 turba
2905 1639 3079 1694 timidi
3108 1641 3292 1695 statim
3307 1640 3538 1708 fugient,

243 1729 574 1800 φεύξονται,
615 1732 664 1783 οί
691 1730 748 1783 δὲ
787 1728 1021 1802 ἀνδρεῖοι
1057 1728 1492 1799 παρατάξονται.

317 1821 463 1893 ρξζ’.
511 1821 639 1876 Ἐὰν
690 1821 830 1892 πρὸς
877 1821 1267 1893 ἀγυμνάστους
1318 1821 1496 1891 μάχης
1559 1818 1849 1889 πολεμίους

242 1915 628 1986 παρατάσσῃ,
685 1913 848 1976 αὑτὸς
904 1913 961 1966 δὲ
1037 1912 1133 1966 καὶ
1179 1910 1667 1982 γεγυμνασμένους
1717 1909 1846 1982 ἔχῃς

243 2005 623 2078 στρατιώτας,
660 2006 721 2060 οὑ
772 2006 1018 2076 παρευθὺ
1052 2005 1164 2076 (50)
1197 2005 1298 2076 τὴν
1335 2003 1518 2075 μάχην
1565 2003 1846 2073 συνάψεις,

241 2099 390 2152 ἀλλά
427 2099 719 2170 συντηρεῖν
753 2115 814 2152 σε
855 2099 936 2152 δεῖ
983 2099 1075 2153 τὸν
1126 2098 1321 2169 χρόνον
1365 2098 1424 2149 ὲν
1458 2097 1524 2167 τῇ
1563 2096 1844 2163 συστάσει,

243 2194 344 2246 καὶ
390 2192 725 2263 προεκλύειν
745 2191 872 2256 τοὺς
909 2192 1202 2262 πολεμίους
1228 2190 1303 2253 ὡς
1331 2190 1417 2243 ἐπ’
1444 2189 1626 2258 ὀλίγον
1661 2191 1849 2243 πονεῖν

240 2284 616 2356 είθισμένους,
648 2284 745 2338 καὶ
775 2286 896 2337 τότε
949 2282 1215 2353 ἐπιτεθῇς
1263 2281 1468 2344 αὑτοῖς.
1515 2279 1662 2334 Είδὲ
1711 2280 1849 2352 πρὸς

239 2377 374 2440 τοὺς
415 2376 768 2446 γυμναστοὺς
821 2376 985 2440 αὑτὸς
1033 2376 1173 2446 ἔχων
1203 2375 1692 2445 γεγυμνασμένους
1739 2373 1849 2446 μά-

242 2487 351 2540 χης
392 2468 695 2540 πολεμίους
729 2467 999 2539 μάχεσθαι
1033 2466 1234 2540 μέλλῃς
1263 2466 1604 2538 στρατιώτας
1649 2468 1716 2522 ὲκ
1751 2466 1847 2521 τοῦ

241 2560 462 2624 εὐθέως
495 2561 592 2615 καὶ
629 2559 975 2632 παραχρῆμα
1005 2559 1104 2628 τὴν
1133 2557 1316 2630 μάχην
1340 2557 1641 2629 σύμϐαλλε·
1677 2561 1711 2630 ὴ
1736 2561 1847 2631 γὰρ

241 2653 406 2724 ἀκμὴ
439 2653 552 2708 τῶν
599 2653 710 2707 σῶν
741 2651 1095 2726 στρατιωτῶν
1125 2650 1389 2721 γενναίως
1426 2651 1848 2724 ἀπομαχήσεται

242 2749 386 2817 πρὸς
419 2746 550 2808 τοὺς
583 2746 884 2809 ἐναντίους.

344 2838 491 2910 ρξην.
561 2837 853 2892 ’Υπόνοιαν
910 2836 1180 2908 ἐπιμονῆς
1257 2837 1316 2890 ὲν
1378 2835 1604 2910 τοιαύτῃ
1652 2835 1846 2908 καιροῦ

241 2931 409 3003 χρείᾳ
435 2930 636 2997 δείξεις
666 2933 781 2994 τοῖς
814 2930 1121 3001 πολεμίοις,
1155 2930 1205 2982 εί
1241 2929 1352 3001 ἄρα
1383 2929 1602 3000 μέλλεις
1629 2930 1846 3001 ὑποχω-

245 3024 360 3098 ρῶν
401 3026 481 3088 ὡς
531 3025 712 3096 μένων
747 3025 1091 3094 ἐξαπατῆσαι
1138 3023 1357 3087 αὑτοὺς,
1399 3022 1496 3076 ἐὰν
1520 3022 1714 3094 δένδρα
1750 3039 1849 3075 πε-

248 3117 508 3188 ρικόψας,
542 3118 573 3189 ἢ
605 3116 808 3171 τούτων
841 3117 917 3190 μὴ
957 3115 1127 3170 ὄντων
1174 3115 1341 3187 ἕτερά
1371 3132 1496 3168 τινα
1531 3113 1667 3181 ξύλα
1717 3114 1850 3186 στήο

1960 1727 2171 1782 strenui
2205 1743 2265 1783 se
2295 1729 2349 1782 in
2381 1731 2499 1784 acie
2523 1731 2816 1786 instruent.

2037 1819 2164 1874 167.
2207 1820 2265 1874 Si
2294 1836 2420 1876 cum
2467 1823 2736 1893 imperitis
2779 1825 2845 1880 ad
2877 1840 3116 1897 pugnam
3153 1825 3405 1884 hostibus
3442 1828 3540 1883 tibi

1952 1910 2233 1968 dimicatio
2277 1923 2394 1980 est,
2436 1915 2556 1986 ipse
2597 1918 2800 1972 milites
2853 1919 3060 1976 habens
3107 1922 3419 1988 exercitus,
3471 1938 3542 1977 ne

1951 2006 2138 2060 statim
2160 2007 2343 2062 subito
2366 2008 2494 2064 illos
2518 2009 2814 2076 adoriaris,
2839 2013 2934 2067 sed
2964 2012 3370 2068 observandum
3401 2023 3540 2068 tem.

1947 2111 2054 2167 pus
2079 2100 2145 2152 ad
2190 2098 2596 2172 conﬂigendum
2627 2112 2942 2180 esthalque
2983 2105 3316 2176 delatigandi
3350 2106 3539 2162 hostes

1951 2199 2104 2256 sunt,
2138 2191 2232 2262 qui
2280 2208 2474 2263 parum
2528 2196 2594 2251 ad
2639 2198 2857 2254 labores
2894 2196 3192 2254 assuefacti
3220 2209 3399 2254 erant.
3438 2198 3537 2255 Sin

1950 2282 2237 2336 exercitati
2284 2283 2476 2340 hostes
2524 2285 2750 2355 fuerint,
2802 2287 2881 2342 tui
2931 2296 3114 2343 autem
3158 2287 3360 2344 milites
3408 2288 3536 2344 belli

1951 2373 2212 2444 imperiti,
2240 2375 2428 2432 subito
2458 2387 2514 2434 et
2554 2381 2675 2436 sine
2699 2379 3098 2436 deliberatione
3131 2380 3535 2452 conﬂigendum

1951 2478 2074 2519 cum
2111 2465 2363 2522 hostibus
2397 2475 2526 2525 est:
2577 2469 2812 2549 impetus
2855 2473 3000 2526 enim
3046 2471 3265 2527 illorum
3313 2470 3380 2525 ad
3435 2486 3536 2541 pu-

1950 2556 2229 2628 gnandum
2256 2565 2513 2616 strenuos
2531 2575 2624 2617 eos
2644 2561 2855 2618 reddet.

2022 2825 2145 2881 168.
2175 2827 2371 2898 Opinio
2391 2828 2638 2899 quaedam
2684 2839 2789 2886 tua:
2816 2831 2870 2885 in
2901 2831 3086 2903 aliquo
3124 2833 3244 2888 loco
3281 2848 3538 2904 perman-

1950 2917 2125 2976 sionis
2179 2918 2432 2975 hostibus
2479 2919 2760 2986 amaretur,
2807 2921 2855 2976 si
2900 2923 3250 2980 discessurus
3291 2925 3533 2997 decipias

1950 3012 2136 3067 hostes
2176 3013 2336 3082 quasi
2382 3027 2659 3069 maneres.
2709 3014 2952 3072 Arbores
2985 3016 3184 3084 caedes,
3234 3019 3317 3074 vel
3355 3019 3403 3074 si
3459 3019 3536 3075 ibi

1950 3107 2176 3162 arbores
2208 3122 2314 3160 non
2362 3117 2513 3174 sunt,
2556 3108 2663 3162 alia
2710 3110 2958 3179 quietiam
3008 3109 3154 3182 ligna
3208 3111 3531 3186 collocabis,

245 3225 346 3272 σας
397 3207 634 3281 ὲνδύσῃς
667 3208 809 3263 αὑτά
843 3207 930 3262 διὰ
961 3207 1325 3277 σκουταρίων,
1359 3206 1434 3270 ὡς
1480 3207 1708 3278 μίμημα
1754 3208 1846 3260 άνο

1955 3197 2171 3268 illisque
2220 3207 2378 3254 scuta
2424 3201 2584 3270 quasi
2628 3203 2858 3258 armatis
2898 3202 3028 3258 viris
3074 3205 3310 3276 aptabis,
3356 3208 3442 3262 vel
3487 3209 3534 3264 si

242 3298 392 3368 δρῶν
447 3300 712 3366 ἐνόπλων,
747 3300 803 3372 ἢ,
845 3299 941 3353 ἐὰν
979 3298 1220 3367 τοσαύτη
1266 3298 1409 3372 τύχῃ
1464 3298 1703 3370 ἀνάγκη,
1751 3298 1848 3354 καὶ

1955 3300 2104 3346 tanta
2134 3292 2277 3350 forte
2310 3295 2640 3362 necessitas,
2663 3296 2770 3350 alia
2803 3297 3086 3368 splendida
3109 3314 3281 3354 arma.
3311 3301 3387 3357 lta
3417 3302 3531 3368 ﬁet,

247 3393 458 3462 ἑτέρων
508 3393 690 3447 ὅπλων
727 3391 1020 3462 λαμπρῶν.
1072 3390 1261 3454 Οὕτως
1289 3391 1399 3463 γὰρ
1430 3391 1718 3463 κρείττονα
1747 3391 1848 3460 τῆς

1955 3393 2011 3437 ut
2058 3384 2301 3440 virorum
2366 3397 2588 3442 tuorum
2647 3388 2882 3445 salutem
2945 3391 3310 3462 antiquiorem
3367 3398 3536 3454 armis

244 3482 356 3537 τῶν
407 3485 593 3538 ὃπλων
645 3485 925 3549 ἀπωλείας
975 3483 1075 3554 τὴν
1133 3483 1226 3538 τοῦ
1286 3482 1518 3558 στρατοῦ
1572 3482 1848 3554 σωτηρίαν

245 3577 607 3647 ἡγησάμενος
663 3577 752 3636 διὰ
808 3575 907 3647 τὴν
978 3576 1418 3644 κατεπείγουσαν
1472 3577 1602 3640 ἴσως
1658 3575 1850 3648 χρείαν

246 3670 555 3734 ἀκινδύνως
590 3670 997 3741 ὑποχωρήσεις.

323 3761 461 3832 ρξθ’.
490 3763 742 3816 Μάλιστα
773 3763 872 3834 μὲν
906 3763 1046 3834 μετὰ
1070 3763 1422 3831 δικαιοσύνης
1450 3760 1653 3826 παντὸς
1681 3760 1846 3833 ἔργου

249 3855 606 3928 ἀπάρχεσθαι
654 3856 781 3926 χρή.
831 3855 1002 3909 Πλέον
1053 3855 1112 3910 δὲ
1150 3853 1258 3908 τῶν
1308 3854 1485 3912 ἄλλων
1537 3853 1636 3916 τὰς
1671 3853 1848 3924 ἀρχὰς

249 3951 360 4021 χρὴ
402 3947 499 4003 τοῦ
551 3949 790 4018 πολέμου
830 3948 1046 4012 δικαίας
1113 3943 1276 4013 εἷναι,
1339 3950 1435 4001 καὶ
1467 3947 1545 4019 μὴ
1577 3947 1737 4018 μόνον
1764 3947 1846 4000 δι..

255 4045 443 4110 καίας,
474 4043 608 4096 ἀλλά
644 4043 737 4100 καὶ
766 4043 1044 4114 φρονίμως
1080 4040 1422 4114 προάγεσθαι
1451 4041 1542 4092 τὸν
1587 4038 1844 4109 πόλεμον.

251 4134 364 4188 Καὶ
391 4135 504 4204 γὰρ
544 4134 666 4187 τότε
717 4134 810 4186 καὶ
835 4133 968 4198 Θεὸς
997 4135 1418 4202 συναγωνιεῖται
1452 4132 1567 4194 τοῖς
1593 4129 1849 4202 στρατεύ-

259 4243 433 4296 μασιν
465 4225 701 4296 εὐμενὴς
733 4225 1048 4295 γινόμενος,
1102 4223 1201 4281 καὶ
1245 4222 1297 4278 οί
1336 4221 1614 4294 ἄνθρωποι
1644 4220 1848 4292 προθυ-

261 4319 487 4389 μότεροι
517 4318 760 4386 γίνονται
807 4317 902 4370 τοῦ
956 4317 1171 4373 δικαίου
1228 4314 1693 4388 προασπίζοντες,
1749 4311 1847 4366 καὶ

257 4411 458 4473 εἰδότες
502 4411 579 4472 ὡς
620 4411 721 4464 οὑκ
762 4410 1025 4481 ἄρχουσιν
1084 4408 1320 4476 ἀδικίας,
1377 4406 1515 4464 ἀλλὰ
1548 4405 1847 4476 ἀμύνονται

259 4504 400 4556 κατὰ
431 4503 541 4556 τῶν
570 4501 923 4557 ἀδικούντων.

1949 3476 2182 3547 habens,
2213 3481 2553 3550 temporibus
2582 3484 2915 3540 necessariis
2959 3485 3042 3542 sic
3066 3489 3300 3547 evadere
3329 3493 3535 3562 possis.

2022 3747 2144 3803 l69.
2205 3748 2434 3806 Omnem
2483 3768 2598 3809 rem
2649 3771 2814 3826 quam
2862 3762 3196 3832 susceperis,
3244 3780 3357 3821 non
3415 3768 3535 3825 sine

1945 3837 2095 3908 justa
2131 3856 2301 3897 causa
2335 3842 2579 3915 incipere
2602 3855 2818 3916 oportet
2847 3863 2862 3904 :
2892 3851 2986 3906 sed
3035 3853 3162 3908 belli
3192 3871 3418 3913 causam
3443 3860 3536 3929 ju-

1949 3940 2090 3990 stam
2148 3947 2364 4004 semper
2417 3951 2538 3993 esse
2585 3949 2825 4009 oportet,
2861 3958 3041 4014 neque
3073 3946 3280 4015 justam
3327 3952 3531 4018 solum,

1949 4027 2045 4081 sed
2095 4027 2257 4082 etiam
2293 4029 2589 4097 prudenter
2617 4041 2952 4103 susceptam.
2980 4034 3117 4092 Tum
3159 4040 3304 4095 enim
3343 4046 3531 4114 propi-

1949 4120 2060 4175 tius
2085 4119 2226 4177 Deus
2260 4137 2457 4194 magno
2491 4125 2747 4194 prasidio
2789 4127 2845 4181 in
2871 4129 3016 4184 bello
3041 4132 3168 4199 erit,
3195 4143 3248 4188 et
3284 4135 3533 4192 homines

1949 4214 2246 4270 alacriores
2278 4225 2480 4280 erunt,
2525 4217 2619 4287 qui
2674 4218 2882 4288 justam
2931 4237 3156 4282 causam
3209 4226 3531 4298 defendunt,

1948 4322 2074 4363 cum
2113 4308 2292 4362 sciant
2329 4323 2390 4363 se
2433 4309 2650 4379 injurize
2699 4321 2955 4370 auctores
2978 4332 3090 4372 non
3122 4333 3268 4385 esse,
3322 4322 3418 4378 sed
3455 4323 3535 4378 in.

1943 4398 2124 4469 jurios
2153 4399 2405 4458 homines
2447 4401 2662 4459 ulcisci.

333 4594 433 4666 ρο⁰.
478 4595 648 4648 Ἐπάν
700 4594 757 4647 δὲ
806 4594 1031 4657 δικαίως
1083 4592 1432 4665 ἀπάρχεσθαι
1478 4590 1572 4646 τοῦ
1605 4590 1844 4662 πολέμου

2023 4585 2147 4642 170.
2192 4587 2250 4640 Si
2291 4586 2440 4657 juste
2495 4587 2701 4644 bellum
2759 4588 3171 4661 inceptaveris,
3224 4595 3530 4654 exercitum

263 4686 486 4760 μέλλῃς,
507 4680 552 4739 ὧ
583 4685 879 4757 στρατηγέ,
903 4686 1006 4758 χρή
1046 4703 1106 4738 σε
1134 4686 1233 4758 τὴν
1264 4684 1524 4758 στρατιὰν
1561 4683 1848 4739 διασκευά-

263 4797 354 4832 σαι
386 4779 655 4852 ἀκριϐῶς,
683 4781 777 4834 καὶ
810 4781 948 4851 μετὰ
979 4779 1278 4850 ἀσφαλείας
1306 4781 1511 4851 ταύτην
1532 4778 1845 4847 ἐξαγαγεῖν.

276 4872 403 4927 Ἐὰν
456 4874 566 4945 γάρ
617 4875 867 4936 ἀσθενεῖς
924 4874 1064 4927 εἰσιν
1122 4873 1180 4926 αἱ
1227 4873 1525 4941 πολεμικαὶ
1578 4872 1846 4941 κινήσεις,

263 4965 392 5017 ὅταν
420 4965 480 5018 τὸ
512 4965 675 5035 βάρος
701 4963 1012 5018 ἀναλάϐωσι
1039 4962 1134 5016 τοῦ
1180 4963 1444 5032 πολέμου,
1476 4963 1613 5031 ταχὺ
1643 4960 1851 5012 θλίϐον-

264 5074 357 5112 ται
378 5059 474 5110 καὶ
496 5055 842 5128 ὑστεροῦσιν.
869 5055 1033 5110 ’Ὀθεν
1063 5054 1255 5123 ὥσπερ
1280 5053 1482 5122 ἀγαθὸς
1507 5052 1849 5122 κυϐερνήτης

265 5149 374 5203 ἀπὸ
401 5150 622 5220 λιμένος
673 5151 982 5220 ἐξαρτήσας
1031 5147 1092 5202 τὸ
1141 5148 1371 5215 σκάφος,
1409 5144 1504 5199 καὶ
1557 5144 1734 5198 πάντα
1781 5143 1850 5196 τὰ

267 5243 541 5313 ἀναγκαῖα
574 5244 704 5314 περὶ
737 5243 870 5298 αὑτὸ
899 5243 1154 5313 ποιήσας,
1177 5241 1300 5292 τότε
1325 5239 1589 5308 ἐπίτρεπε
1620 5236 1698 5306 τῷ
1728 5235 1848 5304 Θεῷ

267 5337 330 5390 τὸ
354 5339 573 5408 ,πάντης
609 5336 720 5410 (Si)
761 5335 1064 5397 ἐκϐάσεως.

307 5491 309 5494 ,
343 5435 476 5498 ροα’.
530 5422 715 5499 Νόμον
751 5427 940 5491 ἐπίθες
995 5425 1209 5497 σεαυτῷ
1245 5425 1382 5492 πρὸς
1414 5423 1475 5476 τὸ
1506 5421 1680 5492 πέρας
1715 5421 1850 5474 ἀποο

271 5521 491 5577 ϐλέπειν
518 5521 618 5592 τῆς
647 5519 740 5575 τοῦ
769 5519 1010 5590 πολέμου
1045 5520 1332 5590 κινήσεως,
1381 5517 1475 5570 καὶ
1535 5513 1678 5568 οὕτω
1716 5513 1849 5566 ταύ-

272 5628 368 5683 της
394 5612 760 5685 ἀπάρχεσθαι.
798 5612 1004 5664 Φαῦλον
1055 5610 1163 5682 γὰρ
1199 5609 1292 5666 καὶ
1336 5606 1600 5678 σφαλερὸν
1631 5605 1846 5677 κίνησιν

1950 4689 2108 4738 tuum
2159 4690 2411 4736 accurate
2459 4681 2722 4747 instrues,
2757 4693 2813 4739 et
2846 4687 3035 4754 copias
3077 4697 3202 4743 tuas
3234 4704 3397 4758 quam
3447 4701 3531 4747 tu-

1951 4777 2164 4832 tissime
2220 4776 2427 4844 poteris
2463 4776 2688 4842 educes,
2722 4786 2776 4832 et
2818 4778 3028 4849 aliquid
3065 4779 3131 4836 de
3161 4783 3392 4838 victoria
3418 4801 3534 4841 me-

1952 4869 2059 4925 lius
2087 4883 2308 4939 sperare
2345 4870 2551 4939 poteris
2583 4889 2596 4924 :
2627 4871 3091 4940 quemadmodum
3125 4875 3460 4945 gubernator
3501 4895 3532 4935 a

1953 4973 2113 5032 portu
2169 4965 2388 5019 solvens
2433 4964 2616 5020 omnia
2666 4980 2788 5039 quae
2837 4965 2981 5022 facto
3039 4982 3178 5039 Opus
3225 4981 3354 5026 sunt
3405 4987 3530 5027 cum

1952 5068 2197 5126 praestat,
2244 5060 2567 5114 universum
2621 5060 2993 5131 navigationis
3039 5076 3152 5118 suae
3181 5065 3386 5120 exitum
3421 5065 3533 5121 Deo

1954 5151 2322 5206 commendat.

2029 5413 2152 5466 l7l.
2189 5410 2341 5465 lianc
2390 5411 2561 5481 legem
2612 5411 2710 5466 tibi
2749 5411 2929 5481 ipsum
2979 5411 3324 5481 praescribas.
3377 5419 3438 5464 ut
3480 5412 3532 5467 En

1961 5509 2120 5562 ﬁnem
2158 5519 2340 5561 motus
2370 5507 2446 5561 tui
2478 5506 2656 5562 bellici
2683 5507 2968 5572 intuearis,
2987 5513 3152 5577 atque
3173 5506 3306 5560 adeo
3332 5505 3534 5561 bellum

1953 5593 2412 5672 inchocs..Turpe
2439 5601 2585 5656 enim
2621 5608 2675 5657 et
2705 5598 3025 5657 indecorum
3055 5609 3141 5656 est
3179 5598 3381 5656 bellum
3426 5599 3534 5653 ini-

1784 5717 1994 5775 NOTAE
2005 5757 2019 5770 .

340 5817 452 5889 (50)
485 5816 984 5889 Στρατιώταις»,ρὺ
1024 5817 1316 5889 παρευθύ.
1382 5813 1728 5871 scribebatur
1779 5828 1792 5865 :
1826 5829 1848 5864 ο

1955 5812 2165 5875 ιτιὼτας
2195 5820 2291 5864 σου
2322 5805 2587 5879 παρευθύ.

347 5886 459 5962 (51)
489 5889 752 5956 Πάντης.
780 5886 1000 5952 Scribe,
1035 5890 1144 5940 πᾶν
1175 5888 1294 5957 τῆς.

588 5985 864 6047 Puncta
896 5983 1012 6044 Gn.
1047 5981 1238 6045 Cl’ll.

3104 5967 3179 6026 34
