4036 6300
510 381 651 446 1059

1782 387 2059 462 LEONIS
2096 388 2560 458 PHILOSOPHI

3658 398 3789 468 Ῑθθθ

506 498 586 551 ῑίο
638 511 876 561 movere,
928 494 1129 552 deinde
1164 511 1389 552 rursum
1428 496 1655 554 domum
1701 493 2005 555 exercitum
2045 515 2089 555 rt

2210 501 2313 572 μὲν
2343 505 2675 577 ποιήσασθαι
2730 507 2994 583 πολέμου,
3025 507 3181 577 αὖθις
3211 510 3266 567 δέ
3302 511 3712 588 ἐπιστραφῆναι
3734 518 3793 574 τὸ

508 592 709 650 infecta
742 593 924 647 statim
957 592 1221 648 reducere
1250 612 1263 647 :
1290 593 1678 664 unusquisque
1701 592 1849 649 enim
1877 594 2101 648 temeri-

506 694 672 743 tatem
705 694 852 741 tuam
885 685 1158 751 irridebit,
1200 686 1387 743 hostes
1416 695 1597 741 autem
1632 685 2100 743 inconsideratam

506 781 913 850 simplicitatem
949 788 1099 835 tuam
1146 790 1521 847 contemnent,
1560 797 1669 838 non
1700 784 1861 853 quasi
1906 784 2100 850 nolles,

504 870 599 925 sed
633 870 787 939 quasi
826 886 934 925 non
978 886 1171 941 posses
1210 884 1338 926 cum
1368 871 1573 927 decoro
1602 879 1657 929 et
1685 872 1976 944 prudentia
2016 888 2103 931 res

505 972 639 1019 tuas
670 974 926 1019 tractare.

576 1056 701 1110 ΗΞ.
754 1056 988 1123 Quando
1026 1057 1212 1128 copias
1252 1067 1374 1113 tuas
1406 1056 1476 1113 ad
1530 1057 1736 1114 bellum
1799 1059 2103 1116 educturus

502 1166 589 1218 es,
620 1159 838 1221 oportet
862 1151 1065 1205 liberas
1095 1159 1148 1205 et
1178 1155 1392 1207 solutas
1420 1166 1447 1204 a
1480 1160 1708 1221 peccato
1738 1167 1883 1218 esse,
1918 1162 1971 1209 et
2014 1156 2100 1224 pia

496 1246 759 1317 iustaque
787 1253 965 1302 mente
997 1244 1166 1302 Deum
1194 1247 1400 1312 colere,
1434 1255 1601 1318 atque
1621 1246 1757 1303 adeo
1787 1248 1855 1303 ad
1894 1248 2097 1302 bellant

502 1338 822 1409 procedere.

577 1524 703 1580 I75.
759 1524 895 1591 Cum
943 1524 1094 1581 omni
1151 1524 1289 1581 aciei
1328 1534 1619 1595 apparatu,
1649 1526 1863 1591 ordine,
1904 1525 2098 1581 bellica

501 1617 757 1681 scientia,
793 1616 1090 1682 iterfaciat
1121 1619 1402 1674 exercitus
1428 1627 1577 1686 tuus,
1610 1634 1927 1691 quanquam
1961 1635 2097 1674 non-

500 1708 633 1764 dum
689 1725 815 1765 cum
866 1710 1120 1766 hostibus
1156 1710 1560 1779 conﬂicturus,
1609 1713 1704 1769 sed
1761 1715 1940 1769 solum
1995 1713 2099 1769 iter

501 1804 879 1875 ingressurus,
917 1813 972 1858 et
1022 1804 1320 1859 multorum
1370 1806 1585 1861 dierum
1630 1807 1769 1860 viam
1808 1806 2094 1863 confectu-

2214 596 2556 669 στράτευμα·
2581 598 2811 666 ἕκαστος
2845 603 2944 672 μὲν
2972 602 3083 674 γὰρ
3114 605 3555 675 καταγελάσεται
3581 625 3678 663 σου
3698 610 3791 682 τῆς

2210 687 2563 753 προπετείας,
2603 690 2659 742 ot
2704 688 2763 743 δὲ
2815 690 3006 762 ἐχθροὶ
3052 698 3536 767 καταφρονήσουσι
3573 716 3670 753 σου
3699 704 3791 773 τῆς

2210 776 2535 846 ἀσφαλείας,
2566 780 2644 846 ὡς
2671 782 2794 855 οὐχὶ
2844 784 2919 856 μὴ
2962 784 3290 859 βουλομένου
3319 788 3436 844 ἀλλ’
3471 793 3536 845 οὐ
3565 792 3788 864 δυναμέο

2211 887 2302 924 νου
2329 871 2553 937 δικαίως
2575 872 2672 928 καὶ
2720 876 3042 948 πρεπόντως
3070 879 3336 936 διαθεῖναι
3364 884 3433 938 τά
3467 884 3791 958 πράγματα.

2302 1059 2434 1134 ροβ’.
2484 1062 2682 1119 Ἦνίκα
2732 1065 2789 1119 δὲ
2842 1066 2943 1132 τάς
2985 1068 3246 1141 δυνάμεις
3300 1071 3523 1143 ἐξάγειν
3581 1073 3794 1145 μέλλεις

2210 1154 2348 1225 πρὸς
2392 1155 2650 1228 πόλεμον,
2680 1156 2763 1211 δεῖ
2793 1160 2892 1231 μὲν
2923 1162 3171 1233 καθαρὰς
3199 1165 3372 1231 αὐτὰς
3402 1166 3793 1241 ἐξαμαρτημά-

2207 1264 2317 1300 των
2363 1241 2525 1310 εἶναι.
2560 1251 2873 1321 φροντίσεις
2904 1254 3015 1326 (52)
3049 1255 3106 1310 δέ
3138 1257 3226 1311 διὰ
3274 1258 3384 1313 τῶν
3429 1260 3625 1331 ἱερέων
3665 1262 3795 1316 καθ-

2208 1338 2432 1409 αγνίσαι
2466 1342 2638 1407 αὐτὰς
2672 1344 2739 1399 δι’
2770 1345 3042 1416 εὐλογίας.
3074 1349 3168 1405 καὶ
3193 1349 3366 1416 οὓτως
3396 1351 3535 1422 μετά
3562 1352 3794 1422 θάρσους

2208 1432 2298 1485 ἐπὶ
2333 1432 2433 1503 τῆς
2468 1436 2647 1506 μάχης
2672 1438 3023 1510 ἀποκινῆσαι.

2279 1524 2416 1597 ρογ’.
2451 1528 2556 1581 Σὺν
2576 1528 2723 1601 πάσῃ
2759 1530 2816 1584 δὲ
2849 1531 2999 1599 τάξει
3023 1534 3117 1588 καὶ
3148 1534 3418 1609 εὐκοσμίᾳ
3442 1538 3536 1592 καὶ
3558 1542 3629 1612 τῇ
3658 1538 3794 1594 κατὰ

2206 1618 2443 1691 πόλεμον
2483 1621 2749 1696 ἐμπειρίᾳ
2806 1623 2889 1677 δεῖ
2941 1628 3034 1680 τὸν
3086 1629 3286 1699 σρατὺν
3331 1631 3659 1703 ὁδοιπορεῖν,
3692 1633 3793 1687 κᾶν

2208 1715 2377 1785 μήπω
2424 1715 2596 1788 μέλλῃ
2635 1717 2957 1789 συμῦαλεῖν,
2987 1721 3124 1775 ἀλλὰ
3156 1722 3247 1777 διὰ
3281 1726 3501 1795 μακρᾶς
3537 1726 3667 1779 ὁδοῦ
3698 1743 3790 1781 πο-

2208 1807 2500 1878 ρεύεσθαι,
2551 1810 2656 1864 κᾶν
2711 1811 2924 1866 πολλῶν
2953 1814 3188 1885 ,ἡμερῶν
3231 1816 3419 1870 ἀνύειν
3454 1817 3635 1891 μέλλῃ
3679 1818 3793 1872 ὁδὸν

500 1915 599 1957 rus
625 1914 709 1965 es,
764 1899 883 1954 sive
914 1899 968 1953 in
1002 1908 1115 1963 tua,
1168 1900 1281 1955 sive
1331 1900 1384 1953 in
1436 1899 1622 1955 hostili
1655 1908 1802 1956 terra
1853 1900 2023 1956 fueris
2079 1922 2089 1957 :

2205 1903 2301 1954 καὶ
2344 1904 2402 1956 ἐν
2433 1907 2500 1975 τῇ
2537 1904 2641 1976 ἰδίᾳ
2675 1903 2829 1978 χώρᾳ
2858 1906 2950 1960 καὶ
3066 1881 3131 1980 τῇ
3180 1908 3437 1982 πολεμίᾳ.
3455 1881 3662 1976 δῦτως
3688 1915 3791 1985 γὰρ

500 1995 575 2048 ita
614 1993 758 2048 enim
793 1991 1051 2047 assuetict
1081 1992 1361 2049 exercitus
1385 1993 1438 2047 in
1467 1993 1585 2050 acie
1622 2009 1869 2060 manere,
1904 2003 1959 2049 et
2012 1995 2094 2049 lo-

497 2101 623 2143 cum
664 2100 826 2142 suum
872 2100 1227 2152 conservare,
1257 2096 1310 2138 et
1341 2086 1629 2146 praefectos
1656 2102 1788 2144 suos
1824 2087 2008 2159 sequi,
2042 2095 2099 2143 et

498 2177 567 2232 ad
594 2191 792 2233 omnes
828 2191 931 2232 nec
966 2176 1229 2247 opinatas
1276 2178 1626 2236 incursiones
1667 2178 1909 2237 hostium
1941 2194 2098 2252 para-

494 2277 588 2326 tus
616 2274 769 2327 θεεο.

556 2450 693 2505 174.
740 2448 940 2507 Tutius
979 2452 1082 2507 iter
1114 2450 1279 2507 faciet
1316 2453 1598 2509 exercitus
1634 2461 1784 2519 tuus,
1814 2456 1861 2511 si
1904 2456 2093 2527 paucis

496 2540 828 2613 quibusdam
852 2543 1155 2613 praemissis
1187 2543 1287 2600 viae
1307 2547 1685 2615 explorentur,
1714 2558 1809 2602 aut
1843 2563 1939 2618 per
1971 2564 2091 2616 eos,

496 2649 639 2704 quos
660 2633 894 2691 Romani
925 2648 1343 2692 mensuratorcs
1369 2644 1422 2692 et
1454 2638 1836 2697 auticensores
1873 2649 2088 2709 vocant,

496 2727 856 2802 iudagentur.

567 2909 692 2967 175.
736 2909 794 2967 Si
825 2920 1130 2971 e‘xerettum
1159 2919 1311 2969 tuum
1340 2913 1407 2968 ad
1448 2914 1692 2971 laborem
1726 2916 2089 2984 assuefacias,

494 3012 719 3075 paratos
768 3016 821 3060 et
867 3006 1191 3061 obedientes
1221 3022 1317 3063 eos
1348 3008 1449 3062 tibi
1495 3023 1713 3081 semper
1746 3010 1996 3078 habebis,
2034 3018 2090 3066 et

496 3099 671 3155 aciem
708 3108 1018 3165 servantes,
1045 3108 1099 3155 et
1128 3115 1359 3171 corpore
1385 3102 1667 3160 robustos.
1727 3102 1909 3160 Otium
1939 3106 2087 3160 enim

2200 1993 2550 2065 ἐθισθήσεται
2606 1996 2676 2052 τά
2736 1999 3124 2072 στρατεύματα
3163 2002 3350 2073 μένειν
3385 2004 3444 2057 ἐν
3486 2004 3667 2075 τάξει,
3703 2011 3792 2063 καὶ

2201 2089 2609 2161 συμφυλάττειν
2642 2090 2710 2146 τά
2739 2092 2847 2147 ῖδια
2889 2092 3151 2164 τάγματα
3178 2094 3314 2169 (53),
3354 2098 3449 2151 καὶ
3474 2099 3791 2155 ἀκολουθεῖν

2197 2185 2311 2247 τοῖς
2351 2183 2613 2255 ἄρχουσιν
2640 2185 2845 2255 αὐτῶν,
2883 2187 3021 2243 ἀλλὰ
3071 2188 3167 2242 καὶ
3202 2190 3343 2260 πρὸς
3374 2192 3475 2256 τὰς
3527 2192 3791 2266 ἐξαίφνης

2196 2275 2497 2347 γινομένας
2526 2276 2822 2343 ἐπιϐουλὰς
2849 2278 2908 2331 ἐν
2956 2280 3023 2351 τῇ
3087 2281 3326 2355 πολεμίᾳ
3379 2283 3457 2356 μὴ
3511 2284 3571 2340 ἐν
3610 2287 3791 2359 ἀθῴῳ

2196 2369 2374 2441 καιρῷ
2408 2370 2780 2441 θορυϐεῖσθαι.

2270 2465 2395 2535 ροδ’.
2447 2466 2882 2541 Ἀσφαλέστερον
2912 2469 2967 2525 δὲ
3011 2451 3070 2525 τί)
3106 2472 3422 2544 στράτευμα
3464 2474 3789 2548 διαϐήσεται

2195 2558 2295 2622 τὰς
2335 2562 2707 2631 προκειμένας
2750 2563 2905 2629 ὁδοὺς
2925 2605 2939 2632 ,
2995 2565 3089 2618 ἐὰν
3118 2565 3205 2621 διά
3232 2583 3395 2620 τινων
3422 2568 3624 2637 ὀλίγων
3656 2587 3790 2643 προ-

2194 2652 2522 2718 αποστείλας
2574 2654 2803 2727 ἐρευνᾷς
2836 2658 2933 2721 τὰς
2975 2656 3285 2730 ἔμπροσθεν
3325 2661 3571 2733 τρίϐους,
3622 2664 3790 2736 ἤγουν

2193 2744 2282 2799 διὰ
2306 2746 2414 2799 τῶν
2438 2747 2793 2820 καλουμένων
2816 2753 2882 2822 τῇ
2912 2750 3159 2824 Ῥωμαία
3183 2753 3405 2827 γλώσσῃ
3434 2756 3791 2829 μινσωρατώ-

2195 2857 2307 2912 ρων
2338 2839 2433 2894 καὶ
2461 2841 2895 2915 ἀντικινσώρων.

2267 2939 2393 3003 pos’.
2448 2934 2576 2988 Ἐὰν
2622 2938 2912 3010 γυμνὰσῃς
2954 2938 3274 3011 στράτευμα
3319 2943 3592 3013 συνεχῶς,
3647 2943 3789 3010 ἕξεις

2193 3026 2391 3090 αὐτοὺς
2442 3026 2579 3096 πρὸς
2626 3030 2757 3093 τοὺς
2799 3030 2996 3094 πόνους
3039 3032 3291 3104 ἑτοίμους
3319 3076 3330 3098 ,
3384 3037 3479 3089 καὶ
3506 3037 3605 3107 τὴν
3639 3037 3789 3103 τάξιν

2193 3120 2563 3190 φυλάττοντας
2585 3163 2599 3189 ,
2652 3123 2747 3177 καὶ
2797 3125 3114 3195 ρωμαλέους
3144 3125 3205 3180 τὸ
3229 3127 3409 3199 σῶμα.
3449 3129 3512 3183 Ἦ
3550 3131 3654 3201 μὲν
3682 3131 3786 3201 γὰρ

497 3189 757 3260 languida
787 3199 843 3246 et
895 3189 1113 3246 inﬁrma
1152 3190 1285 3247 facit
1318 3206 1574 3263 corpora,
1622 3195 1846 3251 timidas
1878 3196 2086 3251 eﬂ'emi-

2203 3189 2523 3284 ltvdvﬁpouc,
2579 3215 2674 3269 καὶ
2719 3189 2903 3281 δειλὰς
2950 3218 3051 3281 τὰς
3091 3189 3380 3292 ψυχάς-’ὴ
3414 3220 3471 3275 δὲ
3504 3189 3786 3292 γυμνασία

504 3292 777 3353 natasque
814 3290 1027 3339 mentes
1084 3282 1263 3347 reddit
1302 3301 1315 3338 :
1348 3286 1674 3341 exercitatio
1720 3296 1902 3343 autem
1934 3300 1988 3342 et
2018 3290 2089 3344 Ia-

494 3373 680 3439 bores,
709 3388 945 3446 corpora
975 3374 1202 3431 strenua
1243 3390 1309 3432 ac
1347 3377 1599 3445 robusta,
1651 3386 1862 3435 mentes
1899 3380 2089 3437 Virites

492 3477 658 3539 atque
712 3468 925 3525 alacres
959 3467 1112 3525 facit.
1144 3467 1289 3526 Ante
1331 3477 1552 3541 tempus
1588 3470 1757 3541 igitur
1804 3472 1991 3527 omnia
2019 3475 2087 3531 ad

468 3565 584 3618 res
636 3559 878 3633 agendas
944 3561 1142 3619 idonea
1191 3571 1591 3635 praeparentur,
1649 3574 1708 3620 ut
1756 3568 2087 3625 necessariis

494 3655 839 3725 temporibus
890 3656 1079 3710 omnia
1137 3656 1192 3711 iu
1251 3666 1512 3729 promptu
1554 3659 1689 3714 sint.

563 3746 689 3804 176.
720 3748 974 3805 Audaces
997 3764 1142 3819 saepe
1165 3751 1368 3807 milites
1395 3752 1630 3821 periisse
1651 3754 1927 3823 novimus,
1955 3755 2085 3826 quia

494 3840 768 3909 praifectis
808 3840 927 3898 suis
981 3842 1167 3897 minus
1198 3842 1521 3900 obcdientes
1563 3843 1791 3901 iuerint.
1825 3849 2007 3914 Quare
2037 3850 2083 3904 si

490 3934 584 4005 qui
635 3934 837 3990 milites
875 3936 997 3992 sine
1047 3944 1142 3991 tuo
1170 3946 1268 3992 aut
1294 3938 1680 4008 praefectorum
1713 3956 1941 3997 suorum
1976 3944 2082 3999 im-

491 4028 647 4098 perio
694 4029 792 4097 vel
824 4027 893 4083 ad
951 4031 1308 4100 praedandum
1358 4042 1584 4100 exeunt,
1640 4034 1725 4089 vel
1782 4035 1849 4090 ad
1904 4036 2080 4092 aciem

491 4136 662 4177 suam.
695 4120 750 4175 in
780 4137 889 4193 qua
918 4130 1050 4177 sunt
1083 4122 1392 4193 transgredi
1439 4124 1665 4189 audent,
1698 4124 1887 4197 ﬂagris
1924 4143 2081 4183 coer-

488 4219 743 4279 ceantur,
779 4221 835 4268 et
884 4213 1192 4285 puniantur
1225 4217 1326 4273 abs
1371 4227 1445 4286 te,
1482 4219 1643 4290 quasi
1692 4235 1805 4276 suae
1832 4221 2078 4293 ipsorum

489 4304 663 4360 cladis
699 4313 971 4378 auctores
1012 4322 1136 4364 esse
1183 4311 1401 4366 vellent.

565 4397 689 4453 ΓΠ.
723 4395 979 4454 Prudens
1028 4401 1076 4457 is
1118 4402 1419 4474 imperator
1462 4416 1547 4462 est
1595 4408 1690 4479 qui
1731 4410 1915 4467 omnia
1948 4428 2079 4470 con-

490 4491 612 4547 silia
666 4493 921 4564 factaque
952 4488 1307 4565 imperatoria
1357 4514 1480 4569 quae
1518 4499 1704 4560 hostes
1751 4505 2074 4575 moliuntur,

2192 3306 2286 3362 καὶ
2329 3307 2377 3360 οἱ
2418 3308 2569 3362 πόνοι
2622 3309 2720 3363 καὶ
2762 3309 2831 3364 τὰ
2877 3310 3105 3382 σώματα
3144 3312 3395 3385 εῦρωστα
3419 3315 3531 3387 (54)
3567 3318 3785 3382 καὶτὰς

2190 3401 2368 3474 ψυχὰς
2417 3402 2673 3476 ἀνδρείας
2721 3406 3244 3473 κατασκευάζουσιν.
3296 3409 3490 3483 Χρεών
3541 3429 3601 3466 σε
3659 3413 3781 3480 οὖν,

2190 3488 2235 3549 ὧ
2264 3498 2541 3569 στρατηγέ
2568 3540 2581 3562 ,
2633 3499 2739 3572 πρὸ
2772 3500 2969 3573 καιροῦ
3002 3500 3168 3568 ὀξέως
3201 3502 3295 3557 τοῦ
3325 3505 3518 3577 καιροῦ
3550 3507 3783 3579 μελετᾷν

2190 3589 2445 3662 ἁρμόδια,
2482 3593 2577 3646 καὶ
2604 3592 2675 3647 τὰ
2700 3594 2949 3667 χρήσιμα
2977 3595 3099 3649 τότε
3130 3596 3438 3666 σκευάζειν,
3464 3599 3551 3652 ὅτε
3575 3600 3637 3653 ού
3662 3618 3783 3654 κατ-

2188 3683 2401 3751 επείγει
2430 3682 2532 3754 τῆς
2553 3684 2919 3756 παρατάξεως
2951 3688 2985 3760 ἡ
3016 3688 3254 3761 ἀνάγκη.

2264 3775 2405 3848 ρος’.
2441 3778 2629 3850 Ἰσμεν
2661 3780 2920 3846 πολλάκις
2946 3784 3071 3847 τοὺς
3097 3782 3467 3857 θρασυτέρους
3489 3786 3600 3841 τῶν
3625 3806 3780 3859 στρα-

2186 3869 2398 3923 τιωτῶν
2451 3870 2515 3923 ἐκ
2563 3870 2657 3924 τοῦ
2709 3872 2784 3943 μὴ
2830 3872 3115 3928 πείθεσθαι
3158 3876 3267 3939 τοῖς
3312 3877 3573 3947 ἄρχουσιν
3613 3880 3779 3933 ἀπολ-

2187 3959 2476 4032 λυμένους.
2532 3962 2623 4015 Διὸ
2673 3963 2800 4028 τοὺς
2843 3963 3201 4035 βουλομένους
3240 3967 3334 4020 τοῦ
3370 3969 3607 4039 στρατοῦ
3648 3973 3776 4027 ἀνευ

2183 4054 2285 4125 τῆς
2314 4055 2413 4126 σῆς
2442 4056 2476 4129 ἢ
2507 4055 2600 4109 τοῦ
2628 4056 2889 4127 ἄρχοντος
2919 4057 3102 4111 αὐτῶν
3131 4059 3354 4132 ἐντολῆς
3384 4061 3416 4132 ἢ
3444 4064 3582 4135 πρὸς
3611 4068 3774 4137 πραῖο

2183 4147 2278 4201 δαν
2313 4149 2565 4213 ἀπιέναι,
2603 4148 2636 4221 ἢ
2669 4150 2766 4220 τῆς
2799 4151 3159 4222 παρατάξεως
3189 4155 3651 4226 παρεξέρχεσθαι,
3683 4160 3775 4212 κό-

2183 4239 2313 4306 λαζε
2344 4242 2567 4307 τούτους
2597 4244 2685 4299 διὰ
2717 4243 3020 4316 μαστίγων,
3048 4248 3140 4301 καὶ
3163 4244 3478 4319 ἀναχαίτιζε
3512 4253 3610 4324 τῆς
3640 4256 3772 4307 ἀταο

2182 4334 2322 4402 ξίας,
2356 4334 2432 4400 ὡς
2460 4337 2663 4402 αἰτίους
2689 4337 2789 4408 τῆς
2819 4339 3029 4394 ἐαυτῶν
3060 4340 3354 4406 ἀπωλείας.

2254 4431 2388 4500 ροζ’.
2450 4430 2622 4499 Σοφδς
2670 4430 2822 4485 ἔσται
2872 4434 3174 4506 στρατηγὸς
3212 4437 3619 4510 φυλαττόμενος
3664 4442 3772 4496 ἀπὸ

2182 4519 2402 4573 πάντων
2430 4519 2540 4573 τῶν
2574 4520 2878 4591 μελλόντων
2912 4523 3065 4594 παρὰ
3088 4523 3197 4578 τῶν
3222 4525 3500 4596 πολεμίων
3521 4530 3767 4598 γίνεσθαι

489 4584 754 4641 declinat.
814 4584 939 4643 Haec
988 4600 1289 4658 cognoscet
1322 4605 1389 4646 ex
1450 4592 1519 4649 iis
1556 4609 1679 4664 quae
1730 4596 1849 4667 ipse
1883 4599 2074 4654 adver-

2203 4584 2678 4685 rrpatnmudr'wv.
2712 4584 3074 4673 Γνὼσεταίδὲ
3103 4612 3275 4674 ταῦτα
3306 4584 3371 4686 ἐέ
3385 4615 3460 4675 ὧν
3490 4584 3583 4676 καὶ
3607 4624 3767 4687 αὐτὸς

491 4694 588 4735 sus
644 4679 831 4737 hostes
885 4679 1071 4737 facere
1110 4685 1335 4754 cogitat,
1371 4684 1486 4740 hanc
1536 4688 1820 4758 provideat
1847 4689 2079 4763 diligen-

2179 4711 2655 4789 καταστρατηγεῖν
2685 4711 2811 4775 τοὺς
2838 4710 3069 4783 ἐχθροὺς
3099 4712 3323 4787 μελετῷ
3359 4710 3441 4780 οἷς
3468 4716 3578 4789 γὰρ
3606 4719 3766 4782 αὐτὸς

491 4782 593 4837 ter,
642 4787 711 4827 ne
770 4772 841 4828 ab
893 4772 1147 4829 hostibus
1197 4777 1466 4845 patiatur.
1516 4778 1884 4849 Experientiaa
1930 4787 2078 4839 enim
2178 4772 2438 4870 γινώσκὲι

490 4865 835 4935 singulorum
906 4865 1173 4923 adversus
1238 4869 1378 4925 alios
1448 4870 1766 4939 intentatis,
1840 4875 2076 4932 aliorum
2177 4865 2448 4962 ﬁngas“:

2484 4801 2537 4856 τί
2566 4804 2685 4857 δέον
2716 4803 2857 4858 κατά
2883 4804 2995 4857 τῶν
3023 4806 3297 4878 πολεμίων
3327 4811 3521 4876 ποιεῖν,
3559 4811 3766 4873 τούτοις

2486 4898 2579 4949 καὶ.
2610 4903 2663 4949 τί
2690 4897 2797 4970 χρὴ
2830 4898 2980 4970 παρὰ
3006 4899 3116 4953 τῶν
3144 4900 3417 4973 πολεμίων
3448 4902 3523 4975 μὴ
3550 4905 3760 4959 παθεῖν.

490 4956 779 5009 lanuuinum
824 4956 1043 5027 ingenia
1102 4956 1173 5013 ad
1222 4961 1502 5025 contraria
1553 4962 1660 5018 illis
1714 4968 2075 5037 excogitanda

2203 4989 2242 5040 ti
2268 4988 2376 5061 γὰρ
2410 4990 2539 5043 ἴδιαι
2571 4956 2797 5061 «pegma-
2825 4956 3013 5046 λυπεῖν
3037 4993 3229 5060 ἄλλους
3248 4956 3532 5066 ἐμπειρίαι.
3668 4956 3762 5065 τὰς

489 5047 750 5103 incitant.

558 5139 752 5196 178.5i
773 5139 903 5212 quid
921 5142 1063 5197 clam
1088 5143 1272 5202 hostes
1305 5145 1485 5205 facere
1505 5151 1767 5218 volueris,
1791 5156 1873 5209 vel
1900 5163 2080 5212 castra

486 5250 730 5304 movere,
780 5238 865 5293 vel
896 5238 1100 5309 aliquid
1130 5240 1276 5295 aliud
1308 5257 1507 5312 genere
1530 5287 1544 5312 ,
1597 5247 1732 5302 nulli
1768 5246 1869 5303 hoc
1898 5250 2082 5305 consi-

490 5332 622 5386 lium
672 5332 778 5388 nisi
827 5332 920 5387 uni
965 5334 1130 5390 alicui
1189 5352 1253 5391 ex
1300 5338 1570 5407 praefectis
1607 5342 1844 5400 credas:
1874 5345 2077 5403 talibus

486 5425 633 5480 enim
672 5425 1010 5496 temporibus
1045 5429 1301 5498 permulti
1345 5440 1496 5497 sunt,
1547 5435 1639 5504 qui
1679 5440 2069 5497 remunerandi

487 5518 784 5591 cupiditate
829 5522 1059 5578 consilia
1096 5532 1187 5579 tua
1221 5524 1470 5582 hostibus
1500 5532 1769 5598 prodituri
1796 5546 1944 5609 sunt.

2179 5078 2289 5132 τῶν
2340 5080 2596 5134 ἐναντίων
2653 5080 2897 5147 ἐπινοίας
2949 5084 3073 5138 καθ’
3099 5085 3305 5140 ὲαυτῶν
3352 5089 3755 5162 τεκμαίρονται.

2253 5179 2387 5245 ροη’.
2438 5174 2564 5229 Ἐάν
2607 5192 2737 5229 ποτε
2777 5174 2966 5232 λαθεῖν
2996 5179 3122 5243 τοὺς
3152 5179 3444 5251 πολεμίους
3471 5181 3755 5256 βουληθῇς,

2180 5267 2291 5320 εἴτε
2337 5269 2547 5340 κίνημα
2585 5269 2693 5324 ἀπὸ
2727 5269 3016 5349 ἀπλίκτου,
3054 5274 3164 5327 είτε
3199 5273 3365 5346 ἄλλην
3389 5278 3514 5329 τινὰ
3540 5280 3755 5349 πρᾶξιν,

2184 5361 2373 5433 μηδενὶ
2414 5362 2604 5434 θάρρει
2640 5364 2814 5436 ἑτέρῳ
2858 5346 2998 5437 πλὴν
3043 5365 3125 5419 ἐνί
3164 5385 3273 5421 τινι
3315 5367 3425 5423 τῶν
3464 5346 3752 5442 ἀρχόντων.

2179 5457 2244 5510 Et
2278 5458 2386 5529 γὰρ
2436 5460 2517 5521 είς
2555 5457 2781 5523 πολλοὺς
2810 5458 3103 5531 διαδραμεῖ
3126 5459 3187 5514 τὺ
3214 5460 3512 5534 βούλευμα,
3546 5464 3754 5528 πάντως

2179 5554 2288 5608 ἀπὸ
2356 5551 2463 5607 τῶν
2518 5554 2794 5625 ἀρχόντων
2841 5557 2949 5619 τοῖς
2996 5556 3332 5630 ὑποχειρίοις
3383 5558 3750 5629 παραδίδοται.

1983 5662 2215 5729 NOTAE.

560 5731 1252 5821 ςεξξὶμᾚξαμαρτημὰτωκ
1298 5737 1483 5821 εἶναι,
1509 5752 1874 5821 sapor-titiam.
1912 5758 2062 5819 Scri.

490 5802 810 5888 δθβνθὲμὶἒξ
841 5802 1176 5888 dederim?
1198 5815 1246 5888 εἰ
1271 5818 1366 5867 καὶ
1398 5802 1849 5888 φρόὖέίσέιξ.έῐὲ;ἶ

556 5874 669 5949 (55)
704 5874 992 5947 Υάχματιι.
1028 5874 1668 5961 Ξυτώοὺειιυτ,’τάματα.

2252 5771 2364 5843 (Si)
2393 5769 2515 5847 Kal_
2544 5770 2618 5847 τινε
2639 5770 2885 5843 σώματα
2915 5776 3210 5842 suprema.
3237 5774 3634 5847 Scribebatur,
3663 5775 3750 5833 καὶ

2180 5841 2410 5915 σώματα
2460 5842 2529 5898 τὰ
2562 5841 2732 5915 εὕρηέ
