4036 6300
279 412 415 478 1061
551 422 561 429 ’
1376 417 1710 479 ΤΑΟΤΙΟΑ.

1843 419 2346 482 CONSTITUTIO
2381 420 2507 484 XX;

3407 419 3545 485 10θέ

275 529 340 578 Ut
384 526 442 579 δὲ
492 525 725 579 τοιοῦτοι
771 525 956 597 καιροὶ
1002 525 1230 592 πολλοὺς
1273 527 1587 600 εὑρίσκουσι
1635 530 1760 594 τοὺς
1809 530 1877 584 δι’
1931 531 2127 587 ἐλπίδα
2175 532 2365 607 δώρων
2411 533 2681 606 προδὰτας
2735 533 3050 607 γινομένους
3091 534 3201 589 τῶν
3242 535 3353 590 σῶν
3419 536 3536 606 βου-

276 617 566 684 λευμάτων
599 620 710 682 τοῖς
736 617 1040 688 πολεμίοις.

351 708 485 778 ροθ’.
527 708 752 763 Βέὸαιον
798 708 896 778 μὲν
944 707 1096 762 οὐδέν
1146 726 1236 779 μοι
1278 708 1426 763 δοκεῖ
1465 710 1574 765 τῶν
1606 709 1858 783 ὀνείρωνο

2041 709 2166 765 179.
2206 706 2426 764 Nullum
2481 707 2612 763 mihi
2657 708 2993 765 insomnium
3027 710 3247 766 videtur
3287 727 3410 770 esse
3449 715 3547 769 fir-

276 802 610 856 πλάττεσθαι
652 803 708 856 δὲ
758 803 853 855 καὶ
899 802 1108 857 πείθειν
1153 803 1280 868 τοὺς
1322 806 1688 874 στρατιώτας,
1725 804 1862 858 ὥστε

277 897 566 951 πιστεύειν
591 897 718 956 τοὺς
744 897 868 959 σοὺς
893 895 1137 966 ὀνείρους
1158 897 1315 966 νίκην
1339 897 1863 968 ἐπαγγελλομένους,

276 989 335 1042 ἐν
366 989 546 1060 καιρῷ
575 988 810 1059 μάλιστα
841 988 1078 1058 πολέμου
1104 989 1378 1060 χρήσιμόν
1406 989 1551 1042 ἐστιν
1582 993 1674 1042 καὶ
1700 991 1866 1057 ἀναγ-

277 1083 457 1134 καῖον.
515 1081 778 1145 Δόξαντες
828 1081 937 1151 γὰρ
985 1080 1059 1144 ώς
1112 1083 1219 1134 άπὸ
1261 1080 1399 1135 Θεοῦ
1449 1083 1723 1156 χρήσιμον
1774 1082 1865 1135 τὸν

276 1171 432 1240 παρὰ
480 1169 574 1223 σοῦ
618 1169 1001 1240 ἀφηγούμενον
1037 1170 1264 1241 ὄνειρον,
1303 1169 1618 1241 θαρσαλέως
1649 1169 1742 1222 καὶ
1769 1170 1866 1222 ἀνο

276 1267 631 1336 επιστρόφως
664 1264 808 1318 κατὰ
841 1263 949 1316 τῶν
979 1261 1256 1332 πολεμίων
1288 1263 1731 1334 ἐπιχειρήσουσι,
1770 1248 1866 1314 καί⁵

274 1361 344 1429 τῇ
377 1357 662 1428 προθυμία
694 1355 794 1425 τὴν
823 1355 1076 1426 ἀνδρείαν
1108 1354 1580 1408 διπλασιάσουσιν.

353 1451 466 1524 ρκ’.
537 1449 945 1522 Ἀπειροκάλως
1004 1448 1391 1502 ἐπακολουθεῖν
1436 1451 1556 1513 ταῖς
1607 1448 1715 1501 τῶν
1764 1465 1865 1501 πο-

275 1545 490 1616 λεμίων
535 1545 921 1615 ὑποχωρήσεσι
957 1542 1226 1611 σφαλερὸν
1260 1528 1500 1612 ἠγοῦμαι
1536 1542 1628 1594 καὶ
1661 1537 1866 1609 βλάϐης

275 1640 478 1692 αἴτιον
505 1635 784 1699 πολλάκις.
829 1633 1174 1703 Ἐξεπίτηδες
1213 1633 1321 1704 γὰρ
1371 1634 1529 1686 τοῦτο
1565 1632 1864 1696 ποιοῦντες,

278 1732 452 1786 ἐνίοτε
484 1731 551 1783 δι’
579 1728 1007 1799 ἐγκρυμμάτων,
1041 1726 1073 1798 ἢ
1105 1726 1171 1778 δι’
1198 1727 1571 1796 ὑποστροφῆς,
1589 1726 1682 1777 καὶ
1708 1727 1865 1778 ἀσυν-

277 1825 503 1887 τάκτοις
551 1823 646 1876 καὶ
683 1818 1157 1890 διεσκεδασμένοις
1196 1818 1562 1887 ἐμπίπτοντες
1601 1818 1712 1878 τοῖς
1739 1814 1866 1868 διώ-

279 1934 439 1972 κουσι
496 1915 741 1987 μεγάλας
783 1913 1072 1985 ποιήσουσι
1103 1912 1203 1973 τὰς
1236 1912 1461 1982 βλάϐας.
1495 1912 1660 1965 Ὅταν
1688 1909 1866 1963 τοίνυν

1969 814 2167 854 mum:
2203 798 2573 870 persuadendi
2626 806 2811 856 tamen
2868 800 3071 857 milites
3127 813 3273 870 sunt,
3331 814 3387 860 ut
3438 810 3546 863 tuis

1969 891 2193 946 credant
2227 891 2545 956 insomniis,
2578 907 2700 962 quae
2730 877 3244 962 aliquamlvictoria:
3275 912 3424 968 spem
3451 909 3547 954 aut

1967 983 2282 1053 opinionem
2311 983 2507 1041 afferre
2533 993 2767 1056 possunt
2800 1004 2814 1041 :
2849 985 3182 1042 videbuntur
3210 990 3355 1044 enim
3387 992 3545 1061 quasi

1967 1077 2194 1130 oracula
2235 1091 2265 1129 a
2307 1076 2417 1131 Deo
2467 1077 2716 1134 immissa
2747 1078 2982 1133 militum
3021 1081 3235 1138 animos
3271 1082 3324 1136 in
3355 1083 3545 1140 hostes

1969 1165 2271 1237 impellere,
2294 1174 2348 1222 et
2373 1166 2747 1224 fortitudinem
2779 1169 3029 1240 corporis
3052 1172 3336 1229 alacritate
3361 1189 3545 1231 rerum

1969 1257 2330 1329 gerendarum
2370 1274 2662 1315 exacuere.

2041 1466 2163 1522 180.
2204 1465 2452 1522 llostium
2510 1474 2742 1523 conatus
2801 1465 2999 1522 inscite
3054 1468 3327 1538 persequi,
3376 1468 3546 1523 lubri-

1968 1575 2090 1616 cum
2136 1561 2296 1616 valde
2325 1569 2379 1618 et
2427 1562 2798 1633 periculosum
2829 1570 2913 1617 est
2951 1579 2965 1616 :
3004 1577 3145 1632 saepe
3181 1563 3324 1616 enim
3359 1562 3543 1618 hostes

1968 1655 2149 1710 dedita
2211 1670 2379 1726 opera
2426 1655 2597 1710 multa
2651 1662 2944 1722 conantur,
2976 1657 3059 1710 vel
3097 1664 3155 1710 ut
3189 1645 3543 1721 insidiis.,vel

1969 1762 2026 1808 ut
2078 1747 2503 1812 reversionibus,
2556 1747 2611 1800 in
2658 1753 2783 1801 tuos
2822 1746 3083 1801 confusos
3139 1747 3545 1816 dissipatosque

1968 1846 2203 1908 irruant,
2241 1851 2295 1898 et
2342 1841 2694 1895 vehementer
2732 1837 3027 1892 admodum
3088 1848 3140 1893 te
3186 1839 3405 1897 laedunt.
3439 1839 3543 1895 Ubi

1967 1937 2134 2008 igitur
2157 1933 2424 2002 fugientes
2445 1931 2632 1985 hostes
2649 1930 2975 2000 insequeris,
2994 1945 3061 1985 ne
3082 1931 3350 1986 dissolvas
3373 1933 3542 1987 aciem

280 2009 702 2078 ὑποφευγόντων
744 2005 853 2058 τῶν
891 2003 1103 2075 ἐχθρῶν
1142 2003 1358 2057 διώκειν
1400 2003 1620 2074 μέλλῃς,
1671 2001 1746 2072 μὴ
1772 2001 1865 2055 λύε

1969 2030 2146 2085 donec
2191 2025 2433 2098 perfecte
2491 2023 2815 2094 cognoveris
2863 2021 3051 2080 hostes
3101 2025 3168 2079 de
3221 2024 3398 2080 salute
3448 2041 3543 2081 sua

275 2101 375 2172 τὴν
399 2101 553 2166 τάξιν
577 2101 677 2171 τῆς
707 2099 1085 2169 παρατάξεως,
1130 2096 1324 2166 μέχρις
1357 2096 1422 2149 ἂν
1456 2094 1665 2148 τελείαν
1697 2093 1866 2164 λάϐῃς

277 2191 655 2265 πληροφορίαν
678 2191 777 2262 τῆς
806 2188 913 2244 τῶν
939 2187 1294 2259 διωκομένων
1323 2187 1649 2242 ἀνελπίστου
1687 2203 1867 2254 σωτη-

281 2287 408 2359 ρίας
445 2285 582 2355 (55).

351 2387 503 2453 ρπαθ.
554 2378 913 2450 Στρατιωτῶν
943 2377 1268 2450 φρονήματα
1301 2377 1438 2448 πρὸς
1463 2375 1664 2429 δειλίαν
1693 2382 1864 2429 κατά-

279 2473 520 2527 πεσόντα
569 2473 820 2544 ἐχέφρων
864 2472 1170 2544 στρατηγὸς
1216 2470 1440 2525 δύναται
1479 2471 1741 2542 διεγεῖραι
1781 2467 1870 2522 διὰ

276 2567 378 2634 τῆς
415 2567 625 2628 οἰκείας
665 2566 862 2634 ὅψεως,
901 2564 1198 2635 θαρσαλέος
1229 2565 1414 2625 αὐτοῖς
1445 2562 1541 2616 καὶ
1567 2560 1870 2632 περιχαρὴς

279 2653 644 2722 φαινόμενος,
695 2655 791 2706 καὶ⁸
822 2653 958 2723 πρὸς
987 2653 1199 2716 τούτοις
1244 2653 1339 2706 καὶ
1377 2655 1490 2714 τοῖς
1521 2651 1698 2720 λόγοις
1725 2651 1871 2704 ἀλεί-

278 2761 396 2812 φων
428 2745 526 2798 καὶ
554 2745 922 2815 πιθανώτερος
953 2745 1258 2814 γινόμενος,
1289 2743 1430 2797 ὥστε
1462 2742 1868 2814 συσχηματίσαι

277 2833 387 2885 τῶν
420 2834 770 2902 στρατιωτῶν
813 2835 882 2888 τά
920 2836 1248 2906 φρονήματα
1296 2833 1432 2905 πρὸς
1457 2833 1517 2886 τὸ
1546 2833 1641 2886 τοῦ
1673 2849 1871 2903 στρατ-

276 2924 415 2993 ηγοῦ
449 2925 775 2995 φαινόμενον
804 2925 1025 2995 θάρσος.

353 3015 500 3086 ρπβ’.
540 3017 705 3082 Τάξις
733 3019 794 3070 οὺ
827 3018 922 3089 μία
949 3018 1062 3071 ἐστὶ
1089 3017 1353 3087 πολέμου,
1391 3017 1525 3072 ἀλλὰ
1553 3016 1746 3071 πολλαὶ
1774 3018 1868 3070 καὶ

1970 2121 2188 2195 penitus
2243 2117 2558 2190 desperare.

2042 2388 2166 2444 181.
2226 2385 2457 2441 Militum
2514 2383 2730 2440 animos
2771 2383 3046 2441 demissos
3089 2393 3144 2439 et
3202 2391 3256 2441 In
3294 2385 3544 2442 timorem

1971 2479 2256 2548 prolapsos
2306 2474 2548 2546 prudens
2600 2477 2900 2546 imperator
2945 2490 3048 2531 suo
3102 2486 3325 2547 aspectu
3396 2477 3542 2535 hila-
3593 2460 3597 2462 Ὗ

1970 2571 2134 2634 rabit,
2169 2577 2222 2625 et
2252 2555 2403 2623 vultu
2441 2569 2585 2634 laeto,
2621 2569 2804 2625 verbis
2828 2569 2991 2624 etiam
3021 2571 3286 2626 suavibus
3321 2571 3543 2626 illorum

1971 2663 2186 2720 animos
2230 2663 2416 2727 leniet,
2459 2672 2522 2717 ut
2568 2663 2802 2719 militum
2852 2663 3022 2719 animi
3073 2664 3141 2718 ad
3196 2665 3546 2736 imperatoris

1971 2758 2255 2814 audaciam
2299 2756 2520 2813 excitet.

2044 3029 2166 3084 182.
2206 3029 2321 3086 Una
2351 3029 2486 3085 aciei
2517 3029 2727 3086 bellicae
2759 3029 2934 3086 forma
2966 3043 3074 3085 non
3109 3039 3211 3094 est.
3237 3029 3330 3086 sed
3362 3031 3548 3086 multa:

276 3109 558 3182 διάφοροι,
613 3113 708 3164 καὶ
749 3113 902 3183 παρὰ
931 3106 1053 3175 τοὺς
1083 3111 1405 3182 ὁπλισμοὺς,
1445 3113 1721 3182 καὶ-παρά
1747 3113 1865 3175 τοὺς

1973 3131 2026 3176 οι
2067 3123 2319 3186 diversae,
2363 3139 2461 3194 pro
2491 3124 2755 3180 varietate
2797 3138 3097 3190 armorum,
3145 3125 3399 3190 militum,
3448 3125 3548 3181 ho—

281 3205 747 3276 στρατευομένους
770 3243 785 3268 ,
847 3203 940 3258 καὶ
969 3204 1120 3275 παρὰ
1149 3205 1274 3268 τοὺς
1301 3203 1554 3258 άντιπολε
1566 3205 1740 3275 μίους,
1779 3205 1865 3259 καὶ

1973 3214 2160 3279 stium,
2199 3215 2469 3281 locorum,
2504 3223 2837 3286 temporum.
2880 3213 3087 3269 Horum
3119 3214 3454 3270 differentias
3481 3229 3550 3271 et

280 3301 431 3368 παρὰ
461 3300 588 3361 τοὺς
611 3298 834 3362 τόπους,
857 3298 947 3351 καὶ
979 3298 1131 3368 παρὰ
1156 3290 1282 3360 τοὺς
1309 3308 1398 3352 καί
1409 3297 1552 3369 ρούς.
1579 3298 1795 3352 Τούτων
1815 3298 1865 3352 δὲ

1976 3303 2113 3377 ipsis
2142 3309 2306 3364 rebus
2343 3308 2553 3379 Optime
2591 3321 2912 3378 cognosces.
2952 3305 3073 3363 Non
3109 3309 3254 3363 enim
3285 3306 3551 3379 quemad-

279 3365 380 3454 τὰς
399 3393 678 3464 διαφοράς,
695 3387 738 3446 ὧ
761 3365 1168 3464 στρατηγὲ,“ἐπὶ
1197 3391 1376 3446 αὐτῶν
1405 3365 1512 3444 τῶν
1534 3392 1865 3464 πραγμάτων

1977 3397 2199 3452 modum
2255 3399 2520 3463 volueris,
2584 3398 2681 3455 sed
2727 3397 3188 3468 quemadmodum
3251 3401 3550 3456 necessitas

284 3483 529 3556 μαθήσῃ.
549 3484 622 3537 Οὐ
649 3485 777 3555 γάρ,
811 3484 885 3547 ώς
916 3482 1121 3554 βούλει,
1154 3481 1513 3555 παρατάξεις,
1532 3476 1647 3536 ἀλλ’
1680 3475 1755 3546 ώς
1779 3483 1865 3535 άν-

1975 3493 2356 3562 postulaverit,
2397 3493 2568 3550 aciem
2623 3493 2865 3550 instrues
2916 3500 3080 3564 atque
3120 3494 3382 3559 armabis,
3431 3502 3549 3549 tum

279 3575 514 3645 αγκάςει
567 3577 813 3647 ποιήσεις
861 3576 961 3647 τὴν
998 3573 1216 3641 ἔκταξιν
1255 3575 1350 3628 καὶ
1389 3575 1484 3628 τοῦ
1512 3575 1743 3646 στρατοῦ
1775 3574 1865 3629 καὶ

1975 3593 2121 3650 ante,
2162 3594 2278 3641 tum
2312 3596 2480 3651 retro,
2532 3596 2647 3641 tum
2682 3587 2752 3641 ad
2783 3587 2956 3654 latus;
2999 3594 3053 3642 et
3088 3588 3548 3658 quemadmodum

278 3664 380 3734 τῆς
410 3664 680 3726 ὁπλίσεως
699 3704 715 3728 ,
751 3665 846 3718 καὶ
877 3663 1020 3718 κατὰ
1046 3665 1359 3734 πρόσωπον,
1397 3666 1492 3718 καὶ
1520 3664 1584 3719 ἐκ
1610 3654 1868 3734 πλαγίου,

280 3758 373 3809 καὶ
384 3755 628 3821 ὄπισθεν,
645 3757 738 3811 καὶ
755 3757 829 3820 ὡς
847 3759 877 3826 ἡ
902 3758 1059 3828 χρεία
1078 3758 1184 3812 τῶν
1199 3757 1541 3830 πραγμάτων
1553 3759 1868 3828 ἀπαιτήσει.

356 3857 505 3918 ρπγ’.
537 3851 708 3902 Ὅταν
738 3849 970 3921 πεζικὴν
1002 3852 1291 3921 στρατείαν
1318 3849 1634 3922 παρατάξῃς
1661 3850 1872 3920 ἢὸπλο-

281 3943 463 4012 φόρων
518 3941 725 4013 ἀνδρῶν
771 3942 880 3996 τῶν
922 3943 1231 4014 λεγομένων
1281 3944 1633 4008 σκουτάτων,
1689 3944 1722 4017 ἢ
1760 3944 1869 3997 τῶν

277 4034 493 4103 ψιλῶν,
551 4035 715 4106 ἤγουν
765 4035 997 4100 τοξοτῶν
1050 4037 1142 4090 καὶ
1193 4035 1586 4107 σφενδονητῶν,
1644 4037 1868 4090 ἀντιπο-

279 4126 574 4198 λεμοῦντες
604 4128 660 4182 δὲ
695 4130 877 4192 αὐτοῖς
910 4146 1053 4192 τινες
1088 4127 1324 4198 βάλωσιν
1357 4128 1475 4183 κατ’
1506 4129 1683 4184 αὐτῶν
1717 4130 1748 4201 ἢ
1783 4132 1866 4202 ῥι-

280 4220 506 4292 κτάρια,
542 4222 574 4291 ἢ
603 4221 1056 4277 διασϐενδοϐόλων
1084 4220 1194 4294 (56)
1229 4224 1323 4276 καὶ
1347 4223 1538 4287 τόξων,
1567 4223 1646 4276 δεῖ
1672 4224 1868 4288 αὐτοὺς

284 4313 389 4367 ὑπὸ
419 4313 758 4384 σκουταρίων
787 4313 1150 4384 τετραγώνων
1178 4314 1469 4386 ἐπιμηκῶν
1502 4314 1610 4369 τῶν
1638 4315 1866 4385 λεγομέ-

283 4424 390 4462 νων
437 4407 647 4478 θυρεῶν
689 4407 832 4480 (57),
890 4407 922 4478 ἢ
976 4408 1178 4478 ἐτέρων
1227 4409 1565 4478 σκουταρίων
1609 4409 1860 4477 μεγάλων

284 4500 606 4570 κεραμῶσαι
637 4500 864 4563 ἑαυτοὺς
891 4499 1117 4563 ἄνωθεν,
1152 4501 1248 4554 καὶ
1276 4499 1448 4563 οὕτως
1476 4499 1857 4570 προσόάλλειψ

281 4592 376 4644 καὶ
405 4591 513 4662 γὰρ
545 4591 956 4663 κεραμωθέντες
986 4593 1079 4645 καὶ
1111 4592 1438 4663 σκεπόμενοι
1467 4592 1620 4646 οὐδὲν
1647 4592 1862 4647 πάθωσι

282 4685 449 4738 κακὸν
483 4685 586 4739 ὑπὸ
615 4685 727 4738 τῶν
753 4685 1122 4755 πεμπομένων
1154 4684 1324 4755 βελῶν
1354 4687 1476 4738 κατ’
1505 4686 1702 4740 αὐτῶν.

354 4777 492 4848 ρπδ’.
535 4779 758 4850 Στρατῷ
789 4779 902 4850 (58)
936 4779 1210 4848 πολεμίων
1254 4779 1549 4850 μηνοειδῶς
1578 4797 1861 4851 παρατατ-

282 4873 492 4945 τομένῳ
538 4872 715 4946 (αὕτη
767 4875 874 4945 γὰρ
923 4875 956 4944 ἡ
1002 4871 1305 4944 παράταξις
1353 4866 1503 4927 δοκεῖ
1539 4873 1691 4939 τάξιν
1727 4876 1859 4944 ἡμι-

283 4967 504 5020 κυκλίου
536 4968 793 5039 γινομένη
827 4967 1074 5036 ἀσφαλὴς
1099 4963 1234 5019 εἶναι
1270 4967 1361 5020 καὶ
1388 4967 1682 5038 ἄτρεπτος·
1738 4970 1865 5032 τοὺς

287 5058 395 5130 γάρ
429 5061 801 5130 ἐμπίπτοντας
831 5059 1247 5131 ἀντιπολεμίους
1281 5060 1338 5112 ἐν
1364 5059 1440 5130 τῷ
1473 5059 1567 5113 τοῦ
1600 5061 1867 5131 σίγματος

285 5154 584 5226 κοιλώματι
641 5157 704 5209 ἐκ
750 5156 859 5211 τῶν
910 5154 1062 5210 ἔνθεν
1111 5157 1204 5209 καὶ
1252 5155 1462 5209 ἐκεῖθεν
1505 5155 1603 5219 τὰς
1637 5158 1867 5228 κεραίας

289 5245 582 5312 ὰπλοῦντες
631 5249 725 5301 καὶ
771 5247 1233 5324 περικυκλοῦντες
1285 5249 1724 5314 ἐναποκλείουσι,
1774 5251 1869 5303 καὶ

288 5335 458 5402 οὕτως
508 5341 941 5412 δραστικώτερον
993 5342 1130 5394 κατ’
1180 5339 1360 5394 αὐτῶν
1415 5341 1862 5413 ἀπομάχονται),

289 5429 424 5496 πρὸς
453 5433 658 5505 ταύτην
686 5430 779 5487 οὖν
811 5434 1414 5504 άντιπαραταττόμενος
1455 5432 1553 5504 τὴν
1606 5435 1860 5506 μηνοειδῆ

287 5519 436 5587 τάξιν
482 5525 564 5588 είς
606 5524 734 5595 τρία
772 5523 912 5596 μέρη
947 5522 1047 5595 τὴν
1078 5523 1176 5594 σὴν
1204 5521 1504 5593 παράταξιν
1531 5522 1853 5595 διαιρήσεις.

1974 3694 2111 3732 usus
2163 3678 2371 3745 tulerit,
2410 3679 2490 3734 sic
2536 3677 2720 3734 omnia
2767 3679 2851 3734 vel
2901 3679 3212 3735 constitues
3259 3679 3344 3735 vel
3391 3694 3548 3735 coni-

1974 3770 2230 3825 mutabis.

2041 3861 2180 3921 185.
2206 3860 2310 3917 Ubi
2357 3861 2666 3933 pedestrem
2703 3862 2874 3918 aciem
2915 3852 3266 3929 instruxeris,
3298 3863 3385 3919 vel
3421 3877 3549 3934 gra-

1971 3955 2143 4020 vium,
2178 3955 2270 4025 qui
2332 3955 2531 4011 scutati
2568 3964 2718 4026 sunt,
2761 3958 2844 4010 vel
2881 3955 3102 4024 levium,
3137 3957 3297 4028 cujus
3331 3958 3547 4027 generis

1973 4046 2239 4116 sagittarii
2295 4056 2348 4100 et
2399 4045 2706 4103 funditores
2756 4057 2908 4113 sunt,
2965 4057 3019 4103 et
3076 4048 3285 4115 hostes,
3339 4047 3433 4118 qui
3480 4063 3544 4102 ex

1971 4142 2202 4194 adverso
2232 4148 2500 4210 pugnant,
2534 4140 2619 4195 vel
2648 4139 2834 4196 fundis
2865 4141 2946 4197 vel
2994 4143 3234 4196 arcubus
3279 4141 3381 4196 tela
3412 4155 3549 4195 con-

1965 4229 2189 4300 jiciunt,
2226 4229 2309 4285 vel
2336 4231 2507 4286 scutis
2535 4229 2838 4301 majoribus
2869 4231 3152 4301 quadratis
3183 4241 3238 4286 et
3275 4231 3545 4301 oblongis,

1969 4323 2062 4393 qui
2119 4323 2293 4394 thyrei
2339 4331 2487 4390 sunt,
2529 4332 2624 4379 aut
2668 4325 2974 4396 minoribus
3018 4326 3230 4395 seipsos
3277 4333 3330 4381 et
3366 4326 3548 4396 capita

1969 4424 2160 4486 tegant
2210 4423 2266 4471 et
2307 4417 2466 4487 quasi
2520 4419 2850 4485 incrustent,
2886 4421 2962 4474 ita
3009 4419 3100 4474 fiet
3145 4428 3202 4473 ut
3245 4418 3384 4473 nihil
3417 4418 3546 4472 mali

1969 4506 2244 4578 accipiant
2296 4518 2650 4581 quotcunque
2681 4509 2736 4565 iu
2792 4511 2917 4567 illos
2971 4512 3077 4567 tela
3111 4510 3508 4582 conjiciuntur.

2044 4776 2167 4832 184.
2211 4775 2466 4831 Exercitu
2511 4777 2751 4831 hostium
2790 4777 3000 4843 lunato,
3033 4777 3086 4831 id
3123 4783 3229 4842 est,
3288 4777 3355 4833 ad
3382 4778 3549 4833 semiv

1973 4869 2166 4924 circuli
2200 4870 2434 4939 speciem
2473 4870 2744 4924 instructo
2774 4869 2923 4939 (nam
2977 4871 3092 4925 lucc
3123 4871 3292 4925 forma
3348 4878 3461 4926 tuta
3492 4880 3548 4926 et

1973 4961 2128 5016 firma
2168 4961 2384 5016 videtur
2416 4978 2559 5029 esse,
2593 4970 2647 5016 et
2677 4962 2862 5017 hostes
2895 4964 3019 5018 hinc
3054 4970 3217 5034 atque
3242 4963 3394 5019 illinc
3425 4978 3548 5018 cor-

1969 5071 2079 5111 nua
2126 5056 2426 5112 extendens
2478 5056 2530 5110 iu
2582 5056 2817 5111 mediam
2870 5056 3007 5111 aciei
3055 5058 3211 5126 quasi
3269 5057 3310 5111 C
3355 5058 3548 5112 litterae

1970 5150 2262 5205 cavitatem
2321 5150 2600 5218 excipiens
2649 5149 3056 5215 circumcludit,
3104 5159 3156 5203 et
3208 5150 3410 5204 milites
3458 5165 3547 5218 vc:

1970 5243 2281 5298 bcmentius
2314 5259 2377 5299 ac
2415 5245 2696 5298 robustius
2727 5243 2794 5296 ad
2857 5243 3208 5314 pugnandum
3260 5258 3386 5297 cum
3437 5242 3545 5296 illis

1968 5336 2184 5408 incitat)
2220 5337 2264 5391 si
2311 5336 2576 5392 adversus
2605 5351 2728 5391 eum
2765 5335 2954 5405 c0pias
3001 5344 3122 5390 tuas
3169 5335 3544 5405 apparaveris,

1971 5432 2025 5487 in
2069 5439 2182 5485 tres
2220 5438 2402 5499 partes
2444 5429 2734 5485 adversum
2763 5427 2871 5483 duo
2905 5443 3109 5483 cornua
3149 5427 3388 5482 hostium
3427 5427 3542 5481 col-

1968 5521 2178 5579 locahis
2211 5536 2226 5576 :
2273 5520 2504 5577 mediam
2537 5530 2744 5592 partem
2775 5536 2886 5577 non
2925 5521 3218 5576 adversum
3253 5520 3541 5576 cavitatem

1781 5685 2011 5744 ΝΟΤᾸΕ.

360 5825 472 5898 (55)
503 5829 820 5896 Σωτηρίας.
860 5829 1233 5895 Scribebatur,
1263 5829 1486 5898 σωρίας.

364 5897 476 5964 (ὅθ)
509 5901 1052 5961 Διασόενδοσόλων.
1085 5901 1296 5970 Scribe,
1341 5897 1428 5955 διὰ
1464 5899 1850 5969 σφενδοὸόλων.

2035 5825 2146 5895 (57)
2181 5822 2438 5895 Θυρεῶῖ.
2466 5821 2818 5895 scribebatur
2841 5862 2856 5887 ,
2886 5820 3087 5895 θυρῶν.

2035 5888 2148 5968 (58)
2184 5888 2442 5965 Στρατῷ.
2471 5893 2850 5961 Scribebatur,
2885 5888 3167 5962 ’Λτραπῷ.
