4036 6300
468 365 618 432 ὶο63
1655 366 1931 428 LEONIS
1972 366 2063 426 ΡΗ

2176 364 2444 426 DSOPHI
3622 371 3751 436 1061

466 481 712 541 hostium
747 483 1012 546 instrues,
1048 480 1146 537 sed
1193 481 1260 536 ad
1311 480 1620 538 subsidium
1656 482 1891 537 duarum
1925 497 2048 551 par-

2176 479 2266 532 (αἱ
2305 479 2413 542 τοῖς
2442 478 2540 548 μὲν
2565 476 2686 531 δυσὶ
2717 477 2909 550 μέρεσι
2942 477 3022 549 τῷ
3047 495 3106 533 τε
3132 477 3294 552 δεξιῷ
3323 481 3419 535 καὶ
3446 480 3522 552 τῷ
3549 483 3750 536 εὐωνύ-

467 578 605 636 tium
660 577 1022 648 pugnantium
1066 575 1396 632 constitues.
1463 574 1650 645 Itaque
1698 576 1783 628 vel
1841 574 2059 630 illorum

2176 591 2250 643 λῳ
2301 571 2552 642 ποιήσεις
2601 573 2703 644 τὴν
2739 571 3049 644 προσϐολὴν
3082 572 3226 627 κατά
3252 573 3363 627 τῶν
3389 573 3483 627 δύο
3510 576 3752 644 κεράτων

467 669 693 724 luuatus
749 669 1026 724 exercitus
1088 668 1282 723 irritus
1314 669 1443 729 erit,
1479 668 1563 722 vel
1625 668 1802 722 hostis
1834 675 2062 734 cogetur

2176 666 2268 718 τῶν
2302 665 2577 734 πολεμίων
2599 707 2614 730 ,
2649 666 2708 719 τὸ
2737 665 2797 718 δὲ
2832 666 2997 735 μέσον
3032 665 3197 735 μέρος
3223 667 3446 737 στήσεις
3479 667 3553 739 μὴ
3587 685 3751 739 προσο

466 762 603 816 aciei
661 761 894 816 formam
955 769 1322 816 commutare.
1381 758 1476 814 Sin
1527 767 1584 814 tu
1635 760 1949 815 discessum
2006 766 2060 815 et

2176 758 2340 812 Ξαλὼν
2389 761 2454 830 τῇ
2505 758 2812 829 κοιλότητι,
2853 758 2971 813 ἀλλ’
3002 760 3060 813 ἐν
3087 759 3424 832 ύποόοηθεία
3455 762 3562 814 τῶν
3593 779 3754 833 προσ-

467 852 650 922 fugam
696 853 891 909 mediae
925 855 1097 923 partis
1142 854 1522 916 simulaveris,
1578 861 1634 908 et
1684 852 1870 907 hostes
1906 851 1972 906 ad
2009 861 2060 907 te

2176 852 2433 906 Ξαλόντων
2465 852 2558 906 δύο
2589 853 2774 924 μερῶν
2809 854 3117 922 ἱστάμενον.
3159 853 3348 916 Οὕτως
3378 853 3488 924 γάρ
3520 853 3552 925 ἢ
3579 855 3754 924 ἀπρα-

468 947 869 1016 insequendum
902 947 1315 1019 provocaveris,
1339 963 1446 1002 non
1473 946 1634 1001 modo
1659 946 1805 1000 acies
1839 946 2056 1000 illorum

2176 962 2289 1007 (τος
2323 947 2350 997 ὁ
2384 946 2441 996 ὲν
2470 943 2655 1016 κύκλῳ
2686 943 2794 997 τῶν
2829 945 3106 1015 πολεμίων
3139 945 3370 1016 στρατὸς
3398 946 3753 1018 ὲναπομείνη,

466 1038 824 1100 dissolvetur,
872 1019 971 1093 35d
1026 1038 1195 1092 etiam
1250 1037 1482 1092 confuse
1514 1044 1663 1090 tuam
1714 1035 2052 1104 insequetur.

2176 1037 2195 1107 ἢ
2248 1037 2499 1103 κάκεῖνος
2531 1037 2858 1108 προσϐαλὼν
2890 1037 2988 1108 τὴν
3021 1039 3280 1109 μηνοειδῆ
3307 1038 3459 1107 τάξιν
3479 1039 3751 1096 διαλύσει·

467 1132 655 1199 itaque
680 1131 989 1186 instructus
1009 1131 1289 1186 exercitus
1321 1139 1450 1185 tuus
1477 1129 1792 1184 reversione
1820 1128 2056 1197 quadam

2176 1129 2212 1180 εἰ
2238 1128 2293 1182 δὲ
2322 1128 2669 1198 πλασάμενος
2693 1131 2856 1193 αὐτὸς
2882 1130 3231 1202 ὑποχώρησιν
3254 1131 3350 1186 τοῦ
3375 1133 3543 1202 μέσου
3565 1135 3758 1205 μέρους

465 1223 646 1277 subita
681 1231 735 1283 et
767 1222 1017 1277 conferta
1050 1223 1174 1278 illos
1209 1222 1490 1286 adoriens,
1527 1222 1884 1290 insequentes
1917 1230 1968 1276 te
2003 1220 2057 1275 in

2176 1221 2410 1289 κινήσεις
2443 1222 2570 1284 τοὺς
2601 1222 2877 1286 ἐναντίους
2911 1223 3048 1294 πρὸς
3077 1223 3282 1290 δίωξιν,
3318 1224 3378 1278 οὐ
3410 1227 3573 1294 μόνον
3600 1224 3760 1295 λυθήο

466 1320 652 1386 fugam
693 1303 980 1384 conjiciet.

2165 1330 2315 1366 σεται
2355 1316 2385 1382 ἡ
2419 1313 2747 1380 παράταξις,
2781 1315 2916 1368 ἀλλὰ
2946 1317 3042 1370 καὶ
3073 1317 3432 1381 ἀσυντάκτως
3457 1318 3759 1372 διώκουσαν

460 1406 520 1459 τὸ
579 1408 670 1462 σὺν
720 1409 1035 1480 στράτευμα
1080 1407 1514 1478 συντεταγμένον
1564 1405 1640 1460 δι’
1690 1402 2040 1475 ὑποστροφῆς
2079 1401 2281 1473 ἀθρόας
2319 1405 2576 1476 ὲπιτεθῆς
2601 1406 2807 1471 αὐτοῖς,
2845 1408 2942 1460 καὶ
2969 1408 3360 1480 εὑρεθήσονται
3422 1409 3647 1474 πάντως
3710 1413 3757 1464 oi

464 1493 525 1546 σὲ
561 1497 849 1562 διώκοντες
883 1499 1205 1569 διωκόμενοι
1235 1499 1389 1569 παρά
1417 1499 1533 1555 σοῦ.

537 1590 663 1648 185.
705 1593 931 1649 Insidiae
979 1609 1172 1649 onmes
1220 1594 1664 1650 vehementiores
1705 1593 1910 1648 habent
1940 1591 2048 1646 im-

467 1693 629 1757 petus
683 1703 847 1758 quam
901 1696 1106 1743 exterm
1155 1687 1540 1743 incursiones:
1571 1703 1648 1743 ea:
1696 1696 1877 1742 tamen
1930 1699 2054 1754 quae

466 1798 497 1835 ι
540 1791 693 1854 tergo
739 1781 894 1849 fiunt,
927 1782 1083 1852 longe
1121 1782 1646 1838 vehementissimae.
1678 1780 1813 1834 Nam
1861 1780 2054 1848 hujus—

2234 1593 2373 1658 ρπε’.
2425 1587 2678 1644 Ἀπασαν
2727 1589 2826 1658 μὲν
2875 1589 3098 1660 ἐνέδραν
3123 1631 3138 1654 ,
3172 1590 3293 1662 ἦτοι
3325 1590 3629 1664 ἔγκρυμμα
3657 1595 3752 1646 ἒπο

2161 1682 2452 1750 ερχόμενον
2501 1685 2612 1743 τοῖς
2661 1682 2974 1751 πολεμίοις,
3029 1684 3390 1755 ἰσχυροτέραν
3435 1686 3544 1739 τῶν
3589 1686 3760 1740 ἄλλων

2163 1771 2432 1826 ἐπιϐολῶν
2461 1775 2699 1826 ποιεῖται
2726 1773 2826 1844 τὴν
2851 1774 2971 1826 κατ’
2999 1773 3179 1828 αὐτῶν
3211 1775 3487 1830 ὲπίϐεσιψ
3529 1780 3762 1849 μάλιστα

468 1873 619 1927 modi
699 1872 939 1928 insidias
977 1873 1275 1943 aliquando
1325 1875 1368 1927 si
1417 1872 1850 1944 comparaveris,
1899 1873 2057 1942 longe

2176 1865 2220 1918 Βὲ
2255 1868 2288 1937 η
2325 1865 2467 1918 κατά
2499 1862 2672 1920 νώτου
2714 1865 2822 1919 τῶν
2855 1865 3152 1936 πολεμίων.
3209 1864 3482 1939 Τοιαύτην
3509 1869 3606 1924 οὖν
3635 1890 3760 1926 ποτε

469 1964 724 2018 meliores
775 1962 1224 2035 etiicacioresquo
1280 1963 1493 2020 videbis
1561 1979 1685 2019 esse
1729 1964 1798 2018 iis
1851 1977 1975 2034 quae
2029 1976 2091 2021 ο.

468 2057 643 2113 latere
679 2057 836 2113 ﬁunt.

543 2236 667 2294 186.
707 2236 983 2301 Mandata.
1021 2245 1316 2309 praecepta,
1368 2245 1615 2302 tesserae,
1663 2252 1729 2293 ac
1759 2238 1866 2293 alia
1893 2236 2060 2308 hujus

469 2332 712 2403 generis,
757 2346 854 2401 per
903 2329 1196 2402 praefectos
1271 2337 1419 2392 tuos,
1461 2340 1515 2386 et
1567 2345 1673 2385 non
1727 2346 1823 2401 per
1857 2339 1910 2385 te
1948 2341 2060 2384 tra-

469 2423 648 2479 denda
683 2423 952 2479 militibus
980 2432 1131 2479 sunt.
1164 2423 1266 2480 Per
1289 2431 1341 2478 te
1372 2424 1516 2478 enim
1550 2425 1656 2479 hoc
1687 2425 1824 2480 velle
1856 2423 2057 2490 facere,

472 2513 709 2584 imperiti
757 2513 999 2569 hominis
1050 2521 1216 2584 atque
1271 2514 1568 2568 admodum
1611 2515 1792 2570 insciti
1859 2525 2056 2570 esset:

469 2621 598 2662 nam
635 2613 690 2662 et
721 2616 939 2674 tempus
988 2607 1222 2661 multum
1267 2607 1325 2662 in
1361 2607 1732 2679 pracipiendo
1762 2625 2060 2664 consume-

470 2706 582 2762 tur,
633 2707 688 2753 et
743 2714 976 2770 magnus
1032 2699 1302 2755 tumultus
1353 2703 1457 2756 erit
1495 2701 1732 2756 militum
1765 2717 1824 2757 se
1866 2710 2060 2757 mutuo

472 2791 951 2862 interrogantium,
1006 2801 1061 2848 et
1117 2791 1374 2847 fortassis
1432 2793 1486 2847 in
1559 2796 2059 2850 commemorandis

471 2885 581 2940 illis
637 2885 779 2940 alius
840 2883 1117 2940 interdum
1176 2883 1387 2956 aliquid
1449 2885 1712 2958 adjiciet,
1769 2887 1913 2944 alius
1959 2887 2059 2945 de-

473 2977 674 3034 trahet.

543 3183 670 3239 187.
701 3178 836 3239 Boni
866 3183 1216 3254 imperatoris
1252 3143 1307 3238 et
1337 3178 1708 3239 admiratione
1759 3176 1910 3253 digni
1949 3188 2056 3245 est,

2163 1955 2398 2024 ποιήσας
2434 1955 2530 2009 καὶ
2559 1956 2723 2018 αὐτὸς
2752 1957 2978 2028 ἐνέδραν
2997 1998 3012 2024 ,
3051 1960 3144 2012 καὶ
3171 1959 3400 2014 ὄπισθεν
3429 1961 3613 2017 αὐτῶν
3643 1966 3763 2018 sm-

2163 2044 2342 2111 τεθεὶς
2366 2087 2378 2110 ,
2416 2046 2862 2118 δραστικωτέραν
2897 2050 2991 2103 καὶ
3023 2050 3419 2124 ἐνεργέστέραν
3445 2055 3620 2128 αὐτὴν
3655 2055 3759 2128 δίη

2163 2139 2458 2212 γινομένην
2489 2139 2596 2194 τῶν
2624 2141 2688 2195 ὲκ
2712 2140 2946 2210 πλαγίου
2979 2143 3421 2215 ὲγκρυμμάτων.

2237 2240 2392 2304 ρπς¹.
2441 2232 2582 2288 Ὑπὸ
2630 2234 2740 2288 τῶν
2785 2235 2960 2290 ἄλλων
3006 2237 3287 2308 ἀρχόντων
3333 2239 3402 2294 τά
3446 2242 3765 2312 παραγγέλ-

2166 2343 2312 2397 ματα
2353 2325 2488 2398 ττρδς
2516 2326 2608 2382 τὸν
2635 2328 2868 2401 στρατὸν
2901 2329 2986 2384 δεῖ
3013 2331 3263 2399 γίνεσθαι
3283 2372 3300 2396 ,
3345 2335 3442 2388 καὶ
3473 2336 3544 2390 τά
3573 2337 3762 2392 διατά-

2162 2434 2383 2487 γματα,
2419 2420 2513 2472 καὶ
2545 2419 2612 2473 τά
2648 2420 2986 2492 συνθήματα,
3026 2420 3166 2477 ἀλλά
3204 2424 3280 2495 μὴ
3311 2421 3400 2478 διά
3425 2426 3526 2496 τῆς
3551 2427 3655 2497 σῆς
3683 2430 3764 2480 ὲν·

2162 2509 2470 2580 δοξότητος,
2503 2500 2549 2564 ὦ
2581 2512 2878 2584 στρατηγέ.
2931 2513 3005 2568 Τὸ
3029 2515 3140 2584 γὰρ
3172 2515 3467 2588 κηρύττειν
3499 2535 3557 2572 σε
3587 2518 3761 2574 ταῦτα

2162 2603 2232 2655 δι’
2266 2603 2461 2657 ἑαυτοῦ
2498 2605 2555 2658 ὲν
2582 2602 2805 2676 ὀξύτητι
2836 2606 3034 2678 καιροῦ
3063 2609 3276 2664 ἰδιώτου
3303 2612 3442 2676 εστὶ,
3479 2616 3574 2666 καὶ
3606 2614 3764 2668 ἀπεί-

2164 2713 2257 2766 ρου
2313 2694 2434 2748 λίαν
2484 2696 2592 2751 τῶν
2637 2697 2867 2753 δεόντων
2893 2717 2905 2732 ’
2966 2703 3058 2754 καὶ
3106 2706 3216 2774 γὰρ
3250 2705 3342 2756 καὶ
3374 2705 3564 2775 χρόνος
3595 2707 3764 2772 πολὺς

2165 2789 2222 2838 ὲν
2259 2785 2336 2857 τῷ
2362 2788 2762 2858 παραγγέλλειν
2792 2791 3223 2863 ἀναλωθήσεται,
3248 2796 3344 2849 καὶ
3369 2797 3600 2866 θόρυϐος
3624 2801 3773 2870 ὁμοῦ

2162 2877 2380 2932 πάντων
2425 2878 2692 2951 ἀλλήλους
2744 2882 3078 2954 ἐρωτώντων
3105 2927 3120 2950 ,
3170 2887 3312 2958 τάχα
3353 2889 3412 2942 δὲ
3453 2892 3548 2944 καὶ
3589 2892 3620 2944 δ
3668 2893 3763 2964 μὲν

2162 2969 2461 3041 προσθήσει
2507 2986 2560 3025 τι
2608 2972 2770 3029 πλέον
2817 2975 2912 3031 τοῦ
2956 2980 3456 3052 παραγγέλματος,
3503 2985 3534 3038 δ
3575 2984 3636 3040 δὲ
3670 2986 3764 3040 καὶ

2162 3064 2510 3134 παραλείψει.

2237 3179 2381 3251 ρπζί
2422 3179 2718 3254 Γνώρισμα
2765 3185 2992 3255 γνησίου
3044 3189 3356 3260 στρατηγοῦ
3403 3191 3498 3245 καὶ
3544 3191 3762 3264 θαυμά-

475 3292 641 3348 posse
674 3275 856 3346 potius
903 3274 1161 3329 celeriter
1190 3275 1375 3345 aliqua
1408 3272 1740 3329 necessitate
1780 3277 2062 3341 premente

2176 3269 2353 3335 ζεσθαι
2377 3270 2529 3338 ἀξίου
2559 3274 2619 3327 τὸ
2642 3275 2744 3346 τῆς
2767 3276 3018 3350 ἀνάγκης
3044 3257 3405 3354 ἐπικειμένης
3428 3284 3594 3350 ὀξέως
3620 3257 3762 3339 νοεῖν

472 3370 605 3441 quid
658 3369 896 3424 maxime
924 3382 1064 3438 Opus
1092 3362 1242 3422 facto
1277 3366 1350 3422 sit
1379 3366 1710 3430 deliberare,
1735 3380 1898 3435 quam
1933 3372 2062 3420 ante

2176 3366 2228 3417 τὰ
2271 3363 2458 3418 δέοντα
2513 3365 2750 3436 μᾶλλον,
2803 3369 2949 3442 ἥπερ
2993 3371 3054 3424 τὸ
3099 3371 3205 3442 πρὸ
3231 3374 3329 3443 τῆς
3354 3375 3600 3446 ἀνάγκης
3635 3378 3763 3447 περὶ

473 3465 863 3522 necessitatem
883 3463 1296 3533 contingentem
1325 3462 1393 3518 de
1414 3476 1477 3517 ea
1509 3461 1838 3516 deliberare.
1872 3458 2062 3530 Neque

473 3558 621 3613 enim
652 3557 957 3612 deliberare
984 3566 1110 3610 ante
1143 3562 1325 3626 potest
1358 3554 1486 3624 quis
1516 3553 1585 3609 de
1614 3553 1898 3614 omnibus.
1933 3567 2056 3624 qua:

474 3650 602 3706 belli
655 3650 948 3718 imminens
1000 3665 1164 3705 casus
1208 3648 1404 3705 afferre
1438 3648 1598 3705 solet.

547 3763 672 3820 188.
711 3764 946 3830 Quando
985 3764 1038 3819 in
1072 3766 1214 3831 acie,
1267 3765 1383 3819 sole
1431 3773 1624 3819 contra
1657 3764 1898 3832 lucente,
1935 3779 2063 3820 cum

477 3853 730 3909 hostibus
780 3854 1143 3912 conﬂicturus
1175 3872 1234 3912 es
1271 3856 1592 3927 priusquam
1630 3857 1878 3928 praelium
1915 3875 2066 3914 com-

477 3948 732 4002 mittatur
773 3947 906 4018 jube
962 3948 1165 4004 milites
1211 3964 1435 4004 sursum
1495 3963 1670 4014 arma,
1719 3950 1899 4006 nudos
1951 3951 2067 4022 gla-

479 4038 622 4103 dios,
645 4038 826 4095 ferrea
859 4047 1015 4096 scuta
1053 4048 1107 4096 et
1137 4041 1396 4104 illustria,
1420 4048 1474 4096 et
1500 4041 1780 4097 hastarum
1810 4044 2066 4113 cuspides

479 4133 711 4188 tollere:
737 4132 852 4188 hzec
876 4133 1020 4188 enim
1051 4133 1094 4189 si
1125 4134 1417 4189 admodum
1452 4135 1714 4204 fulgeant,
1746 4136 1798 4188 in
1825 4135 2064 4205 aliquam

479 4223 946 4294 perturbationem
972 4223 1158 4278 hostes
1184 4224 1510 4293 conjiciunt.
1541 4225 1772 4291 Quando
1797 4242 1927 4280 vero
1951 4226 2064 4294 jam

480 4329 678 4370 manus
707 4326 1066 4373 conserturos
1095 4333 1179 4379 es,
1225 4333 1423 4387 magno
1455 4333 1580 4373 cum
1613 4318 1856 4374 clamore
1887 4320 2063 4383 vocis,

478 4414 530 4459 et
553 4419 834 4464 armorum
871 4414 1064 4461 contra
1100 4407 1288 4476 hostes
1319 4407 1686 4473 contendant,
1713 4408 1895 4479 itaque
1927 4423 2066 4480 prae—

481 4497 615 4552 lium
654 4513 780 4554 cum
822 4499 1071 4555 hostibus
1109 4501 1320 4555 ineant.

2162 3455 2366 3509 τούτων
2398 3454 2792 3526 βουλεύσασθαι
2814 3475 2830 3491 '
2884 3460 2945 3514 ού
2989 3461 3099 3532 γὰρ
3127 3463 3356 3520 δυνατὸν
3390 3465 3764 3536 προϐουλεύε-

2165 3549 2320 3612 σθαι,
2371 3552 2420 3602 εί
2467 3551 2563 3604 καὶ
2609 3550 2679 3604 τά
2723 3552 2956 3622 μάλιστα
3002 3555 3155 3621 δέον,
3209 3557 3310 3610 ὅσα
3346 3556 3532 3628 μέλλει
3565 3562 3764 3634 γεννᾷν

2165 3643 2200 3713 ὴ
2233 3642 2328 3696 τοῦ
2361 3643 2600 3715 πολέμου
2634 3645 2956 3717 ἐπικειμένη
2989 3647 3335 3718 περίστασις.

2239 3757 2388 3830 ρπη’.
2413 3759 2580 3813 Ὅταν
2598 3762 2653 3814 ὲν
2683 3761 2990 3831 παρατάξει
3022 3761 3278 3833 μάλιστα,
3309 3763 3462 3836 ἡλίου
3487 3768 3762 3837 ἀνταυγά-

2170 3848 2377 3914 ζοντος,
2402 3850 2718 3924 προσϐάλῃς
2741 3851 2850 3924 πρὸ
2880 3853 2974 3906 τοῦ
3007 3855 3398 3928 συμπλακῆναι
3427 3858 3528 3929 τὴν
3557 3859 3754 3930 μάχην,

2167 3943 2356 3996 κέλευε
2392 3943 2522 4007 τοὺς
2551 3944 2893 4016 στρατιώτας
2921 3946 3035 4001 ἀνω
3060 3947 3206 4017 ἔχειν
3235 3949 3302 4004 τὰ
3329 3950 3468 4003 ὅπλα
3499 3953 3596 4004 καὶ
3620 3952 3760 4006 ἀκά-

2165 4034 2343 4088 λυπτα
2369 4077 2380 4101 ,
2420 4035 2548 4107 ξίφη
2582 4053 2643 4089 τε
2679 4037 2776 4090 καὶ
2801 4037 2868 4091 τά
2896 4039 3094 4109 σιδηρᾶ
3126 4041 3425 4110 σκουτάρια
3454 4041 3758 4107 στίλϐοντα,

2167 4129 2262 4182 καὶ
2296 4129 2404 4183 τῶν
2457 4129 2764 4202 κονταρίων
2797 4130 2896 4193 τάς
2923 4131 3146 4202 λόγχας.
3180 4131 3367 4198 υῦτως
3393 4133 3503 4205 γάρ
3529 4135 3761 4206 λαμπρὰ

2169 4221 2323 4291 παρά
2349 4223 2462 4285 τοῖς
2490 4221 2772 4292 πολεμίοις
2798 4223 3124 4293 φαινόμενα.
3154 4225 3494 4296 κατάπληξιν
3519 4229 3756 4299 ποιήσει.

2169 4311 2340 4365 Ὅταν
2367 4312 2423 4365 δὲ
2458 4313 2536 4376 είς
2564 4315 2753 4383 χεῖρας
2797 4313 2898 4386 ἤδη
2932 4315 3344 4385 συμπλέκεσθαι
3375 4317 3592 4387 μέλλεις
3621 4319 3758 4391 μετά

2168 4405 2488 4474 ἀλαλαγμοῦ
2520 4406 2751 4477 σφοδροῦ
2797 4408 2964 4476 ἤγουν
3003 4408 3247 4479 μεγάλης
3275 4409 3461 4479 φωνῆς
3507 4412 3604 4464 καὶ
3635 4410 3760 4480 696-

2171 4516 2274 4570 μου
2311 4500 2690 4563 πατάσσοντας
2722 4499 2792 4553 τὰ
2817 4499 2960 4554 ὅπλα
2993 4499 3135 4554 οὕτω
3165 4499 3263 4574 τὴν
3289 4503 3599 4574 προσδολὴν
3621 4503 3760 4575 πρὸς

2091 4614 2138 4670 ι)
2166 4591 2295 4654 τοὺς
2323 4591 2613 4660 πολεμίους
2645 4591 3013 4663 ἀπάρχεσθαι.

542 4698 670 4755 189.
712 4698 1066 4756 Multitudine
1122 4702 1370 4770 equitum
1430 4702 1687 4759 hostibus
1743 4705 1790 4759 si
1837 4703 2068 4761 inferior

481 4789 676 4856 fueris,
723 4808 917 4862 aspera
966 4794 1111 4858 loca,
1149 4803 1204 4850 ct
1235 4803 1490 4866 angusta,
1520 4805 1574 4850 et
1620 4807 1871 4853 montosa
1904 4798 2065 4870 elige,

483 4899 582 4954 per
621 4899 734 4955 quae
764 4885 884 4941 loca
911 4885 1156 4942 hostium
1185 4888 1312 4957 equi
1349 4889 1540 4958 copias
1573 4896 1786 4945 vestras
1813 4891 2066 4961 persequi

484 4988 763 5048 nequeant
803 4979 956 5035 :hoc
983 4979 1126 5036 enim
1171 4982 1227 5036 in
1277 4981 1538 5036 adversos
1589 4997 1751 5038 casus
1800 4984 2067 5038 intuendo

483 5069 839 5125 considerare
895 5070 1187 5143 diligenter
1239 5073 1535 5143 oportebit,
1571 5073 1716 5144 quod
1777 5075 2064 5146 prudentis

488 5158 838 5232 imperatoris
881 5165 1120 5220 maxime
1138 5167 1421 5237 proprium
1459 5177 1563 5223 est.

562 5361 687 5420 190.
733 5364 903 5436 Magis
942 5365 1076 5422 utile
1115 5374 1274 5438 putes
1321 5382 1466 5432 esse,
1502 5375 1560 5422 ut
1596 5367 1745 5423 acies
1778 5368 1831 5421 in
1879 5369 2066 5437 praelia

493 5461 599 5511 stet
646 5467 700 5513 et
740 5458 1101 5528 periclitetur,
1144 5473 1308 5529 quam
1345 5468 1404 5514 ut
1451 5457 1623 5530 fugiat
1649 5469 1702 5516 et
1736 5463 2064 5531 exagitetur.

494 5547 630 5606 Nam
678 5550 808 5606 dum
857 5559 984 5620 stat,
1008 5553 1236 5608 victoria
1271 5555 1453 5624 potius
1482 5554 1754 5624 speranda
1785 5563 1903 5618 est;
1937 5555 2068 5610 dum

2240 4706 2384 4778 91:6'.
2403 4707 2538 4761 ’Υπὺ
2564 4707 2672 4762 τῶν
2699 4708 2975 4778 πολεμίων
3003 4708 3093 4763 διὰ
3118 4708 3325 4780 πλῆθος
3351 4706 3532 4762 αὐτῶν
3554 4706 3758 4761 καδαλ-

2164 4801 2370 4873 λαρίων
2401 4800 2899 4873 πλεονεκτούμενος
2932 4803 3142 4872 τραχέα
3170 4801 3350 4872 χωρία
3382 4801 3630 4868 ὲκλέγου,
3659 4802 3757 4854 καὶ

2169 4894 2364 4958 στενὰ,
2415 4893 2510 4947 καὶ
2555 4893 2819 4962 παρόρια,
2855 4894 2912 4947 ὲν
2941 4888 3022 4956 οἷς
3053 4895 3113 4948 ού
3144 4893 3374 4946 δυνατὸν
3400 4893 3528 4954 τοὺς
3557 4892 3756 4954 ἵππους

2169 4986 2278 5040 τῶν
2301 4985 2558 5040 ἐναντίων
2588 4985 2805 5040 διώκειν
2850 4985 2993 5040 κατά
3038 4985 3302 5056 δύναμινο
3333 4986 3470 5055 ὅπερ
3498 4985 3596 5038 καὶ
3623 5001 3752 5056 προσ

2175 5080 2402 5132 σκοπεῖν
2430 5077 2570 5149 (59)
2603 5095 2660 5131 ca
2693 5078 2800 5150 χρὴ
2841 5078 2977 5148 πρὸς
3011 5077 3268 5149 δευτέραν
3301 5075 3472 5146 τύχην
3510 5074 3598 5128 ἀεὶ
3633 5072 3753 5145 βλέ-

2170 5188 2346 5225 ποντα
2369 5187 2385 5204 ’
2416 5169 2576 5224 τοῦτο
2624 5171 2732 5242 γάρ
2761 5172 2908 5225 ἐστιν
2953 5171 3245 5242 ὲχέφρονος
3282 5168 3518 5240 μάλιστα
3555 5183 3750 5238 στρατο

2172 5261 2329 5332 ηγοῦ.

2247 5376 2354 5442 ριιν.
2414 5373 2704 5444 Συμφέρον
2736 5373 2937 5444 μᾶλλον
2983 5372 3223 5441 γίνωσκε
3263 5366 3425 5437 εἶναι,
3459 5370 3521 5424 τὸ
3555 5371 3613 5424 ὲν
3637 5370 3750 5432 ταῖς

2179 5463 2382 5535 μάχαις
2427 5465 2780 5532 ἐνίστασθαι,
2835 5465 2930 5520 καὶ
2975 5462 3306 5519 κινδυνεύειν
3348 5461 3612 5534 ἀνδρείως
3655 5459 3750 5530 τὴν

2177 5558 2487 5630 παράταξιν
2541 5559 2875 5630 μαχομένην,
2927 5558 2960 5630 ἢ
3012 5557 3284 5628 φυγόντας
3317 5554 3643 5611 διώκεσθαι⁹
3689 5553 3747 5606 ἐν

1984 5736 2216 5794 ΝΟΤᾹ..

567 5825 680 5898 (59)
709 5827 1104 5897 "poo'xomi’r.
1141 5827 1514 5900 Scribebatur,
1548 5831 1863 5902 προκοπείν.
