4036 6300
528 249 665 315 1067

519 454 701 526 putari
753 453 933 511 debet.
968 455 1201 522 Quando
1252 433 1320 514 ad
1356 458 1472 514 loca
1523 476 1758 520 arenosa
1782 472 1839 520 et
1871 466 2099 523 minime

516 561 780 620 portuosa
832 550 1064 608 classem
1138 561 1288 608 tuam
1345 555 1560 612 navalis
1627 558 1800 628 praelii
1849 569 2098 632 tempore

515 644 892 714 applieaturus
945 659 1026 710 es,
1065 661 1258 704 saccos
1305 649 1504 703 multos
1554 664 1720 706 arena
1769 654 2094 725 complebis,

510 745 564 789 et
607 735 832 793 funibus
859 752 956 793 eos
985 749 1122 809 quot
1153 739 1289 796 satis
1325 754 1447 795 esse
1477 740 1814 799 videbuntur
1869 761 1933 800 ex
1965 763 2098 801 una-

509 844 730 899 quaque
784 831 996 887 triremi
1034 832 1380 904 propendere
1432 833 1664 904 faciens,
1699 840 1859 909 quasi
1905 840 2097 897 ferrea:

506 922 762 979 anchorae
817 933 1025 992 essent,
1058 933 1112 982 et
1163 927 1255 982 tibi
1305 929 1451 984 hunc
1495 931 1650 1000 quasi
1703 942 1920 1001 portqu
1988 936 2092 993 tibi

505 1016 832 1085 confeceris,
887 1034 952 1074 ex
989 1033 1056 1074 eo
1085 1019 1208 1076 loco
1267 1031 1432 1078 noctu
1474 1038 1823 1095 progressus,
1879 1030 2096 1085 consti-

507 1115 681 1163 tutam
719 1109 1091 1167 incursionem
1129 1111 1312 1169 facere
1361 1117 1588 1185 poteris.

576 1199 699 1256 197.
756 1200 900 1258 Loca
955 1203 1102 1259 sicea
1134 1215 1299 1276 atque
1327 1208 1474 1264 arida
1509 1213 1865 1282 transiturus,
1895 1229 2092 1285 aquam

502 1303 763 1360 quautam
797 1304 950 1364 potes
983 1305 1165 1350 tecum
1226 1297 1438 1368 perfer;
1476 1313 1750 1372 noctuque
1786 1320 1815 1361 a
1853 1321 2086 1376 vespera

503 1384 571 1439 ad
623 1401 779 1441 mane
828 1387 932 1447 iter
989 1386 1176 1458 facito,
1218 1391 1363 1449 diem
1413 1401 1604 1453 autem
1668 1405 1839 1452 totum
1898 1415 2093 1458 somno

502 1481 842 1552 requietique
904 1483 1033 1539 dato
1087 1502 1102 1540 :
1139 1485 1212 1540 ita
1267 1486 1376 1552 fiet,
1415 1497 1473 1544 ut
1521 1490 1706 1545 minus
1736 1492 1984 1560 jumenta
2016 1493 2093 1550 si-

502 1574 662 1640 tiant,
709 1584 763 1631 et
811 1578 948 1632 satis
1004 1576 1205 1635 idonea
1263 1580 1362 1636 tibi
1418 1596 1576 1654 aqua:
1621 1585 1779 1656 copia
1829 1586 1923 1642 sit.

569 1760 692 1818 198.
735 1761 1013 1834 Auspiciis
1051 1767 1326 1829 exercitus
1351 1769 1482 1824 olim
1524 1771 1852 1844 ezcterisque
1888 1772 2084 1845 unjus-

497 1855 645 1910 modi
685 1855 1120 1916 divinationibus
1151 1863 1395 1918 animum
1441 1872 1498 1920 et
1533 1863 1693 1922 fidem
1742 1865 2035 1924 adhibebat
2065 1885 2078 1922 :

495 1957 840 2007 sternutante
872 1958 1054 2008 autem
1087 1954 1348 2025 quodam,
1387 1957 1589 2014 milites
1623 1959 1809 2014 statim
1835 1959 2080 2016 demisso

495 2040 682 2112 animo
710 2053 903 2112 erant,
939 2047 1095 2117 quasi
1142 2048 1285 2102 malo
1328 2049 1516 2106 omine
1549 2053 1787 2121 quodam
1821 2053 2077 2122 objecta;

484 2134 640 2205 quod
691 2136 994 2208 imperator
1033 2141 1482 2200 animadvertens
1514 2159 1529 2198 :
1570 2144 1791 2200 Minime
1835 2145 2034 2202 mirum
2060 2184 2076 2209 .

430 2211 690 2298 "inquit,
718 2239 824 2291 est.
859 2230 904 2288 si
936 2247 1000 2288 ex
1034 2240 1112 2288 tot
1145 2233 1643 2294 circumstantibus
1681 2254 1822 2294 unus
1856 2247 2075 2294 sternu-

491 2328 587 2375 tet.
623 2318 737 2377 Hoc
765 2321 974 2382 dictum
1003 2338 1130 2386 cum
1166 2324 1283 2382 risu
1311 2341 1503 2387 omnes
1525 2338 1885 2401 exceperunt.
1911 2329 2077 2389 Risus

490 2419 672 2466 autem
708 2413 951 2474 victoria:
985 2416 1205 2488 signum
1236 2428 1341 2475 est.
1381 2419 1573 2490 Itaque
1618 2422 1859 2493 prudens
1902 2423 2076 2494 impe-

477 2512 640 2560 rator
668 2506 773 2565 hoc
814 2522 974 2568 omen
1023 2522 1389 2579 convertens,
1429 2515 1662 2574 militum
1701 2517 1915 2573 animos
1957 2533 2076 2576 nia-

487 2613 732 2668 gnopere
762 2602 1044 2665 excitavit.

539 2690 681 2748 -i99.
724 2690 860 2752 Vide
891 2712 1000 2768 quo
1021 2696 1111 2754 die
1140 2696 1270 2756 anni
1298 2709 1391 2756 aut
1424 2699 1632 2756 mensis
1667 2699 1954 2762 victoriam
1979 2699 2072 2756 ali-

483 2802 646 2857 quam
690 2791 1012 2858 reportasti,
1052 2800 1107 2849 et
1137 2794 1328 2852 eodem
1357 2793 1448 2853 die
1475 2793 1671 2849 iterum
1701 2836 1716 2862 ,
1749 2795 1793 2850 si
1826 2795 1902 2850 ita
1935 2812 2072 2853 usus

491 2879 654 2947 ferat,
682 2880 884 2937 bellum
917 2885 1224 2956 suscipias,
1260 2894 1319 2940 ut
1354 2887 1652 2943 alacriores
1695 2888 1899 2946 milites
1933 2891 2069 2952 sint,

479 2983 537 3028 et
564 2975 790 3030 meliore
817 2991 944 3030 cum
971 2992 1069 3049 spe
1099 2979 1346 3049 praelium
1383 2979 1590 3044 ineant,
1629 2989 1684 3036 et
1724 2992 1916 3052 putent
1957 2982 2068 3039 Deo

1771 262 2049 330 LEONIS
2087 267 2552 338 PHILOSOPHI

592 361 718 419 196.
758 357 981 419 Navalis
1019 361 1218 421 classis
1260 363 1374 448 _boe
1411 369 1768 430 memorabile
1801 375 2095 430 consilium
2129 384 2176 439 Α
2275 386 2423 453 pugn

3645 285 3776 356 1068

2482 386 2776 461 Ἱστορήσω
2808 405 2891 445 σοι
2933 392 3029 448 καὶ
3062 394 3321 454 ναυτικοῦ
3362 397 3552 455 στόλου
3591 417 3778 475 στρατ-

2200 473 2416 546 ήγημα.
2449 477 2619 533 Ὅταν
2649 480 2760 552 γάρ
2800 484 2879 548 είς
2907 483 3199 556 ἀλιμένους
3233 491 3330 546 καὶ
3354 473 3681 565 ψαμμώδεις
3701 498 3780 552 16-

2200 583 2336 635 πους
2367 572 2464 643 τὴν
2493 573 2760 630 ἀπόϐασιν
2790 576 2992 652 μέλλῃς
3020 580 3078 633 έν
3101 581 3281 656 καιρῷ
3301 585 3568 657 ναυτικῆς
3591 603 3778 659 στρατ-

2200 663 2364 732 ηγίας
2385 704 2400 727 ,
2453 665 2675 721 είόὑτω
2705 667 2879 740 τύχοι,
2909 671 3260 744 ποιήσασθαι,
3292 677 3535 742 σάκκους
3557 680 3776 747 ⁸ιιςόλλοίις

2199 756 2496 827 πληρώσας
2521 761 2706 832 ἄμμου
2733 805 2747 829 ,
2781 765 2875 818 καὶ
2907 769 3018 831 τοῖς
3050 770 3308 838 σχοινίοις
3338 774 3651 845 προσδήσας
3679 777 3777 831 ἀπὸ

2199 850 2432 905 ἑκάστου
2465 854 2744 926 δρόμωνος
2779 860 3148 932 ὲκκρεμάσεις
3180 863 3309 928 τοὺς
3335 866 3647 937 ἀρκοῦντας
3674 872 3775 924 oio-

2197 943 2280 998 νεὶ
2315 945 2542 1018 σιδηρᾶς
2574 949 2824 1020 ἀγκύρας
2846 990 2862 1015 ,
2911 953 3008 1008 καὶ
3041 953 3220 1023 οὑτως
3245 957 3342 1012 τὸν
3366 957 3661 1029 λεγόμενον
3690 980 3778 1016 πε-

2197 1037 2525 1111 λαγολιμένα
2552 1045 2785 1112 ποιήσας
2815 1045 3055 1112 εὐκόλως
3085 1049 3229 1103 κατὰ
3257 1050 3367 1105 τῶν
3390 1053 3572 1107 τόπων
3595 1057 3776 1121 νυκτὸς

2195 1131 2432 1196 έξελθὼν
2451 1134 2552 1203 τὴν
2576 1132 3013 1211 βεϐουλευμένην
3037 1156 3120 1194 σοι
3141 1142 3496 1214 καταδρομὴν
3512 1147 3773 1217 ποιήσεις.

2270 1227 2408 1298 pagi.
2467 1228 2682 1292 Τόπους
2727 1230 2984 1304 ἐνύδρους
3031 1233 3245 1304 μέλλων
3282 1235 3416 1290 ποτε
3459 1237 3773 1306 διαϐαίνειν,

2197 1318 2342 1392 ὕδωρ
2372 1320 2472 1391 μὲν
2498 1321 2622 1376 ὅσον
2647 1321 2869 1377 δυνατὸν
2901 1326 3210 1396 συνεπάγου
3235 1345 3251 1360 ο
3289 1328 3506 1400 νύκτωρ
3538 1331 3595 1384 δὲ
3628 1331 3773 1386 ποιοῦ

2192 1411 2291 1485 τὴν
2321 1413 2632 1484 ὁδοιπορίαν
2664 1415 2772 1469 ἀπὸ
2801 1417 3050 1490 ἑσπέρας»
3068 1416 3176 1482 ἕως
3205 1420 3350 1493 πρωῒ
3372 1422 3522 1493 ,-τὴν
3551 1423 3609 1477 δὲ
3641 1424 3771 1495 ἡμέ-

2196 1523 2295 1579 ραν
2316 1507 2600 1562 καθεύδειν
2619 1507 2931 1581 προτρέπου
2956 1510 3078 1568 ἀντὶ
3098 1512 3197 1582 τῆς
3218 1516 3431 1580 νυκτός.
3461 1515 3654 1580 Οὕτως
3673 1518 3774 1589 γὰρ

2190 1593 2356 1675 ἧττον
2403 1598 2692 1671 διψήσουσι
2743 1601 2811 1656 τὰ
2853 1600 3005 1670 ζῶα,
3045 1604 3142 1659 καὶ
3175 1605 3458 1680 αὑτάρκης
3497 1626 3584 1662 σοι
3619 1611 3774 1682 γενή-

2112 1736 2156 1794 B
2194 1711 2347 1748 σεται
2381 1696 2412 1766 ἡ
2448 1693 2541 1749 τοῦ
2565 1695 2760 1761 ὓδατος
2785 1696 2968 1768 χρεία.

2259 1793 2405 1861 ριιηκ
2445 1789 2822 1852 Οἰωνιστικοῖς
2853 1789 3036 1860 λόγοις
3067 1789 3391 1861 προσέκειτο
3421 1797 3656 1866 στρατὸς
3684 1796 3772 1852 καὶ

2185 1883 2458 1954 σημείοις.
2486 1882 2749 1954 Πταρμοῦ
2775 1882 2832 1938 δὲ
2861 1884 3157 1955 γενομένου
3185 1886 3340 1954 παρά
3359 1879 3507 1951 τινος
3532 1888 3772 1958 ἠθύμουν

2181 1978 2231 2030 οε
2259 1975 2587 2047 στρατιῶται
2621 1974 2696 2037 ὡς
2725 1975 2817 2030 ἐπὶ
2844 1973 3068 2047 χαλεπῷ
3089 1975 3436 2047 οἰωνίσματι,
3471 1972 3592 2031 εἶτα
3625 1974 3771 2034 εἶπεν

2179 2073 2209 2125 ὁ
2238 2068 2564 2141 στρατηγὸς,
2619 2070 2694 2123 Οὑ
2729 2069 3043 2140 θαυμαστὸν
3091 2070 3140 2123 εἰ
3179 2069 3450 2126 τοσούτων
3479 2073 3772 2144 πιριεστώτ

2178 2180 2286 2218 των
2320 2159 2402 2227 εἷς
2429 2162 2687 2234 ἔπταρεν.
2728 2161 2838 2215 Καὶ
2870 2160 3062 2216 τούτου
3084 2161 3400 2233 λεχθέντος,
3447 2165 3627 2234 γέλως
3657 2167 3771 2236 ἑγέτ

2178 2271 2299 2307 νετο
2325 2295 2340 2317 ,
2393 2252 2508 2306 ἔστι
2543 2253 2600 2306 δὲ
2643 2255 2670 2307 ὁ
2703 2253 2878 2323 γέλως
2914 2253 3192 2326 σωτηρίας
3222 2254 3528 2326 δηλωτικδς
3558 2275 3765 2328 σημανε

2176 2349 2366 2402 τικὸε’
2427 2350 2524 2404 καὶ
2571 2347 2747 2412 οὕτως
2794 2349 3044 2420 ἐχέφρων
3081 2350 3389 2421 στρατηγὸς
3415 2352 3478 2404 τὸ
3502 2353 3769 2424 οἰώνισμα

2177 2438 2476 2506 ἐναλλάξας
2521 2439 2746 2512 θαρρεῖν
2791 2440 2917 2505 τοὺς
2953 2440 3296 2512 στρατιώτας
3326 2443 3763 2514 παρεσκεύασεν.

2247 2709 2389 2782 ριτθν.
2414 2710 2557 2782 Ὅρα
2579 2709 2668 2778 σὺ,
2695 2709 2782 2764 ἵνα
2818 2710 2913 2765 ἐὰν
2943 2711 3003 2766 ἐν
3033 2710 3218 2785 ἡμέρᾳ
3249 2711 3359 2766 τινὶ
3388 2710 3486 2766 τοῦ
3514 2709 3764 2767 ἐνιαυτοῦ

2171 2803 2204 2876 ἢ
2240 2789 2409 2874 μηνὸς
2437 2804 2629 2873 γέγονε
2655 2803 2778 2874 νίκη
2804 2843 2818 2868 ,
2857 2802 3071 2873 μέλλεις
3099 2802 3154 2856 δὲ
3188 2803 3327 2874 πρὸς
3355 2802 3593 2874 πόλεμον
3622 2819 3764 2873 ευμ-

2173 2881 2433 2963 6άλλειν,
2453 2897 2569 2966 είγε
2595 2896 2818 2950 δυνατόν
2853 2913 2935 2950 σοι
2967 2898 3026 2950 ὲν
3051 2897 3188 2968 αὑτῇ
3217 2898 3280 2967 τῇ
3308 2896 3511 2969 ἡμέρα·
3549 2896 3648 2950 καὶ
3672 2892 3766 2952 a5.-

2171 2989 2256 3056 θις
2305 2992 2413 3059 τῆς
2458 2989 2639 3059 μάχης
2687 2985 3040 3057 ἀπάρξασθαι
3085 2986 3465 3059 ὲπιτήδευσον,
3498 2986 3645 3043 ὥστε
3678 2988 3764 3040 εὑρ

481 3067 721 3139 propitio
746 3069 935 3126 hostes
963 3069 1155 3127 eodem
1178 3072 1269 3128 die
1299 3089 1358 3129 se
1393 3073 1447 3128 in
1485 3073 1669 3146 fugam
1711 3075 1909 3130 iterum
1943 3093 2066 3132 ver—

2176 3081 2395 3152 θαρσεῖς
2445 3067 2585 3134 εἶναι
2635 3081 2765 3143 τοὺς
2808 3078 3167 3151 στρατιώτας.
3222 3079 3331 3133 Καὶ
3374 3080 3512 3149 μετὰ
3547 3077 3762 3148 ἀγαθῆς

479 3177 664 3219 suros.
700 3163 763 3219 Et
790 3165 857 3223 de
891 3166 1014 3222 loco
1055 3167 1110 3222 in
1156 3182 1266 3240 quo
1301 3168 1424 3239 quis
1468 3169 1620 3236 vicit,
1666 3170 1924 3234 similiter
1949 3181 2064 3228 sta-

479 3256 743 3313 tuendum
770 3267 876 3318 est.

544 3530 674 3588 200.
717 3529 862 3592 Nihil
915 3542 968 3589 te
1015 3550 1162 3605 quon
1199 3551 1344 3592 nunc
1390 3535 1515 3592 dico
1547 3538 1849 3607 perturbet.
1890 3536 2062 3596 Verus

475 3632 530 3678 et
568 3631 830 3682 strenuus
876 3625 1181 3697 imperator
1240 3631 1632 3701 cognoscitur,
1683 3633 1903 3701 quando
1952 3650 2060 3688 non

474 3716 700 3784 quodin
741 3733 850 3772 rem
875 3735 1033 3776 suam
1059 3730 1142 3777 est
1174 3724 1393 3793 quaerit,
1431 3724 1525 3780 sed
1558 3725 1702 3795 qutid
1733 3743 1797 3782 ex
1830 3743 1928 3784 usu
1964 3745 2062 3799 pu-

475 3809 620 3880 blieo
661 3810 894 3866 militum
933 3820 1018 3878 est
1067 3815 1201 3870 illud
1248 3826 1461 3887 spectat
1493 3837 1506 3874 :
1544 3835 1670 3874 nam
1708 3837 1832 3876 cum
1883 3823 2061 3877 salute

475 3902 694 3973 publica
733 3921 888 3962 snam
922 3922 1144 3978 quoque
1180 3909 1416 3966 salutem
1461 3921 1742 3982 procurat.
1774 3914 1879 3969 Ubi
1911 3916 2058 3970 enim

473 4003 667 4068 pastor
687 3999 832 4070 gregi
860 4016 962 4058 suo
983 4002 1274 4074 diligenter
1293 4006 1583 4075 prospicit,
1607 4007 1654 4063 is
1673 4009 2056 4078 compendium

418 4088 420 4090 ’
473 4107 537 4145 ex
566 4106 632 4146 co
666 4090 829 4149 habet
860 4108 874 4147 :
906 4093 989 4150 sin
1021 4111 1244 4167 gregem
1271 4099 1516 4171 negligit,
1552 4117 1662 4157 non
1694 4104 1857 4158 modo
1895 4118 2059 4159 verus

474 4195 662 4254 pastor
703 4200 814 4250 non
840 4185 1154 4258 habebitur,
1192 4189 1288 4255 sed
1316 4207 1484 4264 grege
1513 4195 1766 4270 neglecto
1795 4197 2058 4260 damnum

473 4277 578 4334 sibi
609 4280 730 4349 ipse
756 4283 1012 4346 accersit.

2169 3174 2418 3239 ἐλπίδος,
2467 3173 2542 3237 ὡς
2576 3173 2697 3227 κατ’
2733 3174 2909 3242 αὐτὴν
2938 3173 3132 3244 ἑορτὴν
3163 3173 3263 3245 τῆς
3291 3173 3452 3242 νίκης
3485 3172 3579 3226 καὶ
3605 3167 3764 3238 αὖθις

2165 3267 2500 3339 δυναμένους
2537 3267 2680 3336 ἔχειν
2723 3267 2850 3330 τοὺς
2881 3267 3292 3337 προσδαλόντας
3321 3265 3420 3336 τὴν
3447 3264 3602 3320 θείαν
3633 3266 3760 3338 βοή-

2166 3360 2344 3424 θειαν.
2393 3359 2627 3430 Ὁμοίως
2674 3358 2732 3420 δὲ
2779 3357 2874 3422 καὶ
2920 3360 3018 3415 ἐπὶ
3059 3359 3228 3412 τόπου
3285 3357 3343 3411 έν
3377 3349 3422 3426 ᾧ
3459 3357 3760 3431 νενίκηκάς

2166 3469 2318 3518 ποτε.

2237 3552 2303 3602 σῖ.
2322 3542 2562 3616 Θροείτω
2588 3543 2643 3597 δέ
2677 3561 2736 3598 σε
2769 3543 2936 3614 μηοὲν
2961 3543 2990 3596 ὃ
3017 3543 3195 3616 μέλλω
3220 3545 3422 3616 λέγειν’
3453 3545 3536 3600 ὃτι
3561 3561 3760 3617 στρατε-

2165 3637 2299 3711 ηγδς
2343 3635 2551 3708 ἀληθὴς
2619 3638 2715 3693 καὶ
2769 3638 2990 3709 ἄριστος
3041 3637 3166 3691 τότε
3214 3639 3576 3708 γινώσκεται,
3634 3640 3758 3693 ὅταν

2159 3727 2246 3806 ’μὴ
2280 3734 2341 3789 τὸ
2368 3734 2563 3797 δοκοῦν
2597 3733 2748 3809 αὑτῷ
2777 3734 2909 3787 ἴδιον
2939 3734 3220 3806 συμφέρον
3248 3734 3542 3806 ἐργάζεται
3573 3733 3757 3804 μόνον,

2163 3829 2303 3883 ἀλλὰ
2334 3829 2428 3884 καὶ
2459 3827 2529 3886 τά
2557 3830 2716 3883 κοινὰ
2754 3828 2850 3883 καὶ
2887 3827 3242 3901 συμφέροντα
3276 3830 3390 3891 τοῖς
3417 3828 3758 3900 ὑποχειρίοις

2164 3920 2635 3995 πραγματεύεται.
2694 3919 2882 3987 Οὕτως
2915 3922 3024 3992 γὰρ
3071 3921 3208 3990 μετὰ
3235 3920 3329 3974 τοῦ
3360 3924 3511 3992 κοινῇ
3549 3921 3758 3991 συμφέ-

2165 4034 2353 4088 ροντος
2404 4016 2499 4070 καὶ
2547 4017 2644 4070 τοῦ
2691 4015 2824 4079 ἰδίου
2865 4014 3144 4081 τεύξεται⁹
3186 4016 3318 4074 ὅταν
3346 4016 3459 4086 γὰρ
3491 4018 3520 4069 ό
3550 4015 3755 4084 ποιμὴν

2161 4107 2263 4178 τῆς
2289 4108 2526 4178 ποίμνης
2555 4105 2924 4179 ἐπιμελεῖται,
2963 4108 3062 4178 τῆς
3094 4107 3290 4163 ἑαυτοῦ
3321 4107 3591 4179 ὡφελείας
3615 4126 3751 4179 παρν

2162 4203 2336 4266 αίτιος
2364 4203 2574 4273 γίνεται
2600 4218 2614 4234 ο
2652 4203 2703 4257 τί
2735 4202 2792 4256 δὲ
2823 4201 3033 4272 ταύτης
3064 4201 3462 4274 καταμελήσοι,
3495 4203 3559 4256 οὑ
3593 4203 3755 4274 μόνον

2164 4295 2370 4368 ποιμὴν
2400 4295 2608 4369 ἀληθὴς
2641 4296 2701 4351 οὑ
2730 4297 3038 4366 λογίζεται,
3077 4296 3217 4357 ἀλλὰ
3253 4295 3350 4352 καὶΙ
3383 4295 3483 4368 τὴν
3516 4296 3754 4368 ποίμνην

2163 4389 2531 4462 ζημιούμενος
2582 4390 2680 4460 τῆς
2719 4389 2780 4456 ἐξ
2809 4390 2978 4461 αὑτῆς
3011 4389 3280 4457 ὠφελείας
3321 4390 3749 4463 στερηθήσεται.

539 4459 668 4515 201.
712 4459 769 4518 Si
823 4460 1077 4526 hostibus
1122 4464 1320 4534 classis
1369 4465 1575 4536 fuerit,
1623 4478 1678 4529 tu
1718 4486 1841 4526 ettm
1879 4471 2055 4544 cepiis

2224 4459 2339 4540 oa'.
2374 4459 2651 4554 Πολεμίου
2685 4485 2815 4539 ποτὲ
2846 4459 3102 4539 ναυτικοῦ
3137 4483 3326 4538 στόλου
3378 4459 3516 4555 μετά
3546 4483 3752 4555 οἰκείας

472 4555 581 4612 tuis
610 4557 918 4619 instructus
943 4561 1190 4623 lunatam
1223 4565 1459 4622 classem
1501 4582 1756 4638 appares,
1780 4576 1835 4624 et
1861 4571 2060 4641 paulu-

471 4645 582 4701 lum
618 4650 966 4712 retrocedere
1023 4653 1077 4715 in
1127 4655 1308 4718 medio
1351 4655 1708 4717 videaris:id
1759 4661 1902 4714 enim
1947 4675 2058 4715 non

467 4741 698 4804 omnino
726 4742 791 4798 ad
823 4743 1166 4816 fugiendum,
1199 4747 1293 4803 sed
1325 4756 1448 4818 post
1481 4748 1666 4822 fugam
1699 4751 1764 4807 ad
1803 4768 2056 4824 pttgnalt"

467 4833 597 4887 dum
646 4836 828 4906 potius
875 4839 1054 4907 valet;
1107 4849 1163 4894 et
1207 4849 1427 4910 paratas
1479 4843 1707 4900 habebis
1752 4861 1942 4912 naves,
1997 4857 2056 4902 ut.

467 4943 687 4981 rursum
714 4930 999 5000 proratim,
1034 4932 1081 4986 si
1115 4932 1166 4994 id
1192 4935 1492 4992 necessitas
1523 4939 1780 5009 postulet,
1813 4939 1935 4995 illos
1968 4939 2051 4995 in-

462 5020 654 5075 vadas.
685 5021 874 5092 Neque
907 5024 1054 5079 enim
1083 5026 1359 5088 audebunt
1393 5028 1448 5083 in
1492 5031 1783 5085 cavitatem
1821 5031 1924 5087 loci
1965 5033 2051 5088 in-

462 5113 639 5182 gredi,
672 5114 934 5172 nimirum
962 5117 1014 5174 id
1050 5119 1310 5180 timentes
1347 5139 1416 5179 ne
1438 5125 1951 5194 circumcludautur
1981 5131 2052 5190 ab

465 5208 737 5271 hostibus.

529 5397 655 5460 202.
696 5399 938 5457 Victoria
968 5402 1066 5460 tibi
1099 5417 1130 5461 a
1160 5390 1271 5464 Deo
1297 5421 1584 5475 concessa,
1620 5427 1687 5472 ne
1715 5413 1898 5468 statim
1930 5418 2050 5471 tur-

459 5492 683 5553 hulcule
714 5504 767 5550 et
799 5499 1031 5555 confuse
1064 5498 1189 5556 illos
1220 5501 1561 5574 insequeris,
1597 5506 1694 5562 sed
1729 5506 1873 5568 inter
1903 5507 2049 5576 inse,-

457 5587 738 5650 quendum
769 5606 834 5644 ue
859 5598 1110 5653 conversi
1144 5605 1195 5653 te
1226 5611 1422 5652 rursus
1449 5598 1771 5664 adoriantur
1794 5611 2048 5681 provide-

460 5675 562 5732 bis.
578 5675 712 5733 Nam
730 5681 901 5737 ell‘usa
921 5697 972 5738 et
994 5688 1364 5762 intemperans
1383 5690 1693 5768 insectatio,
1707 5716 2044 5777 opportunos

465 5767 530 5823 ad
561 5769 916 5830 oﬂ'ensiouem
951 5779 1076 5838 facit
1107 5799 1202 5850 eos
1233 5790 1323 5859 qui
1359 5791 1744 5864 insequuntur.

2158 4574 2445 4647 δυνάμεως
2493 4576 2754 4647 ναυτικῆς
2797 4575 3100 4647 ὑποχωρῶν
3143 4574 3448 4647 στρατηγὸς
3489 4575 3744 4646 μηνοειδῆ

2157 4669 2466 4741 παράταξιν
2529 4668 2856 4736 ποιούμενος
2913 4669 3308 4740 ὑποστρεφέτω
3364 4667 3546 4723 πλέων
3607 4667 3750 4721 κατὰ

2157 4763 2445 4836 πρύμναν,
2499 4762 2594 4828 καὶ
2628 4763 2802 4827 οὑτως
2847 4761 3297 4834 άποχωρίζεσθαι
3330 4760 3441 4817 τῶν
3471 4761 3745 4831 πολεμίων

2158 4857 2500 4930 βουλευέσθω
2524 4875 2536 4888 ·
2590 4859 2686 4910 καὶ
2719 4856 2828 4926 γὰρ
2861 4856 2924 4910 οὑ
2959 4853 3200 4927 φεύγων,
3237 4853 3376 4910 ἀλλὰ
3408 4853 3745 4926 φυγομαχῶν

2158 4953 2413 5024 ἑτοίμους
2442 4951 2554 5017 ἓξει
2581 4951 2681 5015 τὰς
2709 4949 2877 5016 ναῦς,
2915 4952 3010 5005 καὶ
3041 4947 3195 5015 αὖθις
3227 4949 3480 5003 ἐπελθεῖν
3510 4952 3624 5014 τοῖς
3654 4966 3746 5002 που

2158 5043 2370 5116 λεμίοις
2429 5043 2572 5098 κατὰ
2625 5042 2886 5115 πρῶραν·
2945 5044 3061 5111 εἴγε
3113 5042 3206 5097 καὶ
3239 5042 3433 5097 τούτου
3470 5041 3630 5114 χρεία
3657 5042 3746 5110 γέ-

2157 5154 2338 5208 νηται,
2378 5137 2475 5198 τὰς
2507 5134 2737 5206 πρώρας
2767 5133 2906 5206 ἔχων
2938 5134 3077 5206 πρὸς
3103 5132 3323 5196 αὐτούς.
3356 5133 3465 5186 Καὶ
3495 5133 3603 5204 γὰρ
3628 5132 3743 5186 οὑδὲ

2160 5230 2528 5302 θαρσήσουσιν
2558 5230 2617 5284 ὲν
2643 5228 2722 5300 τῷ
2745 5230 3049 5302 κοιλώματι
3074 5227 3338 5285 εἰσελθεῖν
3351 5227 3455 5300 τὴν
3475 5228 3742 5282 κύκλωσιν

2159 5320 2524 5394 ὑφορώμενοι.
2557 5383 2559 5385 ,

2231 5415 2333 5488 οβ’.
2365 5415 2543 5485 Νίκης
2572 5431 2652 5468 σοι
2681 5413 2832 5487 παρὰ
2859 5412 2994 5467 Θεοῦ
3020 5413 3324 5486 διδομένης,
3357 5411 3432 5485 μὴ
3461 5412 3740 5485 σφαλερῶς

2162 5510 2255 5568 καὶ
2285 5509 2541 5578 ἀκρατῶς
2573 5508 2733 5562 δίωκε
2763 5509 2890 5573 τοὺς
2919 5507 3236 5580 πολεμίους.
3280 5507 3444 5563 Ἀλλὰ
3469 5509 3738 5577 φυλάσσου

2156 5605 2253 5668 τὰς
2283 5603 2631 5674 ὑποστροφὰς
2662 5601 2860 5658 αὑτῶν.
2898 5602 2962 5656 Ἡ
2990 5603 3097 5674 γὰρ
3129 5602 3377 5674 ἀκρατὴς
3414 5600 3596 5670 δίωξις
3625 5602 3736 5661 διας

2155 5697 2360 5751 λύουσα
2401 5698 2499 5770 τὴν
2533 5698 2686 5764 τάξιν
2725 5695 3143 5761 ἐπιϐουλευτοιυς
3188 5697 3405 5769 ποιήσει
3441 5696 3568 5764 τοὺς
3609 5693 3732 5764 διώ-

2178 5808 2369 5854 ·οντας.
