3968 6308
237 337 378 414 1069

1322 343 1658 407 ΤΑΕΤἹΕᾹ.
1696 371 1763 385 --
1798 345 2307 412 CONSTITUTIO
2341 349 2472 410 XX.

3361 347 3497 412 1070

285 457 388 522 στ’.
409 451 700 530 Νουνεχῶς
729 452 944 524 διέρχου
977 451 1067 507 διά
1094 452 1294 508 στενῶν
1321 443 1524 521 τόπων,
1557 456 1654 509 καὶ
1691 456 1794 528 μά-

1969 458 2097 515 205.
2139 459 2558 530 Circumspecte
2596 458 2714 516 loca
2754 465 2986 532 angusta
3025 457 3311 516 transibis.
3343 459 3500 526 Quod

215 549 395 610 λιστα,
436 546 737 618 ἀναχωρῶν
767 547 874 600 ἀπὸ
903 547 1000 617 τῆς
1034 547 1300 618 πολεμίας
1331 548 1459 612 τοὺς
1487 550 1798 620 εὐρώστους

218 637 306 689 καὶ
340 634 657 706 ῥωμαλέους
684 636 792 690 τῶν
834 637 1186 708 στρατιωτῶν
1217 637 1443 692 ὄπισθεν
1467 640 1524 694 ὲν
1570 641 1635 710 τῇ
1670 639 1799 710 οὑρ-

215 729 346 799 αγὶᾳ
395 729 559 784 τάσσε
587 745 601 760 ο
649 730 736 783 ἵνα
777 731 1026 794 καὶτοὺς
1059 731 1466 802 ἐπερχομένους
1508 732 1800 803 πολεμίους

215 820 534 891 ἀμύνωνται
561 822 804 886 ὄπισθεν,
834 824 928 875 καὶ
964 824 1148 894 μηδεὶς
1178 824 1355 896 φεύγῃ
1387 824 1696 895 ἔμπροσθεν
1725 824 1801 898 μὴ

217 913 430 984 τολμῶν
462 915 751 986 παρελθεῖν
782 916 880 985 τὴν
913 916 1008 988 σὴν
1036 916 1353 988 ἐνδοξότητα
1377 919 1801 990 παρατεταγμέ-

218 1027 317 1082 νην
351 1011 445 1062 καὶ
474 1009 539 1062 δι’
568 1009 893 1080 ἀμφοτέρων
920 1011 1168 1083 τηρεῖται
1193 1012 1225 1082 ή
1249 1012 1400 1080 τάξις
1429 1012 1676 1084 ἀσφαλὴς
1709 1013 1802 1067 καὶ

216 1103 518 1174 ἄρρηκτος.
1455 1089 1460 1094 ’

291 1198 386 1250 σδ’.
425 1198 544 1251 Ἵνα
575 1196 767 1270 ῥώμην
814 1199 954 1252 κατὰ
984 1198 1093 1253 τῶν
1131 1199 1407 1271 πολεμίων
1450 1201 1682 1275 ἐνθήο-ης
1726 1199 1803 1271 τῷ

217 1291 592 1362 στρατεύματι
626 1290 971 1363 παράγγελλε
1002 1292 1220 1358 αὐτοὺς,
1248 1291 1334 1345 ἵνα
1363 1294 1408 1345 εί
1436 1291 1540 1362 μὲν
1571 1291 1804 1361 βοῶντες

218 1384 544 1455 ἐπέρχονται
578 1384 761 1448 αὐτοῖς
796 1384 844 1437 οἱ
895 1382 1144 1452 πολέμιοι
1188 1384 1245 1438 ὲν
1292 1386 1359 1455 τῇ
1411 1384 1654 1456 συμϐολῇ
1705 1385 1805 1453 τῆς

223 1478 410 1550 μάχης
451 1478 715 1549 δέχωνται
740 1477 940 1541 αὐτοὺς
975 1476 1113 1547 μετὰ
1148 1477 1379 1548 σιωπῆς.
1423 1477 1549 1532 Ἐὰν
1574 1477 1628 1530 δὲ
1660 1478 1803 1530 ἐκεῖ·

216 1592 299 1628 νοι
326 1572 437 1643 (6οθ
479 1572 616 1644 μετά
651 1572 862 1642 σιωπῆς
908 1570 1272 1642 ἐπέρχωνται,
1322 1572 1445 1626 τότε
1501 1572 1641 1644 μετὰ
1674 1573 1806 1645 βοῆς

217 1668 315 1723 καὶ
352 1667 602 1739 κραυγῆς
632 1667 678 1719 οἱ
710 1667 793 1719 σοὶ
823 1663 1276 1729 ἀντεξελαύνουσι
1303 1665 1423 1719 κατ’
1455 1666 1660 1720 αὐτῶν.

287 1768 386 1814 σε’.
435 1761 605 1814 Ὅταν
635 1761 847 1840 ἀπορῇς
907 1757 1238 1825 ὲξοπλίσεως
1279 1758 1393 1813 τῶν
1436 1759 1815 1831 στρατιωτῶν,

1901 553 1948 610 si
1975 552 2045 608 ab
2075 551 2326 610 hostibus
2352 552 2700 619 discesseris,
2726 556 2982 610 robustos
3007 567 3073 608 ac
3099 560 3359 610 strenuos
3389 553 3496 608 mi-

1902 646 2027 702 lites
2053 661 2083 700 a
2111 652 2266 717 tergo
2292 645 2346 701 in
2374 657 2621 703 extremo
2647 647 2890 718 agmine,
2922 661 3088 718 quam
3115 629 3379 719 οὐραγίαν
3403 665 3503 702 vo-

1903 745 2066 803 cant,
2098 738 2398 795 collocabis
2418 778 2435 804 ,
2466 745 2526 793 ut
2568 739 2920 796 incursantes
2953 739 3138 805 hostes
3169 739 3383 816 possint
3415 755 3502 801 re-

1903 831 2106 902 pellere
2136 850 2150 886 :
2182 842 2235 888 et
2265 847 2431 888 nemo
2461 832 2514 887 in
2543 833 2882 889 anteriorem
2916 842 3123 912 partem
3156 833 3371 908 fugiat,
3405 835 3501 888 ubi

1905 932 1962 979 tu
1983 925 2289 982 instructus
2318 925 2449 982 eris.
2482 926 2669 996 Itaque
2705 925 2966 997 utrinque
3006 928 3282 982 exercitus
3311 925 3503 987 (irritus

1905 1031 1972 1073 ac
2004 1017 2249 1074 munitus
2279 1019 2408 1073 erit.
2897 1002 2899 1005 I

1975 1197 2218 1259 20t.,Ut
2264 1199 2431 1254 robur
2471 1199 2742 1256 exercitui
2796 1199 3010 1254 inseras
3057 1197 3312 1268 praecipe,
3357 1208 3413 1250 ιιι
3459 1197 3505 1251 si

1907 1291 2093 1348 hostes
2121 1308 2247 1348 cum
2277 1293 2519 1349 clamore
2546 1300 2742 1349 contra
2774 1302 2899 1348 tuos
2923 1292 3167 1355 veniant,
3199 1292 3276 1344 tui
3311 1291 3497 1350 statim

1907 1402 2034 1442 cum
2065 1389 2286 1444 silentio
2310 1396 2365 1443 et
2396 1388 2778 1444 taciturnitate
2807 1386 3122 1458 przecedant
3152 1402 3167 1439 :
3197 1386 3282 1440 sin
3318 1385 3394 1439 illi
3427 1384 3474 1439 si

1909 1480 2083 1536 lentes
2112 1495 2177 1536 ac
2210 1481 2362 1536 taciti
2396 1481 2827 1546 ambulaverint,
2861 1492 2971 1535 tum
3003 1479 3245 1537 clamore
3276 1492 3340 1533 ac
3372 1475 3503 1536 stri-

1910 1575 2049 1631 dore
2074 1591 2356 1632 armorum
2392 1576 2471 1630 tui
2501 1575 2626 1632 illos
2657 1574 2941 1632 invadant.

1979 1757 2107 1812 205.
2145 1757 2244 1812 Ubi
2277 1766 2554 1812 armatura
2585 1773 2734 1829 eges,
2764 1758 2830 1813 iis
2863 1757 3149 1825 divitibus,
3183 1774 3291 1812 non
3325 1756 3416 1828 qui
3451 1757 3509 1813 in

213 1855 329 1916 τοῖς
364 1851 620 1922 εὐπόροις
654 1851 771 1921 μὲν,
807 1849 881 1921 μὴ
915 1852 1361 1921 στρατευομένοις
1383 1851 1461 1917 δὲ,
1493 1851 1813 1916 κέλευε,ὲὰν

1929 1852 2110 1922 praelia
2139 1860 2302 1916 sunt,
2335 1852 2428 1907 sed
2463 1853 2554 1922 qui
2587 1869 2614 1906 a
2649 1853 2833 1922 praelio
2866 1853 3100 1918 absunt,
3134 1852 3366 1921 praecipe
3399 1870 3414 1906 :
3450 1860 3510 1910 ut

217 1945 296 2017 μὴ
327 1945 628 2016 βούλωνται
657 1941 1073 2013 στρατεύεσθαι,
1104 1945 1365 2015 παρέχειν
1387 1945 1616 1999 ἕκαστον
1641 1946 1806 2001 ἵππον

211 2042 335 2096 ἀντὶ
361 2040 555 2094 ἑαυτοῦ
592 2042 686 2093 καὶ
716 2041 886 2111 ἄνδρα
907 2055 919 2069 ·
949 2041 1044 2094 καὶ
1076 2039 1250 2104 οὕτως
1289 2041 1342 2093 οἵ
1368 2058 1426 2093 τε
1451 2040 1682 2111 πένητες
1713 2039 1806 2094 ἀν-

210 2134 389 2206 δρεῖοι
430 2133 887 2204 ὀπλισθήσονται,
923 2133 978 2186 οἷ
1023 2150 1082 2186 τε
1137 2133 1383 2186 πλούσιοι
1418 2133 1512 2186 καὶ
1552 2132 1806 2204 ἄνανδροι

207 2226 564 2281 δουλεύσουσι
592 2224 714 2279 κατ’
746 2225 968 2296 ἰσότητα
1009 2225 1117 2279 τῶν
1153 2228 1624 2296 στρατευομένων.

284 2331 401 2390 σς’.
431 2323 585 2394 Ἀμα
609 2323 722 2385 τοῖς
752 2320 1139 2392 καϐαλλαρίοις
1171 2322 1264 2373 καὶ
1294 2320 1523 2390 πεζικὴν
1545 2320 1808 2392 ἐπιφερό-

211 2435 385 2490 μενος
422 2414 682 2488 στρατιὰν
721 2413 1138 2484 συνεποχεῖσῦαι
1172 2404 1341 2484 αὐτὴν
1380 2415 1438 2467 ἐν
1479 2414 1588 2478 τοῖς
1621 2413 1809 2476 ἵπποις

207 2511 482 2574 πολλάκις
533 2507 722 2562 κέλευε
782 2506 1025 2576 δηλονότι
1079 2506 1322 2579 ὲλαφρὴν
1370 2506 1621 2571 ὅπλισιν,
1670 2506 1809 2577 ὅπερ

205 2604 330 2661 δέον
357 2605 621 2673 ἔχοντας,
651 2599 886 2664 καὶτοῖς
919 2602 1078 2655 ποσὶν
1114 2601 1280 2666 ὀξέως
1317 2602 1536 2672 τρέχειν
1575 2600 1809 2670 δυναμέ-

206 2715 358 2762 νους.
389 2698 600 2759 Οῖτινες
625 2695 682 2748 ὲν
711 2693 1017 2766 ἐπικαίροις
1055 2695 1241 2758 τύποις
1270 2694 1532 2764 εὖρωστοι
1562 2711 1812 2765 καταπη-

205 2793 482 2863 δήσαντες
525 2786 635 2842 ἁπδ
678 2784 785 2838 τῶν
825 2785 1008 2840 ἵππων
1057 2787 1256 2849 τόπους
1305 2785 1544 2858 ὑψηλοὺς
1574 2785 1810 2856 καταλήο

1917 1945 1962 2000 si
1996 1944 2174 2001 nolint
2205 1946 2270 1999 ad
2307 1961 2457 2000 arma
2493 1948 2715 2012 venire,
2753 1946 2929 2008 virum
2969 1962 3068 2018 pro
3103 1962 3162 2003 se
3195 1962 3510 2018 equumque

1917 2038 2140 2094 mittant
2179 2056 2191 2094 :
2230 2040 2304 2094 ita
2352 2041 2572 2111 quidem
2616 2041 2706 2096 fiet
2747 2050 2805 2097 ut
2849 2058 3120 2113 pauperes
3166 2041 3377 2098 strenui
3422 2058 3513 2097 ar-

1917 2141 2158 2199 mentur,
2199 2133 2400 2189 divites
2442 2135 2621 2205 ignavi
2665 2151 2732 2190 ex
2775 2152 2934 2208 aequo
2978 2151 3042 2192 ac
3086 2136 3265 2192 caeteri
3309 2136 3405 2208 qui
3453 2137 3510 2193 in

1914 2223 2059 2280 bello
2090 2237 2240 2295 sunt,
2275 2228 2418 2284 bello
2450 2228 2775 2286 inserviant.

1980 2323 2110 2380 206.
2156 2322 2376 2379 Mistum
2409 2339 2474 2380 ex
2509 2324 2786 2397 peditibus
2817 2335 2871 2381 et
2901 2326 3179 2397 equitibus
3215 2323 3260 2380 si
3295 2324 3511 2381 exerci-

1916 2428 2030 2475 tum
2066 2418 2305 2484 habeas,
2345 2419 2492 2474 leves
2531 2419 2688 2489 equis
2727 2434 2972 2490 persaepe
3004 2419 3126 2475 vehi
3162 2417 3416 2489 jubebis,
3453 2426 3512 2472 ut

1912 2512 2240 2584 opportunis
2281 2511 2336 2566 in
2380 2511 2516 2567 locis
2557 2513 2728 2583 agiles
2772 2521 2935 2583 atque
2971 2511 3209 2582 expediti
3247 2510 3316 2567 de
3352 2509 3510 2580 cquis

1909 2608 2251 2673 desilientes,
2285 2607 2499 2662 excelsa
2531 2606 2751 2677 altaque
2786 2607 2902 2662 loca
2945 2607 3272 2677 anticipeut,
3305 2612 3358 2658 et
3391 2602 3513 2663 fun-

1909 2702 2034 2767 dis,
2093 2701 2354 2773 sagittis,
2405 2699 2746 2770 reliquisque
2805 2700 2976 2756 armis
3030 2708 3276 2763 utantur,
3335 2706 3397 2752 ut
3447 2693 3515 2749 ad

1909 2808 2125 2848 onmem
2163 2793 2401 2848 hostium
2436 2804 2728 2845 occursum
2763 2791 2936 2861 parati
2975 2789 3105 2845 sint.

206 2881 459 2954 ᾤονται,
491 2882 586 2936 καὶ
625 2878 942 2950 σφενδόναις
974 2880 1304 2953 χρήσονται,
1348 2879 1443 2933 καὶ
1487 2878 1683 2945 τόξοις,
1727 2881 1822 2935 καὶ
1861 2883 2072 2958 ἑτέροις
2098 2886 2305 2951 ὅπλοις,
2339 2885 2371 2956 ἢ
2404 2885 2499 2939 καὶ
2531 2885 2666 2954 πρὸς
2691 2883 2819 2939 ἀλλο
2853 2901 2904 2937 τι
2966 2882 3075 2936 τῶν
3134 2877 3518 2953 ἐμπιπτόντων

206 2977 588 3051 ἀνδρίσοντιαι.
1685 3023 1687 3025 ,

285 3073 390 3139 αξ.
435 3071 693 3145 -Βεόαίως
741 3068 1107 3140 ἐπιστάμενος
1160 3067 1330 3139 ἄνδρα
1376 3069 1494 3121 τινὰ
1544 3069 1806 3135 πολλάκις

212 3165 653 3241 ἀριστεύσαντα,
689 3164 1069 3234 ἐξαιτούμενον
1099 3163 1154 3216 δὲ
1189 3162 1318 3233 περί
1345 3180 1490 3225 τινος
1535 3163 1809 3234 σωτηρίας

1986 3070 2112 3125 207.
2155 3070 2212 3125 Si
2253 3069 2399 3140 quis,
2441 3067 2536 3140 qui
2577 3075 2802 3124 strenue
2844 3080 2903 3122 se
2943 3066 2996 3120 in
3040 3061 3284 3121 exercitu
3326 3057 3518 3133 gessit,

1921 3164 2129 3235 aliquid
2163 3164 2262 3218 abs
2295 3172 2349 3218 te
2386 3160 2717 3225 contendat,
2753 3159 2836 3215 vel
2868 3158 2934 3213 de
2967 3157 3142 3213 salute
3171 3169 3271 3210 sua
3304 3154 3383 3208 vel
3424 3165 3521 3207 co-

210 3232 506 3335 ἧέαυτοῧ,
535 3258 567 3329 ἢ
600 3258 778 3327 φίλου,
805 3257 838 3328 ἢ
875 3232 1191 3325 συγγενοῦς,
1225 3232 1401 3326 χρεών
1436 3273 1516 3320 σε,
1541 3250 1585 3308 ὦ
1617 3232 1813 3326 στρατ-

1929 3232 2093 3329 gnati,
2129 3272 2197 3312 ne
2226 3256 2462 3312 difﬁcilis
2490 3254 2543 3311 in
2575 3253 2927 3326 pernegando
2959 3251 3057 3312 sis.
3087 3247 3184 3304 sed
3218 3261 3316 3319 pro
3345 3245 3514 3316 rebus

211 3356 358 3426 ηγὲ,
420 3353 546 3407 ἀντὶ
598 3349 810 3404 πολλῶν
855 3347 950 3403 καὶ
1006 3347 1258 3420 μεγάλων
1316 3350 1616 3418 παρασχεῖν
1668 3347 1819 3418 αύτῷ

209 3448 523 3520 δυστυχίαν
553 3445 708 3516 φίλου
739 3441 1227 3515 ἐπανορθώσασθαι
1248 3458 1260 3471 ’
1306 3441 1399 3495 καὶ
1439 3442 1497 3495 ἐν
1539 3440 1687 3511 αὐτῷ
1712 3444 1822 3512 γὰρ

210 3547 274 3598 τὸ
306 3545 465 3597 ὅσιον
494 3541 762 3610 ποιήσεις,
793 3539 889 3591 καὶ
919 3537 1135 3606 ἐτέρους
1169 3535 1482 3604 ἐπαλεέψεις
1513 3535 1822 3605 ἀριστεύειν

205 3636 308 3691 ἐπ’
344 3632 532 3686 ἐλπίδι
567 3631 826 3700 τοιαύτης
858 3629 1292 3688 ἀνταποδόσεως.

289 3732 400 3796 ση’.
453 3725 748 3794 Ἀρχοντος
783 3721 990 3789 ἀγαθοῦ
1018 3721 1299 3792 τεκμήρια
1329 3721 1424 3775 καὶ
1448 3719 1651 3793 ἀρετῆς
1682 3720 1822 3776 ἀπό-

208 3818 410 3886 δειξις,
467 3815 595 3868 ὅταν
644 3811 936 3882 ὲθελουσίῳ
982 3810 1178 3883 γνώμῃ
1233 3810 1527 3865 πείθωνται
1574 3810 1725 3882 αύτῷ
1770 3812 1820 3865 οἱ

213 3913 576 3984 ὑποχείριοι,
606 3909 700 3962 καὶ
746 3909 804 3961 ὲν
833 3909 946 3970 τοῖς
989 3906 1393 3976 προσπίπτουσι
1425 3906 1610 3970 πόνοις
1640 3923 1820 3977 παρα·-

215 4005 413 4075 μένειν
451 4000 731 4054 ἐθέλωσιν.
766 4000 829 4053 Οἱ
862 3997 971 4069 γὰρ
1020 3998 1237 4070 ἀνάγκη
1267 3998 1362 4053 καὶ
1403 3998 1494 4072 βίᾳ
1521 4001 1820 4055 ὑποταττό-

213 4115 380 4169 μενοι
418 4097 536 4158 τοῖς
564 4092 760 4158 ἀνάξια
799 4092 1109 4165 στρατηγοῦ
1153 4093 1288 4165 πρὸς
1322 4093 1520 4156 αὐτοὺς
1550 4095 1822 4166 πράττου-

210 4210 326 4252 σιν,
363 4187 651 4242 ὲπίὸουλοι
693 4185 930 4255 μᾶλλον,
978 4185 1091 4239 ἀλλ’
1124 4186 1185 4240 οὐ
1221 4186 1385 4255 φίλοι,
1431 4189 1523 4242 καὶ
1561 4189 1820 4258 φυγάδες,

207 4283 334 4338 ἀλλ’
364 4281 432 4334 οὐ
476 4276 986 4347 συγκινδυνεύοντες
1008 4276 1376 4348 ιὺφθήσονται.

286 4374 394 4426 σθ’.
443 4367 749 4440 Στρατηγῷ
787 4366 979 4438 ἀγαθῷ
1026 4368 1192 4438 μηδὲν
1244 4369 1432 4440 ἕτερον
1481 4369 1824 4442 ἐπιτήδευμα

204 4467 334 4522 δέον
376 4464 650 4529 ἐπαινεῖν,
689 4460 804 4515 ἀλλ’
835 4459 868 4532 ἣ
902 4460 996 4514 δύο
1022 4459 1228 4523 ταύτας
1259 4478 1271 4490 ·
1305 4461 1404 4533 τὴν
1443 4461 1542 4532 μὲν
1579 4479 1819 4533 γεωργι-

206 4558 342 4630 κὴν,
380 4554 466 4619 ὡς
496 4552 801 4624 τρέφουσαν
830 4551 956 4614 τοὺς
985 4549 1343 4622 στρατιώτας,
1372 4551 1472 4623 τὴν
1509 4551 1566 4605 δὲ
1591 4551 1716 4605 πολε
1728 4569 1820 4623 μι-

208 4651 346 4722 κὴν,
381 4648 461 4712 ὡς
491 4643 813 4698 ὲκδικοῦσαν
839 4645 932 4697 καὶ
959 4644 1338 4715 φυλάττουσαν
1364 4644 1490 4707 τοὺς
1514 4644 1820 4714 τρέφοντας

1923 3351 2071 3407 illius
2104 3350 2313 3422 gestis,
2347 3350 2452 3405 hoc
2487 3348 2566 3403 illi
2602 3347 2671 3403 de
2704 3346 2883 3402 salute
2917 3343 3078 3398 amici
3115 3351 3207 3396 aut
3241 3355 3341 3396 sua
3377 3354 3515 3394 con-

1922 3446 2096 3500 duues
2130 3462 2144 3499 :
2179 3459 2304 3498 nam
2337 3451 2390 3498 et
2420 3444 2568 3512 pium
2602 3439 2805 3496 factum
2836 3438 2942 3494 hoc
2969 3437 3106 3500 erit,
3135 3441 3190 3492 et
3219 3434 3359 3490 alios
3386 3431 3512 3488 talis

1923 3537 2388 3594 remunerationis
2439 3550 2537 3606 spe
2592 3531 2660 3588 ad
2719 3547 2804 3588 res
2855 3530 2996 3587 bene
3044 3524 3314 3603 gerendas
3367 3523 3515 3581 exci-

1924 3630 2084 3686 tabis.

1994 3723 2121 3780 208.
2164 3722 2302 3777 Boni
2338 3718 2578 3793 praefecti
2608 3717 2878 3774 indicium
2905 3722 2960 3771 et
2987 3727 3182 3785 magna
3207 3707 3429 3766 virtutis
3456 3707 3525 3764 si.

1922 3817 2207 3890 gnitlcatio
2248 3823 2365 3882 est,
2401 3814 2446 3870 si
2477 3811 2713 3882 subjecti
2743 3810 2946 3865 milites
2979 3803 3296 3862 voluntario
3337 3801 3525 3857 animo

1925 3912 2001 3967 illi
2031 3911 2440 3980 obtemperent,
2467 3915 2520 3963 et
2547 3906 2590 3960 si
2624 3905 2843 3960 labores
2868 3909 3065 3973 sponte
3094 3913 3194 3954 sua
3224 3894 3524 3958 subierint,

1923 4011 1978 4060 et
2003 4005 2056 4058 in
2083 4003 2193 4058 illis
2214 4000 2561 4056 duraverint.
2585 3998 2724 4053 Nam
2751 3997 2846 4067 qui
2876 3993 3208 4050 necessitate
3234 3998 3288 4047 et
3311 3990 3361 4043 vi
3390 3985 3518 4044 sub-

1919 4097 2208 4167 jiciuntur,
2233 4095 2326 4166 qui
2355 4094 2578 4165 indigne
2609 4109 2667 4146 se
2693 4107 2757 4146 ac
2785 4097 2980 4146 contra
3008 4103 3171 4158 quam
3201 4083 3521 4156 praefectum

1923 4205 2023 4260 par
2044 4198 2128 4245 est
2152 4197 2372 4260 gerunt,
2398 4186 2475 4240 illi
2502 4184 2873 4246 insidiatores,
2903 4194 3010 4234 non
3037 4176 3225 4243 amici;
3259 4171 3524 4247 perfugae,

1925 4295 2030 4336 non
2062 4279 2437 4351 periclitantes
2463 4273 2768 4331 existimari
2797 4273 3018 4328 debent.

1991 4375 2118 4431 309.
2161 4370 2479 4443 imperatori
2521 4371 2664 4426 bono
2703 4368 2854 4430 nulla
2900 4365 3082 4422 studia
3127 4365 3200 4420 ita
3245 4360 3521 4418 laudanda

1924 4483 1990 4525 ac
2021 4465 2370 4539 provehenda
2407 4472 2568 4531 sunt,
2600 4478 2665 4519 ac
2699 4455 3039 4534 agricultura
3070 4467 3125 4515 et
3157 4455 3354 4512 militia
3389 4474 3404 4510 :
3438 4455 3520 4509 al-

1925 4567 2045 4615 tera
2085 4572 2207 4626 qua:
2249 4555 2644 4625 rempublicam
2689 4561 2743 4608 et
2788 4552 2986 4606 milites
3033 4547 3152 4616 alit,
3193 4547 3361 4602 altera
3402 4561 3524 4617 qua:

1927 4650 2320 4722 rempublicam
2352 4647 2616 4711 defendit,
2651 4655 2704 4701 et
2735 4645 3005 4717 agricolas
3037 4643 3354 4697 laborantes
3384 4655 3522 4696 con-

211 4739 542 4815 γεωργούς.
579 4738 672 4791 Διὸ
703 4736 906 4808 μᾶλλον
951 4738 1044 4790 καὶ
1075 4736 1282 4791 τούτων
1312 4737 1420 4790 τῶν
1461 4736 1813 4807 ὲπιτηδευμάε

1929 4747 2127 4798 servat.
2164 4741 2350 4810 Itaque
2389 4747 2519 4792 tanl-
2577 4736 2752 4807 magis
2784 4735 2868 4790 hat
2895 4734 3113 4790 caeteris
3144 4741 3273 4788 sunt
3308 4731 3522 4787 artibus

207 4853 331 4890 των
388 4828 778 4902 ἐπιμελεῖσθαί
830 4846 890 4883 σε
927 4818 1049 4901 χρῆ
1085 4829 1238 4900 παρά
1286 4828 1354 4882 τά
1411 4828 1574 4901 ἕτερα
1625 4831 1826 4885 πάντα.

222 4929 462 4984 Ἐκεῖνα
497 4925 596 4997 μὲν
630 4923 738 4996 γάρ
787 4925 896 4977 εἱσι
928 4923 1071 4994 τάχα
1102 4923 1196 4978 καὶ
1243 4925 1510 4994 περιττὰ,
1561 4921 1738 4977 ταῦτα
1769 4921 1826 4976 δὲ

207 5027 312 5083 καὶ
347 5021 774 5091 ἀναγκαιότατα
800 5020 895 5075 καὶ
925 5021 1191 5092 σωτήρια.

253 5115 392 5177 ’σι’.
434 5119 560 5173 Ἵνα
608 5117 666 5171 δὲ
707 5118 802 5170 καὶ
849 5116 1190 5188 ἐνδοξότερος
1237 5116 1331 5171 καὶ
1383 5115 1659 5187 αἰδέσιμος
1691 5114 1824 5170 ἀνα-

208 5216 554 5277 δείκνυσαι,
605 5210 808 5280 μᾶλλον
856 5209 947 5263 τοῦ
993 5208 1087 5262 σοῦ
1130 5207 1502 5281 συμφέροντος
1549 5209 1611 5262 τὸ
1665 5211 1819 5283 κοινῇ

211 5305 520 5379 συμφέρον
558 5301 833 5372 προτίμα,
883 5302 958 5364 ὡς
999 5303 1092 5355 καὶ
1128 5301 1241 5355 ἄνω
1279 5320 1381 5356 που
1413 5301 1528 5373 (61)
1573 5304 1706 5373 ἡμῖν
1738 5304 1820 5355 ετ-

216 5415 421 5474 ρηται.
500 5394 611 5447 Καὶ
674 5394 784 5465 γὰρ
840 5393 1046 5462 ἀγαθὸς
1106 5394 1411 5463 στρατηγός
1475 5396 1659 5458 ἐστιν,
1715 5395 1816 5449 οὐκ

208 5495 315 5549 ἐὰν
367 5491 470 5546 τὸν
510 5487 707 5541 ἑαυτοῦ
743 5487 859 5558 βίον
897 5486 1534 5570 καλῶς.διεξάγῃ,νάλλ’
1580 5488 1674 5541 ἐὰν
1721 5488 1839 5542 καὶ.

207 5581 298 5642 ὧν.
347 5587 523 5656 ἄρχει
558 5583 768 5646 τούτοις
809 5581 1080 5652 σωτηρίας
1127 5583 1296 5644 αἴτιος
1351 5579 1578 5650 γίνεται·
1617 5598 1815 5652 στρατ-

1923 4835 2316 4909 ρτοροηθιιόιε,
2372 4839 2581 4902 quanto
2637 4830 2743 4885 illae
2776 4828 3048 4885 interdum
3105 4839 3528 4896 supervacanea:

1923 4945 2047 4985 esse
2073 4935 2379 4984 cernuntur
2405 4943 2418 4980 :
2445 4922 2529 4979 hae
2551 4937 2769 4994 semper
2791 4920 3064 4978 salutares
3089 4926 3220 4975 sunt
3247 4924 3303 4974 et
3332 4932 3528 4973 neces-

1926 5021 2110 5078 saria}.

2003 5116 2128 5170 210.
2174 5113 2243 5170 Ut
2283 5110 2671 5194 spscipiendus
2714 5119 2767 5165 et
2808 5107 3115 5164 honoratus
3156 5103 3223 5160 ab
3264 5103 3523 5160 omnibus

1933 5210 2188 5273 habeare,
2220 5219 2568 5263 communem
2599 5203 2894 5260 utilitatem
2931 5199 3008 5256 rei
3038 5199 3284 5271 privatae,
3328 5211 3525 5268 quem-

1929 5301 2220 5357 admodum
2249 5314 2412 5372 supra
2439 5299 2821 5377 praacepimus,
2847 5303 3139 5365 antepone.
3167 5291 3352 5346 Bonus
3373 5289 3521 5345 enim

1927 5398 2227 5466 imperator
2251 5402 2356 5460 est,
2390 5409 2498 5450 non
2533 5391 2626 5464 qui
2666 5391 2804 5446 bene
2830 5402 2990 5445 suam
3022 5386 3196 5458 ipsius
3226 5383 3390 5438 vitam
3420 5379 3518 5438 de-

1924 5485 2024 5558 git,
2054 5486 2149 5541 sed
2181 5484 2270 5555 qui
2302 5483 2567 5554 subjectis
2597 5481 2714 5539 suis
2747 5487 2940 5536 auctor
2967 5477 3163 5534 salutis
3195 5484 3300 5532 est.
3332 5473 3516 5543 impe-

1924 5589 2076 5635 rator
2110 5581 2257 5636 enim
2298 5593 2407 5636 non
2446 5574 2569 5636 ideo
2605 5592 2634 5633 a
2678 5576 2836 5635 nobis
2874 5573 3132 5647 deligitur
3171 5581 3227 5630 ut
3271 5568 3376 5628 sibi
3413 5567 3517 5624 soli

576 5749 579 5752 .
1751 5697 1983 5756 NOTAE.

285 5798 409 5868 (60)
457 5795 604 5868 Ἐὰν
632 5795 700 5850 δὲ
722 5796 959 5851 ἐκεῖνοι.
996 5794 1162 5868 Adde,
1187 5794 1521 5868 σιωπῶντες.
1544 5779 1813 5868 Necessar

1929 5794 1961 5851 d
1997 5810 2196 5853 sensus
2225 5794 2416 5865 exigit.

291 5864 415 5938 (6t)
452 5864 565 5922 Καὶ
598 5868 721 5924 ἅνω
750 5884 885 5924 που.
921 5867 1294 5932 Scribebatur,
1337 5867 1430 5922 καὶ
1455 5868 1566 5922 ἄνω
1589 5867 1703 5921 τοῦ.
