4036 6300
468 243 611 313 10.75

1703 250 1983 314 LEONIS
2014 249 2484 314 PHILOSOPHI

3603 246 3739 311 1016

459 362 548 417 vel
580 359 744 414 altam
776 357 1030 429 quamvis
1064 358 1342 416 nationem
1363 402 1379 428 ,
1414 369 1475 416 ut
1508 356 2038 432 interrogationibus

2162 378 2190 414 η
2221 363 2406 435 ὅμοιον
2440 362 2689 434 ἐπράχθη
2747 363 2878 418 ποτὲ
2918 363 2971 437 ἢ-
2992 361 3143 435 παρὰ
3186 362 3274 417 σοὶ
3316 362 3349 433 ἢ
3402 361 3539 433 παρ’
3576 362 3751 433 ἑτέρῳ

458 461 517 508 et
543 467 800 512 sermone
828 461 923 508 tuo
946 452 1185 511 videaris
1215 454 1514 511 multarum
1542 471 1727 513 rerum
1754 472 1965 513 memor
1987 466 2044 514 et

461 548 672 617 peritus
698 560 842 603 esse.

526 639 657 695 220.
697 641 779 695 Ad
813 656 937 712 quae
968 641 1091 698 loca
1122 642 1209 699 vel
1250 642 1506 701 civitates
1538 645 1774 703 classem
1808 647 2046 704 emissu-

460 746 555 788 rus
603 747 665 788 es
712 734 919 790 nemini
967 733 1215 791 indicare
1260 745 1510 807 oportet,
1557 739 1653 795 sed
1701 741 2046 797 occultandas

458 827 644 880 animo
685 827 940 887 civitates
983 837 1134 893 sunt,
1179 838 1240 884 ut
1285 845 1448 885 nemo
1490 830 1560 887 de
1603 832 1801 889 classis
1847 833 2045 890 itinere

456 916 757 987 quidquam
802 921 1141 989 praesentiat.
1183 919 1502 977 Mandatum
1545 938 1727 981 autem
1769 925 2044 994 quoddam

457 1008 659 1065 litteris
691 1011 1014 1067 eonscribes
1035 1053 1051 1079 ,
1085 1012 1228 1082 quod
1269 1012 1360 1068 ubi
1397 1015 1663 1084 scriptum
1700 1016 1866 1071 fuerit
1898 1017 2049 1072 obsi-

457 1102 677 1173 gnabis,
703 1113 759 1160 et
784 1104 1064 1159 navarcho
1092 1106 1299 1170 trades,
1328 1107 1725 1179 praeclpiesque
1753 1110 1830 1165 illi
1862 1119 1924 1166 ut
1951 1110 2044 1166 ubi

456 1212 611 1254 mare
646 1199 930 1271 ingressus
966 1198 1153 1267 fuerit,
1191 1202 1431 1273 sigillum
1477 1203 1709 1273 aperiat,
1744 1215 1801 1260 et
1836 1221 2045 1277 cogno-

456 1299 575 1348 scat
617 1308 726 1364 quo
769 1295 949 1351 iturus
987 1296 1081 1355 sit.
1122 1296 1201 1351 Ita
1245 1297 1385 1353 clam
1429 1298 1617 1355 hostes
1658 1315 1768 1370 quo
1809 1299 2046 1356 volueris

456 1388 769 1457 pervenies.

527 1480 655 1535 22L
692 1481 863 1552 Leges
890 1481 1157 1540 militares
1185 1495 1350 1554 atque
1378 1485 1751 1557 imperatoria
1780 1485 1827 1542 si
1858 1496 2046 1543 custo-

458 1574 699 1640 diantur,
731 1575 970 1633 victores
1010 1576 1184 1634 duces
1222 1578 1525 1635 honoratos
1568 1590 1621 1635 et
1663 1580 2048 1636 memorabiles

457 1668 700 1734 faciunt,
731 1678 785 1725 et
815 1670 1036 1740 regibus
1067 1672 1311 1728 laetitiam
1342 1674 1884 1745 oblectationemque
1913 1672 2047 1729 aﬂ'e-

455 1770 612 1828 runt,
636 1769 691 1817 et
720 1762 788 1817 ad
817 1762 1157 1821 deditionem
1190 1780 1495 1837 pacemque
1524 1768 1714 1824 hostes
1742 1778 1967 1840 cogunt,
1993 1776 2049 1824 et

456 1853 528 1908 ab
547 1854 803 1911 omnibus
829 1857 1338 1926 perturbationibus
1361 1861 1646 1931 subjectos
1672 1872 1892 1918 nostros
1917 1862 2049 1918 libe-

458 1955 605 2012 rant,
631 1948 742 2003 imo
762 1964 891 2005 vero
913 1950 1213 2009 multorum
1240 1952 1508 2009 bonorum
1537 1965 1698 2026 atque
1722 1956 2046 2012 salutarium

455 2054 640 2097 causa:
663 2051 813 2107 sunt,
836 2054 890 2098 et
916 2042 1011 2100 Dei
1039 2059 1167 2113 erga
1195 2045 1322 2103 illos
1351 2046 1791 2103 benevolentiam
1821 2059 2046 2120 augent,

456 2142 513 2189 et
538 2132 606 2189 ad
636 2134 967 2190 laudandum
997 2135 1167 2193 Deum
1198 2152 1392 2195 omnes
1423 2140 1677 2197 homines
1707 2142 1827 2212 pios
1857 2141 2050 2212 impel-

459 2228 600 2284 lunt.
636 2229 745 2285 Has
775 2230 943 2303 igitur
971 2232 1117 2305 leges
1148 2234 1306 2303 quasi
1344 2237 1631 2302 maximas,
1667 2237 1914 2291 omnium
1950 2238 2049 2293 bo-

459 2338 655 2378 norum
689 2324 989 2379 secundum
1021 2324 1190 2381 Deum
1219 2330 1686 2392 conservatrices,
1711 2339 1765 2384 et
1795 2346 2049 2385 commu-

459 2417 547 2473 nis
569 2416 763 2471 salutis
789 2418 1378 2488 prospicientissimas,
1403 2421 1554 2474 enini
1577 2420 1859 2491 diligentia
1883 2430 2065 2491 atque

458 2511 811 2566 observantia
840 2512 1010 2578 coles,
1042 2520 1098 2566 ct
1128 2520 1257 2569 ante
1287 2514 1474 2568 omnia
1505 2514 1723 2571 divinas
1752 2515 1921 2585 leges.
1951 2530 2047 2570 ve-

459 2617 633 2674 raque
688 2602 838 2659 illius
897 2612 1164 2675 praecepta
1222 2604 1425 2672 quibus
1475 2605 1654 2675 pietas
1708 2606 2047 2670 continetur,

459 2711 676 2753 surnmo
708 2697 891 2753 studio
910 2707 973 2765 et
1000 2705 1265 2768 perpetuo
1294 2699 1547 2769 sequaris
1577 2717 1591 2755 :
1623 2697 1696 2754 ita
1730 2701 1874 2754 enim
1906 2700 2051 2768 opti-

460 2804 610 2845 tnum
646 2790 936 2860 imperium
971 2788 1094 2849 fiet.
1125 2799 1181 2845 et
1215 2789 1324 2846 Deo
1359 2792 1740 2847 universitatis
1775 2790 1905 2863 Regi
1945 2794 2049 2846 Do-

461 2883 721 2954 minoque
748 2893 938 2939 nostro
961 2881 1088 2939 Jesu
1116 2884 1360 2949 Christo,
1385 2892 1439 2940 et
1468 2884 1629 2942 nobis
1654 2887 1745 2956 qui
1774 2901 1870 2956 per
1894 2886 2045 2939 illum

460 2992 777 3049 regnantus,
808 2980 1175 3050 complacitus
1203 2979 1336 3035 eris.

789 3165 1172 3236 Argumentum
1214 3164 1339 3219 libri
1376 3165 1429 3219 in
1473 3163 1715 3237 Epiloga.

532 3255 586 3312 Ι.
618 3254 690 3313 Ut
721 3256 886 3329 igitur
910 3256 1093 3313 omnia
1126 3274 1289 3327 quam
1321 3259 1647 3315 brevissime
1676 3274 1705 3313 a
1738 3258 1894 3313 nobis
1924 3259 2049 3314 uni-

462 3363 625 3405 verso
671 3349 773 3404 hoc
820 3348 962 3403 libro
1005 3349 1290 3414 conclusa,
1338 3351 1657 3405 summatim
1709 3359 2048 3421 repetamus,

464 3440 571 3506 hoc
603 3440 657 3495 in
694 3440 889 3512 primis
916 3441 1169 3513 dignitati
1200 3451 1309 3498 tum
1341 3443 1715 3515 praecipimus,
1750 3453 1807 3498 ut
1836 3460 1944 3515 qua
1982 3443 2051 3500 de

463 3548 634 3588 causa
666 3533 1058 3603 imperatores,
1090 3548 1356 3606 quantum
1392 3546 1547 3608 potes
1579 3537 1812 3604 eﬂicias,
1848 3546 1907 3592 ut
1933 3553 2053 3592 om-

464 3647 564 3689 nes
589 3632 681 3702 qni
712 3633 815 3688 sub
846 3632 1078 3705 imperio
1108 3642 1205 3690 tuo
1237 3642 1387 3696 sunt,
1418 3634 1585 3689 vitam
1617 3650 1784 3705 quam
1816 3635 2053 3691 maxime

468 3727 817 3797 tranquillam
848 3733 903 3783 et
935 3741 1187 3783 securam
1220 3727 1437 3798 degant.

539 3818 597 3877 2.
635 3819 714 3876 Ae
751 3818 985 3891 primum
1021 3819 1289 3890 quidquid
1322 3821 1574 3877 dicturus
1610 3821 1925 3877 facturusve
1958 3837 2050 3887 es,

465 3929 496 3969 a
530 3911 641 3969 Deo
669 3912 1001 3984 principium
1032 3913 1251 3978 habeat,
1286 3914 1539 3986 nihilque
1568 3915 1687 3972 sine
1717 3914 1866 3971 illius
1900 3931 2054 3971 coni-

463 4009 864 4070 memoratione
891 4023 958 4065 ac
988 4008 1380 4082 deprecatione
1409 4018 1624 4081 agatur.

534 4188 588 4244 3.
619 4188 732 4245 Cur
751 4189 897 4246 enim
923 4206 1032 4245 non
1058 4190 1390 4263 principium
1414 4192 1657 4247 omnium
1684 4207 1866 4249 rerum
1892 4209 2056 4265 agen-

461 4283 656 4337 darum
688 4298 717 4337 a
746 4282 856 4339 Deo
882 4283 1207 4355 capiendum
1236 4284 1332 4350 sit,
1354 4299 1481 4339 cum
1513 4283 1657 4340 Deus
1686 4294 1844 4357 pater
1871 4293 2057 4341 noster

466 4375 643 4432 laetor
666 4385 721 4433 et
756 4377 1037 4447 inspector
1060 4377 1334 4432 dictorum
1368 4376 1753 4450 factorumque
1780 4379 2050 4447 omnium,

2150 454 2293 510 ἔθνει
2331 471 2346 484 '
2376 456 2463 510 ἵνα
2484 457 2542 509 ὲν
2558 459 2678 520 ταῖς
2702 457 3033 528 ἐρωτήσεσιν
3060 456 3155 510 καὶ
3175 455 3490 525 συντυχίαις
3508 454 3749 525 ἐκπλήσ-

2151 564 2251 623 σῃς
2280 548 2477 613 αὐτοὺς
2499 547 2581 612 ὡς
2604 550 2747 604 πάνυ
2775 549 3109 621 μνημονικδς
3138 548 3234 603 καὶ
3275 548 3643 618 πολύπειρος.

2222 648 2324 697 σκ’.
2360 637 2460 695 Ὧν
2491 642 2656 696 ’ἑνεκα
2691 642 2723 712 ῆ
2750 642 2930 697 τόπων
2955 641 3086 694 ποτὲ
3111 642 3145 712 ἢ
3173 641 3388 695 πόλεων
3428 640 3750 711 ἐκπέμπειν

2153 733 2369 803 μέλλεις
2408 732 2663 786 ναυτικὸν
2696 732 2879 786 στόλον
2905 772 2920 797 ,
2962 731 3229 803 κρύπτειν
3263 748 3323 784 σε
3349 731 3433 784 δεῖ
3471 730 3575 783 καὶ
3624 732 3749 794 τοὺς

2147 826 2348 891 τόπους
2370 824 2463 879 καὶ
2487 826 2588 888 τὰς
2610 824 2817 889 πόλεις,
2849 822 2992 878 ὥστε
3025 823 3230 896 μηδένα
3261 824 3613 895 προγνῶναι.
3645 823 3746 878 ποῦ

2151 916 2595 990 μέλλειγίνεσθαι
2628 917 2657 970 ό
2703 916 3032 995 κατάπλους.
3066 917 3348 987 Ἔνταλμα
3384 918 3443 971 δὲ
3486 917 3743 987 γράψας,

2147 1009 2308 1064 τοῦτο
2335 1011 2781 1083 σφραγισάμενος
2814 1008 3074 1079 ἀσφαλῶς
3112 1009 3297 1073 ἐπίδος
3342 1010 3422 1081 τῷ
3476 1010 3752 1065 καθιστα-

2152 1104 2303 1174 μένῳ
2332 1102 2485 1174 παρᾶ
2511 1100 2606 1156 σοῦ
2644 1105 2922 1173 ναυάρχῳ,
2960 1102 3048 1155 ἵνα
3079 1101 3220 1156 κατὰ
3245 1102 3307 1155 τὸ
3336 1102 3586 1172 πέλαγος
3610 1103 3753 1168 ἐξελ-

2150 1195 2281 1261 θὼν,
2312 1190 2431 1250 τότε
2462 1195 2601 1269 λύσῃ
2632 1197 2730 1267 τὴν
2764 1194 3058 1266 σφραγίδα,
3090 1196 3186 1249 καὶ
3232 1194 3378 1267 μάθῃ
3420 1197 3527 1249 ποῦ
3560 1196 3751 1266 μέλλει

2150 1290 2498 1363 πορεύεσθαι.
2547 1289 2733 1354 Οὕτως
2762 1290 2871 1362 γὰρ
2906 1290 3143 1361 ποιήσας
3194 1287 3368 1361 λάθῃς
3412 1290 3545 1353 τοὺς
3588 1290 3751 1345 πολε-

2153 1385 2335 1456 μίους.

2225 1479 2369 1534 σκα’.
2412 1478 2587 1549 Νόμοι
2638 1479 3000 1549 στρατηγικοὶ
3055 1479 3453 1550 φυλαττόμενοι
3489 1481 3594 1534 καὶ
3626 1482 3755 1543 teis;

2158 1573 2502 1646 στρατηγοὺς
2536 1572 2868 1643 νικηφόρους
2894 1572 2988 1626 καὶ
3016 1572 3262 1640 ἐνδόξους
3286 1574 3381 1627 καὶ
3410 1573 3475 1645 δὴ
3512 1576 3615 1628 καὶ
3641 1574 3753 1627 ἀει·

2155 1669 2424 1742 μνήστους
2469 1666 2847 1731 ἀποτελοῦσιν,
2881 1666 2979 1726 καῖ¹
3018 1668 3132 1730 τοῖς
3170 1666 3518 1738 βασιλεύουσι
3571 1672 3754 1738 χαρᾶς

2150 1762 2246 1817 καὶ
2284 1760 2625 1833 εὐφροσύνης
2671 1762 2834 1815 αἴτιοι
2878 1760 3157 1829 γίνονται,
3212 1761 3307 1815 καὶ
3348 1762 3482 1832 πρὸς
3513 1764 3754 1834 εἰρήνην

2149 1858 2244 1912 καὶ
2282 1857 2566 1928 ὑποταγὴν
2608 1857 2737 1920 τοὺς
2768 1856 3061 1926 πολεμίους
3091 1855 3581 1924 καταναγκάζουσι
3603 1897 3623 1921 ,
3657 1856 3755 1909 καὶ

2149 1930 2338 2005 κακίὸν
2368 1950 2682 2020 ἐλευθερίας
2714 1950 2879 2004 παντὶ
2910 1949 2988 2021 τῷ
3017 1949 3243 2021 ὑπηκόῳ
3269 1948 3575 2019 γινόμενοι,
3614 1949 3753 2019 μάλο

2148 2044 2239 2098 λον
2262 2044 2319 2098 δὲ
2341 2043 2438 2098 καὶ
2464 2042 2685 2112 ἀγαθῶν
2714 2043 2973 2114 εὐπορίαν
2996 2041 3385 2114 προξενοῦντες
3402 2043 3622 2106 αὐτοῖς,
3654 2043 3754 2111 τὴν

2149 2138 2231 2202 είς
2260 2138 2392 2192 Θεὸν
2423 2137 2773 2208 εὐχαριστίαν
2796 2135 2999 2204 ἕξουσι.
3024 2135 3121 2190 καὶ
3149 2136 3287 2205 πρὸς
3312 2132 3633 2202 δοξολογίαν
3652 2136 3751 2189 αὑ-

2147 2230 2242 2285 τοῦ
2277 2235 2455 2286 πᾶσαν
2495 2231 2692 2300 εὑσεϐἦ
2726 2230 2905 2301 ψυχὴν
2963 2228 3291 2300 διεγεροῦσι.
3336 2227 3582 2291 Τούτους
3632 2222 3749 2289 οὖν,

2149 2318 2195 2379 ὦ
2225 2323 2521 2396 στρατηγέ,
2553 2323 2806 2391 καθάπερ
2841 2322 3096 2393 σωτῆρας
3134 2321 3271 2393 μετά
3299 2320 3433 2376 Θεὸν
3459 2314 3567 2375 ’καὶ
3592 2322 3750 2390 εὐερ-

2150 2416 2316 2485 γέτας
2349 2417 2478 2479 τοὺς
2514 2415 2921 2487 στρατηγικοὺς
2964 2415 3163 2485 νόμους
3198 2414 3288 2469 διὰ
3328 2413 3534 2476 παντὸς
3588 2431 3750 2484 περι-

2150 2506 2412 2579 φύλαττε.
2457 2510 2569 2562 Καὶ
2604 2512 2709 2581 πρό
2737 2525 2801 2577 γε
2832 2508 3038 2562 τούτων
3076 2509 3204 2572 τοὺς
3248 2508 3425 2572 θείους
3468 2510 3565 2562 καὶ
3617 2526 3752 2562 παν·

2163 2603 2388 2673 αληθείς
2426 2603 2649 2675 νόμους,
2684 2602 2749 2657 δι’
2779 2597 2855 2657 ὧν
2879 2605 2912 2673 ή
2958 2603 3210 2657 εὐσέϐεια
3233 2602 3567 2675 κρατύνεται
3600 2603 3746 2674 (66),

2151 2696 2481 2766 περίθαλπε,
2526 2696 2622 2749 καὶ
2656 2676 3049 2757 ἁνενδόιάστως
3090 2693 3305 2758 τούτοις
3345 2694 3592 2748 ὑπάκουε
3623 2710 3638 2723 ·
3686 2696 3749 2746 ὲκ

2149 2791 2357 2844 τούτων
2404 2792 2516 2860 γὰρ
2569 2790 2767 2861 ἀρίστη
2819 2789 2964 2861 ἀρχὴ
3019 2790 3254 2857 γένοιτο,
3311 2791 3406 2864 καὶ
3445 2789 3750 2858 εὐάρεστος

2151 2884 2365 2955 ύφθήσῃ
2400 2882 2708 2954 στρατηγὸς
2743 2883 2892 2954 αὑτῷ
2922 2894 2985 2937 ’τε
3022 2884 3102 2955 τῷ
3145 2883 3267 2954 Θεῷ
3309 2882 3420 2936 τῶν
3462 2883 3608 2936 ὅλων
3657 2884 3750 2935 καὶ

2154 2977 2377 3033 Βασιλεῖ
2406 2977 2500 3031 καὶ
2550 2977 2739 3049 Κυρίῳ
2772 2978 2932 3048 ἡμῶν
2975 2976 3151 3050 Ἰησοῦ
3186 2975 3428 3051 Χριστῷ,
3462 2978 3559 3035 καί
3612 2976 3753 3051 ἡμῖν

2076 3091 2123 3153 c
2153 3072 2266 3134 τοῖς
2288 3070 2356 3124 δι’
2388 3066 2556 3123 αὑτοῦ
2594 3067 2993 3140 βασιλεύουσιν.

2636 3162 2949 3230 Ὑπόθεσις
2993 3162 3272 3233 ἐπιλόγῳ.

2227 3267 2296 3317 α’.
2332 3262 2427 3324 Ὠς
2457 3263 2514 3316 ὲν
2546 3257 2766 3328 συνόψει
2791 3257 2846 3311 δὲ
2871 3256 2941 3310 τὰ
2970 3256 3347 3327 προειρημένα
3369 3258 3505 3326 ἡμῖν
3527 3256 3749 3311 ἅπαντα

2152 3346 2266 3409 οἷον
2293 3351 2916 3422 ἁνακεφαλαιωσάμενοι
2962 3347 3200 3403 ἐνταῦθα
3250 3348 3751 3419 παρακελευόμεθα

2154 3449 2252 3503 καὶ
2282 3447 2655 3517 ὑποτιθέμεθα
2684 3447 2751 3516 τῇ
2782 3446 2849 3515 σῇ
2882 3442 3209 3511 ὲνδοξότητι.
3242 3442 3333 3507 Ἐξ
3354 3435 3450 3506 ὧν,
3480 3442 3560 3504 ὡς
3596 3444 3748 3513 εἰρη-

2150 3560 2263 3610 ται,
2302 3541 2397 3597 καὶ
2435 3540 2597 3605 αὐτὸς
2638 3538 2945 3610 στρατηγὸς
2987 3536 3327 3606 ἀναδειχθεὶς
3360 3537 3605 3603 ἀγαθὸς,
3657 3536 3749 3588 καὶ

2155 3636 2270 3709 βίον
2302 3634 2714 3692 ἀκινδυνότατόν
2754 3649 2812 3685 τε
2853 3629 2948 3685 καὶ
2991 3628 3351 3686 ἀλυπώτατον
3380 3632 3494 3694 τοῖς
3534 3630 3643 3683 ὑπὸ
3686 3628 3743 3681 σὲ

2154 3728 2484 3801 ἀρχομένοις
2516 3727 2875 3797 περιποιήσῃ.

2227 3822 2293 3892 β’.
2331 3824 2443 3878 Καὶ
2474 3821 2692 3892 πρῶτον
2722 3820 2820 3891 μὲν
2855 3819 2962 3873 πᾶν
2990 3819 3128 3888 ὅπερ
3171 3816 3385 3888 μέλλεις
3415 3815 3448 3886 ἢ
3486 3812 3744 3884 λέγει’),ῆ

2155 3918 2416 3985 πράττειν
2447 3915 2554 3969 ἀπὸ
2586 3912 2721 3968 Θεοῦ
2767 3913 3015 3984 λάμϐανε
3058 3910 3159 3982 τὴν
3196 3910 3410 3981 ἀρχὴν,
3454 3910 3550 3963 καὶ
3584 3908 3746 3980 μηδὲν

2152 4008 2284 4063 ἄνευ
2317 4009 2416 4075 τῆς
2446 4005 2655 4059 ἐκείνου
2695 4005 2919 4076 μνήμης
2943 4020 3004 4056 τε
3041 4001 3137 4057 καὶ
3167 4000 3466 4071 ἐντεύξεως
3492 4001 3633 4073 μήτε
3665 3999 3747 4053 λό-

2153 4118 2254 4171 γου
2285 4100 2423 4172 ἄρξῃ
2455 4100 2593 4170 μήτε
2623 4098 2899 4169 πράξεως.

2223 4202 2273 4265 γ’
2282 4237 2296 4252 .
2326 4192 2486 4248 Οὕτω
2508 4191 2744 4265 γὰρὲγὼ
2771 4191 2942 4265 κρίνω
2964 4189 3144 4263 χρεὼν
3166 4185 3304 4245 εἶναι
3326 4190 3434 4244 ἀπὸ
3450 4189 3589 4249 Θεοῦ
3612 4189 3741 4257 λαμ-

2154 4288 2341 4349 ϐάνειν
2382 4285 2599 4341 ἅπαντα
2638 4285 2738 4357 τὴν
2784 4286 2984 4356 ἀρχὴν
3032 4283 3269 4356 καὶγὰρ
3300 4285 3330 4337 ό
3375 4282 3511 4346 Θεὸς
3567 4280 3745 4352 πατὴρ

2157 4375 2317 4447 ἡμῶν
2342 4375 2436 4429 καὶ
2464 4375 2698 4447 ποιητὴς
2722 4375 2818 4429 καὶ
2846 4374 3092 4445 ἐπόπτης
3120 4374 3214 4429 καὶ
3246 4373 3358 4427 τῶν
3382 4373 3561 4441 λόγων
3594 4370 3746 4443 ήμῶν

463 4467 635 4539 judex
674 4470 1070 4541 cogitationum
1110 4471 1356 4525 omnium
1401 4471 1807 4543 notionumquc
1846 4472 2047 4537 cordis,

2162 4472 2250 4533 καὶ
2272 4470 2381 4523 τῶν
2408 4468 2682 4542 πράξεων,
2712 4468 2809 4523 καὶ
2828 4469 3073 4539 κριτικὸς
3097 4470 3246 4522 ἐστιν
3270 4467 3632 4541 ἐνθυμήσεων
3656 4465 3745 4526 καὶ

470 4563 732 4634 nullaque
762 4572 1017 4619 creatura
1050 4563 1234 4619 abdita
1271 4578 1460 4618 coram
1493 4579 1560 4619 eo
1591 4568 1698 4631 sit,
1733 4566 1829 4627 sed
1866 4567 2053 4621 omnia

466 4657 675 4711 nudata
704 4664 761 4713 et
790 4657 1059 4726 explicata
1094 4668 1220 4713 ante
1249 4656 1441 4713 oculos
1470 4657 1592 4727 ejus
1622 4659 1755 4725 sint,
1786 4660 2054 4729 quemad-

464 4749 688 4805 modum
722 4748 1108 4806 divinissitnus
1136 4746 1345 4807 Paulus
1375 4751 1660 4822 loquitur?
1689 4752 1882 4824 itaque
1916 4769 2054 4824 pra:-

463 4848 547 4898 ιρι-
576 4841 905 4899 sententiam
935 4841 1056 4913 ejus
1086 4842 1221 4898 nihil
1252 4858 1285 4898 a
1313 4844 1473 4902 nobis
1502 4844 1772 4917 agendum
1804 4856 1909 4901 est.

476 5050 479 5051 ν
522 5025 595 5081 ·4.
635 5022 907 5097 Cognatio
940 5025 1086 5081 enim
1122 5027 1372 5097 quaedam
1407 5041 1437 5082 a
1468 5028 1625 5085 vobis
1660 5044 1784 5084 cum
1823 5030 1915 5084 illo
1948 5043 2053 5098 est,

468 5118 707 5189 talisque
749 5117 981 5177 aﬂ'ectus
1020 5121 1202 5191 qualis
1242 5137 1372 5194 erga
1415 5130 1625 5193 patrem
1668 5139 1793 5179 esse
1834 5125 1997 5180 debet
2037 5143 2052 5180 :

468 5228 595 5268 nam
630 5212 779 5269 illius
807 5229 1039 5271 munere
1062 5215 1119 5270 in
1149 5215 1328 5271 lucem
1359 5227 1753 5287 aspectumque
1778 5218 2055 5286 venimus,

469 5323 569 5378 pro
602 5308 695 5363 illo
726 5317 782 5364 et
810 5307 997 5364 vivere
1028 5316 1083 5364 et
1118 5310 1255 5364 mori
1289 5309 1589 5375 debemus,
1625 5310 1960 5381 benignitate
1992 5310 2057 5364 il-

470 5403 579 5458 lius
612 5402 835 5465 alimur,
869 5400 924 5456 in
960 5401 1081 5473 ipso
1110 5402 1347 5459 vivimus
1368 5443 1383 5469 ,
1421 5417 1705 5457 movemur
1736 5410 1791 5455 et
1826 5418 2055 5470 sumus;

471 5502 681 5549 tantum
727 5494 802 5548 illi
844 5494 1154 5558 obedimus,
1190 5506 1457 5566 quantum
1501 5494 1733 5564 subjecti
1774 5495 2054 5564 praefecto,

473 5589 617 5646 servi
650 5589 909 5657 domino,
942 5590 1303 5661 magistratus
1338 5588 1490 5661 regi;
1544 5604 1737 5644 omnes
1777 5589 1921 5645 illius
1958 5607 2057 5647 su-

2159 4566 2382 4620 ὲννοιῶν
2415 4564 2670 4636 καρδίας,
2712 4566 2808 4617 καὶ
2852 4564 2954 4618 οὐκ
3009 4564 3160 4617 ἐστιν
3203 4563 3381 4625 κτίσις
3413 4561 3633 4633 ἀφανὴς
3669 4561 3744 4614 έν-

2158 4659 2328 4713 ὡπιον
2369 4655 2557 4711 αὑτοῦ.
2585 4656 2768 4711 Πάντα
2815 4656 2873 4710 δὲ
2922 4659 3107 4727 γυμνὰ
3153 4656 3249 4709 καλ⁸
3274 4652 3745 4728 τετραχηλισμένα

2157 4754 2269 4818 τοῖς
2300 4749 2601 4829 ὀφθαλμοῖς
2631 4749 2799 4803 αὑτοῦ
2831 4750 2975 4804 κατὰ
2997 4749 3089 4803 τὸν
3111 4748 3577 4819 θεολογικώτατον
3605 4744 3742 4802 Παῦ-

2156 4845 2270 4900 λον.
2316 4845 2411 4899 Διὸ
2458 4843 2611 4898 οὐδὲν
2656 4843 2755 4915 τῆς
2805 4842 2972 4899 αὑτοῦ
3018 4843 3245 4917 γνώμης
3290 4842 3461 4917 χωρὶς
3491 4842 3744 4916 πράττειν

2151 4939 2469 5011 ὀφείλομεν.

2223 5033 2288 5087 δ’.
2327 5033 2560 5095 "Exstat:
2606 5032 2714 5103 γάρ
2759 5048 2842 5094 τις
2882 5031 3020 5102 ἡμῖν
3065 5031 3231 5087 οἱονεὶ
3280 5032 3580 5099 συγγένεια
3612 5028 3740 5101 πρὸς

2155 5129 2317 5185 αὑτὸν
2342 5129 2437 5183 καὶ
2468 5129 2672 5199 σχέσις,
2706 5127 2782 5191 ὡς
2806 5126 2898 5181 οἶα
2925 5127 3137 5196 γένοιτο
3162 5127 3320 5181 παισὶ
3344 5126 3483 5199 πρὸς
3518 5126 3737 5197 πατέρα.

2157 5222 2270 5275 Καὶ
2298 5219 2409 5291 γὰρ
2442 5220 2574 5291 παρ’
2600 5218 2772 5274 αὐτοῦ
2812 5220 2892 5283 εἰς
2919 5218 3035 5288 φῶς
3069 5220 3163 5273 καὶ
3209 5218 3324 5289 βίον
3364 5218 3627 5291 ήλθομεν,
3655 5216 3740 5272 καὶ

2164 5314 2305 5384 ὑπὲρ
2336 5313 2504 5367 αὑτοῦ
2547 5313 2641 5367 καὶ
2682 5313 2780 5384 ζῇν
2820 5313 2917 5365 καὶ
2955 5312 3213 5381 θνήσκειν
3255 5312 3568 5381 ὀφείλομεν.
3626 5308 3739 5364 Ἐπὶ

2162 5406 2357 5481 δώροις
2393 5408 2503 5480 γάρ
2550 5412 2663 5473 τοῖς
2705 5408 2919 5462 ἐκείνου
2969 5407 3317 5479 τρεφόμεθα,
3353 5392 3452 5461 καὶ
3498 5407 3556 5459 ὲν
3601 5400 3737 5483 αὐτῷ

2164 5501 2347 5571 ζῶμεν
2386 5504 2479 5555 καὶ
2509 5503 2808 5574 κινούμεθα
2834 5504 2925 5557 καὶ
2954 5503 3141 5575 ἐσμέν.
3174 5503 3284 5557 Καὶ
3308 5500 3570 5555 τοσοῦτον
3601 5495 3735 5565 αὐτῷ

2168 5592 2486 5667 πειθόμεθα,
2514 5594 2637 5651 ὅσον
2663 5595 2869 5651 ἰδιῶται
2901 5593 3143 5667 ἄρχοντι,
3177 5596 3268 5650 καὶ
3286 5592 3533 5665 Δεσπύτῃ
3558 5585 3735 5663 ἀγαθῷ

2009 5682 2241 5741 NOTJE.

549 5778 660 5853 (06)
688 5779 1073 5853 Κρατύνεται.
1112 5780 1494 5850 Srribebatur,
1522 5778 1909 5853 ἁκρατύνεται.
