4036 6300
208 375 360 440 1οῗ7

1425 394 1764 462 TACTICA.
1803 422 1872 435 --
1901 397 2021 460 ΕΡ]
2036 397 2301 469 LOGUS.

3350 409 3491 475 1078

203 489 420 560 δοῦλοι,
461 492 553 548 καὶ
601 493 862 567 ἄρχοντες
918 500 1160 558 Βασιλεῖ.
1215 505 1326 561 Καὶ
1377 508 1584 573 πάντες
1630 508 1780 564 αὑτοὶ

1906 528 2050 576 mus,
2076 515 2170 586 qui
2198 513 2445 574 omnium
2473 514 2642 579 habet
2669 517 2959 590 imperium
2985 536 3000 574 :
3027 519 3188 576 nobis
3218 537 3316 593 per
3338 523 3493 580 illum

202 584 404 655 ἔσμεν,
439 585 514 651 ὡς
546 590 684 644 κατά
729 591 944 648 πάντων
975 596 1313 668 κεκτημένου
1351 599 1413 653 τὸ
1443 599 1666 671 κράτος.
1696 601 1806 656 Καὶ

199 677 344 751 ⁴ἡμῖν
398 679 500 750 μὲν
541 680 607 764 tg
632 683 842 738 ἐκείνου
872 677 1196 744 δεδούλωται
1235 690 1413 746 πάντα
1459 693 1528 746 τὰ
1561 692 1803 764 ἔμψυχα,

207 772 309 825 καὶ
336 775 412 827 τὰ
450 759 650 846 ἄψυχα.
691 775 881 847 Ἡμεῖς
919 779 976 833 δὲ
1001 782 1167 836 αὑτὸν
1199 759 1604 854 θεραπεύομεν..
1768 789 1801 858 ή

203 861 311 932 μὲν
335 863 539 933 ἄλογος
573 868 722 920 πᾶσα
754 869 923 940 ἀγέλη
956 871 1045 942 ὑφ’
1071 873 1228 948 ἡμῶν
1253 876 1653 947 ποιμαινομένη
1675 879 1803 946 ἄγε-

196 971 321 1022 ται,
360 957 528 1027 ἡμεῖς
555 958 612 1012 δὲ
634 960 739 1013 ὑπὸ
760 963 853 1014 τοῦ
886 961 1022 1016 Θεοῦ
1066 966 1472 1036 ποιμαινόμεθα
1500 967 1592 1032 τοῦ
1629 969 1800 1023 καλοῦ

197 1051 496 1119 ποιμένος,
540 1053 633 1107 καὶ
660 1052 728 1107 δι’
758 1056 906 1126 ἡμᾶς
938 1057 1336 1130 φιλανθρώπως
1378 1063 1713 1134 φορέσαντος
1739 1065 1800 1118 τὸ

194 1141 380 1213 ⁴Ιχμι-ξτε
390 1159 506 1214 ρον.

269 1240 337 1289 ε’.
388 1237 499 1291 Καὶ
529 1238 705 1303 οὐδεὶς
744 1239 966 1314 ἔξαρνός
1007 1261 1138 1298 ποτε
1161 1247 1370 1315 γένοιτο
1397 1249 1477 1302 ὅτι
1503 1248 1619 1303 ἔστι
1643 1248 1795 1314 Θεὸς,

193 1327 247 1380 ει
294 1327 378 1400 μὴ
423 1331 518 1383 καὶ
559 1331 659 1403 τὴν
703 1332 880 1404 ψυχὴν
913 1335 1309 1408 διεφθαρμένος
1341 1340 1597 1412 ὑπάρχει.
1644 1341 1799 1396 Μετὰ

190 1419 309 1492 γὰρ
345 1421 464 1493 (67)
511 1423 580 1478 τὰ
624 1426 800 1478 πάντα
835 1413 1002 1492 Θεοῦ,
1045 1431 1137 1481 καὶ
1178 1430 1341 1493 αὐτὸς
1388 1432 1451 1483 ἐκ
1500 1431 1575 1503 μὴ
1624 1432 1796 1485 ὅντων

189 1511 377 1566 ταῦτα
410 1515 758 1584 παρήγαγεν,
789 1519 884 1569 καὶ
913 1518 1090 1573 πάντα
1118 1519 1336 1593 πληροῖ,
1361 1521 1456 1574 καὶ
1487 1522 1664 1576 πάντα
1689 1522 1799 1577 δια-

188 1606 438 1677 πράττει
461 1647 476 1672 ,
520 1609 615 1662 καὶ
644 1613 956 1680 προνοεῖται
979 1654 994 1679 ,
1027 1614 1121 1666 καὶ
1154 1614 1366 1668 διοικεῖ.

269 1696 350 1763 ς’.
393 1699 658 1771 Ἔλεγχος
685 1701 741 1754 δὲ
770 1703 868 1772 τῆς
898 1702 1156 1775 ἀληθείας
1179 1704 1244 1758 τὰ
1270 1705 1553 1775 ποιήματα
1581 1703 1749 1758 αὑτοῦ
1775 1721 1788 1735 ’

189 1787 460 1860 οὐρανὸς,
487 1792 578 1844 καὶ
629 1792 698 1846 τὰ
733 1794 790 1848 ἐν
811 1793 960 1864 αύτῷ
988 1811 1002 1827 ο
1043 1795 1135 1866 γῆ,
1156 1798 1251 1849 καὶ
1289 1797 1357 1848 τά
1385 1799 1485 1850 ὅσα
1511 1799 1570 1850 ὲν
1597 1797 1735 1868 αὐτῇ
1771 1811 1786 1827 ⁸

1906 607 2090 662 omnia
2122 609 2370 678 subjecta
2399 620 2564 677 sunt,
2595 618 2712 667 tum
2752 615 2989 670 animata
3012 655 3028 679 ,
3064 627 3177 675 tum
3210 617 3454 672 inanima
3479 661 3494 686 ,

1907 714 2008 754 nos
2035 716 2163 756 vero
2191 703 2343 766 illum
2372 704 2607 761 colimus
2633 722 2648 761 :
2676 705 2929 770 universa
2959 709 3261 766 bestiarum
3294 721 3491 766 natura

1905 807 1934 845 a
1964 794 2124 849 nobis
2150 796 2508 870 gubernatur,
2537 813 2636 856 nos
2659 814 2790 854 vero
2815 800 2885 856 ab
2911 801 3003 861 illo
3036 805 3314 870 poscimur
3341 805 3496 875 prin-

1905 885 2025 953 cipe
2057 898 2378 958 pastorum,
2411 891 2505 963 qui
2539 901 2730 948 nostra
2762 907 2927 949 causa
2957 904 3202 956 nostram
3235 905 3490 954 naturam

1903 973 2104 1033 induit.

1968 1238 2020 1295 5.
2065 1238 2235 1296 Nemo
2269 1250 2453 1304 autem
2489 1244 2581 1314 qui
2620 1252 2804 1302 mente
2836 1244 3130 1318 depravata
3167 1249 3492 1324 perditaque

1899 1346 2008 1390 non
2039 1343 2142 1396 est,
2173 1331 2342 1391 Deum
2376 1353 2500 1394 esse
2529 1354 2730 1410 negare
2759 1348 2958 1410 potest.
2991 1340 3184 1397 Omnia
3216 1345 3361 1406 enim
3386 1345 3488 1406 Dei

1898 1425 2058 1496 plena
2088 1439 2256 1492 sunt,
2289 1429 2380 1509 qui
2413 1446 2476 1486 ea
2503 1447 2627 1510 quae
2657 1449 2766 1486 non
2800 1443 2929 1488 sunt
2956 1433 3146 1492 eduxit
3178 1445 3237 1491 ut
3267 1449 3451 1493 essent
3471 1481 3486 1510 ,

1896 1517 1990 1586 qui
2022 1519 2207 1580 omnia
2239 1521 2496 1595 complet,
2531 1524 2714 1579 omnia
2748 1527 2881 1599 agit,
2913 1528 3099 1583 omnia
3133 1530 3406 1605 providet,
3436 1542 3491 1588 et

1896 1607 2270 1671 administrat.

1964 1701 2018 1757 6.
2060 1702 2238 1774 Opera
2269 1722 2537 1764 manuum
2569 1709 2688 1782 ejus
2717 1728 2838 1782 qua:
2886 1714 2955 1770 ab
3002 1716 3096 1772 illo
3129 1716 3286 1773 facta
3333 1728 3487 1787 sunt,

1893 1799 2092 1853 caelum
2119 1807 2174 1854 et
2205 1816 2324 1871 quae
2354 1803 2499 1857 caalo
2528 1787 2910 1874 continentur,
2931 1817 3077 1863 terra
3103 1820 3158 1866 et
3184 1826 3308 1882 quae
3339 1821 3488 1875 terra

185 1882 289 1934 καὶ
324 1883 515 1952 μέντοι
547 1884 642 1937 καὶ
666 1884 930 1951 θάλασσα,
974 1887 1070 1939 καὶ
1108 1888 1175 1940 τά
1214 1887 1273 1941 ὲν
1322 1889 1507 1960 ἐκείνῃ
1551 1891 1780 1955 ἅπαντα1

1898 1887 2276 1958 continentur,
2314 1907 2468 1949 mare
2501 1903 2568 1949 et.
2592 1901 2712 1973 qua:
2761 1899 2898 1952 mari
2934 1900 3314 1968 continentur,
3343 1904 3490 1960 veri-

184 1970 284 2023 καὶ
329 1971 439 2025 ὅσα
476 1974 535 2027 ὲν
580 1974 764 2038 αὐτοῖς
796 1973 1070 2046 ὠφέλιμα,
1105 1976 1382 2048 μαρτύρια
1426 1978 1525 2047 τῆς
1557 1978 1621 2031 ὲκ
1655 1975 1791 2030 Θεοῦ

183 2066 269 2129 εἰς
311 2066 473 2143 ἡμᾶς
526 2067 854 2138 κηδεμονίας
879 2084 939 2121 τε
971 2068 1063 2124 καὶ
1103 2069 1358 2143 προνοίας
1390 2069 1790 2123 ἀναδείκνυται.

258 2158 329 2223 ζ’.
364 2161 479 2214 Καὶ
517 2160 682 2224 αὐτὸς
706 2163 800 2215 καὶ
828 2160 1066 2232 βασιλεῖς
1094 2162 1347 2234 καθιστᾷ⁹
1377 2163 1471 2216 καὶ
1494 2162 1600 2233 γάρ
1631 2177 1784 2233 φησγ

182 2253 267 2306 Δι’
299 2253 458 2323 ἐμοῦ
483 2255 770 2322 ,ϐασιλεῖς
794 2255 1236 2320 βασιλεύουσιο
1263 2239 1355 2308 καὶ
1386 2256 1687 2330 στρατηγὸς
1716 2254 1784 2308 δι’

182 2346 360 2399 αὐτοῦ
411 2347 848 2420 προχειρίζεται,
899 2351 927 2403 ὁ
965 2349 1150 2420 πάσης
1197 2348 1375 2419 ἀρχῆς
1413 2347 1661 2422 ἐξουσίας
1693 2348 1788 2400 καὶ

183 2436 406 2507 ἀγαθῆς
445 2437 610 2501 αὐτὸς
643 2439 793 2491 ἐστιν
843 2439 1036 2502 αἴτιος.
1079 2439 1169 2492 Διὸ
1200 2439 1292 2491 καὶ
1339 2438 1448 2508 χρὴ
1481 2439 1555 2508 μὴ
1591 2439 1788 2508 πρότε-

185 2535 281 2604 ρόν
311 2550 441 2587 τινα
474 2532 573 2603 τὴν
601 2533 776 2603 ἀρχὴν
824 2533 1180 2602 ὑποδύεσθαι,
1223 2532 1352 2604 πρὶν
1383 2533 1416 2604 ἦ
1450 2533 1537 2586 διὰ
1568 2533 1666 2604 τῆς
1702 2534 1788 2587 εύ-

182 2627 289 2698 χῆς
318 2625 420 2689 καὶ
459 2624 755 2690 ἐντεύξεως
792 2626 930 2697 πρὸς
956 2627 1122 2681 αὐτὸν
1159 2625 1348 2708 ὥσπερ
1383 2625 1575 2678 ἑαυτὸν
1621 2627 1783 2710 ἀφιε-

185 2721 355 2793 ρώσει
388 2719 469 2792 τῷ
498 2717 639 2791 Θεῷ,
675 2721 771 2773 καὶ
799 2723 865 2791 τῇ
900 2720 1110 2774 ἐκείνου
1157 2721 1409 2795 προνοίᾳ’
1445 2719 1544 2790 τὴν
1588 2721 1781 2784 ἑαυτοῦ

180 2813 460 2885 διοίκησιν
485 2843 488 2846 ~
517 2812 966 2867 καταπιστεύσει.

252 2913 326 2977 η’.
357 2907 461 2960 Διά
489 2907 648 2961 τοῦτο
671 2908 753 2960 δεῖ
773 2924 832 2959 σε
868 2907 1042 2960 πάντα
1075 2906 1143 2960 τὰ
1175 2907 1255 2972 είς
1279 2906 1416 2968 Θεοῦ
1454 2907 1778 2986 θεραπείαν,

179 2993 227 3054 ὦ
268 3001 575 3072 στρατηγὲ,
611 3001 719 3071 πρὸ
755 3000 865 3054 τῶν
892 3000 1064 3057 ἄλλων
1118 3001 1375 3056 ἁπάντων
1431 3002 1778 3083 ἐπιτηδεύειν

179 3097 280 3148 καὶ
300 3094 710 3164 διαφυλάττειν,
743 3094 1040 3165 ἐξαιρέτως
1080 3093 1181 3166 τὴν
1210 3097 1289 3159 εἰς
1334 3096 1460 3159 τοὺς
1509 3096 1675 3166 ἱερεῖς
1718 3112 1780 3148 τε

180 3189 276 3241 καὶ
300 3188 585 3260 ἀρχιερεῖς
612 3186 778 3242 αὑτοῦ
821 3187 989 3260 τιμὴν
1043 3187 1137 3242 καὶ
1170 3189 1468 3259 θεραπείαν
1501 3185 1518 3221 ³
1544 3190 1781 3254 καὶτοὺς

181 3281 374 3349 ἁγίους
406 3281 574 3337 αὐτοῦ
610 3281 770 3345 ναοὺς
814 3279 955 3336 ὥστε
996 3281 1228 3345 ἀσύλους
1249 3279 1413 3349 εἶναι,
1434 3283 1532 3336 καὶ
1565 3283 1641 3355 μὴ
1669 3284 1771 3337 αὐ-

177 3374 294 3444 τῷν
344 3374 765 3448 άναρπάζεσθαι
799 3375 927 3438 τοὺς
980 3375 1039 3428 ὲν
1078 3376 1266 3440 αὐτοῖς
1323 3377 1774 3451 καταφεύγοντας

180 3467 314 3536 ἄνευ
359 3467 708 3536 διαγνώσεως
730 3469 829 3540 τῆς
857 3469 1132 3540 ἡμετέρας
1162 3469 1465 3539 βασιλείας.

1896 1986 2063 2036 tatem
2098 1980 2351 2040 Faetoris
2397 1985 2665 2054 indicant,
2700 1996 2756 2046 et
2810 1999 2961 2053 certa
3009 1994 3324 2056 testimonia
3354 1997 3490 2060 dant

1893 2073 2093 2130 divinae
2118 2092 2247 2149 erga
2280 2095 2380 2134 nos
2406 2080 2808 2147 benevolentia:
2839 2098 2894 2141 et
2925 2088 3303 2158 providentiae,

1965 2169 2017 2225 7.
2063 2170 2183 2241 Ipse
2217 2188 2375 2243 reges
2405 2174 2674 2248 designat,
2747 2180 2881 2234 dicit
2919 2183 3065 2242 enim
3097 2201 3109 2238 :
3145 2183 3249 2246 Per
3291 2203 3374 2240 me
3403 2205 3486 2242 re.

1890 2277 1976 2332 ges
2025 2266 2310 2334 regnant’.
2361 2265 2729 2339 Imperatores
2787 2273 2855 2327 ab
2906 2288 2975 2329 eo
3033 2275 3334 2346 eliguntur,
3384 2281 3480 2351 qui

1889 2357 2073 2412 omnis
2125 2361 2411 2429 potestatis
2461 2372 2630 2433 atque
2682 2365 2895 2436 imperii
2933 2379 3128 2426 auctor
3156 2380 3263 2427 est.
3294 2371 3482 2444 itaque

1890 2463 2050 2503 nemo
2100 2449 2388 2520 imperium
2443 2462 2540 2509 aut
2598 2457 2978 2528 riiagistratum
3027 2461 3084 2516 in
3119 2477 3181 2518 se
3224 2464 3478 2534 recipiat,

1889 2541 2211 2612 priusquam
2267 2561 2429 2615 prece
2479 2556 2533 2604 et
2582 2552 2983 2621 supplicatione
3035 2556 3277 2627 seipsum
3323 2561 3482 2630 quasi

1890 2630 1998 2688 Deo
2032 2641 2464 2705 consecraverit,
2492 2652 2545 2697 et
2569 2643 2720 2700 illius
2746 2648 3106 2717 providentia:
3142 2650 3481 2712 voluntatem

1886 2740 2041 2780 suam
2078 2728 2397 2797 subiecerit.

1957 2906 2009 2962 8.
2052 2910 2184 2987 Quae
2217 2911 2386 2983 igitur
2424 2915 2490 2968 ad
2523 2913 2617 2979 Dei
2653 2917 2861 2979 cultum
2897 2923 3213 2992 pertinent,
3257 2925 3312 2981 in
3362 2927 3480 2997 pri-r

1885 3001 1990 3058 mis
2025 3004 2369 3066 observanda
2398 3017 2452 3063 et
2477 3011 2864 3076 constituenda
2897 3024 3059 3082 sunt,
3095 3028 3153 3072 ut
3185 3019 3278 3090 qui
3308 3020 3478 3091 spirio

1887 3109 1973 3153 tus
2007 3107 2112 3162 est,
2150 3099 2204 3156 in
2237 3101 2433 3171 spiritu
2468 3115 2521 3158 et
2557 3105 2791 3161 veritate
2818 3109 2887 3162 ab
2915 3112 3176 3172 omnibus
3203 3114 3419 3174 colatur
3459 3133 3474 3176 ;

1884 3203 1938 3247 et
1968 3209 2090 3263 quae
2119 3194 2244 3250 fidei
2276 3195 2511 3268 vitaeque
2539 3211 2807 3270 prtecepta
2844 3203 3086 3274 reliquit,
3121 3220 3184 3260 ea
3216 3210 3475 3274 precibus

1883 3285 2238 3357 impetremus
2269 3298 2327 3343 ut
2354 3290 2640 3358 faciamus,
2667 3308 2790 3362 quae
2821 3293 3022 3352 divinis
3044 3295 3268 3356 Litteris
3298 3300 3478 3373 impc-.

1880 3387 1968 3445 rat
1993 3390 2053 3434 ut
2083 3396 2329 3452 agamus,
2359 3395 2414 3438 et
2450 3383 2553 3440 ﬁde
2586 3387 2637 3441 in
2670 3387 2844 3452 illum,
2869 3405 3056 3447 amore
3086 3408 3151 3449 ac
3179 3394 3476 3454 dilectione

1878 3473 2130 3527 omnium
2165 3475 2218 3528 in
2256 3475 2481 3532 Christo
2508 3474 2639 3533 Jesu
2677 3489 2994 3535 renatorum
3022 3522 3038 3548 ,
3075 3485 3140 3539 ad
3189 3484 3474 3548 Christum

181 3560 584 3640 perfectionem
617 3561 753 3633 legis
779 3563 1116 3633 aspiremus,
1149 3573 1209 3618 ut
1239 3579 1334 3635 per
1363 3564 1514 3618 illum
1552 3563 1609 3626 in
1639 3579 1750 3636 quo
1781 3567 1967 3623 omnia
2001 3567 2112 3623 Deo
2151 3571 2477 3640 complacita
2529 3583 2693 3639 sunt,
2727 3589 2830 3631 nos
2859 3592 3078 3650 quoque
3111 3579 3223 3634 Deo
3257 3581 3444 3653 placea

181 3651 330 3718 mus,
368 3664 425 3710 et
454 3654 728 3725 justitiam
760 3669 890 3726 erga
922 3670 1137 3720 omnes,
1174 3657 1340 3712 etiam
1368 3658 1652 3725 inimicos,
1689 3659 2121 3734 aequitatemque
2149 3673 2455 3722 teneamus.

251 3743 320 3800 θ’.
359 3747 472 3801 Καὶ
499 3746 570 3799 τά
597 3745 723 3817 ἱερά
753 3747 810 3800 δὲ
845 3746 964 3828 ’τῶν
1011 3748 1263 3820 μοναχῶν
1307 3750 1646 3822 ἀσκητήρια,
1680 3752 1777 3805 καὶ

178 3839 308 3902 τοὺς
355 3841 416 3891 ὲν
469 3831 651 3902 αὐτοῖς
686 3837 786 3908 τὴν
834 3838 1160 3911 παρθενείαν
1202 3841 1530 3905 ἀσκοῦντας,
1558 3841 1774 3915 άὸλαὸἧ

182 3929 278 3982 καλ⁸
325 3929 568 3984 eorum
611 3929 705 3982 καὶ
770 3933 947 4001 σεμνά
1000 3931 1532 4003 διατηρεῖσθαι.Καὶ
1585 3934 1776 3999 ἁπλῶς

180 4025 387 4088 εἰπεῖν,
419 4023 523 4076 ὅσα
549 4021 626 4094 τῷ
669 4022 788 4095 Θεῷ
829 4025 1146 4079 ἀνάκεινται
1180 4027 1633 4098 παραφυλάττειν
1674 4030 1772 4081 ἀν-

195 4115 543 4186 επηρέαστα,
577 4117 670 4169 καὶ
698 4115 875 4185 τίμια,
911 4117 1004 4171 καὶ
1037 4116 1295 4189 αἰδέσιμα
1325 4120 1398 4184 ὼς
1438 4121 1570 4189 ἆγια
1596 4122 1774 4177 πάντα

182 4205 278 4259 καὶ
311 4205 389 4276 τῷ
420 4207 563 4278 ἁγίῳ
587 4205 706 4276 Θεῴ
738 4208 1096 4280 ἀνακείμενα.

258 4305 310 4354 ι’.
358 4299 474 4369 Καὶ
534 4299 743 4370 μηδένα
787 4299 1032 4376 βεϐήλων
1093 4299 1126 4372 ἢ
1183 4301 1524 4373 τυθιννικῶν
1578 4305 1769 4376 χεῖρας

181 4391 438 4483 ἐπαίρειν
495 4376 616 4465 καθ
671 4391 875 4460 αὐτῶν,
918 4393 951 4478 η
1020 4391 1196 4458 ἄλλως
1251 4393 1771 4467 ἀποθρασύνεσθαι,

184 4485 326 4556 μήτε
377 4485 626 4550 σεαυτὸν,
669 4486 807 4562 μήτε
846 4484 1004 4556 ἄλλον
1051 4484 1174 4539 τινὰ
1206 4486 1314 4541 τῶν
1364 4487 1470 4542 ὑπὸ
1509 4489 1608 4560 τὴν
1672 4490 1772 4561 σὴν

180 4564 434 4655 ἐξουσίαν
474 4579 592 4635 οταν
622 4579 685 4652 δή
721 4580 852 4634 ποτέ
897 4597 1020 4635 τινα
1044 4585 1478 4668 πεπιστευμένον
1504 4584 1699 4658 ἀρχὴν,

185 4673 608 4751 στρατιωτικὴν,
645 4673 678 4743 ἢ
715 4672 1043 4746 πολεμικήν.
1087 4674 1228 4748 Ἀλλ’
1259 4672 1400 4746 εἶναι
1443 4678 1643 4742 αὐτοὺς
1691 4678 1766 4751 ὡς

185 4690 517 4744 στρατιωτικ
558 4690 608 4738 ν,
645 4690 678 4743 η
715 4690 1043 4746 πολεμικην.
1092 4690 1228 4748 ἀλλ’
1259 4690 1400 4746 εῖναι
1443 4690 1643 4742 αὐτους
1691 4690 1766 4751 ως

183 4771 372 4837 κτῆμα
405 4767 499 4820 τοῦ
522 4690 676 4841 lem?
711 4763 890 4840 πάσης
945 4755 1150 4841 βλάϐης
1196 4769 1288 4842 καὶ
1323 4770 1585 4844 ἐπηρείας
1616 4769 1769 4842 ἐλευ-

185 4859 393 4931 θέρους.
1115 4856 1119 4860 ’
1441 4849 1446 4855 ⁵

260 4955 350 5030 ια’.
379 4957 492 5011 Καὶ
521 4957 757 5027 μάλιστα
789 4959 916 5023 τοὺς
947 4958 1253 5030 ἀρχιερεῖς,
1285 4958 1359 5022 ὡς
1393 4959 1645 5035 ῌατέρας
1674 4962 1770 5032 καὶ

186 5051 449 5119 ποιμένας
469 5054 580 5105 τῶν
607 5054 966 5125 ἀνθρωπίνων
989 5044 1203 5124 ψυχῶν,
1231 5054 1352 5127 ὅσαι
1383 5071 1442 5107 τε
1467 5055 1766 5130 ἀρχόντων,

185 5149 279 5202 καὶ
311 5151 433 5206 ὅσαι
473 5152 817 5224 ἀρχομένων,
851 5154 946 5208 καὶ
976 5154 1044 5206 τά
1079 5142 1230 5226 ’πρὸς
1258 5151 1392 5206 Θεὸν
1436 5153 1567 5223 ἡμῖν
1615 5169 1769 5223 μεσι-

184 5244 435 5310 τεύοντας
467 5265 480 5277 ·
507 5249 730 5313 τούτους
771 5249 860 5301 διὰ
908 5247 1090 5318 πάσης
1137 5249 1292 5316 ἄγειν
1323 5246 1492 5317 τιμῆς
1539 5248 1634 5300 καὶ
1681 5248 1766 5301 αξ-

184 5337 306 5402 δοῦς
333 5383 347 5406 ,
405 5344 500 5396 καί
549 5344 715 5419 μηδὲν
755 5343 842 5412 ἐφ’
889 5342 1048 5415 ὓόρει
1102 5341 1309 5417 τούτων
1349 5343 1760 5419 καταδέχεσθαι.

259 5525 345 5602 ιβ’.
371 5529 480 5593 Καὶ
519 5529 626 5598 γάρ
651 5527 723 5581 τά
749 5530 828 5592 εἰς
857 5529 1056 5593 αὖτοὺς
1091 5533 1352 5603 γινόμενα
1380 5535 1461 5597 εἰς
1508 5532 1600 5586 τὸν
1630 5532 1765 5604 Θεὸν

188 5621 535 5692 ἀναφέρεται,
570 5623 701 5694 παρ’
738 5618 802 5677 οὗ
855 5624 949 5678 καὶ
1003 5623 1102 5698 τὴν
1148 5627 1562 5701 ἀρχιερωσύνην
1613 5628 1762 5699 εἱλή-

258 5738 276 5768 ³
315 5735 470 5794 Prov.
503 5754 619 5803 vui,
652 5741 739 5794 15.

1732 4586 1849 4689 ῆι)

1951 3758 2002 3813 9.
2053 3757 2336 3830 Religione
2378 3761 2432 3814 in
2467 3760 2633 3820 Deum
2667 3778 2781 3826 non
2811 3764 2976 3828 modo
3017 3767 3257 3837 cognita,
3282 3783 3471 3832 verum

1873 3850 2040 3906 etiam
2068 3851 2237 3918 culta,
2264 3861 2318 3906 et
2357 3854 2660 3911 honoribus
2692 3857 2804 3928 regi
2841 3856 3141 3912 secundum
3171 3859 3336 3914 Deum
3370 3862 3468 3918 de:

1874 3944 2037 4012 latis,
2069 3945 2162 4016 qui
2206 3947 2448 4015 gladium
2481 3963 2512 4003 a
2547 3947 2656 4005 Deo
2705 3949 2810 4014 sibi
2854 3951 3300 4014 commendatum
3357 3970 3467 4016 non

1875 4046 2079 4094 temere
2107 4046 2304 4110 gestat.

1947 4302 2036 4359 10.
2079 4303 2140 4358 Et
2173 4303 2531 4376 profanorum
2562 4307 2645 4363 vel
2684 4309 3098 4380 tyrannicorum
3147 4327 3309 4370 nemo
3346 4329 3467 4369 ma-

1880 4412 1989 4453 nus
2035 4398 2116 4454 eis
2164 4397 2403 4466 inierat;
2451 4409 2548 4456 aut
2593 4401 2755 4457 aliter
2803 4403 3002 4458 audeat
3031 4421 3206 4476 neque
3235 4414 3292 4461 tu
3325 4407 3464 4478 ipse,

1879 4504 2060 4564 neque
2086 4491 2228 4546 alius
2252 4491 2547 4563 quisquam
2575 4508 2792 4560 eorum,
2819 4495 2912 4567 qui
2947 4496 3051 4552 sub
3079 4507 3168 4552 tua
3193 4508 3466 4571 potestate

1879 4594 2027 4650 sunt,
2061 4586 2436 4656 qualicunque
2468 4589 2796 4657 praefectura
2829 4590 2880 4644 ei
2903 4590 3112 4644 credita
3143 4591 3330 4658 fuerit,
3347 4593 3464 4648 sive

1878 4677 2158 4746 militaris,
2191 4679 2309 4735 sive
2340 4680 2576 4747 bellica;
2608 4682 2703 4736 sed
2732 4681 2843 4736 sint
2879 4682 3005 4752 ipsi,
3033 4695 3090 4739 ut
3118 4683 3209 4740 Dei
3239 4701 3463 4756 posses-

1876 4773 1980 4841 sio,
2017 4773 2086 4828 ab
2115 4773 2264 4830 omni
2301 4790 2444 4830 noxa
2476 4784 2530 4831 et
2560 4776 2785 4831 laesione
2817 4777 2998 4833 liberi.

1947 4969 2036 5026 ll.
2080 4970 2145 5040 Et
2168 4971 2404 5028 maxime
2434 4972 2746 5044 pontiﬁces,
2778 4984 3035 5045 tanquam
3066 4974 3257 5031 Patres
3281 4985 3335 5032 et
3364 4994 3454 5048 pn-

1872 5075 2052 5133 stores
2114 5066 2481 5122 humanarum
2544 5069 2891 5134 animarum,
2949 5078 3060 5124 tam
3121 5070 3456 5143 principum,

1872 5175 2036 5233 quam
2080 5161 2458 5226 subditorum,
2490 5169 2544 5217 et
2579 5162 2614 5216 ii
2647 5163 2739 5234 qui
2775 5161 2919 5233 apud
2952 5163 3122 5217 Deum
3156 5179 3256 5235 pro
3300 5166 3458 5220 nobis

1875 5253 2244 5308 intercedunt.
2279 5254 2391 5307 Hos
2423 5255 2571 5307 omni
2602 5254 2810 5308 honore
2838 5267 2893 5310 et
2923 5258 3226 5310 reverentia
3265 5273 3457 5326 prose-

1874 5349 1967 5420 qui
2014 5361 2263 5422 oportet.
2295 5361 2347 5408 et
2390 5366 2580 5406 eorum
2633 5350 2764 5405 nihil
2808 5349 3006 5418 injuria
3042 5355 3098 5404 et
3125 5354 3456 5406 contumelia

1872 5444 2109 5517 adicere.

1945 5539 2033 5594 12.
2073 5539 2294 5597 Etenim
2328 5558 2450 5613 quae
2483 5544 2538 5598 in
2569 5560 2665 5600 eos
2708 5546 2878 5612 fiunt,
2911 5543 2965 5598 in
2998 5541 3169 5598 Deum
3201 5539 3458 5596 referun-

1872 5643 1984 5700 tur,
2015 5649 2044 5690 a
2088 5650 2200 5718 quo
2229 5643 2284 5705 ct
2311 5637 2691 5712 pontiﬁcatqu
2729 5653 3025 5711 accepere;
3071 5652 3167 5709 per
3210 5649 3372 5705 quem
3401 5641 3456 5690 et

1701 5813 1841 5872 ΝΟΤ

256 5905 364 5978 (δ’ἴ)
387 5909 545 5964 Μετὰ
568 5909 697 5981 γάρ.
733 5909 944 5977 Scribe,
976 5911 1145 5981 μεστὰ
1172 5913 1296 5983 γάρ.
