4036 6300
217 405 352 472 1081

1445 396 1661 460 TACTI
1671 395 1785 457 CA.
1821 419 1890 431 --
1925 394 2317 456 EPILOGUS.

3326 387 3466 455 1082

197 539 329 600 σους
353 533 450 587 καὶ
477 528 656 605 θράση
683 526 780 584 καὶ
807 526 978 601 ὀργὰς
1005 528 1102 582 καὶ
1141 526 1416 599 τιμωρίας
1448 527 1543 580 καὶ
1570 525 1773 596 φιλοτι-

1915 531 1936 577 ι
1989 495 2292 594 supplicia,
2327 522 2511 579 studia
2563 521 2753 595 gloria:
2798 529 2853 578 ct
2907 522 3181 593 ignaviam
3233 525 3471 594 teipsum

204 629 336 700 μίας
385 628 482 679 καὶ
547 622 841 696 ῥᾳθυμίας,
898 621 1040 675 ὥστε
1082 621 1150 675 τά
1202 619 1428 676 τοιαῦτα
1479 619 1626 688 πάθη
1673 616 1785 672 τῶν

204 740 255 777 τε
291 719 400 773 σῶν
454 716 884 789 στρατευμάτων
941 716 973 786 ἢ
1030 714 1266 768 καὶτῶν
1325 712 1600 784 πολεμίων
1623 709 1784 765 δύνα-

201 811 326 865 σθαί
357 826 418 862 σε
445 810 540 863 καὶ
579 805 766 872 αὕξειν
821 807 917 860 καὶ
940 805 1253 860 ταπεινοῦν.

216 953 223 959 .
270 899 379 974 κβ’.
412 901 524 955 Καὶ
572 900 809 972 μάλιστα
855 898 924 952 τὰ
954 902 1108 969 παρὰ
1155 901 1241 952 σοί
1264 897 1353 951 διὰ
1385 893 1778 970 παραγγελμά-

195 1015 307 1053 των
343 997 608 1066 ἐντέχνων
659 996 756 1048 καὶ
790 995 1209 1064 προσποιήσεως
1244 988 1658 1061 προγνωστικῆς
1690 985 1786 1040 καὶ

197 1088 294 1157 τῆς
324 1086 454 1159 περὶ
480 1085 541 1140 τὺ
563 1085 718 1139 Θείον
759 1083 1103 1155 ἐπιμελείας,
1129 1082 1340 1152 καὶτῆς
1366 1080 1460 1134 διὰ.
1483 1080 1657 1147 λόγων
1686 1077 1780 1147 δη-

202 1178 494 1250 μηγορίας.
522 1177 709 1231 Ταῦτα
750 1177 807 1229 δὲ
862 1176 1310 1248 παραφυλάττειν
1355 1173 1496 1227 ὥστε
1539 1170 1786 1240 γίνεσθαι

200 1274 257 1325 ὲν
284 1271 364 1343 τῷ
393 1269 575 1342 χρόνῳ
601 1269 725 1324 καθ’
750 1271 808 1322 ὃν
861 1271 916 1322 αἱ
971 1267 1140 1338 ψυχαὶ
1181 1266 1286 1319 ὑπὸ
1315 1265 1409 1319 τοῦ
1440 1265 1601 1334 λόγου
1640 1280 1794 1331 κινη-

199 1364 380 1417 θεῖσαι
411 1363 690 1433 διαμένειν
716 1361 971 1414 δύνανται
999 1357 1090 1413 διά
1136 1361 1233 1430 τῆς
1268 1361 1487 1429 μνήμης
1529 1355 1664 1428 πρὸς
1698 1352 1796 1425 τὴν

202 1455 445 1510 διάθεσιν
478 1455 580 1524 τῆς
635 1456 939 1524 κινήσεως·
968 1451 1104 1508 ἀλλά
1159 1452 1236 1521 μὴ
1274 1450 1430 1522 παρά
1480 1449 1579 1511 τάς
1622 1446 1798 1514 ἀνάγ-

203 1566 305 1612 κας
361 1549 555 1614 αὐτὰς,
591 1548 680 1600 ὅτε
720 1545 857 1617 πρὸς
901 1542 962 1598 τὸ
1013 1543 1377 1616 διαμάχεσθαι
1442 1537 1798 1613 παρασκευάς

1892 615 2262 686 comparabis,
2294 623 2349 671 et
2374 614 2688 686 hujusmodi
2721 615 3037 670 affectiones
3068 615 3235 670 animi
3274 626 3389 673 sive
3417 620 3471 672 in

1893 718 1988 762 tuo
2015 709 2280 776 exercitu,
2303 709 2418 764 sive
2451 709 2506 764 in
2541 709 2780 764 hostium
2806 709 2982 779 copiis
3010 709 3141 775 siut,
3162 709 3245 764 vel
3273 725 3477 781 augere

1892 801 1980 856 vel
2008 801 2254 856 minuere
2281 803 2481 871 possis.

1961 892 2051 948 2‘2.
2095 893 2374 965 Praecepta
2410 904 2596 949 autem
2647 907 2740 950 tua
2785 895 3160 966 potissimum,
3195 896 3476 952 simulatio

1892 985 2330 1055 praedictionum,
2359 987 2537 1041 cultus
2561 987 2805 1052 divinus,
2826 986 3047 1042 disertae
3073 988 3474 1044 cohortationis

1894 1082 2001 1130 tua:
2033 1085 2339 1147 opportune
2369 1093 2466 1148 per
2503 1094 2718 1149 tempus
2748 1079 3137 1145 adhibeantur,
3176 1091 3232 1136 ut
3267 1091 3478 1137 mentes

1895 1168 2140 1220 omnium
2170 1168 2421 1223 oratione
2451 1180 2734 1239 pennata,
2755 1169 3079 1225 voluntariae
3112 1172 3164 1224 in
3199 1171 3300 1227 hoc
3332 1179 3480 1227 statu

1893 1256 2201 1329 aﬁ‘ectuque
2231 1260 2561 1326 consistant,
2594 1277 2773 1333 neque
2820 1264 3153 1320 necessitate
3208 1265 3366 1319 inviti
3411 1266 3481 1326 ad

1894 1355 2268 1412 dimicandum
2302 1360 2712 1428 pertrahantur.
2749 1359 2854 1427 Qui
2882 1361 3026 1416 enim
3057 1362 3264 1417 milites
3298 1363 3482 1416 minus

1899 1449 1966 1503 ad
1997 1450 2350 1520 pugnandum
2381 1455 2555 1523 parati
2593 1463 2744 1518 sunt,
2777 1454 2941 1508 iidem
2972 1453 3353 1510 confusionem
3390 1470 3485 1509 or-

1898 1540 2046 1595 dinis
2075 1551 2128 1594 et
2155 1544 2629 1612 perturbationem
2663 1546 2715 1600 in
2751 1547 2940 1616 praelia
2965 1546 3220 1601 aﬂ‘erunt.

203 1639 410 1704 ζονται.
441 1641 737 1713 Συμὸαίνει
788 1641 895 1711 γὰρ
931 1639 1351 1713 ἀπαρασκεύους
1377 1633 1868 1706 διαγωνιζομένους
1926 1633 2054 1698 τοὺς
2117 1637 2454 1708 στρατιώτας
2504 1640 2755 1706 ἀτάκτως
2821 1644 2966 1715 ἔχειν
3030 1647 3166 1719 πρὸς
3233 1648 3325 1704 τὸν
3377 1639 3482 1723 τῆς

207 1740 387 1812 μάχης
436 1739 701 1795 κίνδυνον.

273 1832 387 1902 κγ’.
421 1835 546 1906 Χρὴ
579 1832 672 1888 οὖν
703 1833 810 1904 πρὸ
846 1832 956 1886 τῶν
988 1831 1254 1887 κινδύνων
1288 1827 1656 1900 μεθαρμόζειν
1684 1826 1786 1890 τὰς

201 1924 383 1997 ψυχὰς
437 1925 544 1978 τῶν
596 1925 944 1995 στρατιωτῶν
987 1926 1122 1996 πρὸς
1159 1923 1258 1986 τάς
1302 1922 1585 1992 παρούσας
1635 1918 1792 1983 δόξας

207 2015 519 2087 χρησίμως,
548 2015 688 2071 ἀλλά
736 2017 964 2078 καὶτὰς
1008 2017 1118 2071 τῶν
1168 2015 1567 2084 ἀντιπολεμίων
1614 2011 1793 2084 ψυχὰς

209 2106 579 2165 καταδουλοῦν
610 2107 874 2178 ἐντέχνως
933 2105 1013 2171 είς
1043 2125 1103 2161 τε
1137 2107 1336 2177 φόϐους
1385 2105 1480 2160 καὶ
1523 2103 1795 2176 ῥᾳθυμίας

208 2198 304 2251 καὶ
334 2197 630 2268 μαλακίας,
662 2201 758 2252 καὶ
786 2200 910 2254 τότε
938 2199 1279 2254 ἐπιτίθεσθαι
1308 2199 1513 2262 αὐτοῖς,
1537 2197 1631 2251 καὶ
1665 2195 1794 2249 ἀνευ

208 2290 413 2356 παντὸς
440 2290 602 2347 ὄκνου
625 2291 1010 2363 διαμάχεσθαι.
1035 2291 1320 2363 Μηδαμῶς
1342 2291 1400 2345 δὲ
1427 2289 1604 2354 ἄλλως
1633 2289 1797 2343 δυνα-

208 2380 300 2435 τόν
328 2397 393 2434 σε
445 2382 836 2454 περιγενέσθαι
863 2384 970 2436 τῶν
1007 2385 1290 2447 ἐναντίων,
1315 2382 1366 2436 εί
1414 2382 1490 2454 μὴ
1530 2382 1796 2453 πρότερον

207 2474 290 2539 τίς
305 2474 558 2545 ἀνάγκας
590 2477 786 2540 αὐτοὺς
815 2477 1194 2549 περιστήσεις.

279 2566 380 2624 κδ’.
413 2569 567 2641 Μηδὲ
608 2570 764 2640 ἄγειν
803 2572 883 2636 είς
936 2570 1211 2633 τοιούτους
1260 2567 1561 2633 κινδύνους,
1609 2567 1670 2634 ἐξ
1718 2559 1796 2633 ὧν,

211 2659 485 2731 βελτίονες
537 2663 739 2733 μᾶλλον
796 2662 1012 2717 ἔσονται
1059 2665 1110 2717 οἱ
1164 2662 1368 2735 ἐχθροὶ,
1430 2662 1561 2734 παρ’
1613 2661 1642 2715 ὃ
1674 2659 1798 2733 βού-

209 2753 414 2810 λονται.

282 2935 384 2993 κε’.
425 2937 564 2992 Είδὲ
596 2937 810 3002 πίστεις
850 2936 959 2991 sici.
994 2936 1089 2990 καὶ
1114 2934 1420 3007 ὁμολογίαι,
1456 2935 1663 3000 ταύτας
1692 2936 1796 3006 χρή

213 3041 276 3085 σε
307 3029 603 3098 φυλάττειν
633 3028 1050 3101 ἀπαραόἀτους.
1630 3085 1633 3089 ,

285 3121 400 3188 κς·’.
452 3122 544 3176 Ἐν
581 3124 638 3178 δὲ
679 3125 802 3188 ταῖς
830 3123 940 3176 τῶν
969 3122 1312 3194 πραγμάτων
1368 3122 1629 3176 ὲκὸἀσεσι
1679 3121 1799 3175 δέον

217 3229 276 3268 σε
316 3217 458 3286 μήτε
492 3216 825 3286 εὐτυχοῦντα
854 3217 948 3270 καὶ
979 3215 1082 3286 τῆς
1129 3214 1240 3268 τῶν
1270 3214 1544 3283 πολεμίων
1573 3215 1800 3283 ἀτυχίας

1961 1821 2053 1877 25.
2098 1820 2404 1893 Antequam
2455 1823 2628 1895 igitur
2674 1827 2920 1898 pericula
2978 1830 3209 1887 subeant
3255 1834 3481 1903 milites,

1898 1917 2065 1971 animi
2099 1917 2313 1972 illorum
2348 1918 2422 1972 ita
2451 1922 2821 1990 pertractandi
2853 1930 3018 1989 sunt,
3058 1933 3115 1978 ut
3155 1926 3222 1979 ad
3266 1941 3483 1982 omnem

1897 2010 2159 2080 impetum
2223 2012 2608 2067 sustinendum
2655 2013 2864 2070 alacres
2896 2017 3007 2070 sint
3047 2038 3058 2071 :
3096 2019 3333 2074 hostium
3381 2036 3483 2076 au-

1897 2111 2006 2158 tem
2055 2111 2267 2160 mentes
2316 2104 2707 2174 perturbandat
2741 2115 2890 2173 sunt,
2923 2117 2975 2161 et
3023 2110 3075 2163 in
3107 2109 3481 2177 formidinem,

1894 2197 2210 2263 mollitiem,
2267 2197 2820 2272 desperationemque
2878 2203 3256 2273 conﬁciendae,
3318 2214 3487 2277 atque

1896 2288 2034 2344 adeo
2078 2299 2190 2345 tum
2246 2289 2530 2346 adoriendi
2565 2293 2775 2356 hostes,
2802 2299 2856 2348 et
2909 2294 3030 2350 sine
3080 2296 3189 2350 ulla
3224 2296 3486 2354 dilatione

1897 2381 2215 2447 invadendi.
2247 2380 2404 2437 Nulla
2436 2384 2582 2440 enim
2608 2385 2714 2440 alia
2745 2387 2960 2443 ratione
2992 2389 3178 2445 hostes
3213 2390 3484 2461 sperabis,

1898 2474 2004 2528 nisi
2036 2474 2090 2528 in
2125 2476 2346 2544 aliquas
2378 2476 2667 2546 angustias
2701 2478 2830 2534 illos
2861 2481 3015 2549 prius
3040 2479 3299 2546 deducas.

1965 2566 2057 2620 24.
2095 2566 2283 2638 Neque
2317 2569 2370 2622 in
2411 2568 2730 2639 hujusmodi
2781 2572 3025 2642 pericula
3069 2574 3258 2629 hostes
3292 2575 3488 2646 impel-

1897 2659 2102 2726 lantur,
2145 2661 2456 2731 inquibus,
2489 2670 2549 2716 ut
2601 2663 2656 2717 in
2707 2663 3012 2732 deSperatis
3059 2667 3228 2723 rebus
3279 2669 3484 2736 solent,

1898 2757 2174 2822 meliores,
2207 2773 2369 2827 quam
2411 2758 2636 2814 illorum
2669 2769 2862 2816 natura
2890 2760 3017 2828 fert,
3047 2770 3101 2822 et
3131 2763 3488 2836 impetuosio-

1900 2865 1987 2905 res
2011 2850 2142 2907 sint.

1970 2943 2062 2998 25.
2103 2944 2199 2998 Sin
2235 2944 2466 3001 induciae
2497 2945 2817 3018 fmderaque
2848 2947 2979 3014 sint,
3014 2948 3166 3006 nullo
3201 2953 3362 3008 modo
3389 2953 3487 3010 abs

1901 3046 1954 3090 te
1982 3037 2274 3093 violentur.

1968 3129 2058 3182 9.6.
2104 3128 2179 3183 Ex
2211 3145 2391 3185 rerum
2424 3141 2618 3188 eventu
2668 3135 2713 3189 si
2748 3150 3011 3207 proSpera
3059 3137 3158 3193 tibi
3203 3140 3384 3195 omnia
3433 3152 3489 3198 et

1881 3225 2142 3278 _sccumla
2181 3225 2313 3286 sint,
2346 3232 2398 3279 et
2453 3225 2694 3280 hostium
2749 3228 2980 3284 victoria
3034 3235 3243 3301 potitus
3294 3233 3485 3299 fueris,

216 3309 526 3379 κρατοῦντα
563 3310 707 3381 μέγα
745 3313 962 3382 φρονεῖν
1019 3307 1442 3382 διαπράξασθαι,
1473 3308 1610 3378 μηδὲ
1661 3306 1796 3377 πρὸς

1912 3330 1972 3367 uc
2001 3315 2162 3370 nimis
2201 3317 2384 3370 animo
2412 3317 2658 3374 eﬂ‘eraris
2691 3335 2706 3371 :
2745 3335 2920 3390 neque
2950 3320 3005 3376 in
3038 3324 3199 3378 rebus
3233 3327 3512 3394 gerendis

213 3400 284 3456 τὰ
338 3404 788 3475 κατεργασθέντα
841 3404 1247 3474 ὲναπομένοντα
1276 3402 1385 3456 τῶν
1437 3403 1616 3456 πόνων
1657 3402 1798 3472 ἀμε-

215 3491 353 3567 λεῖν,
374 3495 490 3548 ἀλλ’
513 3498 593 3559 είς
609 3496 676 3551 τὰ
703 3495 974 3568 μακρόθεν
992 3496 1086 3550 καὶ
1108 3495 1418 3566 ἔμπροσθεν
1441 3493 1796 3558 ἀποϐλέπειν,

218 3586 312 3639 καὶ
343 3587 699 3660 βουλεύεσθαι
728 3588 781 3643 τί
825 3589 931 3661 χρὴ
958 3591 1133 3644 ποιεῖν
1157 3605 1171 3623 ο
1206 3588 1345 3660 μήτε
1404 3587 1468 3660 δὴ
1517 3588 1800 3658 δυστυχῶν

219 3677 452 3748 φανερὸς
484 3678 637 3747 γίνου
665 3678 740 3742 ὼς
771 3677 1300 3749 καταπεπληγμένος
1326 3678 1464 3750 μήτε
1493 3680 1608 3744 τοῖς
1634 3695 1800 3749 στραφ

218 3766 443 3834 τιώταις
477 3770 613 3841 μήτε
641 3772 755 3834 τοῖς
773 3770 1078 3842 πολεμίοις.
1651 3809 1654 3811 λ

286 3860 391 3925 κζ’.
435 3861 598 3916 Ἀλλὰ
632 3860 768 3932 μηδὲ
821 3863 957 3933 πρὸς
996 3862 1124 3925 τοὺς
1157 3862 1427 3934 πολέμους
1452 3862 1562 3933 (69)
1593 3861 1798 3928 διάλυε,

217 3951 275 4006 ὲν
305 3948 385 4018 οἷς
418 3957 636 4027 καιροῖς
667 3953 894 4017 δυνατὸς
949 3953 1218 4024 ὑπάρχεις
1279 3952 1405 4007 κατ’
1455 3952 1634 4006 αὐτῶν
1678 3953 1804 4009 ἀντ-

221 4042 371 4120 έχειν
399 4045 499 4099 καὶ
532 4043 1031 4113 καταγωνίσασθαι,
1049 4044 1097 4096 εί
1125 4044 1198 4114 μὴ
1223 4041 1447 4112 βεϐαίαν
1459 4044 1691 4113 εἰρήνην
1709 4042 1803 4095 καὶ

219 4136 478 4210 ἐπωφελῆ
504 4139 552 4191 οἱ
581 4137 814 4192 ἐναντίοι
853 4136 1173 4208 αἰτήσονται
1192 4151 1207 4166 ·
1239 4135 1472 4206 μεγάλαι
1509 4135 1614 4206 γὰρ
1642 4133 1802 4186 ἐλατ-

218 4224 414 4291 τώσεις
438 4227 698 4293 πολλάκις
725 4227 790 4281 ὲκ
810 4225 905 4279 τοῦ
937 4224 1180 4280 τοιούτου
1207 4226 1410 4296 τρόπου
1433 4224 1694 4293 γίνονται.

288 4326 397 4392 κη’.
425 4320 620 4388 Χρεὼν
667 4320 724 4374 δέ
765 4337 827 4374 σε
857 4318 952 4374 καὶ
983 4317 1044 4372 τὸ
1092 4317 1408 4390 στράτευμα
1458 4316 1538 4380 είς
1565 4315 1802 4387 πόλεμον

220 4411 436 4482 ἐξάγειν
463 4413 540 4486 μὴ
565 4413 754 4478 ἀτελὲς
781 4412 868 4466 διὰ
890 4412 950 4465 τὸ
973 4410 1196 4481 πλῆθος,
1231 4409 1368 4482 μηδὲ
1387 4409 1495 4462 τῶν
1525 4409 1802 4479 συνεργῶν

219 4506 426 4578 τεχνῶν
457 4507 552 4562 καὶ
581 4505 925 4578 πραγμάτων
970 4503 1420 4572 ἀπολειπόμενον,
1457 4501 1581 4573 μηδ’
1633 4502 1803 4573 ἀλλην

222 4599 499 4673 μηδεμίαν
522 4599 644 4673 ἔχον
673 4600 990 4665 ἐλάττωσιν,
1026 4598 1086 4664 ἐξ
1135 4591 1196 4650 οὗ
1253 4595 1485 4667 μάλιστα
1524 4597 1726 4668 τρόπου
1751 4595 1813 4648 oi-

222 4693 382 4744 κακοὶ
398 4692 700 4763 στρατηγοὶ
729 4690 1130 4746 διαϐάλλονται.
1683 4741 1687 4745 .

293 4784 399 4842 κθ’.
433 4787 556 4858 Χρὴ
586 4785 643 4839 δέ
680 4803 740 4839 σε
775 4784 1066 4839 σπουδαῖον
1099 4781 1464 4853 ἀναφανῆναι,
1501 4779 1600 4835 καὶ
1647 4777 1806 4851 μάλι-

225 4892 330 4931 στα
392 4876 451 4935 ἂν
498 4882 565 4952 τῇ
628 4880 940 4954 διοικητικῇ
1002 4875 1232 4948 προνοίᾳ
1288 4874 1398 4928 τῶν
1456 4872 1805 4946 στρατευμά-

225 4985 334 5025 των
339 5013 354 5027 .

295 5064 360 5122 λ’.
407 5069 518 5122 Καὶ
550 5068 650 5131 τάς
693 5066 939 5128 δαπάνας
981 5065 1061 5126 είς
1115 5064 1176 5115 τὸ
1226 5059 1446 5115 δυνατὸν
1477 5057 1663 5126 ὀλίγας
1711 5055 1808 5111 καὶ

230 5160 662 5232 συνεσταλμένας
688 5159 950 5225 κελεύειν,
977 5157 1071 5210 καὶ
1092 5154 1160 5208 τὰ
1179 5153 1316 5211 ἄλλα
1336 5151 1403 5206 τὰ
1426 5147 1581 5203 κοινὰ
1609 5146 1807 5201 διασώ-

230 5246 343 5310 ζειν
366 5253 667 5324 ἐμπείρως.

295 5341 400 5398 λα’.
440 5346 552 5400 Καὶ
583 5346 675 5399 ἐπὶ
705 5343 917 5408 τούτοις
983 5341 1212 5414 μελετᾷν
1254 5355 1314 5392 σε
1366 5339 1506 5408 μετὰ
1542 5337 1706 5390 πόνου
1738 5333 1808 5388 τὰ

234 5426 422 5490 δέοντα
481 5435 540 5495 ἐν
578 5453 638 5488 τε
693 5436 804 5498 τοῖς
859 5432 1106 5504 ἀρχαίοις
1148 5430 1239 5484 καὶ
1281 5430 1394 5492 τοῖς
1448 5426 1611 5491 νέοις,
1665 5424 1808 5480 ὥστε

235 5524 502 5599 ἱστορικὸν
531 5526 672 5584 εἶναι
701 5529 919 5584 πάντων
948 5526 1056 5580 τῶν
1105 5524 1248 5581 κατά
1286 5523 1544 5593 πόλεμον,
1571 5521 1665 5574 καὶ
1704 5518 1806 5590 έμ-

233 5630 420 5691 πειρον
454 5623 700 5677 παλαιῶν
734 5621 1209 5695 στρατηγημάτων
1238 5618 1339 5673 ὅσα
1358 5615 1626 5684 ἀξιάγαστ
1635 5631 1668 5668 α
1698 5629 1794 5683 γε·

233 5710 472 5778 γόνασιν.

308 5896 423 5973 (69)
448 5901 778 5973 Πολέμους.
802 5899 1012 5970 Scribe,
1038 5899 1352 5971 πολεμίους.

1903 3405 1972 3458 ita
2004 3407 2195 3461 tardus
2226 3409 2326 3473 sis,
2359 3416 2418 3463 ut
2464 3418 2587 3479 post
2639 3411 2795 3466 initia
2843 3413 3186 3480 negotiorum
3237 3415 3487 3472 conlecta

1902 3497 2348 3569 circumspicias,
2377 3513 2432 3555 et
2461 3503 2732 3559 deliberes
2761 3503 2891 3574 quid
2923 3506 3180 3578 deinceps
3213 3509 3484 3580 agendum

1904 3587 1975 3642 sit
2009 3607 2022 3641 :
2058 3605 2156 3645 nec
2189 3606 2383 3646 rursus
2438 3594 2485 3646 si
2533 3596 2781 3651 adversa:
2814 3611 2900 3650 res
2931 3597 3336 3668 ingravescant,
3371 3611 3487 3655 stu-

1902 3682 2067 3752 pidus
2091 3692 2146 3739 et
2176 3686 2442 3740 attonitus
2480 3685 2564 3740 vel
2595 3686 2706 3744 tuis
2748 3689 2831 3743 vel
2860 3688 3114 3747 hostibus
3140 3692 3400 3750 videaris.

1971 3861 2066 3916 27.
2108 3861 2213 3916 Sed
2245 3877 2424 3942 neque
2455 3864 2524 3920 iis
2555 3867 2897 3936 temporibus
2928 3869 3062 3925 cede
3094 3870 3350 3930 hostibus
3395 3873 3488 3931 ubi

1904 3955 2113 4025 poteris
2149 3953 2258 4010 illis
2290 3955 2570 4024 resistere,
2605 3968 2658 4012 et
2704 3959 3048 4016 incursiones
3096 3963 3312 4019 illorum
3359 3981 3488 4035 pro-

1903 4047 2128 4117 pellere,
2162 4047 2268 4104 nisi
2325 4063 2515 4118 pacem
2568 4049 2753 4105 hostes
2808 4052 2998 4106 utilem
3046 4069 3113 4109 ex
3163 4061 3214 4110 te
3244 4064 3433 4126 petant
3471 4075 3487 4113 :

1904 4153 2117 4210 magnai
2143 4140 2286 4195 enim
2318 4155 2500 4195 rerum
2551 4140 2882 4200 oﬂ‘ensioues
2909 4143 3226 4216 hujusmodi
3261 4163 3327 4204 ex
3353 4164 3489 4205 cau-

1904 4231 1984 4286 sis
2012 4231 2294 4288 oriuntur.

1975 4324 2070 4381 28.
2113 4326 2403 4380 Exercitus
2459 4337 2586 4382 tuus
2641 4324 2710 4380 ad
2769 4327 2970 4382 bellum
3022 4329 3340 4388 educendus
3382 4340 3485 4400 est,

1906 4418 2310 4472 multitudinem
2340 4418 2544 4486 justam
2577 4419 2806 4486 habens,
2833 4422 3047 4477 caeteris
3077 4424 3243 4477 armis
3275 4425 3488 4481 bellicis

1908 4509 2133 4563 minime
2162 4509 2426 4572 defectus,
2455 4509 2716 4578 nullaque
2746 4510 2852 4564 alia
2886 4526 2944 4566 re
2973 4511 3039 4566 ad
3071 4512 3268 4567 bcflum
3297 4528 3481 4570 neces-

1905 4600 2050 4655 saria
2077 4600 2376 4657 destltutus
2410 4621 2422 4656 :
2452 4600 2652 4672 quibus
2686 4601 2739 4656 in
2767 4604 2929 4658 rebus
2965 4605 3092 4659 mali
3128 4606 3486 4676 imperatores

1824 4670 1880 4733 Ῑ)
1906 4693 2168 4750 facillime
2202 4694 2659 4763 reprehensiones
2686 4695 2910 4752 habent.

1974 4787 2068 4842 29.
2107 4787 2418 4844 industrius
2465 4787 2758 4842 admodum
2807 4789 2978 4846 debes
3027 4804 3173 4856 esse,
3210 4792 3486 4862 praecipue

1905 4888 2088 4933 autem
2121 4877 2178 4932 in
2203 4876 2272 4934 iis
2301 4875 2758 4935 administrandis
2795 4893 2916 4950 quae
2948 4879 3014 4934 ad
3041 4883 3488 4950 procurationem

1903 4970 1984 5025 rei
2012 4969 2220 5025 bellicae
2246 4970 2542 5040 pertinent.

1974 5062 2062 5119 '50.
2107 5062 2371 5132 Sumptus
2422 5076 2585 5132 quam
2637 5063 2893 5118 minimos
2926 5073 2980 5119 et
3015 5061 3257 5136 frugales
3288 5066 3490 5122 admit-

1904 5163 2008 5221 tes,
2036 5163 2091 5210 et
2123 5169 2236 5210 rem
2261 5169 2607 5210 communem
2636 5153 2927 5225 diligenter
2954 5157 3262 5213 asservabis
3290 5176 3303 5212 :
3331 5157 3491 5215 dein-

1905 5247 1973 5304 de
1999 5263 2122 5318 quae
2151 5246 2295 5302 facto
2323 5261 2461 5318 opus
2494 5256 2648 5312 sunt,-
2681 5248 2867 5303 omnia
2901 5263 3156 5306 accures.

1976 5339 2066 5393 3|.
2106 5338 2296 5408 itaque
2331 5337 2594 5392 historias
2643 5339 2998 5409 antiquorum
3032 5348 3088 5394 et
3120 5342 3489 5396 recentiorum

1908 5431 2204 5502 diligenter
2239 5445 2565 5500 cognoscas,
2599 5441 2653 5487 et
2704 5433 2949 5486 omnium
2988 5432 3254 5488 factorum
3307 5434 3494 5489 consi-

1916 5523 2225 5592 liorumque
2261 5520 2776 5593 imperatoriorum,
2810 5538 2932 5595 quae
2977 5523 3143 5596 d'gna
3179 5525 3494 5597 cognitione

1902 5626 2066 5683 sunt,
2099 5615 2366 5672 rationem
2402 5624 2612 5672 teneas.
2656 5622 2661 5629 '

1753 5797 1995 5860 NOTAE.
