4036 6300
585 394 723 460 ιοεει
822 350 825 351 ί

1842 347 2118 465 ΙιΕὸΝΙΞ
2144 402 2609 467 PHILOSOPHI

3713 406 3831 473 108‘

649 507 743 565 32.
781 507 938 577 Quod
972 509 1019 565 si
1051 510 1176 582 quis
1206 510 1293 568 vel
1320 512 1514 571 artifex
1550 512 1633 570 vel
1668 514 1921 587 plebeius
1953 519 2140 590 aliquit

2332 518 2434 590 λβ’.
2465 522 2576 576 Καὶ
2605 522 2762 587 εἴτις
2793 521 3191 593 ἐπαγγέλλεταί
3233 543 3315 581 σοι
3348 525 3479 599 περὶ
3517 528 3839 600 στρατηγίας

579 615 694 674 pra:
733 616 795 658 se
839 602 979 658 ferat
1012 604 1289 661 dicturum
1320 606 1467 677 quod
1502 607 1568 663 ad
1608 624 1720 663 rem
1757 608 2051 666 militarem
2084 621 2169 667 st-

578 709 690 766 que
723 695 1131 768 imperatoriam
1173 699 1429 769 pertinet,
1466 701 1616 756 illum
1649 701 1876 757 admitte
1910 702 2166 773 libenter,

574 796 631 843 et
664 803 852 844 eorum
873 804 993 859 qua:
1023 790 1268 861 loquitur
1291 791 1460 862 judex
1492 793 1592 849 sis.

647 880 740 935 33.
780 879 1083 935 Consilium
1131 882 1229 936 tibi
1281 898 1405 939 cum
1438 886 1664 942 senibus
1695 887 2025 958 capiendum
2057 896 2164 956 est,

574 983 629 1027 et
666 972 734 1026 iis
763 972 858 1041 qui
907 973 984 1027 rei
1018 973 1227 1029 bellica:
1268 976 1430 1045 periti
1474 985 1624 1044 sunt,
1656 988 1710 1034 et
1742 980 1835 1049 qui
1870 981 2049 1052 aliqua
2080 982 2166 1037 di-

572 1064 783 1136 gnitate
815 1079 880 1119 ac
914 1064 1204 1122 nobilitate
1237 1067 1552 1138 praelucent,
1579 1080 1634 1125 et
1655 1072 1746 1141 qui
1773 1086 1897 1127 eum
1930 1074 2165 1130 benevo-

574 1158 745 1211 lentia
777 1157 1070 1213 consilium
1104 1156 1263 1215 fidele
1299 1160 1355 1215 in
1385 1161 1552 1220 rebus
1586 1166 1842 1236 gerendis
1876 1166 2008 1222 dare
2036 1181 2166 1237 pos-

571 1257 724 1305 sunt.

641 1342 733 1399 34.
777 1342 833 1397 ln
881 1344 1145 1415 periculis
1196 1345 1413 1404 bellicis
1445 1364 1726 1418 nunquam
1762 1349 2032 1417 dimices,
2067 1362 2162 1409 aut

572 1451 766 1492 manus
791 1453 1054 1494 conseras
1076 1480 1090 1505 ,
1125 1439 1221 1495 sed
1260 1441 1574 1496 cautionem
1607 1442 1686 1497 tui
1722 1442 1897 1511 ipsius
1928 1445 2159 1518 diligen-

569 1534 678 1582 tem
710 1529 934 1595 habeas,
962 1542 1017 1586 et
1048 1531 1309 1587 universo
1337 1533 1604 1588 exercitui
1630 1536 1959 1606 praescribas
1981 1577 1997 1603 ,
2025 1538 2159 1611 quid

566 1621 866 1692 gerendum
908 1622 961 1677 in
998 1623 1253 1679 universa
1288 1624 1647 1682 dimicatione
1674 1628 1768 1684 sit.

638 1714 729 1768 55.
770 1713 1145 1770 Consiliorum
1172 1723 1228 1771 et
1252 1714 1524 1773 factorum
1551 1720 2031 1790 imperatoriorum
2058 1736 2155 1778 ex-

567 1806 837 1876 cogitator
861 1808 941 1864 sis
962 1850 976 1873 ,
1006 1814 1062 1863 et
1092 1808 1148 1863 in
1180 1811 1629 1880 aggressionibus
1656 1811 1766 1868 tuis
1799 1816 1976 1872 solers
2000 1816 2153 1873 exsi-

568 1908 704 1963 stas,
744 1907 859 1953 tum
912 1902 1134 1970 quando
1184 1902 1373 1961 hostes
1417 1904 1737 1975 invasurus,
1766 1915 1884 1964 tum
1931 1912 2151 1982 quando

568 1990 638 2049 ab
670 1992 780 2048 illis
811 1993 1155 2051 invadendus
1182 2009 1267 2052 es.

637 2082 727 2140 56.
768 2084 851 2140 Ad
889 2086 1227 2156 repellendas
1257 2087 1500 2144 hostium
1536 2088 1884 2148 incursiones
1926 2091 2146 2161 habilis,

566 2177 633 2232 ad
669 2178 1108 2237 machinationes
1137 2180 1387 2239 hostibus
1417 2182 1728 2240 inferendae
1761 2185 1967 2256 gravis,
2000 2194 2053 2242 et
2079 2186 2147 2243 ad

566 2268 622 2324 id
664 2271 815 2341 quod
842 2270 1087 2327 futurum
1125 2282 1210 2329 est
1238 2276 1424 2331 animo
1452 2276 1866 2348 anticipandum
1894 2279 2090 2339 solers.

633 2363 724 2418 '57.
762 2363 844 2419 Ad
876 2375 1116 2421 tesseras
1159 2368 1427 2435 quasdam
1466 2378 1657 2424 contra
1699 2370 1889 2426 hostes
1923 2373 2146 2442 excogi-

564 2456 760 2511 tandas
788 2456 1023 2527 diligens
1053 2465 1109 2513 et
1141 2459 1422 2523 assiduus,
1448 2460 1757 2530 prudentia,
1798 2462 2037 2532 ingenio,
2064 2464 2148 2519 in—

560 2546 779 2604 dustria
805 2550 1022 2605 cteteris
1048 2552 1310 2608 omnibus
1337 2554 1611 2623 praefectis
1642 2555 2002 2613 antecedens.

630 2727 722 2784 38.
763 2728 1008 2798 Corpore
1044 2731 1343 2796 robustus,
1373 2740 1426 2788 et
1459 2732 1526 2790 ad
1560 2747 1780 2789 omnem
1807 2743 2141 2789 armaturam

560 2821 821 2876 utendam
852 2821 1047 2878 habilis
1080 2831 1246 2894 atque
1273 2824 1561 2895 expeditus
1595 2843 1611 2881 :
1643 2824 1818 2880 forma
1849 2826 2048 2881 decora
2076 2841 2143 2882 ac

560 2913 800 2977 liberali,
828 2915 978 2968 omni
1011 2929 1289 2970 armorum
1319 2918 1733 2971 coustructione
1777 2915 2014 2972 decorus
2057 2926 2143 2973 at-

558 3019 667 3073 que
715 3003 967 3071 illustris,
1002 3015 1163 3062 aetate
1202 3004 1426 3077 ﬂoreus,
1461 3024 1692 3082 corpore
1740 3018 1904 3081 atque
1953 3011 2141 3069 animo

558 3107 843 3154 strenuus.

627 3280 717 3339 59.
757 3284 1053 3341 Ahstinens
1116 3286 1404 3355 pecuuim,
1460 3289 1754 3346 continens
1802 3288 2139 3358 voluptatum

554 3377 827 3444 omnium,
858 3374 1165 3434 laboriosus
1215 3385 1285 3435 ad
1325 3396 1414 3436 res
1462 3381 1810 3449 tolerandas,
1865 3382 2023 3438 fortis
2072 3382 2141 3438 ad

556 3470 799 3540 pericula
833 3470 1180 3535 sustinenda,
1216 3471 1521 3542 intrepidus
1550 3466 1616 3528 ad
1648 3473 1971 3531 discrimina
2005 3474 2137 3532 sub-

553 3563 730 3617 eunda
753 3599 768 3628 ,
800 3563 867 3617 ad
895 3559 1074 3633 justas
1108 3580 1197 3621 res
1223 3566 1626 3635 persequendas
1657 3568 1873 3645 alacris,
1910 3584 2135 3639 magna-

555 3652 738 3707 nimus
773 3652 828 3707 in
860 3653 1024 3707 rebus
1054 3668 1178 3708 cum
1227 3651 1495 3709 militibus
1531 3654 1826 3721 obeundis,
1855 3655 2134 3727 gerendis,

555 3758 752 3813 magna
786 3743 838 3798 in
876 3740 1283 3801 existimatione
1312 3746 1605 3821 exsistens,
1640 3761 1751 3802 non
1780 3756 2005 3818 propter
2039 3764 2134 3818 ge-

553 3837 705 3891 neris
751 3837 1125 3901 nobilitatem,
1159 3838 1434 3893 civitatem
1482 3850 1577 3894 aut
1617 3841 2009 3910 rempublicam
2064 3841 2135 3897 ab

551 3928 678 3982 aliis
709 3928 1165 3993 administratam,
1189 3929 1283 3985 sed
1311 3938 1409 3985 sua
1438 3930 1659 3996 virtute,
1688 3940 1743 3985 et
1770 3932 1823 3985 in
1848 3931 1999 3986 omni
2026 3946 2133 3987 usu

550 4022 752 4079 bellico
782 4023 1027 4092 diligenti
1061 4024 1351 4080 sedulitate
1382 4024 1610 4095 gloriam
1654 4025 1756 4081 sibi
1802 4040 2132 4097 comparans

550 4116 933 4172 benevolentia
997 4132 1064 4173 ac
1127 4116 1296 4172 animi
1346 4118 1781 4189 promptitudine
1830 4135 1844 4173 :
1901 4128 2130 4177 caeteros

548 4227 743 4268 omnes
773 4210 827 4265 iu
863 4209 1093 4281 singulis
1139 4210 1372 4279 negotiis
1417 4202 1785 4279 suscipiendis
1834 4225 2125 4281 superans,

546 4312 602 4359 et
636 4302 858 4374 perinde
883 4317 947 4356 ac
976 4301 1043 4356 de
1074 4300 1301 4371 privatis
1331 4300 1496 4357 rebus
1528 4302 1801 4372 negotium
1829 4314 1994 4372 esset,
2028 4320 2127 4376 pu-

548 4398 725 4453 blicos
751 4397 967 4450 labores
1002 4395 1240 4448 tolerans

616 4489 710 4544 40.
753 4487 1000 4542 Disertus
1033 4495 1293 4556 praeterea
1323 4493 1377 4539 et
1410 4485 1673 4557 eloquens
1714 4486 1811 4551 sis,
1842 4495 1898 4543 et
1928 4489 2123 4545 certis-

2270 626 2322 663 τι
2355 612 2531 665 είπετν
2563 612 2596 683 ἢ
2622 612 2894 684 τεχνίτης,
2923 615 2957 687 ἢ
3003 614 3237 688 ἰδιώτης,
3265 618 3484 674 πάντων
3537 618 3731 687 ἄκουε,
3763 623 3841 677 καὶ

2269 700 2424 770 γίνου
2452 701 2561 756 τῶν
2589 702 2906 775 λεγομένων
2941 708 3163 780 κριτής.

2339 878 2443 949 λγ’.
2474 882 2545 934 Συ
2554 882 2952 954 μδουλεύεσθαι
2980 886 3038 941 δέ
3060 904 3119 943 σε
3144 889 3253 962 χρὴ
3280 892 3420 963 μετὰ
3438 894 3720 966 γερόντων
3742 897 3842 969 ἅμα

2267 972 2552 1047 ἐμπείρων
2583 978 2893 1050 γενομένων
2933 980 3045 1036 τῶν
3068 986 3212 1039 κατὰ
3249 985 3487 1055 πόλεμον
3518 990 3727 1061 ἔργων,
3760 994 3841 1046 καὶ

2264 1065 2540 1140 ἀξιώμασι
2589 1073 3021 1144 διαπρεπόντων,
3083 1078 3180 1133 καὶ
3221 1081 3359 1151 μετὰ
3410 1082 3629 1149 εὐνοίας
3665 1088 3724 1139 ὲν
3747 1090 3843 1153 τοῖς

2264 1160 2581 1233 πράγμασι,
2623 1167 2751 1238 περὶ
2779 1159 2855 1223 ὧν
2882 1170 2948 1223 ἂν
2985 1170 3019 1242 ἡ
3046 1164 3079 1244 ᾖ
3109 1171 3295 1245 βουλὴ,
3326 1173 3715 1247 διακειμένων.

2332 1343 2425 1402 λδ’.
2463 1346 2553 1401 Δεῖ
2583 1348 2643 1402 δέ
2675 1366 2735 1404 σε
2780 1350 2839 1405 ἐν
2889 1353 3001 1416 τοῖς
3030 1354 3299 1421 κινδύνοις
3332 1357 3434 1429 τῆς
3464 1359 3656 1433 μάχης
3694 1362 3767 1435 μὴ
3789 1364 3841 1417 ὲκ

2257 1436 2441 1508 χειρὸς
2468 1440 2761 1510 μάχεσθαι,
2798 1442 2936 1498 ἀλλὰ
2985 1446 3237 1519 φυλακὴν
3259 1438 3407 1519 ἔχειν
3434 1452 3568 1521 περὶ
3600 1457 3839 1522 σεαυτὸν,

2258 1527 2355 1581 καὶ
2383 1528 2629 1601 ἑρμηνέα
2650 1531 2896 1599 γίνεσθαι
2920 1533 3013 1587 τοῦ
3038 1535 3271 1606 στρατοῦ
3294 1537 3436 1592 κατά
3460 1539 3563 1611 τὴν
3585 1539 3741 1612 ῶραν
3755 1540 3841 1611 τῆς

2258 1617 2439 1690 μάχης
2468 1622 2605 1693 πρὸς
2618 1622 2717 1694 τὴν
2738 1626 3179 1695 κατεπείγουσαν
3208 1628 3421 1700 χρείαν.

2325 1710 2418 1766 λε’.
2460 1712 2657 1781 Ὀξέως
2702 1720 2987 1789 ποιητικόν
3037 1738 3096 1775 τε
3141 1716 3284 1777 εἶναι
3343 1727 3837 1797 στρατηγημάτων,

2254 1802 2351 1856 καὶ
2374 1805 2631 1875 ἀγχίνουν
2645 1808 2703 1863 ἐν
2724 1813 2845 1875 ταῖς
2866 1812 3279 1886 ὲπιχειρήσεσιν
3302 1815 3593 1888 ὑπάρχειν,
3611 1818 3711 1872 καὶ
3722 1806 3838 1873 ὅταν

2182 1876 2227 1936 Β
2253 1895 2417 1960 αὐτὸς
2461 1899 2802 1958 ἐπιτίθεσθαι
2848 1876 3029 1975 βούλει
3052 1876 3181 1971 ’τοϊς
3230 1876 3534 1980 πολεμίοῖςε
3580 1876 3697 1966 ⁷καὶ
3720 1913 3839 1965 hev

2253 1986 2704 2047 ἐπιδουλεύεσθαι
2732 1995 2934 2069 μέλλῃς
2960 1999 3111 2070 παρὰ
3141 1999 3250 2054 τῶν
3280 2001 3588 2072 πολεμίωνι

2323 2079 2433 2147 λς’.
2470 2084 2604 2139 Ἐσο
2633 2085 2800 2141 δὲκαὶ
2826 2089 2885 2143 ὲν
2913 2092 3028 2153 τοῖς
3051 2091 3346 2161 αίφνιδίοις
3376 2094 3565 2162 φόϐοις
3582 2096 3835 2168 εὔπορος.

2251 2174 2345 2229 καὶ
2396 2177 2535 2248 πρὸς
2589 2179 2689 2245 τὰς
2746 2182 2857 2236 τῶν
2926 2183 3204 2256 πολεμίων
3265 2189 3609 2259 κακουργίας
3673 2191 3839 2256 δεινὸς

2251 2270 2511 2342 προϊδεῖν,
2552 2275 2649 2328 καὶ
2675 2275 2736 2329 τδ
2765 2275 2958 2347 μέλλον
2978 2280 3478 2351 προστοχάσασθαι.

2322 2364 2421 2428 λζ’.
2453 2363 2607 2420 Εἶναι
2629 2366 2688 2422 δέ
2718 2385 2777 2422 σε
2825 2368 2932 2442 χρὴ
2959 2372 3054 2426 καὶ
3084 2371 3221 2444 πρὸς
3245 2372 3316 2426 τὰ
3368 2374 3534 2448 συνθή
3544 2394 3723 2447 ματα,
3747 2379 3837 2433 ὅσα

2247 2456 2391 2511 κατὰ
2415 2457 2526 2512 τῶν
2557 2452 2834 2531 πολεμίων
2860 2465 3192 2535 ἐπινοήσεις,
3222 2463 3473 2521 σύντονον
3512 2472 3612 2523 καὶ
3632 2450 3837 2543 *ἐπιμο-

2247 2549 2522 2617 λέστατον,
2559 2553 2772 2609 συνέσει
2799 2573 2860 2609 τε
2883 2557 2978 2610 καὶ
3009 2557 3171 2627 φύσει
3207 2558 3302 2611 καὶ
3334 2561 3629 2636 ἐπιμελείᾳ
3654 2564 3837 2636 διαφέ-

2250 2658 2411 2714 ροντα
2438 2644 2547 2698 τῶν
2569 2644 2675 2699 ὐπὸ
2704 2646 2765 2700 σὲ
2802 2648 3101 2721 ἀρχόντων.
3410 2674 3413 2677 λ

2317 2732 2419 2807 λη’.
2454 2735 2563 2789 Καὶ
2588 2736 2668 2810 τῷ
2699 2731 2914 2811 σώματι
2961 2741 3018 2796 δὲ
3048 2745 3333 2816 ῥωμαλέον
3392 2748 3485 2802 καὶ
3526 2750 3674 2821 πρὸς
3732 2752 3835 2807 suis

2246 2842 2346 2880 σαν
2375 2827 2614 2896 ὅπλισιν,
2651 2829 2793 2885 ὥστε
2838 2834 3072 2905 χρῆσθαι
3114 2838 3251 2910 αὐτῇ
3303 2840 3547 2907 δυνατῶς
3594 2845 3699 2898 καὶ
3740 2844 3835 2898 ἀν·

2243 2920 2611 2990 εμποδίστως,
2638 2925 2734 2978 καὶ
2762 2926 3008 2999 εὐτρεπῆ
3057 2929 3115 2983 δὲ
3165 2932 3418 2987 ἐντεῦθεν
3448 2935 3705 3003 γίνεσθαι
3741 2937 3835 3008 τὴν

2242 3010 2439 3079 είδὲαν,
2470 3014 2564 3070 καὶ
2596 3020 3031 3076 κατεσκευάσθαι
3073 3025 3139 3096 τῇ
3172 3027 3473 3098 παντευχίᾳ
3500 3028 3613 3081 τῶν
3646 3030 3827 3085 ὅπλων

2242 3107 2423 3172 καλῶς
2459 3111 2552 3163 καὶ
2577 3111 2868 3184 εὐπρεπῶς
2895 3116 2991 3171 καὶ
3010 3117 3246 3186 ἀπόνως,
3276 3118 3353 3184 ὡς
3394 3122 3672 3189 γενναίων
3735 3123 3831 3195 τὴν

2165 3226 2209 3285 C
2240 3196 2479 3266 ἠλικίαν,
2506 3199 2601 3253 καὶ
2631 3200 2728 3272 τὴν
2757 3203 2937 3276 ψυχὴν
2962 3206 3055 3259 καὶ
3082 3206 3142 3261 τὸ
3176 3208 3335 3280 σῶμα
3364 3210 3672 3281 εὔρωστον,

2314 3290 2413 3345 λθ”.
2448 3288 2671 3348 Εἶναιδέ
2703 3311 2763 3349 σε
2788 3298 3023 3367 μάλιστα
3051 3300 3396 3376 καὶὲγκρατῆ
3412 3308 3723 3377 χρημάτων
3740 3306 3829 3362 καὶ

2241 3382 2445 3452 ἡδονῶν
2463 3386 2713 3455 ἁπασῶν,
2739 3389 3027 3458 φιλόπονον
3041 3392 3097 3447 δὲ
3123 3394 3258 3465 πρὸς
3273 3397 3370 3461 τὰς
3393 3399 3721 3469 καρτερίας,
3736 3400 3829 3454 ἀι.-

2240 3474 2416 3545 δρεῖον
2444 3475 2498 3529 δὲ
2530 3478 2665 3548 πρὸς
2682 3482 2806 3543 τοὺς
2845 3482 3144 3550 κινδύνους,
3178 3487 3274 3541 καὶ
3305 3487 3382 3559 μὴ
3403 3490 3827 3563 ταρασσόμενον

2239 3566 2297 3620 ὲν
2324 3569 2437 3632 τοῖς
2454 3570 2683 3637 ἀγῶσιν,
2711 3573 2996 3646 φιλότιμον
3025 3579 3156 3650 περὶ
3177 3581 3278 3644 τὰς
3304 3581 3533 3654 πράξεις
3559 3583 3662 3649 τὰς
3690 3585 3825 3657 μετά

2236 3657 2601 3733 δικαιοσύνης,
2628 3665 3005 3738 μεγαλόψυχον
3031 3669 3088 3724 δὲ
3115 3672 3174 3724 ὲν
3192 3676 3305 3738 τοῖς
3324 3674 3506 3746 ἔργοις
3537 3679 3659 3742 τοῖς
3689 3678 3824 3745 πρὸς

2236 3754 2363 3815 τοὺς
2388 3756 2749 3824 στρατιώτας,
2786 3758 3004 3831 ἀξίωμα
3052 3762 3246 3834 ἔχοντα
3305 3768 3427 3821 ἀντὶ
3457 3769 3673 3835 πόλεως
3730 3773 3819 3825 καὶ

2235 3843 2427 3912 γένους
2461 3848 2556 3900 καὶ
2579 3848 2855 3916 πολιτείας
2881 3853 3290 3930 εὐνομουμένης
3334 3860 3433 3931 τὴν
3456 3863 3668 3918 οίκείαν
3691 3866 3819 3937 ἀρε-

2233 3934 2356 4007 τὴν,
2389 3938 2485 3992 καὶ
2505 3939 2584 4012 τῷ
2629 3942 2881 4014 προέχειν
2907 3946 3165 4002 ἁπάντων
3194 3953 3254 4003 ὲν
3303 3954 3368 4024 τῇ
3409 3955 3552 4008 κατὰ
3581 3934 3818 4026 πόλεμον

2232 4030 2518 4103 ἐμπειρίᾳ,
2554 4032 2737 4107 εὐνοίᾳ
2765 4052 2824 4089 τε
2869 4039 2963 4092 καὶ
2987 4039 3269 4114 φιλοτιμίᾳ
3304 4045 3364 4097 ὲν
3406 4048 3518 4109 τοῖς
3545 4049 3816 4118 παροῦσιν

2230 4122 2318 4176 ἀεὶ
2352 4123 2677 4195 πράγμασιν
2717 4126 2845 4192 τοὺς
2891 4130 3086 4194 ἄλλους
3132 4135 3387 4202 νικῶντα,
3422 4137 3518 4189 καὶ
3567 4138 3646 4203 ὡς
3680 4140 3815 4210 ὑπὲρ

2234 4214 2383 4269 ίδίων
2417 4218 2762 4290 πραγμάτων
2792 4222 2922 4286 τοὺς
2944 4225 3158 4290 κοινοὺς
3186 4226 3463 4294 κινδύνους
3484 4230 3817 4304 ἀναδεχόμε-

2228 4322 2339 4362 νον.
2360 4349 2363 4352 ν

2302 4491 2375 4556 μ’.
2412 4487 2645 4560 Προσέτι
2699 4490 2757 4545 δὲ
2811 4492 3184 4567 δημηγορικὸν
3246 4515 3305 4553 σε
3349 4494 3491 4554 εἶναι
3547 4504 3683 4575 χρὴ,
3716 4507 3807 4559 καὶ

544 4581 700 4640 simis
730 4578 1037 4634 rationibus
1063 4582 1117 4634 in
1142 4593 1203 4634 re
1226 4593 1351 4633 vera
1378 4591 1560 4644 utens,
1592 4579 1699 4635 nisi
1727 4581 1815 4635 ubi
1850 4582 2123 4636 interdum

2243 4576 2561 4652 ίιγωνιστὴν,
2582 4581 2677 4634 καὶ
2708 4586 2820 4647 τοῖς
2843 4585 3233 4658 ἁληθεστάτοις
3258 4593 3364 4644 τῶν
3390 4593 3563 4663 λόγων
3594 4601 3807 4670 χρώμε-

545 4671 613 4726 ad
647 4670 969 4725 excitandos
994 4668 1227 4722 militum
1253 4667 1486 4733 animos,
1504 4677 1561 4722 et
1583 4667 1650 4723 ad
1682 4678 1891 4723 mentes
1910 4667 2125 4724 illorum

544 4763 803 4836 praesenti
828 4777 1010 4818 rerum
1045 4760 1441 4833 opportunitati
1471 4761 1764 4832 aptandas,
1792 4762 2012 4816 mentiri
2043 4762 2127 4816 in-

547 4859 758 4913 terdum
788 4868 844 4911 et
873 4855 1052 4911 fictam
1084 4856 1386 4911 orationem
1423 4856 1684 4913 adbibere
1711 4864 1982 4927 oporteat,
2014 4872 2126 4930 quo

544 4950 741 5006 tnelius
767 4948 822 5002 in
857 4947 1192 5004 contrariam
1225 4948 1549 5004 sententiam
1582 4948 1961 5006 traducantur.

610 5042 701 5097 41.
744 5040 884 5113 Erga
920 5041 1041 5098 illos
1072 5041 1166 5112 qui
1209 5042 1265 5095 in
1308 5042 1453 5096 bello
1497 5041 1855 5109 ceciderunt,
1890 5050 1945 5098 et
1993 5059 2121 5117 erga

540 5128 719 5185 bonos
764 5129 914 5184 viros
956 5130 1333 5200 potissimum,
1371 5129 1731 5201 magniﬁcus,
1764 5131 2029 5201 liberalis,
2068 5145 2123 5192 et

542 5218 832 5273 munificus
855 5220 955 5286 sis,
985 5229 1039 5273 et
1063 5220 1301 5276 honores
1333 5220 1439 5276 illis
1464 5230 1576 5276 tum
1604 5221 1841 5289 beando,
1862 5231 1976 5278 tum
2005 5240 2123 5281 me-

541 5314 793 5369 morabili
826 5314 1108 5385 sepultura
1140 5312 1423 5371 alliciendo
1450 5314 1697 5372 habebis.
2117 5314 2121 5318 ’

612 5494 700 5549 42.
740 5494 1002 5566 IEgrotos
1031 5513 1194 5568 quam
1216 5498 1631 5572 diligentissime
1662 5503 1844 5560 sanari
1867 5505 2112 5570 curabis,

540 5601 668 5658 erga
704 5603 972 5659 pauperes
1005 5590 1074 5647 de
1112 5601 1205 5647 tuo
1248 5592 1510 5661 liberalis,
1546 5596 1734 5667 gloria:
1783 5613 1896 5653 non
1947 5599 2114 5656 nimis

541 5688 823 5749 expetens,
851 5691 919 5737 et.
949 5684 1189 5740 liberalis
1223 5694 1337 5741 tum
1370 5687 1426 5743 in
1461 5689 1693 5758 privatis
1728 5699 1841 5748 tum
1876 5690 1931 5747 in
1962 5706 2113 5748 com-

543 5770 799 5826 munibus
824 5773 1105 5830 hominum
1134 5779 1646 5835 consuetudinibus.

611 5859 700 5916 43.
740 5860 923 5935 Neque
951 5867 1361 5938 contentiosus,
1394 5884 1571 5943 neque
1611 5873 1902 5943 curiosus,
1932 5886 2112 5947 neque

2225 4690 2316 4726 νον
2373 4676 2499 4745 περὶ
2537 4676 2635 4748 τὴν
2668 4676 2949 4749 ἀλήθειαν.
2981 4681 3127 4752 Πλὴν
3160 4684 3287 4737 ὅσον
3344 4688 3653 4757 συμφέρειν
3688 4693 3804 4745 οὐδὲ

2226 4764 2633 4835 ἐπιψεύδεσθαι,
2673 4769 2816 4824 ὥστε
2869 4772 2949 4835 είς
2979 4772 3108 4827 ἄλλο
3150 4770 3283 4846 ἦθος
3326 4780 3803 4850 μεταστῆσαιπκαὶ

2225 4862 2443 4931 κινῆσαι
2486 4866 2585 4929 τὰς
2631 4867 2739 4921 τῶν
2783 4870 3093 4926 ἀκουόντων
3144 4874 3324 4945 ψυχὰς
3363 4879 3656 4949 χρήσιμον,
3715 4881 3803 4934 καὶ

2226 4956 2469 5028 βελτίους
2487 4961 2711 5030 ποιῆσαι
2746 4963 2884 5033 πρὸς
2913 4964 3004 5019 τὸν
3036 4966 3281 5038 παρόντα
3306 4970 3529 5042 καιρόν.

2295 5050 2411 5123 μα’.
2444 5053 2581 5124 Περὶ
2615 5054 2673 5108 δὲ
2718 5058 2847 5121 τούς
2874 5058 2933 5110 ὲν
2977 5061 3098 5130 ταῖς
3127 5059 3331 5131 μάχαις
3361 5063 3799 5135 ἀποθνήσκοντας

2223 5146 2649 5219 μεγαλοπρεπὴς
2682 5149 2863 5217 γενοῦ,
2899 5152 2995 5205 καὶ
3026 5152 3328 5223 φιλότιμος,
3359 5155 3453 5208 καὶ
3489 5157 3794 5227 τιμητικὸς,

2221 5238 2455 5307 μάλιστα
2504 5242 2631 5311 περὶ
2684 5245 2811 5306 τοὺς
2854 5244 3095 5310 ἀγαθοὺς
3131 5245 3351 5313 ἄνδρας,
3400 5247 3563 5315 δόξαν
3616 5250 3795 5313 αὐτοῖς

2214 5327 2301 5381 διὰ
2322 5328 2416 5382 τοῦ
2452 5333 2802 5404 μακαρισμοῦ
2833 5334 3050 5405 καὶτῆς
3080 5336 3302 5407 ἐντίμου
3328 5338 3508 5409 ταφῆς
3540 5355 3791 5410 περιποι-

2213 5419 2274 5472 ού
2283 5437 2463 5490 μενος.

2285 5511 2394 5582 μβ’.
2433 5514 2554 5569 Τῶν
2602 5516 2900 5590 νοσούντων
2936 5518 3355 5589 θεραπευτικὸς,
3411 5523 3543 5594 περὶ
3571 5522 3698 5587 τούς
3728 5522 3789 5575 ά-

2211 5604 2409 5675 πόρους
2434 5607 2663 5679 εὔπορος
2684 5612 2748 5663 ὲκ
2776 5610 2886 5663 τῶν
2916 5611 3084 5675 ἰδίων,
3118 5613 3431 5683 ἀφιλόδοξος
3459 5614 3786 5670 δὲκαὶδλευ-

2211 5695 2393 5768 θέριος
2425 5699 2485 5752 ἐν
2508 5702 2628 5764 ταῖς
2656 5701 2815 5765 ἰδίαις
2836 5704 2929 5755 καὶ
2952 5703 3012 5755 ὲν
3040 5705 3161 5769 ταῖς
3186 5708 3339 5776 κοινῇ
3361 5706 3784 5777 συνερχομέναις

2204 5789 2467 5859 ὁμιλίαις.

2280 5875 2389 5950 μγ’.
2415 5879 2508 5952 Μὴ
2552 5880 2771 5955 δύσερις
2826 5882 3081 5957 ὐπάρχῃς
3152 5884 3289 5956 μηδὲ
3347 5885 3777 5961 πολυπράγμων
