3968 6308
175 459 326 524 1085

1395 465 1732 527 TACTICA.
1765 492 1833 502 ·-
1863 469 2264 534 EPIIDGUS.

3317 486 3344 549 Ι
3351 486 3455 551 086

171 573 312 650 μηδέ
346 572 662 642 πολύλογος,
698 575 762 646 τῇ
796 574 852 626 δέ
885 572 1071 645 ἐσθῆτι
1105 572 1345 645 μέτριος.
1371 577 1465 628 καὶ
1494 577 1573 649 τῷ
1618 578 1744 650 σχή‹

1864 579 2084 649 loquax.
2117 581 2354 651 Vestitu,
2409 583 2625 652 habitu,
2665 586 2886 646 incessu
2923 591 3276 662 moderatus;
3310 595 3454 652 invi-

170 685 325 740 ματι,
363 667 551 737 καὶτῷ
573 665 890 736 βαδίσματι.
941 668 1050 720 Καὶ
1088 667 1291 739 μᾶλλον
1325 663 1435 721 τῶν
1461 669 1639 722 ἄλλων
1691 671 1753 724 τὸ

164 759 526 827 ἀνεπίφθονον
579 759 995 830 παραφύλαττε,
1028 759 1167 813 ὥστε
1226 760 1304 831 μὴ
1354 755 1648 815 δάκνεσθαι
1671 763 1751 833 τῷ

163 852 347 922 φθόνῳ
394 852 523 922 περὶ
591 851 720 914 τοὺς
784 854 1193 922 συστρατήγους
1231 869 1284 905 τι
1328 852 1749 924 κατορθοῦντας,

162 943 303 997 ἀλλὰ
343 939 540 1012 ζηλοῦν
571 941 773 1013 μᾶλλον
834 941 929 996 καὶ
979 941 1262 1014 μιμεῖσθαι
1297 943 1392 997 καὶ
1451 942 1752 1011 συναγωνία

162 1033 491 1102 ζεσθαιτοίς
526 1035 980 1108 στρατευομένοις
1009 1037 1145 1108 πρὸς
1179 1033 1394 1090 ἅπαντα
1420 1036 1488 1089 τὰ
1538 1036 1748 1106 συμφέ-

201 1150 348 1186 οντα.

165 1145 348 1293 ροίιέῗί
372 1221 462 1293 Τῷ
491 1222 549 1277 δὲ
582 1220 774 1292 ἀγαθῷ
809 1221 1103 1293 στρατηγῷ
1132 1221 1290 1293 χρέος
1313 1222 1460 1276 ἐστὶν
1487 1221 1621 1292 πρδς
1639 1221 1748 1275 πᾶν

162 1312 322 1378 ἔθνος,
333 1314 712 1388 ἁρμοζομένῳ,
731 1311 1023 1388 διαφόρους
1041 1315 1177 1386 πρὸς
1193 1309 1423 1370 ἕκαστον
1438 1314 1536 1379 τὰς
1550 1331 1750 1386 στρατ-

160 1405 324 1475 ηγίας
347 1405 701 1460 ἐπινοεῖσθαι.

239 1666 341 1738 με’.
370 1668 434 1724 Ei
464 1668 520 1724 δέ
552 1681 682 1726 ποτε
716 1672 811 1726 καὶ
845 1672 1144 1746 ναυαρχίας
1199 1668 1576 1744 ἐπιστήσεται,
1610 1673 1748 1732 ἀκύ-

163 1775 363 1830 μαντον
396 1761 484 1833 ιὴν
513 1762 608 1816 τοῦ
643 1764 831 1817 στόλου
879 1766 1033 1830 τάξιν
1072 1766 1411 1838 διαφυλάξει,
1463 1770 1748 1840 ἐμπείρως

158 1853 299 1923 ἔχων
336 1853 436 1925 τῆς
469 1854 560 1908 τοῦ
597 1856 758 1926 ἀέρος
812 1859 1005 1928 φορᾶς,
1065 1860 1158 1913 καὶ
1206 1860 1304 1923 τὰς
1339 1860 1599 1932 οὐραγίας
1627 1862 1741 1934 (70)

1861 673 2004 727 diam
2038 689 2103 729 ex
2135 677 2388 732 omnibus
2419 677 2585 733 rebus
2615 694 2830 738 summe
2857 681 3063 750 devita,
3099 700 3275 756 neque
3305 687 3453 743 milio

1861 763 2010 818 libus
2059 774 2281 822 strenue
2335 783 2450 824 rem
2501 771 2740 841 aliquam
2773 777 3096 844 gerentibus
3125 795 3188 834 ea
3222 788 3275 835 te
3309 795 3460 834 mor-

1857 858 2005 921 deat,
2043 859 2140 914 sed
2187 861 2374 917 laudes
2403 878 2499 918 eos
2532 865 2716 934 potius
2743 875 2798 922 et
2824 868 3096 938 imiteris,
3132 883 3190 929 et
3222 874 3454 947 adium

1857 952 1924 1006 ad
1960 955 2186 1010 honesta
2219 955 2402 1011 omnia
2433 957 2811 1032 suscipienda.

1923 1216 2013 1274 44.
2056 1213 2517 1294 Unumqucmque
2553 1223 2942 1297 imperatorem
2989 1249 3091 1304 par
3135 1241 3224 1291 est
3252 1237 3449 1295 advero

1852 1325 1949 1369 Sus
1982 1315 2145 1368 ullam
2181 1316 2456 1374 nationem
2486 1319 2689 1376 bellum
2727 1325 3151 1396 suscipientem,
3182 1331 3448 1402 c0gitare,

1850 1415 1906 1462 et
1928 1421 2284 1476 cognoscere,
2321 1426 2572 1480 quaenam
2608 1412 2777 1469 forma
2825 1417 2961 1473 aciei
2996 1418 3216 1476 illorum
3266 1423 3360 1491 sit,
3393 1435 3449 1479 et

1851 1499 2054 1569 quibus
2103 1501 2451 1570 potissimum
2523 1505 2777 1563 artificiis
2835 1511 3445 1587 machinationibusque

1852 1592 1907 1648 in
1947 1593 2088 1649 bello
2120 1605 2376 1652 utuntur.

1921 1688 2011 1743 45.
2057 1689 2152 1745 Sin
2193 1693 2369 1745 navali
2419 1693 2591 1750 classi
2641 1697 2992 1766 praeﬁciatur,
3029 1702 3333 1771 provideat,
3382 1710 3445 1759 ut

1851 1797 1919 1838 ne
1963 1782 2158 1840 classis
2194 1785 2472 1856 aliquibus
2514 1788 2618 1843 sali
2651 1793 3074 1861 tempestatibus
3097 1793 3357 1860 iactetur,
3389 1804 3446 1851 et

1849 1884 2145 1944 astrorum,
2183 1878 2437 1949 aerisque
2471 1889 2651 1938 motus
2679 1883 2951 1939 observet.
2994 1885 3193 1941 Ultima
3224 1889 3443 1957 agmina

152 1944 239 2010 δὲ,
271 1946 389 2015 ἦτοι
415 1947 540 2010 τοὺς
561 1947 1015 2017 ὀπισθοφύλακας
1042 1950 1321 2016 εὐτάκτως
1357 1954 1630 2022 συνάγειν,
1660 1955 1744 2008 ἵνα

1857 1968 2073 2034 classis,
2095 1979 2190 2024 aut
2217 1971 2353 2027 aciei
2383 1972 2635 2028 ordinate
2660 1975 2725 2029 ad
2758 1990 2818 2030 se
2845 1978 3089 2048 colligat,
3107 1994 3175 2034 ne
3203 1979 3447 2035 locorum

162 2039 238 2109 μὴ
266 2038 370 2092 ὐπὸ
397 2039 586 2105 τόπου,
612 2040 645 2110 ἢ
681 2041 785 2093 ὑπὸ
811 2040 979 2112 ζάλης
1027 2041 1343 2109 θαλαττίας,
1393 2044 1425 2116 ἢ
1453 2045 1557 2098 ὑπὸ
1588 2047 1748 2100 πολε-

162 2129 302 2198 μίων
322 2130 757 2201 ἀναγκαζόμενοι
778 2131 1106 2204 φθείροιντο.

237 2221 353 2293 μς·’.
383 2225 473 2276 Δεῖ
496 2224 552 2277 δέ
587 2241 646 2277 σε
667 2224 982 2294 γινώσκειν,
1013 2221 1058 2281 ὧ
1078 2229 1376 2299 στρατηγὲ,
1410 2229 1505 2282 καὶ
1533 2230 1590 2297 ἐξ
1608 2233 1748 2284 ὅσων

157 2315 377 2385 τρόπων
399 2316 451 2367 αἱ
489 2315 658 2386 μάχαι
682 2317 1146 2374 συνάπτονται.Ἢ
1176 2321 1283 2390 γάρ
1308 2324 1371 2375 ἐκ
1392 2322 1749 2394 παρατάξεως

158 2407 303 2460 κατὰ
339 2407 650 2480 πρόσωπον,
685 2409 717 2481 ἦ
766 2411 830 2464 ἐκ
861 2411 1278 2482 παραλογισμοῦ
1310 2415 1453 2467 κατὰ
1500 2415 1744 2484 μέθοδον,

157 2499 398 2570 ῆτόπων
421 2502 916 2571 ἁποστερίσκοντας
935 2504 1167 2575 ὀχυρῶν,
1192 2505 1225 2575 ἢ
1263 2505 1445 2576 χώραν
1469 2507 1526 2574 ἐξ
1558 2506 1747 2576 ἐφόδου

157 2590 500 2662 φθείροντας,
533 2592 566 2663 ἢ
592 2592 992 2666 δενδροτομίας,
1016 2595 1049 2667 ἢ
1073 2596 1438 2668 σιτοφθορίας,
1467 2598 1499 2668 ἢ
1523 2596 1749 2668 δώματα

157 2685 639 2760 ἐμπυρίζοντας,ῆ
669 2687 1085 2760 λεηλατοῦντας,
1117 2689 1745 2762 ἧαίχμαλωτίζονταςεῆ

158 2773 368 2829 ὑδάτων
430 2777 901 2849 ἀποστεροῦντας,
952 2778 985 2849 ἧ
1039 2778 1100 2842 ἐξ
1159 2780 1382 2852 ἐνέδρας
1438 2781 1746 2853 ἐπερχομέ-

154 2885 301 2932 νους.

236 3051 338 3122 μζ’.
385 3053 755 3108 Συνάπτονται
809 3054 865 3107 δέ
915 3057 972 3107 αἱ
1013 3053 1187 3126 μάχαι
1219 3055 1284 3108 ἐκ
1324 3055 1554 3118 τούτων,
1615 3054 1745 3108 ὅταν

156 3146 440 3215 αἰφνιδίως
471 3147 666 3218 ἐπιστῇ
713 3149 1031 3219 στράτευμα
1073 3146 1465 3218 στρατεύματι,
1511 3147 1606 3201 καὶ¹
1646 3163 1741 3199 πο-

155 3239 334 3309 ταμὸν
373 3238 704 3293 διαῦαίνοντι
747 3239 826 3308 τῷ
874 3239 1117 3310 ποὶεμίῳ
1187 3240 1499 3303 συνάπτειν,
1537 3240 1633 3293 καὶ
1670 3239 1746 3304 ὡς

1854 2059 2294 2130 importunitate,
2329 2071 2421 2117 aut
2454 2075 2778 2138 tempestate
2805 2070 3081 2126 maritima
3103 2108 3120 2140 ,
3150 2079 3245 2127 aut
3275 2072 3449 2128 hosti-

1856 2152 1959 2208 bus
1984 2169 2247 2225 oppressa
2274 2167 2519 2226 pereant.

1923 2244 2012 2300 46.
2058 2244 2515 2319 Coguoscendum
2547 2249 2644 2306 tibi
2676 2262 2938 2322 praeterea
2963 2263 3070 2319 est,
3093 2256 3296 2328 quibus
3328 2271 3450 2313 nio-

1853 2336 1939 2393 dis
1993 2339 2178 2408 praelia
2227 2342 2676 2409 committuntur,
2713 2347 2796 2401 vel
2847 2347 2900 2402 in
2956 2347 3074 2404 acie
3104 2349 3172 2404 ad
3206 2350 3445 2405 frontem

1852 2429 2142 2494 instructa,
2172 2433 2256 2487 vel
2287 2448 2350 2488 ex
2377 2434 2507 2488 dolo
2535 2437 2771 2505 quadam
2809 2439 3139 2495 circuitione
3159 2479 3173 2503 ,
3207 2441 3290 2494 vel
3323 2440 3444 2496 loca

1852 2525 2174 2594 occupando
2222 2527 2546 2597 munitiora,
2579 2529 2663 2586 vel
2702 2532 2977 2603 regionem
3013 2533 3329 2591 incursione
3355 2532 3444 2588 di-

1852 2612 2123 2683 ripienda,
2156 2614 2237 2671 vel
2271 2616 2418 2688 ligna
2449 2618 2711 2674 caedendo
2732 2662 2746 2687 ,
2782 2623 2865 2676 vel
2895 2622 3080 2694 fruges
3106 2623 3442 2695 populando,

1849 2705 1932 2758 vel
1963 2704 2106 2760 aedes
2135 2705 2480 2762 incendendo
2503 2746 2519 2773 ,
2563 2708 2648 2764 vel
2682 2724 2845 2780 agros
2878 2714 3180 2781 vastando,
3216 2713 3303 2768 vel
3351 2729 3444 2768 ca-

1849 2797 2028 2868 ptivos
2063 2797 2414 2865 abducendo,
2452 2799 2538 2855 vel
2589 2815 2764 2872 aquas
2811 2802 3030 2858 illorum
3077 2803 3440 2872 detrahendo,

1848 2888 1933 2943 vel
1978 2889 2192 2946 insidiis
2226 2891 2548 2959 adoriendo,
2583 2892 2723 2950 bella
2770 2909 2895 2950 cum
2947 2895 3201 2954 hostibus
3234 2913 3444 2968 gerun-

1848 2988 1960 3037 tur.

1921 3071 2007 3127 47.
2049 3071 2486 3128 Committuntur
2522 3077 2687 3132 etiam
2718 3093 2915 3150 pugnae
2937 3079 2989 3135 in
3032 3065 3196 3148 bello,
3221 3081 3442 3153 quando

1848 3163 2034 3219 subito
2093 3164 2304 3220 invadit
2367 3169 2641 3224 exercitus
2694 3171 3036 3238 exercitum,
3097 3183 3151 3228 et
3208 3175 3434 3229 fluvium

1850 3264 2229 3312 transeuntem
2264 3258 2478 3313 hostem
2512 3261 2764 3316 adoritur
2787 3304 2802 3328 ,
2843 3271 2898 3317 et
2945 3280 2975 3319 e
3011 3266 3271 3335 spatiosis
3301 3266 3439 3322 locis

171 3331 396 3394 στενοὺς
431 3330 630 3395 τόπους
657 3331 716 3398 ἐξ
747 3331 1088 3402 εὐρυχωρίας
1117 3332 1625 3404 μεταλλασσομένῳ,
1653 3335 1744 3388 καὶ

2343 3312 2354 3313 ,
2451 3312 2458 3313 ,
2519 3312 2754 3316 sn---“
2787 3312 2802 3328 ,
2849 3312 2896 3317 _-
2949 3312 2974 3319 -
3011 3312 3270 3335 -,_-.--.-
3301 3312 3436 3322 η-.-

1857 3353 1905 3406 in
1935 3364 2225 3423 augustum
2255 3357 2558 3426 compellit,
2585 3367 2640 3412 et
2675 3374 2738 3413 ex
2777 3360 3031 3430 angustis
3060 3361 3198 3415 locis
3228 3364 3281 3415 in
3310 3375 3436 3432 spa-

159 3423 273 3476 ἀπὸ
300 3423 502 3478 στενῶν
527 3426 709 3477 τόπων
738 3426 818 3487 εἰς
846 3423 1190 3495 εὐρυχωρίαν
1220 3424 1626 3494 καθισταμένῳ,
1655 3426 1750 3478 καὶ

161 3517 331 3587 μήπω
359 3515 795 3588 συντεταγμένῳ.
816 3518 927 3570 Καὶ
950 3513 1076 3570 ὅταν
1102 3516 1415 3588 μεταλλαγῇ
1436 3518 1547 3588 (7i)
1575 3517 1748 3589 ἀθρόα

157 3608 255 3661 τοῦ
284 3608 550 3679 στρατοῦν
575 3607 686 3661 τῶν
722 3607 997 3679 πολεμίων
1053 3609 1305 3679 γένηται,
1345 3608 1441 3662 καὶ
1499 3609 1629 3662 ὅταν
1688 3610 1747 3662 ἐν

158 3701 348 3765 τόποις
381 3700 821 3756 κατακλεισθῶσι
848 3701 1325 3769 δυσδιεξοδεύτοις,
1354 3705 1448 3756 καὶ⁵
1473 3702 1603 3756 ὅταν
1631 3701 1740 3756 τῶν

163 3796 480 3863 ἀναγκαίων
507 3797 885 3866 ἀπορήσωσιν,
922 3795 1016 3850 καὶ
1044 3796 1174 3850 ὅταν
1197 3797 1277 3860 είς
1303 3796 1458 3850 νόσον
1496 3795 1556 3849 τὸ
1581 3795 1748 3866 στρά-

160 3905 339 3959 τευμα
361 3888 472 3943 τῶν
499 3888 760 3944 ἐναντίων
790 3890 1031 3962 ἐμπέσῃ,
1064 3890 1159 3944 καὶ
1181 3890 1311 3944 ὅταν
1341 3889 1446 3943 ὑπὸ
1476 3889 1746 3960 χειμῶνος

161 3980 491 4052 παραλόγως
540 3981 969 4053 ἐνοχληθῶσινῆ
1008 3983 1440 4053 ἐναπολειφθῶσι
1485 3984 1739 4055 χειμῶνι,

160 4075 256 4127 καὶ
283 4074 416 4128 ὅταν
437 4073 546 4127 ἀπὸ
573 4074 683 4128 τῶν
705 4075 985 4146 ἡμερινῶν
1021 4077 1198 4131 πόνων
1222 4077 1290 4130 τὰ
1319 4075 1546 4148 σώματα
1575 4077 1742 4131 κατά-

158 4184 322 4222 κοποι
367 4168 652 4238 γενόμενοι
701 4169 881 4224 ἄσιτοί
946 4171 1053 4223 εἱσι
1092 4170 1185 4223 καὶ
1239 4170 1618 4242 νηστεύοντες.
1675 4173 1744 4224 Ἢ

161 4259 386 4330 πορείας
419 4262 638 4332 μακρᾶς
672 4261 1020 4332 ἐμπεσούσης
1062 4262 1156 4316 καὶ
1200 4263 1369 4326 κόπος
1392 4262 1501 4316 τῶν
1533 4262 1744 4332 ἀλόγων

161 4354 254 4407 καὶ
278 4353 492 4422 ἀνδρῶν
538 4354 790 4426 γένηται,
817 4355 849 4426 ἢ
891 4357 1020 4410 ὅταν
1056 4357 1330 4428 ἄγρυπνοι
1357 4356 1623 4426 γένωνται
1655 4357 1770 4419 διά,

161 4464 315 4510 τινας
341 4447 542 4510 αἰτίας.
588 4449 676 4502 Ἐν
706 4448 763 4502 δὲ
795 4451 902 4513 τοῖς
938 4453 1216 4512 ναυτικοῖς
1247 4453 1417 4521 μάχαι
1442 4451 1743 4505 συνάπτονο

157 4557 248 4593 ται
282 4540 314 4610 ἢ
345 4543 474 4596 ὅταν
513 4544 564 4595 oi
607 4542 858 4612 πολέμιοι
911 4543 1330 4611 ναυαγήσωσιν,
1375 4543 1408 4614 ἦ
1463 4544 1590 4600 ὅταν
1635 4544 1742 4599 ὑπὸ

159 4633 430 4705 χειμῶνος
466 4617 983 4706 ταλαιπωρηθῶσιν.
1008 4692 1011 4695 ,

235 4733 348 4796 μη¹.
380 4728 472 4779 Δεῖ
497 4727 553 4780 δὲ
579 4727 779 4780 εἰδέναι
801 4727 871 4781 τὰ
903 4727 1128 4781 τοιαῦτα
1155 4727 1245 4780 τὸν
1275 4730 1600 4801 στρατηγὸν,
1644 4730 1738 4783 καὶ

160 4818 230 4872 τὰ
261 4819 325 4872 ἐκ
353 4819 558 4873 τούτων
589 4819 808 4873 ἐναντία
833 4820 1117 4892 γινόμενα,
1143 4822 1368 4891 προσέτι
1399 4821 1454 4874 δὲ
1486 4823 1580 4874 καὶ
1613 4822 1738 4886 τοὺς

162 4913 611 4981 καταμερισμούς
633 4913 725 4965 τοῦ
751 4913 1006 4984 στρατοῦ,
1030 4913 1125 4967 καὶ
1149 4916 1245 4976 τὰς
1267 4915 1620 4984 παρατάξεις,
1646 4913 1739 4968 καὶ

164 5005 261 5063 τὰς
290 5004 631 5073 παραγωγὰς
655 5004 765 5058 τῶν
791 5005 1018 5072 τάξεων,
1049 5006 1142 5060 ἵνα
1167 5006 1235 5060 δι’
1272 5007 1467 5075 όλίγων
1505 5006 1738 5059 πείθων-

159 5112 270 5149 ται.
309 5097 518 5149 Εἱδέναι
571 5099 625 5150 δὲ
668 5099 762 5152 καὶ
817 5102 886 5153 τὰ
928 5100 1046 5172 είδη
1090 5101 1200 5154 τῶν
1235 5100 1736 5172 παραγγελμάτων.

235 5187 343 5258 μθ’.
383 5187 493 5241 Καὶ
539 5189 677 5260 πρὸς
725 5191 822 5260 μὲν
875 5192 974 5256 τὰς
1025 5191 1488 5264 ἀπηριθμημένας
1520 5194 1739 5265 ἀπάσης

161 5279 259 5349 τῆς
293 5279 474 5350 μάχης
519 5281 775 5346 ἐπιϐολὰς
806 5284 1073 5356 νουνεχῶς
1102 5284 1415 5338 ἐπιϐάλλειν
1451 5301 1510 5338 σε
1557 5303 1739 5356 παρα-

161 5370 520 5442 κελευόμεθα,
552 5367 596 5426 ὧ
629 5376 924 5446 στρατηγὲ,
973 5375 1204 5430 καθόσον
1239 5376 1550 5448 ἐπινοήσεις
1595 5377 1739 5432 ἐνδέ-

159 5463 352 5536 χεσθαι
382 5467 481 5530 τὰς
510 5469 878 5540 ἐγχειρήσεις,
914 5469 1278 5538 φυλάττεσθαι
1319 5471 1376 5525 δὲ
1429 5471 1530 5548 ἀπ’.
1558 5471 1737 5524 αὐτῶν

158 5558 257 5620 τὰς
281 5558 389 5611 τῶν
451 5560 725 5630 πολεμίων
785 5563 1081 5627 ἐπιθέσεις.
1139 5565 1249 5617 Καὶ
1291 5563 1428 5635 πρὸς
1462 5563 1640 5617 πάντα
1672 5569 1741 5620 τὰ

158 5650 406 5719 τοιαῦτα,
448 5654 496 5705 εί
526 5652 667 5708 οὕτω
698 5654 873 5726 τύχοι,
906 5656 1249 5727 ἐμπίπτοντά
1299 5673 1358 5709 σε
1387 5658 1613 5726 φεύγειν
1639 5657 1738 5721 τὰς

157 5745 525 5820 ἐγχειρήσεις·
552 5748 588 5802 ἃ
635 5749 743 5820 γὰρ
794 5749 1003 5822 ἑτέροις
1038 5748 1283 5822 δράσεις,
1340 5750 1408 5803 δι’
1443 5749 1624 5805 αὐτῶν
1666 5751 1736 5804 τὰ

1847 3442 2076 3497 tiosiora
2125 3445 2337 3502 hostem
2388 3446 2630 3501 nondum
2696 3449 3025 3505 instructum
3081 3451 3309 3520 educit,
3377 3460 3430 3507 et

1847 3536 2069 3605 quando
2116 3539 2471 3593 commutatio
2507 3539 2688 3596 subita
2729 3550 2814 3596 est
2845 3541 2963 3612 ejus
3003 3543 3096 3614 qui
3133 3544 3319 3601 hostes
3355 3546 3434 3599 vi-

1846 3638 2018 3691 cerat,
2047 3636 2102 3684 et
2132 3631 2356 3701 quando
2384 3632 2436 3686 in
2475 3633 2612 3689 locis
2646 3634 3000 3691 includuntur
3025 3637 3092 3691 ad
3122 3638 3436 3694 exeundum

1845 3719 1878 3776 d
1906 3719 2185 3786 flicilibus,
2217 3733 2270 3779 et
2300 3725 2522 3794 quando
2557 3727 2721 3782 rebus
2751 3731 3082 3786 necessariis
3113 3731 3440 3787 destituun‘

1845 3821 1956 3878 tur,
1993 3821 2048 3868 et
2091 3815 2311 3885 quando
2342 3816 2397 3873 in
2432 3819 2670 3888 aliquam
2711 3818 3067 3876 offensionem
3099 3822 3436 3878 valetudinis

1844 3904 2087 3960 hostium
2134 3907 2304 3978 copiae
2356 3910 2584 3976 cadunt,
2632 3911 2855 3982 quando
2885 3912 3214 3969 adventante
3249 3915 3437 3970 hieme

1845 4000 2085 4069 graviter
2134 4003 2554 4070 perturbantur,
2605 4013 2700 4057 aut
2742 4004 2860 4076 ipsa
2908 4005 2964 4060 in
3008 3991 3193 4066 hieme
3233 4006 3433 4062 defeeti

1845 4095 2180 4148 necessariis
2215 4103 2375 4160 sunt,
2404 4096 2626 4167 quando
2653 4096 2870 4152 diurnis
2897 4098 3182 4155 laboribus
3214 4099 3431 4166 lassati,

1844 4185 2028 4239 inedia
2094 4186 2225 4250 cibi,
2263 4188 2620 4258 potionisque
2649 4198 2944 4244 vexantur.
2977 4189 3072 4246 Vel
3107 4191 3150 4246 si
3183 4193 3288 4246 iter
3317 4207 3433 4247 ma-

1845 4295 2012 4349 gnum
2057 4281 2375 4352 contingat,
2438 4291 2553 4336 tum
2583 4283 2855 4352 homines,
2885 4294 2998 4339 tum
3034 4285 3286 4354 jumenta
3317 4286 3428 4340 las-

1845 4386 2060 4441 sentur,
2109 4375 2192 4429 vel
2225 4375 2444 4445 quando
2482 4375 2648 4446 nimis
2692 4377 2887 4448 vigiles
2920 4379 3086 4433 certis
3130 4377 3198 4433 de
3247 4381 3433 4435 causis

1845 4475 1994 4530 sunt,
2046 4470 2127 4521 vel
2162 4470 2382 4537 quando
2419 4469 2662 4541 praelium
2704 4470 2897 4525 navale
2933 4470 3040 4526 illis
3075 4470 3298 4537 accidit,
3345 4472 3431 4526 vel

1845 4558 2066 4627 quando
2105 4559 2292 4616 hostes
2342 4561 2693 4632 naufragium
2745 4560 3017 4628 fecerint,
3075 4564 3155 4618 vel
3193 4565 3418 4634 quando

1764 4669 1818 4728 D
1847 4649 2029 4705 hieme
2059 4655 2466 4707 excruciantur.

1913 4742 2002 4796 48.
2049 4741 2173 4797 Haec
2202 4744 2407 4810 omnia,
2447 4744 2755 4815 horumque
2795 4746 3079 4800 contraria
3124 4746 3426 4817 imperator

1842 4842 2161 4905 cognoscat.
2181 4834 2490 4891 Divisiones
2524 4847 2787 4907 praeterea
2815 4841 3109 4903 exercitus,
3131 4839 3424 4894 deductio-

1841 4945 1943 4985 nes
1966 4930 2233 4996 acierum,
2274 4940 2331 4984 ut
2357 4930 2516 4985 facile
2546 4931 2946 5004 obtemperent,
2973 4947 3174 5003 genera
3207 4947 3427 5004 quoque

1842 5021 2233 5076 mandatorum
2278 5033 2637 5093 cognoscant.

1921 5201 2010 5254 4).
2056 5198 2260 5256 Praeter
2291 5202 2390 5256 has
2424 5202 2716 5273 praedictas
2748 5219 2943 5262 omnes
2988 5206 3114 5264 belli
3161 5207 3426 5281 irruptio-

1797 5335 1800 5338 .
1849 5306 1983 5358 nes,
2040 5292 2342 5362 prudenter
2391 5300 2450 5347 ut
2498 5295 2684 5350 hostes
2729 5297 3000 5354 adoriaris
3049 5299 3422 5369 praecipimus,

1848 5389 2117 5449 quantum
2175 5385 2371 5440 subitae
2419 5403 2602 5442 rerum
2639 5391 3031 5459 aggressiones
3073 5391 3423 5462 prudentiam

1849 5476 2140 5533 admittere
2196 5489 2450 5548 possunt.
2513 5479 2764 5536 llostium
2821 5489 3007 5537 autem
3072 5484 3424 5541 incursiones

1849 5578 2117 5638 quantum
2152 5580 2304 5640 potes
2332 5572 2562 5637 devites,
2607 5581 2662 5626 et
2694 5573 2878 5629 omnia
2907 5573 3256 5644 hujusmodi,
3301 5590 3424 5646 qur

1847 5659 2087 5716 incidere
2115 5672 2367 5732 possunt,
2401 5666 2712 5735 propulses.
2766 5667 2897 5734 Qua:
2946 5667 3092 5723 enim
3135 5671 3191 5722 in
3233 5669 3423 5728 hostes

1844 5754 2048 5810 inferre
2073 5755 2310 5827 cogites,
2342 5757 2533 5814 eadem
2561 5774 2703 5830 saepe
2730 5775 2966 5818 numero
2999 5761 3068 5817 ab
3099 5762 3208 5817 illis
3243 5762 3423 5834 patie-

1675 5865 1905 5923 NOTAE.

226 5963 342 6038 (70)
356 5962 467 6020 Καὶ
485 5964 906 6038 τὰςοὺραγίας.
930 5964 1306 6034 Scribebatur,
1331 5964 1429 6030 τὰς
1450 5964 1730 6035 οὐρανίας.

1917 5967 2031 6039 (7|)
2063 5966 2249 6022 Ὅταν
2277 5966 2577 6041 Italian}.
2609 5967 2821 6042 Scribe,
2852 5971 2982 6028 ὅταν
3008 5971 3345 6046 μεταλλαγὴ.
