3968 6308
233 393 372 462 1089

1453 409 1764 473 TAC’I’ICA
1777 459 1790 472 .
1830 437 1899 447 --
1936 414 2335 480 EPILOGUS.

3363 429 3504 500 1090

227 530 318 567 ται
349 512 557 568 ἕκαστα
584 531 598 546 ο
627 515 723 568 καὶ
746 515 907 580 ποίας
938 515 1186 582 ὁπλίσεις
1237 519 1319 572 δεῖ
1355 521 1621 576 ποιεῖσθαι
1676 522 1795 577 κατέ

1924 534 2167 581 mentum
2198 529 2420 595 habent,
2455 532 2912 602 quemadmodum
2946 537 3160 607 singula
3189 539 3342 610 flant,
3367 560 3499 616 πυστ-

233 606 338 659 τῶν
388 607 670 671 ἐναντίων,
728 610 821 662 καὶ
862 609 980 674 πῶς
1027 612 1437 681 μετακινεῖσθαι
1485 615 1584 679 τὰς
1636 615 1817 682 τάξεις

229 696 475 763 δυνατὸν,
505 701 597 755 καὶ
623 703 682 755 ἐν
701 702 807 756 τίνι
837 703 1009 777 τόπῳ,
1029 705 1124 758 καὶ
1152 707 1282 761 πότε
1312 710 1598 780 χρηστέον.
1632 710 1815 766 Ταῦτα

232 791 331 860 μὲν
362 794 454 846 καὶ
491 793 588 866 τῆς
618 797 904 868 τακτικῆς.

299 972 396 1028 νϐ’.
431 973 544 1046 Τῆς
565 974 624 1030 δὲ
662 976 1111 1052 ἀρχιτεκτονικῆς
1147 985 1295 1036 ἐστιν
1333 983 1404 1038 τὰ
1435 985 1544 1040 τῶν
1588 1005 1814 1059 στρατο-

229 1068 407 1122 πέδων
443 1069 536 1123 καὶ
576 1071 864 1140 φοσσάτων
896 1077 1151 1146 σχήματα
1181 1077 1301 1147 ῆτοι
1335 1079 1444 1133 τῶν
1493 1080 1809 1153 ἁπλήκτων,

227 1160 346 1223 πῶς
380 1162 463 1214 δεῖ
483 1161 657 1216 ταῦτα
692 1165 1008 1234 περιλαϐεῖν
1060 1168 1148 1221 διὰ
1181 1171 1450 1238 φοσσάτου
1481 1173 1512 1243 ἢ
1547 1174 1809 1243 χάρακος,

229 1251 324 1303 καὶ
353 1251 446 1304 τὸν
489 1252 692 1307 ἔσωθεν
733 1253 901 1309 τόπον
954 1256 1271 1328 διαμερίσαι
1332 1262 1684 1332 συμμέτρως,
1717 1265 1813 1316 καὶ

227 1343 458 1412 ποιῆσαι
484 1345 754 1412 διεξόδους
777 1349 876 1412 τὰς
904 1350 1277 1422 ἁρμοζούσας,
1300 1355 1395 1406 καὶ
1424 1355 1484 1406 τὸ
1506 1353 1677 1419 δεῖξαι
1703 1355 1814 1409 διαο

227 1438 478 1508 στήματα
511 1439 764 1509 μεγίστου
798 1443 1162 1512 στρατοπέδου
1206 1444 1293 1498 διὰ
1319 1444 1415 1499 τοῦ
1467 1447 1676 1516 μήκους
1716 1449 1811 1502 καὶ

223 1529 516 1603 ἐλαχίστης
541 1533 704 1587 παλιν
724 1534 813 1590 διὰ
838 1535 1121 1608 συστολῆς,
1144 1539 1233 1592 ὅτε
1251 1539 1441 1612 καιρὸς
1464 1540 1562 1610 τῆς
1579 1542 1809 1595 ἑκάστου

221 1625 406 1695 χρείας
447 1626 617 1681 ἐστίν’
656 1627 978 1697 ἐκλέγεσθαι
1029 1630 1085 1684 δὲ
1116 1631 1206 1684 καὶ
1251 1631 1450 1696 τόπους
1475 1634 1588 1687 ὅσοι
1623 1633 1698 1706 μὴ
1727 1637 1810 1690 εὖ.

222 1718 602 1773 επιϐούλευτοί
644 1723 750 1774 εἰσι
789 1724 903 1787 τοῖς
933 1723 1233 1794 πολεμίοις,
1290 1725 1385 1778 καὶ
1413 1715 1526 1780 ὅσοι
1571 1728 1810 1782 εὐαπάλ-

219 1810 406 1866 λακτοι
441 1814 499 1866 ἐν
527 1816 646 1879 ταῖς
679 1815 1050 1888 ὐποστροφαῖς
1085 1819 1180 1872 καὶ
1207 1821 1325 1884 ταῖς
1351 1820 1724 1886 ἁναζεύξεσιν.

1922 617 2025 673 lem
2062 633 2400 678 armaturam
2433 625 2700 682 adversus
2733 628 2944 684 hostem
2983 631 3273 702 fabricare,
3303 653 3498 708 quem-

1919 707 2215 770 admodum
2256 721 2401 776 acies
2451 722 2659 777 moveri
2715 723 2970 791 debeant,
3023 742 3133 796 quo
3187 707 3333 793 loco,
3362 741 3498 789 tem-

1919 821 2160 877 poreque
2225 813 2509 867 utendum.
2582 813 2762 885 Atque
2824 814 2939 872 haec
2987 816 3055 874 de
3122 819 3348 877 aciebus
3407 824 3497 878 in-

1916 900 2219 956 struendis.

1985 992 2075 1049 59.
2119 994 2516 1054 Architectura:
2561 1009 2643 1056 est
2691 1010 3001 1059 castrorum
3052 1005 3257 1063 formas
3294 1007 3496 1064 descri-

1915 1085 2064 1151 here,
2111 1089 2576 1157 quemadmodum
2626 1083 2770 1149 fossa
2797 1134 2812 1160 ,
2851 1106 2945 1150 aut
2984 1098 3125 1153 vallo
3161 1099 3492 1170 obsepiemla

1913 1187 2074 1246 sunt;
2118 1180 2386 1236 interiora
2424 1183 2543 1238 loca
2581 1196 2726 1256 apte,
2751 1187 3156 1260 distributeque
3180 1193 3489 1263 sejungere,

1911 1271 2095 1327 exitus
2120 1274 2358 1343 aperire,
2391 1277 2615 1331 maximi
2644 1279 2921 1336 exercitus
2948 1282 3259 1348 intervalla,
3279 1286 3491 1340 minimi

1911 1369 2096 1417 autem
2146 1366 2433 1436 angustias
2487 1375 2694 1436 tenere,
2746 1371 2839 1426 ubi
2900 1376 3237 1432 utrorumvis
3290 1377 3490 1449 aliquis

1910 1473 2046 1514 usus
2077 1458 2263 1523 fuerit,
2304 1459 2423 1515 loca
2451 1463 2674 1534 eligere,
2707 1481 2829 1537 qua:
2866 1467 3106 1524 hostium
3137 1469 3358 1528 insidiis
3384 1475 3492 1528 mi-

1910 1550 2060 1605 nime
2109 1561 2462 1622 appetantur,
2515 1571 2748 1628 quasque
2792 1561 2846 1613 in
2898 1562 3331 1632 reversionibus,
3373 1565 3489 1622 dis-

1905 1641 2405 1718 junctionibusque
2434 1647 2628 1705 idonea
2655 1666 2777 1708 esse
2807 1663 3058 1725 possunt.

292 1905 353 1970 ξ’.
387 1909 619 1977 Προσέτι
649 1909 705 1964 δὲ
739 1880 1048 1982 μηχανίκῆς
1075 1912 1191 1965 ἐστι
1229 1880 1795 1986 τεινχίσματανπόλεων

1980 1913 2069 1970 60.
2112 1913 2286 1985 Hujus
2317 1919 2450 1974 artis
2485 1930 2746 1990 pra-terea
2777 1932 2926 1991 sunt,
2958 1941 3145 1984 muros
3177 1929 3482 2000 civitatum,

219 1997 252 2069 ἢ
281 1998 456 2052 ἄλλων
484 2001 758 2071 φρουρίων
788 2003 926 2073 πρὸς
976 2002 1078 2066 τὰς
1115 2003 1226 2058 τῶν
1255 2006 1528 2076 πολεμίων
1553 2011 1801 2080 μηχανὰς

218 2092 642 2163 ἀκαταγώνιστα
691 2099 1128 2165 κατασκευάσαι,
1173 2101 1268 2155 καὶ
1320 2100 1425 2154 ὐπὸ
1483 2101 1692 2157 ὑδάτων
1735 2104 1800 2158 ἂν

217 2187 517 2257 ἐπαγωγῆς
564 2188 839 2245 ἀνάλωτα.
887 2191 999 2245 Καὶ
1047 2193 1179 2265 περὶ
1238 2194 1306 2248 τὰ
1334 2194 1488 2266 τείχη
1529 2195 1584 2251 δὲ
1626 2215 1801 2254 κατα·-

217 2278 416 2343 σκευὰς
468 2280 692 2350 ποιῆσαι
723 2281 818 2336 καὶ
850 2284 1271 2354 παρασκευάσαι
1302 2284 1516 2341 ὅπλισιν
1535 2303 1550 2318 ο
1591 2305 1701 2341 οιον
1730 2290 1799 2342 τὰ

216 2374 489 2445 λεγόμενα
546 2376 902 2446 μαγγανικὰ,
955 2378 1052 2432 καὶ
1112 2377 1550 2450 τοξοδολίστρας,
1585 2382 1679 2436 καὶ
1731 2383 1800 2438 τά

214 2466 349 2521 ἄλλα
379 2467 477 2522 ὅλα
503 2467 642 2523 ὅπλα
672 2468 773 2523 ὅσα
802 2469 938 2541 πρὸς
963 2472 1319 2542 τειχομαχίαν
1353 2472 1671 2540 ἀντίκειται,
1705 2477 1799 2530 καὶ

215 2559 412 2630 ἐτέρας
442 2559 640 2633 δέ(74)
685 2563 824 2633 πρὸς
869 2563 1224 2634 τειχομαχίας
1283 2565 1581 2638 ἐπιτήδεια.
1614 2565 1798 2623 Ταῦτα

215 2653 316 2722 μὲν
356 2653 452 2707 καὶ
481 2652 582 2723 τῆς
615 2654 1094 2727 ἀρχιτεκτονικῆς.

243 2787 247 2792 .
280 2744 389 2810 ﬁa'.
416 2743 530 2815 Τῆς
559 2745 615 2798 δὲ
663 2746 1034 2819 ἀστρονομίας
1077 2748 1240 2816 εἰσὶν,
1275 2750 1404 2815 τοὺς
1451 2754 1677 2824 καιροὺς
1702 2754 1794 2810 τοῦ

211 2837 460 2892 ἐνιαυτοῦ
487 2838 796 2911 προλέγειν,
822 2841 878 2893 ἐν
922 2835 1006 2906 οἷς
1036 2842 1322 2914 χειμώνων
1356 2845 1451 2898 καὶ
1497 2848 1797 2919 καυμάτων

214 2931 511 3002 μεταὸολαὶ
541 2930 809 3004 γίνονται,
893 2933 1102 2988 ὑδάτων
1134 2934 1382 3007 ὀμϐρίων
1407 2942 1794 3014 μεταφοραὶ,ἢ

211 3025 544 3095 πνευμάτων
590 3025 846 3092 ἐξαισίων
881 3027 1147 3099 κινήσεις,
1181 3028 1241 3093 ἐξ
1282 3021 1359 3084 ὧν
1407 3031 1798 3103 στρατεύματα

211 3115 477 3180 πολλάκις
524 3117 607 3183 είς
672 3118 964 3188 μεγίστους
1013 3118 1300 3186 κινδύνους
1362 3122 1638 3179 ἐνέπεσον.
1686 3125 1796 3179 Καὶ

212 3208 434 3278 περὶτὰ
478 3209 622 3282 μέρη
651 3209 709 3264 δὲ
737 3211 838 3275 τῆς
875 3209 1090 3282 ἡμέρας
1111 3210 1205 3314 καὶ
1247 3213 1594 3314 τῆς-νυκτὸς-
1629 3216 1792 3314 ἀκρι-
1824 3253 1870 3314 c

211 3297 322 3362 δῶς
347 3298 577 3371 διαιρεῖν
605 3302 731 3366 τοὺς
763 3303 990 3372 καιροὺς
1037 3300 1176 3374 πρὸς
1213 3302 1314 3368 τὰς
1345 3303 1496 3375 ῶρας
1527 3304 1637 3358 τῶν
1671 3307 1795 3358 ἐπι-

211 3391 415 3445 θέσεων
450 3394 544 3447 καὶ
575 3393 712 3464 πρὸς
747 3393 848 3458 τὰς
878 3395 1241 3460 ἀναπαύσεις,
1296 3397 1355 3452 ἐν
1395 3392 1484 3462 αἷς
1507 3399 1796 3470 ἀστοχοῦνο

123 3487 127 3491 ’
209 3499 300 3537 ται
328 3483 440 3556 (75)
474 3484 736 3551 πολλάκις
763 3486 1035 3559 ἄχρηστον
1069 3488 1170 3560 τὴν
1204 3487 1436 3560 δύναμίν
1455 3506 1600 3553 τινες
1621 3491 1796 3561 άπερ-

209 3575 487 3644 γάζονται.
523 3577 660 3650 Περί
697 3595 757 3632 τε
789 3579 1033 3650 σεισμῶν
1066 3581 1161 3634 ml.
1207 3580 1315 3636 τῶν
1344 3579 1522 3636 ἄλλων
1554 3582 1796 3652 σημείων

208 3666 277 3720 τὰ
319 3666 579 3737 μέλλοντα
624 3667 956 3741 δηλοποιεῖν,
992 3672 1026 3745 ἢ
1064 3672 1159 3725 καὶ
1195 3669 1330 3741 πρὸς
1381 3671 1441 3724 τὸ
1489 3673 1792 3742 συμφέρον,

204 3757 305 3818 τὰς
363 3758 686 3828 ἐπιφανείας
769 3760 1035 3832 ἐντέχνως
1094 3759 1543 3832 μεταρυθμίζειν.
1609 3763 1795 3816 Πάντα

202 3848 381 3902 ταῦτα
431 3850 530 3921 τῆς
563 3850 922 3922 ἀστρολογίας
953 3852 1113 3907 είσίν.

284 3941 382 4012 ξβ’.
413 3943 524 4012 Τῆς
554 3943 611 3998 δὲ
656 3944 938 4017 ἱερατικῆς
982 3945 1132 3999 ἐστιν
1166 3943 1249 4010 τὸ,
1310 3946 1493 4011 καλῶς
1547 3946 1616 4000 τὰ
1674 3946 1793 4001 Beia.

199 4035 464 4107 χρῆσθαι,
501 4037 594 4091 καὶ
621 4036 799 4091 ταῦτα
840 4037 1108 4091 ἐπιτελεῖν
1139 4037 1509 4103 ἀδιαλείπτως
1530 4040 1597 4095 τά
1630 4055 1794 4113 στρα-

196 4128 454 4199 τεύματα
502 4127 745 4194 εὐσεϐῶς
773 4147 832 4183 τε
876 4130 973 4184 καί
999 4127 1312 4200 θεαρέστως
1355 4131 1498 4186 κατὰ
1554 4131 1646 4186 τὸν
1687 4149 1793 4186 πα-

201 4219 502 4290 ραδοθέντα
535 4220 737 4291 θεσμὸν
775 4220 987 4277 ἀνωθεν
1035 4223 1149 4286 τοῖς
1196 4220 1481 4276 εὐσεϐοῦσι
1522 4224 1791 4296 Χριστια-

196 4315 335 4379 νοῖς,
375 4313 466 4367 διά
513 4330 572 4368 τε
614 4314 929 4385 ἱερολογιῶν
953 4354 969 4381 ,
1022 4314 1120 4368 καὶ
1181 4315 1510 4385 ἱερουργιῶν
1553 4317 1644 4370 καὶ
1682 4317 1792 4372 τῶν

198 4404 384 4460 ἄλλων
423 4404 600 4476 εὐχῶν
639 4405 734 4459 καὶ
766 4405 1005 4477 δεήσεων
1059 4406 1197 4476 πρὸς
1241 4406 1335 4458 τὸν
1365 4405 1498 4459 Θεὸν
1557 4407 1790 4472 ἐκτενῶς

193 4498 529 4569 γινομένων,
554 4499 649 4554 καὶ
681 4497 819 4569 πρὸς
844 4497 941 4571 τὴν
961 4502 1343 4571 πανάχραντον
1369 4499 1533 4553 αὐτοῦ
1561 4500 1792 4572 Μητέρα

1908 2014 2004 2061 aut
2031 2010 2398 2065 munitionum
2428 2012 2498 2068 ab
2522 2014 2760 2070 hostium
2809 2019 3316 2079 machinationibus
3347 2023 3487 2079 inte-

1909 2115 2037 2172 gros
2081 2117 2321 2171 servare,
2373 2113 2468 2160 aut
2515 2121 2780 2177 aquarum
2833 2112 3223 2171 inundationes
3263 2115 3331 2173 ab
3373 2119 3484 2175 illis

1908 2195 2191 2266 repellere,
2244 2213 2396 2253 arma
2448 2199 2516 2254 ad
2548 2216 2735 2258 muros
2766 2204 3140 2263 defendendos
3179 2225 3392 2279 parare,
3423 2223 3485 2268 ut

1907 2287 2254 2357 manganica,
2275 2290 2690 2361 toxobolistras,
2716 2303 2766 2349 et
2802 2297 3013 2368 reliqua
3049 2300 3216 2370 hujus
3238 2305 3480 2375 generis,

1905 2393 2250 2451 quaecunque
2296 2382 2382 2437 vel
2429 2383 2496 2437 ad
2550 2400 2739 2442 muros
2784 2387 3186 2457 defendendos,
3236 2393 3319 2450 vel
3377 2411 3482 2465 op-

1905 2470 2229 2538 pugnandos
2278 2481 2533 2544 spectare
2576 2476 2776 2544 solent,
2821 2486 2984 2551 atque
3034 2481 3150 2539 haec
3200 2483 3268 2540 de
3296 2487 3481 2544 archi-

1906 2566 2136 2617 tectura.

1973 2747 2064 2804 6L
2108 2750 2471 2807 Astrnnomim
2517 2761 2602 2810 est
2652 2757 3110 2827 tempestivitatcs
3157 2763 3286 2817 anni
3340 2778 3514 2833 prae--

1904 2837 2107 2907 dicere,
2157 2841 2211 2896 in
2237 2843 2438 2912 quibus
2472 2844 2734 2916 frigorum
2762 2888 2777 2913 ,
2807 2857 2860 2904 et
2889 2849 3132 2906 calorum
3167 2864 3480 2910 commuta-

1904 2931 2082 2986 tiones
2116 2932 2274 2999 fiunt,
2322 2943 2417 2990 aut
2449 2936 2730 3006 imbrium,
2766 2949 2822 2995 et
2863 2957 3128 3013 aquarmn
3171 2946 3479 3016 pluviarum

1904 3024 2203 3094 proluvies,
2235 3026 2321 3080 vel
2346 3037 2637 3085 ventorum
2674 3031 2976 3102 ingentium
3007 3033 3192 3103 ﬂatus,
3220 3052 3251 3093 e
3276 3040 3479 3109 quibus

1903 3116 2084 3186 magni
2116 3118 2393 3175 exercitus
2443 3119 2497 3174 in
2534 3137 2749 3178 summa
2791 3141 2935 3197 szepe
2963 3127 3288 3185 discrimina
3318 3147 3480 3189 vene-

1906 3215 2061 3276 runt;
2093 3207 2198 3263 diei
2256 3212 2546 3284 noctisque
2571 3225 2755 3284 partes
2782 3218 2856 3273 ita
2888 3221 3178 3278 commode
3210 3222 3478 3290 dividere,

1900 3307 1962 3353 ut
1994 3301 2252 3370 requietis
2285 3317 2348 3358 ac
2405 3303 2743 3364 incursionis
2792 3317 3040 3381 tempora
3088 3313 3348 3371 facillime
3381 3331 3476 3373 co-

1899 3402 2256 3460 gnoscantur,
2293 3395 2496 3465 quibus
2542 3415 2652 3454 non
2687 3402 3018 3470 observatis,
3074 3407 3344 3463 universze
3382 3425 3476 3466 co-

1899 3483 2116 3553 piarum
2174 3502 2404 3543 summa:
2448 3505 2594 3561 saepe
2647 3492 2701 3548 iii
2752 3495 2919 3551 rebus
2967 3499 3350 3569 aggrediendis
3403 3502 3478 3558 ir-

1898 3576 2021 3631 ritae
2066 3587 2226 3646 atque
2271 3578 2463 3637 inanes
2515 3582 2768 3651 fuerunt;
2804 3594 2964 3644 terrae
2998 3599 3200 3658 motus,
3236 3592 3476 3665 reliquo—

1897 3682 2130 3739 rumque
2177 3671 2484 3741 signorum,
2539 3684 2594 3730 et
2641 3685 3020 3746 portentorum
3071 3694 3300 3741 eventus
3342 3703 3479 3758 prte-

1896 3771 2227 3830 monstrare,
2270 3765 2473 3837 illaque
2520 3768 2588 3824 ad
2634 3778 2858 3828 nostros
2895 3774 3099 3831 milites
3149 3777 3476 3838 animandos

1896 3855 2216 3913 transferre.
2245 3855 2350 3913 Sed
2383 3858 2450 3915 de
2481 3862 2774 3935 astrologia
2802 3865 2956 3921 satis.

1965 3948 2056 4006 62.
2109 3949 2409 4008 Sacrarum
2451 3968 2638 4010 rerum
2684 3957 2931 4014 scientiae
2962 3968 3071 4026 est,
3099 3960 3240 4019 bene
3269 3964 3476 4022 divinis

1897 4042 1994 4107 uti,
2027 4052 2082 4099 et
2113 4044 2200 4101 his
2234 4044 2579 4103 incessanter
2609 4050 2824 4119 operari
2859 4053 3108 4109 exercitu
3155 4056 3263 4125 pie,
3303 4066 3358 4113 et
3397 4059 3475 4114 ita

1893 4143 1955 4190 ut
2003 4133 2114 4192 Deo
2167 4136 2443 4208 placeant,
2474 4140 2630 4211 juxta
2661 4142 2831 4214 legem
2863 4145 2969 4214 piis
2999 4145 3336 4207 Christianis
3383 4167 3476 4207 su-

1895 4230 2080 4301 perius
2107 4232 2384 4299 traditam,
2411 4249 2508 4304 per
2534 4250 2725 4292 sacros
2755 4253 3062 4304 sermones,
3098 4248 3152 4296 et
3178 4244 3472 4313 sacrificia,

1892 4331 1948 4379 et
1971 4323 2107 4379 alias
2136 4324 2438 4390 orationes,
2489 4333 2543 4380 et
2578 4342 2769 4396 preces
2804 4328 2871 4384 ad
2920 4329 3092 4386 Deum
3143 4334 3386 4400 assidue,
3419 4345 3476 4392 et

1893 4415 1960 4471 ad
2006 4416 2127 4488 ejus
2182 4416 2565 4473 intemeratam
2630 4418 2883 4488 Matrem,
2937 4430 3000 4496 et.
3053 4422 3361 4495 Deiparam,
3419 4439 3476 4484 et

1893 4517 2114 4565 sanctos
2159 4509 2279 4579 ejus
2326 4507 2584 4575 famulos,
2631 4512 2829 4579 factas,
2878 4515 3082 4586 quibus
3137 4519 3473 4589 propitiatur

193 4592 299 4646 καὶ
331 4591 613 4657 Θεοτόκον,
645 4593 744 4646 καὶ
780 4591 908 4656 τούς
969 4592 1160 4662 ἁγίους
1208 4591 1376 4647 αὐτοῦ
1422 4593 1783 4666 θεράποντας.

1908 4601 2056 4668 Deus;
2075 4610 2129 4658 et
2158 4617 2257 4673 per
2286 4601 2448 4658 ﬁdem
2479 4604 2676 4662 salutis
2703 4606 2901 4662 animae
2931 4609 3168 4664 militum
3198 4610 3470 4670 ﬁrmiores

210 4684 306 4749 Ἐξ
337 4677 414 4738 ὧν
437 4683 671 4740 ίλεοῦται
690 4684 754 4739 τὸ
774 4683 951 4752 Θεῖον,
973 4685 1070 4739 καὶ
1094 4685 1183 4740 διὰ
1200 4684 1298 4757 τὴν
1327 4685 1513 4741 πίστιν
1539 4688 1638 4756 τῆς
1673 4703 1781 4740 σω·-

192 4776 397 4848 τηρίας
424 4778 482 4832 αἱ
502 4777 674 4850 ψυχαὶ
702 4777 810 4832 τῶν
839 4776 1191 4850 στρατιωτῶν
1217 4777 1620 4851 εύρωστότεραι
1643 4777 1780 4851 πρὸς

191 4871 327 4933 τούς
360 4868 642 4934 κινδύνους
672 4868 1219 4941 παρασκευάζονται.

273 4960 374 5032 ξγ’.
400 4963 511 5033 Τῆς
538 4961 596 5016 δέ
621 4961 870 5035 ἰατρικῆς
906 4962 1045 5028 ἐστι,
1077 4962 1206 5032 περὶ
1229 4961 1298 5016 τὰ
1321 4961 1462 5033 ἕλκη
1486 4961 1557 5016 τὰ
1584 4963 1650 5017 ὲκ
1669 4963 1782 5016 τῶν

191 5055 532 5127 τραυμάτων
589 5054 874 5126 γινόμενα,
921 5055 1017 5110 καὶ
1064 5055 1194 5127 περὶ
1241 5054 1342 5117 τὰς
1395 5054 1612 5126 πληγάς
1659 5057 1784 5112 ὅσαι

195 5149 310 5202 ἀπὸ
337 5146 503 5202 λίθων
528 5146 563 5219 ῆ
591 5147 703 5202 άπὸ
730 5147 902 5218 βελῶν
930 5147 965 5219 ἢ
994 5147 1162 5202 ἄλλου
1219 5147 1367 5212 τινὸς
1399 5147 1568 5203 ὅπλου
1605 5146 1785 5216 γίνον-

195 5257 315 5306 ται,
348 5239 558 5295 τούτων
580 5240 800 5296 πάντων
856 5241 1127 5313 φάρμακα
1157 5240 1304 5312 ἔχειν
1355 5239 1782 5314 θεραπευτικὴν,

196 5335 296 5388 καὶ
323 5334 637 5406 ἐπιστήμην
669 5333 942 5406 ἰατρικήν.
998 5321 1154 5387 um"
1171 5334 1273 5388 ὅσα
1315 5333 1602 5404 νοσήματα
1630 5337 1786 5389 κοινὰ

199 5425 526 5496 συμϐαίνειν
568 5426 730 5481 εἴωθε
761 5426 1016 5497 διαψύχει
1041 5426 1181 5498 (76),
1225 5426 1322 5482 καὶ
1366 5426 1652 5498 καύματα,
1688 5427 1783 5481 καὶ

198 5519 402 5585 πόνους
422 5560 440 5588 ,
472 5519 569 5575 καὶ
602 5518 812 5574 ὑδάτων
853 5518 1192 5591 μεταϐολὰς,
1233 5519 1329 5574 καὶ
1371 5519 1551 5574 τόπων
1580 5519 1779 5588 θέσεις,

1890 4695 1957 4752 ad
1991 4694 2231 4768 pericula
2264 4695 2552 4753 subeunda
2590 4707 2879 4770 parantur.

1962 4959 2052 5016 65.
2093 4958 2385 5028 Medicina,
2441 4961 2818 5034 ulcera,’qu:e
2863 4977 2931 5019 ex
2974 4963 3298 5022 vulneribus
3345 4977 3468 5025 orta

1890 5062 2044 5122 sunt,
2069 5055 2155 5110 vel
2187 5055 2402 5126 plagas,
2429 5070 2553 5126 qua:
2581 5054 2880 5126 lapidibus,
2913 5065 3009 5112 aut
3038 5057 3189 5126 telis,
3223 5066 3320 5114 aut
3344 5060 3468 5116 aliis

1888 5146 2204 5218 huiusmodi
2253 5146 2419 5204 rebus
2459 5147 2801 5218 inﬂiguntur,
2852 5158 3037 5214 sanat,
3081 5157 3137 5205 et
3170 5152 3466 5221 pltat-maca

1885 5241 1953 5298 iis
1979 5247 2168 5313 parata
2203 5240 2391 5297 habet.
2444 5239 2850 5313 Egritudines,
2886 5257 3010 5314 quae
3034 5258 3104 5299 ex
3133 5245 3339 5312 calore,
3370 5257 3468 5303 aut

1883 5331 2111 5405 frigore,
2143 5331 2356 5399 labore,
2385 5347 2654 5404 aquarum
2691 5332 3018 5400 mutatione,
3049 5334 3294 5390 locorum
3329 5337 3463 5401 situ,

1882 5427 2028 5484 aeris
2058 5427 2339 5498 temperie,
2385 5426 2635 5498 corporis
2679 5425 2909 5483 curandi
2956 5427 3306 5500 negligentia,
3358 5429 3465 5484 ali-

1893 5529 2206 5578 mentorum
2237 5520 2614 5592 improbitate,
2657 5535 2924 5578 novarum
2965 5521 3208 5595 frugum,
3251 5533 3306 5579 et
3349 5522 3466 5579 fru-

1742 5697 1981 5764 NOTE.

272 5789 384 5865 (χιι)
414 5790 526 5847 Kat
553 5790 760 5865 drdpgc
784 5790 870 5846 δέ.
903 5791 1115 5865 Scribe,
1152 5794 1247 5849 και
1277 5793 1439 5865 ἑτέρα
1461 5793 1542 5850 δέ.

272 5791 364 5859 (74
414 5791 526 5847 Καὶ
553 5791 760 5861 ἐτέρας
784 5791 870 5846 δέ.
903 5791 1115 5859 Scribe,
1152 5794 1247 5849 καὶ
1277 5793 1439 5865 ἐτὲρα
1461 5793 1518 5848 δέ

268 5791 384 5933 (Ἱόξ
425 5862 872 5930 Ἀστοχοῦνται.
901 5861 1113 5930 Scribe.
1144 5865 1524 5936 ἀστοχοῦντες.

513 5957 787 6019 Parnm"
828 5959 943 6021 Gn.
965 5956 1152 6025 CVII.

1958 5796 2070 5868 (76)
2111 5795 2419 5868 Διαψύχει.
2452 5792 2661 5865 Scribe,
2695 5794 2782 5852 διὰ
2814 5795 2983 5868 ψύχη.

3108 5956 3182 6020 35
