4036 6300
213 322 362 392 1093

1417 319 1755 380 TACTICA.
1802 343 1863 355 -τ
1897 317 1942 376 Ε
1959 316 2300 379 PlLOGUS.

3356 317 3492 381 1094

213 437 434 510 βιϐλίου
462 438 676 502 τούτου,
722 439 817 491 καὶ
867 440 986 495 λίαν
1026 438 1295 510 ὠφέλιμαο
1327 436 1455 490 ὅταν
1487 437 1595 506 γὰρ
1627 438 1682 489 ἐν
1711 434 1804 486 αὐο

1918 433 2131 496 Laveris,
2167 433 2210 486 si
2243 432 2352 486 illis
2376 430 2566 486 iisdem
2601 430 2786 487 hostes
2812 439 3062 496 utantur,
3098 431 3256 490 facile
3289 433 3491 488 borum

205 533 292 602 τῷ
339 531 590 605 ἀκριϐῶς
651 533 1082 604 στρατηγήματά
1161 550 1220 586 τε
1276 532 1371 584 καὶ
1450 531 1801 597 διατάγματα

1911 526 2120 594 peritus
2152 524 2427 577 contraria
2462 539 2730 593 usurpare
2760 534 2933 593 potes.

208 624 362 695 ὑπὲρ
428 625 522 678 σοῦ
585 625 981 696 κατανοήσεις,
1038 625 1160 677 τότε
1221 624 1329 693 ἄρα
1376 623 1471 674 καὶ
1516 621 1697 673 εἴποτε
1745 619 1856 681 τοῖς
1890 617 2074 680 αὐτοῖς
2138 617 2185 668 οἱ
2226 616 2474 685 πολέμιοι
2522 618 2835 686 χρήσονται,
2897 617 3096 689 ῥᾳδίως
3149 617 3219 670 τὰ
3275 613 3493 669 ἐναντία

206 716 434 771 τούτων
457 715 600 768 κατὰ
627 716 854 769 ἐκείνων
884 717 1219 786 ἐπινοήσεις.

282 809 352 866 o'.
387 810 576 864 Ταῦτα
620 811 728 880 γάρ
762 812 905 865 κατά
959 813 1020 864 τὸ
1054 810 1274 863 δυνατὸν
1321 808 1384 861 ἔκ
1428 825 1487 861 τε
1544 808 1642 878 τῆς
1707 805 1812 860 τῶν

209 903 432 958 πόλεων
461 905 573 974 (79)
610 905 828 974 πείρας,
871 904 948 968 ὡς
985 905 1226 974 εἴρηται,
1262 903 1355 957 καὶ
1392 903 1454 954 ἐκ
1503 902 1614 953 τῶν
1655 901 1810 970 εἰρη-

212 996 406 1066 μένων
453 997 603 1068 παρὰ
673 996 781 1050 τῶν
854 997 1120 1067 ἀρχαίων,
1180 998 1260 1058 είς
1311 995 1496 1063 κοινὴν
1540 993 1810 1061 ὠφέλειαν

209 1089 686 1159 προτεθείκαμεν,
711 1089 836 1142 οὔτε
881 1089 1113 1152 κάλλους
1148 1085 1346 1152 λέξεως
1398 1086 1809 1158 φροντίσαντες,

209 1181 290 1244 ὼς
319 1182 381 1234 ἐν
410 1182 552 1252 ἀρχῇ
581 1199 682 1234 που
717 1183 851 1252 ήμῖν
875 1180 1090 1252 εἴρηται
1123 1182 1215 1234 τοῦ
1243 1181 1644 1249 συντάγματος,
1683 1175 1807 1230 οὔτε

212 1274 321 1344 τῆς
389 1273 562 1343 ἄλλης
599 1273 972 1344 ἐμπεριέργου
1042 1273 1370 1336 συντάξεως,
1408 1270 1524 1323 ἀλλ’
1649 1268 1810 1340 μόνον

208 1364 271 1418 δὲ
302 1366 509 1430 ἁπλαῖς
552 1365 645 1418 καὶ
672 1366 879 1428 κοιναῖς
915 1365 1254 1436 χρησάμενοι
1306 1363 1427 1426 ταῖς
1481 1360 1684 1426 λέξεσι,
1713 1359 1808 1411 καὶ

211 1458 440 1523 ὁποίαις
470 1459 670 1530 μᾶλλον
721 1459 756 1528 ή
809 1457 1184 1530 στρατιωτικὴ
1251 1456 1513 1527 συνήθεια
1573 1451 1809 1526 χρῆσθαι

213 1548 445 1602 εἴωθεν.

285 1639 388 1699 οα’.
428 1644 570 1697 Ὅσα
592 1643 648 1696 δὲ
665 1643 937 1712 κεφάλαια
960 1639 1125 1711 ἕτερα
1149 1638 1239 1702 τὰ,
1265 1637 1340 1700 ὼς
1361 1634 1530 1699 εἰκὸς,
1553 1634 1810 1688 ἁπάντων

210 1740 283 1791 τὰ
346 1739 409 1791 ἐν
463 1739 680 1806 ἑκάστῳ
735 1737 976 1805 πολέμου
1040 1732 1216 1803 καιρῷ
1293 1731 1327 1800 δή
1380 1745 1526 1790 τινος
1600 1725 1807 1778 ἐκείνου

225 1831 597 1901 παρασκευῆς
627 1831 722 1882 καὶ
747 1829 983 1901 μάλιστα
1004 1827 1062 1878 ἐν
1112 1825 1189 1894 τῷ
1217 1823 1313 1876 νῦν
1343 1822 1474 1892 ἡμῖν
1500 1817 1805 1888 ἐνοχλοῦντι
1841 1867 1887 1928 Β

213 1924 563 1995 Σαρακηνῶν
595 1923 759 1987 ἔθνει,
808 1921 874 1974 δι’
925 1921 1081 1988 ὅπερ,
1141 1919 1215 1980 ὡς
1248 1913 1462 1986 εἴρηταί
1521 1930 1624 1965 που
1651 1912 1805 1980 ἡμῖν,

215 2017 318 2067 καὶ
348 2014 414 2067 τὸ
450 2013 627 2082 παρὸν
659 2011 1017 2065 συντέτακται
1052 2005 1278 2076 βιϐλίον.
1310 2004 1371 2055 Εἰ
1400 2004 1495 2055 καὶ
1531 2003 1605 2072 μὴ
1635 2000 1813 2054 πάντα

221 2103 525 2158 συλλαϐεῖν
550 2101 909 2173 ἐδυνήθημεν,
940 2099 1054 2152 ἀλλ’
1078 2097 1140 2149 ἐκ
1160 2113 1217 2148 τε
1243 2095 1353 2148 τῶν
1383 2091 1811 2163 γεγραμμένων,

213 2198 281 2252 εκ
312 2215 376 2252 τε
423 2199 520 2267 τῆς
555 2194 938 2266 προλαὸοὑσης
973 2193 1190 2262 πείρας,
1243 2188 1338 2241 καὶ
1386 2187 1556 2253 αὐτῆς
1610 2185 1667 2238 δὲ
1712 2184 1812 2253 τῆς

214 2293 327 2345 τῶν
356 2289 706 2360 πραγμάτων
753 2286 969 2356 φύσεως
1017 2282 1372 2354 στοχάζεσθαί
1427 2297 1483 2332 σε
1507 2280 1650 2344 δέον,
1718 2278 1813 2328 καὶ

213 2384 292 2448 ὼς
317 2382 550 2437 δυνατὸν
581 2379 921 2452 ἁρμόζεσθαι
966 2380 1080 2440 τοῖς
1109 2373 1507 2445 ἁναφυομένοις
1551 2387 1564 2400 ·
1599 2373 1660 2425 οὐ
1703 2369 1812 2438 γάρ

213 2471 377 2548 οἶμαι
404 2475 656 2537 δυνατὸν,
690 2472 814 2528 οὔτε
856 2471 1002 2543 ἡμᾶς
1044 2467 1166 2522 οὔτε
1208 2467 1333 2521 τινὰ
1375 2466 1561 2536 ἕτερον
1586 2461 1814 2516 ¹ἅπαντα

213 2570 481 2642 γράφειν,
524 2567 723 2640 ἢπρδς
766 2565 981 2619 ἅπαντα
1025 2563 1093 2616 τὰ
1147 2561 1410 2632 μέλλοντα
1442 2554 1808 2625 ἀναφύεσθαι,

214 2666 365 2730 ὥστε
421 2657 942 2735 παραφυλάττεσθαι
973 2656 1227 2710 ἁπάντων
1266 2652 1509 2722 ἀπείρων
1540 2650 1707 2702 ὄντων
1736 2645 1815 2716 τῷ

221 2762 413 2833 μέτρῳ
445 2758 555 2812 τῶν
618 2750 1012 2827 ἐμπιπτουσῶν
1056 2750 1316 2803 ἑκάστοτε
1348 2743 1618 2815 διαφόρων
1655 2757 1814 2812 περι-

221 2855 498 2916 στάσεων.

293 3021 396 3103 οβ’.
424 3028 565 3085 Οὔτε
597 3026 705 3097 γὰρ
746 3025 1008 3087 ὡσαύτως
1041 3022 1129 3077 ἀεὶ
1156 3019 1281 3075 οὔτε
1330 3017 1532 3091 ὁμοίως
1561 3015 1667 3069 ὑπὸ
1701 3014 1810 3067 τῶν

223 3126 492 3181 ἐναντίων
523 3122 595 3176 τὰ
640 3120 866 3174 ἐκείνων
921 3115 1300 3188 ἐγχειροῦνται
1355 3111 1809 3183 στρατηγήματα.

1984 797 2072 852 70.
2118 797 2244 852 llaec
2276 805 2456 852 autem
2489 811 2588 868 pro
2611 797 2824 852 ratione
2850 797 3054 865 ingenii
3086 797 3258 852 nostri
3290 800 3493 868 partim

1914 909 2014 948 usu
2050 893 2265 955 bellico,
2300 893 2500 962 partim
2529 906 2592 945 ex
2631 893 3000 961 scriptoribus
3047 893 3288 963 antiquis
3321 894 3493 949 colle-

1910 995 2020 1048 cta,
2050 985 2116 1038 ad
2145 999 2494 1040 communem
2533 983 2823 1038 utilitatem
2855 983 3002 1038 hunc
3035 985 3087 1037 in
3135 984 3334 1038 librum
3361 1001 3494 1040 con-

1909 1078 2159 1143 tulimus,
2203 1091 2379 1145 neque
2407 1077 2683 1132 curiosam
2718 1076 2956 1144 aliquam
2987 1076 3278 1130 verborum
3311 1076 3493 1131 inani-

1910 1180 2075 1227 tatem
2105 1172 2514 1241 conquirentes,
2567 1170 2664 1225 sed
2706 1170 2890 1223 verbis
2925 1176 3136 1221 tantum
3173 1169 3491 1223 communi-

1909 1267 2012 1322 bus
2044 1267 2335 1337 planisque
2395 1265 2501 1328 usi,
2557 1264 2847 1318 militarem
2884 1262 3100 1316 dicendi
3131 1259 3363 1317 formam
3397 1277 3496 1334 ρο-

1912 1363 2188 1420 tissimum
2232 1360 2406 1417 secuti
2447 1373 2657 1414 sumus.

1988 1636 2073 1688 71.
2116 1635 2467 1702 Quzecunque
2510 1639 2690 1686 autem
2727 1627 2853 1692 alia,
2888 1628 2970 1681 vel
3002 1628 3067 1681 all
3107 1635 3321 1696 tempus
3362 1625 3494 1681 belli

1917 1727 2164 1802 gerendi,
2201 1728 2283 1780 vel
2315 1726 2539 1779 alleiius
2578 1722 2811 1791 alicujus
2867 1729 3160 1790 apparatus
3202 1720 3497 1772 adversum

1918 1824 2058 1877 ullas
2113 1821 2384 1883 nationes,
2417 1825 2473 1870 et
2519 1815 2825 1869 Saracenos
2861 1813 3231 1883 potiSSimum,
3259 1824 3495 1881 quorum

1919 1915 2093 1986 gratia
2120 1914 2207 1968 hic
2235 1913 2372 1967 liber
2400 1926 2428 1963 a
2461 1926 2565 1973 me,
2594 1916 2656 1963 ut
2690 1916 2816 1961 ante
2843 1907 2976 1970 dixi,
3007 1905 3354 1974 conscriptus
3389 1911 3496 1967 est,

1918 2008 2159 2074 suscepti
2190 2015 2350 2072 caput
2395 2003 2694 2073 pertinent,
2737 2015 2823 2062 ea,
2855 2012 3172 2070 quanquam
3211 1997 3316 2050 hoe
3353 1995 3496 2049 libro

1916 2106 2171 2154 contenta
2209 2112 2317 2150 non
2354 2104 2504 2158 sunt,
2558 2094 2610 2148 in
2646 2093 2714 2148 iis
2755 2101 2958 2155 tamen,
3014 2092 3058 2146 si
3094 2090 3218 2159 quis
3252 2105 3310 2144 se
3337 2103 3495 2143 exer-

1916 2199 2059 2252 ceat,
2088 2205 2192 2243 usu
2224 2190 2406 2256 aliquo
2444 2187 2604 2249 belli,
2640 2193 2693 2239 et
2723 2193 2934 2238 natura:
2963 2198 3143 2238 rerum
3180 2189 3498 2252 perscruta-

1917 2285 2068 2337 tione
2116 2281 2274 2335 l‘acile
2314 2294 2556 2349 eaquae
2620 2277 3004 2331 desiderantur
3045 2274 3298 2343 colligere
3344 2287 3498 2329 com-

1917 2373 2368 2445 preliendereque
2394 2371 2616 2439 poterit.
2651 2369 2839 2440 Neque
2870 2369 3017 2422 enim
3052 2366 3166 2421 ﬁeri
3195 2373 3397 2436 potest,
3438 2370 3500 2417 ut

1917 2485 2016 2536 ego
2071 2475 2165 2520 aut
2227 2467 2518 2537 quisquam
2571 2463 2737 2527 alius,
2796 2468 3228 2531 quantocunque
3281 2457 3500 2526 ingenio

1917 2561 2337 2630 eruditioneque
2370 2560 2464 2625 sit,
2497 2557 2684 2613 omnia
2712 2557 3130 2626 complectatur,
3158 2564 3502 2621 quaecunque

1919 2655 2188 2711 industria
2245 2669 2310 2712 ac
2361 2653 2582 2709 solertia
2633 2652 2870 2706 humana
2937 2647 3346 2717 excogitantur,
3401 2651 3499 2700 aut

1920 2750 2061 2804 viam
2090 2748 2312 2814 doceas,
2345 2762 2452 2817 qua
2487 2749 2598 2802 haec
2631 2752 2950 2807 caveantur,
2984 2757 3106 2811 quae
3143 2739 3360 2794 inﬁnita
3411 2744 3499 2792 at-

1919 2857 2024 2912 que
2099 2841 2364 2896 immensa
2417 2855 2618 2911 genere
2671 2839 2948 2909 rebusque
3006 2831 3499 2896 circumstantibus

1920 2942 2068 2990 sunt.

1990 3028 2080 3080 72.
2121 3023 2310 3096 Neque
2339 3026 2485 3080 enim
2516 3023 2798 3088 similiter.
2846 3020 3151 3090 eodemque
3183 3015 3350 3072 modo
3393 3015 3500 3072 ho-

1920 3123 2089 3176 stium
2119 3119 2374 3186 consilia,
2396 3118 2650 3188 factaque
2685 3113 3041 3186 imperatoria
3068 3113 3137 3167 ab
3171 3110 3284 3166 illis
3314 3109 3502 3165 susci-

223 3222 319 3276 Διδ
377 3217 504 3272 οὐδὲ
563 3213 789 3270 δύναταί
853 3230 939 3276 τις
993 3205 1376 3279 τεκμήρασθαι
1435 3205 1504 3259 τὰ
1555 3204 1813 3274 μέλλοντα

1921 3217 2174 3286 piuntur;
2237 3215 2423 3284 itaque
2469 3229 2539 3271 ne
2587 3212 2704 3269 hinc
2749 3208 2995 3281 quidem,
3056 3221 3182 3278 quae
3226 3204 3294 3260 ad
3339 3218 3499 3260 usum

228 3313 508 3382 ἀναγκαῖα
573 3308 710 3380 πρὸς
749 3306 946 3379 χρῆσιν
997 3303 1278 3356 ἑκάστοτε.
1335 3297 1474 3353 Ἀλλ’
1539 3295 1659 3349 οὐδὲ
1716 3295 1814 3366 μιᾷ

225 3404 427 3476 γνώμῃ
491 3398 950 3473 στρατηγοῦνται,
1008 3394 1145 3448 ἀλλὰ
1206 3391 1457 3461 ποικίλης
1507 3387 1673 3458 οὔσης
1716 3387 1815 3457 τῆς

229 3500 385 3571 παρὰ
413 3495 525 3552 τῶν
571 3492 832 3547 ἐναντίων
853 3556 855 3559 ι
880 3488 1245 3560 ἐγχειρήσεως
1265 3483 1400 3554 (80),
1432 3481 1525 3535 καὶ
1565 3479 1813 3550 διάφοροι

228 3594 278 3646 οἱ
305 3589 506 3662 τρόποι
555 3585 666 3641 τῶν
711 3580 1186 3653 άντεγχειρήσεων
1215 3575 1497 3646 ὀφείλουσι
1529 3571 1811 3641 γίνεσθαι·

229 3681 542 3754 πανοῦργος
567 3679 676 3754 γάρ
704 3676 797 3730 καὶ
823 3673 1205 3743 ἀκατάληπτος
1229 3670 1262 3743 ὴ
1310 3664 1629 3737 ἀνθρωπεία
1653 3662 1814 3732 φύσις

232 3777 598 3849 ὑπάρχουσα,
647 3771 818 3826 πολλὰ
867 3768 963 3824 καὶ
1006 3764 1354 3839 βουλεύσεται
1400 3759 1496 3816 καὶ
1546 3759 1815 3829 ἐγχειρεῖν

231 3871 362 3944 παρ’
399 3867 620 3929 ἐλπίδας
654 3863 901 3919 δύναται.

303 3942 410 4034 ογ’.
441 3961 608 4016 Ὅθεν
660 3959 757 4013 καὶ
791 3953 1067 4029 ἁρμοδίως
1095 3952 1191 4006 καὶ
1221 3945 1542 4021 καταχρέως
1583 3944 1702 3999 δέον
1728 3942 1816 3998 ἀεί

237 4075 322 4126 σε,
346 4051 393 4113 ὦ
427 4053 722 4130 στρατηγὲ,
755 4053 822 4122 τῇ
858 4047 996 4120 πρὸς
1031 4046 1162 4100 Θεὸν
1188 4044 1371 4112 δεήσει
1417 4037 1696 4111 σχολάζειν
1722 4035 1818 4089 καὶ

225 4152 337 4216 τὰς
367 4148 535 4204 αὑτοῦ
571 4144 792 4207 ἐντολὰς
821 4140 1112 4210 φυλάττειν
1140 4152 1154 4168 ν
1190 4135 1276 4190 ἵνα
1301 4132 1368 4187 δι’
1396 4130 1558 4185 αὑτοῦ
1593 4129 1819 4183 δύνασαι

240 4247 334 4300 καὶ
359 4243 484 4303 κατ’
514 4235 723 4310 ἐχθρῶν
748 4233 860 4306 (81)
900 4232 1178 4298 πίζεσθαι,
1227 4227 1324 4281 καὶ
1364 4223 1524 4290 αὐτος
1574 4221 1818 4294 ἀϐλαϐὴς

1922 3325 2138 3381 semper
2186 3305 2500 3364 necessaria
2529 3314 2680 3368 sunt,
2714 3300 2959 3356 indicare
2988 3299 3112 3370 quis
3143 3305 3364 3369 potest;
3402 3293 3501 3351 sed

1922 3416 2046 3457 cum
2096 3413 2273 3468 neque
2314 3409 2423 3451 una
2472 3401 2653 3454 mente
2703 3406 2896 3446 omnes
2947 3389 3314 3460 imperatores
3350 3391 3502 3450 sunt,

1923 3493 2017 3550 sed
2051 3506 2260 3562 magna
2292 3487 2585 3545 varietates
2614 3499 2798 3540 rerum
2840 3482 2909 3537 ab
2937 3479 3188 3538 hostibus
3218 3484 3504 3547 suscepta-

1923 3599 2046 3639 rum
2091 3589 2258 3646 sunt,
2303 3579 2536 3634 diversae
2566 3577 2731 3631 etiam
2767 3587 2950 3633 rerum
3001 3570 3385 3643 aggressiones
3432 3566 3504 3622 ad

1923 3691 2019 3731 eos
2050 3670 2339 3728 moliendae
2369 3676 2517 3725 sunt.
2551 3667 2750 3724 Astuta
2784 3665 2929 3721 enim
2963 3671 3018 3720 et
3051 3664 3227 3721 solers
3260 3660 3503 3714 humana

1924 3777 2123 3823 natura
2149 3780 2274 3820 cum
2307 3764 2400 3832 sit,
2435 3762 2604 3827 multa
2630 3759 2964 3832 excogitare,
2995 3757 3168 3812 multa
3200 3753 3379 3816 moliri
3401 3765 3504 3809 nec

1924 3860 2146 3929 Opinata
2179 3863 2376 3929 potest.

1996 3952 2084 4007 73.
2128 3949 2286 4007 Unde
2317 3965 2416 4020 par
2442 3956 2528 4004 est
2561 3955 2616 4007 te
2639 3986 2656 4013 ,
2700 3945 3021 4014 imperator,
3057 3939 3288 4013 supplici
3320 3946 3505 3996 mente

1926 4059 2144 4116 semper
2189 4041 2300 4097 Deo
2336 4056 2527 4112 preces
2577 4037 2861 4100 adbibere,
2906 4043 2962 4092 et
3002 4034 3058 4090 in
3102 4033 3357 4088 omnibus
3400 4046 3503 4086 au-

1927 4137 2065 4193 ctori
2101 4134 2320 4199 salutis,
2355 4147 2454 4205 pro
2485 4131 2555 4189 iis
2591 4145 2717 4202 quae
2766 4129 3011 4186 maxime
3043 4126 3314 4183 salutaria
3366 4133 3501 4180 sunt

1926 4219 2260 4292 supplicare.

244 4338 362 4410 ἆμα
389 4336 503 4400 τοῖς
677 4329 737 4384 σὲ
762 4305 1187 4400 νπερισώζεσθαι
1226 4321 1322 4376 καὶ
1369 4318 1466 4389 τὴν
1510 4317 1568 4370 ἐν
1607 4317 1829 4390 Χριστῷ
1868 4317 1948 4389 τῷ
1990 4314 2229 4387 ἀληθινῷ
2263 4312 2382 4385 Θεῷ
2434 4311 2530 4368 καὶ
2574 4312 2788 4384 βασιλεῖ
2837 4308 2932 4365 τοῦ
2989 4308 3193 4374 παντὸς
3273 4305 3500 4377 αἰωνίῳ,

247 4405 520 4502 σωτηρίαν
551 4425 648 4481 καὶ
683 4423 840 4495 νίκην
903 4421 1109 4477 ἄνωθεν
1140 4416 1522 4489 ὑποδέχεσθαι,
1562 4408 1607 4485 ᾧ
1632 4416 1666 4489 ἡ
1695 4413 1820 4481 δόξα
1860 4412 1954 4467 καὶ
1983 4410 2044 4466 τὸ
2066 4409 2267 4481 κράτος
2298 4409 2379 4475 είς
2406 4411 2531 4475 τοὺς
2559 4408 2784 4471 αἰῶνας.
2833 4405 3027 4477 Ἀμήν.

1767 4599 1999 4658 NOTAE.

348 4715 439 4775 79)
483 4713 606 4770 τῶν
630 4715 887 4769 πολεων.
927 4709 1141 4775 Scribe,
1180 4707 1290 4763 τῶν
1317 4704 1591 4775 πολέμων.

348 4719 416 4772 79
483 4719 606 4770 Τῶν
630 4719 887 4769 πολεων.
927 4719 1141 4775 Scribe,
1180 4719 1290 4763 των
1317 4719 1591 4773 πολεμων.

323 4719 439 4861 ίεοὶ
485 4785 936 4859 Ἐγχειρήσεως.
974 4779 1348 4845 Scribebatur,
1380 4774 1735 4846 ἐγχειρήτως.

2006 4697 2117 4770 (8|)
2163 4693 2295 4780 Td»:
2313 4691 2564 4766 ἐχθρῶν.
2600 4689 2974 4755 Scribebatur,
3007 4685 3086 4758 τῷ
3113 4685 3313 4759 ἐχρῶν.
