4036 6300
554 321 694 391 1095
1791 331 2070 392 LEONIS
2107 331 2576 394 PHILOSOPHI
3701 334 3819 402 1096

581 475 3811 517 Μ

1083 655 1271 771 AD
1353 656 1862 772 LEONIS
1937 657 2567 776 AUGUSTI
2661 660 3293 779 TACTICA

1848 899 2511 992 APPENDIX.

629 1260 925 1332 Sequentia
959 1262 1138 1336 capita
1164 1258 1570 1334 praemittuntur
1589 1257 1993 1327 Programmati
2026 1255 2342 1312 academico
2371 1254 2661 1313 Turicensi
2709 1259 2837 1311 anni
2865 1256 3025 1313 1854.
3076 1276 3095 1311 ι
3144 1256 3391 1331 Duplicis
3429 1267 3561 1339 sunt
3597 1260 3823 1332 generis,

548 1356 726 1427 inquit
770 1357 998 1416 Editor:
1032 1367 1128 1415 aut
1180 1359 1247 1414 ad
1284 1365 1528 1415 veterum
1564 1355 1876 1412 Graecorum
1909 1353 2403 1426 Macedonumque,
2463 1366 2555 1411 aut
2586 1355 2654 1411 ad
2697 1355 3054 1412 recentiorem
3087 1356 3514 1428 Byzantinorum
3543 1373 3666 1414 rem
3702 1358 3824 1412 mili-

552 1464 723 1505 tarem
767 1461 1040 1525 spectant.
1081 1450 1146 1506 Et
1177 1451 1268 1506 illa
1313 1449 1532 1522 quidem
1589 1451 1771 1522 (capp.
1807 1449 2005 1516 30,54,
2038 1450 2098 1505 4i
2128 1457 2182 1504 et
2210 1447 2301 1514 42,
2333 1448 2401 1505 55
2422 1456 2475 1505 et
2505 1448 2622 1518 54),
2667 1449 2920 1518 quamvis
2949 1451 3107 1520 plane
3147 1451 3273 1506 novi
3299 1466 3406 1507 non
3444 1452 3685 1507 multum
3709 1466 3826 1507 sane

547 1544 841 1613 praebcant,
876 1543 1021 1598 haud
1053 1528 1532 1598 inutiliter'tamen
1552 1555 1677 1598 eum
1720 1540 2112 1611 Asclepiodori,
2139 1538 2340 1594 Ailiani
2406 1548 2460 1595 et
2497 1539 3068 1615 ByzantiniAnonymi
3121 1542 3480 1600 relationibus
3511 1559 3826 1615 comparen-

553 1645 664 1691 tur.
710 1635 836 1692 Hac
870 1652 1001 1693 vero
1023 1637 1207 1708 (capp.
1231 1634 1322 1701 35,
1365 1633 1457 1704 58,
1491 1635 1582 1702 '59,
1608 1634 1699 1700 45,
1728 1632 1820 1703 50)
1855 1648 2011 1705 aeque
2048 1633 2291 1690 breviter
2325 1648 2389 1688 ac
2414 1632 2653 1690 dilucide
2686 1634 2858 1703 prima
2894 1635 3207 1708 Byzantinae
3232 1638 3442 1694 militiae
3469 1637 3823 1695 fundamenta

548 1729 1050 1801 comprehendunt,
1079 1745 1202 1800 qua:
1249 1727 1304 1783 in
1339 1726 1610 1792 Mauricii,
1675 1724 2022 1781 Constantini
2082 1734 2137 1780 et
2175 1723 2338 1779 editis
2381 1722 2584 1780 Leonis
2647 1723 2886 1781 Tacticis
2919 1726 3155 1798 sparsim
3198 1743 3299 1783 nec
3353 1729 3473 1784 sine
3509 1731 3826 1786 diﬂiculiate

546 1831 826 1896 ]eguntur.
867 1842 885 1877 ι
937 1820 1120 1878 Monet
1152 1831 1412 1892 praeterea
1458 1818 1670 1883 Editor,
1731 1833 1790 1874 se
1835 1816 2040 1872 codicis
2072 1815 2359 1886 scripturae
2385 1830 2600 1886 semper
2649 1815 2948 1873 adhaesisse
3002 1829 3057 1873 et
3106 1818 3242 1873 nihil
3284 1820 3599 1886 novavisse,
3644 1823 3822 1877 sedvel

548 1921 675 1986 talia
707 1918 996 1988 reliquisse
1023 1917 1207 1990 qualia
1234 1916 1718 1980 ευηιδαιπότατοι,
1755 1912 2066 1986 κρίϐαντες,
2110 1911 2128 1965 ξ

2232 1911 2492 1983 ἕνσωρεςς
2535 1912 2662 1984 quis
2693 1929 2822 1970 vero
2852 1921 2906 1970 et
2930 1915 3082 1986 cujas
3115 1914 3186 1969 sit
3216 1915 3387 1970 codex
3424 1931 3534 1987 quo
3561 1931 3700 1972 usus
3729 1925 3821 1980 est,

546 2013 772 2080 omnino
802 2020 962 2070 tacet.
992 2011 1501 2083 lnterpretationem
1529 2005 1778 2063 Latinam
1805 2005 2138 2063 addidimus.

544 2325 697 2389 CAP.
760 2326 977 2384 XXXII.
1027 2356 1101 2367 —
1129 2325 1507 2383 Ordinationes
1562 2293 1795 2394 peditum
1831 2324 1974 2394 apud
2003 2341 2118 2380 eos-

2232 2322 2478 2378 ΚΕΦΑΛ.
2515 2319 2640 2376 AB’.
2664 2317 3122 2389 -Παρατὰξεις
3153 2315 3344 2379 πεζῶν
3393 2297 3521 2386 κατξ
3571 2322 3814 2387 αὐτούς.

1182 2398 1301 2454 dem
1331 2398 1393 2473 [ϐ
1402 2398 1610 2472 ramos].

617 2491 872 2547 Peditum
910 2505 1254 2562 unaquaeque
1276 2490 1417 2561 legio
1451 2498 1687 2561 quatuor
1708 2498 2043 2544 armatorum
2073 2496 2127 2544 et

543 2592 880 2640 scutatorum
916 2582 1156 2638 millibus
1172 2582 1535 2654 etnonaginta
1551 2598 1642 2638 sex
1659 2582 1974 2649 consrabat;
2007 2596 2129 2636 sex-

543 2676 720 2732 decim
755 2677 809 2730 in
843 2675 1054 2747 legione
1086 2674 1340 2741 ordines;
1369 2689 1534 2745 porro
1565 2674 1702 2731 ordo
1739 2676 1974 2745 quisque
2022 2680 2124 2729 du-

542 2779 832 2824 centorum
878 2776 932 2823 ct
963 2765 1365 2839 quinquaginta
1398 2781 1492 2822 sex
1518 2768 1781 2822 virorum.
1806 2765 1975 2834 Quem
1998 2781 2127 2822 vero

508 2856 842 2928 (perfectum
881 2856 1151 2912 vocabant
1176 2856 1499 2921 exercitum,
1552 2867 1790 2927 quatuor
1821 2857 2128 2928 legionibus

506 2970 511 2973 ί
540 2949 831 3006 constabat
872 2966 886 3002 :
922 2951 1267 3007 dividebatur
1319 2960 1502 3007 autem
1551 2952 1605 3007 in
1635 2954 1883 3009 dextram
1905 2963 1958 3009 et
1987 2954 2128 3010 sini-

540 3049 714 3098 stram
747 3050 981 3113 partem,
1001 3043 1240 3098 medium
1275 3059 1493 3117 quoque
1519 3044 1775 3102 dextrum
1805 3054 1858 3101 et
1890 3049 2126 3102 medium

539 3135 825 3191 sinistrum
858 3152 871 3188 :
911 3135 1053 3191 unde
1088 3135 1358 3192 sexdecim
1405 3137 1570 3192 millia
1602 3146 1656 3193 et
1691 3141 1921 3195 trecenti
1972 3151 2128 3195 Octo-

539 3229 688 3298 ginta
755 3236 991 3298 quatuor
1029 3227 1152 3284 viri.
1222 3229 1378 3299 Apud
1431 3231 1690 3302 antiquos
1752 3247 1915 3302 porro
1979 3234 2128 3289 utilis

539 3330 660 3375 erat
692 3320 782 3376 ille
806 3335 1096 3389 numerus,
1127 3321 1397 3392 siquidem
1423 3324 1479 3377 in
1523 3324 1660 3380 duas
1675 3326 1914 3395 aequales
1947 3335 2129 3396 partes

540 3408 965 3476 fueritdivisus,
999 3425 1178 3482 neque
1217 3411 1337 3467 ideo
1393 3413 1656 3468 alterutra
1704 3430 1833 3486 pars
1891 3431 2128 3487 unquam

539 3506 597 3559 in
624 3505 886 3561 unitatem
920 3506 1162 3563 desierit.
1208 3506 1290 3562 Ad
1327 3507 1614 3564 dimidium
1659 3517 1842 3565 autem
1882 3521 2122 3567 scutato-

545 3612 670 3651 rum
730 3608 891 3653 erant
923 3613 1136 3668 semper
1163 3597 1228 3652 in
1283 3598 1598 3668 liujusrnodi
1634 3601 1877 3656 exercitu
1940 3601 2132 3656 leviter

541 3692 763 3755 armati,
803 3700 930 3747 octo
995 3691 1164 3745 millia
1210 3692 1424 3748 scilicet
1470 3702 1525 3748 et
1575 3703 1795 3747 centum
1833 3695 2129 3764 nonaginta

541 3780 651 3835 duo
685 3798 697 3834 :
734 3781 825 3850 qui
851 3781 1145 3852 separatim
1173 3796 1388 3852 semper
1417 3783 1783 3853 popebantur,
1814 3782 1868 3838 id
1905 3794 2013 3848 est,
2047 3784 2130 3840 vel

539 3888 734 3943 parum
769 3881 896 3928 ante
925 3883 1252 3940 scutatores,
1288 3875 1355 3928 ad
1375 3877 1781 3946 persequendos
1829 3877 2017 3933 hostes
2072 3878 2126 3932 in

542 3965 725 4036 fugam
756 3965 893 4021 forte
933 3981 1252 4030 conversos,
1313 3967 1395 4021 vel
1428 3982 1492 4022 ex
1526 3976 1760 4038 utroque
1815 3970 2004 4038 latere,
2047 3969 2130 4026 vel

542 4055 705 4108 etiam
736 4068 898 4124 pone,
939 4055 1396 4125 quemadmodum
1430 4057 1746 4125 requirebat
1800 4061 2125 4117 necessitas.

543 4143 714 4200 Totus
767 4148 949 4215 itaque
997 4149 1273 4202 exercitus
1309 4159 1428 4203 erat
1475 4149 1664 4219 viginti
1716 4156 1955 4221 quatuor
2006 4153 2130 4207 mii-

545 4239 676 4293 lium
703 4248 756 4296 et
787 4240 1213 4312 quingentorum
1247 4241 1594 4312 septuaginta
1617 4257 1735 4298 sex.
1759 4243 1881 4300 Alio
1910 4259 2129 4318 quoque

544 4336 705 4390 modo
739 4336 1040 4390 exercitum
1110 4335 1494 4406 disponebant.
1545 4335 1830 4392 Sexdecim
1886 4354 2128 4410 namque

552 4428 720 4482 millia
745 4436 798 4482 et
847 4435 1127 4484 trecentos
1156 4429 1435 4499 octoginta
1462 4438 1718 4499 quatuor,
1743 4447 1898 4501 quos,
1937 4444 1994 4489 ut
2037 4435 2125 4489 di-

543 4521 743 4583 ximus,
797 4519 1098 4590 perfectum
1170 4523 1470 4577 exercitum
1531 4523 1821 4591 vocabant,
1876 4527 1929 4581 in
1985 4527 2124 4584 duas

544 4619 731 4681 partes
818 4612 1105 4681 aqualiter
1174 4611 1510 4679 dividebant,
1594 4616 1850 4688 utrinque
1916 4620 2127 4676 scilicet

548 4710 811 4770 ponentes
844 4712 968 4758 octo
998 4702 1164 4756 millia
1193 4712 1247 4759 et
1289 4714 1511 4760 centum
1565 4709 1860 4778 nonaginta
1887 4710 2017 4778 duo,
2072 4722 2125 4768 et

546 4811 718 4849 cornu
738 4798 988 4851 ilcxtrum
1010 4794 1253 4852 dicentes
1275 4807 1327 4853 et
1350 4812 1522 4854 cornu
1557 4798 1771 4868 laevum,
1796 4809 1851 4858 et
1875 4802 2123 4859 dextram

548 4885 780 4943 frontem
817 4895 1026 4959 partem
1062 4902 1231 4943 cornu
1268 4889 1444 4944 dextri
1481 4892 1835 4963 anteriorem,
1862 4896 2123 4952 caudaru—

544 4995 650 5046 que
689 4979 938 5033 dextram
979 4989 1185 5051 partem
1246 4983 1606 5052 posteriorem
1639 5001 1652 5052 ;
1683 5001 1857 5042 cornu
1905 5003 2126 5061 quoque

543 5072 661 5127 laevi
711 5081 891 5142 partes
953 5075 1198 5142 singulas
1254 5076 1373 5146 pari
1408 5078 1620 5135 ratione
1673 5079 2122 5141 denominabant.
2153 5120 2196 5180 ρ

545 5165 796 5235 Spatium
835 5181 964 5220 vero
1003 5167 1137 5222 illud
1173 5183 1284 5239 quo
1318 5169 1463 5224 inter
1494 5185 1552 5226 se
1575 5186 1783 5229 cornua
1823 5174 2121 5244 distabant,

541 5258 639 5312 ubi
661 5261 840 5312 stabat
865 5257 997 5323 dux,
1026 5275 1089 5314 os
1111 5271 1163 5315 et
1196 5261 1511 5316 umbilicum
1544 5266 1821 5320 exercitus
1846 5268 2121 5325 dicebant.

547 5349 853 5419 Separatim
913 5351 1075 5407 etiam
1139 5354 1329 5408 leviter
1386 5365 1630 5412 armatos
1683 5367 1809 5413 octo
1850 5360 2016 5417 millia
2067 5372 2122 5420 et

546 5451 764 5496 centum
801 5443 1092 5515 nonaginta
1129 5444 1241 5499 duo
1272 5444 1326 5498 in
1374 5445 1466 5500 illa
1531 5448 1877 5506 ordinatione
1929 5454 2116 5509 eodem

546 5553 653 5605 quo
683 5537 795 5606 jam
831 5538 1071 5593 diximus
1098 5540 1259 5594 modo
1303 5541 1600 5608 ponebant.
1648 5543 1998 5599 Intervallum
2033 5547 2118 5600 in-

2300 2481 2421 2536 Τῶν
2449 2479 2690 2544 πεζικῶν
2711 2479 3008 2551 ταγμάτων
3038 2476 3270 2531 ἕκαστον
3299 2477 3358 2546 ἐξ
3391 2477 3609 2552 ἀνδρῶν
3639 2474 3709 2552 ἦν
3741 2496 3820 2532 τι.

2228 2574 2617 2646 τρακισχιλίων
2669 2572 3089 2645 ὲννενηκονταὲξ
3131 2572 3546 2643 συνιστάμενον,
3586 2572 3827 2629 ὁπλιτῶν

2231 2669 2489 2723 ἁπάντων
2543 2667 2638 2722 καὶ
2699 2665 3124 2736 ἀσπιδοφόρων·
3180 2661 3294 2736 εἶχε
3352 2665 3408 2719 δὲ
3464 2665 3719 2736 ὀρδίνους
3769 2666 3822 2719 τὸ

2229 2763 2416 2830 τάγμα
2449 2759 2646 2825 δεκαέξ
2673 2775 2686 2791 '
2718 2763 2745 2813 ὁ
2776 2759 2832 2813 δὲ
2854 2759 3063 2831 δρδινος
3094 2758 3153 2825 ἐξ
3185 2757 3397 2830 ἀνδρῶν
3441 2752 3508 2829 ἦν
3531 2759 3821 2814 διακοσίων

2232 2849 2657 2924 πεντηκονταέξ.
2695 2850 2760 2903 Ἢ
2811 2850 2994 2903 τοίνυν
3023 2847 3205 2904 τελεία
3250 2851 3381 2921 παρ’
3413 2848 3601 2906 αὐτῶν
3630 2851 3822 2907 καλου·

2235 2945 2374 3017 μένη
2405 2942 2715 3017 παράταξις
2764 2943 2832 2997 ὲκ
2872 2942 3175 3016 ταγμάτων
3233 2944 3522 3016 τεσσάρων
3566 2940 3648 3017 ἦν
3703 2963 3818 3002 συν-

2236 3036 2503 3109 ισταμένη
2525 3054 2539 3068 ·
2572 3035 2798 3107 διῄρητο
2827 3035 2886 3089 δὲ
2928 3037 3008 3100 είς
3044 3034 3216 3103 δεξιὸν
3247 3035 3343 3090 καὶ
3377 3037 3702 3109 ἀριστερὸν,
3733 3039 3820 3109 μέ-

2232 3147 2327 3185 σον
2356 3129 2527 3195 δεξιὸν
2559 3131 2653 3184 καὶ
2685 3129 2855 3202 μέσον
2895 3129 3207 3201 ἀριστερὸν,
3239 3128 3315 3192 ὼς
3347 3125 3485 3184 εἶναι
3509 3130 3706 3184 λοιπὸν
3730 3133 3819 3200 τὴν

2232 3221 2537 3294 παράταξιν
2561 3221 2766 3291 ταύτην
2792 3220 2852 3287 ὲξ
2883 3221 3098 3293 ἀνδρῶν
3125 3221 3423 3276 ἑκκαίδεκα
3449 3221 3714 3292 χιλιάδων
3734 3223 3818 3276 καὶ

2231 3315 2562 3386 τριακοσίων
2608 3314 2938 3386 ὀγδοήκοντα
2997 3314 3304 3387 τεσσάρων.
3367 3316 3662 3387 Χρήσιμος
3709 3315 3763 3369 δὲ
3794 3316 3819 3368 ὁ

2232 3407 2465 3479 ἀριθμὸς
2493 3402 2646 3471 οὗτος
2694 3408 2752 3461 ὲν
2795 3409 2917 3470 ταῖς
2971 3407 3314 3478 παρατάξεσι
3367 3408 3518 3476 παρὰ
3564 3409 3682 3470 τοῖς
3721 3425 3815 3460 πα-

2233 3505 2405 3568 λαιοῖς
2432 3500 2520 3576 ἦν,
2549 3504 2644 3558 ﬁte
2692 3503 2756 3574 δὴ
2784 3502 2976 3557 τούτου
3009 3505 3087 3567 εἰς
3130 3503 3225 3557 δύο
3255 3504 3346 3557 ῐσα
3371 3503 3763 3575 διαιρουμένου
3799 3501 3812 3531 ¹

2239 3600 2508 3671 μηδέποτε
2567 3600 2648 3662 είς
2712 3598 2918 3670 μονάδα
2965 3598 3281 3668 καταλῆγον
3332 3597 3566 3669 Θάτερον
3608 3599 3816 3668 ἔχοντος

2236 3692 2423 3762 μέρος.
2458 3687 2586 3761 Εἶχε
2643 3690 2700 3743 δὲ
2754 3691 2848 3743 καὶ
2906 3689 3099 3760 ψιλοὺς
3151 3691 3184 3762 ή
3227 3689 3537 3763 παράταξις
3567 3690 3665 3761 ἥδε
3697 3690 3813 3752 τοὺς

2235 3788 2452 3858 ἡμίσεις
2483 3785 2570 3839 ἀεὶ
2600 3783 2711 3837 τῶν
2742 3783 3125 3856 ἀσπιδοφόρων
3145 3771 3593 3854 ὀκτακισχιλίους
3627 3782 3814 3836 ἑκατὸν

2233 3880 2592 3950 ἐννενήκοντα
2656 3876 2750 3932 δύο
2807 3876 3043 3949 δηλαδή⁶
3103 3876 3445 3948 παρέταττον
3483 3876 3544 3930 δὲ
3598 3876 3810 3940 τούτους

2231 3973 2353 4028 καθ’
2388 3971 2616 4036 ἑαυτοὺς
2646 3972 2734 4026 ἀεὶ
2771 3970 2865 4026 καὶ
2924 3971 3050 4044 ἰδίᾳ,
3083 3970 3116 4042 ἢ
3166 3970 3498 4044 μικρδντῶν
3524 3972 3812 4041 άσπιδοφόο

2234 4082 2344 4138 ρων
2390 4064 2702 4136 ἔμπροσθεν
2748 4063 2883 4134 πρὸς
2950 4062 3012 4117 τὸ
3055 4062 3274 4117 διώκειν
3314 4064 3629 4136 τραπέντας
3691 4065 3808 4127 ἴσως

2231 4159 2356 4222 τοὺς
2393 4157 2685 4228 πολεμίους
2715 4158 2748 4228 ἢ
2783 4158 2877 4210 καὶ
2908 4156 3251 4227 ἑκατέρωθεν
3282 4157 3487 4212 τούτων
3508 4158 3542 4228 ἢ
3570 4156 3807 4223 ὄπισθεν,

2230 4251 2304 4316 ὡς
2352 4252 2604 4306 ἀπαιτεῖν
2653 4246 2799 4323 εἶχεν
2837 4252 2871 4322 ἡ
2924 4251 3104 4324 χρεία.
3155 4251 3527 4307 Συνεποσοῦτο
3562 4253 3804 4320 τοίνυνή

2231 4345 2541 4417 παράταξις
2572 4344 2763 4399 ἅπασα
2808 4345 2890 4409 είς
2940 4345 3112 4399 εἴκοσι
3145 4346 3420 4418 τέσσαρας
3449 4343 3698 4417 χιλιάδας
3724 4345 3805 4397 καὶ

2229 4441 2546 4507 ἑξακοσίους
2600 4440 3060 4510 ἑϐδομηκονταὲξ.
3094 4441 3440 4513 Παρέταττον
3469 4441 3525 4495 δὲ
3569 4442 3664 4495 καὶ
3694 4439 3805 4512 τρό-

2229 4553 2332 4591 πον
2356 4535 2564 4606 ἓτερον.
2590 4533 2730 4597 Τοὺς
2763 4532 2861 4605 μὲν
2897 4533 3221 4605 εἰρημένους
3240 4520 3643 4604 ἑξακισχιλίους
3677 4532 3802 4606 πρὸς

2228 4629 2356 4693 τοὺς
2389 4630 2410 4660 ³
2447 4628 2581 4684 δέκα
2639 4628 2733 4682 καὶ
2777 4626 3125 4698 τριακοσίους
3152 4627 3486 4699 ὀγδοήκοντα
3515 4626 3796 4698 τέσσαρας,

2227 4719 2321 4785 οὒς
2349 4719 2414 4792 δὴ
2436 4720 2528 4788 καὶ
2557 4719 2773 4773 τελείαν
2814 4717 3142 4790 παράταξιν,
3198 4718 3276 4782 ὡς
3327 4719 3563 4790 ἔφημεν,
3618 4720 3665 4772 oi
3703 4735 3800 4770 πα-

2228 4812 2371 4867 λαιοὶ
2430 4812 2822 4882 κατωνόμαζον
2880 4813 2923 4880 ³,
2982 4813 3062 4876 είς
3120 4810 3213 4866 δύο
3275 4810 3366 4866 ῐσα
3418 4812 3663 4884 διῄρουν,
3709 4809 3800 4864 ἀνὰ

2227 4907 2648 4979 ὀκτακισχιλίων
2699 4907 2901 4978 δηλαδὴ
2967 4907 3063 4959 καὶ
3113 4905 3309 4962 ἑκατὸν
3359 4905 3799 4978 ἐννενηκονταδύο

2229 5000 2466 5074 ἀνδρῶν,
2517 5001 2614 5055 καὶ
2666 5000 2728 5053 τὸ
2770 4999 2870 5070 μὲν
2928 4999 3103 5064 δεξιὸν
3141 4998 3370 5054 ἐκάλουν
3422 5001 3612 5072 κέρας,
3650 4998 3710 5054 τὸ
3746 4997 3795 5052 δὲ

2229 5093 2537 5164 ἀριστερὸν,
2586 5091 2767 5160 δεξιάν
2813 5091 2870 5146 δὲ
2930 5092 3172 5165 κεφαλὴν
3223 5094 3287 5147 τὸ
3336 5093 3450 5148 ἄνω
3490 5093 3656 5165 μέρος
3711 5089 3794 5146 τοῦ

2227 5183 2403 5250 δεξιοῦ
2432 5184 2682 5254 κέρατος,
2714 5185 2882 5257 οὐρὰν
2941 5185 2996 5239 δὲ
3043 5185 3303 5250 ὡσαύτως
3344 5185 3526 5252 δεξιάν
3569 5187 3631 5241 τὸ
3659 5186 3793 5240 κάτω

2227 5275 2418 5328 τούτου
2447 5292 2460 5306 °
2483 5275 2572 5330 τὸν
2620 5276 2782 5331 αὑτὸν
2838 5276 2894 5329 δὲ
2928 5277 3128 5346 τρόπον
3170 5279 3262 5332 καὶ
3290 5279 3360 5333 τὰ
3387 5279 3482 5334 τοῦ
3518 5275 3791 5354 ἀριστεροῦ

2228 5364 2520 5419 ἐκαλοῦντο
2557 5365 2722 5437 μέρη.
2760 5365 2835 5420 Τὸ
2861 5364 2918 5419 δὲ
2944 5367 3145 5437 μεταξὺ
3172 5368 3281 5420 τῶν
3311 5369 3406 5422 δύο
3433 5369 3602 5424 τῶνδε
3638 5372 3789 5442 κερά-

2226 5474 2335 5509 των
2360 5455 2655 5528 διάστημα,
2690 5457 2817 5511 ἔνθα
2844 5458 2938 5512 καὶ
2975 5460 3002 5512 ὁ
3032 5460 3337 5530 στρατηγὸς
3391 5461 3597 5527 ἵστατο,
3632 5462 3790 5531 στόμα

2228 5549 2320 5602 καὶ
2343 5549 2618 5620 ὀμφαλὸνδ
2647 5553 2745 5623 τῇς
2768 5551 3126 5624 παρατάξεως
3152 5551 3357 5620 ἔλεγον.
3381 5552 3520 5618 Τοὺς
3547 5571 3595 5624 ,η
3623 5554 3786 5626 μένιοι

1853 5705 2080 5761 VARI/if.
2118 5707 2525 5766 LECTIONEb.

621 5833 639 5866 ‘
674 5834 870 5889 luserit
908 5835 948 5887 Β
993 5839 1103 5892 καί.
1187 5842 1339 5904 ’τοῖς
1375 5842 1492 5913 (sed
1525 5843 1622 5912 ita,
1685 5856 1742 5900 ut
1794 5861 1902 5902 non
1948 5847 2128 5904 diﬂ'era

2257 5852 2400 5926 τοῦξ)
2434 5853 2492 5910 Β.
2570 5855 2622 5931 ⁸³
2653 5857 3032 5929 κατανόμαζον
3063 5857 3124 5916 Β.
3201 5859 3222 5893 ⁵
3247 5858 3492 5933 ὄμφαλον
3518 5860 3581 5918 Β.
