4036 6300
214 403 364 475 1091

1429 411 1766 474 TACTICA.
1794 438 1864 450 -—
1886 411 2292 472 APPENDIX.

3344 411 3494 476 1038-

212 522 316 576 rat
341 518 457 593 ρίο,β’
487 520 719 590 ’ψιλοὺς
784 521 890 594 ίδίᾳ
942 523 1219 578 κάνταῦθα
1273 524 1364 576 καὶ
1423 523 1546 578 καθ’
1582 525 1793 588 ἑαυτοὺς

1911 538 2076 594 super
2108 539 2219 594 quo
2260 523 2314 577 in
2364 530 2739 578 transversum
2796 514 3193 592 separabantur
3243 521 3486 593 legiones

209 613 463 678 εταττον,
514 614 590 678 ὡς
637 614 941 685 φθάσαντες
984 616 1216 686 ἔφημεν.
1256 616 1543 687 Διάστημα
1569 616 1625 670 δὲ
1661 618 1802 670 κατά

209 707 447 775 πλάγιον
505 707 525 737 ⁸
578 709 637 759 ὲν
686 708 863 760 τοῖσδε
894 707 1009 772 τοῖς
1045 709 1290 778 τάγμασι
1333 707 1468 780 πρὸς
1500 709 1705 780 ἄλληλα
1737 709 1796 761 ού

211 797 380 853 πλέον
412 795 479 870 ἦν
507 798 742 871 ὀργυιῶν
765 801 931 854 ὀκτώ.

208 892 471 947 ΚΕΦΑΛ.
502 890 625 948 AI".
649 892 1098 961 -Παρατάξεις
1126 892 1358 948 ἱππέων
1397 897 1524 949 κατ’
1554 895 1800 962 αὐτούς.

286 1053 352 1108 Oi
384 1053 439 1107 δὲ
464 1054 654 1117 ίππείς
675 1053 915 1115 σπανίως
947 1052 1044 1122 μὲν
1075 1051 1198 1108 καθ’
1225 1054 1450 1117 ἑαυτοὺς
1475 1053 1796 1124 ἐπολέμουν·

204 1143 394 1214 ὀλίγον
415 1145 526 1215 γάρ
569 1139 639 1216 ἦν
680 1145 809 1215 παρ’
839 1143 1066 1215 Ἕλλησι
1101 1144 1161 1198 τὸ
1208 1144 1466 1198 ίππικόν·
1509 1145 1598 1199 ὅτε
1631 1145 1676 1199 δ’
1702 1141 1797 1198 οὖν

204 1237 348 1308 πρὸς
369 1237 710 1308 ἱππομαχίαν
732 1235 1078 1302 καθίσταντο,
1099 1236 1225 1298 τοὺς
1256 1237 1355 1307 μὶν
1379 1237 1798 1309 καταφράκτους

202 1325 347 1400 ὀμοῦ
374 1329 471 1383 σὺν
503 1331 614 1394 τοῖς
634 1329 954 1401 δορυφόροις
1002 1331 1079 1393 είς
1121 1328 1216 1384 δύο
1266 1329 1486 1401 διῄρουν
1515 1330 1793 1400 τάγματα,

205 1421 380 1492 μέσον
413 1421 589 1487 δεξιὸν
630 1422 724 1476 καὶ
758 1423 924 1493 μέσον
966 1423 1273 1495 ἀριστερὸν,
1298 1424 1423 1486 τοὺς
1447 1423 1494 1476 δ’
1523 1424 1796 1495 ἐλαφροὺς

202 1513 581 1586 καλουμένους
615 1515 939 1578 ἀκοντιστάς
984 1514 1184 1587 δηλαδὴ
1215 1517 1309 1568 καὶ
1339 1515 1561 1582 τοξότας
1588 1519 1666 1580 είς
1699 1517 1794 1570 δύο

200 1607 374 1676 {rapa
405 1607 424 1639 ⁷
480 1606 652 1674 δεξιὸν
697 1610 790 1661 καὶ
843 1608 1153 1679 ἀριστερὸν,
1196 1609 1456 1678 προῖεσαν
1484 1609 1538 1661 δὲ
1597 1609 1794 1681 μικρὸν

199 1695 316 1748 τῶν
341 1698 752 1768 καταφράκτων
775 1697 1105 1769 ἔμπροσθεν,
1134 1699 1210 1761 ὠς
1241 1698 1348 1752 ἀπὸ
1385 1699 1623 1770 ὀργυιῶν
1648 1701 1793 1754 ὀκτὼ

204 1791 467 1859 μάλιστα,
502 1791 575 1844 Τὸ
608 1790 792 1861 μέντοι
839 1791 1013 1862 πάχος
1044 1792 1155 1846 τῶν
1198 1794 1498 1863 ταγμάτων
1533 1794 1596 1848 ού
1631 1794 1791 1849 πλέον

1907 631 2016 669 non
2053 624 2172 670 erat
2203 613 2436 686 amplius
2468 628 2630 684 quam
2661 613 2806 669 ulnis
2834 623 2984 669 octo.

1901 879 2054 936 CAP.
2092 878 2331 936 XXXIII-
2371 912 2440 922 --
2472 880 2848 1006 Ordizationes
2887 882 3123 951 equitum
3174 884 3318 954 apud
3363 901 3488 939 eos—

2644 969 2746 1006 cm.

2644 969 2746 1008 cm.

1971 1044 2118 1101 Raro
2166 1045 2378 1117 equites
2461 1045 2753 1115 separatim
2809 1046 3170 1114 dimicabant;
3233 1048 3490 1104 modicus

1901 1138 2047 1194 enim
2081 1148 2202 1194 erat
2237 1138 2382 1208 apud
2445 1136 2667 1195 Grzccos
2727 1140 3059 1210 equitatus;
3112 1140 3330 1212 quoties
3381 1158 3480 1196 au-

1902 1240 2008 1287 tem
2039 1231 2108 1286 ad
2141 1240 2448 1302 equestrem
2506 1247 2742 1302 pugnam
2773 1233 3156 1299 deveniebant,
3189 1233 3482 1305 cataphra-

1900 1330 2016 1379 ctos
2040 1338 2163 1379 cum
2197 1323 2526 1395 dorypltoris
2572 1323 2735 1380 simul
2770 1326 2824 1380 in
2882 1325 3022 1381 duas
3053 1325 3294 1396 legiones
3339 1327 3482 1382 divi-

1898 1415 2122 1482 debant,
2161 1416 2215 1471 in
2251 1415 2492 1472 medium
2555 1417 2761 1474 scilicet
2825 1419 3075 1473 dextrum
3132 1425 3186 1474 et
3237 1419 3478 1474 medium

1900 1507 2120 1576 laevum;
2154 1523 2294 1579 quos
2324 1515 2504 1564 autem
2530 1509 2734 1566 celeres
2791 1509 3079 1573 vocabant,
3119 1509 3172 1564 id
3202 1516 3305 1575 est,
3331 1510 3482 1580 jacu-

1895 1597 2100 1655 latores
2121 1608 2174 1654 et
2205 1599 2534 1670 sagittarios,
2558 1598 2613 1654 in
2651 1601 2789 1654 duas
2822 1600 3023 1668 pariter
3051 1598 3316 1671 legiones,
3341 1600 3478 1656 dex-

1897 1701 2036 1746 tram
2086 1691 2334 1748 videlicet
2380 1702 2434 1748 et
2489 1691 2698 1759 laevam,
2753 1707 2890 1763 quas
2924 1703 3050 1748 ante
3093 1693 3478 1764 cataphractos

1895 1784 1962 1838 ad
1994 1783 2153 1840 ulnas
2182 1792 2304 1840 octo
2332 1784 2602 1841 sistebant
2643 1793 2701 1839 ut
2742 1785 3000 1840 maxime.
3027 1785 3327 1856 Legionum
3351 1801 3477 1857 pro-

199 1873 272 1954 ἦν
298 1880 530 1952 ὀρδίνων
551 1883 855 1954 τεσσάρων,
888 1881 982 1935 δύο
1016 1882 1117 1953 μὲν
1148 1883 1212 1937 ὲκ
1249 1885 1358 1938 τῶν
1382 1886 1792 1956 καταφράκτων

1901 1871 2144 1929 funditas
2179 1884 2416 1942 quatuor
2444 1882 2653 1928 tantum
2685 1875 2938 1930 ordinum
2965 1885 3104 1940 erat,
3137 1877 3371 1932 duorum
3403 1877 3480 1931 vi-

199 1971 313 2026 τῶν
337 1973 422 2036 είς
449 1971 768 2044 προμάχους
795 1971 1115 2038 τελούντων,
1143 1973 1236 2027 δύο
1264 1973 1309 2027 δ’
1342 1973 1498 2038 αὖθις
1519 1975 1629 2028 τῶν
1661 1976 1786 2028 έλα-

200 2063 361 2136 φρῶν
386 2063 741 2135 καλουμένων
762 2082 777 2097 ·
808 2057 955 2118 οὗτοι
1014 2065 1070 2119 δὲ
1117 2067 1214 2121 καὶ
1241 2067 1601 2140 ούραγοῦντες
1624 2064 1786 2141 ἦσαν.

200 2157 498 2226 Διάστημα
528 2156 583 2209 δὲ
614 2156 756 2209 κατὰ
786 2157 1020 2226 πλάγιον
1048 2157 1070 2190 ⁸
1101 2158 1157 2212 ὲν
1181 2161 1294 2222 τοῖς
1335 2160 1582 2234 ἱππικοῖς
1610 2161 1788 2215 τοῖσδε

199 2249 456 2316 τάγμασι
512 2248 650 2319 πρὸς
702 2248 905 2320 ἄλληλα
935 2250 1173 2321 ὀργυιῶν
1207 2246 1278 2322 ἦν
1329 2251 1500 2305 εἴκοσι
1530 2251 1786 2322 μάλιστα.

201 2338 366 2392 Κατὰ
403 2338 590 2410 μέντοι
613 2339 673 2392 τὸ
706 2340 813 2392 τῶν
853 2340 1078 2412 ὀρδίνων
1112 2342 1286 2412 μῆκος
1330 2343 1424 2396 δύο
1457 2345 1556 2414 μὲν
1590 2345 1649 2397 ὲν
1677 2348 1789 2409 τοῖς

201 2430 618 2502 καταφράκτοις
667 2431 770 2484 τὸν
824 2433 921 2503 τῆς
978 2433 1207 2504 ὀργυιᾶς
1252 2418 1700 2504 ὲπείχοντόπον,
1733 2439 1790 2490 ὲν

199 2521 261 2574 δὲ
292 2524 409 2585 τοῖς
437 2521 694 2593 ἐλαφροῖς
727 2523 1040 2595 λεγομένοις
1061 2524 1287 2595 ὀργυιᾶς
1309 2523 1525 2597 ἐπεῖχεν
1561 2527 1790 2592 ἕκαστος

199 2614 369 2667 τόπον
391 2616 438 2670 ⁹.

201 2705 465 2763 ΚΕΦΔΛ.
509 2705 630 2763 ΛΔ’.
698 2739 769 2748 -
820 2709 1190 2784 Παρατᾴξεις
1250 2712 1512 2782 στρατοῦ
1567 2715 1803 2784 συμμίιι

673 2797 818 2835 κτου
852 2781 894 2812 ¹⁰
920 2783 1046 2836 κατ’
1090 2781 1331 2849 αὑτούςέ

276 2870 604 2942 Συμμίκτου
655 2870 711 2926 δὲ
747 2872 981 2943 στρατοῦ
1012 2875 1353 2938 συνεστῶτος
1387 2877 1450 2928 ὲκ
1476 2875 1658 2940 πεζῶν
1690 2876 1790 2947 δη-

203 2961 339 3035 λαδὴ
373 2963 728 3032 καὶίππέων,
759 2967 884 3030 τοὺς
931 2968 1030 3037 μὲν
1085 2967 1284 3032 πεζοὺς
1334 2969 1456 3024 καθ’
1496 2969 1593 3023 ἒνα
1620 2969 1790 3039 δήπου

205 3057 319 3114 τῶν
341 3059 655 3131 εἰρημένων
687 3059 731 3092 “
764 3059 1104 3133 παρέταττον
1127 3061 1349 3132 τρόπον,
1376 3061 1501 3125 τοὺς
1528 3061 1572 3114 δ’
1605 3061 1790 3125 ἱππεῖς

201 3149 239 3222 ἢ
262 3151 367 3222 τῆς
395 3151 631 3222 πεζικῆς
656 3151 1018 3223 παρατάξεως
1037 3151 1373 3224 ἔμπροσθεν,
1401 3153 1435 3224 ἢ
1467 3152 1562 3207 καὶ
1586 3151 1792 3223 ταύτης

1900 1967 2097 2024 delicet
2145 1982 2212 2023 ex
2265 1967 2636 2039 cataphractis
2686 1977 2946 2040 tanquam
2997 1971 3372 2040 antesignanis
3422 1978 3481 2026 et

1898 2058 2130 2114 duorum
2154 2074 2220 2115 ex
2268 2059 2540 2117 celeribus
2575 2061 2665 2131 qui
2707 2073 3014 2116 extremum
3085 2078 3277 2132 agmen
3315 2063 3487 2121 (luce-

1901 2154 2053 2207 bant.
2102 2151 2454 2207 Intervallum
2509 2162 2692 2207 autem
2739 2153 2883 2207 inter
2914 2153 3034 2206 illas
3061 2161 3347 2223 equestres
3393 2153 3474 2208 Ie-

1897 2243 2086 2314 giones
2116 2243 2303 2312 Viginti
2336 2243 2587 2298 ulnarum
2619 2252 2754 2297 erat.
2783 2244 2936 2309 Quod
2969 2259 3095 2300 vero
3122 2244 3187 2299 ad
3221 2243 3486 2299 ordinum-

1903 2334 2295 2405 longitudinem
2330 2336 2544 2400 attinet,
2579 2335 2743 2392 unius
2766 2336 2908 2390 ulnae
2968 2336 3207 2406 spatium
3238 2334 3351 2392 bini
3381 2349 3475 2393 ca-

1905 2429 2224 2499 taphracta,
2253 2427 2461 2485 celeres
2494 2428 2693 2500 singuli
2722 2429 3087 2500 occupabant.

1899 2714 2054 2770 CAP.
2118 2713 2357 2770 XXXIV.
2381 2745 2451 2755 --
2483 2712 2648 2786 lini
2696 2717 2957 2772 exercitus
2985 2715 3126 2786 apud
3153 2715 3362 2773 eosdem
3392 2735 3481 2773 or-

2568 2785 2883 2840 dinationes.

1979 2875 2266 2931 Exercitus
2309 2876 2462 2930 mixti
2509 2875 2716 2946 pedites
2750 2876 2935 2945 aliquo
2963 2891 3028 2932 ex
3069 2877 3342 2946 praedictis
3363 2893 3480 2936 mo-

1902 2969 2008 3035 dis,
2043 2969 2252 3038 equites
2285 2983 2414 3023 vero
2439 2976 2534 3022 aut
2574 2976 2702 3023 ante
2733 2977 2829 3023 aut
2875 2983 3014 3038 pone
3040 2968 3360 3038 peditatum,
3421 2980 3482 3026 ut

1906 3062 2216 3133 postulabat
2286 3071 2500 3131 tempus
2544 3068 2638 3115 aut
2668 3059 2894 3131 urgebat
2946 3060 3263 3127 necessitas,
3290 3060 3480 3133 dispo-

1907 3155 2126 3220 nebant,
2151 3153 2234 3209 vel
2252 3152 2413 3228 etiam
2439 3152 2506 3208 ad
2532 3161 2837 3230 extremum
2864 3151 3123 3223 quodque
3171 3152 3336 3220 latus,
3368 3168 3481 3225 quo

202 3241 456 3307 δπισθεν,
485 3241 563 3307 ὡς
608 3243 637 3297 ὀ
691 3243 884 3314 καιρὸς
913 3243 1099 3297 ἐκάλει
1147 3242 1392 3314 δηλονότι
1421 3242 1519 3298 καὶ
1562 3244 1595 3312 ὴ
1631 3242 1789 3314 χρεία

1907 3243 2122 3301 facilius
2151 3245 2206 3300 in
2263 3245 2450 3300 hostes
2479 3252 2849 3314 erumperent,
2886 3243 3213 3316 faciliusque
3241 3260 3300 3302 se
3335 3246 3478 3300 reci-

206 3335 571 3406 κατήπειγεν,
615 3333 650 3406 ἢ
703 3335 796 3388 καὶ
844 3335 973 3406 περὶ
1020 3335 1158 3389 αὐτὰ
1192 3335 1261 3388 τά
1282 3334 1386 3404 τῆς
1431 3334 1793 3406 παρατάξεως

204 3427 488 3498 ὰκρότατα
515 3426 738 3488 τούτους
759 3425 1004 3492 ἔταττον,
1039 3427 1114 3490 ὡς
1153 3426 1218 3480 ἂν
1252 3427 1450 3498 ῥᾳδίως
1482 3427 1527 3460 ¹¹
1563 3427 1662 3497 μὲν
1695 3427 1794 3492 τὰς

219 3519 369 3573 κατὰ
393 3517 505 3573 τῶν
536 3517 747 3589 ἐχθρῶν
772 3518 1061 3584 ἐπελάσεις
1107 3518 1271 3585 οὕτω,
1311 3519 1508 3590 ῥᾳδίως
1537 3519 1595 3573 δὲ
1631 3521 1673 3552 ⁸³
1701 3523 1795 3574 καὶ

203 3611 305 3677 τάς
340 3614 723 3685 ὑποχωρήσεις
778 3615 1035 3678 ποιοῖντο,
1081 3615 1420 3685 πονήσαντές
1456 3632 1517 3668 τε
1552 3615 1654 3686 ήδη
1703 3617 1795 3670 καὶ

211 3707 288 3776 μὴ
318 3702 426 3761 οἷοί
468 3722 531 3760 τε
590 3705 744 3769 δντες
794 3706 886 3783 τδν
916 3705 1154 3776 πόλεμον
1177 3705 1456 3778 διαφέρειν
1481 3706 1703 3772 ἀλύπως
1728 3707 1793 3763 ἃν

207 3799 305 3851 καὶ
336 3799 434 3852 σὺν
457 3796 633 3851 οὐδενὶ
665 3797 811 3867 πόνῳ
834 3813 900 3849 πε
911 3799 962 3867 ρὶ
982 3797 1079 3866 τὴν
1098 3797 1363 3868 οὐραγίαν
1386 3796 1700 3853 διασωθεῖεν
1726 3798 1792 3854 ίδ.

205 3889 423 3960 Ὥσπερ
456 3888 514 3942 δὲ
538 3887 646 3960 ἄρα
672 3888 771 3959 τὴν
801 3887 1098 3959 εἰρημένην
1113 3888 1327 3942 τελείαν
1355 3889 1585 3962 πεζικὴν
1619 3890 1793 3961 παρά-

205 3982 358 4048 ταξιν
391 3984 476 4046 είς
532 3981 828 4036 ἑκκαίδεκα
873 3980 1117 4052 χιλιάδας
1148 3981 1283 4051 πρὸς
1314 3985 1426 4046 τοῖς
1455 3984 1794 4052 τριακοσίοις

202 4073 542 4146 ὀγδοήκοντά
601 4091 660 4127 τε
725 4073 821 4128 καὶ
875 4074 1170 4144 τέσσαρσιν
1212 4076 1253 4107 ³⁸
1306 4075 1536 4139 ὁπλίτας
1583 4075 1795 4148 ἔφημεν

207 4164 647 4236 συμποσοῦσθαι,
677 4166 801 4228 τοὺς
823 4164 881 4218 δέ
912 4182 975 4232 γε
1026 4165 1216 4235 ψιλοὺς
1258 4166 1339 4230 είς
1373 4165 1433 4219 τὸ
1467 4165 1637 4237 ἥμισυ
1673 4165 1798 4219 τού-

203 4271 314 4309 των
339 4296 355 4321 ,
390 4258 473 4320 είς
500 4273 546 4327 ,η
589 4255 792 4327 δηλαδὴ
838 4255 935 4310 καὶ
970 4254 1014 4327 ρ’
1060 4257 1103 4288 ³⁸
1150 4257 1621 4329 ἐννενηκονταδύο,
1655 4258 1798 4312 οὕτω

207 4345 275 4420 δὴ
297 4347 394 4403 καὶ
413 4349 543 4412 τοὺς
575 4349 762 4412 ἱππεῖς
783 4349 861 4412 είς
881 4347 942 4400 τὸ
963 4349 1138 4420 ἥμισυ
1162 4349 1268 4402 τῶν
1285 4347 1455 4418 ψιλῶν
1478 4349 1795 4422 περιίστων,

207 4441 289 4504 είς
354 4438 496 4509 ,διιςέ
543 4440 810 4511 δηλονότι,
874 4439 951 4504 ὡς
1001 4440 1411 4513 συμπσοῦσθαι
1461 4441 1649 4498 λοιπὸν
1699 4446 1799 4514 τὴν

208 4529 518 4602 σύμμικτον
561 4531 768 4604 ταύτην
821 4531 1125 4604 παράταξιν
1180 4533 1262 4596 είς
1313 4532 1558 4603 χιλιάδας
1590 4531 1677 4604 κη’
1704 4536 1800 4590 καὶ

1900 3346 2108 3410 perent,
2138 3346 2297 3408 atque
2330 3337 2397 3392 ad
2436 3336 2665 3393 caudam
2697 3336 3022 3402 incolumes,
3051 3338 3230 3409 pressi
3258 3352 3358 3393 nec
3378 3338 3480 3393 im-
3562 3349 3564 3353 '

1903 3440 2088 3502 petum
2132 3431 2370 3486 hostium
2423 3429 2682 3495 ferentes,
2720 3439 3145 3485 reverterentur.
3198 3430 3354 3486 Sicut
3382 3445 3477 3500 pe-

1902 3508 2074 3579 ditum
2132 3523 2408 3594 perfectus
2462 3523 2737 3580 exercitus
2769 3521 3083 3588 constabat,
3145 3521 3310 3578 sicuti
3361 3521 3475 3593 jam

1900 3615 2155 3680 diximus,
2187 3614 2464 3673 sexdecim
2497 3622 2830 3670 armatorum
2866 3614 3106 3671 millibus
3133 3625 3186 3670 et
3220 3615 3498 3671 trecentis

1902 3710 2176 3783 octoginta
2203 3719 2443 3782 quatuor
2465 3709 2794 3764 cumlevitcr
2816 3708 3043 3763 armatis
3070 3707 3138 3765 ad
3165 3706 3454 3763 dimidium

1902 3815 2024 3860 octo
2049 3805 2261 3860 scilicet
2296 3803 2539 3859 millibus
2578 3810 2631 3858 et
2661 3810 2878 3858 centum
2915 3801 3210 3871 nonaginta
3239 3799 3478 3868 duobus,

1900 3898 1976 3952 ita
1993 3897 2269 3968 equitibus
2283 3898 2347 3952 ad
2365 3896 2646 3952 dimidium
2669 3896 2856 3951 leviter
2871 3906 3226 3961 armatorum,
3244 3903 3481 3964 quatuor

1899 3992 2109 4048 scilicet
2137 3992 2377 4048 millibus
2407 4001 2459 4046 et
2481 3991 2769 4061 nonaginta
2783 4004 2908 4057 sex;
2936 3990 3084 4044 unde
3100 3987 3304 4042 mixtus
3319 4003 3479 4042 exer-

1901 4080 2045 4136 citus
2077 4088 2202 4135 octo
2248 4089 2303 4136 et
2341 4080 2531 4151 viginti
2572 4079 2812 4136 millibus
2854 4091 2907 4136 et
2932 4078 3206 4136 sexcentis
3254 4087 3477 4146 septua-

1899 4173 2048 4244 ginta
2108 4172 2344 4229 duobus.
2399 4203 2469 4213 —
2497 4171 2617 4227 Tali
2663 4172 2849 4237 modo,
2901 4181 2959 4227 ut
2989 4173 3253 4237 diximus,
3293 4170 3474 4226 Mace-

1899 4265 2068 4321 dones
2117 4274 2170 4321 et
2200 4267 2443 4322 universi
2481 4265 2658 4323 Graeci
2712 4265 3069 4320 armabantur
3100 4273 3155 4320 et
3199 4263 3478 4320 exercitus

1900 4357 2281 4425 instruebant;
2345 4373 2494 4413 nunc
2553 4369 2737 4414 autem
2796 4357 2984 4428 paucis
3053 4356 3346 4412 dicendum
3409 4355 3479 4410 de

1902 4459 2178 4505 armatura
2237 4459 2291 4506 et
2326 4450 2769 4507 ordinationibus
2822 4449 3026 4506 nostris
3082 4460 3136 4503 et
3196 4446 3493 4503 Ilomano~‘

1901 4554 2044 4593 rum.

207 4624 406 4698 χοβ’¹⁷.
442 4627 553 4682 Καὶ
593 4626 736 4682 οὕτω
787 4629 906 4699 μὲν,
938 4629 1014 4692 ὡς
1062 4629 1222 4698 ἔφην,
1281 4627 1338 4681 οἴ
1392 4646 1450 4682 τε
1497 4630 1809 4696 Μακεδόνες
1848 4634 1944 4687 καὶ
1989 4636 2050 4689 τὸ
2094 4636 2405 4709 Ἑλληνικὸν
2435 4637 2582 4692 ἅπαν
2611 4636 2908 4701 ὡπλίζοντό
2965 4654 3024 4691 τε
3064 4636 3157 4691 καὶ
3205 4635 3482 4707 παρετάτ-

207 4737 389 4776 τοντο·
439 4722 570 4796 περὶ
632 4723 691 4778 δὲ
742 4721 851 4776 τῶν
910 4721 1031 4776 καθ’
1055 4722 1228 4794 ⁵ἡμᾶς
1291 4721 1387 4775 καὶ
1465 4721 1789 4794 Ῥωμαϊκῶν
1827 4725 2108 4800 ὁπλισμῶν
2169 4748 2230 4785 τε
2286 4732 2381 4785 καὶ

209 4813 413 4871 λοιπόν.

210 4906 461 4966 ΚΕΦΔΛ.
488 4914 716 5003 A.E'..—-
745 4912 876 5003 Ιῖὡς
922 4911 1073 5003 κατὰ
1108 4910 1475 5003 L'Pfugtalovc‘

278 4984 541 5050 στρατοῦ
598 4985 890 5054 ἡγεμόνες
930 4983 1030 5037 καὶ
1063 4981 1135 5036 τὰ
1172 4981 1273 5037 ὑπ’
1301 4984 1527 5050 αὐτοὺς
1567 4985 1788 5055 ὀνομά-

269 5050 475 5113 ζονται
505 5055 791 5126 τάγματα.
1489 5108 1495 5112 .

280 5108 502 5218 ίιρῶτος
674 5147 738 5218 δὴ
767 5108 876 5201 τῶν
899 5147 1181 5219 ἡγεμόνων
1215 5108 1520 5201 ἁπάντωνό
1582 5163 1783 5219 στρατ-

213 5237 342 5306 ηγός
364 5240 511 5295 ἑστιν
534 5242 598 5274 ¹⁸·
617 5237 734 5295 εἶτα
751 5242 799 5294 οἱ
824 5240 1170 5311 τουρμάρχαι
1199 5243 1247 5294 οἱ
1278 5240 1372 5294 καὶ
1398 5240 1672 5310 μεράρχαι
1701 5240 1789 5293 λε-

214 5327 452 5400 γόμενοι,
499 5332 619 5404 μεθ’
667 5331 759 5398 οὓς
790 5334 836 5386 ot
863 5331 1235 5404 δρουγγάριοι,
1287 5332 1403 5385 εἶτα
1433 5333 1480 5385 οἱ
1514 5333 1777 5404 κόμητες,

2462 4731 2821 4803 παρατάξεων
2865 4732 2983 4801 μετ’
3020 4730 3180 4799 ὀλίγα
3259 4729 3482 4783 λεκτέον

1318 4913 1474 4988 [ους-
1494 4914 1553 4968 οἵ
1583 4931 1648 4988 τε
1681 4914 1789 4988 τοῦ

1901 4916 2048 4975 CAP.
2084 4916 2301 4973 XXXV.
2330 4947 2402 4959 —
2432 4915 2632 4988 Ducum
2658 4923 2709 4970 et
2744 4914 3013 4988 agminum
3062 4929 3178 4988 qua:
3209 4911 3304 4965 sub
3353 4912 3480 4981 ipsis

2134 4997 2288 5044 erant
2327 4989 2465 5058 apud
2496 4987 2762 5041 Romanos
2782 4985 3259 5040 denominatt‘oncs.

1984 5144 2193 5201 Ducum
2275 5144 2521 5200 omnium
2589 5141 2797 5214 primus
2853 5147 2938 5196 est
3006 5149 3302 5208 strategus,
3353 5147 3479 5208 post

1892 5236 2242 5301 turmarchzc,
2294 5235 2385 5305 qui
2414 5233 2578 5288 etiam
2615 5231 2916 5287 merarchze
2937 5271 2952 5294 ,
2984 5240 3106 5300 post
3138 5246 3277 5300 quos
3301 5229 3475 5284 drun-

1888 5329 2048 5401 garii,
2085 5327 2282 5384 deinde
2320 5325 2574 5392 comltes,
2631 5332 2755 5397 post
2811 5333 2995 5380 autem
3038 5323 3348 5379 centarchae
3373 5321 3477 5394 (illi

1495 5465 1730 5522 VARI/{‘3
1769 5464 2179 5524 LECTIONES.

285 5604 308 5638 '
337 5605 412 5678 bl,
450 5604 576 5681 (sic)
625 5612 686 5668 Β.
767 5611 1175 5682 ⁸καταπλάγιον
1203 5613 1263 5668 Β.
1342 5613 1361 5644 ⁷
1389 5611 1520 5678 ἓτρλ
1563 5612 1699 5682 (sic)
1731 5612 1790 5666 Β.
1868 5613 1888 5645 ⁸
1917 5612 2288 5682 καταπλάγιον
2318 5613 2379 5667 Β.
2456 5613 2476 5644 ⁸
2507 5612 2723 5682 ἐπεῖχεν
2751 5606 2980 5661 ἕκαστον
2998 5606 3149 5682 (sic!)
3178 5613 3386 5682 tantum
3408 5605 3474 5660 Β.

221 5675 264 5708 ⁸⁸
296 5675 600 5753 συμμίκτοῦ
631 5685 691 5740 Β.
769 5685 809 5716 ¹¹
837 5675 1128 5753 εἰρημένον

1178 5685 1273 5739 sed
1293 5702 1320 5736 ο
1341 5683 1548 5738 iucorr.
1570 5679 1787 5755 script.)
1814 5684 1874 5740 Β.
1943 5687 1984 5716 ι’
2017 5679 2213 5754 ῥαδίως
2235 5683 2290 5755 (α
2321 5697 2482 5755 super
2506 5701 2550 5735 ω
2577 5679 2840 5755 scriptum
2869 5687 2923 5755 et
2943 5679 3153 5755 milites
3182 5679 3471 5755 δίψει-θριξὶ

221 5685 264 5708 ¹’¹
296 5685 600 5750 συμμικτοῦ
631 5685 691 5740 Β.
769 5685 809 5716 ⁸³
837 5685 1128 5753 εἰρημένον
1153 5685 1273 5809 Ssed
1293 5702 1320 5736 ο
1341 5685 1548 5738 iucorr.
1570 5685 1787 5754 script.)
1814 5685 1874 5740 Β.
1943 5687 1984 5716 ι’
2017 5685 2213 5754 ῥαδίως
2235 5685 2290 5755 (α
2321 5697 2482 5752 super
2506 5701 2550 5735 ω
2577 5685 2840 5747 scriptum
2869 5687 2921 5733 et
2943 5697 2988 5731 ω
3012 5685 3153 5731 linea
3182 5685 3471 5761 suberecta

220 5751 611 5826 ετξηείρεευηι),
633 5754 696 5809 Bo
728 5824 735 5826 Α
774 5753 816 5786 ’⁸
848 5755 1036 5824 ῥαδίας
1067 5756 1148 5823 (se
1227 5773 1261 5809 α
1289 5755 1343 5808 in
1377 5773 1422 5806 ω
1470 5755 1639 5826 corr.)
1672 5753 1730 5808 δὲ
1800 5755 1897 5826 μὲν
1931 5754 2047 5826 (sed
2079 5765 2376 5826 utrumque
2402 5754 2548 5826 linea
2584 5749 2932 5826 transﬁxum)
2971 5749 3027 5801 δὲ
3076 5749 3134 5826 ll.
3165 5816 3186 5826 Μ
3216 5747 3257 5777 ⁸⁸
3288 5759 3473 5826 οιΞσο-

222 5815 358 5871 θεῖεν
393 5818 449 5875 Β.
531 5815 651 5880 "In
683 5815 970 5898 τέσσαρσῖν
1005 5815 1129 5898 (sic)
1161 5829 1243 5881 σ’ίν
1276 5827 1414 5882 linea
1451 5815 1719 5882 subducta
1753 5815 2020 5885 notatum.
2102 5827 2144 5857 ’⁸
2175 5815 2299 5894 ῥιΒξ
2367 5825 2408 5856 ⁸⁷
2429 5822 2474 5895 χ’
2504 5822 2598 5893 οη’
2629 5822 2689 5876 Β.
2767 5821 2808 5852 ¹’⁸
2835 5820 3134 5897 στρατηγὸς
3162 5816 3310 5873 ἔστιν
3343 5816 3402 5870 Β·
