3968 6308
588 429 728 494 1099

1859 425 2136 489 LEONIS
2174 420 2630 487 PIIILOSOPHI

3776 414 3890 480 Ῑίω

581 557 715 598 vero
766 541 1118 598 centuriones
1170 541 1540 614 dicebantur),
1589 550 1781 615 postea
1833 557 2054 613 quoque
2100 541 2173 596 lo-

2290 538 2410 611 pse‘
2438 538 2531 603 οὓς
2560 541 2603 571 ²⁹
2635 538 2686 590 οί
2735 536 3024 609 κένταρχοι
3065 535 3383 607 (καλοῦνται
3426 533 3490 588 δὲ
3530 528 3697 588 οὗτοι
3747 528 3887 585 ut”

580 634 764 704 chagi,
815 635 1100 691 decarclue
1154 642 1210 692 et
1265 637 1578 707 pentarchze
1624 644 1679 691 et
1746 646 2005 707 prmterea
2076 629 2172 704 qui

580 725 871 781 tetrarchae
920 727 1281 782 vocabantur.
1344 727 1571 798 Legioni
1630 728 1929 797 unicuique
1986 725 2174 780 deser-

581 818 740 872 viunt
761 817 1127 888 bandophori,
1160 819 1533 886 mandatores,
1553 818 1859 887 darpotataz,
1891 817 2173 872 cribautes

580 919 636 965 et
663 908 757 981 qui
784 910 852 965 ad
889 910 1101 965 tuldum
1132 910 1423 979 dicuntur;
1459 921 1724 982 praeterea
1756 926 1977 983 quoque
2018 925 2173 965 men-

581 1020 738 1059 sorcs
777 1020 875 1062 seu
904 1014 1339 1071 mensuratores,
1366 1006 1565 1062 medici
1611 1007 1779 1063 etiam
1812 1014 1867 1061 et
1908 1006 2172 1061 buccina-

582 1110 752 1154 turcs.
814 1097 1104 1168 Strategus
1135 1114 1303 1171 porro
1334 1098 1602 1154 exercitui
1635 1103 1896 1155 universo
1932 1106 2167 1170 praeest,

580 1192 680 1263 qui
706 1206 871 1247 omne
931 1192 1224 1262 imperium
1268 1206 1301 1247 a
1358 1188 1560 1247 Nostra
1616 1191 1901 1264 Majestate
1962 1192 2175 1263 accepit

583 1285 869 1351 traditum,
906 1285 1271 1356 omnibusque
1303 1283 1428 1340 ideo
1465 1284 1701 1341 ducibus
1756 1292 2000 1356 praestat.
2033 1284 2172 1338 Tur-

582 1377 821 1433 marcium
851 1384 963 1434 tres
1013 1378 1115 1434 sub
1146 1392 1207 1434 se
1262 1378 1503 1449 drungos
1565 1378 1803 1446 habent;
1836 1378 2173 1449 drungarius

580 1484 714 1525 vero
762 1468 977 1541 drungo
1013 1470 1107 1525 uni
1166 1478 1405 1540 praeest;
1450 1470 1699 1539 drungus
1729 1478 1915 1524 autem
1948 1478 2031 1525 est
2053 1463 2173 1525 col-

583 1563 748 1619 lectio
776 1563 1020 1619 virorum
1058 1578 1237 1638 usque
1271 1561 1341 1619 ad
1373 1563 1475 1619 tria
1499 1564 1704 1629 millia;
1739 1578 1974 1634 namque
2004 1564 2172 1618 trium

582 1657 816 1728 rniilium
855 1657 1108 1713 collectio
1141 1673 1251 1713 non
1300 1670 1387 1714 est
1425 1657 1537 1729 jam
1566 1658 1833 1729 drungus,
1879 1658 1973 1713 sed
2001 1674 2175 1729 neque

583 1751 769 1807 minus
810 1766 978 1826 quam
1016 1753 1202 1819 mille;
1239 1753 1313 1807 ita
1344 1762 1404 1807 ut
1436 1751 1615 1809 tribus
1653 1753 1941 1807 minimum
2003 1752 2172 1807 milli-

584 1842 688 1899 bus
709 1842 897 1913 praesit
950 1843 1262 1898 turmarcha
1299 1850 1355 1899 et
1400 1842 1469 1898 ad
1514 1856 1792 1899 summum
1838 1857 2033 1898 novem
2054 1844 2175 1897 mil-

2281 632 2719 703 ἑκατόνταρχοι)ο
2771 632 2909 702 μετὰ
2929 631 3152 693 τούτους
3200 628 3438 701 λοχαγοὶ
3487 630 3599 682 καὶ
3644 626 3887 697 δέκαρχοι

2281 726 2377 780 καὶ
2413 726 2731 797 πένταρχοι,
2756 725 2837 778 ἔτι
2859 741 2921 793 γε
2954 726 3061 797 μὴν
3085 724 3222 795 πρὸς
3252 723 3482 786 τούτοις
3512 722 3575 774 oi
3606 721 3883 791 τέτραρχος

2280 817 2627 888 καλούμενοι.
2679 817 2986 889 ’Υπηρέται
3041 816 3099 870 δὲ
3151 816 3271 869 καθ’
3315 817 3577 868 ἕκαστον
3633 812 3887 881 τάγμαιξ

2280 928 2342 965 τε
2375 911 2699 982 βανδοφόροι
2727 910 2823 965 καὶ
2850 911 2900 964 οί
2931 909 3304 981 μανδάτωρες,
3344 906 3708 961 δαιπότατοί
3733 920 3788 956 τε
3809 906 3885 957 καὶ

2282 1003 2572 1075 κρίὸαντες
2628 1004 2721 1058 καὶ
2763 1004 2815 1058 οἱ
2854 1002 2958 1069 ἐπὶ
2988 1000 3083 1056 τοῦ
3121 1000 3343 1055 τούλδου
3373 1000 3747 1070 καλούμενοι
3770 1014 3782 1027 ·
3810 999 3885 1049 καὶ

2281 1098 2420 1171 πρὸς
2448 1098 2659 1161 τούτοις
2686 1098 2738 1152 oi.
2775 1096 3062 1167 λεγόμενοι
3106 1094 3378 1167 μίνσωρες
3410 1093 3446 1163 ἢ
3497 1088 3881 1163 μινσουρὰτω-

2284 1211 2400 1266 ρες,
2457 1194 2633 1265 ἰατροί
2681 1210 2742 1246 τε
2792 1193 2885 1245 καὶ
2953 1188 3343 1261 βυκινάτωρες.
3403 1186 3759 1258 Στρατηγδς
3800 1184 3880 1254 μὲι

2280 1283 2373 1343 οὖν
2398 1288 2548 1342 ἐστιν
2576 1289 2604 1340 6
2628 1284 2723 1340 τοῦ
2758 1284 2993 1355 στρατοῦ
3014 1283 3215 1346 παντὸς
3232 1278 3652 1352 ἀφηγούμενος
3680 1279 3783 1332 καὶ
3802 1279 3883 1347 τὴν

2281 1380 2465 1434 πᾶσαν
2492 1378 2665 1449 ἀρχὴν
2693 1376 2844 1450 παρὰ
2872 1376 2975 1448 τῆς
3026 1374 3306 1446 βασιλείας
3328 1374 3499 1446 ἡμῶν
3540 1375 3881 1445 ἐπιτετραμ-

2284 1474 2446 1545 μένος
2468 1473 2563 1526 καὶ
2590 1472 2698 1525 τῶν
2720 1469 3009 1543 ἡγεμόνων
3055 1468 3146 1523 διὰ
3176 1466 3335 1521 τοῦτο
3379 1467 3624 1522 πάντων
3649 1468 3888 1533 ἐξουσιά-

2282 1564 2392 1630 ζων
2413 1582 2428 1597 σ
2462 1564 2818 1637 τουρμάρχης
2840 1563 2897 1616 δὲ
2920 1564 2949 1617 6
2980 1563 3130 1635 τρεῖς
3156 1564 3197 1594 ’⁸
3222 1560 3539 1634 δρούγγους
3586 1561 3691 1631 ὑςρ⁴
3717 1560 3888 1613 ιαυτδν

2282 1655 2422 1727 ἔχων
2445 1673 2459 1688 ·
2488 1655 2850 1726 δρουγγάριος
2908 1654 2966 1707 δὲ
3000 1656 3028 1709 ό
3059 1653 3328 1726 δρούγγου
3362 1654 3568 1724 ἄρχων
3610 1654 3744 1717 ἑνός
3774 1665 3789 1680 ·
3814 1656 3887 1721 τίη

2280 1747 2325 1801 δ’
2362 1747 2429 1802 ἂν
2460 1746 2729 1818 δροῦγγος
2760 1748 2806 1778 ³³
2846 1747 2907 1799 τὸ
2960 1745 3127 1817 μέχρι
3176 1744 3286 1798 τῶν
3314 1744 3663 1816 τρισχιλίων
3694 1744 3890 1815 ἀνδρῶν

2284 1837 2572 1909 σύστημα,
2611 1836 2737 1892 οὕτε
2771 1838 2829 1891 δὲ
2870 1836 2978 1892 τῶν
3012 1837 3328 1909 τρισχιλίων
3365 1838 3657 1892 ἐπέκεινα
3712 1840 3799 1908 εἴη
3840 1838 3891 1891 ἂν

582 1934 730 1991 libus
755 1952 770 2003 ;
802 1934 1140 2007 drungarius
1165 1951 1297 1992 vero
1322 1935 1531 2005 pariter
1563 1936 1707 1991 mille
1737 1936 2173 1992 minimumlviris

2280 1931 2569 2001 δροῦγγος,
2595 1929 2721 1985 οὔτε
2754 1930 2861 2003 μὴν
2890 1931 3001 1986 τῶν
3058 1931 3247 2003 χιλίων
3295 1930 3554 1998 ἔλαττον,
3616 1932 3773 1986 ὥστε
3823 1937 3891 2001 eis;

582 2026 639 2080 et
696 2024 764 2080 ad
793 2041 1072 2081 summum
1102 2026 1284 2081 tribus
1306 2026 1572 2082 millibus.
1604 2025 1807 2084 Comes
1836 2029 2002 2084 unius
2016 2027 2181 2083 bandi

583 2117 694 2171 dux
734 2135 747 2171 :
776 2116 915 2189 apud
941 2126 1149 2172 veteres
1185 2116 1406 2187 quidem
1448 2115 1665 2173 haudus
1696 2119 1918 2189 proprie
1968 2127 2023 2173 et
2051 2133 2181 2190 spe-

584 2209 797 2263 cialiter
837 2208 1126 2263 dicebatur
1179 2207 1518 2274 ﬂammulus,
1581 2210 1883 2281 improprie
1921 2226 2050 2270 vero
2086 2226 2182 2281 ag-

584 2316 709 2355 men
735 2300 1100 2355 ducentorum
1133 2301 1378 2355 virorum
1412 2315 1591 2371 usque
1626 2301 1693 2357 ad
1719 2302 2178 2374 quadringentos,

583 2391 847 2462 quoniam
891 2392 1255 2467 ducentorum
1314 2403 1370 2447 et
1401 2393 1636 2465 amplius
1688 2396 1933 2451 virorum
1984 2412 2179 2468 agmen

584 2488 806 2558 dignum
835 2490 1008 2543 visum
1039 2497 1124 2543 est
1150 2475 1295 2558 quod
1324 2488 1604 2559 proprium
1633 2489 1859 2547 haberet
1886 2490 2081 2546 ducem
2126 2502 2182 2547 et

587 2582 829 2637 handnm
864 2580 1141 2650 eliiceret;
1169 2594 1355 2638 comes
1407 2583 1593 2655 itaque
1632 2582 1850 2641 duobus
1893 2586 2178 2641 minimum

585 2673 898 2729 ceutarchis
927 2685 1185 2744 praeerat.
1236 2673 1397 2730 Nunc
1425 2685 1609 2732 autem
1629 2676 1773 2732 inter
1801 2678 2015 2748 pedites
2042 2678 2179 2734 ban-

584 2766 692 2821 dus
743 2773 826 2823 est
877 2778 1073 2836 agmen
1111 2767 1479 2822 ducentorum
1509 2775 1564 2823 et
1595 2768 1834 2839 amplius
1887 2785 2061 2841 usque
2110 2769 2179 2826 ad

585 2858 1019 2927 quadringentos
1094 2858 1165 2914 ad
1212 2875 1527 2927 summum;
1581 2860 1725 2917 inter
1776 2862 1990 2933 equites
2025 2880 2177 2931 vero,

584 2951 987 3025 quinquaginta
1046 2953 1297 3009 virorum
1363 2954 1675 3023 minimum,
1735 2955 1831 3011 sed
1881 2958 2179 3028 procedere

584 3052 767 3115 potest
808 3059 982 3117 usque
1012 3045 1080 3100 ad
1111 3046 1385 3103 trecentos
1414 3057 1468 3103 et
1498 3047 1902 3119 quinquaginta
1971 3059 2067 3106 aut
2106 3049 2177 3106 ad

586 3152 865 3193 summum
891 3140 1343 3213 quadringentos,
1378 3142 1525 3212 quod
1551 3141 1692 3198 idem
1722 3140 2011 3200 fereestac
2028 3145 2176 3217 quod

2282 2022 2350 2078 ἂν
2378 2024 2406 2075 6
2442 2023 2542 2094 μὲν
2573 2023 2932 2096 τουρμὰρχης
2961 2023 3276 2096 τρισχιλίων
3335 2025 3565 2096 ἀνδρῶν
3625 2026 3822 2097 ἄρχων
3844 2029 3891 2078 τῆ

2283 2112 2529 2180 ἔλαττον,
2561 2113 2622 2168 τὺ
2661 2113 2721 2168 δὲ
2774 2113 3031 2169 πλεῖστον
3059 2115 3503 2186 ἐννακισχιλίων,
3539 2118 3573 2171 6
3612 2117 3677 2170 δὲ
3706 2118 3888 2189 δρουγ-

2283 2208 2474 2279 γάριος
2503 2208 2765 2271 ὡσαύτως
2788 2209 2849 2262 τὸ
2906 2210 3006 2278 μὲν
3037 2208 3261 2264 ἔλαττον
3308 2209 3526 2281 χιλίων,
3569 2213 3890 2283 τρισχιᾙωτ

2281 2297 2339 2352 δέ
2370 2316 2432 2368 γε
2457 2299 2552 2352 καὶ
2577 2300 2625 2331 ³⁸
2657 2299 2718 2352 τὸ
2752 2300 3009 2353 πλεῖστον
3031 2311 3047 2329 ⁸
3089 2299 3268 2371 κόμης
3294 2300 3352 2353 δὲ
3391 2301 3421 2352 6
3464 2299 3687 2370 βὰνδου
3718 2302 3885 2374 ἄρχω

2282 2391 2420 2455 ἑνός.
2450 2390 2549 2462 Εἴη
2589 2389 2636 2445 δ’
2666 2390 2732 2446 ἂν
2754 2390 2896 2445 κατὰ
2953 2392 3081 2457 τοὺς
3126 2392 3392 2457 παλαιοὺς
3444 2392 3665 2464 βάνδον
3696 2398 3886 2467 κυρέως

2286 2486 2385 2556 μὲν
2413 2487 2474 2539 τδ
2512 2485 2798 2551 ἰδιωτικῶς
2828 2486 3162 2559 καλούμενον
3202 2488 3546 2558 φλάμουλον,
3610 2506 3885 2563 καταχρη-

2284 2580 2482 2642 στικῶς
2505 2578 2563 2633 δὲ
2593 2580 2656 2633 τὸ
2674 2578 2785 2633 τῶν
2830 2580 3120 2634 διακοσίων
3141 2581 3236 2636 καὶ
3273 2584 3439 2653 μέχρι
3471 2582 3599 2638 τῶν
3627 2602 3886 2658 τετρακο-

2283 2670 2414 2725 σίων
2443 2670 2652 2742 ὰνδρῶν
2678 2672 2935 2736 συνεστὸς
2959 2674 3008 2705 ’δ
3041 2672 3247 2744 πλῆθος
3287 2674 3540 2742 ἐλέγετο,
3572 2676 3660 2742 ὥς
3696 2680 3889 2743 ἀξιολό-

2281 2780 2379 2832 γου
2409 2762 2503 2816 τοῦ
2528 2762 2640 2817 τῶν
2688 2762 2981 2819 διακοσίων
3012 2766 3107 2819 καὶ
3136 2767 3399 2820 ἐπέκεινα
3428 2767 3480 2798 ’⁸
3536 2774 3889 2841 συστήματος

2280 2857 2434 2923 ὄντος
2480 2857 2691 2923 λοιπὸν,
2746 2858 2888 2912 ὥστε
2942 2860 3037 2914 καὶ
3088 2861 3267 2932 ἀρχήν
3310 2878 3437 2917 τινα
3496 2865 3645 2918 καθ’
3704 2867 3883 2920 ἑαυτοῦ

2281 2951 2647 3024 ὑπεμφαίνειν
2683 2953 2845 3008 τοῦτο
2893 2954 2991 3009 καὶ
3046 2954 3239 3024 βάνδον
3282 2956 3520 3029 ἀνιστᾷν
3550 2959 3727 3025 ἴδιον,
3762 2960 3887 3015 ὥστε

2279 3040 2347 3117 ἦν
2370 3047 2435 3101 ἂν
2466 3046 2496 3097 6
2512 3046 2690 3118 κόμης
2717 3047 2813 3101 δύο
2836 3046 3369 3123 ηντάρχωνσᾶρχων
3393 3050 3458 3105 τὸ
3491 3052 3765 3110 ἔλαττον.
3790 3056 3887 3109 Νῦν

2277 3137 2337 3192 δὲ
2371 3136 2561 3207 βάνδον
2590 3137 2685 3191 ἐπὶ
2717 3136 2819 3208 μὲν
2847 3136 3092 3204 πεζικῶν
3117 3141 3415 3211 ταγμάτων
3451 3141 3522 3196 τδ
3554 3145 3681 3197 τῶν
3724 3147 3888 3201 διαιτε-

584 3248 735 3287 nunc
804 3233 1061 3304 allagium
1144 3234 1348 3290 dicitur
1399 3251 1414 3289 :
1463 3234 1625 3291 hodie
1689 3236 1837 3292 enim
1910 3238 2173 3311 allagium

2281 3230 2413 3284 σίων
2439 3230 2655 3303 ἀνδρῶν
2676 3231 2772 3285 καὶ
2801 3232 3060 3286 ἐπέκεινα
3085 3232 3137 3264 ³⁸
3170 3232 3428 3304 σύστημα
3455 3235 3645 3307 μέχρι
3673 3239 3789 3292 τῶν
3818 3256 3887 3292 τε·

585 3325 788 3381 dicitur
836 3342 1029 3399 agmen
1068 3327 1309 3385 virorum
1346 3328 1767 3401 quinquaginta,
1815 3332 2038 3402 quodin
2068 3348 2171 3389 suo

2280 3324 2587 3388 τρακοσίων
2603 3323 2662 3377 τὸ
2681 3323 2958 3391 πλεῖστον,
2985 3324 3082 3379 ἐπὶ
3096 3324 3281 3395 μέντοι
3298 3342 3364 3393 γε
3400 3328 3451 3358 ⁸⁷
3495 3329 3622 3381 τῶν
3660 3333 3885 3385 ἱππικῶν

585 3434 786 3489 genere
811 3420 877 3475 ad
906 3430 1129 3476 centum
1159 3422 1556 3495 quinquaginta
1589 3426 1871 3495 pervenit;
1892 3441 2013 3497 quas
2038 3442 2171 3483 vero

584 3516 643 3567 in
682 3521 874 3570 nostro
904 3515 1133 3585 imperio
1164 3516 1358 3588 allagia
1386 3518 1649 3573 dicuntur
1680 3518 1748 3574 ad
1779 3528 2051 3576 trecentos
2089 3521 2171 3575 vi-

585 3606 720 3678 ginti
786 3615 882 3662 aut
937 3608 1100 3662 etiam
1167 3608 1602 3680 quinquaginta,
1665 3619 1722 3667 et
1770 3612 1838 3666 ad
1892 3628 2169 3667 summurn

585 3698 1041 3769 quadringentos,
1062 3700 1208 3755 sicut
1234 3701 1534 3757 etiamnum
1583 3706 1729 3774 apud
1760 3702 2023 3761 Thracios
2045 3714 2173 3761 sunt

586 3791 836 3847 virorum
864 3801 1236 3849 trecentorum
1267 3804 1321 3849 et
1351 3794 1567 3866 viginti,
1598 3805 1654 3851 et
1678 3796 1818 3867 apud
1838 3796 2171 3855 Charsianos

586 3891 958 3939 trecentorum
1024 3894 1081 3940 et
1134 3886 1738 3957 quinquaginta;apud
1792 3888 2171 3945 Occidentales

585 3986 764 4033 autem
785 3978 1034 4049 quedam
1088 3988 1215 4033 sunt
1256 3980 1804 4052 quadringentorum.
1864 3981 2168 4038 Centarcha

586 4086 685 4125 seu
714 4071 964 4127 centurio
1004 4070 1209 4125 dicitur
1241 4073 1337 4143 qui
1367 4082 1590 4128 centum
1622 4073 1755 4130 viris
1779 4086 1995 4145 praeest,
2026 4076 2171 4131 sicut

586 4172 642 4217 et
669 4164 1138 4234 pentecontarcha
1172 4165 1267 4236 qui
1294 4165 1715 4238 quinquaginta.
1746 4166 2056 4241 Lochagus.
2101 4170 2171 4226 iis

587 4251 678 4319 qui
700 4253 1001 4308 secundum
1026 4255 1259 4325 agminis
1278 4256 1705 4327 profunditatem
1725 4276 1821 4316 seu
1841 4259 2170 4318 densitatem

586 4355 739 4401 stant
796 4363 961 4417 :qute
1015 4347 1363 4419 profunditas
1426 4352 1701 4407 sexdecim
1761 4352 1828 4419 ad
1895 4369 2169 4411 summum

586 4448 673 4493 est
703 4438 985 4499 virorum:
1046 4442 1264 4513 proprie
1321 4442 1466 4498 enim
1513 4443 1709 4500 lochus
1755 4444 1963 4501 dicitur
2002 4447 2171 4504 series

586 4534 827 4588 virorum
862 4534 1160 4603 sexdecim,
1194 4536 1497 4608 improprie
1524 4547 1707 4595 autem
1750 4556 1926 4613 usque
1959 4542 2027 4597 ad
2070 4544 2171 4598 tri-

2277 3415 2341 3469 τδ
2395 3416 2511 3471 τῶν
2538 3418 2884 3488 πεντήκοντα
2929 3417 3033 3487 μὲν
3053 3418 3116 3471 τὸ
3134 3417 3441 3488 ἐλάχιστον,
3475 3423 3815 3493 προκόπτοιεν
3840 3425 3883 3476 ἃ

2282 3509 2447 3581 μέχρι
2463 3509 2559 3563 καὶ
2577 3510 2906 3583 τριακοσίων
2924 3512 3265 3582 πεντήκοντα
3280 3513 3314 3583 ἦ
3332 3512 3395 3564 τὸ
3417 3513 3700 3569 πλεῖστον
3710 3534 3882 3586 τετρα-

2280 3604 2498 3669 κοσίων,
2524 3604 2685 3658 ταύτό
2702 3605 2750 3637 ⁸³
2771 3622 2886 3669 πως
2903 3602 2962 3658 ὃν
2980 3604 3057 3676 τῷ
3073 3604 3169 3660 νῦν
3190 3605 3435 3677 ἀλλαγίῳ
3452 3608 3508 3638 ²⁹
3527 3611 3853 3681 καλουμένῳ
3866 3625 3877 3639 ⁸

2279 3697 2534 3765 ἀλλάγιον
2545 3698 2615 3767 γὰ
2622 3716 2651 3769 ρ
2668 3698 2884 3768 λέγεται
2904 3698 3000 3768 μὲν
3014 3697 3214 3769 ἀρτίως
3230 3697 3399 3752 καὶτὸ
3411 3700 3529 3753 τῶν
3546 3706 3880 3775 πεντήκοντα

2285 3790 2559 3862 σύστημα,
2581 3791 2793 3862 πρόεισι
2810 3791 2865 3845 δὲ
2879 3792 2937 3844 τὸ
2957 3795 3055 3863 μὲν
3073 3792 3338 3845 ἰδιωτικὸν
3351 3794 3643 3866 καὶμέχρι
3662 3798 3776 3850 τῶν
3792 3805 3831 3867 ρ’
3845 3796 3879 3827 ⁸

2286 3886 2646 3955 πεντήκοντα,
2670 3884 2738 3938 τὰ
2769 3885 2827 3939 δέ
2853 3901 2917 3953 γε
2941 3887 3041 3957 τῆς
3065 3884 3337 3954 βασιλείας
3373 3886 3543 3955 ἡμῶν
3575 3888 3878 3959 καλούμενα

2281 3976 2516 4046 ἀλλάγια
2528 3977 2625 4031 καὶ
2644 3978 2807 4047 μέχρι
2830 3977 2941 4031 τῶν
2965 3973 3045 4030 τκ¹
3062 3976 3107 4010 ⁸⁸
3130 3977 3224 4031 καὶ⁵
3239 3984 3315 4029 τν¹
3336 3978 3384 4010 ³⁸
3406 3978 3440 4048 ἢ
3466 3980 3607 4050 τότε
3644 3986 3875 4036 πλεῖσται

2278 4066 2346 4135 ν’,
2382 4072 2543 4123 ὁποῖα
2565 4069 2662 4124 νῦν
2689 4072 2795 4123 είσι
2820 4070 2880 4123 τὸ
2905 4069 3004 4141 μὲν
3048 4070 3159 4122 τῶν
3198 4069 3539 4142 Θρᾳκησίων
3566 4074 3685 4141 τί,
3736 4078 3795 4129 τὸ

2278 4178 2342 4232 γε
2369 4160 2480 4216 τῶν
2511 4163 2840 4234 Χαρσιανῶν
2884 4163 3221 4235 τριακοσίων
3245 4162 3311 4228 ν’,
3345 4166 3441 4218 καὶ
3469 4166 3595 4220 τῶν
3618 4169 3873 4241 tmpus»

2276 4253 2574 4326 ταγμάτων
2589 4255 2741 4319 αὖθις
2758 4255 2875 4309 ἔνια
2895 4258 3060 4328 μέχρι
3081 4258 3660 4331 καὶ-τεσσαρακοσίων
3682 4262 3869 4332 ἀνδρὼν

2278 4346 2378 4419 τὴν
2419 4347 2680 4401 σύστασιν
2734 4348 2946 4419 έχουσι.
3005 4349 3322 4429 ιςένταρχος
3362 4350 3422 4404 δὲ
3466 4353 3740 4407 καλεῖται
3794 4356 3867 4406 ut

2279 4440 2583 4513 κεντηρίων
2615 4443 2643 4494 6
2670 4441 3093 4513 ἑκατόνταρχος,
3123 4442 3318 4513 ὥσπερ
3343 4442 3413 4514 δὴ
3436 4448 3541 4498 καὶ
3570 4446 3860 4518 πεντήκόνπ-

2279 4551 2481 4607 ταρχος
2515 4536 2544 4587 ό
2571 4537 2911 4607 πεντήκοντα
2939 4535 3151 4608 ἀνδρῶν
3179 4536 3577 4607 ἀφηγούμενος
3600 4556 3615 4569 .
3652 4541 3860 4611 λοχατλέ

588 4625 740 4696 ginta
807 4625 919 4681 duo
973 4627 1177 4684 dicitur
1206 4629 1371 4684 etiam
1408 4631 1604 4686 locbus
1638 4650 1653 4687 :
1684 4632 1946 4705 lochagus
1986 4645 2170 4692 autem

2282 4626 2339 4680 δὲ
2388 4628 2417 4681 6
2482 4626 2591 4680 τῶν
2645 4628 2790 4682 κατὰ
2852 4627 2914 4681 τὸ
2960 4626 3057 4681 τοῦ
3086 4628 3365 4699 τάγματος
3420 4626 3595 4700 βάθος
3628 4633 3663 4703 ἦ
3717 4636 3857 4701 παπαῖ

587 4730 819 4774 vocatur
856 4728 1191 4789 protostates
1235 4730 1292 4777 et
1333 4723 1688 4793 promachus.
1741 4724 2017 4783 Decarclia
2044 4744 2174 4785 vero

588 4811 792 4868 dicitur
838 4829 949 4875 non
1005 4815 1226 4886 quidem
1273 4816 1367 4887 qui
1424 4816 1611 4873 decem
1659 4820 1865 4889 pmsit,
1930 4824 2023 4878 sed
2077 4825 2172 4893 qui

590 4904 801 4973 primus
841 4915 926 4962 est
956 4905 1101 4962 inter
1146 4906 1333 4962 decem
1368 4925 1383 4969 ;
1416 4909 1505 4964 ubi
1553 4910 1698 4964 enim
1745 4918 1876 4965 sunt
1937 4909 2170 4976 decem,

589 5012 735 5052 unus
774 5013 970 5054 novem
1019 5000 1233 5056 caeteris
1285 5012 1515 5071 praeest;
1574 5004 1721 5057 sicut
1771 5012 1827 5057 et
1872 5004 2171 5074 pentarclta

592 5106 702 5144 non
731 5092 976 5163 quinque
1004 5102 1223 5163 praeest,
1253 5095 1346 5150 sed
1370 5104 1453 5150 est
1495 5096 1708 5166 primus
1734 5095 1874 5151 inter
1898 5096 2167 5167 quinque,

588 5190 644 5234 et
677 5182 879 5250 pariter
937 5182 1210 5237 tetrareha
1238 5198 1252 5235 :
1284 5199 1392 5239 non
1450 5183 1715 5256 locbagus
1759 5193 1940 5240 autem
1990 5186 2168 5241 solum

589 5273 791 5327 dicitur
814 5282 1144 5345 protestatus
1173 5283 1227 5329 et
1255 5276 1607 5347 promaclrus,
1666 5274 1759 5331 sed
1786 5284 1840 5331 et
1874 5274 2171 5347 aliquando

594 5366 653 5423 iit
686 5374 745 5433 ut
784 5368 1053 5424 decareha
1087 5371 1251 5424 etiam
1301 5382 1367 5425 eo
1389 5369 1611 5424 nomine
1646 5378 1869 5431 vocetur
1900 5387 1916 5436 ;
1948 5368 2172 5440 quando

2280 4718 2707 4791 παρισταμένων
2759 4720 3131 4791 ἡγεμονεύων,
3178 4721 3209 4775 ὃ
3239 4721 3308 4793 δὴ
3350 4723 3600 4794 μάλιστα
3641 4726 3757 4779 ἀπὸ
3781 4728 3851 4778 ἀνι
3916 4732 3917 4794 ξ

2277 4811 2421 4882 δρῶν
2460 4814 2763 4883 συνέστηκε
2789 4813 2834 4845 ³³
2869 4812 3064 4878 δεκαέξ
3088 4829 3102 4841 ·
3128 4812 3286 4884 λόχος
3313 4812 3427 4885 γὰρ
3457 4813 3522 4868 τὸ
3544 4816 3664 4870 τῶν
3686 4814 3855 4876 δεκιξξ

2277 4905 2491 4977 ἀνδρῶν
2527 4904 2782 4977 σύστημα
2808 4905 3027 4975 λέγεται
3050 4905 3278 4978 κυρίως,
3315 4911 3789 4979 καταχρηστικῶς
3814 4909 3854 4961 δι

2278 5000 2376 5052 καὶ⁵
2401 4999 2462 5052 τὸ
2480 4998 2647 5070 μέχρι
2662 4999 2773 5053 τῶν
2792 4998 3087 5071 τριάκοντα
3111 4998 3205 5053 δύο
3230 5000 3275 5032 ³⁸
3297 4998 3459 5070 λόχος
3478 5001 3766 5056 καλεῖται·
3781 5000 3851 5054 ὁδί

2278 5092 2345 5164 δὴ
2376 5092 2609 5165 λοχαγὸς
2639 5093 2735 5147 καὶ
2759 5093 3154 5164 πρωτοστάτης
3176 5092 3272 5146 καὶ
3300 5093 3601 5165 πρόμαχος
3632 5095 3847 5164 λέγεται.

2276 5184 2551 5257 Δέκαρχος
2580 5184 2637 5238 δὲ
2665 5184 2911 5239 καλεῖται
2945 5185 3044 5256 οὑχ
3073 5186 3102 5239 6
3122 5186 3255 5240 δέκα
3275 5184 3465 5257 ἄρχων
3489 5188 3735 5260 ἀνδρῶν,

2276 5279 2305 5331 ὁ
2337 5278 2382 5310 ³⁸
2413 5280 2479 5332 ἐκ
2501 5278 2611 5332 τῶν
2648 5278 2782 5334 δέκα
2804 5277 3021 5349 πρῶτος
3042 5294 3059 5310 ·
3088 5277 3219 5332 δέκα
3257 5279 3367 5350 γὰρ
3398 5278 3583 5333 ὄντων
3614 5283 3645 5335 ὁ
3670 5276 3747 5345 εἷς
3766 5280 3848 5333 τέ*

2280 5365 2488 5427 λοιπῶν
2533 5369 2690 5440 ἄρχει
2712 5370 2890 5436 ιννέα,
2924 5370 3117 5441 ὥσπερ
3153 5369 3217 5441 δὴ
3252 5371 3347 5424 καὶ
3374 5372 3697 5447 πένταρχος
3718 5374 3845 5445 οὐχέ

1877 5527 2114 5592 VARI/IS
2150 5529 2557 5591 LECTIONES.

667 5666 710 5755 ξ’
736 5665 914 5755 Verba
933 5664 1707 5755 qispan-yydpt'ortpsﬂ‘nob;
1732 5666 1934 5755 emissa
1964 5669 2016 5723 in
2046 5676 2194 5755 tertu
2215 5670 2335 5755 ead.
2367 5687 2451 5755 ιη..
2468 5673 2533 5726 ad
2563 5686 2738 5755 πιανςΣ
2769 5676 3097 5755 adscripta._
3142 5681 3190 5713 ³⁶
3223 5683 3271 5736 oi
3297 5680 3381 5755 Β,
3404 5754 3409 5755 ί
3435 5684 3484 5716 ¹¹
3516 5685 3667 5755 (τῆς,
3690 5686 3837 5741 subla-

592 5750 715 5794 cato
746 5743 919 5803 τρεῖς,
953 5736 1091 5793 linea
1122 5736 1534 5798 tranet'ossum).
1574 5736 1633 5790 Β.

592 5826 749 5876 γεται
778 5807 837 5865 Β.
900 5811 952 5841 ³⁵
978 5808 1255 5874 συνεστώς
1284 5808 1339 5862 Β.
1405 5808 1451 5841 ¹⁵
1486 5810 1741 5862 ἑπικεινα
1798 5807 1902 5879 (sic

1738 5737 1783 5769 υ
1804 5737 1951 5820 Iliad.
1977 5755 2051 5820 rp.
2108 5742 2334 5820 ascript.
2386 5742 2665 5820 ad_marg.
2685 5737 2813 5820 ⁷ὅροι
2842 5749 2934 5802 τὸν
2952 5737 3256 5820 δροῦγγον.

1919 5809 1939 5931 ἶ
1979 5808 2033 5862 Β.
2073 5844 2078 5851 -
2111 5811 2158 5841 “
2190 5808 2438 5866 ἐπίκεινα
2462 5812 2519 5866 Β.
2580 5808 2666 5894 '3'
2704 5808 2887 5887 μέντοι
2922 5808 3231 5931 γιῐίμὲίίδέ
3252 5839 3334 5876 τοι
3362 5823 3421 5879 Β.

1940 5881 2130 5931 ππέων
2148 5882 2399 5931 ἀλλάνια-
2498 5884 2543 5916 ³⁸
2579 5906 2609 5931 ο
2631 5885 2689 5931 Β-
2789 5890 2832 5921 ιι
2853 5886 2896 5931 τ’
2919 5889 2967 5931 γ’
3045 5930 3051 5931 ,
3135 5892 3182 5926 ιι
3210 5891 3256 5931 η’
3276 5894 3320 5931 ν’
3346 5894 3385 5931 n

591 5880 639 5956 '_'
665 5880 799 5956 Earl.
832 5897 905 5934 m.
950 5881 1177 5956 ascript.
1230 5881 1308 5956 ad_
1338 5894 1510 5950 marg.
1549 5879 1654 5956 δρα
1681 5878 1759 5956 τὰ.
1782 5878 1892 5931 τῶν
1919 5878 2130 5956 ίππέων
2148 5882 2399 5956 άλλάγια.
2498 5884 2543 5916 ³⁸
2577 5878 2689 5956 ῥΒ.

594 5951 653 6006 Β.
694 5950 825 6019 Ead.
877 5967 952 6006 m.
992 5952 1218 6027 ascript.
1242 5950 1311 6007 ad
1338 5949 1511 6022 marg.
1544 5950 1648 6021 ὅρα
1678 5949 1858 6013 τοίνυν
1885 5951 1975 6007 τὸν
2005 5952 2256 6025 λοχαγόν.

3369 5754 3421 5858 ἔπ’
3451 5755 3515 5808 δέ
3532 5774 3607 5858 .I‘
3633 5757 3833 5858 Ἔλιξ·

2789 5835 2896 5908 ιτοιΙ
2922 5826 3140 5945 γηθμὲν
3173 5826 3231 5876 δέ
3252 5839 3334 5876 τοι
3362 5826 3421 5879 Β.
3532 5828 3584 5858 ³³
3610 5826 3768 5881 ταυτό
3792 5826 3830 5878 Β.

2789 5890 2883 5967 ιιῖ
2919 5889 3004 5967 ,ιι-
3040 5930 3058 5948 ο
3135 5892 3182 5967 1-1
3210 5891 3320 5967 τινι
3345 5894 3428 5967 BL
3492 5896 3541 5929 ιι
3573 5898 3829 5967 συνέπηξε,

2360 5956 2407 5989 ³⁵
2440 5957 2757 6029 τριάκονδύο
2814 5960 2941 6033 (sic)
2969 5960 3028 6017 Β.
3126 5965 3171 6004 ³⁸
3200 5966 3230 6019 6
3259 5979 3371 6020 om.
3396 5964 3463 6020 Β.
