4036 6300
383 366 517 432 1101

1569 371 1904 436 TACTICA.
1938 397 2007 410 -
2037 371 2441 433 APPENDIX.

3492 366 3637 432 1102

377 484 487 537 τῶν
523 483 684 537 πέντε
712 482 918 552 ἅρχων,
940 483 1055 537 ἀλλ’
1081 485 1113 536 6
1129 485 1192 537 ὲκ
1215 484 1322 538 τῶν
1337 485 1499 538 πέντε
1518 486 1749 556 πρῶτος
1778 486 1944 540 ὡσαύ-

2060 488 2205 542 enim
2238 487 2471 558 agminis
2514 485 2857 556 profunditas
2888 483 3013 538 non‘
3045 492 3129 538 est
3185 480 3456 536 sexdecim
3487 481 3631 535 viro-

376 590 481 636 τως
511 573 566 624 δὲ
600 574 695 626 καὶ
736 574 762 626 6
787 573 1116 644 τέτραρχος·
1145 574 1363 642 λέγεται
1387 575 1442 628 δὲ
1470 576 1514 607 ³⁷
1548 577 1642 630 καὶ
1663 577 1949 648 πρόμαχος

375 668 471 719 καὶ
497 668 888 737 πρωτοστάτης
925 667 968 699 ³⁸
1006 668 1079 739 μὴ
1118 668 1275 738 μόνον
1332 670 1361 721 6
1401 669 1655 740 λοχαγὸς,
1681 670 1819 724 άλλά
1855 671 1949 724 καὶ

371 763 401 813 6
435 759 701 830 δέκαρχος
733 759 845 813 ἐσθ’
875 761 963 814 ὅτε
987 779 998 791 ·
1037 761 1130 814 τοῦ
1179 762 1288 834 γὰρ
1333 762 1530 833 βάθους
1555 764 1587 835 ἢ
1617 765 1823 835 πάχους
1852 765 1946 818 106

371 855 652 924 τάγματος
682 856 788 908 ἀπὸ
819 852 896 920 ις’
928 855 1003 926 μὴ
1026 855 1178 919 ὄντος
1217 855 1446 926 ἀνδρῶν,
1490 857 1626 911 ἀλλὰ
1660 858 1768 911 άπδ
1795 857 1947 922 δέκα,

369 944 492 1000 τδτε
525 947 588 1016 δὴ
622 949 649 1001 6
695 948 958 1018 δέκαρχος
998 949 1093 1002 καὶ
1131 951 1518 1021 πρωτοστάτης
1571 952 1811 1004 καλεῖται
1856 951 1948 1004 καὶ

370 1039 681 1111 πρόμαχος,
742 1042 1041 1112 ἐπιστάτης
1080 1041 1136 1095 δὲ
1189 1043 1216 1094 6
1245 1043 1501 1112 δεύτερος
1536 1043 1637 1114 "ﬁ
1677 1044 1815 1112 μετά
1858 1044 1947 1097 τὸν

370 1132 604 1204 λοχαγὸν
635 1135 666 1205 ἢ
698 1135 788 1187 16v
841 1136 1108 1205 δέκαρχον
1157 1136 1445 1206 ἱστάμενος
1472 1153 1485 1165 ⁸
1536 1137 1768 1204 οὐραγὸς
1813 1136 1869 1189 δὲ
1920 1138 1948 1190 6

367 1227 465 1281 106
502 1228 710 1298 πάχους
744 1227 837 1281 τοῦ
869 1229 1148 1297 τάγματος
1180 1227 1429 1292 ὕστατος.
1463 1233 1554 1282 Δεῖ
1583 1230 1638 1284 δὲ
1674 1231 1808 1302 πρὸς
1824 1230 1948 1284 τού-

294 1385 298 1391 ,
368 1340 486 1385 τοις
541 1322 761 1387 εἰδέναι,
814 1321 888 1386 ὡς
937 1322 1122 1391 τάγμα
1183 1323 1281 1391 μὲν
1323 1326 1418 1376 καὶ
1471 1324 1622 1391 τάξις
1659 1324 1822 1396 μέρος
1848 1325 1948 1394 τῆς

371 1412 734 1484 παρατάξεώς
786 1414 934 1465 ἐστιν
975 1413 1039 1477 ⁸ο,
1090 1412 1147 1478 ἐξ
1180 1409 1239 1467 o6
1287 1416 1379 1466 καὶ
1428 1414 1818 1485 ταγματάρχης
1855 1416 1950 1469 καὶ

365 1504 664 1576 ταξίαρχος
701 1505 940 1573 λέγεται.
972 1503 1046 1558 T6
1091 1504 1148 1558 δὲ
1203 1506 1389 1577 τάγμα
1436 1506 1478 1538 ιι
1532 1507 1820 1560 διακοσίων
1852 1508 1948 1561 ἀν-

365 1597 514 1668 δρῶν
564 1600 624 1652 16
676 1598 960 1669 ἐλάχιστον
1001 1595 1140 1653 εἶναι
1191 1601 1370 1654 δοκεῖ·
1401 1601 1460 1652 16
1496 1602 1602 1671 γάρ
1633 1601 1834 1654 τούτων
1870 1600 1948 1654 ἔτι

365 1692 594 1746 ἔλαττον
625 1693 810 1746 οὐκέτι
838 1693 1024 1762 τάγμα
1054 1693 1259 1758 λοιπὸν,
1287 1694 1402 1748 ἀλλ’
1438 1694 1713 1765 ἀπόμοιρα
1737 1696 1951 1764 τάγμα-

363 1800 462 1846 τος
507 1781 733 1853 κληθείη
776 1782 880 1837 άν.
918 1783 1229 1853 Παράταξις
1262 1785 1317 1836 δέ
1351 1784 1592 1837 καλεῖται
1644 1783 1705 1836 16
1732 1785 1796 1836 ἐκ
1817 1783 1948 1836 πολ·

2053 595 2192 642 rum,
2219 579 2312 634 sed
2374 579 2559 636 decem
2587 585 2824 644 tantum,
2862 585 2993 632 tunc
3040 576 3312 631 decarclia
3359 582 3630 645 protosta-

2050 681 2132 727 tes
2182 671 2380 725 dicitur
2433 679 2487 725 ct
2529 670 2896 740 promachus;
2940 668 3201 739 cpistates
3261 681 3388 720 vero
3428 665 3630 720 dicitur

2050 765 2138 835 qni
2174 771 2280 819 stat
2327 762 2570 818 secundo
2612 765 2755 827 loco,
2809 763 2925 817 sive
2969 770 3090 830 post
3136 759 3458 829 locliagum,
3513 758 3630 813 sive

2049 867 2172 926 post
2200 856 2557 923 decarcham;
2605 854 2899 911 caudarius
2940 861 3120 908 autem
3155 853 3245 922 qui
3297 852 3350 906 in
3396 852 3628 922 agminis

2049 947 2422 1018 profunditate
2477 957 2586 1004 stat
2649 956 2944 1004 extremus.
3019 945 3317 1000 Sciendum
3368 952 3626 1014 praeterea

2050 1050 2287 1112 tagmata
2326 1048 2382 1094 ct
2425 1049 2579 1094 taxes
2652 1054 2772 1094 csse
2813 1046 2997 1107 partes
3048 1045 3375 1106 parataxeos
3412 1051 3425 1099 ;
3484 1035 3627 1090 unde

2049 1131 2308 1188 dicuntur
2334 1141 2385 1186 et
2409 1130 2795 1201 tagmatarcliac
2811 1137 2864 1184 et
2888 1127 3200 1183 taxiareliae.
3235 1124 3439 1195 Tagma
3461 1139 3629 1195 porro

2049 1224 2411 1280 ducentorum
2484 1223 2770 1277 minimum
2825 1221 3069 1277 virorum
3117 1234 3236 1275 esse
3283 1218 3525 1273 videtur:
3579 1219 3628 1273 si

2050 1317 2252 1374 etenim
2280 1315 2460 1370 minor
2490 1320 2636 1370 esset
2677 1328 2959 1376 munerus,
2998 1328 3106 1368 non
3135 1312 3245 1380 jam
3278 1319 3484 1381 tagma,
3530 1311 3627 1367 sed

2048 1411 2304 1482 tagmatis
2368 1425 2496 1478 pars
2544 1407 2838 1463 diceretur.
2901 1408 3186 1463 Parataxis
3229 1420 3360 1462 vero
3422 1406 3627 1460 dicitur

2050 1503 2348 1557 multitudo
2392 1499 2642 1571 plurimis
2699 1499 3028 1570 tagmalibus
3093 1506 3377 1555 constans.
3416 1496 3490 1553 Os
3529 1511 3624 1553 seu

2049 1596 2338 1652 umbilicus
2374 1600 2697 1664 parataxeos
2757 1602 2840 1647 est
2893 1592 3046 1646 locus
3092 1590 3302 1646 medius
3371 1590 3463 1645 ubi
3517 1595 3627 1644 stat

2051 1707 2172 1746 cum
2227 1691 2423 1744 bamlis
2453 1696 2765 1757 strategus;
2792 1686 2943 1741 frons
2962 1699 3094 1740 vero
3118 1693 3204 1740 est
3239 1683 3446 1754 primus
3464 1681 3622 1748 ordo,

2050 1798 2241 1839 eorum
2275 1783 2477 1838 scilicet
2511 1783 2604 1853 qui
2635 1782 2913 1852 promaclii
2946 1780 3230 1845 dicuntur,
3259 1778 3626 1834 sicutctcau-

362 1873 476 1926 λῶν
509 1873 607 1945 ήδη
644 1873 1031 1944 συνιστάμενον
1066 1874 1284 1943 πλῆθος.
1321 1875 1505 1942 Στόμα
1552 1872 1725 1926 δὲκαὶ
1759 1871 1940 1941 ὀμφα-

2048 1876 2115 1931 da
2151 1876 2205 1930 in
2261 1877 2492 1948 singulis
2537 1875 2866 1947 tagmatibus
2931 1883 3209 1932 extremus
3252 1874 3521 1939 omnium,
3568 1880 3628 1927 ut

363 1965 460 2028 λὸς
493 1964 851 2036 παρατάξεως
881 1967 908 2018 6
936 1967 1096 2036 μέσος
1123 1965 1166 1996 ⁸⁵
1201 1965 1372 2033 αὐτῆς
1420 1965 1603 2030 τόπος,
1635 1963 1762 2018 ἔνθα
1800 1963 1893 2017 καὶ
1913 1966 1941 2018 6

365 2061 680 2131 στρατηγὸς
710 2059 848 2131 μετά
877 2059 984 2113 τῶν
1033 2059 1238 2129 βάνδων
1289 2058 1508 2129 ἕστηκε,
1545 2059 1793 2127 μέτωπον
1825 2059 1881 2112 δὲ
1914 2060 1942 2113 ὁ

363 2151 586 2223 πρῶτος
646 2152 853 2223 δρδινος
887 2151 993 2204 τῶν
1033 2151 1331 2222 προμάχων
1363 2151 1693 2219 λεγομένων,
1753 2150 1942 2221 ὥσπερ

361 2244 434 2316 δὴ
463 2244 557 2298 καὶ
583 2244 723 2313 οὐρά
767 2246 794 2297 6
839 2244 1079 2308 πάντων,
1134 2244 1210 2307 ὡς
1247 2243 1478 2314 ἔφημεν,
1525 2242 1754 2307 ὕστατος
1797 2243 1942 2315 696t-

359 2357 456 2403 νος
482 2342 531 2374 ⁸³
557 2344 614 2395 ἐν
646 2341 860 2412 ἑκάστῳ
881 2342 1124 2412 τάγματι
1158 2340 1395 2411 λέγεται.
1429 2341 1853 2413 Κοντουὸέρνιον
1885 2341 1942 2395 δὲ

361 2431 613 2487 καλεῖται
669 2431 730 2484 16
784 2431 1016 2486 ἑκάστου
1057 2433 1338 2503 τάγματος
1363 2432 1581 2504 βάθοςῆ
1616 2435 1807 2503 πάχος.
1835 2435 1943 2488 Καὶ

358 2518 539 2573 ταῦτα
583 2520 680 2591 μὲν
737 2522 863 2592 περὶ
904 2521 1210 2593 ἡγεμόνων.
1256 2523 1377 2575 Τῶν
1428 2523 1484 2576 δὲ
1531 2525 1635 2578 ἀνά
1691 2527 1943 2596 τάγματα

361 2613 783 2684 ὑπηρετούντων
814 2614 1132 2687 βανδοφόροι
1159 2615 1257 2686 μὲν
1288 2615 1336 2666 οἱ
1360 2615 1425 2668 τὰ
1454 2616 1645 2679 κοινῶς
1673 2615 1718 2647 ⁸⁵
1747 2617 1942 2670 καλού-

362 2722 507 2776 μενα
547 2705 829 2776 φλάμουλα
865 2707 1143 2779 φέροντες,
1183 2708 1532 2780 μανδάτωρες
1561 2709 1616 2762 δὲ
1642 2710 1689 2762 οἱ
1721 2711 1816 2774 τὰς
1838 2711 1944 2763 τῶν

359 2798 652 2870 ἡγεμόνων
685 2801 950 2869 ἐπιταγὰς
1008 2802 1102 2855 ἐπὶ
1155 2802 1283 2865 τοὺς
1326 2804 1666 2873 στρατιώτας
1696 2801 1943 2872 διακομί-

362 2890 570 2957 ζοντες,
601 2892 912 2946 δαιπότατοι
939 2893 994 2946 δὲ
1014 2893 1108 2947 καὶ
1129 2893 1416 2965 κρίϐαντες
1443 2895 1492 2947 οἱ
1520 2894 1627 2948 τῶν
1651 2895 1945 2964 ταγμάτων

362 2984 600 3055 κατόπιν
635 2984 922 3056 ἐρχόμενοι
954 2987 1050 3040 καὶ
1082 2987 1208 3051 τοὺς
1235 2987 1574 3056 τραυματίας
1608 2988 1769 3051 εὐθὺς
1809 2989 1943 3042 ἀνα-

359 3073 767 3147 λαμϐανόμενοι
822 3078 917 3131 καὶ
948 3079 1059 3141 τοῖς
1099 3079 1301 3149 ἰατροῖς
1330 3078 1553 3142 τούτους
1583 3080 1944 3149 ἀποκομίζονο

2042 1969 2299 2034 diximus,
2326 1969 2480 2024 ordo.
2511 1967 2942 2023 Contubernium
2981 1975 3182 2021 vocant
3209 1965 3480 2036 cujusque
3503 1972 3625 2036 tag-

2043 2060 2210 2116 matis
2252 2059 2680 2131 profunditatem
2727 2074 2824 2114 seu
2876 2059 3229 2114 densitatem.
3280 2057 3376 2112 Illa
3425 2057 3494 2112 de
3520 2057 3625 2111 du-

2042 2154 2234 2221 cibus;
2296 2154 2441 2225 quod
2473 2161 2653 2208 autem
2703 2151 2772 2206 ad
2801 2152 3111 2208 servientes
3135 2151 3471 2222 tagmatibus
3501 2150 3627 2204 atti-

2044 2256 2156 2312 net,
2181 2244 2522 2315 bandophori
2571 2252 2702 2300 sunt
2738 2242 2833 2314 qui
2875 2242 3184 2298 ﬂammulas
3247 2243 3408 2314 vulgo
3450 2243 3626 2298 dictas

2044 2347 2301 2410 portant;
2334 2337 2684 2391 mandatores
2714 2335 2807 2406 qui
2858 2336 3058 2391 ducum
3097 2333 3356 2390 mandata
3409 2334 3479 2390 ad
3519 2335 3626 2388 mi-

2044 2434 2168 2488 lites
2200 2433 2498 2498 delerunt;
2548 2431 2834 2501 daepotataz
2889 2441 2942 2486 ct
3002 2429 3279 2485 cribantes
3340 2430 3433 2501 qui
3485 2443 3629 2500 pone

2046 2536 2278 2597 tagmata
2302 2526 2614 2596 gradientes
2637 2524 2956 2580 vulneratos
3002 2524 3186 2580 levant
3212 2531 3265 2579 et
3296 2523 3362 2579 ad
3388 2523 3628 2577 medicos

2045 2627 2302 2688 portant:
2335 2617 2402 2672 ad
2447 2617 2656 2670 tuldum
2706 2616 2964 2671 dicuntur
3009 2615 3102 2686 qui
3147 2615 3316 2671 totius
3345 2615 3626 2671 exercitus

2046 2711 2431 2780 impedimenta
2485 2715 2684 2763 curant
2720 2727 2733 2762 :
2783 2707 2994 2763 tuldum
3028 2708 3175 2762 enim
3226 2707 3418 2763 dicunt
3451 2707 3626 2777 impe-

2024 2803 2336 2870 dimenta;
2386 2800 2919 2871 procursatorcsqui
2971 2808 3101 2855 ante
3150 2801 3340 2855 initam
3386 2816 3627 2872 pugnam

2045 2903 2274 2950 currunt
2324 2894 2392 2948 ad
2430 2893 2747 2949 excitandos
2787 2895 2852 2948 ad
2885 2893 3327 2964 congressionem
3370 2893 3629 2950 adversa-

2046 2989 2200 3052 rios;
2256 2995 2567 3042 cursatores
2612 3001 2741 3041 vero
2774 2985 2868 3055 qui
2899 2986 2964 3040 ad
2989 2985 3227 3056 praedam
3274 2985 3503 3056 dispersi
3538 3000 3626 3041 re-

2046 3081 2261 3152 gionem
2293 3080 2532 3134 hostium
2584 3088 2932 3151 pervastant;
2965 3078 3284 3135 defensores
3313 3090 3495 3135 autem
3531 3081 3627 3149 qui

358 3182 477 3228 τες.
511 3165 636 3220 Ἐπὶ
678 3167 772 3220 τοῦ
828 3167 1048 3221 τούλδου
1083 3169 1129 3200 ⁸⁵
1161 3169 1217 3222 δὲ
1265 3169 1555 3222 καλοῦνται
1591 3169 1640 3224 οἱ
1681 3171 1780 3239 τὴν
1804 3173 1940 3224 ἀπο-

2049 3191 2187 3245 pone
2237 3185 2650 3244 procursatores
2683 3190 2900 3245 semper
2918 3174 3236 3230 incedentes
3269 3190 3363 3232 eos
3390 3175 3619 3230 redeun-

361 3259 570 3329 σκευὴν
639 3261 1104 3332 ἐγκεχειρισμένοι
1157 3260 1248 3314 106
1311 3261 1546 3332 στρατοῦ
1597 3263 1941 3334 σύμπαντοςο

360 3349 586 3403 τοῦλδον
611 3351 723 3423 γὰρ
750 3355 782 3419 ὴ
836 3353 1121 3425 άποσκευὴ
1168 3352 1409 3422 λέγεται.
1453 3357 1946 3429 Προκουρσάτωρες

357 3441 420 3496 δὲ
453 3443 504 3496 0i.
564 3442 670 3514 πρὸ
706 3443 804 3512 τῆς
836 3443 928 3496 τοῦ
963 3445 1200 3516 πολέμου
1250 3445 1527 3516 συμϐολῆς
1553 3449 1944 3518 προεκτρέχον-

358 3552 457 3600 τες
484 3537 577 3590 καὶ
603 3537 728 3599 τοὺς
755 3536 1030 3600 ἐναντίους
1056 3536 1192 3608 πρὸς
1220 3538 1540 3610 συμπλοκὴν
1571 3538 1906 3610 ἐρεθίζοντες
1927 3556 1941 3569 ·

361 3629 752 3699 κουρσάτωρες
775 3628 829 3682 δέ
855 3632 904 3682 oi
929 3631 1008 3691 είς
1053 3630 1283 3701 πραῐδαν
1316 3631 1681 3701 ἀπερχόμενοι
1713 3629 1809 3685 καῖ
1844 3633 1942 3704 τὴν

360 3720 474 3773 τῶν
507 3721 781 3791 πολεμίων
823 3720 1136 3792 ληϊζόμενοι
1182 3721 1366 3793 χώραν
1389 3739 1402 3754 ·
1441 3723 1777 3793 δεφένσωρες
1798 3725 1855 3778 δὲ
1891 3725 1940 3777 οἱ

363 3811 602 3866 κατόπιν
627 3814 735 3866 τῶν
766 3815 1276 3886 προκουρσατώρων
1302 3816 1388 3870 ἀεὶ
1429 3816 1579 3878 ὄντες
1604 3817 1698 3870 καὶ
1720 3813 1943 3881 τούτους

361 3911 431 3962 ἐκ
468 3908 570 3978 τῆς
593 3910 804 3980 τροπῆς
853 3911 1290 3983 ὑποστρέφοντας
1329 3913 1373 3944 ’⁵⁸
1424 3912 1810 3984 ὑποδεχόμενοι
1843 3914 1940 3967 καὶ

363 3999 510 4070 ὑπὲρ
529 4001 708 4055 αὐτῶν
735 4000 1123 4072 ἀγωνιζόμενοι
1152 4003 1216 4057 ⁸⁷.
1265 4002 1702 4074 ’Υπερκεράσται
1751 4005 1804 4059 δὲ
1837 4023 1939 4058 κα-

2053 3276 2133 3322 tes
2182 3267 2454 3336 accipiunt
2489 3276 2542 3323 et
2592 3282 2692 3337 pro
2735 3266 2814 3324 eis
2865 3266 3170 3334 dimicant;
3224 3267 3626 3339 liypercerastaa

2051 3358 2144 3427 qui
2178 3358 2231 3412 in
2260 3359 2447 3414 dextro
2483 3361 2754 3417 exercitus
2783 3376 2954 3415 cornu
2983 3362 3148 3432 positi
3177 3363 3362 3417 hostes
3379 3361 3625 3417 cireum-

2049 3448 2278 3505 fundere
2309 3458 2518 3506 tentant
2545 3471 2559 3518 ;
2584 3453 3050 3526 plagiopbylaces,
3091 3457 3182 3527 qui
3216 3455 3267 3509 in
3292 3456 3427 3511 laevo
3451 3471 3624 3511 cornu

2052 3542 2118 3596 ad
2148 3543 2518 3612 impediendas
2574 3545 2814 3601 hostium
2877 3548 3394 3607 circumvolutiones
3443 3561 3496 3607 ct
3557 3553 3625 3607 ad

2051 3638 2462 3703 repugnandum
2494 3643 2658 3706 atque
2701 3652 2798 3707 pro
2833 3653 2931 3693 sua
2963 3637 3219 3696 facultate
3256 3642 3623 3699 resistendum

2052 3735 2179 3781 sunt
2196 3727 2398 3796 parati;
2421 3743 2701 3785 mensores
2715 3745 2807 3784 seu
2829 3741 3234 3790 mensuratores
3253 3737 3342 3804 qui
3357 3737 3622 3791 exercitui

2052 3831 2177 3875 ante
2211 3829 2402 3876 clintes
2441 3821 2557 3878 vias
2594 3825 2962 3893 complanant,
3003 3842 3267 3897 equorum
3308 3843 3489 3885 escam
3534 3846 3626 3885 ve-

2047 3912 2316 3980 stigautur
2337 3923 2391 3966 et
2419 3928 2611 3982 aquas,
2645 3921 2699 3969 et
2732 3924 2993 3984 praeterea
3036 3921 3312 3974 exercitus
3356 3920 3629 3977 stationes.

2048 4013 2248 4076 parant
2301 4014 2463 4076 atque
2503 4009 2651 4063 omni
2705 4010 3012 4066 ministerio
3035 4012 3372 4069 deserviunt.

360 4092 584 4146 λοῦνται
639 4096 686 4147 0i
744 4097 870 4166 περὶ
932 4097 993 4150 16
1044 4095 1216 4163 δεξιὸν
1245 4097 1412 4167 ἄκρον
1456 4099 1558 4168 τῆς
1591 4101 1946 4170 παρατάξεως
1988 4101 2264 4172 ἱστάμενοι
2287 4101 2380 4154 ἐπὶ
2406 4103 2480 4174 τῷ
2512 4104 2554 4135 ⁸⁸
2585 4104 2867 4158 κυκλῶσαι
2924 4106 3050 4170 τοὺς
3096 4107 3420 4178 πολεμίους·
3485 4107 3624 4163 πλα-

361 4186 695 4257 γιοφύλακες
724 4188 780 4243 δέ
802 4184 957 4253 αὖθις
992 4190 1040 4242 οἱ
1069 4193 1132 4244 ἐκ
1165 4191 1259 4244 τοῦ
1289 4192 1578 4265 ἀριστεροῦ
1618 4183 1819 4263 μέρους
1841 4194 1941 4263 τῆς
1982 4193 2345 4265 παρατάξεως
2401 4195 2678 4267 ἱστάμενοι
2709 4198 2802 4250 ἐπὶ
2833 4199 2912 4269 τῷ
2936 4201 3034 4264 τὰς
3080 4202 3232 4270 παρά
3295 4203 3402 4255 τῶν
3464 4203 3623 4256 πολε-

365 4284 515 4355 μίων
553 4285 844 4354 γινομένας
891 4285 1192 4350 κυκλώσεις
1242 4287 1607 4358 φυλάττεσθαι
1661 4290 1754 4342 καὶ
1832 4293 1974 4345 κατά
2046 4291 2108 4343 16
2139 4291 2362 4344 δυνατὸν
2392 4292 2573 4356 αὐτοῖς
2599 4292 2981 4365 ἀντιπολεμεῖν
3003 4297 3096 4349 καὶ
3114 4296 3618 4353 ἀντικαθίστασθαι·

367 4380 642 4450 μίνσωρες
686 4380 734 4412 ⁸⁸
785 4381 840 4434 δὲ
877 4381 910 4452 ἢ
946 4382 993 4412 ⁸⁸
1033 4384 1473 4455 μινσουράτωρες
1505 4386 1552 4439 οί
1614 4385 1707 4440 τοῦ
1744 4385 1976 4458 στρατοῦ
2013 4382 2408 4460 προεκτρέχειν
2460 4379 2898 4460 ἀποτεταγμένοι
2950 4394 3046 4446 καὶ
3088 4393 3188 4456 τὰς
3230 4397 3270 4429 ⁵⁸
3320 4397 3471 4459 ὁδοὺς
3533 4397 3623 4462 ἐξ-

363 4475 716 4548 ομαλίξοντες
771 4476 866 4530 καὶ
922 4477 1020 4548 τὴν
1051 4479 1160 4532 τῶν
1199 4481 1380 4534 ἵππων
1416 4481 1587 4552 νομὴν
1651 4484 1979 4553 ἐρευνῶντες
2051 4486 2145 4540 κατι
2173 4483 2436 4538 τά’ί’›δατα
2465 4486 2556 4539 καὶ
2591 4486 2727 4557 πρὸς
2762 4487 2967 4552 τούτοις
3007 4489 3105 4560 τὴν
3130 4489 3224 4542 106
3258 4492 3621 4561 στρατοπέδου

364 4566 606 4621 διάθεσιν
625 4569 718 4620 καὶ
745 4569 925 4621 πᾶσαν
958 4568 1124 4639 ἄλλην
1159 4570 1468 4641 ὑπηρεσίαν
1498 4572 1687 4636 αὐτοῦ.

365 4665 617 4718 ΚΕΦΑΛ.
658 4663 1198 4739 ΔΗἏ--Ῐοπλισμὸς
1226 4668 1414 4729 πεζῶν
1427 4671 1934 4742 κὰτὰῬωμαίους.

2048 4669 2198 4726 CAP.
2240 4667 2529 4725 XXXVIII.
2558 4703 2627 4715 —
2659 4671 2905 4727 Peditum
2947 4675 3088 4745 apud
3149 4674 3414 4731 Romanos
3441 4693 3623 4731 arma-

2667 4757 2806 4798 tura.

437 4821 710 4910 UsCtxth“
743 4822 801 4877 δέ
864 4824 1192 4896 Ῥωμαϊκῶν
1264 4829 1622 4898 παρατάξεων
1685 4832 1798 4904 ἔχοι
1876 4837 1944 4889 ἂν

2113 4841 2492 4896 Romanouum
2533 4840 2873 4896 exercituum
2929 4841 3201 4910 peditibus
3249 4843 3618 4897 constantium

365 4915 632 4986 ὁπλισμὸς
673 4908 815 4970 ὧδεο
873 4917 979 4971 τῶν
1017 4916 1148 4987 ’μέν
1211 4919 1446 4974 ὁπλιτῶν
1490 4923 1848 4994 καλουμένων
1906 4928 1940 4998 ἦ

2047 4944 2311 4991 armatura
2352 4937 2462 4990 hac
2497 4950 2621 4990 esse
2657 4934 2838 4990 debet.
2870 4908 3068 4989 Eorum
3120 4935 3212 5004 qui
3267 4933 3484 5004 hoplitae
3537 4935 3620 4988 di-

365 5008 703 5079 τετράγωνοι
759 5008 930 5061 ἐστων
963 5011 1019 5062 al
1063 5011 1286 5074 ἀσπίδες
1313 5013 1394 5076 εἰς
1437 5016 1620 5068 στενὸν
1645 5017 1942 5071 ἀποτελευ-

2047 5037 2240 5081 cuntur
2270 5027 2380 5081 sint
2403 5027 2576 5098 clypei
2608 5026 2968 5097 quadranguli
3005 5028 3057 5081 in
3089 5035 3377 5098 angustum
3409 5026 3476 5081 ab
3509 5027 3618 5080 imo

366 5100 544 5154 τῶσαι
576 5100 821 5154 κάτωθεν
854 5102 1144 5171 σπιθαμῶν
1182 5103 1243 5168 ἓξ
1270 5102 1518 5171 ἔγγιστα,
1552 5108 1583 5176 ἦ
1621 5111 1713 5163 καὶ
1745 5111 1944 5180 τρίγωτ

2047 5119 2353 5176 desinentes
2406 5136 2502 5175 sex
2534 5122 2882 5176 dodrantium
2945 5129 3007 5174 ut
3033 5121 3286 5191 proximi,
3318 5121 3399 5174 vel
3454 5121 3614 5174 etiam

366 5207 451 5247 νοι
482 5193 624 5265 πλὴν
649 5193 1013 5265 ἀνδρομήκεις
1043 5194 1229 5265 σχεδὸν
1258 5195 1398 5249 κατὰ
1420 5196 1516 5262 τὰς
1548 5200 1944 5271 τετραγώνους,

2047 5209 2297 5280 trianguli
2359 5212 2422 5266 ad
2481 5212 2718 5268 hominis
2763 5211 2874 5267 fere
2920 5210 3315 5282 longitudinem
3365 5212 3508 5266 sicut
3566 5219 3618 5263 et

369 5287 405 5362 ἢ
434 5287 528 5342 καὶ
551 5288 878 5361 στρογγύλαι
908 5286 1194 5359 σπιθαμῶν
1218 5288 1386 5360 τριῶν
1415 5291 1552 5361 πρὸς
1578 5295 1642 5364 τῇ
1669 5295 1893 5369 ἡμισείᾳ
1915 5315 1927 5330 ·

2047 5304 2428 5373 quadranguli,
2466 5306 2546 5362 vel
2581 5307 2797 5362 tandem
2830 5306 3047 5361 rotundi
3083 5307 3242 5360 trium
3270 5303 3613 5361 dodrantium

1669 5453 1904 5514 VARI/1'3
1945 5461 2351 5521 LECTIONES.

372 5684 420 5717 ι.
447 5615 1310 5717 ,³1Ρὶἓὲ.¹ἔ·,--,³ῗιέ“ῖ³⁶·.,“ὲηι
1336 5620 1562 5717 θεοτίβί·
1613 5620 1677 5702 “tl
1711 5638 1907 5717 ,ωηε-
1977 5626 2076 5697 δρα
2130 5626 2222 5712 εδν
2278 5630 2685 5717 ῖτρεοτοσεάετηγο
2731 5702 2744 5717 ,
2797 5632 2940 5717 βπ
3006 5633 3381 5717 ειιιρνθεοῑίρειρ
3436 5652 3492 5717 ος
3550 5634 3611 5714 P-

447 5684 797 5774 παρατάξεως
830 5688 976 5741 ἐστίν
1003 5689 1059 5743 Β.
1147 5688 1205 5774 “I’
1242 5689 1373 5774 Eiad.
1411 5684 1502 5774 ut:
1527 5694 1750 5774 ascripl.
1778 5684 1885 5774 ἐὰν
1916 5684 2087 5774 marg.
2126 5698 2225 5768 ὅρα
2243 5700 2294 5751 τί
2318 5684 2511 5772 δήποτἈ
2554 5684 2756 5755 ἐστι-τὸ
2796 5684 3026 5774 τάγμαί
3061 5684 3105 5733 ‘r'
3128 5684 3380 5772 μέάδςτιι.
3439 5684 3490 5734 ίῗ
3508 5684 3615 5755 τῶν

375 5756 565 5826 πΡομά
591 5767 1079 5845 @l‘l‘ec‘lfﬁl‘mte'
1098 5759 1223 5813 add.
1257 5760 1331 5845 ΒΑ
1425 5756 1833 5845 ξξτακρὶινῶς-Β.
1861 5835 1872 5845 _
1940 5765 1983 5798 "’
2011 5756 2090 5822 Ad
2141 5756 2311 5839 marg.
2363 5756 2587 5842 ascript.
2639 5773 2767 5844 περὶ
2805 5756 3178 5829 τούλδοίι.
3271 5756 3317 5806 λ⁶
3353 5773 3616 5845 ὑπεστρὲ·

377 5841 574 5895 φοντας
606 5827 662 5882 Β.
771 5829 813 5861 δ’
841 5829 1248 5902 άγωνιζώμενοι
1293 5831 1349 5886 Β.
1429 5831 1473 5865 ⁸⁸
1506 5833 1565 5888 16
1587 5832 1646 5888 Β.
1735 5835 1780 5866 ³³
1814 5835 2096 5911 μίνσουρες
2125 5840 2181 5892 Β.
2218 5827 2343 5894 “vei
2377 5841 2436 5896 Β.
2476 5829 2483 5833 ’
2513 5827 2567 5876 ’⁸¹
2604 5827 2785 5909 τὰς’τε
2811 5845 2873 5901 Β.
