3968 6308
511 296 652 363 1103

1745 312 2021 376 LEONIS
2049 316 2509 382 PHILOSOPHI

3648 332 3785 400 τίοι

501 434 628 473 cum
653 417 882 477 dimidio
917 441 931 476 :
976 422 1171 482 similis
1196 425 1352 483 color
1375 434 1430 484 et
1475 428 1692 501 signum
1719 432 1952 504 singulis
1986 449 2055 490 cu

2189 437 2468 508 ἐχέτωσαν
2494 438 2550 493 δὲ
2583 438 2785 511 μέρους
2812 439 3045 519 ἑκάστου
3093 445 3150 498 αἱ
3176 445 3414 511 ἀσπίδες
3448 447 3546 502 καὶ
3583 447 3786 519 χρῶμα

495 510 702 582 jusque
734 514 909 583 partis
935 515 1166 586 clypeis,
1195 519 1389 577 mediae
1439 522 1671 590 scilicet,
1697 524 1923 593 dextrre,
1957 527 2087 584 sini-

2187 530 2284 583 καὶ
2312 533 2542 602 σημεῖον
2591 532 2781 598 ταυτδ,
2826 534 2922 589 τοῦ
2960 513 3133 606 μέσου
3189 538 3416 610 δηλαδὴ,
3453 538 3551 592 τοῦ
3576 513 3784 604 δέξιού,

499 612 630 661 stre
659 615 712 660 et
741 612 1086 664 ceterarum.
1122 607 1354 667 Lancea:
1407 613 1596 671 decem
1645 617 1957 674 cubitorum
1991 635 2058 675 au

2185 620 2279 675 τοῦ
2331 623 2622 694 ἀριστεροῦ
2666 626 2762 679 καὶ
2802 626 2911 680 τῶν
2961 625 3184 685 λοιπῶν.
3230 607 3445 701 Δὸρατα
3491 631 3551 685 δέ
3593 632 3786 696 αὐτοῖς

499 695 787 752 minimttm
820 707 965 767 octo,
991 718 1113 758 cum
1131 705 1928 775 cuspidibusdodrantisunius
1956 729 2080 768 cum

496 785 749 843 dimidio.
779 789 998 861 Spicula
1033 809 1139 850 non
1167 812 1231 850 ex
1263 796 1424 866 lignis
1446 803 1623 856 securi
1654 803 1873 868 excisis,
1903 805 1995 859 sed
2016 821 2082 860 ex

496 881 811 950 quercubus
842 898 1034 941 recens
1065 889 1266 954 acutis,
1297 890 1379 945 vel
1404 894 1608 948 craniis
1644 896 1724 949 vel
1755 897 2079 962 artzicidiis,

497 980 559 1025 ut
602 972 812 1041 dicunt,
847 976 932 1032 vel
964 979 1161 1047 quovis
1217 982 1346 1038 alio.
1380 982 1649 1042 Prwterea
1681 988 1869 1044 loricia
1903 988 2082 1047 lerant

496 1065 780 1122 autetiam
811 1069 1028 1126 clibana
1057 1074 1174 1130 sive
1197 1074 1393 1141 ferrea,
1417 1078 1534 1134 sive
1569 1096 1789 1145 cornea,
1824 1098 1944 1152 qua:
1975 1084 2080 1140 nisi

496 1166 815 1228 suppetant,
851 1177 1088 1233 suppara
1147 1166 1384 1224 habeant
1429 1187 1554 1226 cum
1601 1172 1861 1231 bantbace
1899 1186 1951 1231 et
1982 1192 2081 1231 cn-

495 1250 663 1304 cullio
702 1252 772 1307 ad
805 1269 983 1326 genua
1029 1259 1344 1328 pendentia,
1409 1264 1762 1336 manicasque
1826 1269 2078 1325 habentia

496 1357 673 1413 usque
702 1345 768 1399 ad
799 1345 1069 1414 cubitum,
1116 1352 1378 1408 scissuris
1435 1364 1684 1424 patentes
1715 1358 1922 1413 circum
1948 1361 2076 1416 bra-

494 1437 618 1492 chia
664 1437 734 1494 ad
760 1442 1089 1501 emittendas
1123 1461 1352 1513 manus;
1384 1449 1679 1520 alligentur
1707 1463 1888 1509 autem
1938 1471 2078 1525 pone

498 1530 757 1586 humeros
794 1536 1023 1590 manicae
1075 1537 1435 1597 muliebribus
1469 1543 1668 1598 ﬁbulis.
1703 1543 2078 1605 Femoralibus

493 1636 622 1677 vero
653 1624 1078 1695 praecingantur,
1117 1629 1167 1684 id
1198 1631 1518 1701 eSt,gladiis
1553 1634 1722 1690 altera
1765 1647 1922 1706 parte
1944 1654 2078 1695 acu-

493 1713 566 1770 tis
621 1715 976 1773 dodrantium
1027 1735 1152 1776 cum
1192 1725 1388 1795 capulo
1446 1737 1702 1798 quatuor.
1737 1730 2076 1803 Cbiropsella

490 1821 713 1877 quoque
739 1812 869 1874 sint,
898 1828 1020 1880 quae
1044 1817 1337 1870 manicillia
1372 1817 1723 1887 dicuntur,ct
1755 1826 2071 1894 pndopsella

490 1913 665 1965 aenea,
698 1901 896 1960 deinde
923 1907 1088 1974 galeae
1117 1909 1330 1965 eximiae
1364 1913 1490 1969 tutis
1526 1914 1580 1969 in
1600 1917 1754 1986 apice
1777 1917 2069 1986 distinctae,

490 1992 698 2048 similes
725 2007 904 2053 autem
938 1999 1065 2055 tnl'te
1094 2017 1236 2072 pone
1267 2003 1530 2063 humeros
1556 2008 1610 2064 in
1643 2010 1850 2067 loriciis
1881 2022 1935 2068 et
1971 2016 2071 2069 cli-

492 2083 670 2140 banis.
703 2085 904 2142 Eorum
936 2096 1118 2147 tamen
1150 2094 1242 2164 qui
1294 2096 1540 2166 peltastas
1585 2110 1872 2169 vocantur,
1905 2103 2070 2160 levio-

488 2191 605 2231 rem
644 2187 976 2236 armaturam
1002 2199 1127 2241 esse
1149 2197 1382 2257 oportet.
1419 2189 1585 2247 Scuta
1603 2195 1801 2250 ctenim
1844 2197 2068 2253 orbicu-

490 2266 625 2322 laria
687 2270 889 2327 debent
937 2273 1138 2332 habere
1177 2279 1344 2335 trium
1395 2282 1464 2338 ad
1516 2299 1792 2341 summum
1823 2287 2065 2346 dodran—

488 2360 625 2414 tium
659 2371 754 2416 aut
784 2365 1018 2438 oblonga
1050 2369 1399 2428 dodrantium
1432 2388 1687 2447 quatuor,
1713 2380 1934 2440 lanceas
1962 2400 2063 2438 an-

486 2461 594 2507 tem
625 2455 932 2512 cubitorum
956 2468 1081 2518 octo
1110 2471 1165 2518 et
1191 2463 1376 2534 jacula
1418 2468 1649 2526 missilia
1705 2472 1848 2530 ulnae
1901 2477 2063 2534 unius

483 2559 608 2600 cum
664 2551 820 2605 tertia
876 2562 1030 2623 parte
1076 2555 1317 2626 circiter,
1365 2575 1474 2616 non
1530 2565 1769 2634 amplius
1810 2569 2062 2627 videlicet

480 2653 644 2706 quam
677 2642 967 2700 duodecim
992 2648 1336 2706 dodrantium
1359 2668 1482 2708 cum
1511 2660 1771 2728 cuspide;
1807 2661 2061 2721 thoraces

480 2746 702 2802 quoque
733 2734 909 2791 hamis
941 2737 1086 2793 inter
1116 2756 1177 2795 se.
1216 2745 1489 2800 consertis
1549 2747 1736 2805 loricia
1770 2753 1979 2808 scilicet
2005 2767 2058 2810 et

480 2821 698 2876 clibana
748 2833 840 2878 ant
878 2827 1051 2882 ferrea
1083 2830 1244 2886 ambo
1270 2838 1366 2886 aut
1395 2849 1621 2898 cornea,
1654 2838 1737 2894 vel
1783 2840 1826 2894 si
1845 2840 2056 2906 desint,

479 2927 715 2984 suppara
749 2918 1012 2986 spissiora
1069 2936 1134 2977 ex
1178 2921 1300 2979 lana
1332 2927 1415 2981 vel
1445 2930 1681 2996 cuculla,
1719 2933 1859 2987 sicut
1891 2949 2056 3006 supra

478 3003 744 3070 diximus,
778 3019 1150 3084 praetereaque
1203 3015 1483 3072 femoralia
1510 3028 1563 3075 et
1599 3022 1785 3092 galeas
1816 3039 1845 3077 a
1875 3003 2055 3081 fronte

2185 714 2425 771 ἔστωσαν
2453 717 2738 790 δεκαπήχη
2770 718 2802 789 ἢ
2834 720 2927 773 καὶ
2953 722 3244 794 ὀκταπὴχη
3291 724 3352 777 τὸ
3395 723 3654 790 ἔλαττον,
3689 726 3785 790 τὰς

2194 809 2397 877 αἰχμὰς
2433 809 2622 880 ἔχοντα
2659 811 2938 883 σπιθαμῆς
2984 815 3114 884 μιᾶς
3145 816 3281 885 πρὸς
3309 819 3377 888 τῇ
3415 818 3693 888 ἡμισείᾳ·
3718 819 3785 873 τὰ

2190 898 2374 970 μέντοι
2413 901 2677 970 μεναύλια
2706 901 2782 973 μὴ
2807 903 2914 958 ἀπὸ
2951 903 3267 976 πελεκητῶν
3296 906 3549 960 ἔστωσαν
3575 901 3782 972 ξύλων,

2182 990 2299 1046 ἀλλ’
2327 991 2437 1048 ἀπὸ
2461 993 2702 1048 νεακέων
2725 995 2903 1066 δρυῶν
2929 996 2961 1067 ἢ
2989 997 3230 1068 κρανιῶν
3259 997 3290 1068 ἢ
3319 998 3427 1051 τῶν
3447 999 3781 1069 λεγομένων

2181 1085 2530 1155 ἀρτζικιδίων
2575 1085 2609 1157 ἥ
2667 1087 2853 1160 ἐτέρου
2907 1088 3050 1144 τοίου
3092 1090 3235 1156 τινός
3257 1091 3325 1147 ³³.
3373 1093 3526 1165 Πρὸς
3562 1094 3783 1157 τούτοις

2181 1174 2414 1246 λωρίκια
2465 1175 2805 1248 φορείτωσαν
2851 1177 2886 1249 ἥ
2941 1179 3037 1233 καὶ
3086 1180 3338 1236 κλιϐάνια
3377 1183 3474 1236 κα)⁵
3516 1183 3778 1254 ταῦταῆ

2182 1269 2380 1339 σιδηρᾶ
2405 1269 2450 1301 ³³
2479 1269 2510 1339 ἢ
2543 1269 2827 1341 κεράτινα,
2874 1272 3082 1327 τούτων
3120 1273 3177 1327 δὲ
3223 1275 3297 1345 μὴ
3327 1274 3499 1328 δντων
3534 1277 3779 1332 καϐἁδισ

2181 1362 2461 1432 ἐχέτωσαν
2499 1362 2638 1432 μετὰ
2690 1361 2980 1435 βαμϐάκης
3005 1366 3100 1419 καὶ
3140 1367 3488 1422 κουκουλλίου
3519 1370 3569 1404 ⁸⁸
3610 1372 3780 1440 μέχρι

2179 1453 2422 1523 γονάτων
2466 1452 2758 1523 φθάνοντα,
2819 1455 2889 1508 τά
2949 1455 3175 1526 μανίκια
3228 1458 3389 1530 μέχρι
3435 1461 3553 1516 τῶν
3584 1460 3780 1528 dantib-

2178 1561 2284 1597 νων
2309 1545 2353 1576 ⁸⁵
2377 1544 2570 1613 ἔχοντα
2597 1544 2872 1615 σχίσματά
2901 1562 2960 1598 τε
3021 1549 3149 1618 περὶ
3176 1548 3274 1613 τὰς
3307 1550 3512 1614 ὠλένας
3550 1551 3703 1624 πρὸς
3723 1555 3782 1606 τὸ

2179 1633 2388 1687 ἐκεῖθεν
2447 1632 2734 1688 ἐκϐάλλειν
2794 1635 2894 1696 τὰς
2947 1639 3169 1708 χεῖρας·
3225 1642 3538 1712 κρατείσθω
3595 1643 3656 1697 δέ
3716 1645 3781 1698 τὰ

2184 1727 2411 1796 μανίκια
2465 1726 2553 1780 διὰ
2631 1729 3072 1800 κομποθηλύκων
3131 1731 3242 1786 τῶν
3299 1733 3464 1804 ὤμων
3513 1735 3778 1790 ὄπισθεν.

2181 1819 2584 1874 Ζωννύσθωσαν
2617 1820 2673 1874 δὲ
2701 1821 2798 1875 καὶ
2828 1824 3154 1897 παραμήρια
3177 1825 3307 1895 ξίφη
3341 1825 3555 1900 δηλαδὴ
3588 1829 3782 1898 ἑτερό-

2182 1927 2355 1982 στομα
2384 1911 2678 1981 σπιθαμῶν
2730 1915 2870 1984 μετὰ
2918 1915 3018 1985 τῆς
3059 1917 3252 1988 κώπης
3283 1919 3328 1951 ³⁸
3362 1920 3542 1974 ὄντων
3574 1921 3780 1974 τεσσά-

2179 2018 2322 2074 ρων·
2355 2003 2683 2075 χειρόψελλά
2711 2023 2770 2058 τε
2801 2006 2984 2070 αὐτοῖς
3011 2006 3280 2077 ἔστωσαν,
3317 2010 3352 2064 ὃ,
3380 2010 3446 2082 δὴ
3481 2013 3587 2066 καί
3618 2030 3780 2084 μανι-

2175 2095 2364 2150 κέλλια
2414 2097 2683 2165 λέγονται,
2710 2098 2790 2152 ἔτι
2814 2116 2874 2152 τε
2910 2100 3004 2153 καὶ
3037 2101 3338 2170 ποδόψελλα
3365 2104 3466 2156 εἶτ’
3494 2099 3600 2158 οὖν
3635 2105 3778 2176 χαλ-

2175 2187 2427 2252 κότουϐα,
2453 2188 2548 2242 καὶ
2578 2188 2805 2260 κόρυθες
2837 2189 3040 2244 τέλειαι
3071 2192 3114 2223 ⁵⁷
3137 2192 3332 2262 τουιρία
3361 2193 3598 2264 ἔχουσαι
3624 2195 3776 2249 κατὰ

2173 2280 2272 2346 τὴν
2297 2280 2542 2352 κορυφήν
2562 2295 2576 2310 ·
2619 2283 2687 2335 τὰ
2723 2281 2782 2336 δέ
2834 2281 2978 2337 αὑτά
3002 2273 3205 2351 ωυφία
3230 2285 3324 2339 καί
3358 2288 3415 2339 ἐν
3445 2289 3568 2350 τοῖς
3599 2287 3774 2357 λωρι-

2172 2371 2314 2436 κίοις
2361 2373 2501 2426 ἔστω
2551 2374 2643 2427 καὶ
2691 2374 2990 2440 κλιϐανίοις
3031 2376 3138 2429 τῶν
3169 2377 3338 2448 ῶμων
3373 2377 3616 2434 ἄνωθεν.
3644 2379 3772 2432 Τῶν

2173 2464 2359 2536 μέντοι
2425 2466 2782 2521 πελταστῶν
2830 2468 3182 2540 καλουμένων
3234 2471 3624 2544 ἐλαφροτέραν
3666 2473 3770 2542 τὴν

2170 2560 2446 2624 ἐξόπλισιν
2485 2562 2775 2632 ποιητέον
2811 2562 3038 2627 ἀσπίδες
3071 2564 3180 2635 γὰρ
3210 2564 3395 2628 αὐτοῖς
3429 2567 3770 2635 πριφερεϊς

2168 2651 2412 2706 ἔστωσαν
2445 2653 2736 2725 σπιθαμῶν
2757 2653 2926 2725 τριῶν
2961 2655 3217 2724 μάλιστα,
3257 2657 3291 2728 ἦ
3321 2655 3418 2710 καὶ
3450 2657 3769 2727 ἐπιμήκεις

2165 2746 2622 2817 τετρασπίθαμοι,
2660 2747 2861 2816 δόρατά
2907 2765 2968 2800 τε
3018 2749 3307 2820 ὀκταπήχη
3367 2748 3465 2802 καὶ
3521 2750 3766 2805 ἀκόντια

2166 2838 2266 2892 εἴτ’
2319 2837 2412 2892 οὖν
2465 2839 2729 2912 ριπτάρια
2754 2838 2982 2910 ὀργυιᾶς
3015 2842 3143 2913 μιᾶς
3173 2842 3311 2912 πρὸς
3340 2841 3419 2913 τῷ
3459 2842 3644 2913 τρίτῳ
3670 2842 3766 2911 εγ-

2163 2949 2348 3004 γιστα,
2390 2931 2465 3002 μὴ
2506 2933 2667 2985 πλέον
2701 2932 2902 3005 δηλαδὴ
2954 2933 3243 3005 σπιθαμῶν
3267 2933 3481 2989 δώδεκα
3513 2935 3765 2990 ἕκαστον

2164 3025 2263 3079 σὺν
2303 3027 2370 3096 τῇ
2420 3025 2590 3096 αἰχμῇ
2616 3042 2630 3056 ·
2685 3024 2934 3096 θώρακες
2974 3027 3030 3081 δέ
3063 3027 3384 3082 ἁλυσιδωτοὶ
3409 3027 3480 3095 ⁵⁸,
3507 3029 3764 3100 λωρίκια

476 3109 718 3166 apertas.
767 3099 999 3159 Velitum
1035 3113 1217 3162 autem
1253 3109 1367 3164 haec
1429 3110 1500 3167 sit
1530 3121 1809 3168 armatura
1842 3133 1856 3168 :
1891 3133 2057 3187 super

478 3191 724 3215 I.--......_!-
797 3193 1079 3215 -l.-_._.___
1143 3207 1256 3215 ,,,,.
1338 3209 1353 3215 -
1647 3206 1679 3215 .-
1754 3207 1766 3215 .

2163 3118 2364 3189 δηλαδὴ
2390 3121 2484 3172 καὶ
2505 3119 2779 3185 κλισάνια,
2815 3119 2848 3191 ἢ
2895 3120 3091 3192 σιδηρᾶ
3126 3121 3172 3154 ⁸⁹
3195 3121 3362 3191 ἄμφω
3388 3122 3422 3194 ἢ
3449 3122 3550 3175 καὶ
3583 3099 3762 3192 κερά-

477 3191 727 3249 butueris
797 3193 1085 3265 pharetras
1139 3207 1358 3270 portent
1418 3206 1713 3274 marsupiis
1752 3207 2056 3267 iustructas

473 3284 702 3355 triginta
729 3286 810 3342 vel
843 3288 1205 3360 quadraginta
1242 3293 1351 3350 tela
1382 3298 1816 3364 continentibus,
1855 3318 2056 3362 nervos

471 3374 822 3446 insuperduo
843 3378 1061 3436 tubulos
1094 3380 1305 3452 ligneos
1329 3386 1590 3443 cumtelis
1617 3391 1801 3459 parvis
1832 3399 1882 3446 et
1901 3393 2056 3448 simi-

471 3465 615 3523 libus
681 3473 980 3543 marsnpiis
1037 3492 1052 3530 :
1108 3489 1230 3546 quae
1257 3491 1425 3546 parva
1464 3481 1568 3536 tela
1594 3481 1815 3553 quidam
1853 3496 2054 3543 vocant

472 3574 682 3617 tnenas.
746 3561 1007 3619 Perutilia
1057 3575 1236 3623 autem
1297 3569 1611 3642 huiusmodi
1654 3576 1759 3630 tela
1788 3579 1841 3634 in
1909 3580 2053 3636 bello

468 3653 728 3722 quoniam
765 3656 1081 3725 longissime
1101 3661 1340 3717 arcubus
1375 3667 1669 3723 mittuntur
1706 3678 1760 3724 et
1800 3672 2053 3731 hostibus

468 3753 598 3802 sunt
623 3747 918 3803 invisibilia
953 3752 1024 3807 ob
1053 3754 1399 3823 brevitatem,
1432 3766 1487 3812 et
1519 3760 1599 3814 sic
1647 3762 1933 3820 celerrime
1963 3765 2067 3835 inc,

469 3837 768 3905 terﬁcinnt,
790 3850 1167 3915 praetereaque
1197 3846 1447 3902 hostibus
1465 3859 1686 3920 pr0pter
1717 3853 2048 3922 imperitiam

464 3933 852 3989 suntinutilia.
911 3933 1101 3990 Jacula
1133 3952 1352 4008 quoque
1380 3949 1433 3996 et
1456 3952 1610 3996 scuta
1641 3945 1975 4004 orbicularia
1991 3957 2048 4005 et

464 4023 749 4081 femoralia
791 4043 888 4083 seu
925 4045 1150 4086 secures
1207 4030 1262 4087 in
1294 4034 1565 4091 coriaceis
1605 4036 1840 4103 loculis;
1875 4040 2044 4112 aliqui

460 4132 652 4173 eorum
687 4118 881 4175 fundas
903 4137 995 4176 sex
1027 4123 1399 4191 dodrantium,
1422 4142 1520 4182 nec
1553 4128 1824 4197 minores;
1854 4147 2046 4192 eorum

459 4223 639 4268 vestes
675 4228 784 4269 non
811 4217 920 4270 sint
956 4218 1177 4284 talares,
1224 4221 1322 4276 sed
1374 4221 1441 4276 ad
1471 4238 1646 4292 genua
1701 4233 1913 4280 tantum
1945 4231 2046 4283 de-

462 4305 753 4372 scendant,
786 4315 839 4362 et
875 4309 1245 4366 calceamenta
1287 4311 1408 4367 laxe
1434 4313 1671 4385 ligentur
1704 4336 1716 4371 :
1755 4319 2044 4374 commoda

457 4398 662 4454 ctenim
689 4414 752 4455 ea
796 4400 979 4454 omnia
1006 4410 1060 4455 et
1091 4387 1325 4458 maxime
1348 4405 1400 4458 in
1431 4406 1739 4463 itineribus.
1763 4408 2042 4465 Sitautem

2157 3226 2299 3275 τινα,
2330 3211 2364 3282 ἦ
2395 3209 2600 3263 τούτων
2634 3211 2709 3282 μὴ
2725 3211 2895 3265 ὄντων
2925 3213 3161 3267 καϐάδια
3187 3213 3474 3285 παχύτατα
3503 3216 3570 3268 ἐκ
3606 3215 3760 3287 βαμ-

2157 3300 2332 3371 ϐάκης
2380 3302 2474 3356 καὶ
2536 3303 2908 3370 κουκουλλίου,
2963 3305 3039 3369 ὼς
3085 3306 3292 3361 ἄνωθεν
3341 3305 3582 3378 ἔφημεν,
3610 3309 3767 3380 προς

2155 3392 2366 3457 τούτοις
2395 3395 2724 3465 παραμήρια
2756 3395 2852 3449 καὶ
2894 3395 3127 3466 κόρυθες
3162 3396 3402 3461 ἀσκεπές
3431 3397 3671 3468 ἔχουσαι
3693 3398 3760 3454 τὸ

2154 3486 2465 3557 πρόσωπον.
2520 3485 2642 3540 Τῶν
2665 3485 2722 3539 δὲ
2743 3486 2915 3556 ψιλῶν
2963 3488 3272 3559 λεγομένων
3303 3484 3405 3543 ὧδέ
3449 3508 3574 3554 πως
3603 3490 3759 3545 ἔστω

2151 3579 2418 3650 δπλισμός
2444 3594 2458 3608 '
2492 3579 2621 3650 περὶ
2655 3580 2754 3652 μὲν
2770 3581 2895 3644 τοὺς
2917 3579 3099 3653 ὤμους
3131 3582 3507 3652 τοξοφάρετρα
3540 3582 3760 3653 βασταο

2152 3669 2398 3735 ζέτωσαν
2431 3670 2710 3742 κούκουρα
2739 3670 2954 3742 ἔχοντες
2977 3671 3083 3725 ἀνὰ
3109 3671 3463 3742 τριάκονταῆ
3496 3671 3599 3724 καὶ
3626 3689 3759 3726 τεσ-

2152 3762 2462 3835 σαράκοντα
2481 3764 2692 3828 ὀϊστοὺς
2739 3763 3041 3835 χωρούντα,
3083 3763 3364 3834 ἐχέτωσαν
3396 3764 3455 3819 δὲ
3484 3767 3589 3819 καὶ
3619 3783 3754 3820 νευ-

2152 3855 2258 3926 ρὰς
2318 3855 2423 3910 ἀνά
2492 3855 2587 3910 δύο
2641 3855 2737 3911 καὶ
2791 3856 3102 3929 σωληνάρια
3144 3855 3328 3922 ξύλίνα
3355 3857 3497 3927 μετὰ
3525 3861 3756 3931 μικρῶν

2148 3946 2376 4001 ἕκαστον
2403 3947 2519 3978 ⁶⁰·⁶¹
2543 3947 2740 4000 ὀϊστῶν
2755 3947 2852 4002 καὶ
2887 3948 3200 4020 κουκούρων
3213 3949 3470 4003 τοιούτων
3485 3967 3500 3983 ·
3537 3953 3675 4016 τοὺς
3693 3952 3754 4006 δὲ

2151 4038 2380 4109 μικροὺς
2396 4038 2670 4102 τοιούτους
2695 4039 2909 4104 ὀϊστοὺς
2925 4041 3021 4094 καὶ
3048 4041 3214 4112 μένας
3241 4040 3469 4095 καλοῦσί
3497 4060 3654 4108 τινες
3676 4048 3749 4104 ⁸³,

2143 4128 2411 4200 Χρήσιμα
2427 4129 2489 4182 δὲ
2550 4129 2621 4182 τὰ
2681 4129 2812 4202 βέλη
2853 4129 3029 4185 ταῦτα
3069 4131 3211 4184 κατὰ
3241 4132 3333 4185 τὸν
3358 4131 3633 4204 πόλεμον,
3660 4137 3750 4189 ὅτι

2143 4239 2206 4277 τε
2224 4223 2269 4255 ⁸³
2301 4223 2644 4296 πορρωτάτω
2685 4224 2773 4279 διὰ
2797 4225 2905 4279 τῶν
2930 4225 3100 4292 τόξων
3147 4226 3481 4297 πέμπονται,
3519 4229 3623 4283 καὶ
3657 4229 3747 4282 ὅτι

2143 4314 2349 4368 ἀθέατα
2387 4317 2501 4378 τοῖς
2555 4315 2837 4387 πολεμίοις
2872 4317 2982 4370 είσὶ
3037 4317 3127 4371 διὰ
3157 4318 3257 4388 τὴν
3289 4318 3622 4391 βραχύτητα
3645 4322 3748 4375 καὶ

2142 4405 2232 4459 διὰ
2284 4405 2443 4460 τοῦτο
2505 4407 2738 4476 τάχιστα
2781 4407 3120 4479 ἀναιροῦσιν,
3185 4409 3366 4474 ἄλλως
3411 4427 3470 4464 τε
3521 4413 3626 4465 καὶ
3656 4413 3745 4466 ὅτι

458 4487 688 4560 insuper
745 4490 802 4546 in
857 4491 967 4547 illis
1009 4493 1251 4562 peditum
1299 4495 1608 4567 legionibus
1674 4515 1771 4568 pro
1808 4501 2040 4573 singulis

2163 4499 2258 4562 τοῖς
2311 4496 2596 4568 πολεμίοις
2640 4497 2703 4552 οὐ
2737 4499 3134 4569 χρησιμεύουσι
3160 4498 3336 4554 ταῦτα
3384 4499 3454 4554 τὰ
3499 4501 3639 4573 βέλη
3670 4500 3745 4555 δι’

460 4577 764 4634 decarcltiis
794 4581 1096 4652 plaustrum
1148 4600 1315 4639 unum
1368 4588 1564 4642 molam
1599 4590 1779 4647 ferens
1809 4607 2038 4648 manua-

465 4670 595 4738 lem,
645 4674 961 4743 asciamque
1008 4675 1297 4746 bipennem
1329 4688 1385 4734 et
1440 4679 1652 4752 ligones
1679 4683 1816 4739 duos
1868 4696 2034 4757 atque

454 4763 766 4820 ventilabra
794 4776 846 4821 et
877 4767 1119 4822 cilicium
1144 4777 1198 4822 et
1241 4768 1501 4838 junceutn
1531 4775 1825 4844 cophinum
1855 4787 1909 4832 et
1925 4793 2033 4833 caa-

450 4862 595 4920 tera,
623 4867 881 4925 przeterea
915 4875 1137 4928 quoque
1191 4864 1428 4918 securim
1462 4879 1525 4918 ac
1554 4865 1745 4922 falcem
1773 4879 1825 4923 et
1860 4871 2034 4924 tribu-

457 4945 539 4999 los
570 4944 782 5002 l'erreos
810 4950 1101 5019 colligatos
1141 4952 1313 5007 clavis
1348 4953 1547 5011 ferreis
1571 4972 1666 5026 per
1687 4959 1838 5012 'dicta
1868 4962 2036 5031 sphe-

452 5048 666 5091 contata
701 5049 760 5093 ut
790 5041 1007 5097 facilius
1031 5045 1320 5100 mittantur
1348 5056 1402 5102 et
1421 5063 1613 5105 rursus
1639 5053 2031 5122 retrahantur;

2142 4587 2422 4658 ἀπειρίαν;
2470 4588 2530 4641 Ol
2574 4587 2621 4641 δ’
2653 4588 2808 4641 αὐτοὶ
2839 4587 2984 4658 ψιλοὶ
3021 4590 3115 4643 καὶ
3157 4591 3381 4645 ἀκόντια
3411 4592 3744 4665 φερέτωσαν

2144 4681 2238 4736 καὶ
2268 4681 2590 4735 άσπιδίσκια
2622 4683 2932 4752 στρογγύλα
2968 4684 3063 4738 καὶ
3093 4688 3422 4755 παραμίγρια
3445 4684 3480 4755 ἢ
3511 4683 3742 4750 τζικούο

2121 4769 2232 4843 ρια
2263 4774 2352 4828 διὰ
2387 4773 2672 4846 θηκαρίων
2703 4774 3081 4847 βασταζόμενα
3100 4777 3443 4848 δερματίνων
3471 4795 3486 4809 ο
3517 4779 3740 4833 τούτων

2136 4867 2191 4921 δέ
2218 4867 2349 4920 ἔνιοι
2399 4867 2495 4920 καὶ
2533 4867 2826 4937 σφενδόνας
2856 4870 3132 4938 ἐχέτωσαν
3170 4871 3270 4923 οὐκ
3307 4869 3573 4932 ἐλάττους
3605 4889 3737 4925 σπι-

2135 4960 2327 5030 θαμῶν
2358 4961 2440 5027 ἐξ.
2487 4960 2702 5030 Ὶμάτια
2729 4960 2786 5014 δέ
2812 4961 2997 5026 αὐτοῖς
3025 4962 3101 5033 μὴ
3129 4963 3360 5034 ποδήρη,
3393 4963 3530 5015 ἀλλὰ
3561 4966 3733 5037 μέχρι

2133 5058 2378 5127 γονάτων
2418 5057 2561 5113 ἔστω
2613 5059 2884 5125 φθάνοντα
2948 5063 3048 5113 καὶ
3104 5051 3427 5132 ὑποδήματα
3481 5065 3732 5133 μετρίως

452 5128 591 5184 ferat
613 5131 776 5185 etiam
809 5134 1112 5200 plaustrum
1162 5139 1419 5209 quodque
1477 5157 1639 5198 arcus
1703 5149 2036 5204 necessitate

2163 5150 2536 5222 ιαθηλωμένα·
2589 5153 2762 5206 ταῦτα
2823 5153 2934 5222 γάρ
2981 5155 3227 5225 χρήσιμα
3257 5128 3350 5208 καὶ
3382 5128 3633 5223 μάλιστα
3671 5128 3729 5211 ἐν

450 5219 638 5287 plures
666 5229 721 5277 et
774 5224 902 5287 tela,
951 5237 1350 5299 paxatnataque
1400 5245 1464 5285 ac
1496 5233 1684 5289 tritum
1721 5235 1930 5291 milium
1981 5246 2036 5293 et

2163 5219 2644 5316 mammam.
2679 5219 2861 5298 Ἔστω
2889 5219 2946 5300 δὲ
3153 5219 3449 5312 τούτοις-ὲν
3480 5251 3599 5311 τοῖς
3630 5267 3725 5303 πε-

449 5327 796 5386 qutecunque
836 5321 1146 5375 necessaria
1169 5335 1198 5374 a
1230 5321 1387 5378 nobis
1421 5326 1652 5382 omissa.

2142 5335 2314 5399 ζικοίς
2343 5336 2523 5391 τοῖσδε
2547 5337 2792 5408 τάγμασι
2825 5338 2922 5392 καὶ
2956 5338 3098 5392 κατὰ
3132 5339 3427 5410 δεκαρχίαν
3455 5341 3652 5411 ἅμαξα
3679 5345 3725 5374 ⁸⁵
3783 5334 3785 5336 ’

451 5409 555 5479 μία
583 5412 912 5485 χειρὸμυλον
935 5415 1174 5490 φέρουσα
1203 5419 1297 5474 καὶ
1324 5412 1512 5494 ἀξίνην
1536 5425 1633 5478 καὶ
1659 5425 1910 5482 πελέκιον
1932 5428 2025 5483 καὶ
2062 5429 2296 5501 ὀρύττας
2329 5433 2422 5488 δύο
2443 5435 2537 5489 καὶ
2568 5434 2714 5490 πτύα
2748 5434 2845 5491 καὶ
2873 5435 3105 5490 κιλίκιον
3141 5438 3236 5491 καὶ
3294 5409 3518 5508 κόφινον
3594 5409 3723 5495 σιέ-

1708 5579 1939 5637 VARIE
1974 5584 2379 5646 LECTIONES.

517 5703 563 5734 "
584 5703 874 5782 estatinae;
899 5706 960 5782 B_.
1038 5709 1086 5742 ⁸³
1110 5711 1304 5782 σιδηρὰ
1322 5712 1380 5767 Β.
1447 5715 1494 5750 ⁸⁵
1527 5717 1844 5778 κουκουλίου
1882 5719 1939 5773 Β.

444 5775 602 5830 δωτοι
634 5775 690 5831 Β.
802 5780 848 5811 ⁵⁹
875 5779 1069 5852 σιδηρᾶ
1094 5782 1186 5836 καὶ
1217 5775 1278 5840 Β.

2018 5721 2064 5753 ⁵⁸
2091 5723 2337 5790 ἀγχόνιον
2365 5723 2424 5780 Β.

1362 5785 1406 5818 ἀ
1434 5785 1476 5820 ⁶¹
1516 5786 1744 5852 ἕκαστος
1774 5787 1834 5844 Β.
1896 5792 1937 5823 ⁵³
1967 5785 2190 5848 καλοῦσῐ
2220 5795 2361 5862 τῖνές
2387 5798 2446 5853 Β.

2521 5729 2568 5761 ³⁸
2592 5727 2704 5784 κόπ
2740 5747 2769 5793 ς
2803 5728 2864 5786 Β.
2939 5731 2983 5762 ³⁷
3018 5731 3222 5788 τελείαι
3252 5730 3315 5790 Β.
3424 5731 3473 5768 ⁸⁸
3493 5732 3716 5790 ἁλυσιδ-

2551 5800 2595 5832 ⁶³
2623 5801 2682 5854 τέ
2703 5747 2777 5855 11L
2854 5802 2898 5834 “
2922 5801 3070 5855 άμαξ
3096 5802 3157 5855 Β.

2551 5800 2595 5832 ⁵³
2623 5801 2682 5854 τέ
2715 5800 2777 5858 Β.
2839 5802 2898 5873 ,⁸⁸
2922 5801 3070 5874 άμαξ
3096 5802 3157 5858 Β.
