3968 6308
419 300 548 370 Illi

1654 321 1929 385 LEONIS
1968 324 2428 391 PHILOSOPHI

3568 339 3723 406 1112

417 432 518 488 pro
546 417 932 476 numerositate
959 420 1104 478 enim
1141 424 1419 484 exercitus
1466 429 1616 486 varia
1630 432 1733 488 erit
1757 451 1773 501 ;
1800 448 1995 492 conve‘

2104 437 2321 505 ὀϊστοὺς
2368 440 2682 512 πέμπεσθαι
2712 461 2726 477 ·
2764 444 2943 513 ἄλλως
2979 464 3038 502 τε
3070 447 3099 502 ὀ
3143 447 3243 520 μὲν
3276 443 3451 517 ’πεζὸς
3499 454 3717 525 ῥαδίως

416 507 574 564 niens
621 517 802 565 tamen
864 510 1080 569 videtur
1102 524 1156 570 et
1210 517 1299 574 hic
1347 517 1714 578 ducentorum
1757 525 2002 581 virorum

414 592 718 665 longitudo,
771 597 1106 671 minimaque
1171 613 1389 663 centum
1433 618 1488 664 et
1523 610 1739 683 viginti.
1771 614 1898 672 Haec
1940 618 2008 672 de

413 685 758 757 longitudine
817 700 874 748 et
922 693 1292 765 profunditate
1334 708 1530 758 taxeon
1603 713 1714 761 tam
1763 709 2005 779 peditum

410 794 577 848 quam
639 784 908 854 equitum.
976 785 1223 858 Spatium
1287 802 1468 850 autem
1523 796 1577 851 in
1630 808 2003 858 transversum

413 877 597 925 tenere
637 869 798 927 debet
857 874 1017 943 pedes
1047 878 1281 949 quisque
1330 892 1380 936 et
1411 898 1579 955 eques
1617 885 1668 940 in
1719 888 2006 946 itineribus

411 959 554 1015 ulna:
589 961 773 1028 unius,
827 963 881 1019 id
912 973 997 1021 est
1018 978 1257 1037 quatuor
1287 971 1635 1044 cubitorum;
1670 993 1848 1050 pugna
1878 995 2006 1035 vero

410 1055 730 1111 imminente
757 1058 1061 1128 semiulme,
1106 1062 1159 1118 id
1214 1073 1296 1121 est
1322 1068 1486 1122 trium
1536 1070 1757 1140 pedum,
1793 1073 1844 1126 in
1868 1075 2002 1128 arti-

408 1151 533 1205 culo
565 1162 747 1207 autem
781 1157 1192 1226 congressionis
1228 1161 1402 1216 tertiae
1426 1165 1599 1233 partis
1631 1164 1793 1232 ulnae,
1846 1169 1898 1223 id
1921 1171 2008 1225 es!

405 1243 609 1313 pedum
637 1244 872 1302 duorum
909 1267 922 1304 :
957 1251 1102 1319 quod
1139 1255 1522 1325 synaspismus
1554 1259 1775 1316 dicitur.
1800 1262 1858 1316 lu
1887 1264 2002 1318 sola

405 1340 698 1396 testudinis
750 1341 896 1398 dicta
954 1346 1219 1412 parataxi,
1249 1364 1372 1418 quae
1405 1351 1564 1421 vulgo
1595 1362 1873 1423 syscutum
1906 1372 2002 1411 vo-

405 1444 583 1498 catur,
613 1442 866 1503 quartam
916 1436 1059 1494 ulnae
1116 1450 1324 1509 partem
1389 1457 1484 1498 seu
1540 1445 1784 1501 cubitum
1833 1463 2000 1504 unum

403 1533 637 1593 orcupat
699 1527 866 1595 pedes
916 1529 1187 1601 quisque;
1245 1535 1583 1592 conveniens
1615 1552 1744 1594 vero
1804 1540 2002 1609 peditis

403 1625 456 1671 et
507 1618 708 1687 equitis
770 1629 852 1675 est
903 1622 1192 1679 semiulna.
1237 1624 1451 1682 Directo
1502 1639 1681 1684 autem
1720 1647 1883 1686 unam
1919 1632 2002 1687 ul-

2110 531 2200 585 τδν
2250 532 2562 606 ἔμπροσθεν
2610 539 2899 610 ἱστάμενον
2948 540 3113 596 αὐτοῦ
3145 544 3191 576 ³⁵
3229 543 3391 598 ὠθεῖν
3435 545 3514 608 ὡς
3561 547 3712 616 πρὸς

2108 624 2202 678 τὸν
2235 627 2473 698 πόλεμον
2519 629 2765 698 δύναται,
2792 633 2979 688 οὐκέτι
3008 635 3064 688 δὲ
3103 637 3197 690 καὶ
3223 640 3250 692 ὀ
3297 638 3521 703 ἱππεύς.
3554 640 3711 694 Πλα-

2109 718 2420 792 τυκὼτερον
2456 723 2514 777 δὲ
2541 724 2670 795 περὶ
2697 725 2903 780 τούτων
2948 729 3195 784 ἑκάστων
3226 731 3272 762 ⁸⁸
3299 733 3356 784 tv
3391 732 3468 801 τῷ
3492 751 3706 787 τεσσα-

2114 811 2364 882 ρακοστῷ
2383 812 2528 886 ’ἐκτῳ
2554 816 2834 888 κεφαλαίῳ
2858 820 3157 890 εἰρήσεται.
3186 821 3260 875 Τὸ
3286 821 3384 891 μὲν
3411 821 3505 876 οὖν
3531 823 3708 892 βάθος

2110 901 2143 973 ἢ
2179 904 2350 974 πάχος
2380 903 2554 968 οὕτως
2588 907 2697 972 ἕξει
2727 909 2826 980 τῆς
2861 910 3100 990 ἱππικῆς
3131 914 3516 984 παρατάξεως,
3547 916 3611 970 τὸ
3642 917 3706 972 δὲ

2111 991 2288 1063 μῆκος
2313 995 2595 1050 κάνταῦθά
2620 999 2766 1051 ἐστιν
2793 999 2836 1033 ’⁷
2860 999 3113 1071 ἀόριστον
3133 1018 3147 1032 ⁶
3175 1003 3311 1075 πρὸς
3335 1005 3441 1076 γὰρ
3467 1006 3532 1060 τδ
3560 1009 3708 1080 πλῆ·

2109 1084 2200 1148 θος
2234 1086 2386 1140 ἔσται
2445 1089 2545 1159 τῆς
2577 1095 2842 1163 στρατιᾶς
2867 1109 2882 1126 ο
2917 1094 3234 1167 σύμμετρον
3261 1098 3307 1130 ⁸⁸
3335 1098 3379 1152 δ’
3421 1095 3516 1154 οὖν
3566 1103 3710 1155 κάν-

2107 1179 2282 1232 ταῦθα
2320 1180 2470 1234 δοκεῖ
2518 1184 2694 1254 μῆκος
2747 1187 2982 1255 μάλιστα
3012 1189 3073 1242 τὸ
3107 1190 3216 1243 τῶν
3264 1191 3559 1249 διακοσίων
3599 1196 3706 1249 άν-

2106 1272 2271 1343 δρῶν,
2304 1274 2592 1346 ἐλάχιστον
2619 1277 2676 1330 δὲ
2707 1279 2768 1332 τὸ
2784 1280 2892 1332 τῶν
2922 1281 3118 1335 ἑκατὸν
3147 1282 3339 1337 εἱκοσι.
3382 1285 3492 1338 Καὶ
3513 1286 3707 1342 ταῦτα.

2108 1365 2210 1435 μὲν
2235 1368 2364 1439 περὶ
2413 1369 2624 1440 μήκους
2660 1372 2753 1424 καὶ
2800 1372 2999 1442 βάθους
3026 1375 3134 1427 τῶν
3175 1393 3232 1428 τε
3269 1374 3510 1440 πεζικῶν
3555 1379 3704 1450 ὀμοῦ

2106 1456 2202 1510 καὶ
2236 1457 2477 1512 ἱππικῶν
2506 1459 2742 1524 τάξεων·
2773 1463 2939 1516 τόπον
2967 1465 3012 1497 ⁹⁹
3042 1464 3097 1519 δὲ
3132 1470 3275 1522 κατὰ
3313 1468 3546 1538 πλάγιον
3574 1473 3604 1524 ὃ
3634 1489 3704 1526 τε

2105 1535 2271 1611 πεζὸς
2298 1546 2391 1601 καὶ
2435 1548 2634 1614 ἱππεὺς
2679 1551 2738 1604 tv
2779 1553 3082 1620 παρατάξει
3121 1553 3340 1626 ἐπέχειν
3382 1535 3605 1624 λέγεται
3637 1560 3704 1612 tv

2107 1639 2208 1711 μὲν
2233 1639 2518 1714 ὁδοιπορίᾳ
2563 1643 2790 1715 ὀργυιᾶς
2819 1647 2948 1714 μιᾶς
2993 1648 3215 1717 πήχεων
3243 1648 3443 1720 δηλαδὴ
3490 1652 3696 1705 τεσσάο

402 1723 530 1763 nam
561 1721 798 1781 occupat
836 1713 1004 1782 pedes
1035 1725 1259 1787 propter
1288 1717 1580 1775 fundarum
1612 1722 1995 1780 demissionem

2107 1749 2238 1803 ρων,
2271 1713 2510 1804 πολέμου
2539 1713 2605 1789 δὲί
2628 1713 2960 1808 προσδοκίας
2993 1713 3161 1810 οὐσίης
3185 1713 3414 1811 ὀργυιᾶς
3432 1713 3698 1812 ’ἡμίσεως

401 1813 456 1858 et
476 1803 782 1874 jaculorum
814 1798 1194 1868 iutorsionem.
1226 1812 1511 1870 Intervalla
1532 1817 1732 1886 quibus
1755 1817 1902 1875 inter
1937 1835 1995 1876 se

2100 1798 2280 1880 ποδῶν
2304 1798 2506 1898 δηλαδὴ
2536 1798 2726 1899 τριῶν,
2763 1830 2820 1882 tv
2850 1798 3001 1900 αὐτῷ
3040 1831 3096 1885 δι
3116 1798 3202 1901 to
3220 1798 3332 1903 ’τὴς
3362 1798 3696 1904 συμπλοκῆς

401 1895 609 1955 distant
627 1910 776 1957 taxes
795 1902 1058 1971 peditum,
1075 1919 1168 1960 sex
1198 1906 1450 1961 ulnarum
1470 1917 1552 1962 est
1572 1924 1672 1965 nec
1692 1911 1926 1981 amplius
1942 1910 1995 1966 in

408 2001 808 2050 transversum:
840 1995 1119 2053 sufﬁciens
1140 1999 1285 2054 enim
1310 2000 1401 2056 hic
1422 2001 1631 2056 videtur
1652 2003 1996 2060 intervallum

402 2083 553 2154 quod
588 2085 774 2142 decem
804 2094 858 2141 et
892 2097 1017 2144 octo
1050 2092 1266 2160 equites
1312 2092 1668 2148 transmissos
1695 2095 1993 2162 contineat;

402 2177 652 2248 equitum
687 2194 816 2236 vero
847 2180 1180 2237 illimitatum
1207 2201 1222 2250 ;
1254 2184 1587 2240 conveniens
1615 2200 1747 2242 vero
1779 2185 1998 2242 videtur

399 2278 457 2324 et
494 2270 582 2327 hic
627 2270 888 2328 tredecim
935 2276 1190 2332 ulnarum
1224 2277 1600 2334 intervallum.
1639 2280 1700 2334 ln
1750 2281 1867 2336 sola
1915 2289 1996 2334 ta-

399 2375 528 2416 men
587 2365 837 2433 parataxi
892 2366 1036 2422 dicta
1081 2369 1427 2426 auxiliatrice
1473 2370 1542 2426 ad
1576 2371 1865 2428 dimidium
1903 2372 1994 2428 teli

396 2452 604 2525 iactum
635 2456 764 2513 licet
799 2457 1081 2515 intervalla
1128 2461 1184 2516 in
1228 2472 1604 2519 transversum
1651 2479 1879 2535 ponere,
1938 2475 1994 2521 ut

395 2549 578 2616 capite
631 2551 1052 2621 quadragesimo
1097 2562 1254 2610 sexto
1293 2555 1524 2611 dicetur.
1560 2556 1777 2614 Directo
1808 2569 1990 2613 autem

398 2637 684 2696 intervalla
721 2641 862 2698 inter
896 2652 1051 2700 taxes
1076 2645 1131 2700 in
1163 2645 1453 2704 itineribus
1482 2647 1714 2705 duorum
1747 2650 1859 2706 sint
1901 2651 1991 2706 teli

391 2731 668 2803 iactuum,
727 2735 1132 2808 aliquandoque
1166 2738 1332 2798 unius
1372 2749 1467 2796 aut
1496 2742 1620 2812 plus
1647 2753 1743 2798 aut
1779 2743 1987 2801 minus:

396 2838 594 2896 pugna:
622 2835 803 2882 tamen
839 2831 1263 2899 temporejunius
1295 2832 1564 2903 telijactu
1594 2833 1663 2888 ad
1685 2852 1988 2904 summum;

395 2930 525 2972 raro
573 2919 852 2989 equitibus
907 2921 1088 2979 minus
1155 2925 1281 2986 erit.
1322 2918 1417 2980 se‘d
1476 2926 1750 2996 peditibus
1817 2929 1990 2983 multo

395 3007 580 3064 minus
605 3010 687 3065 :‘si
720 3011 786 3066 de
814 3012 981 3069 mixto
1004 3014 1245 3070 exercitu
1268 3016 1470 3087 agitur,
1495 3035 1657 3088 quam
1693 3021 1981 3074 minimum

395 3115 520 3154 cum
556 3100 710 3170 juxta
749 3104 986 3174 ﬁguram
1024 3107 1357 3178 descriptae:
1390 3111 1600 3181 pedites
1637 3112 1779 3168 inter
1800 3128 1860 3168 se
1876 3129 1988 3168 me-
2015 3147 2057 3205 α

394 3191 548 3247 dium
591 3193 794 3252 habent
827 3200 1155 3266 equitatum,
1189 3202 1334 3257 sicut
1388 3202 1565 3259 fusius
1621 3206 1796 3275 capite
1846 3224 1986 3275 qua-

393 3283 706 3358 dragesimo
742 3290 974 3360 septimo
999 3292 1214 3349 dicetur
1257 3280 1325 3350 de
1355 3295 1528 3351 mixto
1559 3298 1798 3354 exercitu
1827 3309 1991 3368 atque

393 3380 462 3434 de
494 3381 734 3451 peditum
771 3384 826 3440 in
867 3386 962 3442 illo
1009 3388 1274 3458 taxibus;
1321 3401 1451 3448 tunc
1502 3393 1648 3448 enim
1702 3408 1809 3447 non
1868 3396 2029 3478 plus_

394 3472 585 3544 viginti
616 3485 670 3530 et
697 3487 821 3533 octo
850 3479 994 3534 ulnis
1035 3482 1278 3552 peditum
1338 3493 1491 3540 laxes
1519 3485 1659 3540 inter
1682 3501 1741 3541 se
1763 3485 1988 3544 distant.

393 3564 499 3630 Qui
530 3581 948 3636 procursatores
998 3589 1269 3630 vocantur
1315 3591 1619 3647 eorumque
1674 3577 1990 3635 defensores

394 3654 475 3724 (bi
524 3666 653 3713 sunt
712 3662 804 3731 qui
838 3673 961 3719 ante
1009 3680 1245 3737 pugnam
1287 3669 1638 3724 commissam
1683 3682 1809 3724 ante
1839 3679 1992 3726 tnxes

393 3752 720 3808 currunt'ad
757 3755 1082 3813 excitandos
1108 3756 1176 3813 ad
1220 3774 1459 3829 pugnam
1501 3761 1729 3832 hostes),
1767 3762 1989 3818 duobus

392 3851 488 3897 aut
517 3842 585 3896 ad
608 3859 884 3900 summum
907 3849 1082 3905 tribus
1115 3851 1443 3909 milliaribus
1465 3868 1494 3908 a
1527 3854 1736 3909 caeteris
1753 3854 1990 3925 homini-

393 3932 495 3989 bus
518 3934 823 4002 distabunt,
856 3940 995 3996 ultra
1019 3940 1134 4010 jam
1167 3958 1277 3998 non
1301 3954 1443 4000 esset
1469 3961 1748 4001 securum.
1779 3943 1990 4000 Simili-

394 4031 481 4081 ter
508 4025 988 4100 opisthopbylaces
1019 4032 1236 4088 duobus
1268 4033 1362 4089 teli
1403 4033 1642 4104 jactibus
1664 4049 1690 4087 a
1717 4034 1889 4101 tuldo,
1923 4046 1992 4089 ne

392 4116 648 4176 hostibus
679 4135 711 4176 a
745 4130 898 4192 tergo
937 4123 1044 4178 tela
1075 4123 1132 4180 in
1191 4124 1676 4199 opistbophylaces
1731 4126 1990 4197 jacienti-

390 4211 518 4276 bus,
547 4212 586 4268 ii
646 4213 742 4284 qui
796 4214 852 4270 in
912 4215 1067 4272 tuldo
1125 4229 1257 4274 sunt
1314 4218 1602 4275 feriantur.
1669 4219 1783 4274 Teli
1827 4237 1990 4291 porro

382 4304 564 4374 jactus
582 4323 744 4378 quam
759 4310 1275 4369 convenientissime
1297 4323 1513 4368 centum
1530 4314 1990 4385 etquinquaginta

388 4397 644 4454 ulnarum
682 4399 992 4472 deputatur,
1026 4404 1280 4460 ulnarum
1309 4414 1493 4460 autem
1511 4406 1842 4475 simplicium
1875 4407 1991 4462 dic~

2099 1917 2280 1989 καιρῷ
2309 1918 2492 1990 τρίτον
2524 1921 2751 1989 ὀργυιᾶς
2779 1923 2899 1993 ἦτοι
2932 1922 3110 1978 ποδῶν
3148 1924 3243 1978 δύο
3264 1941 3280 1956 ο
3311 1925 3472 1980 τοῦτο
3501 1927 3560 1980 δὲ
3592 1928 3694 1982 καὶ

2102 2014 2486 2084 συνασπισμὸς
2541 2013 2760 2080 λέγεται
2792 2015 2830 2071 ¹.
2877 2015 2965 2068 Ἐν
3015 2017 3152 2090 μόνῃ
3202 2018 3260 2071 δὲ
3315 2019 3423 2091 ἄρα
3468 2023 3533 2092 τῇ
3588 2022 3692 2091 τῆς

2097 2099 2338 2174 χελώνης
2382 2102 2693 2177 καλουμένῃ
2741 2105 3070 2173 παρατάξει,
3112 2108 3142 2161 δ
3165 2107 3230 2179 δὴ
3256 2111 3350 2163 καὶ
3389 2109 3690 2166 σύσκουτον

2097 2193 2129 2264 ἡ
2174 2193 2428 2263 δημώδης
2477 2194 2734 2267 ὀνομάζει
2783 2199 2958 2269 φωνὴ,
3005 2199 3268 2274 τέταρτον
3313 2202 3540 2272 ὀργυιᾶς
3589 2205 3675 2258 εῖτ

2095 2280 2189 2340 οὖν
2219 2289 2240 2318 ⁸
2271 2288 2448 2357 πῆχυν
2478 2289 2573 2342 ἕνα
2597 2289 2706 2344 τῶν
2741 2289 2922 2354 πεζῶν
2949 2291 3180 2357 ἕκαστος
3217 2293 3402 2365 ἐπέχει
3423 2312 3438 2326 ο
3475 2295 3692 2367 σύμμε-

2095 2393 2224 2448 τρος
2251 2379 2309 2431 δὲ
2337 2379 2500 2443 τόπος
2532 2381 2745 2444 ἱππέως
2792 2399 2850 2435 τε
2879 2385 2978 2437 καὶ
3021 2384 3186 2449 πεζοῦ
3213 2385 3273 2438 τὸ
3318 2386 3418 2455 τῆς
3450 2385 3690 2459 ὀργυιᾶς

2095 2469 2245 2522 ἔστιν
2289 2470 2486 2541 ἥμισυ.
2530 2472 2648 2525 Ἐπ’
2681 2474 2898 2538 εὐθείας
2928 2473 2984 2529 δὲ
3029 2477 3195 2531 τόπον
3220 2479 3248 2531 ὀ
3289 2476 3452 2544 πεζὸς
3495 2478 3690 2550 ἐπέχει

2096 2563 2226 2633 μιᾶς
2258 2561 2489 2633 ὀργυιᾶς
2514 2564 2602 2619 διά
2633 2583 2691 2619 τε
2721 2566 2819 2628 τὰς
2850 2568 2958 2621 τῶν
2994 2570 3296 2639 σφενδονῶν
3329 2572 3556 2642 ἀφέσεις
3584 2576 3691 2628 καὶ

2091 2655 2191 2720 τὰς
2223 2657 2330 2710 τῶν
2361 2657 2628 2711 ἀκοντίων
2676 2659 2988 2724 ἀνατάσεις.
3021 2663 3404 2734 Διαλείμματα
3434 2667 3454 2698 ³
3483 2667 3542 2720 δὲ
3582 2667 3690 2722 τά-

2096 2745 2232 2811 ξεων
2263 2747 2401 2818 πρὸς
2428 2748 2665 2818 ἀλλήλας
2696 2751 2754 2803 tv
2798 2754 2917 2815 ταῖς
2949 2751 3203 2817 πεζικαῖς
3236 2755 3379 2809 κατὰ
3410 2757 3512 2827 μὲν
3545 2757 3693 2810 πλά-

2092 2854 2209 2906 γιον
2231 2838 2290 2891 οὐ
2327 2839 2490 2893 πλέον
2519 2841 2755 2912 ὀργυιῶν
2786 2844 2878 2897 ὲστ
2892 2862 2939 2896 ιν
2973 2844 3033 2911 ἒξ
3067 2846 3276 2911 (ἱκανὸν
3309 2850 3418 2921 γὰρ
3449 2849 3694 2905 ἐνταῦθα

2089 2930 2239 2984 δοκεῖ
2269 2931 2569 3002 διάλειμμα
2620 2933 2682 2987 τὸ
2727 2934 3004 2990 δεκαοκτὼ
3048 2939 3233 3004 ἱππεῖς
3263 2941 3496 3007 διιόντας
3532 2943 3696 3014 δεχό-

2093 3021 2296 3092 μενον),
2329 3025 2386 3076 tv
2435 3025 2492 3077 δὲ
2527 3027 2648 3089 ταῖς
2691 3028 2946 3093 ἱππικαῖς
2992 3032 3230 3100 μάλιστα
3265 3032 3365 3103 μὲν
3403 3034 3688 3105 ἀόριστον,

2096 3111 2414 3185 σύμμετρον
2434 3115 2479 3169 δ’
2501 3112 2594 3171 οὖν
2621 3118 2900 3173 κάνταῦθα
2933 3121 2956 3153 ⁵
2987 3120 3137 3175 δοκεῖ
3154 3122 3215 3176 τὸ
3242 3122 3352 3178 τῶν
3375 3123 3692 3197 δεκατριῶν

2091 3203 2329 3275 ὀργυιῶν
2368 3205 2686 3279 διάλειμμα.
2736 3210 2824 3265 Ἐν
2854 3212 2989 3284 μόνῃ
3014 3213 3071 3266 δὲ
3113 3213 3222 3287 ἄρα
3255 3217 3319 3288 τῇ
3359 3216 3539 3290 βοηθῷ
3574 3235 3689 3272 κα·

2091 3297 2327 3371 λουμένῃ
2359 3300 2667 3372 παρατάξει
2702 3303 2797 3357 καὶ
2846 3306 3009 3376 μέχρι
3050 3307 3294 3379 ἡμίσεως
3333 3309 3355 3342 ⁸
3397 3310 3556 3377 τόξου
3593 3313 3691 3384 βο-

2091 3387 2190 3456 λῆς
2211 3392 2383 3443 ποιεῖν
2418 3393 2486 3445 τὰ
2514 3394 2578 3446 ὲκ
2607 3393 2840 3462 πλαγίου
2865 3397 3234 3470 διαλείμματα
3267 3399 3498 3469 ἔξεστιν,
3521 3403 3599 3467 ὡς
3622 3404 3690 3458 tv

2090 3479 2168 3550 τῷ
2212 3485 2639 3558 τεσσαρακοστῷ
2670 3487 2690 3518 ⁸
2734 3487 2879 3560 ἕκτῳ
2923 3491 3207 3563 κεφαλαίῳ
3261 3492 3501 3560 λέξεται.
3562 3493 3688 3549 Ἐπ’

2091 3575 2310 3640 εὐθείας
2339 3576 2394 3629 δὲ
2428 3577 2801 3651 διαλείμματα
2827 3582 2885 3634 tv
2906 3585 3028 3646 ταῖς
3069 3583 3290 3652 τάξεσιν
3316 3587 3375 3640 tv
3408 3587 3507 3658 μὲν
3537 3587 3688 3642 ὁδοι-

2095 3669 2315 3739 πορίαις
2359 3668 2483 3724 δυσὶ
2531 3671 2690 3736 τόξου
2749 3673 2928 3744 βολαῖς
2957 3674 2980 3707 ⁷
3021 3675 3185 3745 ἑτέρα
3235 3677 3391 3746 τάξις
3445 3678 3685 3750 θατέρας

2091 3759 2373 3830 ἀφέξεται,
2428 3761 2523 3815 καὶ
2559 3765 2658 3835 μιᾷ
2690 3764 2802 3817 ἔσθ’
2840 3765 2929 3819 ὅτε
2978 3765 3072 3819 καὶ
3101 3766 3264 3822 πλέον
3297 3769 3391 3822 καὶ
3420 3768 3681 3823 ἔλαττον·

2091 3852 2151 3905 tv
2193 3852 2375 3922 μέντοι
2427 3852 2666 3925 πολέμου
2721 3855 2898 3927 καιρῷ
2929 3856 2950 3886 ³
2981 3856 3042 3909 τύ
3096 3855 3197 3926 μὲν
3221 3856 3475 3910 πλεῖστον
3503 3859 3522 3889 ⁹
3547 3858 3682 3928 ἄχρι

2091 3947 2247 4012 τόξου
2281 3945 2443 4016 βολῆς
2475 3948 2540 4012 ⁸ο,
2574 3945 2816 4010 σπανίως
2839 3965 2901 4015 γε
2930 3949 3036 4019 μὴν
3076 3949 3135 4002 ὲν
3173 3951 3293 4012 ταῖς
3318 3951 3564 4013 ἱππικαῖς
3599 3951 3681 4003 ἔτι

2094 4036 2316 4092 ἔλαττον
2343 4037 2386 4070 ¹¹
2414 4036 2591 4102 ἔσται,
2622 4040 2756 4092 πολὺ
2796 4039 2853 4093 δὲ
2879 4039 3100 4094 ἔλαττον
3143 4041 3202 4094 tv
3227 4042 3349 4104 ταῖς
3385 4042 3642 4106 πεζικαῖς
3661 4058 3678 4074 ο

2093 4131 2190 4183 ἐπὶ
2239 4129 2551 4201 συμμίκτου
2607 4128 2791 4200 μέντοι
2831 4129 3064 4201 στρατοῦ
3092 4131 3189 4185 καὶ
3228 4132 3310 4185 ἔτι
3370 4132 3680 4202 ἐλάχιστον,

2094 4221 2224 4275 ὅταν
2258 4222 2315 4274 tv
2347 4221 2817 4294 παραταττομένῳ
2851 4224 2894 4254 ¹¹
2922 4225 3166 4294 σχήματι
3217 4224 3382 4291 μέσον
3423 4225 3473 4278 οἱ
3520 4225 3683 4288 πεζοὶ

2092 4313 2155 4366 τὸ
2204 4314 2428 4367 ἱππικὸν
2490 4313 2827 4385 συνέχωσεν,
2881 4313 2956 4377 ῶς
3011 4316 3069 4367 tv
3120 4314 3198 4387 τῷ
3252 4317 3687 4387 τεσσαρακοστῷ

2094 4405 2310 4476 ἑϐδόμῳ
2355 4405 2638 4478 κεφαλαίῳ
2685 4408 2966 4479 εἰρήσεται
2999 4407 3425 4481 πλατυκώτερον
3461 4410 3590 4480 περί
3616 4427 3679 4463 τε

387 4498 565 4546 tarum
585 4502 804 4549 centum
835 4505 888 4550 et
917 4497 1261 4568 septuaginta
1291 4507 1386 4553 aut
1417 4507 1477 4552 ut
1508 4498 1747 4555 maxime
1765 4507 1985 4554 centum

2098 4498 2404 4569 συμμίκτου
2438 4497 2670 4568 στρατοῦ
2723 4498 2819 4552 καὶ
2851 4497 2961 4551 τῶν
2987 4500 3045 4552 ὲν
3093 4497 3244 4568 αὐτῷ
3291 4497 3536 4563 πεζικῶν
3581 4497 3681 4552 τά·

385 4593 441 4638 ct
472 4586 773 4656 octoginta.

2091 4589 2251 4657 ξεων.
2303 4590 2428 4643 τότε
2459 4592 2568 4661 γὰρ
2597 4594 2658 4644 οὐ
2684 4592 2844 4646 πλέον
2881 4592 3118 4663 ὀργυιῶν
3144 4591 3231 4662 κη’
3253 4593 3324 4646 τὰ
3351 4590 3436 4645 ἐπ’
3460 4592 3680 4657 εὐθείας

384 4676 494 4731 εἱσὶ
540 4677 648 4732 τῶν
700 4679 943 4745 πεζικῶν
997 4680 1206 4746 τάξεων
1248 4681 1641 4753 διαλείμματα.
1691 4685 1754 4738 Οἱ
1785 4683 1969 4754 μέντοι
2009 4682 2509 4756 προκουρσάτωρες
2538 4684 2824 4754 λεγόμενοι
2863 4685 2959 4739 καὶ
3024 4687 3073 4739 οἱ
3149 4685 3357 4739 τούτων
3395 4685 3674 4753 δεφένσω’

389 4788 482 4843 ρες
511 4769 643 4845 (εἶεν
666 4775 711 4828 δ’
746 4775 813 4830 ἂν
843 4769 990 4832 οὗτοι
1016 4780 1064 4832 οἱ
1095 4779 1237 4834 κατὰ
1264 4780 1356 4833 τὸν
1386 4780 1477 4833 τοῦ
1506 4781 1744 4850 πολέμου
1780 4782 1974 4854 καιρὸν
2011 4782 2120 4836 τῶν
2151 4780 2360 4846 τάξεων
2407 4781 2805 4852 προερχόμενα
2866 4783 2960 4837 καὶ
3003 4784 3133 4845 τούς
3170 4782 3462 4853 πολεμίους
3537 4781 3675 4852 πρὸς

387 4865 712 4938 συμπλοκὴν
762 4870 1104 4940 ἐρεθίζοντες
1133 4871 1197 4940 ⁸³)
1261 4871 1356 4925 καὶ
1409 4873 1573 4942 μέχρι
1618 4873 1712 4927 δύο
1779 4873 1973 4944 μιλίων
2010 4873 2043 4944 ἢ
2083 4871 2254 4944 τριῶν
2316 4871 2381 4924 τὸ
2431 4870 2684 4925 πλεῖστον
2721 4871 2830 4926 τῶν
2879 4871 3087 4927 λοιπῶν
3114 4873 3414 4943 ταγμάτων
3443 4869 3671 4940 ἀφέξον-

385 4975 497 5025 ται,
526 4960 586 5014 τὸ
617 4960 675 5014 δὲ
710 4961 916 5017 τούτων
952 4964 1214 5020 ἐπέκεινα
1244 4965 1345 5019 οὐκ
1391 4966 1652 5035 ἀσφαλές.
1703 4967 1977 5032 Ὡσαύτως
2015 4967 2074 5022 δὲ
2103 4967 2199 5022 καὶ
2229 4968 2280 5020 οἱ
2318 4964 2756 5036 ὀπισθοφύλακες
2785 4964 2830 4998 ¹δ
2903 4965 3027 5019 δυσὶ
3068 4965 3222 5031 τόξου
3271 4963 3458 5036 βολαῖς
3537 4962 3668 5033 ἀφέ-

1695 5103 1928 5161 VARIxE
1967 5102 2378 5160 LECTIONES.

455 5212 503 5245 ”
531 5212 694 5266 αὐτὸν
746 5213 885 5274 (sic)
917 5213 977 5269 Β.
1081 5218 1129 5250 ⁸⁸
1150 5217 1386 5272 ἕκαστον
1428 5217 1491 5274 Β.

746 5213 885 5285 (sic)
917 5213 977 5269 Β.

1587 5219 1632 5252 ’τ
1663 5220 1968 5281 κανταῦθα,
2011 5219 2156 5273 ἔστιν
2183 5218 2243 5273 Β.
2319 5218 2364 5289 ’ἱ
2392 5214 2532 5289 Earl.
2568 5230 2643 5269 m.
2675 5216 2906 5289 ascript.
2943 5214 3010 5289 ad
3037 5229 3213 5286 marg.
3242 5215 3420 5289 μῆκος
3451 5217 3667 5289 σύμμεο

383 5298 535 5360 ερον.
610 5284 662 5360 ”_
686 5283 818 5360 Ead.
952 5286 1276 5360 ascript.ad
1303 5305 1476 5360 marg.
1497 5290 1660 5352 τόπος
1695 5290 1906 5344 ἱππέων
1939 5292 2033 5344 καὶ
2057 5289 2289 5360 πεζῶνη
2337 5288 2354 5320 ¹
2391 5287 2521 5342 Ead.
2556 5302 2635 5360 tn1
2661 5283 2891 5360 ascript.
2921 5284 2990 5360 ad
3040 5283 3424 5360 lnarg._'edrroc
3457 5283 3663 5360 ξτὲρος.

391 5354 620 5444 Lageam:
651 5354 742 5410 hic
783 5358 1014 5444 quidem.
1039 5354 1117 5412 Βζ
1183 5359 1204 5391 ³
1236 5354 1481 5444 Ead.ntt'i.
1528 5363 1758 5444 ascript.
1803 5362 1869 5414 ad
1904 5376 2078 5444 marg.
2110 5354 2492 5444 Διαλεεμματα
2534 5354 3130 5444 πεξικιξνιέοξγμάταξγο

387 5420 525 5503 βοά.
558 5442 632 5483 tn.
673 5420 1016 5503 ascript._ad
1079 5443 1257 5503 marg.
1289 5430 1599 5503 Διάλειμμα
1650 5420 1968 5503 σύμμετρον
2021 5420 2265 5503 ἱππικῶν
2297 5420 2624 5503 ταγμάτων.

3226 5355 3248 5388 ⁸
3288 5357 3570 5411 κανταῦθα
3604 5359 3666 5417 Β.

2720 5427 2742 5460 ⁸
2766 5429 3027 5498 ήμῄσεως
3057 5441 3204 5498 corr.
3234 5441 3300 5482 ex
3327 5428 3556 5498 ὴμῖσεος
3595 5428 3652 5498 Β.

389 5494 412 5580 ξ
439 5494 959 5580 τεσσαρακοντοστῷ
990 5499 1118 5580 (sed
1138 5494 1230 5553 ντό
1254 5510 1308 5556 et
1335 5494 1491 5580 linea
1511 5494 1889 5580 translo'ssum'
1912 5510 1967 5557 et
1990 5501 2225 5580 punctis
2253 5494 2490 5580 subditis
2525 5494 2892 5580 notatumj'B.
2931 5497 3188 5580 [βουλαῖς
3208 5497 3278 5580 ,Βτ
3335 5494 3660 5580 ’,ἼδεαιροῦΑΒο

388 5563 412 5596 ³
441 5563 874 5642 πλέονξρηιιιπι
1072 5571 1306 5642 έλασσον
1351 5570 1482 5642 ἄχρῖ
1532 5572 1656 5642 (hoc
1710 5587 1856 5627 corr.
1880 5588 1942 5629 cx

391 5638 605 5710 pagina:
636 5637 698 5692 Β.
760 5639 820 5710 ν¹⁶
851 5638 1045 5709 βουλῆς
1070 5641 1131 5696 Β.

2023 5577 2118 5645 ρρὲ
2147 5583 2200 5627 et
2195 5569 2519 5650 _tria'ver_ba
2552 5568 2774 5649 punctis
2804 5568 3043 5650 subditis
3070 5569 3283 5640 notata)
3308 5567 3440 5650 add.
3477 5567 3665 5650 {nilne

1238 5641 1279 5674 “
1314 5639 1610 5713 ὲπέλαττον
1659 5657 1759 5713 pro
1799 5643 1879 5695 ἔτι
1929 5639 2153 5697 ἔλαττον
2195 5643 2258 5697 Β.
2300 5639 2458 5713 Haud
2517 5640 2736 5713 scioan
2768 5639 2951 5713 subsit
3004 5639 3253 5713 lacuna;
3280 5639 3341 5692 τὺ
3375 5640 3478 5708 μὲν
3509 5639 3667 5713 πλέον

391 5706 593 5786 ἄχρι...
620 5706 964 5786 καὶ-ἔλαττον
986 5706 1117 5786 ἄχρι
1153 5711 1309 5786 τόξου
1345 5710 1524 5786 βολῆς,
1542 5706 1690 5786 etc;
1723 5713 1765 5786 ‘_'
1793 5713 2275 5786 παραταττόμενον
2307 5712 2368 5769 Β.
2447 5713 2488 5747 ⁸³
2514 5707 2887 5783 ὲρρεθεζοντες
2915 5709 2978 5767 Β.
3060 5709 3101 5743 ⁸⁸⁵
3120 5708 3256 5765 Ead.
3309 5706 3386 5766 Ini
3438 5709 3662 5782 ascript.

398 5780 464 5833 ad
500 5793 673 5852 marg.
703 5779 1120 5854 Διάλειμμαέπ
1156 5779 1373 5848 εὐθείας
1403 5779 1881 5855 ὀπισθοφυλάκων.
