4036 6300
291 356 423 420 1113

1472 367 1806 427 ΤΛΟΤΙΟΛυ
1848 397 1917 407 —-
1954 375 2361 439 APPENDIX.

3398 392 3537 456 illi

288 470 465 536 ξονται
494 471 535 503 ¹⁵
573 469 665 523 τοῦ
697 473 940 536 τούλδου,
978 473 1063 527 ῖνα
1102 474 1179 545 μὴ
1206 475 1312 528 τῶν
1347 476 1622 547 πολεμίων
1658 482 1721 533 ἐκ
1754 482 1859 534 τῶν
1899 484 2122 540 δπιτϐεν
2154 492 2261 553 τοῖς
2285 492 2785 563 όπισθοφυλακοῦσι
2808 501 3224 568 προσϐαλόντων
3277 508 3324 559 οί
3380 509 3439 562 ὲν
3470 509 3547 561 τῶ

285 564 486 675 τούλδῳ
524 566 1013 675 fartam-5990920..
1085 570 1182 675 Ἢ-
1206 572 1262 625 δὲ
1321 572 1641 675 σύμμετρος
1702 578 1859 644 τόξου
1939 582 2067 655 βολὴ
2104 588 2145 617 ³⁸
2179 587 2418 658 ὀργυιῶν
2470 562 2539 644 ἀν
2600 595 2686 663 είη
2730 562 2965 665 μάλιστα
3018 601 3209 654 ἑκατὸν
3256 562 3548 675 πεντηκονίι

286 660 437 770 ταὲξ,
481 660 592 715 τῶν
640 664 697 717 δὲ
742 665 935 719 ἁπλῶν
986 666 1225 738 ὀργυιῶν
1274 669 1627 741 καλουμένων
1671 674 1868 729 ἑκατὸν
1908 677 2283 752 ἐϐδομήκοντα
2336 686 2627 760 ἔγγισταῆ
2670 660 2743 744 τὸ*
2805 690 3059 747 πλεῖστον
3116 697 3309 751 ἑκατὸν
3367 660 3548 770 όγόο-

287 763 507 829 ὴκοντα.

291 854 793 911 ΚΕΦΑΛ.ΝΓ’.-
847 858 909 955 ῃ
957 858 1075 955 χρὴ
1132 858 1381 955 ποιῆσαι
1434 864 1866 935 πολιορκούμε-

2036 867 2191 924 CAP.
2249 868 2383 926 Llll.
2412 902 2481 912 --
2506 873 2647 941 Quid
2698 877 2767 931 sit
2800 878 2924 934 duci
2952 880 3161 937 obsesso
3196 886 3477 955 agendum.

708 945 820 981 νον
852 929 894 961 ¹⁷
923 929 1032 983 τόν
1071 932 1437 1001 στρατηγόν.

352 1023 767 1095 Πολιορκεῖσθαι
822 1022 879 1075 δὲ
924 1023 1076 1095 παρά
1112 1024 1220 1077 τῶν
1261 1024 1535 1095 πολεμίων
1591 1027 1621 1081 ό
1664 1045 1864 1099 στρατ-

282 1117 416 1187 ηγὸς
444 1114 801 1185 ὑφορώμενος
834 1115 1043 1185 τροφὰς
1083 1118 1190 1187 πρὸ
1218 1117 1437 1171 πάντων
1490 1119 1868 1189 συγκομιζέτω

282 1209 419 1279 πρὸς
439 1208 660 1279 χρονίαν
718 1207 997 1280 ἀρκούσας
1052 1210 1394 1280 πολιορκίαν,
1449 1213 1669 1282 τροφῶν
1707 1214 1761 1267 δὲ
1789 1212 1866 1286 μὴ

280 1302 528 1374 εὐπορῶν
586 1302 786 1356 ἱκανῶν
847 1302 974 1365 τοὺς
1027 1301 1129 1371 μὲν
1172 1302 1419 1368 ἀσθενεῖς
1465 1306 1559 1358 καὶ
1600 1305 1864 1376 γέροντας

282 1392 478 1457 παῖδάς
506 1409 564 1446 τε
604 1392 646 1423 ¹⁸
676 1394 772 1445 καὶ
819 1395 1086 1462 γυναῖκας
1138 1394 1245 1465 πρὸ
1292 1396 1392 1465 τῆς
1436 1395 1544 1449 τῶν
1593 1397 1867 1469 πολεμίων

282 1488 474 1555 ἐφόδου
498 1488 553 1539 ὲν
574 1486 793 1558 ὀχυροῖς
810 1488 904 1541 καὶ
925 1486 1403 1551 ἀνεπιϐουλεύτοις
1426 1491 1869 1560 προεκπεμπέτω

282 1580 509 1652 χωρίοις
535 1596 550 1611 ·
584 1580 682 1634 καὶ
712 1578 818 1649 πρὸ
852 1578 1045 1632 τούτου
1094 1581 1137 1611 ¹⁹
1167 1581 1291 1641 τοὺς
1336 1579 1612 1646 ὑπόπτους
1638 1582 1870 1637 σπουδα-

282 1673 453 1737 ζέτω·
490 1665 610 1725 εἷτα
663 1672 790 1735 τοὺς
825 1670 1185 1734 πιστοτάτους
1212 1675 1331 1737 ταῖς
1365 1674 1466 1745 τῆς
1524 1674 1731 1738 πόλεως
1771 1676 1869 1744 ἐφ-

285 1764 493 1819 ιστάτω
524 1764 745 1830 πύλαις,
774 1764 1023 1834 φύλακάς
1071 1782 1131 1818 τε
1169 1763 1245 1834 μὴ
1284 1768 1408 1830 τοὺς
1440 1766 1637 1829 αὐτοὺς
1670 1767 1727 1821 ἐν
1756 1770 1869 1830 τοῖς

279 1858 467 1921 αὐτοῖς
524 1859 614 1913 ἀεὶ
669 1858 855 1922 τόποις
913 1859 1107 1928 ἐχέτω,
1158 1858 1295 1922 ἀλλ’,
1335 1860 1384 1911 εί
1441 1859 1686 1923 δυνατὸν,
1745 1859 1867 1913 καθ’

279 1950 542 2020 ἑκάστην,
573 1950 623 2003 εἰ
655 1950 699 2003 δ’
717 1944 813 2003 οὖν
847 1950 991 2005 κατὰ
1024 1949 1118 2004 δύο
1165 1950 1197 2022 ἢ
1229 1950 1323 2003 καὶ
1353 1953 1502 2022 τρεῖς
1528 1951 1591 2005 τὸ
1614 1951 1867 2005 πλεῖστον

280 2045 496 2114 ἡμέρας
518 2043 884 2097 έναλλαττέτω
912 2042 1000 2096 διὰ
1028 2042 1127 2114 τὴν
1159 2043 1453 2114 προδοσίαν
1472 2059 1487 2074 ·
1534 2044 1767 2114 μάλιστα
1810 2044 1868 2098 δὲ

280 2139 338 2190 ὲν
371 2139 492 2201 ταῖς
545 2136 848 2208 χειμερίοις
874 2134 970 2189 καὶ
1004 2134 1290 2207 ἀσελήνοις
1323 2134 1354 2207 ἢ
1386 2136 1482 2190 καὶ
1520 2136 1871 2207 ὲορτασίμοις

2039 1020 2154 1078 Dux
2184 1032 2370 1079 autem
2402 1025 2494 1096 qui
2515 1040 2573 1082 se
2601 1027 2670 1082 ab
2707 1028 2956 1086 hostibus
3011 1048 3133 1088 esse
3186 1035 3548 1093 obsidendum

1966 1116 2209 1183 coniicit,
2260 1128 2386 1173 ante
2437 1119 2619 1174 omnia
2650 1120 2853 1176 cibaria
2882 1138 2979 1194 pro
3008 1124 3371 1183 diuturnitate
3400 1131 3550 1186 obsi-

1964 1208 2147 1263 dionis
2178 1222 2502 1279 comparare
2534 1211 2736 1279 debet;
2775 1215 2921 1283 quod
2947 1216 2998 1270 si
3053 1233 3182 1272 vero
3221 1219 3549 1276 cibariorum

1966 1300 2241 1357 sulliciens
2266 1303 2421 1373 copia
2457 1319 2565 1358 non
2615 1316 2889 1376 suppetat,
2934 1307 3204 1375 inlirmos,
3236 1327 3416 1379 senes,
3461 1314 3549 1368 in~

1969 1391 2148 1448 iantes
2192 1402 2245 1449 et
2304 1396 2559 1452 mulieres
2577 1406 2704 1451 ante
2736 1398 2913 1454 hostis
2944 1400 3236 1457 adventum
3274 1405 3327 1459 in
3350 1407 3549 1475 oppida

1965 1486 2215 1557 quaedam
2242 1488 2451 1543 munita
2476 1496 2530 1543 et
2560 1489 2799 1545 hostium
2829 1492 3045 1549 insidiis
3086 1494 3343 1563 impervia
3368 1508 3549 1553 trans-

1967 1581 2145 1636 mittat
2193 1589 2428 1650 oportet,
2505 1590 2562 1637 et
2610 1584 2766 1653 prius
2799 1597 3085 1656 suspectos
3124 1588 3325 1658 ejicere
3362 1601 3547 1658 curet;

1966 1672 2162 1728 deinde
2187 1673 2705 1745 lldelissimiquique
2729 1676 2796 1730 ad
2827 1685 3018 1747 portas
3045 1679 3197 1735 urbis
3215 1682 3546 1739 collocandi:

1967 1763 2268 1819 cavendum
2324 1773 2507 1821 tamen
2534 1781 2602 1821 ne
2643 1767 2801 1822 iidem
2834 1769 3091 1825 custodes
3145 1770 3200 1826 in
3251 1771 3444 1828 iisdem
3477 1774 3553 1829 ιο·

1967 1855 2045 1909 cis
2075 1870 2291 1925 semper
2352 1868 2631 1923 maneant,
2672 1858 2790 1924 sed,
2833 1859 2879 1913 si
2935 1858 3049 1915 ﬁeri
3082 1864 3552 1936 potest,singulis

1970 1947 2185 2012 diebus,
2220 1956 2313 2003 aut
2336 1949 2527 2004 saltem
2547 1960 2665 2019 post
2694 1953 2835 2007 duos
2852 1952 2935 2007 vel
2986 1962 3096 2009 tres
3120 1954 3237 2010 dies
3268 1963 3552 2011 transmu-

1968 2041 2116 2095 tandi
2146 2050 2289 2107 sunt,
2314 2043 2638 2112 proditionis
2660 2058 2824 2100 causa
2858 2062 2873 2101 :
2906 2061 3001 2117 per
3030 2056 3217 2105 noctes
3249 2053 3552 2121 praesertim

1971 2133 2255 2200 hiemales,
2288 2134 2554 2191 obscuras
2576 2146 2669 2192 aut
2693 2136 2918 2195 festivas
2941 2138 3352 2199 ﬁantcustodiae
3384 2160 3551 2216 quam

281 2230 432 2295 νυξὶν
453 2230 868 2299 ἀσφαλεστάτας
912 2230 993 2284 ὅτι
1031 2229 1267 2299 μάλιστα
1318 2227 1579 2282 ποιείσθω
1628 2229 1728 2293 τὰς
1758 2246 1861 2297 φυ-

1969 2227 2204 2286 maxime
2226 2244 2433 2283 securae
2462 2246 2475 2283 :
2512 2229 2565 2283 id
2589 2230 2733 2285 enim
2764 2230 3113 2301 insidiarum,
3143 2236 3547 2321 utylurimum,

278 2323 455 2387 λακάς
476 2340 490 2355 ο
538 2325 567 2378 ὁ
610 2322 722 2393 γὰρ
769 2324 869 2394 τῆς
898 2322 1194 2392 ἐπιϐουλῆς
1236 2320 1429 2393 καιρὸς
1456 2316 1613 2385 οὗτός
1644 2322 1793 2375 ἐστιν
1820 2322 1865 2353 ⁸⁸

283 2419 361 2483 ὡς
418 2419 513 2471 ἐπὶ
578 2418 641 2472 τὸ
693 2416 968 2471 πλεῖστον.
1032 2414 1144 2487 Τὴν
1178 2414 1364 2487 μέντοι
1403 2413 1635 2485 δύναμιν
1664 2416 1721 2468 ὲν
1752 2418 1869 2480 τοῖς

279 2511 726 2585 ὲπιμαχωτέροις
773 2509 883 2565 τῶν
929 2508 1159 2581 τειχέων
1200 2510 1243 2541 ⁸⁸
1304 2507 1735 2579 παρεκτεινέτω,
1767 2508 1865 2561 καὶ

280 2608 452 2676 ἀλλην
486 2606 543 2659 δὲ
591 2604 763 2675 ἐχέτω
799 2603 922 2673 μεθ’
963 2599 1158 2656 ἑαυτοῦ
1194 2602 1289 2657 ἐπὶ
1307 2601 1384 2673 τῷ
1424 2601 1677 2673 βοήθειαν
1714 2600 1869 2672 εὐχει-

287 2698 398 2769 ρῶς
429 2696 693 2769 παρέχειν
723 2697 803 2767 τῷ
834 2696 1097 2767 κάμνοντι
1150 2696 1330 2767 μέρει.
1360 2695 1470 2749 Καὶ
1493 2696 1630 2766 πρὸς
1658 2694 1869 2760 τούτοις

278 2787 348 2842 δι’
371 2787 649 2856 ἀλλαγῖων
671 2787 797 2851 τούς
822 2805 880 2840 τε
922 2787 1139 2858 νύκτωρ
1190 2787 1286 2840 καὶ
1320 2788 1446 2850 τοὺς
1490 2786 1610 2857 μεθ’
1654 2788 1869 2858 ἡμέραν

280 2880 659 2950 πολεμοῦντας
706 2880 1081 2947 διαναπαύειν,
1136 2880 1225 2933 ἵνα
1289 2879 1364 2951 μὴ
1410 2880 1479 2933 δι’
1522 2880 1871 2949 ὀλιγανδρίαν

279 2972 725 3044 ἀναγκαζόμενοι
758 2973 956 3037 τόπους
990 2975 1054 3027 ἐκ
1093 2972 1275 3027 τόπων
1322 2973 1576 3044 ἀμείϐειν
1597 2974 1642 3007 ¹’
1672 2974 1870 3045 ῥαδίως

279 3073 378 3126 ἐπὶ
401 3074 504 3144 τὴν
532 3072 630 3142 τῆς
652 3072 859 3136 πόλεως
889 3071 1137 3144 φυλακὴν
1168 3072 1619 3145 ἀπαγορεύσωσιν
1632 3072 1681 3123 oi
1704 3089 1872 3143 στρα-

279 3166 499 3222 τιῶται.
529 3166 641 3238 Tm
671 3167 726 3219 δὲ
757 3166 1072 3237 πολιορκίας
1104 3166 1415 3237 ἀρχομένης
1454 3165 1579 3239 ἤδη,
1601 3164 1706 3219 κᾶν
1730 3166 1872 3237 τάχα

280 3261 378 3312 καὶ
410 3258 632 3323 πλείους
668 3258 763 3313 καὶ
813 3259 1175 3329 ἀνδρειότεροι
1206 3260 1251 3291 ’³
1283 3256 1640 3329 τυγχάνωσιν,
1684 3259 1732 3311 oi
1772 3273 1871 3310 πο·

280 3351 668 3424 λιορκούμενοι
696 3352 769 3424 μὴ
796 3351 952 3415 ἐκτὸς
981 3351 1206 3421 τειχέων
1253 3349 1687 3420 πολεμείτωσαν,
1712 3349 1761 3401 εί
1797 3349 1872 3419 μὴ

278 3446 391 3515 ἄρα
441 3444 675 3517 μεγίστη
721 3443 1041 3511 κατεπείγει
1072 3441 1118 3474 ’⁵
1167 3442 1381 3510 ἀνάγκη
1420 3441 1515 3493 καὶ
1544 3441 1605 3493 ού
1644 3439 1872 3494 δυνατόν

280 3544 404 3595 ἔστι
436 3541 484 3575 ’⁸
513 3539 639 3602 τοὺς
674 3538 768 3591 ἐπὶ
800 3536 912 3590 τῶν
962 3536 1190 3607 τειχέων
1225 3534 1465 3596 ἑστῶτας
1495 3534 1541 3565 ’⁸
1568 3532 1665 3594 τάς
1698 3549 1868 3603 προσ-

280 3590 567 3705 αγομένας
586 3590 998 3703 ἀποκρούεσθαι
1026 3590 1294 3700 μτηχανάς.
1315 3590 1462 3699 Πρὸς
1490 3590 1703 3691 τούτοις
1743 3590 1866 3699 μηδ’
1896 3590 1942 3652 C

278 3726 536 3797 ἀκαίρως
586 3722 709 3778 κατ’
753 3722 965 3794 ἐχθρῶν
992 3721 1062 3776 τὰ
1106 3720 1234 3794 βέλη
1268 3720 1673 3791 πεμπέτωσανο
1708 3736 1870 3791 περι-

284 3820 558 3891 φρόνησιν
582 3818 691 3889 γὰρ
734 3818 917 3879 αὐτοῖς
967 3816 1188 3886 ἐμποιεῖ
1232 3814 1364 3869 κενὰ
1414 3816 1512 3868 καὶ
1549 3813 1626 3885 μὴ
1670 3812 1870 3883 ὲνεργῆ

277 3913 637 3979 δεικνύμενα.
670 3911 781 3965 Καὶ
806 3911 875 3965 τὰ
901 3908 1273 3978 πλησιάζοντα
1300 3908 1358 3961 δὲ
1391 3909 1504 3971 τοῖς
1532 3906 1633 3979 τῆς
1664 3906 1869 3971 πόλεως

277 4006 523 4078 τείχεσιν
553 4003 871 4058 ὲκκοπτέτω
892 4003 1084 4073 δένδρα
1110 4002 1205 4056 καὶ
1231 4001 1409 4056 πάντα
1439 4001 1868 4072 περιαναιρείτω

280 4100 567 4172 φραγμὸν,
593 4098 668 4161 ὡς
700 4096 767 4152 ἂν
801 4097 941 4169 μήτε
972 4094 1301 4168 κρύπτοιντο
1327 4093 1387 4147 ὲν
1408 4093 1595 4156 αὐτοῖς
1624 4093 1673 4145 oi
1706 4092 1869 4145 πολέ⁹

283 4212 426 4265 μιοι,
466 4194 602 4265 μήτε
632 4192 741 4264 μὴν
788 4192 995 4260 τροφῆς
1026 4187 1225 4241 σπάνιν
1255 4185 1471 4257 ἔχοντες
1499 4187 1615 4249 τοῖς
1666 4186 1731 4238 ὲκ
1763 4184 1873 4239 τῶν

1971 2327 2186 2390 tempus
2221 2338 2235 2387 ;
2269 2322 2456 2391 copias
2501 2322 2568 2377 ad
2601 2337 2886 2379 murorum
2915 2325 3181 2384 debiliora
3214 2328 3334 2383 loca
3363 2329 3554 2385 distri-

1970 2414 2123 2480 buat,
2157 2423 2384 2470 caeteras
2418 2430 2604 2470 secum
2639 2415 2839 2472 habeat
2876 2426 2935 2473 ut
2962 2417 3178 2475 facilius
3229 2421 3437 2477 auxilio
3478 2422 3553 2478 sit

1969 2507 2114 2578 parti
2156 2507 2464 2563 inclinanti.
2496 2506 2768 2564 Praeterea
2793 2524 2890 2567 eos
2920 2511 3013 2581 qui
3048 2522 3213 2569 noctu
3241 2520 3297 2569 et
3331 2529 3424 2571 eos
3457 2503 3551 2586 qui

1970 2601 2063 2655 diu
2112 2608 2493 2672 pugnaverunt
2529 2602 2959 2673 interquiescere
2983 2604 3449 2676 vicissim-faciat,
3485 2623 3553 2665 ne

1970 2702 2190 2763 propter
2220 2693 2462 2749 virorum
2493 2694 2869 2764 indigentiam,
2894 2698 3069 2753 locum
3089 2714 3186 2765 pro
3216 2699 3342 2765 loco,
3368 2709 3555 2758 tenere

1970 2787 2170 2850 coacti,
2235 2788 2389 2844 urbis
2435 2789 2680 2845 custodia
2750 2790 2969 2848 facilius
3016 2793 3294 2851 deﬁciant.
3336 2794 3552 2865 lncepta

1968 2881 2079 2952 jam
2105 2880 2410 2945 obsidione,
2452 2885 2703 2952 quamvis
2740 2884 2880 2940 forte
2938 2885 3125 2955 plures
3154 2895 3207 2942 et
3256 2888 3553 2945 ferociores

1972 2975 2332 3041 sintobsessi,
2373 2984 2526 3030 extra
2560 2979 2758 3034 moenia
2789 2994 2858 3035 ne
2887 2979 3227 3050 praelientur,
3264 2981 3375 3037 nisi
3435 2997 3554 3037 ma-

1973 3070 2119 3124 xima
2160 3078 2351 3140 urgeat
2385 3071 2684 3128 necessitas
2708 3112 2724 3139 ,
2763 3083 2858 3128 aut
2887 3089 2994 3130 non
3023 3075 3096 3131 sit
3151 3076 3416 3147 possibile
3436 3090 3555 3131 ma-

1973 3164 2165 3219 chinas
2213 3164 2384 3219 muris
2434 3166 2719 3222 advolutas
2748 3166 3017 3234 depellere
3044 3167 3177 3239 quin
3225 3168 3362 3224 foris
3398 3183 3557 3225 exea-

1974 3268 2081 3313 tur.
2112 3257 2339 3329 Insuper
2371 3258 2478 3313 tela
2510 3258 2565 3313 in
2595 3259 2782 3315 hostes
2816 3260 3129 3331 importune
3161 3262 3551 3331 nejaciantur:

1974 3358 2347 3420 contemptum
2411 3350 2556 3405 enim
2609 3360 2873 3420 generant
2938 3352 3043 3408 tela
3099 3352 3316 3407 inutilia
3392 3364 3553 3424 atque

1975 3444 2178 3499 inania.
2204 3444 2486 3499 Caedenda:
2511 3456 2693 3500 autem
2739 3447 2968 3503 arbores
3020 3449 3193 3504 muris
3243 3447 3509 3518 proxima:
3537 3488 3553 3514 ,

1976 3546 2030 3592 et
2065 3537 2355 3593 evellenda:
2393 3553 2550 3608 sepos
2572 3555 2935 3611 quaecunque,
2984 3554 3053 3595 ne
3078 3539 3220 3594 inter
3258 3554 3353 3595 eas
3392 3540 3556 3596 lates-

1975 3641 2104 3684 cant
2133 3631 2319 3687 hostes
2352 3630 2799 3686 autcibariorum
2836 3640 3058 3704 egentes
3076 3632 3336 3688 arborum
3367 3630 3579 3689 fructi~

1976 3722 2078 3777 bus
2105 3729 2420 3779 vescantur.
2448 3720 2571 3778 Sint
2632 3721 2895 3777 frumenti
2947 3723 3393 3794 cibariorumque
3437 3739 3558 3780 om-

1977 3813 2129 3869 nium
2159 3821 2212 3868 et
2253 3828 2410 3883 aquae
2443 3814 2629 3882 cellae;
2667 3815 2813 3885 quod
2840 3815 2885 3871 si
2914 3830 3185 3885 aquarum
3225 3824 3321 3869 aut
3357 3824 3556 3886 puteo-

1976 3920 2097 3960 rum
2122 3920 2230 3960 nou
2246 3905 2318 3960 sit
2335 3905 2388 3959 in
2407 3905 2542 3960 urbe
2562 3904 2742 3977 copia,
2764 3906 2985 3962 vasibus
3014 3914 3068 3962 et
3094 3906 3349 3963 cisternis
3369 3888 3556 3978 potum

1926 4028 1934 4034 -
1977 3999 2237 4055 recondat
2278 4016 2293 4052 :
2327 3999 2637 4055 obsidionis
2671 4015 2891 4071 quoque
2945 4008 3191 4070 tempore
3251 4015 3415 4070 parce
3447 4015 3563 4055 me-

1980 4091 2160 4147 tienda
2185 4107 2325 4162 aqua
2377 4101 2711 4162 etperquam
2747 4090 2936 4147 sedulo
2961 4091 3266 4146 carendum
3291 4106 3360 4146 ne
3388 4106 3419 4146 a
3464 4105 3563 4147 va-

1982 4185 2278 4241 lidioribus
2311 4185 2557 4257 rapiatur

279 4286 523 4358 δένδρων
554 4284 785 4353 καρποῖς
811 4280 1226 4352 ἀποτρέφοιντο.
1258 4278 1467 4349 Ταμίαι
1515 4276 1571 4330 δὲ
1598 4275 1695 4330 τοῦ
1722 4275 1870 4330 σίτου
1910 4278 2007 4331 καὶ
2030 4278 2139 4331 τῶν
2168 4278 2269 4333 ἀνά
2298 4280 2398 4349 τὴν
2434 4278 2589 4333 πόλιν
2626 4277 2923 4351 βρωσίμων
2955 4278 3174 4333 πάντων
3243 4278 3338 4332 καὶ⁵
3396 4274 3563 4333 αὐτοῦ

280 4383 349 4455 δὴ
403 4379 502 4434 τοῦ
562 4378 753 4440 ὓδατος
813 4377 1089 4430 ἔστωσαν*
1146 4374 1213 4429 ἃν
1247 4375 1355 4445 ἄρα
1394 4374 1535 4428 κατά
1578 4373 1678 4446 τὴν
1742 4373 1898 4428 πόλιν
1934 4374 2141 4429 ὑδάτων
2166 4374 2200 4444 ἢ
2265 4374 2362 4429 καὶ
2400 4376 2654 4449 φρεάτων
2709 4378 2785 4448 μὴ
2830 4376 2915 4446 εῖη
2942 4376 3215 4447 δαψίλεια,
3254 4376 3483 4446 δοχείοις
3506 4376 3565 4429 δέ

278 4495 393 4531 τισι
426 4475 521 4529 καὶ
553 4474 895 4544 κινστὲρναις
926 4470 985 4525 τὸ
1010 4471 1172 4525 ποτὸν
1200 4470 1565 4543 περικλείοιτο
1587 4488 1601 4501 ο
1633 4471 1731 4541 τῆς
1760 4471 1868 4541 γὰρ
1942 4470 2265 4544 πολιορκίας
2321 4474 2417 4527 ἐπὶ
2466 4472 2720 4527 πλεῖστον
2770 4473 3182 4545 παραταθείσης
3246 4473 3561 4543 ἐπιμετρεῖ-

284 4568 543 4625 σθαι-δεῖ
595 4566 654 4620 τδ
720 4565 864 4636 ὓδωρ
922 4565 1013 4618 καὶ¹
1076 4566 1134 4618 ὲν
1184 4564 1266 4618 ὅτι
1308 4558 1541 4635 πλείστῃ
1599 4561 1872 4633 ἀσφαλείᾳ
1910 4558 2173 4631 εἷναι,ὠς
2211 4563 2276 4619 ἂν
2341 4565 2417 4636 μὴ
2462 4564 2660 4637 ῥᾳδίως
2704 4565 2811 4620 ὑπὸ
2879 4564 2988 4619 τῶν
3026 4565 3395 4638 ἰσχυροτέρων
3467 4565 3564 4636 ἀρ-

282 4665 521 4729 πάζοιτο
545 4663 613 4717 ’⁷.

354 4758 507 4831 Πρὸς
552 4756 735 4826 μέντοι
766 4756 867 4821 τὰς
900 4755 1052 4826 παρά
1100 4752 1210 4807 τῶν
1255 4752 1531 4825 πολεμίων
1584 4753 1866 4823 ἐπαγομέ-

280 4871 380 4915 νας
411 4852 459 4883 ³⁸
488 4852 600 4913 τοῖς
628 4849 833 4920 τείχεσι
859 4847 1110 4919 μηχανὰς
1146 4846 1297 4901 τόνδε
1341 4842 1433 4900 τόν
1484 4846 1686 4918 τρόπον
1738 4845 1870 4900 dwe-

1978 4854 2177 4911 motas,
2202 4845 2310 4900 isto
2339 4843 2715 4900 modoarmari
2744 4849 2962 4912 oportet
2987 4858 3000 4895 :
3026 4839 3093 4896 Et
3120 4840 3340 4912 quidem
3368 4847 3564 4895 contra

278 4943 617 5000 οπλιστέον·
671 4941 816 5014 Πρὸς
867 4941 966 5012 μὲν
1016 4942 1145 5004 τοὺς
1194 4940 1303 4995 ἀπὸ
1357 4939 1466 4992 τῶν
1524 4938 1871 5009 πετροϐόλων

1980 4939 2194 5010 lapides
2225 4935 2631 5006 catapultarum
2665 4946 2770 5003 ope
2794 4931 3054 4998 emissos,
3090 4929 3505 5001 suspendantur
3534 4944 3565 4985 a

280 5037 542 5107 ὀργάνων
580 5036 676 5089 καὶ
702 5033 1001 5088 ὲλεπόλεων
1024 5033 1355 5104 ἀφιεμένους
1390 5034 1434 5065 ²⁹
1459 5032 1645 5097 λίθους
1667 5032 1871 5088 κιλίκια

1983 5042 2269 5086 murorum
2300 5025 2542 5082 externis
2584 5021 3017 5095 propugnaculis
3074 5020 3253 5076 cilicia
3290 5020 3374 5076 vel
3400 5019 3567 5089 pelles

284 5129 401 5183 τῶν
433 5125 816 5200 προμαχώνων
838 5126 882 5158 ³ο
908 5125 1336 5198 ἐκκρεμαννύτω
1363 5123 1459 5179 τοῦ
1488 5123 1702 5196 τείχους
1722 5124 1871 5189 ἐκτὸς

1982 5124 2154 5180 boum
2216 5133 2410 5177 recens
2462 5117 2870 5176 excoriatorum
2919 5123 2982 5172 ut
3046 5116 3105 5172 in
3137 5115 3294 5172 sinus
3349 5111 3569 5169 facilius

283 5222 319 5292 ἢ
346 5202 561 5294 ’βύρσας
602 5219 863 5293 νεοδόρων
903 5217 1042 5291 βοῶν
1074 5218 1212 5289 πρὸς
1232 5218 1293 5273 τὸ
1320 5216 1652 5273 κολποῢσθαι
1674 5218 1871 5282 ταύτας

1985 5224 2273 5281 caventur,
2342 5213 2431 5271 vel
2478 5211 2644 5270 etiam
2709 5210 2859 5283 ligna
2921 5220 3186 5283 tanquam
3232 5208 3341 5265 tela
3397 5207 3569 5265 inter-

1593 5356 1829 5413 νΑειιιλΕ
1889 5348 2304 5413 LECTIONES.

364 5501 411 5533 "
444 5498 732 5567 ἀφίξονται
770 5497 833 5553 Β.
932 5498 973 5531 ’⁸
1015 5496 1149 5553 Ead.
1183 5512 1259 5553 m.
1305 5494 1651 5568 ascriptuad
1684 5509 1855 5565 marg.
1891 5494 2221 5568 ξύμμετρος
2261 5487 2417 5568 τόξου
2454 5485 2642 5568 ,βουλή
2673 5484 2865 5568 τίείο).
2910 5483 3009 5568 L"
3037 5478 3462 5568 πολιορκόμενρν

293 5572 338 5606 η
371 5550 746 5635 πεζάς-,εὶ
773 5550 868 5604 '1.
894 5550 1501 5641 ιςὀτιῗξρδξτὸότοιξ.
1529 5566 1669 5641 Tum
1712 5550 1853 5641 ροςῖ
1885 5550 2169 5641 ύπόπτοιξς
2200 5550 2951 5641 'ngn'dutijiogui‘nndesjt
2983 5550 3219 5641 verbum
3244 5550 3568 5641 re-xpell'gndi

292 5620 1044 5700 notionewinstructum:“‘6
1077 5620 1233 5706 οῐὲὸξ
1264 5620 1417 5695 ἐστὶν
1440 5620 1513 5693 ᾗ.
1540 5620 1561 5622 ἡ
1586 5620 1634 5670 7"
1660 5620 1859 5707 τέίχων
1892 5636 1981 5692 hic
2007 5620 2226 5707 quidem
2402 5620 2825 5707 ξ’βάμοίϐεινᾷβἒ
2895 5627 2943 5661 ’⁸
2968 5620 3568 5707 ἀνδριότεροιὲ..ΤιιΞιι

291 5693 1094 5786 iiééi'jb'yiiiiuiti'audisse
1125 5693 1342 5786 videtur
1365 5693 1886 5786 9i]!97tt0_p)_t05v"‘t€c._
1974 5693 2359 5786 ξδ’κατεπείγη
2401 5693 2645 5786 (διώ-ιι.
2701 5693 3381 5786 ,νινξυνᾳτδγ-ιςςι-ρίλ
3402 5693 3575 5786 {aii-g-

293 5764 501 5848 ταξήξ
523 5764 608 5815 ’Ἥ
636 5764 1059 5865 λᾱὴιᾱτέῑῆέὶιῖ
1074 5764 1383 5865 ήιονιξυὲίοιξί
1422 5764 1609 5865 μῖὲ
1638 5782 1751 5834 haec
1774 5764 2234 5865 verba-leguntur
2266 5764 2527 5865 sip'gulis;
2549 5770 2749 5865 litteris
2779 5771 2947 5865 alterLa
2992 5767 3130 5865 infigi
3158 5766 3382 5822 alteram
3416 5764 3568 5834 posl-

296 5837 416 5912 εἰς’.
454 5837 769 5926 Σημείωσαι
804 5837 1109 5909 rogarem;
1138 5852 1198 5908 τὸ
1231 5837 1449 5925 χωρίονῖ
1528 5850 1573 5885 ’⁸
1596 5848 1929 5923 ἐπιγομένας
1955 5837 2057 5907 1ιῖ
2094 5848 2139 5879 ’⁸
2165 5837 2463 5916 ἁφιμένους
2490 5843 2552 5899 Β.
2671 5843 2717 5874 ³⁰
2751 5840 3048 5913 προμάχων
3080 5837 3119 5890 Β

2047 4754 2249 4809 Contra
2311 4769 2439 4809 vero
2480 4746 2765 4809 machinas
2824 4750 2999 4807 muris
3052 4750 3121 4806 ab
3159 4749 3416 4807 hostibus
3468 4750 3554 4806 ad-
