3968 6308
486 321 626 391 1115

1750 317 2025 379 LEONIS
2055 316 2515 377 PHILOSOPHI

3645 309 3771 375 1116

484 453 630 502 texta
670 444 812 513 (quae
857 440 1089 497 Romani
1120 451 1321 499 vocant
1365 438 1595 513 pontilal
1634 456 1647 492 :
1682 450 1876 493 contra
1923 450 2055 491 vero

2173 435 2363 506 ῥαδίως
2417 434 2449 503 ἢ
2513 434 2646 500 ξύλα
2695 431 3121 504 συνηρμοσμένα
3154 431 3229 495 ὡς
3255 429 3773 500 ῦφασμα(πόντιλα

484 538 717 592 arietum
771 534 915 589 ictus
979 534 1087 589 sub
1140 543 1331 590 coacta
1393 530 1719 588 densissima
1762 537 1857 583 aut
1922 529 2066 582 sacci

483 627 638 698 palea
669 626 751 683 vel
778 639 942 681 arena
974 623 1181 683 referti.
1226 623 1429 679 Contra
1480 622 1783 677 testudines
1810 631 2070 688 parentur

485 720 671 775 trabes
703 718 1024 773 acutissimo
1056 717 1204 773 ferro
1243 716 1559 770 desinentes
1601 728 1726 782 quae
1781 710 1963 765 inﬁxa:
1987 709 2069 763 al-

488 813 596 868 tius
639 828 734 867 eas
788 810 1047 868 facillime
1080 810 1451 875 subvertant;
1501 807 1595 875 pix
1651 820 1871 876 quoque
1904 804 1957 858 in
1990 812 2072 857 te-

482 904 729 962 studines
743 904 991 959 mittatur
1004 903 1085 959 vel
1108 903 1412 974 plumbum,
1428 910 1481 956 et
1499 910 1791 968 utrumque
1812 896 2067 961 bulliens,

478 1001 565 1054 vel
597 998 757 1068 ignis,
793 999 875 1052 vel
908 995 1215 1067 gravissimi
1275 996 1484 1065 lapides
1540 994 1790 1048 machina
1837 991 2065 1047 demissi

486 1101 541 1145 et
566 1089 747 1146 statim
799 1103 1019 1143 sursum
1049 1086 1301 1158 proiecti.
1339 1086 1542 1141 Contra
1565 1084 1745 1140 scalas
1780 1082 1953 1137 muris
1973 1096 2069 1152 op—

481 1185 688 1254 positas
724 1192 777 1237 et
827 1196 924 1236 eos
984 1181 1077 1251 qui
1126 1188 1331 1235 temere
1390 1177 1761 1235 conscendere
1806 1183 2066 1241 tentant,

483 1274 690 1345 lapides
731 1272 841 1329 sint
884 1271 1123 1327 molares
1161 1268 1589 1341 propugnaculis
1638 1267 1932 1337 juneorum
1964 1280 2069 1335 ope

481 1366 685 1438 alligati
710 1374 805 1420 aut
847 1365 989 1435 ligna
1016 1362 1329 1435 gravissimi
1368 1360 1631 1431 ponderis
1659 1359 1915 1415 similiter
1935 1373 2068 1429 pro-

481 1457 803 1530 pugnaculis
839 1457 1083 1527 alligata.
1115 1455 1208 1510 sed
1262 1453 1502 1524 oblique,
1572 1460 1627 1508 et
1664 1452 1754 1521 pix
1781 1460 1837 1505 et
1883 1451 2066 1507 oleum

480 1562 535 1607 et
570 1550 713 1617 telis,
743 1566 860 1619 quae
882 1548 1144 1604 ferventia
1193 1548 1246 1603 in
1298 1548 1477 1603 scalas
1532 1545 1906 1601 eﬂ’undautur.
1959 1542 2067 1598 Sed

483 1653 674 1699 contra
715 1650 898 1696 turres
927 1641 1140 1710 ligneas
1170 1654 1292 1709 qua
1326 1638 1698 1709 cylindrorum
1735 1651 1839 1706 cpe
1895 1636 2069 1690 muris

482 1737 840 1792 admoventur
871 1744 924 1788 et
958 1750 985 1788 a
1014 1733 1226 1789 tacticis
1276 1740 1539 1787 vocantur
1570 1746 1846 1801 mosynes,
1901 1744 2068 1797 expe-

2169 526 2342 581 ταῦτα
2392 528 2656 596 Ῥωμαῖοι
2707 525 2983 592 καλοῦσι),
3040 524 3178 596 πρὸς
3230 525 3289 577 δὲ
3337 523 3441 586 τὰς
3495 522 3615 577 ἀπὸ
3669 522 3775 575 τῶν

2170 621 2344 690 κριῶν
2413 620 2653 691 ἐμϐολὰς
2714 619 2848 673 πῖλα
2907 619 2952 652 ³¹
3020 619 3309 689 παχύτατα
3359 618 3460 671 καὶ
3503 602 3773 679 ’σάκκους

2169 715 2375 786 ἀχύρου
2428 716 2660 783 μεστοὺς
2716 713 2750 784 ἢ
2798 715 2985 784 άμμου
3005 728 3021 743 ο
3050 712 3187 782 πρὸς
3205 711 3263 765 δὲ
3284 712 3387 773 τὰς
3414 710 3774 779 καλουμένας

2170 804 2410 875 χελώνας
2438 805 2531 858 καὶ
2585 804 2776 866 δοκοὺς
2832 800 3290 866 κατασκευαζέτω
3333 802 3469 872 περῖ
3500 802 3563 854 τὸ
3600 802 3774 873 ἄκρον

2168 898 2413 968 ὀξυτὰτῳ
2448 898 2652 968 σιδήρῳ
2692 897 3123 969 ἑστομωμένας’
3180 896 3615 965 ὲμπηγνύμενοι
3667 896 3775 963 γάρ

2168 982 2315 1045 οὗτοι
2347 991 2548 1063 ῥᾳδίως
2574 991 2745 1054 αὑτὰς
2771 990 3139 1063 ἀνατρέπουσι
3161 1003 3177 1018 ⁸
3222 990 3318 1043 καὶ
3346 989 3526 1041 πίσσα
3560 988 3625 1042 δὲ
3654 991 3775 1051 ταῖς

2169 1084 2491 1156 εἰρημέναις
2536 1084 2902 1155 προσαγέσθω
2957 1084 3221 1153 χελώναις
3242 1083 3276 1152 ἥ
3313 1083 3576 1154 μόλιϐδος
3600 1083 3708 1135 καὶ
3731 1083 3775 1113 ³⁸

2168 1178 2338 1249 ἄμφω
2375 1178 2719 1248 καχλάζοντα
2768 1177 2802 1248 ἢ
2853 1177 2966 1247 πῦρ
2995 1176 3028 1248 ἢ
3055 1177 3148 1230 καὶ
3170 1176 3309 1230 λίθοι
3341 1175 3661 1246 βαρύτατοι
3687 1175 3776 1230 διά

2172 1274 2425 1343 μηχανῆς
2449 1270 2762 1341 καθιέμενοι
2794 1269 2888 1325 καὶ
2918 1270 3081 1333 εὐθὺς
3129 1269 3490 1341 ἀνιμὼμενοι.
3531 1269 3689 1337 Πρὸς
3719 1268 3777 1323 δὲ

2166 1365 2267 1428 τὰς
2313 1364 2765 1435 προσφερομένας
2814 1367 2930 1427 τοῖς
2972 1363 3179 1434 τείχεσι
3241 1363 3527 1431 κλίμακας
3582 1360 3623 1432 ἢ
3678 1363 3775 1415 καὶ

2166 1456 2294 1518 τοὺς
2356 1453 2650 1526 προπετῶς
2675 1453 3001 1525 πλησιάζειν
3048 1454 3233 1517 αὐτοῖς
3262 1452 3598 1521 τολμῶντας
3630 1451 3777 1505 λίθοι

2172 1548 2392 1617 μυλικοὶ
2424 1546 2545 1602 καθ’
2577 1546 2811 1602 ἕκαστον
2866 1546 3211 1618 προμαχῶνα
3244 1544 3509 1615 σχοινίοις
3567 1544 3777 1598 ἀποδι-

2167 1640 2382 1711 δεμένοι
2442 1640 2539 1694 καὶ
2594 1638 2728 1707 ξύλα
2777 1637 3060 1708 βαρύτατα
3106 1639 3220 1701 τοῖς
3279 1636 3626 1708 προμαχῶσι
3678 1638 3779 1689 καὶ

2168 1733 2341 1788 ταῦτα
2366 1733 2622 1804 προσδεδε
2632 1732 2768 1803 μένα
2793 1732 3067 1803 ὲγκάρσια
3084 1732 3127 1763 ³³
3151 1731 3244 1783 καὶ
3274 1732 3444 1784 πίσσα
3461 1730 3565 1785 καὶ
3589 1730 3779 1782 acum

481 1831 563 1885 dit
600 1838 821 1897 torques
877 1828 998 1883 illos
1037 1826 1317 1897 paravisse
1367 1826 1459 1895 qui
1513 1824 1773 1893 liquidum
1810 1824 2067 1878 emittunt

2173 1827 2264 1879 xui.
2308 1826 2465 1894 τῆλις
2520 1825 2713 1890 ζέοντα
2742 1824 2921 1878 πάντα
2950 1824 3046 1879 κα)¹
3074 1826 3195 1887 ταῖς
3220 1822 3555 1893 εἰρημέναις
3590 1839 3777 1890 προσ-

482 1925 661 1990 igncm
703 1921 856 1974 illum
889 1934 1052 1988 quem
1084 1919 1250 1988 vulgo
1280 1917 1517 1971 celerem
1555 1918 1838 1969 nominant
1867 1926 1917 1968 et
1949 1915 2067 1969 chi-

480 2014 831 2084 rosiphones,
889 2027 1029 2083 quos
1061 2026 1236 2080 nuper
1270 2008 1605 2079 excogitavit
1638 2006 1839 2062 Nostra
1870 2007 2069 2074 Majes«

484 2116 596 2169 tas,
646 2116 702 2162 et
724 2098 912 2161 turres
935 2111 1199 2176 praeterea
1235 2118 1300 2158 ex
1334 2103 1565 2156 adverso
1591 2101 1876 2165 lateribus,
1902 2100 2068 2169 lignis

484 2194 876 2265 autlapidibus
902 2200 1230 2257 exstructas,
1276 2198 1330 2245 et
1372 2190 1687 2259 quamlith
1703 2190 1982 2243 materiem
2014 2188 2068 2244 in

482 2288 665 2344 medio
688 2296 1066 2358 exaggeratam
1096 2294 1150 2339 et
1166 2283 1348 2339 statim
1372 2269 1907 2337 incensum.‘Contra
1928 2298 2067 2352 quo-

483 2396 594 2452 que
631 2381 873 2436 hostium
920 2379 1241 2436 eﬂ'ossiones
1274 2376 1502 2447 figendas
1528 2376 1802 2446 suspectis
1842 2377 1897 2431 in
1930 2376 2068 2433 locis

482 2474 651 2546 virga:
679 2488 865 2536 aeneae.
908 2480 1007 2527 aut
1037 2470 1360 2541 apponenda
1392 2477 1547 2525 scuta
1592 2470 1674 2523 vel
1706 2482 1834 2524 vasa
1867 2469 2071 2539 pariter

482 2581 634 2623 aenea
659 2581 892 2635 quorum
918 2566 1151 2634 strepitu
1191 2572 1423 2635 pateant
1453 2560 1780 2617 eﬂ‘ossiones
1806 2580 1821 2629 ;
1856 2569 2071 2631 oportet

479 2660 651 2716 etiam
704 2674 869 2730 quam
916 2656 1407 2730 profundissimam
1454 2654 1658 2711 fossam
1705 2665 1835 2712 ante
1879 2671 2071 2712 muros

484 2748 688 2820 aperiri
706 2759 766 2804 ut
782 2758 1002 2821 pateant
1028 2749 1213 2803 hostes
1242 2746 1586 2801 effodientes.
1616 2745 1658 2799 E
1685 2745 1909 2821 regione
1936 2760 2073 2813 quo-

483 2858 593 2913 que
618 2851 705 2899 est
729 2852 784 2898 et
805 2840 1173 2897 eﬂodiendum
1200 2848 1255 2895 et
1276 2839 1699 2895 occurrentibus
1729 2837 2070 2908 implendum

485 2933 696 2989 dolium
741 2932 866 3002 pilis
914 2941 1008 2987 aut
1051 2930 1277 3002 plumis,
1314 2939 1370 2986 et
1404 2930 1530 3001 igne
1565 2930 1814 2985 immisso
1840 2945 1903 2985 os
1939 2928 2071 2987 dolii

486 3040 593 3081 tere
625 3025 694 3081 ad
717 3086 720 3091 λ
745 3025 920 3083 instar
960 3024 1129 3080 cribri
1166 3023 1443 3094 perforato
1492 3023 1855 3078 ohtnrandum
1915 3032 1969 3078 et
2002 3022 2071 3077 ad

2166 1918 2403 1990 χεόμενα
2433 1918 2477 1949 ³⁸
2512 1918 2736 1987 κλίμαξι
2758 1933 2772 1947 ·
2798 1920 2935 1991 πρὸς
2968 1920 3153 1987 μέντοι
3183 1916 3309 1979 τοὺς
3336 1914 3426 1969 διὰ
3456 1915 3779 1986 κυλίνδρων

2166 2014 2280 2073 τοῖς
2304 2011 2508 2081 τείχεσι
2542 2010 2990 2082 προσαγομένους
3022 2007 3265 2075 ξυλίνους
3296 2006 3570 2076 πύργους,
3593 2006 3697 2071 οὓς
3725 2010 3777 2060 οί

2168 2103 2421 2159 τακτικοὶ
2452 2104 2688 2174 μόσυνας
2711 2103 3058 2174 ὀνομάζουσι,
3090 2099 3361 2153 λυσιτελεῖ
3401 2102 3471 2153 τὰ
3510 2102 3778 2172 στρεπτὰ

2170 2197 2487 2265 καλούμενα
2510 2195 2577 2251 τὰ
2606 2195 2697 2249 διὰ
2733 2194 2981 2266 μηχανῆς
3029 2193 3091 2248 τὸ
3140 2192 3308 2264 ὑγρὸν
3338 2191 3647 2269 πέμποντα
3672 2192 3777 2259 δηο

2168 2288 2303 2357 λαδὴ
2331 2287 2441 2359 πῦρ
2464 2287 2533 2352 ³³,
2564 2286 2593 2339 ὃ
2648 2286 2711 2359 δὴ
2763 2285 2860 2339 καὶ
2918 2284 3174 2357 λαμπρὸν
3202 2283 3357 2354 παρὰ
3388 2286 3506 2345 τοῖς
3544 2282 3779 2348 πολλοῖς

2168 2381 2516 2451 ὀνομάζεται,
2558 2380 2659 2435 καὶ
2679 2379 2746 2433 τὰ
2772 2378 3039 2450 λεγόμενα
3068 2378 3455 2449 χειροσίφωνα,
3490 2377 3647 2448 ᾇπερ
3675 2377 3780 2431 νῦν

2169 2476 2203 2546 ἡ
2233 2474 2483 2545 βασιλεία
2515 2473 2673 2545 ἡμῶν
2700 2472 2987 2541 ιπενόησε,
3015 2472 3111 2525 καὶ
3143 2470 3348 2541 πύργοι
3378 2471 3520 2543 πρὸς
3552 2472 3782 2534 τούτοις

2170 2569 2219 2622 οἱ
2254 2567 2543 2621 κατέναντι
2599 2565 2779 2625 αὐτῶν
2831 2564 3130 2635 ὑψούμενοι
3156 2563 3331 2628 λίθοις
3370 2564 3405 2635 ἢ
3453 2563 3711 2630 πλίνθοις
3740 2566 3779 2636 ἦ

2173 2657 2373 2724 ξύλοις,
2410 2656 2506 2710 καὶ
2552 2655 2652 2726 ῦλη
2707 2653 2944 2708 παντοία
2991 2656 3051 2708 ὲν
3091 2652 3168 2723 τῷ
3198 2651 3404 2724 μεταξὺ
3435 2654 3601 2724 τόπῳ
3630 2670 3780 2724 συμ-

2173 2748 2475 2819 φορηθεῖσα
2509 2746 2604 2799 καὶ
2640 2744 2781 2817 μετὰ
2825 2744 3026 2815 μικρὸν
3063 2743 3359 2814 ἱξαφθεῖσα
3386 2758 3400 2773 ·
3429 2742 3577 2815 πρὸς
3611 2743 3674 2797 δὲ
3704 2744 3783 2799 τά

2174 2842 2323 2914 παρὰ
2346 2841 2453 2895 τῶν
2482 2839 2759 2911 πολεμίων
2809 2838 3104 2912 ὀρύγματα
3140 2838 3373 2909 ῥάϐδους
3400 2838 3625 2909 χαλκᾶς
3647 2840 3694 2872 ⁸¹
3715 2841 3783 2894 ὲν

2171 2936 2287 2995 τοῖς
2316 2931 2580 2996 ὑπόπτοις
2634 2932 2741 3002 χρὴ
2798 2932 3179 3002 καταπήσσειν
3221 2931 3429 2995 τόποις,
3467 2930 3784 3003 ἢάσπίδας

2173 3023 2428 3086 τοιαύτας
2454 3022 2484 3091 ἦ
2515 3022 2744 3084 πυέλους
2769 3019 3074 3077 ἐπιτιθέναι
3092 3039 3106 3052 ⁸
3132 3019 3342 3092 φανερὰ
3368 3022 3481 3091 γὰρ
3511 3022 3669 3076 οὕτω
3686 3022 3782 3076 διὰ

488 3117 675 3173 hostes
699 3116 1021 3191 vertendum
1044 3125 1099 3171 et
1122 3116 1253 3171 dolii
1275 3115 1445 3169 fundo
1473 3115 1750 3185 perforato
1778 3115 2072 3170 continuos

2175 3114 2272 3170 τοῦ
2303 3114 2514 3168 κτύπου
2557 3114 2628 3167 τὰ
2678 3112 2971 3184 ὀρύγματα
3000 3112 3155 3168 ἔσται
3175 3128 3193 3144 ·
3234 3114 3335 3167 καὶ
3369 3114 3590 3185 τάφρον
3614 3115 3677 3169 δὲ
3698 3115 3785 3170 δεῖ

485 3216 745 3278 tanquam
784 3207 921 3263 fabri
968 3207 1223 3262 machina
1274 3204 1436 3261 ﬂatus
1485 3204 1873 3270 excitandum;
1910 3203 2071 3260 facile

486 3302 690 3359 etenim
726 3302 777 3356 vi
811 3301 944 3356 fumi
978 3316 1009 3357 e
1043 3301 1166 3377 pilis
1212 3301 1325 3356 nati
1362 3302 1547 3356 hostes
1581 3315 1613 3355 a
1658 3309 1871 3355 secreta
1907 3297 2072 3355 cﬂ‘os—

488 3394 647 3451 sione
676 3394 1131 3465 prohibebuntur.
1164 3393 1430 3449 Praeterea
1469 3407 1697 3449 necesse
1751 3402 1835 3448 est
1862 3406 1958 3462 per
1992 3391 2072 3447 fe-

491 3497 706 3543 nestras
732 3486 896 3558 vulgo
926 3487 1141 3555 ignotas
1170 3485 1451 3555 inopinato
1480 3484 1535 3538 in
1564 3481 2075 3539 machinasirruere

488 3590 614 3632 eum
666 3576 905 3631 maxima
967 3575 1185 3646 urgebit
1231 3574 1553 3639 necessitas,
1600 3584 1697 3629 aut
1724 3573 1834 3629 alio
1874 3572 2073 3644 quovis

490 3669 654 3724 modo
674 3678 733 3724 ut
760 3667 1255 3738 suadebuntcopiae
1283 3675 1377 3722 aut
1406 3675 1563 3740 coget
1590 3665 2075 3723 necessitasbosti-

492 3761 603 3839 bus,
619 3777 680 3817 se
717 3777 1015 3834 opponere.
1294 3794 1296 3797 -
1938 3774 1941 3775 '

2177 3207 2287 3278 πρό
2313 3205 2424 3260 τῶν
2454 3205 2651 3275 τειχῶν
2681 3204 2991 3276 βαθυτάτην
3037 3205 3317 3275 ὀρύττειν·
3354 3208 3452 3260 καὶ
3472 3207 3632 3262 οὕτω
3667 3210 3783 3279 γὰρ

2174 3302 2512 3369 καταφανεῖς
2566 3300 2615 3352 οί
2673 3299 2744 3352 τὰ
2814 3298 3107 3370 ὀρύγματα
3166 3297 3452 3363 ποιοῦντες
3508 3299 3781 3371 πολέμιοι

2175 3392 2412 3448 ἔσονται.
2443 3394 2537 3445 Δεῖ
2585 3391 2644 3446 δὲ
2683 3392 2779 3446 καὶ
2809 3390 3163 3462 άντορύττειν
3201 3393 3298 3446 καὶ
3336 3392 3783 3465 ὑπαντήσαντες

2177 3486 2337 3541 πίθον
2363 3484 2528 3547 εὐθὺς
2554 3484 2727 3537 πίλων
2752 3482 2785 3553 ἢ
2810 3483 3029 3557 πτερῶν
3050 3484 3346 3555 ιὲμπλῆσαι
3373 3485 3470 3540 καὶ
3512 3484 3636 3558 πῦρ
3673 3488 3752 3557 ἐμ
3772 3515 3784 3522 -

2182 3578 2370 3635 ϐαλεῖν
2402 3577 2552 3649 αύτῷ
2572 3577 2669 3630 καὶ
2717 3577 2780 3630 τὸ
2842 3575 2943 3647 μὲν
2992 3578 3169 3648 στόμα
3198 3576 3387 3650 χαλκῷ
3420 3595 3781 3649 κατατετρη-

2187 3671 2335 3743 μένφ
2364 3669 2619 3724 κοσκίνου
2649 3668 2808 3740 δίκην
2830 3667 3092 3738 ἀσφαλῶς
3118 3670 3580 3740 περικλείσαντας
3609 3671 3783 3726 τοῦτο

2191 3762 2290 3835 μὲν
2342 3763 2419 3827 ὡς
2469 3763 2608 3835 πρὸς
2656 3762 2781 3826 τοὺς
2818 3761 3111 3833 πολεμίους
3162 3762 3383 3835 τρέψαι,
3424 3761 3522 3816 τὸν
3564 3764 3625 3818 δὲ
3676 3763 3780 3818 τοῦ

491 3855 652 3910 πίθου
679 3854 931 3927 πυθμένα
978 3856 1023 3893 ³⁷
1074 3853 1476 3928 διατρήσαντας
1507 3855 1651 3910 οὕτω
1676 3855 1742 3927 δὴ
1767 3855 1953 3910 λοιπδν
1980 3855 2070 3911 διὰ
2111 3855 2385 3927 μηχανῆς,
2409 3856 2487 3919 ὡς
2518 3856 2568 3909 oi
2596 3854 2843 3926 χαλκεῖς,
2870 3853 3048 3922 φύσας
3108 3856 3351 3927 συνεχῶς
3397 3857 3775 3927 προσφέρειν⁶

495 3949 673 4019 ῥᾷστα
693 3948 804 4019 γὰρ
827 3948 913 4002 διὰ
951 3948 1050 4019 τὴν
1071 3948 1137 4002 ἐκ
1161 3948 1258 4002 τοῦ
1288 3947 1497 4003 καπνοῦ
1531 3949 1639 4003 τῶν
1677 3947 1851 4003 πίλων
1875 3947 2188 4019 δριμύτητα
2203 3946 2249 3983 ³⁸
2279 3947 2328 4000 οῖ
2364 3945 2612 4014 πολέμιοι
2645 3943 2934 4013 φεύξονται
2997 3942 3094 3998 τοῦ
3167 3944 3422 4014 ὀρύσσειν
3489 3947 3773 4002 ἐπιλαθό-

496 4058 670 4113 μενοι.
731 4042 823 4094 Δεῖ
875 4041 935 4095 δὲ
977 4041 1113 4112 πρὸς
1156 4040 1366 4105 τούτοις
1414 4042 1511 4096 καί⁸
1554 4041 1644 4096 διὰ
1680 4042 1921 4095 πυλίδων
1954 4043 2066 4104 τοῖς
2106 4038 2319 4101 πολλοῖς
2368 4036 2659 4105 ἀγνώστων
2696 4035 3117 4107 ἀπροσδοκήτως
3146 4039 3266 4100 ταῖς
3305 4044 3581 4109 μηχαναξ
3648 4043 3783 4097 ἔπι-

492 4135 735 4190 τίθεσθαι
773 4135 1038 4207 μεγίστης
1083 4137 1437 4208 ἐπικειμένης
1488 4137 1733 4207 ἀνάγκης
1795 4137 1829 4207 ἢ
1890 4135 1988 4189 καὶ
2049 4121 2254 4207 τρόπον
2291 4132 2482 4202 ἕτερον
2538 4134 2653 4196 τοῖς
2693 4132 2976 4203 πολεμίοις
3025 4132 3540 4200 ἀντικαθίστασθαι,
3602 4133 3687 4199 ὡς
3739 4138 3776 4207 ἡ

490 4227 724 4299 δύναμις
751 4229 979 4283 ἀηταιτεῖ
996 4228 1198 4300 δηλαδὴ
1226 4229 1319 4287 καὶ
1352 4231 1386 4300 ή
1412 4229 1575 4302 χρεία
1597 4228 1927 4299 παρακαλεῖ.

564 4338 719 4394 CAP.
782 4338 917 4395 LIV.
938 4371 1010 4380 —
1037 4340 1177 4407 Quid
1212 4338 1500 4412 farietdux
1524 4342 1697 4398 hostes
1727 4341 1999 4397 obsidens.

2182 4333 2437 4389 ΚΕΦΑΛ.
2472 4330 2593 4385 NA’.
2660 4364 2729 4372 -—
2800 4332 2861 4385 Τί
2923 4330 3166 4398 ποιήσει
3212 4329 3558 4399 πολιορκῶν
3623 4336 3777 4403 τοὺς

2576 4404 2904 4469 πολεμίους
2941 4405 2974 4455 ό
3006 4403 3364 4469 στρατηγός.

568 4499 709 4560 Ante
736 4498 924 4557 omnis
953 4508 1173 4571 oportet
1212 4501 1402 4556 ducem
1454 4502 1796 4558 obsidentem
1847 4502 2072 4558 remissa

2251 4496 2356 4549 Τὸν
2402 4495 2793 4564 πολιορκονντα
2837 4494 2919 4548 δεῖ
2962 4494 3269 4565 στρατηγὸν
3322 4492 3517 4565 πρῶτα
3566 4496 3673 4565 μὲν
3711 4497 3774 4550 τὺ

497 4592 815 4649 omnimode
844 4592 1161 4646 confirmari
1230 4600 1305 4657 et,
1351 4593 1511 4647 sicuti
1575 4594 1755 4664 capite
1815 4594 2079 4664 vigesimo

499 4684 742 4745 secundo
761 4684 945 4752 posuit
978 4684 1177 4743 Nostra
1206 4684 1484 4751 Maiestas,
1516 4686 1815 4741 concedere
1849 4687 1920 4741 ab
1944 4686 2080 4741 urbe

497 4778 566 4834 ad
605 4778 716 4837 duo
766 4790 829 4838 ut
869 4779 1107 4835 maxime
1157 4778 1429 4844 milliaria,
1481 4778 1767 4834 minimum
1800 4790 1980 4834 autem
2012 4780 2097 4839 ad,

499 4884 625 4929 octo
646 4873 820 4928 stadia
851 4890 865 4926 :
891 4887 1107 4942 semper
1140 4871 1286 4927 enim
1318 4871 1683 4929 terribiliores
1709 4872 2075 4939 obsidentium

500 4966 673 5036 copiae
698 4984 727 5018 a
761 4965 922 5035 longe
944 4965 1513 5032 conspectabostibus
1542 4966 1817 5034 videntur,
1854 4974 1910 5022 et
1940 4983 2079 5036 prac-

502 5055 692 5110 sertirn
720 5069 789 5108 lle
817 5053 1138 5109 deturbetur
1186 5055 1275 5109 illa
1326 5055 1602 5111 exercitus
1649 5071 1777 5125 pars
1825 5071 1951 5126 qua:
1988 5072 2079 5113 re-

501 5145 786 5217 quiescere
838 5146 1074 5203 obtinuit
1125 5165 1140 5201 :
1194 5147 1397 5202 milites
1460 5163 1491 5203 e
1550 5146 1866 5205 fortissimis
1914 5164 2077 5220 quam

504 5239 751 5309 proxime
802 5240 867 5293 ad
900 5239 1089 5293 urbem
1115 5239 1418 5295 collocandi
1479 5241 1545 5294 ad
1591 5241 1964 5305 obsistendum
1990 5259 2078 5301 re-

505 5330 743 5401 pentinis
776 5331 1015 5385 hostium
1050 5331 1389 5396 incursibus,
1423 5332 1661 5388 maxime
1701 5350 1830 5389 vero
1862 5335 2080 5405 prandii

506 5436 775 5492 tempore.
816 5424 1105 5478 Exercitus
1151 5422 1205 5477 in
1248 5434 1434 5492 partes
1485 5424 1763 5480 dividatur
1795 5435 1850 5482 et
1884 5427 2081 5497 cuique

508 5515 647 5585 parti
684 5530 782 5577 sua
805 5516 1156 5588 assignentur
1181 5512 1380 5579 adicis,
1410 5529 1480 5571 ne
1500 5530 1691 5573 omnes
1732 5518 1891 5574 simul
1920 5519 2082 5573 dimi-

2176 4587 2454 4657 ἄπληκτον
2498 4587 2769 4650 παντοίως
2822 4585 3283 4655 ὲξασφαλίζεσθαι
3341 4585 3433 4638 καὶ
3482 4588 3676 4643 ὁποῖον
3714 4592 3775 4643 ὲν

2176 4679 2254 4750 τῷ
2292 4677 2376 4739 κε’
2412 4679 2694 4750 κεφαλαίῳ
2724 4680 2761 4750 ἡ
2791 4678 3036 4749 βασιλεία
3060 4677 3218 4750 ἡμῶν
3242 4678 3527 4743 διετάξατο
3551 4681 3773 4736 ἀποκα-

2178 4771 2370 4843 θιστᾷν
2419 4772 2596 4843 διέχον
2637 4771 2738 4843 τῆς
2786 4771 2997 4834 πόλεως
3049 4772 3172 4827 δυσὶ
3223 4770 3459 4843 μάλιστα
3498 4773 3705 4843 μιλίοις
3736 4775 3770 4845 ἢ

2178 4862 2327 4921 ὀκτὼ
2367 4864 2607 4928 σταδίοις
2627 4865 3011 4936 τούλάχιστον*
3056 4863 3409 4938 φοϐερώτερα
3434 4865 3547 4935 γὰρ
3582 4867 3679 4920 ἀεὶ
3704 4866 3773 4923 τά

2177 4961 2289 5016 τῶν
2353 4958 2787 5031 πολιορκούντων
2847 4960 2962 5022 τοῖς
3019 4959 3302 5029 πολεμίοις
3341 4956 3492 5012 δοκεῖ
3520 4958 3771 5028 id;qu

2181 5053 2564 5123 καθορώμενα,
2595 5051 2775 5116 ἄλλως
2826 5070 2887 5106 τε
2947 5052 3039 5106 καὶ
3060 5052 3145 5105 ἵνα
3172 5052 3247 5120 μὴ
3284 5050 3533 5120 ἀκαίρως
3560 5052 3625 5104 ἐν
3650 5053 3770 5113 ταῖς

2182 5144 2512 5217 προσϐολαῖς
2561 5144 2860 5215 θορυϐῆται
2910 5143 2953 5179 ³’
2995 5144 3057 5196 τὸ
3103 5141 3541 5197 διαναπαύεσθαι
3600 5140 3769 5212 λαχὸν

2183 5239 2497 5309 στράτευμα
2517 5235 2889 5307 ’ζστρατιώτας
2910 5235 2968 5290 δὲ
2990 5235 3098 5289 τῶν
3111 5234 3508 5305 ἀνδρειοτάτων
3534 5233 3767 5303 ἔγγιστα

2180 5334 2281 5401 τῆς
2314 5331 2520 5393 πόλεως
2556 5329 2755 5400 μᾶλλον
2798 5328 3026 5398 ὲφιστᾷν
3081 5328 3177 5380 ἐπὶ
3222 5326 3302 5397 τῷ
3329 5325 3427 5390 τὰς
3452 5326 3603 5397 παρὰ
3657 5326 3767 5381 τῶν

2184 5430 2395 5501 ἐχθρῶν
2425 5429 2721 5499 αἰφνιδίους
2762 5427 2810 5459 δ’
2842 5426 3079 5481 κωλύειν
3123 5426 3424 5496 ἐπιδρομὰς
3472 5426 3570 5481 καὶ
3604 5426 3764 5495 μάλι-

2188 5542 2290 5578 στα
2332 5524 2463 5593 περλ⁵
2516 5522 2680 5586 αὐτὸν
2735 5521 2827 5575 τὸν
2872 5519 2968 5574 τοῦ
3020 5519 3244 5590 ἀρίστου
3289 5521 3516 5592 καιρόν·
3557 5521 3663 5593 τὴν
3705 5519 3763 5573 δὶ

1794 5632 2025 5690 VARI/1'3
2066 5634 2469 5694 LECTIONES.

584 5721 628 5754 ³¹
653 5721 794 5804 iulia
826 5723 888 5804 Bn.
967 5725 1026 5804 '1
1042 5726 1136 5804 καὶ
1155 5725 1447 5804 delendum
1465 5726 1701 5804 videtur.
1765 5726 2153 5804 _”_&ey_>§dtpota
2188 5730 2246 5804 Β.
2324 5732 2372 5804 ’f
2408 5731 2749 5804 προχεόμενα
2770 5731 2831 5789 Β.

2950 5732 2994 5765 τι
3029 5731 3221 5803 πυρῶν
3249 5694 3310 5788 Β.
3389 5730 3435 5765 ιι
3459 5729 3666 5802 lana.-
3697 5730 3758 5785 ιι.

513 5792 557 5827 ³⁷
586 5791 822 5864 πιθμένα
851 5795 905 5851 Β.
984 5798 1028 5829 ³⁸
1059 5796 1376 5870 δρυμύτητα
1413 5798 1472 5851 Β.
1549 5798 1592 5831 ⁸⁸
1623 5791 2006 5869 θορυϐεῖταιιί.
2028 5791 2040 5800 ’
2078 5802 2124 5835 δ’
2158 5791 2471 5872 αίφνηδίους
2506 5791 2565 5858 9.
