4036 6300
177 310 354 381 1117
1399 321 1732 380 TACTJCA.
1763 346 1771 354 ·

1909 322 2262 388 ΡΡΕΝΒΙΧ.
3371 316 3427 383 11
3444 316 3503 383 13

172 428 488 497 στρατιὰν
544 428 623 491 εἰς
657 429 891 498 ἀλλάγια
941 429 1313 500 καταμερίσαι
1353 428 1571 500 ἑκάστῳ
1603 446 1661 481 τε
1711 430 1766 483 τό

1918 444 2125 492 cantes.
2152 435 2220 497 ab
2286 434 2572 490 obsidione
2621 433 2902 490 lassentur
2944 427 3175 489 facilius.
3236 433 3497 504 Maiorem

167 536 383 589 γμοιτι
420 520 520 592 τὴν
568 523 780 578 οἰκείαν
810 523 1074 587 ἀποτάξαι
1127 522 1338 594 χρείαν,
1369 521 1444 586 ὡς
1491 521 1557 576 ἂν
1590 523 1664 592 μὴ
1698 523 1761 575 ἀτ

1914 527 2195 581 exercitus
2247 542 2433 581 secum
2499 528 2706 582 habens
2745 539 2962 598 partem
3023 529 3130 583 dux
3167 528 3282 597 ipse
3338 537 3499 582 noctu

173 612 340 682 μιᾶς
384 613 758 684 πολεμοῦντες
808 615 1009 679 πάντες
1041 615 1240 686 ῥᾳδίως
1289 614 1428 686 πρὸς
1458 614 1558 684 τὴν
1588 616 1767 686 πολιορ

1909 616 2114 687 diuque
2169 618 2413 674 vicissim
2492 621 2611 675 sine
2661 621 3071 676 intermissione
3128 621 3411 689 impetum,
3448 627 3503 673 ct

172 702 327 760 κίαν
360 706 818 778 ἀπαγορεύσωσι.
855 709 1097 779 Στραε-ὸν
1125 707 1182 762 δὲ
1232 707 1331 761 σὺν
1357 707 1506 778 αύτῷ
1553 708 1766 761 πλεῖστα

1909 711 1962 764 in
1986 711 2176 781 primis
2210 726 2307 781 per
2366 723 2585 767 noctem
2645 715 2830 779 faciat,
2881 730 2946 768 eo
3001 713 3211 768 scilicet
3262 721 3503 782 tempore

166 795 203 849 ὁ
232 797 579 868 στρατηγὸς
605 797 744 868 ἔχων
775 800 872 853 καὶ
901 803 1116 870 νύκτωρ
1134 799 1230 853 καὶ
1260 798 1382 870 μεθ’
1416 800 1633 870 ἡμέραν
1665 817 1760 852 κατ

1908 819 2019 874 quo
2053 804 2417 863 terribiliores
2480 807 2724 862 obsessis
2769 807 3022 861 videntur
3071 806 3453 876 aggressioues
3483 845 3500 874 ,

167 885 474 961 διαδοχὴν
510 889 806 956 ἀπαύστως
837 891 1064 945 ποιείτω
1097 891 1195 955 τὰς
1228 891 1536 964 προσϐολὰς
1568 892 1663 946 καὶ
1701 893 1761 962 μὲ

1909 897 2179 966 praecipue
2211 899 2379 952 etiam
2417 906 2474 953 ut
2502 899 2784 955 continuis
2834 900 3130 969 impetibus
3221 898 3452 954 lacessiti
3487 939 3501 964 ,

169 977 368 1032 λιστα
401 981 466 1033 ὲν
492 981 671 1049 νυκτὶ,
701 983 788 1035 ὅτε
819 983 882 1054 δὴ
910 984 1003 1037 καὶ
1037 985 1092 1037 αἱ
1121 983 1409 1054 ἐπιδρομαὶ
1437 983 1578 1038 κατά
1605 983 1737 1036 πολὺ
1762 1001 1763 1006 η

1910 987 2368 1058 remissionisque
2409 997 2627 1058 tempus
2658 1007 2768 1046 non
2807 992 3072 1046 habentes
3130 999 3185 1047 et
3220 991 3503 1046 laboribus

171 1069 596 1144 φοϐερώτεραι
637 1077 749 1139 τοῖς
800 1074 1282 1153 πολιορκουμένοις
1319 1075 1586 1141 δοκοῦσιν,
1634 1076 1765 1130 ἄλλο

1907 1090 1963 1136 et
2013 1082 2212 1152 vigiliis
2249 1082 2406 1136 fracti
2462 1085 2650 1138 urbem
2715 1085 2899 1140 hostes
2948 1093 3003 1140 et
3031 1086 3244 1153 seipsos
3281 1085 3500 1140 facilius

168 1180 243 1216 τε
274 1168 395 1220 καὶ
439 1168 543 1222 ὑπὸ
571 1167 681 1223 τῶν
734 1168 974 1239 συνεχῶν
1006 1168 1320 1239 προσὸολῶν
1350 1169 1588 1232 ἀνέσεως
1618 1168 1762 1238 καιρὶ

1909 1174 2131 1230 dedant.
2180 1173 2466 1246 Optimum
2505 1192 2634 1231 vero
2686 1186 2771 1231 est
2803 1178 2856 1232 in
2918 1177 3296 1233 obsidionibus
3341 1194 3503 1232 omne

172 1258 268 1330 μὴ
297 1258 538 1329 ἔχοντες
562 1262 611 1314 οἱ
631 1261 880 1332 πολέμιοι
912 1261 1007 1315 καὶ
1036 1263 1125 1316 διά
1154 1260 1312 1315 τοῦτο
1341 1261 1445 1314 ὑπὸ
1473 1279 1534 1314 τε
1560 1261 1766 1316 κόπωνί

1909 1267 2291 1321 machinarum
2323 1284 2496 1340 genus
2543 1270 2832 1324 adhibere.
2898 1268 3182 1340 Sagittai-ii
3212 1271 3398 1340 itaque
3439 1279 3496 1324 et

173 1351 302 1404 ὑπό
349 1369 420 1404 τε
459 1352 768 1424 ἀγρυπνίας
793 1353 1254 1424 κατειργασμένοι
1288 1355 1462 1425 ῥᾷστα
1493 1353 1558 1407 ἂν
1590 1355 1681 1406 καὶ
1711 1352 1767 1423 τί

1905 1358 2239 1430 jaculatores
2275 1360 2328 1413 in
2371 1362 2910 1430 propugnaculorum
2967 1363 3224 1419 custodes
3255 1364 3497 1418 telorum

175 1441 364 1496 πῦλιν
393 1445 496 1498 καὶ
516 1445 654 1513 σφᾶς
687 1444 888 1508 αὐτοὺς
913 1445 1223 1516 παραδοῖεν.
1259 1446 1514 1516 Ἀριστον
1535 1445 1590 1498 δὲ
1611 1446 1667 1498 ὲν
1696 1462 1769 1498 re:

1910 1447 2140 1504 imbrem
2183 1451 2507 1515 immittam,
2558 1454 2754 1507 arietes
2791 1468 3010 1523 quoque
3050 1469 3238 1509 muros
3281 1453 3498 1514 feriant.

175 1536 465 1608 χομαχίςι
509 1536 570 1589 τὺ
612 1537 793 1590 πᾶσαν
820 1537 955 1608 ὁμοῦ
985 1538 1317 1609 προσφέρειν
1344 1540 1621 1609 μηχανήν·
1660 1539 1717 1590 οἵ
1750 1557 1769 1590 ιι

1909 1551 1962 1597 et
2021 1543 2115 1613 qui
2162 1544 2226 1596 in
2277 1543 2643 1599 testudinibus
2699 1555 2829 1599 sunt
2889 1560 3172 1600 murorum
3223 1544 3501 1614 perforent

175 1628 394 1682 τοίνυν
454 1628 668 1693 τοξόται
722 1631 816 1684 καὶ
857 1632 1171 1686 ἀκοντισταὶ
1223 1631 1525 1701 χαλαζηδὺν
1583 1630 1652 1684 τὰ
1681 1629 1769 1700 βέλ

1912 1634 2300 1704 fundamenta;
2332 1638 2496 1691 scala;
2523 1639 2684 1692 etiam
2721 1638 3018 1692 aﬂerantur
3055 1637 3354 1709 quaelignis
3385 1653 3500 1692 cre-

179 1724 348 1776 κατὰ
387 1722 508 1777 τῶν
540 1723 642 1787 τὰς
689 1724 949 1788 ἐπάλξεις
984 1726 1028 1758 ⁸³
1073 1725 1386 1798 τηρούντων
1417 1725 1773 1796 πεμπέτωσαι

1910 1727 2012 1780 ctis
2043 1727 2312 1796 imposita:
2354 1728 2528 1784 muris
2557 1731 2889 1785 annulorum
2923 1747 3025 1801 ope
3061 1732 3495 1796 admoveantur;

181 1817 296 1869 καὶ
330 1818 388 1869 οἱ
430 1815 577 1885 κριοὶ
624 1817 692 1870 ra
739 1819 891 1888 τείχη
924 1818 1299 1885 τυπτέτωσαν,
1343 1820 1438 1872 καὶ
1486 1820 1534 1871 οἱ
1577 1819 1636 1870 ἐν
1691 1821 1775 1872 ταῐ

1913 1821 2008 1889 qui
2039 1831 2220 1875 autem
2253 1833 2380 1877 sunt
2417 1823 2468 1875 in
2507 1823 2750 1877 turribus
2776 1824 2966 1894 ligneis
3003 1825 3372 1894 cylindrorum
3401 1840 3501 1893 ope

181 1909 483 1978 χελώναις
509 1907 774 1972 ὡσαύτως
796 1910 920 1974 τοὺς
942 1908 1228 1979 θεμελίους
1251 1909 1706 1981 ύπορυττέτωσαν
1736 1909 1775 1940 “

1913 1914 1981 1970 ad
2009 1915 2209 1970 moenia
2241 1915 2479 1970 admotis
2541 1915 2774 1984 desuper
2797 1916 2980 1985 jacula
3014 1917 3256 1970 mittant.
3283 1917 3498 1969 Arietes

186 2002 293 2054 καὶ
328 2003 397 2054 αἱ
435 2002 706 2073 κλίμακες
734 2001 1200 2073 προσαγέσθωσαν
1242 2001 1422 2068 ξύλοις
1450 2003 1654 2074 ὀρθίοις
1682 2003 1780 2054 ὲπιη

1915 2013 2093 2061 autent
2128 2016 2181 2062 et
2214 2017 2392 2062 turres
2446 2007 2591 2076 ligna
2637 2007 2870 2076 pellibus
2901 2007 3065 2061 boum
3112 2022 3307 2063 recens
3337 2022 3499 2062 exeo-

185 2095 476 2165 κείμεναι
524 2095 621 2148 καὶ
649 2094 737 2148 διὰ
788 2081 1000 2165 τροχῶν
1030 2093 1075 2126 ⁸⁸
1101 2097 1214 2159 τοῖς
1249 2093 1452 2165 τείχεσι
1492 2093 1776 2166 προσπελά

1915 2098 2178 2153 riatorum
2250 2098 2605 2166 supervestiri
2693 2099 2928 2164 debent,
3004 2099 3306 2153 testudines
3368 2113 3498 2152 vero

185 2186 430 2252 ζουσαι,
470 2188 564 2242 καὶ
618 2189 668 2241 οἱ
722 2187 815 2242 ἐπὶ
869 2186 980 2242 τῶν
1013 2186 1237 2252 ξυλίνων
1281 2188 1338 2241 δὲ
1391 2186 1616 2257 πύργων
1646 2188 1690 2219 ’⁸⁸
1719 2189 1779 2241 δι‹

1913 2191 2044 2245 limo
2065 2191 2298 2261 desuper
2338 2192 2525 2262 inungi
2557 2201 2611 2244 et
2644 2192 2887 2245 exterius
2918 2192 3164 2263 spongiis
3195 2200 3350 2246 aceto
3382 2206 3498 2243 ma.-

186 2278 524 2350 κυλίνδρων
577 2278 841 2344 ὡσαύτως
884 2281 998 2344 τοῖς
1051 2280 1251 2351 τείχεσι
1298 2280 1702 2348 πλησιάσαντες
1748 2281 1780 2332 ὲ.

1912 2279 2054 2335 didis
2103 2280 2518 2349 circumoperiri
2569 2297 2581 2334 :
2626 2287 2840 2332 acetum
2887 2279 3031 2333 enim
3088 2279 3194 2331 vim
3246 2277 3389 2348 ignis
3444 2285 3499 2334 et

189 2371 556 2443 ὑπερδεξίων
582 2372 933 2443 βαλλέτωσαν
955 2390 969 2404 ο
1002 2373 1099 2428 καὶ
1130 2375 1180 2425 οἱ
1212 2372 1312 2444 μὲν
1346 2373 1492 2445 κριοὶ
1525 2374 1580 2426 οἵ
1619 2391 1677 2426 τε
1719 2372 1783 2437 ξύ

1915 2376 2215 2444 praesertim
2289 2374 2410 2443 ejus
2467 2373 2559 2443 qui
2621 2373 2863 2442 liquidus
2914 2373 3116 2427 dicitur
3169 2379 3223 2426 et
3284 2371 3497 2441 liquens

187 2449 344 2516 λινοι
411 2462 618 2535 πύργοι
667 2464 898 2537 βύρσαις
945 2464 1207 2536 νεοδόρων
1257 2464 1396 2534 βοῶν
1440 2466 1774 2536 περιφραγκί

1911 2468 2196 2536 plumbum
2236 2476 2288 2520 et
2309 2466 2482 2535 picem
2519 2477 2574 2519 et
2599 2466 2779 2519 olcum
2834 2465 3050 2520 fervens
3103 2463 3276 2518 multo
3301 2463 3497 2518 melius

192 2552 459 2618 σθωσαν,
492 2556 548 2607 αἱ
583 2554 639 2607 δὲ
675 2554 908 2624 χελῶναι
941 2554 1096 2625 πηλῷ
1142 2555 1544 2626 διαχρίσθωσαν
1571 2556 1613 2586 ⁸⁵⁷
1667 2556 1786 2609 ἄνω

1913 2570 2054 2624 aqua
2087 2556 2260 2609 effusa
2297 2555 2612 2625 restinguit.
2649 2553 3196 2624 Jubeanturquoque
3231 2555 3493 2622 sagittarii

191 2647 319 2712 θεν,
355 2647 462 2705 καὶ
494 2646 724 2716 σπόγγοι
751 2647 804 2701 δὲ
831 2643 942 2712 ὄξει
985 2647 1262 2719 διάϐροχοι
1294 2647 1339 2679 ⁵⁸
1370 2649 1598 2712 ταύταις
1627 2649 1785 2701 ὲπιτιι

1907 2647 2358 2718 iaculatoresque
2400 2655 2453 2702 et
2478 2647 2780 2717 petrobola:
2799 2648 3042 2702 universi
3098 2649 3277 2718 ignem
3333 2661 3494 2714 quam

195 2738 505 2793 θέσθωσαν
551 2739 751 2803 ἔξωθεν
784 2739 1108 2811 (ἀποτρέποι
1139 2743 1247 2811 γὰρ
1279 2741 1346 2793 ἂν
1375 2741 1417 2771 ’⁸³
1452 2740 1512 2792 τὸ
1562 2740 1681 2805 ὅξος
1709 2740 1789 2811 “rip

1914 2739 2423 2814 frequentissimum
2476 2741 2528 2794 in
2578 2741 2818 2795 hostium
2852 2741 3045 2797 domos
3096 2756 3220 2795 cum
3257 2741 3378 2795 telis
3442 2747 3497 2795 ct

193 2830 296 2886 τοῦ
335 2831 522 2903 πυρὸς
546 2833 746 2906 ἐρωὴν,
782 2832 1020 2903 μάλιστα
1056 2832 1151 2886 τοῦ
1177 2831 1346 2904 ὑγροῦ
1377 2832 1709 2903 καλουμένου
1737 2834 1782 2864 ⁸ο

1914 2832 2190 2902 lapidibus
2240 2834 2475 2889 servatis
2531 2834 2890 2891 validioribus
2936 2833 3113 2887 ventis
3202 2833 3492 2902 projicere.

196 2925 297 2978 τόν
330 2941 395 2978 τε
428 2925 786 2996 ἐπιχεόμενον
824 2926 1073 2995 μόλιϐδον
1110 2926 1144 2997 ἢ
1180 2926 1383 2979 πίσσαν
1414 2926 1446 2997 ἢ
1495 2926 1790 2997 βρασσόμε-

1915 2925 2127 2991 Quibus
2156 2926 2414 2984 omnibus
2439 2925 2727 2983 industriis
2745 2923 3022 2996 perterriti
3077 2927 3260 2979 hostes
3299 2933 3352 2978 et
3374 2938 3495 2978 om-

198 3034 298 3071 νον
333 3017 524 3070 ἔλαιον
549 3018 632 3071 ὅτι
665 3018 898 3088 τάχιστα
943 3018 1255 3072 σύέννυσιδι
1289 3018 1380 3071 τοῦ
1415 3018 1604 3083 ὓδατος
1635 3036 1792 3089 προσσ

1915 3020 2077 3074 nibus
2129 3021 2488 3091 desperantes
2519 3021 2697 3079 serius
2745 3018 2960 3076 tandem
3020 3019 3279 3089 Oppidum
3326 3026 3380 3072 et
3407 3030 3497 3074 se-

200 3109 524 3182 φερόμενον
579 3110 824 3182 μᾶλλον)
855 3130 869 3143 ο
921 3111 1356 3182 παραγγελλέτω
1409 3111 1456 3143 ⁸⁸
1531 3112 1588 3166 δὲ
1669 3111 1794 3164 πᾶσι

1914 3111 2066 3181 ipsos
2095 3111 2312 3175 tradent
2336 3121 2429 3166 aut
2458 3112 2662 3171 invitia
2691 3111 3114 3182 prapugnaculis
3145 3109 3493 3167 descendent.

199 3173 467 3269 τοξόταις
524 3173 868 3268 ἀκοντισταῖς
925 3222 986 3258 τε
1013 3173 1141 3260 ’καί
1176 3205 1524 3278 πετροϐόλοις
1556 3204 1668 3278 πῦρ
1716 3206 1793 3260 διὰ

1905 3173 2285 3274 ρεριο-ουιβιη
2311 3205 2469 3275 juxta
2512 3203 2640 3263 belli
2689 3173 2837 3273 ieges
2865 3173 3117 3273 chpido,
3149 3202 3365 3257 cunctis
3386 3203 3493 3260 mi—

203 3296 321 3351 τῶν
358 3297 679 3368 ἀφιεμένων
738 3297 910 3367 βελῶν
943 3298 975 3371 ἢ
1016 3297 1181 3352 λίθων
1213 3300 1328 3363 τοῖς
1370 3299 1480 3352 τῶν
1529 3296 1797 3369 πολεμίων

1902 3296 2087 3361 litibus
2120 3311 2219 3366 per
2260 3296 2614 3360 mandatores
2659 3295 2988 3353 denuntiare
3030 3294 3225 3352 ducem
3281 3302 3496 3363 oportet

204 3389 610 3460 καταπέμπειν
658 3391 926 3462 οἰκήμασι
961 3391 1008 3422 ⁵³
1051 3390 1416 3461 σφοδρότατον
1463 3390 1798 3462 ὲπιτηρήσα·

1899 3388 2138 3445 hostium
2164 3389 2280 3458 ipso
2310 3389 2572 3444 idiomate
2627 3397 2686 3444 ut
2720 3388 2932 3448 nullum
2953 3388 3155 3447 civium
3230 3389 3493 3448 inermem

207 3499 301 3542 σιν
325 3482 560 3557 ἀνείμον.
593 3481 694 3536 Διά
721 3484 829 3536 τῶν
862 3483 1170 3554 εἰρημένων
1207 3483 1389 3536 τοίνυν
1419 3481 1801 3559 στρατηγημά-

1910 3481 2167 3541 occidant
2199 3480 2297 3540 sed
2331 3495 2427 3534 eos
2467 3488 2680 3535 tantum
2733 3463 2826 3549 qui
2883 3480 3076 3540 armati
3131 3490 3226 3537 aut
3255 3479 3492 3551 gladium

207 3592 324 3633 των
355 3575 460 3640 τὰς
514 3574 694 3646 ψυχὰς
721 3574 800 3648 τῷ
860 3574 1009 3648 φόίῳ
1047 3575 1502 3641 κατασεισθέντες
1549 3580 1646 3634 καὶ
1694 3578 1801 3640 τοῖς

1910 3581 2191 3643 portantes
2253 3579 2592 3628 occurrent:
2634 3571 2722 3625 illa
2753 3571 2899 3625 enim
2936 3571 3119 3633 audita
3172 3570 3493 3637 monitione,

211 3669 362 3733 ὅλοις
393 3668 882 3740 ἀπαγορεύσαντες
927 3671 977 3722 oi
1031 3667 1282 3738 πολέμιοι
1316 3669 1349 3737 ἢ
1386 3669 1488 3740 τὴν
1529 3671 1685 3725 πόλιν
1717 3669 1805 3724 καὶ

1912 3664 2087 3719 hostis
2117 3664 2352 3733 quisque
2380 3677 2534 3717 arma
2560 3663 2815 3732 deponet,
2853 3662 3120 3718 servitute
3146 3661 3378 3723 libenter
3405 3675 3496 3720 ac-

215 3751 362 3828 σφᾶς
394 3757 598 3822 αὐτοὺς
623 3757 723 3828 ὀψέ
758 3775 888 3818 ποτε
937 3755 1352 3829 παραδώσουσιν
1381 3759 1415 3829 ἢ
1455 3757 1550 3811 καὶ
1580 3758 1809 3824 ,ἄκοντες

1913 3764 2091 3828 cepta,
2123 3765 2177 3811 et
2206 3755 2285 3816 sic
2304 3757 2587 3826 oppidum,
2619 3754 2946 3812 cedentibus
2975 3755 3356 3821 bellatoribus,
3377 3754 3496 3811 sine

213 3851 328 3904 τῶν
357 3848 643 3914 ἐπάλξεων
670 3849 1065 3920 ἀποϐήσονται.
1101 3849 1415 3922 Ληφθείσης
1444 3849 1626 3920 μέντοι
1652 3850 1807 3905 πολέ-

976 3866 1065 3903 rat.
1101 3849 1415 3922 Ληφθείσης
1444 3849 1626 3920 μέντοι
1652 3850 1814 3905 πολέ-
1916 3850 2160 3921 periculo
2193 3849 2297 3904 erit
2327 3860 2570 3920 captum.

219 3961 324 4022 μου
348 3943 506 4013 νόμῳ
550 3941 648 4012 τῆς
672 3942 718 3974 ⁸³
741 3942 951 4005 πόλεως
971 3940 1289 3995 διαλαλείτω
1313 3944 1446 4000 πᾶσι
1473 3942 1834 4013 στρατιώταις
1871 3942 1962 3997 διὰ
2016 3941 2381 4013 μανὸατώρων
2427 3945 2455 3995 ό
2496 3942 2802 4013 στρατηγὸς
2839 3941 2977 3996 κατὰ
3016 3941 3114 4013 τὴν
3162 3940 3272 3995 τῶν
3339 3938 3498 4004 πολε·

221 4037 364 4096 μίων
418 4036 697 4092 διάλεκτον
724 4037 800 4101 ὡς
856 4037 930 4109 μή
980 4053 1102 4090 τινα
1149 4036 1257 4091 τῶν
1313 4037 1549 4091 πολιτῶν
1603 4038 1801 4093 ἄοπλον
1839 4038 1967 4092 ὄντα
1996 4039 2253 4104 κτείνειν,
2286 4040 2334 4090 εἰ
2372 4037 2444 4109 μή
2478 4037 2529 4090 τί
2576 4054 2642 4113 γε
2699 4037 2746 4069 ⁵³
2822 4037 3164 4107 ὡπλισμένος
3197 4038 3244 4069 ⁸⁸
3273 4053 3358 4102 τις
3406 4022 3528 4106 εἴη

217 4129 316 4180 καὶ
365 4127 522 4197 ξίφος
575 4127 756 4196 φέρων
779 4143 792 4157 ·
825 4127 924 4198 τῆς
960 4130 1068 4199 γὰρ
1119 4127 1401 4192 διαλαλιᾶς
1445 4127 1651 4200 ταύτης
1695 4127 1802 4181 τῶν
1840 4128 2120 4199 πολεμίων
2155 4126 2370 4180 ἀκούων
2403 4128 2634 4192 ἕκαστος
2663 4127 2772 4181 τῶν
2806 4129 2988 4183 ὃπλων
3054 4129 3327 4198 ἀφέμενος
3394 4127 3494 4198 τὴν

218 4217 472 4272 δουλείαν
499 4217 788 4289 αἱρήσεται
822 4219 865 4250 ⁸⁷
900 4218 1158 4289 ἄσμενος,
1205 4219 1300 4274 καὶ
1328 4219 1470 4272 οὕτω
1501 4219 1608 4272 τῶν
1643 4220 1893 4290 μαχίμων
1921 4219 2280 4274 ἐπιλιπόντων
2313 4220 2612 4283 ἀκινδύνως
2636 4220 2699 4273 ἂν
2733 4222 2766 4291 ὴ
2799 4221 2954 4284 πόλις
2988 4221 3244 4292 ληφθείη.

219 4312 480 4366 ΚΕΦΑΛ.
511 4310 641 4364 NE'.
671 4337 737 4349 -
777 4310 909 4375 Πῶς
944 4310 1060 4380 χρὴ
1112 4311 1209 4364 διὰ
1249 4311 1473 4380 τάχους
1519 4314 1803 4380 φρούριον

1913 4311 2068 4368 CAP.
2095 4312 2205 4365 LV.
2237 4341 2304 4350 ——
2341 4311 2618 4377 Quomodo
2647 4313 2888 4366 celeriter
2920 4315 3162 4366 construi
3208 4314 3374 4378 possit
3397 4327 3492 4380 op-

294 4380 514 4454 xtlayr
546 4381 706 4454 παρὰ
733 4383 877 4446 τοὺς
896 4381 1030 4454 Δτῶν
1056 4384 1356 4450 πολεμίων
1393 4381 1571 4450 ὅρους
1613 4384 1804 4452 κειμε-

1979 4386 2164 4453 pidum
2209 4398 2368 4452 prope
2411 4383 2640 4439 hostium
2701 4385 2829 4448 ﬁnes
2886 4383 3080 4454 absque
3111 4384 3323 4454 gentilis
3368 4384 3493 4438 belli

291 4470 407 4508 νον
432 4451 728 4521 δημοσίου
757 4451 1023 4520 πολέμου
1057 4455 1257 4521 χωρίς.
1702 4451 1711 4452 “

637 4453 728 4505 ίου
757 4451 1023 4520 πολέμου
1057 4455 1257 4521 χωρίς.
1702 4451 1711 4452 ί
1980 4451 2231 4525 periculo.

296 4546 380 4599 Τά
435 4543 538 4616 μὲν
591 4545 783 4616 πρῶτα
841 4544 908 4598 δι’
967 4545 1162 4600 ἑαυτοῦ
1225 4547 1330 4617 χρὴ
1384 4546 1800 4618 κατασκοπῆσαι

1979 4545 2164 4600 Primo
2219 4545 2439 4616 quidem
2491 4545 2736 4602 locorum
2784 4546 3130 4616 situm.ipse
3159 4544 3492 4616 investigare

228 4639 320 4693 τὸν
348 4637 656 4710 στρατηγὸν
683 4638 784 4709 τὴν
834 4637 929 4692 τοῦ
961 4639 1126 4691 τόπου
1175 4638 1323 4692 θέσιν
1368 4640 1464 4692 καί¹
1484 4641 1575 4693 τὸν
1603 4639 1806 4712 ὀχυρὼ·

1911 4633 2072 4690 debet
2107 4635 2237 4701 dux,
2270 4645 2323 4689 et
2364 4636 2543 4692 locum
2583 4637 3016 4692 munitissimum
3057 4638 3262 4708 eligere
3303 4637 3394 4692 ubi
3419 4639 3491 4693 sit

225 4748 387 4804 τερον
418 4730 742 4798 ἐκλέξασθαι
800 4733 984 4799 τόπον,
1021 4733 1115 4786 καὶ
1146 4731 1274 4786 ἔνθα
1311 4733 1532 4788 δυνατόν
1568 4735 1717 4787 ἐστιν
1747 4735 1807 4787 ὲν

1914 4728 2173 4798 possibile
2204 4729 2347 4782 intra
2375 4728 2492 4784 dies
2517 4729 2583 4784 ad
2607 4744 2884 4784 summum
2919 4729 3207 4785 duodecim
3250 4730 3487 4800 spatium

229 4822 556 4878 δυοκαίδεκα
617 4823 680 4878 τὸ
731 4825 982 4877 πλεῖστον
1014 4824 1248 4895 ἡμέραις
1293 4826 1326 4896 ἢ
1372 4825 1555 4897 ξηροῖς
1587 4827 1806 4897 πρῶτον

1913 4818 2186 4875 sutmciens
2217 4819 2382 4875 siccis
2410 4820 2646 4890 primum
2673 4819 2947 4890 lapidibus
2971 4821 3055 4877 vel
3087 4819 3370 4887 lateribus,
3404 4819 3489 4876 vel

229 4913 453 4986 λίθοιςῆ
488 4914 729 4980 πλίνθοις
781 4914 814 4986 ἢ
844 4912 1020 4980 ξύλοις
1053 4915 1239 4987 κύκλῳ
1284 4917 1375 4971 τὸν
1395 4917 1570 4988 χῶρον
1596 4919 1803 4972 ἐκεῖνον

1915 4911 2078 4982 lignis
2115 4913 2585 4969 circumclaudere
2619 4931 2634 4980 ;
2668 4912 2866 4968 deinde
2929 4913 3262 4984 comparatis
3317 4913 3491 4969 omni-

232 5006 616 5080 διαληφθῆναιο
648 5007 765 5063 εἶτα
787 5009 855 5062 τὰ
873 5009 1006 5081 πρὸς
1027 5009 1214 5082 χρείαν
1237 5009 1431 5074 ἱκανῶς
1456 5025 1803 5080 παρεσκευα-

1908 5016 2014 5070 bus
2041 5007 2398 5074 necessariis,
2436 5015 2563 5063 ante
2588 5008 2772 5063 omnia
2823 5008 3033 5079 pedites
3069 5008 3265 5062 armati
3287 5007 3489 5064 debent

237 5102 432 5171 σμένον
463 5101 510 5135 ⁵⁸
541 5105 639 5157 καὶ
686 5104 793 5174 πρὸ
839 5104 948 5158 τῶν
990 5104 1166 5158 ἄλλων
1209 5104 1434 5168 ὁπλίτας
1456 5103 1654 5169 πεζοὺς
1679 5104 1807 5168 τοὺς

1913 5095 2102 5155 hostes
2134 5099 2188 5153 in
2219 5113 2462 5155 errorem
2486 5100 2767 5167 inducere,
2796 5099 3030 5171 quadam
3053 5100 3262 5156 scilicet
3278 5101 3488 5156 exerci-

239 5193 337 5262 μὲν
385 5195 678 5268 πολεμίους
734 5196 802 5250 δι’
836 5197 1139 5266 ἀποστολῆς
1195 5198 1453 5268 στρατιᾶς
1497 5196 1688 5268 ἑτέρας
1715 5194 1804 5260 ἐξ-

1911 5200 2002 5246 tus
2031 5206 2185 5262 parte
2206 5192 2472 5264 profecta,
2500 5195 2660 5265 quasi
2693 5195 2750 5249 in
2781 5195 3063 5251 voluntate
3093 5195 3319 5252 haberet
3355 5194 3485 5250 alibi

238 5285 543 5358 ἀπατῆσαι,
572 5289 647 5354 ὡς
689 5288 922 5360 ἀλλαχοῦ
947 5287 1206 5365 φρούριον
1243 5288 1358 5359 ἔχοι
1383 5287 1519 5361 πρὸς
1547 5287 1739 5359 βουλῆς
1756 5287 1802 5320 ⁸⁸

1910 5286 2169 5358 Oppidum
2202 5298 2559 5357 construere;
2590 5290 2786 5346 ducem
2818 5289 3027 5346 interea
3053 5298 3268 5361 Oportet
3291 5288 3483 5346 iisdem

1499 5450 1729 5509 νΑιιιΑῑ
1756 5451 2165 5511 LECTIONES.

239 5592 650 5669 .__‘_'x¢rauoib
673 5598 732 5654 Β.
811 5596 857 5669 *ξ
896 5597 1080 5654 κόπων
1146 5614 1292 5669 corr.
1347 5613 1416 5655 ex
1480 5599 1680 5653 κὼπων
1704 5599 1812 5669 Βη
1879 5597 1926 5632 ⁸³
1949 5597 2227 5666 ἐπιτάξεις
2255 5600 2378 5669 (sic)
2428 5600 2483 5654 in
2537 5607 2685 5655 textu
2736 5607 2789 5656 et
2827 5599 3056 5655 alterum
3103 5598 3170 5653 ad
3204 5613 3377 5669 marg.
3415 5595 3477 5652 Β.

318 5664 894 5743 ὑπρκρτπτέτωσανῌϐ.
955 5671 1011 5743 -δδ
1043 5665 1435 5743 διατροχῶνᾷ
1476 5685 1483 5690 ’
1510 5671 1557 5704 ⁸⁸
1586 5669 1773 5743 πύρων
1798 5668 1878 5743 B._
1942 5664 2441 5743 anomalam”
2483 5670 2540 5724 Β.
2653 5671 2699 5703 ⁸⁸
2718 5671 2958 5743 διάδοχοι
2986 5671 3044 5724 Β.
3105 5670 3154 5743 ,δ’
3174 5671 3240 5743 ἂν
3274 5664 3384 5743 om.

245 5731 296 5812 '_'_
319 5731 612 5812 καλομένου
644 5739 703 5794 Β.
760 5811 767 5812 7
817 5739 861 5812 ἦ*
907 5731 1179 5812 σϐέννωσί
1207 5731 1267 5797 B".
1344 5741 1390 5772 ³¹
1421 5731 1814 5812 παραγ-(ἑλέτω
1845 5739 1905 5798 Β.
1988 5741 2034 5772 ⁵³
2061 5731 2327 5810 οἰκήμασι
2358 5756 2504 5796 corr.
2535 5758 2599 5796 ex
2632 5731 2926 5811 οἰκούμαέι
2948 5741 3006 5794 Β.
3036 5756 3049 5812 τ
3102 5741 3148 5773 ⁸⁵
3168 5742 3264 5812 τῆς
3306 5741 3391 5796 bis
3420 5738 3480 5792 Β.

251 5805 296 5838 ⁸⁸
334 5805 527 5880 μήτιγε
552 5813 611 5866 Β.
676 5813 722 5846 ³⁸
747 5810 1078 5882 ὁπλισμένος
1094 5811 1154 5866 Β.
1230 5813 1275 5846 ³⁷
1305 5805 1595 5885 αἱρήσεται
1627 5811 1682 5864 Β.
1760 5811 1806 5845 ⁸⁸
1837 5805 2366 5883 παρασκευασμένον
2398 5812 2458 5867 Β.
2546 5812 2590 5846 ⁵³
2631 5813 2744 5884 ἕχει
2790 5805 3138 5882 προσόουλῆς
3170 5805 3232 5867 BL
