4036 6300
268 390 406 458 1145

1147 396 1513 458 ORACULA.
1542 422 1609 433 —
1630 394 1973 457 ANONYMI
1999 391 2542 456 PARAPHRASIS.

3385 381 3519 450 1146

268 518 360 560 του
416 506 744 580 γράμματος
794 511 853 565 ὲν
913 512 992 584 τῷ
1052 513 1525 586 ὀκτωκαιδεκάτῳ,
1571 513 1767 568 Ἔσται
1793 513 1849 566 δὲ

1957 527 2141 568 rorum
2183 511 2584 581 mulierumque
2645 507 2864 563 nomina
2898 514 3156 562 constant
3183 517 3246 560 es
3295 503 3521 558 littleris

269 599 700 669 ἀφωμοιωμένος
735 601 814 672 τῷ
837 601 955 674 Θεῷ
985 603 1061 676 τῷ
1094 604 1326 676 ὑψίστῳ.
1357 605 1429 658 Τὸ
1459 605 1514 658 δὲ
1537 604 1708 675 ὄνομα
1751 603 1846 659 τοῦ

271 690 486 762 Πατρὸς
516 693 682 746 αὑτοῦ
717 694 985 760 θετον.”ος
1012 699 1158 752 ἐστιν
1181 698 1399 768 ὑψίνους
1423 716 1437 732 ο
1463 698 1578 753 ἔστι
1609 699 1666 754 δὲ
1693 700 1850 754 ἀπά-

270 796 410 856 τωρ,
425 786 681 858 ἀμήτωρ,
705 787 800 840 καὶ
825 789 1254 862 ἀγενεαλόγητος
1274 806 1287 821 ο
1309 790 1424 860 ἅμα
1441 791 1498 845 δὲ
1521 793 1616 846 καὶ
1633 793 1850 864 τρικόνο

268 877 425 948 δηλος
441 879 572 949 (59‘)
595 880 658 933 ὲκ
677 880 960 945 συνουσίας
977 883 1172 947 παῖδας
1187 884 1419 956 ποιήσας
1445 887 1676 954 γυναῖκα
1697 888 1850 958 μίαν,

267 970 394 1034 τοὺς
430 971 527 1041 μὲν
549 970 919 1044 άρῤενας,τάς
938 973 993 1027 δὲ
1016 973 1254 1045 θηλείας.
1272 976 1382 1030 Καὶ
1401 977 1572 1032 ταῦτα
1593 977 1700 1032 τῶν
1722 977 1853 1033 παί-

264 1058 369 1113 δων
404 1061 497 1114 καὶ
538 1061 647 1116 τῶν
665 1062 939 1130 γυναικῶν
965 1065 1031 1118 τὰ
1055 1065 1296 1135 ὀνόματα
1331 1065 1447 1137 ἅμα
1478 1074 1552 1138 μ’,
1575 1065 1651 1138 ξδ’,
1685 1067 1753 1138 Υ,
1779 1067 1850 1136 α’,

265 1155 337 1215 α’,
366 1148 438 1216 α’,
475 1157 506 1204 ι’
553 1153 664 1207 Καὶ
691 1153 843 1208 ἔσται
874 1154 930 1208 δὲ
971 1155 1105 1226 δῆλα
1136 1155 1309 1212 ταῦτα
1348 1160 1457 1213 ἀπὸ
1483 1159 1579 1213 τοῦ
1625 1163 1850 1234 σημείου

263 1240 359 1294 τοῦ
409 1241 595 1313 ὄνυχος
644 1243 737 1297 τοῦ
781 1245 958 1310 δεξιοῦ
1019 1247 1218 1314 ποδός,
1261 1249 1354 1303 καὶ
1389 1250 1494 1304 ἀπὸ
1551 1251 1642 1306 τοῦ
1677 1252 1852 1319 δεξιοῦ

264 1332 544 1405 ὀφθαλμοῦ
573 1335 773 1403 αὑτοῦ,
791 1337 850 1400 ὃς
872 1341 988 1392 ἐστι
1025 1340 1281 1405 στρεϐλδς
1304 1341 1581 1414 ὀφθαλμὸς
1609 1345 1709 1414 τῆς
1730 1362 1856 1416 πορ-

267 1424 437 1488 νείας.
499 1427 608 1480 Καὶ
656 1427 812 1496 ἀγιος
871 1427 948 1500 τῷ
995 1431 1220 1503 Κυρίῳο
1261 1433 1447 1499 ἐλαίας
1489 1437 1630 1506 έχων
1676 1437 1754 1501 είς
1786 1437 1856 1490 τά

264 1515 416 1582 δεξιά
474 1518 637 1589 μέρη,
671 1521 749 1583 είς
777 1537 837 1574 τε
884 1521 945 1576 τὸ
1002 1523 1302 1594 ύπομάζιον
1341 1540 1357 1557 ·
1394 1529 1487 1581 καὶ
1522 1528 1720 1597 μᾶλλον
1759 1529 1852 1582 τοῦ

265 1608 614 1677 ὠμοπλάτου,
671 1613 762 1665 ἐπί
806 1631 865 1667 τε
920 1613 1012 1669 τοῦ
1071 1617 1248 1688 μηροῦ
1307 1619 1400 1674 καὶ
1438 1619 1530 1673 τοῦ
1569 1620 1727 1688 ὠτός,
1761 1622 1855 1676 καὶ

264 1698 360 1751 ἐπὶ
407 1698 506 1770 τὴν
550 1700 728 1767 δεξιὰν
775 1703 947 1776 ὀφρὺν
979 1705 1068 1759 διά
1116 1707 1176 1761 τὸ
1230 1709 1330 1780 τῆς
1357 1709 1726 1784 ἐλεημοσύνης
1761 1712 1858 1784 μὲ-

264 1807 418 1862 τρον.
457 1792 885 1866 Ἐξερυθραίνων
923 1798 997 1852 τά
1029 1801 1174 1871 μήλα
1227 1803 1456 1875 χαρίεις.
1505 1805 1768 1878 Εὐμήκης
1796 1805 1855 1858 τὸ

1951 605 2274 662 notantibus
2335 618 2592 660 numeros
2655 603 2748 669 ευ,
2780 603 2836 667 4,
2880 601 2934 665 3,
2972 599 3026 665 1,
3072 600 3126 664 1,
3166 596 3350 664 Ι,10;
3401 611 3522 667 quae

1952 699 2244 755 manifesta
2290 705 2453 754 erunt
2486 712 2552 752 ex
2589 695 2777 765 unguii
2817 694 2970 765 pedis
3009 692 3186 747 dextri
3241 693 3420 763 signo,
3467 701 3524 746 et

1952 807 2018 849 ex
2088 792 2285 847 dextro
2338 791 2522 853 oculo,
2585 789 2679 858 qui
2747 796 2836 843 est
2895 795 3155 841 versutus
3213 782 3521 838 meretricis

1954 884 2172 941 oculus.
2213 881 2453 938 Sanctus
2484 887 2612 936 ante
2647 880 2811 934 Deum
2843 886 2948 934 est.
2977 873 3163 931 Olivas
3214 874 3423 928 habens
3465 872 3523 926 in

1959 979 2151 1035 dextra
2198 977 2452 1047 corporis
2491 983 2669 1046 parte.
2705 973 2895 1028 subter
2943 969 3236 1033 mamillas,
3289 981 3525 1038 praeser-

1969 1071 2068 1128 tim
2115 1070 2172 1126 in
2227 1068 2503 1141 omoplata
2537 1064 2602 1138 (?)
2629 1065 2882 1130 Femore,
2920 1077 3071 1126 aure,
3097 1072 3150 1116 et
3181 1060 3248 1115 ad
3271 1059 3525 1114 dextrum

1954 1162 2312 1236 supercilium
2355 1162 2662 1218 secundum
2693 1155 3064 1212 miserationis
3090 1153 3338 1226 gradum.
3383 1149 3527 1205 Sua-

1955 1259 2099 1314 viter
2114 1255 2268 1326 genis
2292 1253 2650 1309 erubescens.
2676 1248 2920 1318 Longum
2943 1248 2993 1302 ei
3015 1253 3259 1301 mentum
3284 1253 3528 1314 tnystace

1955 1361 2304 1408 coronatum.
2325 1346 2590 1411 Blandus,
2623 1341 2934 1408 mellilluus,
2960 1341 3118 1412 nigro
3131 1339 3351 1408 capillo,
3378 1347 3528 1392 ante.

1957 1443 2104 1496 riore
2141 1435 2340 1508 capitis
2396 1443 2552 1506 parte
2607 1433 2819 1499 calvus,
2879 1445 3068 1494 senex,
3102 1428 3296 1491 victor,
3333 1427 3527 1480 trium-

1957 1531 2154 1603 phans.
2189 1526 2300 1584 Rex
2331 1542 2518 1599 regum
2549 1524 2811 1596 optimus.
2855 1521 3119 1578 llabitans
3149 1522 3204 1576 in
3236 1519 3526 1589 tetrapylo,

1959 1625 2013 1678 in
2089 1619 2400 1676 humidiore
2459 1616 2712 1688 sigmatis
2768 1621 2941 1684 parte,
3003 1613 3059 1667 in
3117 1613 3286 1666 maris
3342 1611 3528 1665 littore

1969 1727 2206 1785 aquoso,
2256 1709 2518 1766 inferiore
2546 1718 2600 1764 et
2631 1720 2880 1764 caenoso.
2913 1704 2995 1760 illi
3029 1701 3328 1774 egredienti
3382 1701 3529 1756 foras

1959 1807 2079 1862 dua:
2117 1811 2311 1876 portae,
2362 1817 2470 1857 una
2503 1801 2723 1872 quidem
2771 1811 2959 1862 aurea,
3005 1797 3175 1852 altera
3221 1794 3366 1865 ligno
3398 1809 3528 1848 con-

267 1882 480 1951 γένειον
507 1885 937 1957 μεσηλιωμένον,
952 1889 1091 1961 ἔχων
1116 1893 1211 1964 τὴν
1232 1895 1440 1967 ὑπήνην
1457 1895 1572 1966 ἅμα
1590 1901 1653 1970 τῇ
1672 1899 1851 1971 κρατί.

1962 1899 2085 1955 flata
2149 1905 2469 1966 armataque
2515 1893 2579 1965 (?)
2627 1892 2827 1950 Omnia
2889 1904 3108 1946 sursum
3162 1889 3531 1958 deorsumque

265 1975 527 2047 Μείλιχος
577 1978 927 2053 μελισταγὴς,
985 1985 1274 2058 μελάθριξ,
1324 1990 1720 2059 ἀναφάλαντος,
1761 2009 1851 2063 γη-

1961 1991 2119 2061 νόγία
2151 1989 2460 2061 suspendit.
2498 1989 2559 2043 Ei
2587 1983 3003 2042 tabernaculum
3040 1980 3257 2036 duabus
3279 1981 3526 2035 clausqu

269 2067 449 2173 ραιδς,
467 2070 712 2173 νικητὴς,
740 2074 1119 2148 τροπαιοῦχος.
1157 2079 1324 2148 ’Λναξ
1340 2082 1588 2137 ἀνάκτων
1616 2082 1851 2156 ἀριστος.

1960 2085 2138 2159 portis
2195 2085 2250 2140 in
2311 2098 2415 2138 axe
2462 2079 2830 2137 vertentibus.
2885 2077 3146 2134 Dextrum
3191 2075 3354 2130 limen
3407 2073 3530 2143 pla-

264 2157 560 2264 Κατοικιῖιν
589 2165 646 2264 έν
691 2168 756 2236 τῇ
790 2169 1113 2242 τετραπύλῳ
1151 2172 1246 2226 ἐπὶ
1291 2174 1352 2228 τὸ
1389 2173 1724 2247 ψυχρότερον
1763 2176 1851 2249 μέι

1961 2157 2090 2236 num
2115 2222 2128 2243 ,
2163 2174 2596 2233 versicoloribus
2638 2167 2874 2230 stratum
2933 2169 3207 2242 lapidibus
3260 2175 3529 2239 quaterno

264 2270 362 2326 ρος
411 2253 506 2307 τοῦ
551 2253 836 2326 σίγματος,
869 2260 966 2313 καὶ
996 2263 1053 2315 ὲν
1092 2263 1169 2332 τῷ
1190 2265 1408 2338 νοτιαίῳ
1437 2267 1592 2339 μέρει
1633 2268 1731 2340 τῆς
1763 2268 1851 2324 θα-

1960 2274 2152 2331 ordine
2182 2270 2489 2342 dispositis.
2540 2266 2622 2323 Ad
2676 2264 2936 2322 draconis
2991 2266 3221 2318 formam
3273 2261 3529 2317 columna

262 2345 500 2440 λάσσης,
521 2347 614 2403 καὶ
643 2350 702 2403 έν
740 2350 890 2424 τόπῳ
923 2355 1122 2426 ἀσήμῳ
1171 2357 1267 2411 καὶ
1306 2357 1631 2431 βορϐορώδει
1659 2379 1672 2392 ·
1705 2361 1851 2434 ἐξερ-

1958 2374 2156 2440 quarta
2175 2373 2279 2422 est.
2318 2363 2553 2421 Currum
2579 2375 2747 2432 agens
2775 2358 2972 2414 mulier
3019 2365 3143 2413 ante
3205 2355 3531 2411 tabernacu-

263 2439 501 2512 χομένου
527 2443 590 2496 ὲκ
622 2445 718 2516 τῆς
742 2443 917 2518 πύλης
949 2449 1047 2520 τῆς
1082 2450 1338 2522 χρυσέας,
1359 2455 1453 2508 καὶ
1483 2453 1580 2526 τῆς
1602 2455 1851 2529 ξυλοκέρ-

1961 2439 2072 2518 lum
2091 2468 2215 2517 stat.
2247 2456 2422 2513 Homo
2463 2468 2726 2511 coronam
2777 2452 2834 2508 in
2884 2449 3067 2506 fronte
3115 2462 3310 2520 gerens
3357 2448 3531 2502 fortu-

261 2549 400 2588 κου·
433 2533 612 2590 πάντα
660 2537 731 2592 τά
785 2539 1188 2611 ἀντακάταντα,
1247 2546 1518 2613 κατάντα,
1552 2548 1707 2618 νόγια
1732 2568 1851 2623 κρε-

1959 2570 2081 2610 nam
2102 2552 2261 2610 electi
2295 2549 2644 2623 imperatoris
2685 2545 3010 2618 proclamat.
3045 2543 3531 2599 Autetabernacu-

264 2635 397 2702 μεῖο
446 2632 508 2686 τὸ
543 2633 599 2687 δὲ
639 2636 899 2709 σκήνωμα
936 2637 1074 2710 ἔχων
1106 2641 1381 2713 ἡνωμένον
1409 2645 1474 2698 ὲκ
1510 2644 1603 2699 δύο
1639 2646 1851 2712 ἀξωπυ-

1958 2647 2071 2703 lum
2085 2655 2265 2702 statua
2291 2645 2383 2699 Dei
2399 2641 2641 2698 hominis
2661 2638 2926 2695 immolati
2943 2646 2998 2693 et
3013 2635 3248 2701 adorati,
3269 2650 3403 2689 zona
3425 2648 3530 2689 una

263 2721 399 2776 λῶν.
447 2721 514 2778 Ἦ
551 2723 701 2790 δεξιά
731 2727 831 2797 μὲν
879 2729 998 2793 ὁδὸς
1035 2729 1286 2798 πλατεῖα,
1342 2734 1435 2789 καὶ
1481 2734 1851 2808 λιθόστρωτος,

1961 2739 2165 2802 cincta,
2187 2735 2349 2806 cujus
2372 2749 2572 2789 nomen
2597 2730 2955 2800 insculptum.
2989 2726 3194 2782 Bellum
3227 2726 3532 2796 bellicaque

264 2813 475 2887 ἔχουσα
535 2816 716 2883 λίθους
783 2820 945 2892 ξειρὺς
1008 2825 1103 2876 καὶ
1160 2825 1551 2896 τετραδιαίους.
1593 2828 1851 2901 Ὀφιώδης

1957 2829 2222 2883 flavorum
2299 2823 2628 2895 populorum
2675 2827 2929 2886 exercet,
2980 2818 3268 2888 funditque
3315 2815 3532 2872 cruoris

263 2907 528 2981 κείμενος
554 2911 647 2965 καὶ¹
691 2910 960 2985 θηριώδης
993 2913 1182 2980 στύλος
1225 2917 1504 2991 τέταρτος,
1531 2921 1626 2976 καὶ
1674 2920 1851 2992 διφρο-

1959 2925 2014 2978 in
2058 2929 2221 2978 terra:
2269 2919 2518 2985 calicem,
2572 2915 2812 2973 ferarum
2868 2926 3110 2983 reginam
3177 2912 3232 2965 in
3266 2909 3452 2973 dorso,
3477 2918 3532 2964 et

263 2999 444 3072 λάτης
499 3001 704 3076 θηλυκὴ
737 3003 948 3061 ἵσταται
983 3007 1238 3062 ἀπέναντι
1273 3010 1376 3079 τῆς
1431 3010 1637 3081 σκηνῆς
1666 3009 1851 3068 αὐτοῦ.

1957 3015 2011 3072 in
2037 3021 2261 3086 pectore
2286 3011 2412 3068 belli
2447 3011 2663 3080 signum
2703 3007 2914 3062 habens
2943 3004 3234 3060 deliueata.
3279 3001 3534 3058 Sinistra

262 3094 384 3148 Kal
414 3097 608 3166 κρατεῖ
634 3097 895 3168 στέφανον
912 3099 1129 3168 κράζων
1149 3099 1246 3172 τὴν
1276 3101 1444 3174 τύχην
1469 3102 1565 3158 τοῦ
1599 3103 1851 3159 ὲκλεκτοῦ

1957 3124 2088 3165 vero
2143 3116 2316 3178 portae
2371 3105 2542 3158 limen
2607 3111 2850 3166 arctnm,
2912 3098 3213 3154 detersum.
3259 3094 3414 3152 Unda
3446 3111 3534 3152 re-

264 3186 564 3290 ξασιλέως.
591 3187 877 3290 ἶΑπέναντι
905 3193 1002 3264 τῆς
1035 3195 1238 3266 σκηνῆς
1264 3194 1427 3248 αὐτοῦ
1458 3196 1660 3268 ίδρυμα
1693 3198 1851 3252 θεαν-

1957 3201 2212 3257 dundans
2279 3197 2592 3269 profunda,
2643 3207 3014 3264 magnumque
3081 3205 3286 3247 sonans
3334 3199 3530 3244 contra

261 3277 460 3350 δρικὸν
521 3277 799 3351 θυόμενον,
843 3283 938 3336 καὶ
994 3285 1467 3357 προσκυνούμενον
1494 3326 1510 3352 ,
1544 3287 1636 3341 ὑπ’
1685 3288 1851 3343 αὐτοῦ

1959 3302 2292 3368 praeruptum
2327 3288 2693 3362 scptemcollis
2721 3286 2870 3342 urbis
2901 3286 3053 3341 littus
3080 3282 3239 3339 irruit
3278 3283 3530 3352 rugiens-

261 3369 413 3442 ἔχων
466 3367 642 3440 ζώνην
696 3372 864 3442 μίαν⁸
905 3374 998 3428 καὶ
1050 3375 1110 3428 τὸ
1155 3375 1327 3446 ὄνομα
1384 3378 1547 3433 αὑτοῦ
1595 3379 1851 3447 γλυπτόν.

1957 3367 2064 3460 que
2103 3387 2264 3457 longo
2283 3383 2451 3440 ﬂuctu
2486 3397 2514 3436 a
2541 3383 2658 3452 ripa
2709 3379 2882 3436 ferrea
2920 3376 3140 3448 refugit.
3163 3373 3331 3430 Pinus
3365 3384 3447 3430 est
3474 3374 3530 3429 in

259 3465 459 3535 Φέρων
491 3480 550 3517 τε
574 3465 666 3519 τὸν
721 3465 977 3539 πόλεμον,
1022 3469 1115 3522 καὶ
1167 3470 1275 3523 τῶν
1319 3469 1524 3535 ξανθῶν
1552 3473 1650 3536 τὰς
1681 3489 1851 3544 μηχα-

1957 3478 2150 3536 eodem
2185 3492 2250 3533 ac
2283 3477 2374 3532 ille
2410 3485 2656 3545 tempore
2699 3480 2827 3527 nata
2854 3470 3110 3527 surculos
3132 3485 3198 3524 ex
3219 3468 3510 3524 altissimis

259 3557 364 3622 νάς
389 3557 541 3630 (60),
585 3558 683 3624 τὰς
749 3560 934 3631 χύσεις
984 3561 1090 3615 τῶν
1129 3563 1374 3634 αἱμάτων
1417 3562 1531 3636 (61)
1582 3567 1664 3630 είς
1710 3567 1851 3621 κυλί-

1957 3574 2127 3630 ramis
2150 3570 2426 3628 emittens.
2454 3567 2667 3636 Quibus
2690 3568 2806 3622 avis
2826 3565 2988 3621 nidus
3018 3562 3238 3619 insidet.
3259 3562 3532 3632 Apparent

259 3669 389 3706 κιον
425 3653 485 3706 ὲν
513 3654 579 3725 τῇ
611 3657 681 3726 γῇ
703 3656 1061 3727 ἐστρωμένον.
1082 3657 1260 3728 Ἕχων
1285 3658 1398 3732 ςὲπὶ
1451 3659 1546 3713 τοῦ
1576 3661 1728 3714 νότου
1765 3660 1851 3716 τὸν

1957 3666 2253 3724 levissimae
2331 3664 2515 3719 avium
2598 3661 3093 3730 columbarumque
3143 3656 3380 3728 species.
3451 3655 3530 3710 lbi

260 3747 515 3818 ἄρχοντα
560 3747 668 3802 τῶν
716 3747 939 3821 θηρίων,
990 3751 1084 3805 καὶ
1133 3751 1226 3806 ἐπὶ
1248 3751 1341 3806 τοῦ
1387 3753 1617 3822 στήθους
1644 3753 1735 3808 τὸν
1763 3753 1851 3808 τοῦ

1957 3759 2129 3816 turris
2163 3757 2431 3816 altissima
2472 3763 2527 3812 et
2571 3754 2776 3810 mmnia
2834 3749 3197 3807 formidanda.
3247 3750 3328 3804 Illi
3360 3749 3534 3806 servit

262 3837 513 3912 στρατοῦ
540 3840 728 3898 τύπον.
758 3842 1053 3915 Εὐωνύμου
1081 3843 1138 3898 δὲ
1169 3844 1367 3917 μέρους
1387 3845 1479 3899 τοῦ
1501 3847 1851 3918 σκηνώματος

1961 3855 2123 3910 homo
2156 3852 2315 3924 nigro
2361 3851 2688 3907 vestimento
2741 3846 2987 3902 indutus.
3031 3844 3378 3901 Miserantem
3424 3844 3531 3897 mi-

259 3931 439 3985 αὐτοῦ
469 3932 584 3997 ὁδὸς
621 3934 961 4004 ἐστενωμένη
986 3974 999 4000 ,
1035 3937 1276 4010 ρυμίσκη
1300 3954 1314 3969 ο
1341 3939 1436 3992 καὶ
1459 3938 1647 4004 ὓδατος
1677 3941 1851 4013 πλημ-

1959 3957 2234 4006 serantur.
2285 3943 2448 4002 Illum
2505 3945 2646 3999 male
2695 3942 2942 3996 dicerent
2992 3939 3378 4007 blanditorcm,
3434 3938 3529 4009 qui

262 4027 445 4098 μύρα,
475 4026 568 4079 καὶ
601 4026 812 4097 βαθεῖα,
863 4030 957 4083 καὶ
1006 4031 1447 4103 πλημμυροῦσα,
1491 4035 1586 4088 καὶ
1624 4035 1851 4106 ἠχοῦσα,

1960 4043 2182 4115 preprie
2209 4040 2392 4110 lupus.
2425 4037 2485 4093 In
2519 4036 2709 4093 eodem
2744 4034 2940 4090 ordine
2981 4041 3239 4088 nascetur
3273 4031 3530 4098 lllustris,

257 4121 361 4173 καὶ
406 4120 785 4190 κυμαινόμενα
839 4123 928 4175 ἐπὶ
953 4122 1051 4194 τὴν
1103 4127 1408 4196 ἀκρότομον
1458 4128 1730 4182 θάλασσαν
1757 4129 1851 4200 τῆς

1959 4141 2279 4190 servaturus
2308 4146 2527 4187 omnem
2565 4129 2826 4201 pietatem
2873 4141 3202 4198 omnemque
3233 4127 3531 4182 divinatio-

258 4211 601 4282 ἐκταλόφου,
635 4215 729 4267 καὶ
753 4215 993 4284 ποταμὸς
1045 4215 1390 4289 βρυχώμενος
1443 4219 1551 4272 ἀπὸ
1586 4221 1687 4292 τῆς
1719 4221 1851 4294 σιδη·

1960 4241 2106 4282 nem.
2142 4223 2261 4281 Non
2291 4223 2580 4296 praefectus
2621 4221 2929 4293 prophetis,
2971 4235 3152 4291 neque
3197 4219 3253 4274 in
3310 4219 3419 4274 ulla
3471 4234 3530 4272 re

260 4306 367 4376 ρᾶς
393 4303 705 4376 άκροτόμου
737 4305 1057 4363 ἀναδίδοται.
1094 4309 1193 4373 Ὃς
1231 4312 1378 4364 ἐστιν
1409 4312 1648 4380 ἐλάτινος
1685 4330 1851 4385 πεφυ-

1960 4318 2132 4383 utilis,
2162 4331 2322 4388 quem
2359 4314 2610 4370 homines
2636 4312 3016 4384 despiciebant
3061 4313 3216 4382 quasi
3254 4321 3528 4367 mortuum

256 4396 511 4491 τευμένη
668 4399 734 4470 τῇ
759 4399 926 4452 αὐτοῦ
977 4401 1261 4474 γεννήσειο
1291 4403 1429 4473 ἔχων
1485 4405 1851 4475 παρακλόνους

1958 4407 2341 4478 inutilemque.
2425 4403 2709 4461 llevelabit
2777 4401 2921 4458 Deus
2981 4410 3033 4457 et
3090 4404 3300 4457 clarum
3365 4401 3530 4456 faciet

257 4490 463 4543 ὲπάνω
495 4490 670 4545 αὐτῶν
710 4491 818 4544 τῶν
864 4492 1141 4560 ἐλατίνων,
1202 4495 1362 4552 καλιά
1410 4497 1596 4569 ὀρνέου
1643 4499 1851 4569 ἐπέχων

1959 4501 2262 4560 unctumin
2297 4500 2506 4555 ultimis
2529 4498 2745 4562 diebus,
2785 4507 3010 4552 unctum
3038 4510 3066 4550 a
3104 4504 3291 4550 ventre
3332 4496 3527 4550 matris

256 4581 477 4653 λαμοῦ.
513 4583 691 4656 Ἐχων
732 4584 993 4655 βλαστοὺς
1025 4590 1118 4643 καὶ
1155 4589 1297 4654 ἰδέας
1321 4590 1546 4662 ὀρνέων,
1581 4592 1673 4646 καὶ
1699 4609 1851 4664 περι-

1959 4596 2081 4651 oleo
2099 4602 2314 4651 sancto.
2340 4590 2433 4646 Sic
2460 4588 2904 4646 manifestabitur
2923 4602 2938 4640 :
2955 4587 3238 4658 apparebit
3255 4587 3405 4642 sidus
3429 4603 3524 4658 per

260 4675 522 4748 στερῶν·
555 4677 612 4730 έν
659 4669 704 4746 ᾧ
741 4679 836 4733 καὶ
887 4679 1095 4752 πύργος
1141 4682 1419 4753 μέγιστος,
1478 4684 1571 4737 καὶ
1618 4683 1851 4757 θηριώδη

1959 4699 2071 4745 tres
2129 4688 2248 4744 dies
2281 4695 2527 4756 -tresque
2560 4685 2723 4739 horas
2760 4682 2962 4748 noctis,
3017 4682 3291 4737 interdum
3331 4697 3359 4736 a
3395 4680 3529 4752 (die

256 4770 453 4841 τείχη.
479 4770 904 4842 Διακονούμενος
937 4772 1040 4828 ὑπὸ
1074 4776 1400 4846 μελανδύτου
1429 4793 1446 4808 ⁶
1480 4777 1646 4831 ἐλεῶν
1681 4795 1741 4831 τε
1769 4779 1851 4832 ml

1959 4781 2098 4838 festo
2129 4779 2149 4851 )
2181 4778 2367 4834 Matris
2397 4776 2693 4843 Altissimi,
2725 4791 2834 4831 non
2862 4790 2967 4829 una
3006 4791 3035 4829 e
3067 4771 3290 4845 (notis)
3337 4773 3528 4844 plane-

257 4865 597 4935 ἐλεούμενος
623 4881 638 4896 ·
663 4864 778 4921 ἐστι
806 4866 862 4920 δὲ
883 4867 1192 4939 δυσώνυμος
1220 4870 1444 4941 κήλησις
1470 4869 1633 4925 αὐτοῦ
1660 4869 1851 4942 θηριώ-

1958 4877 2049 4941 tis,
2100 4891 2272 4945 usque
2299 4876 2364 4931 ad
2399 4875 2597 4931 festum
2646 4872 2910 4930 salutaris
2953 4868 3157 4928 Christi
3201 4873 3528 4927 nativitatis.

261 4975 448 5030 νυμος
485 4955 668 5022 λύκος,
693 4962 788 5014 καὶ
823 4962 960 5033 αὐτῇ
989 4964 1054 5032 τῇ
1082 4961 1234 5029 τάξει
1279 4964 1521 5031 πέφυκεν
1561 4962 1851 5037 ίλούστριος

1957 4965 2022 5020 Ει
2053 4967 2071 5037 (
2100 4966 2354 5022 audietur
2379 4965 2399 5037 )
2426 4979 2603 5036 praeco
2636 4965 2786 5020 clara
2815 4980 2946 5021 voce
2982 4964 3252 5029 clamans,
3285 4978 3528 5020 evocans

260 5054 570 5124 φυλάττειν
614 5053 794 5107 πᾶσαν
839 5053 1169 5120 θεοσέϐειαν,
1213 5054 1308 5107 καὶ
1382 5056 1735 5128 προφητείαν.
1765 5058 1851 5122 ιΟύ

1957 5068 2008 5114 et
2037 5061 2284 5116 revelans
2311 5067 2609 5130 speratum.
2628 5057 2768 5115 Tum
2796 5058 3030 5130 papulus
3059 5058 3248 5114 videns
3267 5057 3528 5113 audiens-

260 5143 691 5218 npo;qrdp§a;,
757 5146 853 5200 ml
903 5148 981 5211 είς
1011 5148 1173 5220 μηδὲν
1202 5147 1670 5219 χρησιμεύσας,ὂν
1701 5148 1851 5215 ἐξου-

1958 5168 2066 5223 que
2118 5160 2394 5208 tonantem
2449 5153 2717 5224 praaconis
2789 5167 2977 5208 vocem
3052 5151 3524 5217 commovebitur,

255 5239 464 5292 δένουν
495 5237 545 5290 οἱ
566 5236 840 5310 ἄνθρωποι
873 5238 945 5304 ὼς
977 5240 1168 5311 νεκρὸν
1194 5241 1343 5308 ὄντα,
1380 5239 1475 5294 καὶ
1511 5241 1676 5313 μηδὲν
1714 5260 1850 5313 χρη-

1960 5262 2296 5318 snrgensquc
2347 5263 2469 5302 cum
2528 5246 2710 5302 laetitia
2747 5254 2802 5301 et
2839 5254 2984 5302 metu
3016 5261 3076 5302 se
3102 5254 3378 5315 speratum
3415 5258 3524 5298 non

261 5332 595 5406 σιμεύοντα.
642 5333 1005 5405 ’Δποκαλύψει
1041 5337 1069 5389 ό
1108 5335 1239 5399 Θεὸς
1295 5335 1388 5390 καὶ
1430 5335 1734 5407 ἐμφανίσει,
1758 5340 1851 5393 xal

1961 5355 2190 5396 noscere
2233 5333 2526 5394 Δςιιιιιιῖιιιιίι
2593 5355 2986 5410 ;omnesqne,
3060 5348 3351 5409 postquam
3419 5337 3526 5391 fer-

1828 5477 2061 5538 ΝΟΤιιΕ.

263 5595 489 5726 ὸεὲῗὲ.)
521 5593 607 5651 An
647 5594 1012 5668 τρικόνδυλος,
1062 5604 1142 5651 ter
1189 5597 1497 5654 articulatm
1539 5598 1850 5671 digitorha-

500 5735 613 5791 Καί
641 5735 760 5793 τῶν
789 5737 1024 5819 ξανθῷνς
1051 5738 1157 5807 τὰς
1177 5739 1500 5819 μηχανάς..-
1525 5742 1644 5798 lluc
1678 5743 1846 5819 perli-

263 5809 494 5955 3:021:
509 5821 716 5906 .vcrsus
751 5813 964 5869 oraculi
991 5811 1058 5870 de
1087 5809 1435 5871 restitutione
1462 5809 1845 5873 Constantino-

2042 5597 2219 5655 Ἀλλὰ
2239 5615 2312 5653 σε
2351 5597 2724 5664 πυρίστατον
2752 5595 2851 5651 καί
2885 5595 3112 5663 ξανθὸν
3132 5594 3330 5665 γένος.

1951 5670 2181 5725 Videtur
2211 5679 2392 5724 autem
2427 5670 2572 5737 lnqui
2614 5670 2681 5722 de
2712 5668 2944 5724 Latinis.

2026 5741 2135 5812 (6|)
2170 5740 2278 5806 Τὰς
2314 5742 2521 5809 χύσερς
2543 5740 2664 5793 τῶν
2688 5739 2969 5809 αἱμάτων.
3009 5737 3253 5811 Respicit
3277 5737 3345 5793 ad
3379 5737 3527 5796 hunc

1957 5813 2162 5869 oraculi
2193 5814 2368 5866 octavi
2395 5826 2615 5866 versum
2645 5829 2658 5864 :

2031 5882 2260 5956 Σφαγαί
2290 5883 2400 5953 γὰρ
2421 5882 2489 5938 ἐν
2514 5882 2610 5937 συὶ
2640 5884 2737 5938 καὶ
2776 5883 3103 5953 προχύσεις
3135 5881 3417 5954 αἱμάτων.
