3968 6308
452 374 593 437 1159

1869 373 2215 434 ΑΝΟΝΥΜΙ
2306 433 2309 437 «

3599 365 3726 430 1160

1553 689 2059 769 AUCTORIS
2134 691 2607 769 ANONYMI

1186 865 1296 926 QL’I
1346 865 1667 917 CREDITUR
1693 864 1847 916 ESSE
1870 864 2257 919 FRANCISCUS
2300 862 2972 919 PATRICIUS‘DALMATA

852 1043 1887 1201 EXPOSITIO
2031 1045 3329 1206 ORACULORUM

1681 1320 2156 1380 IMPERATORIS
2212 1324 2462 1383 LEONlS

450 1478 545 1537 Uti
571 1496 638 1537 ex
662 1479 845 1537 (ἔναντα
881 1482 933 1536 in
972 1480 1222 1536 Latinum
1248 1490 1297 1534 et
1328 1480 1596 1551 rnlgarcm
1630 1479 1832 1534 Italum
1865 1496 2158 1538 sermonem
2185 1483 2474 1549 translata,
2495 1498 2635 1536 anno
2664 1481 2822 1551 1596,
2862 1481 3063 1538 Brixiae
3095 1482 3149 1537 in
3183 1480 3351 1537 lucem
3382 1480 3716 1552 prodierunt.

792 1792 1295 1849 EPIGRMIMATA
1338 1792 1621 1849 FIGURJ‘I
1660 1793 1702 1850 1.

446 1889 509 1943 Α.
549 1887 611 1941 In
660 1889 828 1941 medio
888 1891 1216 1961 geminorum
1273 1905 1574 1953 carrorum,
1614 1898 1663 1942 et
1723 1888 2021 1942 volatilium

519 1960 835 2014 absnnteris.

450 2028 507 2082 Β.
544 2028 609 2084 Et
652 2029 944 2084 linearibus
995 2030 1182 2101 ﬁguris
1226 2039 1417 2084 notans
1457 2039 1658 2096 tempus
1708 2029 1897 2100 quibus
1944 2044 2027 2082 re-

517 2102 746 2155 manebit
780 2103 1091 2171 patrimonii
1125 2100 1271 2170 finis,
1294 2117 1435 2155 ursa:
1459 2111 1635 2155 autent
1674 2117 1883 2155 eversor
1915 2116 2026 2154 ser-

514 2188 641 2255 pens
692 2173 851 2226 miser
881 2175 1027 2228 solns
1080 2189 1098 2227 :
1146 2189 1176 2227 0
1226 2172 1438 2242 quando
1468 2172 1634 2242 fueris
1687 2188 1807 2226 esca
1843 2172 2027 2225 imma-

520 2260 662 2296 ntum
698 2260 996 2298 COTUOTIHR.

445 2314 508 2367 (ἒ.
544 2314 790 2369 Secunda
823 2318 997 2383 proles
1038 2314 1150 2369 alia
1180 2313 1376 2376 bellua,
1402 2313 1724 2383 supinusque
1765 2312 1835 2366 ad
1858 2312 2023 2366 meri-

518 2384 655 2438 diem
676 2400 911 2453 serpens.
962 2386 1184 2455 supinus
1233 2385 1407 2456 nigro.
1436 2395 1485 2438 et
1520 2386 1668 2454 niger
1711 2394 1874 2449 totus,
1912 2384 2027 2456 (nec

517 2459 686 2510 corvis
713 2452 997 2510 crudeliter
1026 2452 1317 2524 adempta}
1354 2455 1561 2509 Etenim
1580 2452 1779 2525 genus
1809 2469 1873 2509 ea:
1912 2452 2026 2510 an

521 2526 735 2594 {aniilia
762 2527 957 2596 infame
976 2527 1171 2581 ducens
1203 2523 1497 2580 miserabili
1523 2523 1693 2578 clade.
1739 2523 1808 2578 Te
1849 2526 2025 2595 ipsum

517 2614 626 2651 una
659 2614 772 2652 cum
814 2601 1027 2653 civitate
1056 2598 1264 2669 perdes,
1294 2605 1344 2651 et
1377 2597 1454 2651 tui
1500 2598 1726 2667 gemitus
1776 2607 1936 2651 testas
1976 2606 2027 2651 et

518 2684 626 2724 ver.

1023 2759 1458 2819 EXPOSITIO.

515 2872 652 2930 Cum
711 2874 1042 2946 signiﬁcatio
1100 2875 1375 2947 serpentis
1418 2875 1475 2931 in
1530 2874 1767 2928 maxima
1802 2885 2027 2928 venera-

453 2969 597 3024 tione
663 2967 853 3024 habita
899 2967 1067 3025 fuerit
1120 2967 1268 3039 apud
1330 2969 1588 3038 antiquos
1642 2966 1945 3033 Romanos,
1975 2976 2029 3021 et

451 3068 636 3131 postea
674 3062 819 3131 apud
877 3060 1120 3129 Graecos,
1173 3072 1225 3116 et
1268 3059 1603 3133 Egyptios;
1644 3061 1903 3130 quoniam
1932 3073 2031 3129 pro

2056 1799 2097 1856 Α
2131 1797 2518 1850 trecentesimo
2544 1794 2902 1863 nonagesimo
2940 1802 3172 1862 octavo;
3209 1795 3279 1850 ob
3306 1793 3361 1849 id
3392 1802 3597 1864 postca
3631 1794 3723 1847 int-

2137 1899 2420 1959 peratores
2451 1887 3048 1955 Constantinopolitaui
3089 1886 3261 1942 vocali
3295 1895 3426 1942 sunt
3459 1883 3719 1940 Orienta-

2134 1980 2235 2043 les,
2280 1979 2513 2034 Romani
2569 1993 2699 2034 vero
2759 1978 3163 2041 Occidentales,
3212 1977 3303 2046 qui
3351 1992 3452 2047 per
3506 1974 3723 2045 aliquod

2134 2080 2354 2140 tempus
2381 2076 2676 2125 cessarunt
2707 2075 2931 2139 prepter
2966 2066 3268 2121 Gothorum
3300 2065 3635 2130 adventum,
3665 2073 3715 2118 et

2136 2164 2427 2233 imperium
2474 2166 2527 2217 in
2575 2162 2806 2217 Galliam
2843 2162 2944 2214 fuit
2974 2160 3214 2214 delatum
3249 2158 3449 2215 Carolo
3490 2158 3720 2229 Magno;

2134 2268 2189 2310 et
2236 2258 2316 2311 sic
2369 2270 2545 2327 usque
2598 2254 2664 2309 ad
2723 2253 2978 2308 Carolum
3028 2253 3281 2323 Magnum
3326 2252 3630 2321 imperavit
3673 2251 3724 2304 in

2135 2345 2412 2402 Orientem
2433 2353 2552 2413 post
2571 2344 2937 2401 Theodosium
2966 2342 3241 2412 iuniorem
3255 2341 3719 2407 {Valentinianus

2137 2444 2335 2498 tertius
2363 2440 2561 2497 deinde
2600 2438 2822 2493 Flavius
2860 2435 3110 2492 Valerius
3153 2434 3479 2500 Martianus,
3526 2433 3583 2488 in
3624 2448 3724 2503 quo

2137 2536 2299 2592 desiit
2330 2535 2625 2606 imperium
2648 2532 2781 2595 CP.,
2807 2532 2937 2603 quia
2981 2541 3099 2601 post
3136 2529 3469 2584 Martianum
3511 2534 3723 2583 creatus

2135 2639 2219 2686 est
2268 2628 2380 2684 Leo
2440 2628 2653 2700 primus
2702 2626 2771 2681 de
2823 2626 2993 2694 stirpe
3028 2623 3252 2690 Graeca;
3304 2621 3446 2676 unde.
3495 2618 3720 2674 mutatio

2138 2724 2527 2793 imperatorum
2561 2719 2921 2776 Orientalium
2954 2716 3324 2770 Romanorum
3349 2715 3403 2767 in
3443 2712 3722 2768 Martiano

2135 2814 2320 2879 desiit,
2351 2822 2404 2868 et
2431 2813 2531 2867 hoc
2564 2819 2726 2883 pacto
2763 2810 2931 2878 cmpit
2962 2808 3120 2863 tertia
3150 2804 3381 2860 mutatio
3415 2803 3720 2873 imperiali!

2140 2907 2193 2960 in
2254 2903 2446 2960 Grasco
2497 2904 2767 2975 sanguine
2818 2902 2965 2955 Circa
3010 2915 3211 2955 annum
3255 2895 3724 2969 quadringentesi-

2140 3010 2286 3049 mum
2335 2994 2736 3066 sexagesimum
2781 2992 2835 3046 in
2870 2991 3050 3047 Leone
3080 2990 3279 3062 primo,
3318 2998 3373 3043 et
3401 2990 3482 3045 sic
3508 3004 3607 3059 per
3646 2987 3721 3041 vi-

2137 3088 2272 3158 ginti
2305 3087 2548 3159 quinque
2602 3087 2959 3157 imperatores
3009 3085 3065 3138 in
3125 3081 3460 3152 Nicephoro,
3519 3081 3577 3134 id
3620 3088 3721 3142 est,

451 3162 708 3254 lemma
756 3156 851 3254 ῃῘο
885 3155 1261 3254 i'l'emgebaf"
1293 3154 1454 3243 dem“
1486 3152 1879 3254 ὦδε-πέψω,
1903 3150 2033 3254 Fpi:
2067 3170 2110 3227 Β
2137 3150 2267 3254 post
2295 3150 2511 3251 imperii
2541 3150 2956 3232 translationem
3004 3178 3059 3231 in
3099 3150 3367 3240 Galliam;
3403 3174 3501 3229 sed
3538 3180 3719 3227 secuta

450 3251 683 3305 daurum
717 3265 731 3304 :
761 3251 884 3305 ideo
913 3248 1087 3305 Graeci
1122 3247 1227 3303 sub
1254 3238 1507 3318 serpente
1545 3246 1750 3301 coloris
1797 3242 2028 3300 subﬂavi

450 3342 692 3414 depicto,
754 3358 944 3399 eorum
1003 3340 1305 3397 dominium
1367 3338 1656 3396 ostendere
1716 3337 2030 3402 voluerunt,

452 3433 614 3490 sicuti
668 3432 771 3489 sub
823 3432 1005 3504 aquila
1069 3430 1373 3488 Romanum
1433 3430 1722 3501 imperium
1790 3427 2033 3485 ostendi-

455 3536 567 3592 tur,
610 3536 665 3583 et
688 3527 790 3583 sub
818 3526 992 3582 tribus
1020 3526 1166 3581 lunis
1204 3523 1506 3579 Turcarum
1540 3522 1853 3593 imperium,
1886 3521 2031 3592 qttod

453 3630 539 3676 est
568 3620 804 3689 primum
840 3617 1058 3689 signum
1094 3617 1281 3689 magni
1312 3612 1618 3671 Sulthauis.
1644 3612 1875 3685 Propter
1905 3613 2029 3678 hoc,

456 3714 510 3768 in
544 3714 720 3784 prima
758 3710 929 3782 figura
960 3709 1051 3764 ubi
1075 3708 1342 3780 aspicitur
1382 3722 1633 3778 serpens,
1695 3704 2037 3776 significatur

454 3806 661 3863 Graecia
692 3803 908 3869 amicta,
943 3818 1065 3874 qua:
1090 3811 1214 3871 post
1246 3798 1483 3855 Leonem
1514 3797 1906 3868 Philosophum
1937 3797 2038 3851 im-

455 3908 765 3971 peratorem
820 3894 1496 3963 Constantinopolitanum
1554 3892 1709 3946 valde
1761 3889 1864 3944 fuit
1918 3898 2035 3944 tur-

457 3995 607 4059 hata,
642 4000 696 4047 et
739 3991 808 4047 ab
852 3989 1107 4055 internis,
1134 3995 1190 4042 et
1250 3986 1318 4042 ab
1363 3984 1629 4049 externis,
1661 3992 1715 4038 et
1748 3999 1779 4037 a
1820 3981 2034 4048 vicinis,

457 4096 511 4140 et
539 4083 643 4139 hoc
679 4098 776 4154 per
800 4098 975 4138 annos
1010 4088 1319 4137 trecentum
1349 4087 1404 4134 et
1436 4085 1569 4142 tres,
1591 4077 1644 4131 id
1666 4086 1772 4140 est,
1798 4076 1866 4130 ab
1892 4088 2037 4129 anno

462 4177 944 4249 noningentesimo
987 4183 1042 4231 et
1070 4174 1265 4245 quinto
1292 4187 1322 4226 a
1351 4172 1571 4228 Christo
1602 4180 1732 4225 nato
1765 4183 1939 4239 usque
1969 4168 2036 4223 ad

462 4271 817 4327 millesimum
851 4269 1289 4324 ducentesimum
1330 4274 1739 4334 octavum,quo
1770 4271 2037 4332 tempore,

464 4374 526 4418 ut
553 4361 749 4418 recitat
780 4359 1069 4432 Egnatius,
1098 4359 1251 4413 fuere
1277 4356 1504 4430 triginta
1543 4356 1921 4425 imperatores,
1955 4353 2041 4407 iu-

464 4453 717 4526 t-ipiendo
746 4452 817 4509 ab
856 4451 1191 4535 ipsobeone
1216 4464 1390 4518 usque
1434 4449 1499 4504 ad
1532 4447 1871 4503 Murcitilum
1908 4444 2036 4499 ulti-

462 4562 614 4604 mum
669 4542 920 4599 Graecum
982 4526 1402 4614 imperatorem,
1470 4539 1525 4595 in
1602 4539 1764 4594 tertia
1826 4535 2039 4608 imperii
2066 4518 2110 4577 ο

468 4641 796 4703 tnutatiOue,
822 4638 947 4693 dico
976 4636 1138 4692 tertia
1172 4633 1505 4700 mutatione;
1534 4632 1661 4703 quia
1689 4631 1860 4703 prima
1891 4629 2041 4685 Grae-

465 4744 658 4786 corum
689 4728 813 4795 fuit,
847 4726 1064 4799 quando
1094 4725 1403 4781 Alexander
1434 4723 1661 4795 Magnus
1709 4723 1763 4776 in
1805 4736 1899 4776 eos
1944 4722 2043 4776 de-

467 4823 599 4878 tulit-
629 4820 917 4890 imperium
967 4834 1111 4875 anno
1159 4817 1547 4873 trecentesimo
1591 4816 1856 4871 vicesimo
1887 4822 2044 4867 sexto

469 4926 597 4973 ante
624 4902 905 4973 Christum
938 4924 1153 4979 natum,
1196 4910 1341 4966 unde
1380 4910 1616 4964 mutatio
1640 4908 1743 4963 ista
1781 4924 1885 4963 una
1915 4922 2042 4963 cum

470 5008 694 5065 nomine
722 5005 997 5077 imperiali
1028 5018 1204 5074 usque
1233 5001 1305 5057 ad
1330 5008 1559 5055 mortem
1580 4997 1814 5069 Philippi
1848 4999 2048 5068 perdu-

470 5099 636 5166 ravit,
665 5097 919 5154 videlicet
945 5110 1041 5168 per
1068 5108 1260 5148 annos
1298 5090 1594 5146 ducentum
1639 5091 1861 5159 triginta
1886 5091 2048 5161 quin-

472 5206 602 5261 que,
646 5204 759 5261 quo
800 5198 1045 5259 tempore
1097 5185 1265 5253 erepit
1304 5183 1544 5240 secunda
1586 5183 1884 5253 imperialis
1930 5200 2049 5238 mu-

471 5284 607 5340 tatio
698 5281 802 5339 sub
864 5278 1242 5334 Romanorum
1299 5275 1579 5341 dominio;
1632 5290 1741 5345 quo
1803 5284 2051 5344 tempore

472 5376 704 5449 Magnus
751 5372 1150 5428 Constantinus
1184 5367 1507 5441 Byzantium
1548 5367 1832 5422 transtulit
1872 5367 2047 5436 impe-

480 5472 623 5525 rium
652 5467 982 5531 Romanum,
1004 5472 1061 5519 et
1094 5462 1161 5518 ab
1185 5463 1305 5533 ipso
1339 5461 1534 5516 civitas
1581 5460 1728 5515 dicta
1767 5461 1869 5514 fuit
1905 5459 2052 5515 Con-

476 5560 904 5633 stantinOpolis;
934 5554 1307 5630 perseveravit
1354 5553 1501 5611 istud
1537 5552 1847 5609 Romanum
1882 5554 2054 5626 impe-

479 5655 640 5720 rium,
700 5653 843 5724 quod
896 5651 1116 5706 tenebat
1162 5648 1390 5720 gradum
1437 5646 1762 5703 orientalem
1802 5655 1856 5702 et
1905 5648 2051 5702 occi-

477 5746 751 5804 dentalem
778 5760 954 5815 usque
980 5742 1049 5799 ad
1088 5740 1461 5803 Theodosium
1491 5743 1900 5811 imperatorem,
1934 5750 2056 5811 post

2140 3282 2223 3329 est
2268 3273 2431 3327 etiam
2486 3283 2609 3341 post
2660 3268 3021 3339 Nicephorum
3066 3266 3229 3321 tertia
3280 3266 3393 3319 haec
3425 3264 3721 3333 imperialis

2135 3366 2323 3422 Grtrca
2355 3363 2585 3419 mutatio
2628 3377 2803 3433 usque
2827 3361 2894 3417 ad
2925 3360 3251 3416 Murciiilum
3271 3358 3605 3429 (secundum
3629 3355 3721 3410 sli-

2139 3458 2305 3526 quos)
2339 3454 2742 3524 sexagesimum
2776 3452 3162 3522 imperatorem
3194 3448 3362 3519 hujus
3394 3448 3575 3503 tertia:
3609 3461 3721 3500 mu-

2136 3546 2365 3601 tationis
2394 3548 2448 3599 in
2481 3544 2748 3614 sanguine
2775 3542 2987 3607 Graeco,
3021 3548 3075 3598 et
3099 3540 3155 3595 in
3187 3540 3307 3610 ipso
3338 3538 3507 3594 desiit
3537 3536 3717 3607 stirpis

2135 3638 2337 3693 Griecte
2371 3635 2705 3706 imperium;
2736 3634 2882 3688 unde
2911 3632 3203 3702 hucusque
3254 3628 3575 3686 ostenditur
3621 3629 3718 3683 im-

2137 3731 2346 3801 perium
2371 3727 2621 3781 Graecum
2656 3726 2758 3780 sub
2789 3725 2958 3794 ligura
3003 3723 3278 3792 serpentis
3322 3721 3400 3793 (et
3455 3728 3717 3790 quantum

2137 3832 2256 3878 erat
2294 3816 2646 3890 duraturum)
2703 3817 2798 3888 qui
2843 3834 2871 3869 a
2913 3814 3127 3870 duobus
3180 3813 3499 3869 volatilibus
3549 3825 3717 3867 caecus

2137 3914 2407 3969 redditur.
2451 3913 2683 3979 Pr0pter
2739 3910 2844 3963 hoc
2907 3907 3040 3962 dicit
3112 3906 3468 3978 Epigramma
3528 3906 3572 3958 Α
3606 3920 3625 3960 :
3659 3900 3716 3956 In

2138 4008 2312 4064 medio
2340 4007 2667 4078 geminorum
2719 4018 2996 4056 carrorum
3045 4010 3095 4057 et
3141 4000 3440 4055 oolatilium
3481 3998 3715 4053 absume-

2139 4104 2214 4157 ris
2242 4117 2261 4156 :
2290 4102 2449 4173 quasi
2481 4098 2671 4153 dicat:
2706 4094 2750 4151 Ο
2788 4095 3074 4165 imperium
3110 4091 3384 4159 Graecum,
3419 4088 3715 4146 absumeris

2143 4195 2289 4247 inter
2343 4192 2484 4247 duos
2537 4204 2757 4254 corvos,
2800 4196 2893 4242 aut
2930 4185 3217 4252 volatiles;
3246 4184 3300 4240 id
3352 4192 3457 4250 est,
3506 4184 3711 4238 alienos

2148 4290 2466 4355 potentatus
2499 4278 2591 4349 qui
2642 4287 2695 4333 te
2740 4276 3048 4347 expellant;
3103 4282 3158 4330 et
3206 4274 3284 4328 ita
3343 4270 3582 4344 )Egyptii
3630 4282 3714 4341 per

2146 4385 2374 4425 corvum
2434 4367 2809 4438 intelligehant
2862 4363 3121 4420 infamem
3169 4361 3577 4433 expulsioncm,
3634 4360 3711 4412 in-

2145 4464 2284 4533 quit,
2313 4460 2462 4532 quud
2492 4459 2743 4531 expulsio
2781 4458 2887 4513 erit
2942 4457 3177 4512 duorum
3205 4468 3497 4510 corvorum
3525 4470 3540 4507 :
3567 4460 3618 4507 et
3644 4450 3711 4504 ita

2147 4555 2247 4609 fuit
2283 4570 2298 4619 ;
2335 4551 2595 4623 quoniam
2650 4550 2788 4605 alter
2839 4564 3031 4603 eorum
3088 4546 3190 4601 fuit
3239 4542 3583 4609 Murcilllus,
3627 4539 3710 4614 qui

2148 4647 2382 4703 credens
2416 4644 2668 4699 Grmcum
2706 4641 2995 4711 imperium
3026 4653 3323 4708 occupare,
3362 4636 3606 4691 Alexium
3630 4633 3712 4701 ju-

2146 4754 2340 4796 venem
2424 4737 2810 4807 imperatorem
2888 4733 3123 4800 occidit;
3200 4730 3295 4787 sed
3367 4731 3483 4800 ipse
3541 4727 3707 4783 statim

2147 4843 2346 4906 captus
2392 4829 2491 4884 fuit
2542 4844 2571 4882 a
2599 4826 2819 4883 Venetis
2844 4834 2898 4881 et
2931 4824 3126 4890 Gallis,
3166 4833 3222 4879 et
3270 4820 3590 4894 Byzantium
3620 4818 3707 4872 du-

2146 4938 2293 4989 ctus,
2352 4924 2523 4979 variis
2574 4920 2913 4976 cruciatibus
2974 4927 3259 4983 mortuus,
3318 4924 3373 4970 et
3431 4915 3709 4985 castigatus

2148 5016 2363 5073 acerbe.
2398 5012 2506 5069 Sed
2550 5011 2767 5066 interim
2813 5006 2962 5079 quod
2996 5006 3306 5062 Murcililus
3352 5005 3533 5074 fugam
3566 5015 3709 5072 cepe-

2151 5120 2255 5176 rat,
2286 5124 2416 5164 ecce
2450 5104 2735 5163 secundus
2757 5117 2982 5165 corvus,
3012 5099 3068 5155 id
3108 5108 3212 5164 est,
3247 5097 3552 5153 Balduinus
3573 5092 3709 5147 Flau-

2151 5206 2284 5261 drias
2315 5217 2521 5269 comes,
2573 5200 2665 5271 qui
2702 5197 3008 5254 dominium
3040 5196 3095 5249 et
3138 5195 3327 5249 urbem
3362 5194 3525 5262 cepit,
3555 5201 3606 5245 et
3640 5187 3708 5242 sic

2153 5298 2256 5354 fuit
2286 5298 2585 5367 imperator
2614 5300 2859 5357 creatus,
2901 5298 2959 5343 ut
2988 5287 3120 5343 dicit
3150 5285 3439 5356 Egnatius,
3468 5295 3521 5341 et
3543 5281 3649 5336 alii.

2486 5422 2991 5482 EPIGRAMMATA
3029 5417 3316 5477 FIGURAE
3357 5416 3423 5475 ll.

2154 5550 2220 5602 Α.
2256 5542 2483 5614 Duplex,
2534 5539 2742 5604 triplex,
2794 5537 2985 5593 etenim
3013 5535 3144 5614 avis
3186 5548 3340 5587 canes
3401 5520 3703 5597 erucigerttla

2225 5610 2350 5670 avis
2364 5629 2623 5684 equusque
2657 5626 2841 5663 rursus
2877 5610 3133 5677 corniger.

2157 5706 2219 5760 Β.
2254 5705 2543 5769 Maximus,
2599 5702 2876 5772 aviumque
2924 5714 3024 5752 rex
3056 5698 3234 5772 _salus,
3274 5691 3358 5747 hic
3398 5684 3703 5772 censueri-

2231 5778 2377 5849 piens
2436 5765 2688 5849 regnum,_
2725 5789 2751 5825 e
2791 5765 3101 5849 nte_ridie__in
3148 5782 3280 5836 equo
3322 5765 3702 5849 qtti‘et‘erllﬁ'fl:

477 5842 899 5916 quemdmsum
933 5838 1035 5893 Ῑυίί
1067 5834 1354 5907 imperi“1
1384 5833 1710 5900 Romanum:
1739 5843 1794 5890 ει
1822 5833 2055 5889 Arcadio
2084 5873 2133 5932 D
2231 5831 2431 5916 'nigero,
2481 5831 2583 5898 tino
2635 5831 2739 5908 die,
2792 5844 2964 5897 sidere
2986 5842 3089 5896 diei
3124 5831 3459 5909 percensenti:
3501 5831 3697 5886 medium

477 5941 664 5995 datum
713 5936 814 5993 Itttit
864 5933 1151 5999 orientale,
1186 5939 1237 5986 et
1278 5929 1477 5987 divisio
1528 5930 1639 5985 haec
1694 5928 1789 5983 fuit
1828 5930 1879 5984 iu
1910 5944 2053 5991 anno

2232 5920 2359 5990 poli.

3870 106 3907 239 li
