3968 6308
264 435 397 500 1161

1215 424 1744 488 ORACULORUM
1792 421 2065 484 LEONIS
2144 418 2570 483 EXPOSITIO.

3403 420 3534 485 “62

260 551 324 604 υ.
371 547 598 602 Monade
641 542 868 612 duplicis
915 537 1316 610 appellationis,
1370 533 1484 588 sola
1528 535 1717 612 prima
1757 549 1841 585 ra-
1877 537 1925 594 Α
1959 541 2142 590 ratore
2199 541 2324 605 post
2354 531 2674 588 Michaelem
2722 528 3088 604 Palteologum
3131 530 3531 588 Viterbiensetn

332 622 518 672 mentis
575 610 936 672 numerorum,
976 620 1182 679 postero
1206 614 1474 676 f'letnpore,
1515 614 1581 679 ut
1624 613 1672 659 et
1706 610 1842 679 bona

329 706 454 758 pars
514 674 1075 758 tetnporishexsistis,
1150 674 1366 758 quando
1419 674 1846 758 tenebis-crucis

332 748 629 826 imaginem.
674 755 924 813 mediam.
977 760 1028 807 et
1071 751 1253 804 audaa:
1290 764 1463 826 ‘qunam
1511 748 1760 806 maxime,
1796 753 1847 826 et

332 813 473 886 celer,
493 846 568 893 es,
595 839 645 883 et
675 827 744 881 ad
774 827 907 880 bella
941 833 1237 893 promptus.
1278 813 1324 872 0
1358 819 1525 893 Byste
1554 833 1735 886 genus,
1757 813 1848 870 sed

333 901 401 956 ad
437 889 731 956 extremum
761 889 971 951 occasio
1000 889 1160 964 {antae
1190 891 1396 944 lucrum
1421 889 1602 959 faciet.

855 980 1280 1042 EXPOSITIO.

336 1089 532 1166 Aquila
573 1100 699 1141 cum
735 1097 902 1138 cruce
928 1094 1130 1135 novum
1167 1079 1554 1150 imperatorem
1598 1074 1845 1140 denotat,

269 1182 323 1239 id
353 1190 460 1244 est,
493 1177 818 1248 Balduinum
860 1172 1263 1243 supradictutn,
1304 1170 1394 1240 qui
1446 1169 1596 1223 circa
1646 1180 1848 1220 annum

268 1273 619 1331 millesimum
669 1256 1112 1323 ducentesimum
1158 1273 1436 1324 octavum,
1488 1259 1697 1314 auxilio
1745 1254 1854 1312 Ve-

271 1380 525 1424 netorum
557 1373 612 1420 et
643 1361 922 1419 Gallorum
957 1365 1178 1413 creatus
1221 1364 1307 1410 est
1363 1353 1509 1408 illius
1543 1351 1646 1405 loci
1680 1351 1851 1419 impe-

271 1467 442 1524 rator,
493 1456 753 1528 quoniam
786 1453 930 1508 inter
981 1453 1130 1522 ipsos
1180 1447 1284 1504 fuit
1335 1453 1578 1518 pactum,
1621 1443 1666 1499 si
1710 1439 1852 1495 Galli

271 1557 528 1608 crearent
595 1547 883 1603 Dominum
935 1543 1317 1614 temporalem,
1366 1537 1553 1594 Veneti
1602 1540 1852 1590 crearent

272 1643 560 1699 Dominum
609 1637 988 1710 spiritualem;
1035 1635 1182 1690 unde
1230 1631 1369 1686 Galli
1430 1636 1690 1685 crearunt
1733 1623 1854 1677 Bal-

271 1737 504 1792 duinum
539 1748 603 1790 ex
646 1731 926 1788 Gallorum
956 1729 1126 1799 stirpe
1173 1729 1555 1796 imperatorem
1586 1721 1855 1776 Constan-

272 1829 718 1900 tinopolitanum,
760 1824 950 1880 Veneti
979 1837 1107 1878 vero
1151 1819 1418 1874 Thomam
1465 1816 1853 1870 Manrocenum

273 1922 422 1993 illius
471 1918 710 1974 civitatis
764 1915 1136 1987 patriarcham
1196 1911 1465 1966 iecerunt.
1518 1907 1623 1963 ista
1684 1906 1853 1977 ﬁgura
1886 1901 1929 1955 Β

272 2013 512 2070 ostendit
535 2020 750 2082 tempus
778 2010 941 2078 hujus
968 1999 1182 2077 imperii
1237 2007 1290 2058 iu
1326 2013 1552 2057 externa
1583 2001 1750 2070 stirpe
1800 1998 1853 2052 in

276 2106 384 2162 illis
429 2105 610 2160 verbis
657 2102 1068 2173 epigrammatis
1101 2100 1161 2159 A.
1198 2099 1395 2166 duplex
1444 2095 1661 2163 triplex,
1695 2101 1846 2155 etc.;

275 2181 433 2272 quasi
455 2200 639 2256 dicere
675 2199 823 2262 velit,
855 2196 1056 2265 duplt-x
1095 2193 1311 2262 triplex,
1347 2190 1449 2244 ho:
1480 2196 1588 2253 est,
1623 2202 1717 2242 sex
1755 2187 1859 2239 im-

275 2303 560 2365 peratores
587 2305 711 2347 cum
751 2291 910 2358 signo
942 2286 1138 2358 aquilze
1179 2299 1399 2338 crucem
1433 2281 1658 2336 ferentis
1694 2287 1858 2335 erunt

277 2390 332 2442 in
368 2385 620 2458 imperio.
660 2382 727 2438 Et
776 2383 850 2438 ita
898 2380 1022 2447 fuit,
1061 2379 1322 2451 quoniam
1376 2377 1478 2432 sub
1522 2375 1706 2446 aquila
1753 2375 1856 2429 ista

278 2479 642 2551 crucigerula,
665 2491 786 2549 quae
818 2491 913 2532 sex
945 2489 1156 2546 pennas
1209 2471 1349 2543 gerit
1379 2472 1431 2525 in
1483 2469 1643 2534 collo,
1674 2476 1860 2523 osten-

278 2575 482 2630 duntur
508 2587 604 2628 sex
633 2572 1014 2640 imperatores,
1070 2565 1122 2620 id
1173 2573 1279 2629 est,
1316 2562 1638 2626 Balduinus,
1667 2559 1860 2615 Henri-

275 2683 398 2732 cus,
433 2666 652 2730 Petrus,
697 2664 996 2729 Bubertus,
1044 2667 1098 2715 et
1133 2656 1372 2713 Joannes
1414 2656 1685 2711 Brennius
1712 2662 1860 2709 tutor

277 2777 404 2816 cum
440 2758 709 2815 Balduino
745 2755 1047 2812 secundum
1093 2752 1406 2813 nonnullos,
1449 2757 1505 2804 et
1534 2748 1627 2819 qui
1665 2758 1851 2818 postea

279 2850 578 2909 succedere
604 2848 851 2917 deberet,
881 2846 1097 2900 videtur
1135 2843 1190 2898 in
1227 2841 1621 2912 epigrammate
1660 2838 1724 2905 Β,
1756 2839 1848 2893 ubi

279 2944 484 3015 dicitur
516 2960 529 2997 :
563 2940 838 2995 Maximus
889 2938 1165 3006 aviumque
1203 2949 1295 2988 rex
1328 2932 1498 2995 solus,
1527 2944 1659 2998 etc.;
1701 2933 1861 3002 quasi

277 3036 468 3092 dicere
500 3032 633 3088 velit
669 3051 683 3086 :
727 3029 956 3101 Magnus
984 3037 1036 3083 et
1072 3028 1226 3081 solus
1260 3027 1440 3080 avium
1478 3039 1572 3078 rex
1606 3024 1709 3078 erit
1750 3024 1858 3087 ille,

278 3128 376 3200 qui
402 3127 586 3198 capiet
616 3123 922 3180 dominium
947 3119 1220 3185 Grtecum,
1272 3118 1368 3173 sed
1421 3125 1703 3172 transacto
1744 3133 1860 3171 me-

277 3221 441 3286 ridie,
485 3218 538 3274 id
562 3228 664 3285 est,
696 3233 792 3287 per
823 3216 970 3270 aliud
1028 3228 1252 3286 parvum
1281 3221 1498 3282 tempus
1531 3214 1774 3280 quiescet
1805 3211 1858 3265 in

280 3329 426 3386 equo
446 3311 752 3381 cornigero,
785 3317 839 3364 et
875 3309 947 3362 ita
998 3306 1125 3371 fuit,
1154 3305 1412 3373 quoniam
1449 3303 1644 3374 Aquila
1673 3319 1859 3359 cessa-
1885 3276 1930 3338 C

282 3406 362 3464 vit
387 3406 443 3460 in
471 3402 740 3458 Balduino
764 3399 1030 3456 secundo.

592 3510 1093 3571 EPIGRAMMATA
1149 3509 1437 3566 FIGURAE
1479 3507 1565 3564 lii.

285 3634 348 3687 Α.
375 3629 669 3686 Sultltanus
696 3626 1066 3693 Mecltemetes.
1111 3627 1156 3681 is
1209 3626 1302 3697 qui
1336 3623 1862 3694 Constantinopolin:

354 3713 609 3769 capturus
635 3710 732 3754 est.

284 3774 345 3826 Β.
392 3767 457 3826 In
513 3773 640 3825 locis
691 3769 944 3832 humidis,
978 3780 1026 3824 et
1074 3779 1266 3837 praeter
1314 3783 1454 3837 spem
1503 3768 1698 3833 cades;
1726 3767 1778 3819 in
1813 3775 1860 3819 te

355 3845 493 3896 enim
539 3843 747 3895 initium
781 3851 829 3895 et
861 3842 979 3910 ﬁnis
1011 3856 1173 3894 cornu
1203 3850 1301 3895 est.

283 3915 346 3969 C.
379 3913 546 3968 Fama
592 3908 986 3982 vulgatumiest,
1021 3913 1157 3980 quod
1193 3927 1344 3964 aures
1388 3908 1584 3971 habes;
1617 3919 1664 3982 et
1689 3909 1863 3982 hinnis

354 3985 488 4038 citra
517 3979 752 4038 amorem
789 3979 1136 4048 habenarum,
1176 3982 1229 4034 id
1261 3991 1358 4047 est,
1389 3981 1586 4034 laxatis
1619 3979 1860 4035 habenis.

859 4072 1283 4130 EXPOSITIO.

293 4177 307 4186 ‘
357 4166 656 4223 Videbatur
685 4164 830 4236 quod
858 4165 1068 4221 Crtecia
1101 4166 1415 4236 relinquens
1438 4164 1738 4219 dominium
1770 4179 1865 4217 ex-

285 4270 502 4318 ternum
536 4261 746 4331 Aquilae
787 4261 841 4314 in
874 4259 1142 4314 Balduiuo
1191 4260 1452 4322 secundo,
1487 4265 1541 4312 et
1581 4258 1747 4312 alium
1774 4273 1868 4311 tto-

284 4367 414 4407 vum
457 4360 512 4407 et
543 4351 787 4405 nativum
838 4351 1117 4420 accipiens
1166 4350 1470 4405 dominium
1503 4350 1556 4402 in
1607 4347 1868 4404 Michaele

286 4443 591 4514 Palseologo
620 4443 737 4514 (sed
766 4443 1095 4498 intermedio
1132 4443 1404 4512 imperiali
1442 4445 1742 4498 secundum
1768 4443 1867 4496 ali-

290 4553 430 4609 quos
459 4537 658 4603 Alexii,
715 4536 930 4607 Angeli,
996 4534 1501 4603 Theodorilascori,
1534 4547 1588 4591 et
1637 4533 1867 4591 Joannis

1950 642 2095 684 anno
2125 627 2338 684 Domini
2365 626 2661 683 millesimo
2698 626 3238 697 quadringentesimo
3263 627 3535 698 quinqua-

1951 707 2160 792 gesimo
2191 722 2373 787 tertio,
2406 728 2461 776 et
2507 720 2609 776 ista
2641 719 3013 790 perseverabit
3041 735 3136 790 per
3185 729 3392 791 septem
3428 721 3532 774 im-

1948 821 2233 884 peratores
2265 811 2698 866 Maucmetauos.
2733 810 3018 878 Quomodo
3052 822 3232 866 autem
3269 825 3534 878 pervene-

1949 909 2022 964 rit
2066 909 2350 979 imperium
2393 907 2539 965 istud
2595 907 2647 962 in
2685 906 3008 974 Mechemet,
3039 907 3229 962 dicunt
3280 906 3533 961 Historia:

1949 1002 2392 1067 Ottomanorum,
2423 1010 2478 1059 et
2524 1002 2850 1065 Turcarnm,
2898 1010 2952 1057 et
3013 1000 3347 1060 Graecorum,
3384 999 3531 1068 quod

1952 1094 2179 1149 Michael
2216 1093 2553 1166 Palazologus
2582 1095 2803 1166 reliquit
2833 1094 3231 1157 Andronicum,
3259 1093 3349 1163 qui
3397 1091 3533 1147 duos

1955 1191 2095 1247 ﬁlios
2115 1192 2342 1254 habens,
2391 1188 2772 1259 Calojannom,
2826 1198 2879 1244 et
2932 1186 3364 1251 Emmanuelcm,
3411 1184 3535 1238 reli-

1952 1284 2071 1354 quit
2110 1291 2346 1338 tutorem
2393 1279 2660 1336 Joannem
2709 1281 3171 1344 Cantucuzenum,
3225 1278 3316 1347 qui
3378 1276 3537 1333 Calo-

1949 1378 2101 1449 janni
2148 1377 2311 1431 ﬁliam
2348 1376 2403 1431 in
2448 1375 2854 1430 matrimonium
2909 1373 3197 1428 collocavit
3237 1388 3250 1436 ;
3287 1372 3380 1426 sed
3415 1380 3535 1425 orta

1955 1471 2305 1528 dissensione
2342 1471 2487 1526 inter
2517 1469 2955 1526 Cantacuzenutn
2991 1475 3043 1520 et
3079 1481 3360 1538 generum,
3395 1465 3535 1519 Cau-

1957 1573 2255 1619 taeuzenus
2302 1578 2561 1635 generum
2613 1564 2845 1634 expulit,
2897 1577 2955 1618 se
3013 1562 3398 1630 imperum-em
3449 1560 3532 1613 lo-

1956 1660 2142 1724 ciens;
2171 1663 2266 1714 sed
2290 1658 2618 1726 Calojannes
2665 1658 2718 1712 in
2771 1667 2971 1710 statum
3002 1655 3313 1717 restitutus,
3341 1650 3541 1709 Caula-

1957 1773 2224 1812 cuzeuum
2257 1756 2507 1811 multavit
2534 1754 2748 1818 exsilio,
2778 1754 2868 1825 qui
2912 1769 2970 1808 se
3010 1753 3333 1807 monachum
3383 1750 3532 1805 ferit.

1961 1848 2058 1904 llic
2089 1849 2420 1917 Calojannes
2462 1847 2869 1902 Emmanuelcm
2925 1845 3132 1911 habuit,
3174 1847 3264 1915 qui
3299 1851 3418 1914 post
3448 1859 3541 1912 pa-

1961 1951 2096 1996 trem
2159 1942 2334 1996 teuuit
2388 1941 2698 2009 imperium,
2743 1948 2795 1994 et
2857 1951 3065 2006 septem
3129 1937 3320 1991 habuit
3374 1937 3538 1998 ﬁlios,

1955 2031 2259 2097 Joannem,
2311 2029 2714 2092 Andronicum,
2782 2027 3166 2087 Theodorum,
3223 2025 3541 2081 Constanti-

1958 2138 2110 2182 num.
2133 2121 2487 2187 Demetrium,
2509 2119 2796 2183 Thomam,
2822 2129 2873 2172 et
2911 2117 3253 2172 Michaelem.
3275 2115 3543 2183 Tempore

1960 2216 2118 2272 istius
2148 2214 2518 2270 Emmanttelis
2547 2213 2896 2282 imperatoris
2931 2211 3130 2266 accidit
3153 2211 3294 2278 quod
3337 2209 3546 2264 Μιδριιρ·

1961 2309 2392 2366 metTurcarum
2427 2308 2748 2379 imperator,
2789 2318 3070 2376 postquam
3097 2321 3125 2359 a
3160 2303 3376 2360 Venetis
3406 2304 3542 2358 mari

1960 2404 2276 2478 proﬂigatus
2326 2411 2495 2467 esset,
2548 2413 2598 2456 et
2645 2417 2765 2456 eum
2800 2401 2935 2471 ipsis
2975 2399 3170 2454 deinde
3223 2412 3406 2468 pacem
3449 2396 3545 2451 ha-

1959 2499 2133 2564 beret,
2164 2507 2275 2551 uta
2310 2495 2479 2551 fratre
2502 2493 2753 2549 Mustaf'e
2789 2493 3193 2565 aggrederetur,
3228 2492 3318 2559 qui
3353 2501 3542 2558 pos'ea

1965 2588 2280 2644 Salonicum
2350 2587 2614 2656 aufugit:
2662 2586 2804 2656 quod
2863 2584 3170 2656 intelligens
3223 2582 3540 2647 Mechetttet,

1968 2700 2090 2740 cmn
2130 2683 2374 2739 exercitu
2414 2681 2633 2754 petebat
2675 2678 2919 2734 Mustal‘ae
2951 2678 3407 2749 gubernatorem;
3447 2677 3542 2749 qui

1971 2793 2096 2832 cum
2127 2775 2463 2832 Emmanueli
2488 2773 2677 2830 Graeco
2710 2773 3027 2841 imperatori
3053 2775 3118 2827 de
3155 2773 3257 2826 hoc
3290 2772 3545 2842 scripsis-

1966 2880 2073 2934 set,
2109 2883 2432 2940 responsum
2488 2867 2609 2923 tulit
2648 2864 3000 2934 huiusmodi:
3040 2865 3181 2935 qttod
3222 2861 3543 2917 Emmanuel

1968 2971 2022 3016 et
2056 2962 2414 3018 Mechemetes
2463 2959 2766 3017 concordes
2809 2958 2994 3024 l‘uere;
3041 2969 3096 3013 et
3141 2957 3393 3027 promisit
3433 2953 3547 3010 Mu-

1971 3055 2166 3110 stal‘am
2199 3070 2422 3111 carcere
2462 3055 2833 3118 detenturum,
2873 3054 2925 3107 in
2974 3068 3083 3125 quo
3115 3051 3414 3123 permansit
3462 3066 3548 3104 ns-

1964 3165 2071 3219 que
2119 3152 2183 3204 ad
2233 3159 2460 3204 mortem
2497 3147 2850 3204 Meehemetis
2880 3147 3065 3219 primi.
3111 3145 3339 3215 Propter
3374 3144 3541 3200 istam

1965 3241 2275 3298 Grarcurum
2337 3243 2605 3297 actionem
2660 3249 2869 3294 tantum
2924 3250 3114 3294 auctus
3157 3247 3239 3294 est
3277 3251 3432 3291 amor
3488 3235 3549 3290 in

1971 3332 2374 3395 Mvchcmetem,
2409 3342 2465 3385 ιιι
2498 3330 2644 3384 omni
2679 3345 2869 3385 eorum
2903 3327 3152 3398 petitiOui
3188 3327 3486 3384 assentiret
3520 3343 3537 3379 :

1967 3426 2107 3479 unde
2137 3434 2246 3478 tam
2277 3425 2436 3479 valde
2477 3422 2663 3477 ﬂoruit
2690 3419 2900 3477 Graecia
2924 3423 2974 3476 in
3006 3421 3093 3476 illa
3131 3420 3544 3490 tranquillitate.

1966 3528 2025 3571 ut
2058 3528 2313 3587 tauquam
2343 3532 2478 3570 nova
2505 3530 2705 3584 sponsa
2743 3514 2799 3568 in
2828 3515 2940 3569 utio
2962 3523 3016 3569 et
3041 3514 3224 3584 quiete
3255 3527 3545 3584 Permane-

1967 3614 2072 3672 ret,
2114 3605 2218 3659 nisi
2271 3603 2586 3659 Emmanuel
2629 3603 2928 3674 imperator
2970 3603 3091 3657 ﬁliis
3129 3618 3351 3672 regnum
3405 3602 3546 3656 divi:

1966 3702 2149 3766 sisset,
2189 3715 2417 3770 quorum
2466 3697 2840 3753 dissensiones
2885 3713 3048 3754 causa
3079 3696 3234 3752 fuere
3270 3695 3560 3766 augmenti

1967 3793 2403 3858 Ottomanorum,
2451 3801 2506 3844 et
2565 3791 2800 3859 propriae
2855 3790 3178 3860 perditionis
3219 3809 3232 3845 :
3267 3787 3540 3859 quoniam

1967 3884 2225 3939 defuncto
2254 3881 2629 3945 Emmanuelc,
2667 3881 2906 3935 Jo:tnues
2961 3882 3354 3951 primogenitus
3404 3879 3549 3949 cepit

1969 3976 2298 4047 imperium;
2335 3986 2390 4029 et
2420 3983 2536 4042 post
2574 3973 2748 4041 ipsum
2775 3990 2898 4029 cum
2925 3973 3318 4030 Constantinus
3358 3975 3408 4029 itt
3444 3990 3546 4045 pa~

1968 4069 2124 4124 ciﬁco
2150 4067 2393 4121 dominio
2423 4077 2568 4121 esset
2603 4067 2954 4134 constitutus,
2993 4075 3046 4121 et
3079 4065 3251 4123 Graeci
3281 4083 3402 4123 cum
3436 4066 3547 4123 Mo-

1969 4161 2215 4215 chemete
2272 4160 2511 4214 secundo
2570 4157 2747 4212 foedus
2796 4159 3223 4227 percussissent,
3289 4173 3394 4214 non
3451 4159 3544 4215 diu

1969 4254 2270 4323 permansit
2328 4253 2380 4308 in
2417 4255 2506 4308 illa
2564 4253 2975 4322 tranquillitate,
3009 4253 3134 4321 quia
3181 4251 3547 4308 M'echemetes

1971 4351 2241 4418 superbus
2279 4360 2332 4402 et
2366 4349 2600 4416 invidus,
2649 4350 2853 4405 hedera
2897 4363 3006 4404 non
3053 4348 3353 4418 respiciens
3379 4388 3395 4417 ,
3438 4349 3551 4405 imo

1969 4440 2078 4497 illis
2129 4442 2443 4512 pOSlpOSilis
2494 4460 2597 4500 una
2668 4462 2788 4500 cum
2845 4443 3052 4514 legibus
3103 4453 3157 4498 et
3196 4442 3548 4512 iuramentis,

1970 4536 2436 4606 propugnaculum
2465 4539 2663 4600 erexit,
2691 4538 2834 4608 quod
2881 4537 3180 4592 vocabatur
3221 4537 3545 4606 Bogazator,

290 4628 684 4702 Deplobatarii)
713 4639 862 4685 esset
901 4639 1159 4698 tanquam
1209 4643 1348 4684 nova
1386 4645 1605 4699 sponsa,
1641 4643 1860 4684 os1ensa
1897 4659 1942 4716 υ
1971 4641 2080 4697 quo
2102 4627 2394 4696 completo,
2422 4642 2480 4683 se
2508 4628 2822 4684 Graecorum
2852 4629 3063 4686 hostem
3094 4629 3302 4682 detexit
3340 4648 3352 4683 :
3380 4637 3548 4700 tmptt

289 4738 388 4794 per
422 4723 570 4777 illam
606 4721 958 4791 juveneulam
983 4720 1298 4776 Grecorum
1326 4737 1477 4775 more
1515 4721 1783 4785 indutam,
1812 4729 1865 4776 et

285 4815 494 4881 latam;
522 4815 615 4869 sed
658 4800 756 4867 illa
788 4813 971 4868 laetitia
1001 4829 1030 4868 a
1085 4815 1312 4869 meridie
1342 4816 1556 4870 sublata
1598 4816 1720 4882 fuit,
1756 4815 1867 4871 sic-

287 4911 366 4964 uti
410 4908 616 4962 dictum
651 4919 735 4964 est
769 4909 836 4962 ah
881 4923 1025 4978 equo
1064 4909 1374 4978 cornigero,
1410 4925 1438 4962 a
1471 4925 1579 4979 quo
1608 4912 1865 4981 depressa

286 5004 441 5057 luit:
497 5017 669 5072 quare
717 5002 1053 5073 epigramma
1120 5000 1164 5055 B
1215 5002 1527 5071 juvenculae
1583 5004 1717 5058 dicit
1757 5003 1866 5059 :ln

292 5097 422 5151 locis
444 5095 697 5161 humidis,
722 5105 770 5150 et
818 5106 1013 5166 prwter
1040 5111 1182 5165 spent
1209 5095 1391 5161 cades,
1411 5108 1516 5151 etc.
1545 5115 1560 5164 ;
1591 5101 1748 5168 quasi
1783 5098 1867 5152 di-

287 5203 414 5244 cere
447 5187 651 5243 vellet:
695 5187 752 5244 In
780 5187 918 5244 locis
959 5186 1222 5254 humidis,
1259 5189 1362 5243 hoc
1397 5199 1502 5255 cst,
1538 5191 1590 5244 in
1637 5190 1867 5248 l‘eliciori

287 5292 533 5352 tempore
566 5280 645 5336 tui
675 5281 929 5345 dominii,
960 5295 992 5336 ο
1022 5279 1254 5346 Graecia,
1292 5297 1414 5352 qua:
1442 5292 1653 5338 tantum
1685 5293 1738 5340 te
1767 5300 1867 5340 ex-

289 5375 460 5442 tollis,
503 5374 702 5442 cades;
741 5375 841 5431 sed
891 5376 1055 5442 scias,
1089 5377 1232 5446 quod
1270 5377 1322 5432 in
1357 5389 1407 5434 te
1451 5379 1779 5449 principium
1813 5392 1869 5436 et

286 5468 413 5523 ﬁnis
443 5477 528 5523 est
560 5483 755 5531 cornu.
786 5468 890 5523 hoc
921 5478 1025 5533 est,
1061 5470 1205 5540 quod
1237 5470 1289 5525 in
1317 5480 1369 5527 te
1405 5470 1505 5527 fuit
1537 5474 1864 5544 principium

287 5576 483 5627 cornu,
523 5561 576 5616 id
624 5570 726 5626 est,
764 5561 1092 5626 dominium,
1153 5565 1206 5617 in
1265 5575 1314 5619 te
1347 5567 1514 5619 etiam
1566 5569 1675 5622 erit
1716 5568 1863 5626 ﬁnis.

286 5650 392 5708 Sed
425 5655 548 5722 quis
575 5652 790 5707 futurus
820 5663 966 5710 esset
1007 5653 1096 5709 hic
1143 5657 1355 5725 primus
1385 5661 1639 5730 corniger
1666 5678 1865 5730 equus,

284 5746 526 5801 declarat
568 5746 897 5816 epigramma
927 5746 993 5811 Α,
1031 5747 1221 5804 dicens
1262 5766 1276 5803 :
1321 5748 1618 5807 Snlthanus
1653 5749 1864 5810 Heclte-

288 5847 446 5894 mctes
481 5837 574 5908 qui
602 5839 771 5908 capiet
801 5836 1337 5910 Constantinopolim,
1387 5844 1438 5898 id
1493 5855 1597 5908 est,
1642 5847 1863 5904 Sultha-

298 5946 399 5986 nus
444 5928 805 5989 Mecltemetes
838 5939 942 5991 erit
1001 5935 1112 6000 illo,
1153 5937 1244 6004 qui
1291 5936 1578 6008 imperium
1610 5939 1859 5998 Graecum

287 6025 596 6096 occupabit,
631 6028 720 6100 qui
763 6028 927 6088 desiit
966 6032 1016 6087 in
1065 6029 1426 6088 Conatautinn
1464 6035 1654 6105 quinto
1686 6037 1858 6111 impe~

1971 4722 2114 4776 enim
2150 4726 2428 4797 regionem
2474 4724 3136 4794 Coustantiuopolitanam
3175 4726 3373 4779 damno
3431 4723 3548 4778 alii-

1969 4830 2129 4884 cere;
2164 4826 2218 4873 et
2252 4835 2376 4874 cum
2417 4818 2651 4873 maximo
2672 4818 2915 4874 exercitu
2949 4817 3230 4873 civitatem
3261 4816 3549 4874 obsidione

1971 4916 2176 4962 teneret
2229 4921 2394 4980 atque
2438 4910 2650 4980 magnis
2700 4911 3037 4973 ltombardis.
3075 4925 3219 4966 anno
3257 4909 3546 4966 millesimo

1969 5001 2510 5072 quadringentesimo
2529 5006 2999 5076 ’quiuqnagesimo
3050 5005 3211 5060 tertio
3268 5005 3545 5061 civitatem

1969 5101 2024 5146 et
2045 5093 2344 5148 dominium
2396 5093 2585 5150 habuit
2618 5114 2630 5150 :
2678 5107 2796 5151 erat
2837 5099 3035 5167 quippe
3069 5095 3424 5152 Mechemetes
3460 5093 3545 5148 vir

1971 5179 2370 5247 fraudulentus.
2405 5191 2460 5237 et
2492 5185 2768 5256 deceptor,
2817 5185 2960 5254 quod
2991 5184 3226 5247 diceret,
3261 5183 3418 5238 ﬁdem
3451 5197 3547 5238 so-

1971 5270 2080 5323 lmn
2115 5287 2145 5324 a
2188 5271 2582 5326 mercatoribus
2606 5274 2956 5335 servandam,
2995 5286 3104 5325 non
3138 5285 3166 5324 a
3207 5271 3549 5340 principibus

1970 5362 2318 5428 cupientibus
2358 5375 2586 5431 magnos
2641 5360 2757 5415 ﬁeri
2799 5379 2813 5415 :
2859 5363 3170 5416 eratetiam
3217 5360 3302 5414 vir
3355 5375 3547 5430 sagax,

1971 5451 2310 5522 ingeniosus,
2347 5462 2402 5509 et
2425 5453 2866 5510 Christianorum
2906 5454 3080 5508 hostis
3111 5454 3436 5511 acerrimus.

2277 5593 2779 5650 EPiGRAMMATA
2828 5592 3112 5652 FlGl‘RE
3150 5593 3239 5652 ιν.

1969 5710 2032 5764 Α.
2067 5711 2355 5766 Sulthaaus
2378 5711 2646 5769 Pazaites.

1969 5779 2028 5836 Β.
2066 5782 2489 5856 δρειιηάαεγὸοε,
2528 5795 2576 5839 et
2603 5785 2726 5856 ﬁnis
2776 5787 3136 5855 .irctolroplti.
3165 5786 3220 5840 id
3259 5798 3360 5854 est,
3408 5803 3548 5844 ursa

2041 5856 2286 5920 nutricis,
2326 5855 2498 5927 ﬁgura
2525 5855 2751 5911 ostendit
2784 5858 2956 5911 locum
2988 5868 3036 5912 et
3070 5873 3262 5914 mores.

2533 5946 2632 6004 EX
2641 5947 2809 6007 POSI
2819 5947 2961 6008 T10.

2039 6042 2274 6102 Dcuotat
2318 6056 2509 6118 quarta
2553 6045 2723 6120 ﬁgura
2755 6060 3132 6109 successorem
3169 6046 3544 6118 Meclsetuetls.
