3968 6308
283 443 304 508 ι
320 443 424 511 165

587 550 1091 613 ΕΡΙΒΒᾹΜΜΑΤΑ
1130 549 1415 612 FIGURAE

269 653 330 708 Α.
376 651 592 722 Optima
628 665 845 722 eumque
891 651 1163 721 colligens,
1194 661 1243 704 et
1291 649 1522 720 aﬂlig‘ens
1562 649 1842 716 pratulum

337 726 622 794 injustitiw
649 725 961 788 pessimum,
992 739 1094 792 quo
1127 733 1354 790 tempore
1381 722 1611 775 medium
1636 731 1842 772 astrum

342 795 509 850 uisum
542 795 702 864 fuerit
735 795 1028 865 ttigricaus.

855 906 957 961 EX
968 905 1280 963 POSITIO.

339 1019 463 1076 Istis
518 1027 761 1091 quatuor
811 1019 998 1089 ﬁguris
1048 1020 1389 1088 conspicitur
1433 1018 1589 1072 ruina
1629 1016 1844 1088 imperii

265 1113 610 1180 Ottomanni,
650 1113 772 1170 ideo
799 1114 1042 1169 ostendit
1065 1115 1299 1184 septima
1334 1113 1504 1183 ﬁgura
1534 1110 1848 1167 Constanti-

266 1208 510 1278 nopolim
559 1206 948 1278 depopulatam
977 1223 995 1262 :
1026 1223 1198 1278 quare
1230 1208 1627 1278 epigrammate
1660 1206 1705 1262 B
1761 1206 1844 1261 vi.

264 1301 424 1358 detur
460 1299 703 1355 civitatis
750 1301 1020 1370 ploratus,
1050 1310 1215 1371 atque
1255 1301 1338 1356 sic
1373 1301 1717 1370 relinquetur
1752 1317 1846 1354 va-

266 1407 368 1448 cua
392 1392 551 1446 sedes
583 1391 907 1460 imperialis,
936 1392 1101 1446 sicuti
1137 1389 1358 1446 videtur
1390 1391 1445 1446 in
1471 1406 1613 1446 nona
1637 1387 1842 1461 ﬁgura;

266 1483 369 1540 sed
389 1483 610 1554 quando
627 1483 734 1538 hoc
765 1483 1011 1539 futurum
1035 1483 1125 1546 sit,
1151 1479 1391 1539 ostendit
1416 1484 1752 1555 epigramma
1776 1485 1842 1548 Α,

265 1575 436 1646 ipsius
487 1589 644 1630 nonae
690 1571 919 1645 ligone,
959 1572 1196 1629 dicens:
1243 1572 1335 1628 Va:
1381 1575 1498 1639 tibi,
1524 1573 1839 1644 septicollis,

258 1667 478 1738 quando
509 1666 822 1722 vicesimum
860 1666 1180 1721 elementum
1206 1666 1403 1736 faustis
1435 1666 1845 1720 acclamationio

262 1765 360 1818 bus
387 1762 682 1830 accipietur
716 1761 774 1814 ita
815 1772 907 1814 tua
935 1763 1164 1824 mnia;
1200 1759 1253 1814 id
1279 1769 1388 1826 est,
1427 1754 1515 1815 νε
1550 1758 1846 1824 tibi,.Con-

261 1853 652 1921 stantinopolis
699 1853 1005 1924 septicoliis
1036 1851 1180 1922 (ipse
1210 1850 1357 1904 dicta
1387 1858 1474 1905 est
1514 1849 1840 1919 septicollis,

1263 438 1787 502 ORACULORUM
1830 434 2106 497 LEOle
2139 433 2562 498 EXPOSl'l'iO.

3401 442 3536 502 Il'lii

1874 571 1920 628 Α
1952 579 2104 626 tuum
2133 572 2531 642 quiescentem,
2558 571 2661 626 ltoc
2685 579 2788 638 est,
2824 571 2917 644 qui
2943 588 3008 628 ex
3039 573 3264 642 antiqua
3299 586 3354 626 ct
3387 590 3479 643 reg
3507 589 3534 624 a

1949 666 2117 732 stirpe
2145 662 2414 733 originem
2451 665 2656 717 trahat.

2233 752 2492 808 'EPIGRA
2504 753 2742 809 MMATA
2789 753 2893 810 ΡΠ]
2906 754 3071 809 Ulixi;
3119 755 3158 809 Χ
3172 754 3233 811 ll.

1947 847 2011 900 Α.
2050 845 2262 900 Petram
2291 846 2551 912 incolens,
2579 865 2672 918 age
2694 849 2799 901 huc
2823 848 2948 901 mihi
2979 850 3186 918 hospes,
3221 849 3417 903 relictis
3453 849 3532 903 la-

2017 919 2213 987 crumis
2256 919 2465 988 vitaque
2514 922 2711 988 agresti
2756 930 2806 974 et
2842 919 3089 973 solitaria
3117 962 3131 981 ,
3164 937 3211 972 et
3247 923 3354 974 υἱιέ
3387 937 3531 973 mor-

2021 1002 2142 1044 tuus
2168 999 2216 1043 et
2256 987 2520 1058 afﬂictus,
2552 987 2730 1045 nudus
2775 1006 2963 1044 rursus
2990 991 3102 1045 redi
3138 995 3204 1044 ad
3240 1008 3477 1061 superos.

2527 1083 2970 1141 EXPOSITIO.-

2019 1176 2249 1233 Videtur
2278 1178 2334 1233 in
2382 1180 2639 1250 praesenti
2661 1179 2855 1251 llgura,
2884 1179 3033 1251 quod
3066 1180 3201 1235 dum
3233 1179 3533 1251 requiritur

1943 1270 2030 1325 vir
2060 1271 2321 1340 superius
2371 1272 2588 1338 dietus,
2632 1288 2761 1327 ecce
2801 1273 3002 1328 alllieta
3040 1275 3366 1345 septieollis.
3410 1291 3532 1344 que

1946 1367 2139 1424 dolens
2194 1381 2388 1425 versus
2416 1369 2772 1439 juvene‘ulam
2823 1371 2972 1426 illam
3005 1373 3158 1437 dicit,
3192 1371 3410 1427 Petram
3449 1373 3531 1426 iu-

1944 1463 2143 1526 coteus,
2171 1466 2304 1529 ete.,
2357 1463 2516 1534 quasi
2551 1467 2734 1521 dicere
2778 1467 2930 1532 velit,
2957 1467 3040 1520 Ad
3072 1478 3160 1522 me
3192 1467 3528 1537 septicollem

1943 1568 2065 1623 qua:
2086 1554 2138 1608 iu
2169 1556 2269 1609 hac
2293 1567 2440 1626 petra
2469 1556 2658 1612 clausa
2695 1573 2842 1623 sum,
2869 1559 2922 1610 id
2940 1566 3046 1624 est,
3079 1559 3136 1611 in
3157 1559 3258 1614 hac
3278 1557 3530 1612 afﬂictio-

1949 1660 2039 1708 ne,
2072 1647 2280 1710 venias,
2303 1663 2338 1701 ο
2359 1648 2598 1715 advena,
2629 1649 2896 1719 depositis
2928 1650 3184 1716 lacrymis
3198 1657 3252 1702 et
3289 1651 3396 1702 vita
3435 1660 3527 1703 so-

1946 1739 2126 1793 litaria
2163 1750 2384 1810 propter
2406 1743 2598 1813 juguut
2631 1742 3092 1803 Blaucmetanum,
3121 1753 3338 1811 propter
3365 1758 3528 1812 quem

1945 1829 2089 1884 vivis
2117 1829 2373 1898 alllictus,
2407 1840 2463 1888 et
2492 1840 2754 1902 tanquam
2785 1840 3037 1887 mort-nus
3072 1839 3087 1885 ὲ
3119 1840 3250 1887 tunc
3299 1847 3526 1900 respon-

259 1946 389 2014 quia
421 1922 823 2000 Constantinus
850 1939 1080 2015 Magnus
1101 1984 1116 2009 ,
1150 1959 1273 1998 cum
1309 1942 1384 1998 ibi
1417 1943 1707 2012 imperium
1735 1941 1842 2005 Bo-

1954 1922 2035 1978 det
2077 1925 2370 1992 iuvencula
2421 1925 2513 1979 illa
2581 1927 2723 1996 (qua:
2779 1925 3051 1980 advenam
3081 1935 3135 1980 et
3179 1925 3527 1995 peregrinum

264 2056 486 2096 manum
539 2039 866 2108 detulisset,
903 2037 1194 2094 distribuit
1238 2038 1402 2092 etiam
1454 2037 1729 2092 civitatem
1787 2037 1842 2091 in

256 2130 482 2186 eosdem
506 2129 752 2195 ordines,
793 2129 970 2185 tribus
1000 2140 1056 2184 et
1095 2128 1297 2194 cilicia,
1320 2131 1465 2185 sicut
1490 2138 1634 2185 esset
1663 2126 1838 2182 Roma

265 2226 378 2292 ipsa
429 2237 551 2294 quae
594 2222 757 2277 liabet
794 2231 1003 2294 septem
1036 2221 1252 2292 colles),
1292 2213 1533 2291 quando
1571 2223 1842 2278 videbitur

265 2312 583 2370 vicesimum
644 2315 976 2370 elementum
1029 2316 1089 2370 itr
1138 2318 1247 2371 tuis
1295 2309 1555 2380 mmniis,
1605 2314 1709 2369 hoc
1760 2325 1846 2369 est

263 2407 382 2462 τιιι
413 2405 498 2462 vel
541 2405 647 2461 Tat
667 2448 686 2475 ,
709 2406 855 2478 quod
893 2407 1223 2463 elementum
1259 2416 1342 2462 est
1382 2408 1750 2481 symbOIOgica
1784 2407 1844 2461 lle

267 2514 402 2568 gura
424 2499 792 2555 sanctissima:
816 2499 1022 2564 crucis,
1053 2511 1107 2554 et
1127 2509 1350 2570 propter
1372 2502 1476 2554 ltoe
1503 2501 1844 2557 habitatores

264 2595 500 2650 civitatis
546 2594 721 2650 coacti
774 2605 937 2651 erunt
987 2608 1112 2651 sese
1165 2596 1220 2651 in
1282 2597 1466 2667 fugam
1533 2579 1844 2668 praecipites

262 2686 416 2751 dare,
461 2686 612 2757 quod
648 2700 835 2757 aperte
865 2688 1070 2742 dicitur
1103 2687 1156 2742 in
1187 2690 1396 2744 decima
1427 2690 1602 2760 ﬁgura
1649 2689 1705 2746 in
1735 2691 1848 2762 epi-

261 2788 564 2850 grammate
586 2780 654 2844 Α,
681 2780 774 2835 ubi
805 2781 886 2836 sie
920 2780 1152 2839 habetur
1187 2803 1200 2838 :
1238 2782 1451 2850 Optima
1485 2801 1699 2856 qumque
1734 2786 1845 2840 col-

260 2873 471 2943 ligus,
503 2881 554 2928 et
589 2875 826 2944 aﬂligens-
869 2877 1149 2944 praemium
1197 2877 1480 2946 injustitia:
1529 2880 1839 2948 pessimum,

259 2980 365 3034 quo
395 2975 627 3034 tempore
659 2969 892 3023 medium
928 2980 1136 3024 astrum
1157 2970 1332 3024 visum
1356 2970 1516 3038 fuerit
1550 2970 1840 3040 nigrictms,

267 3056 318 3112 id
349 3066 454 3124 est,
493 3061 713 3129 quando
757 3060 1034 3115 videbitur
1078 3061 1161 3118 Sol
1194 3061 1372 3133 niger,
1399 3067 1502 3116 hoc
1529 3068 1633 3126 est,
1682 3061 1842 3118 Chri-

262 3155 380 3205 stus
409 3159 599 3206 contra
634 3151 882 3207 inﬁdeles
916 3154 1112 3208 iratus.

565 3266 1068 3324 EPIGRAMMATA
1109 3266 1398 3324 FIGURAE
1439 3267 1530 3325 XI.

263 3383 331 3438 Α,
367 3381 580 3446 Versus,
611 3399 740 3452 quos
768 3384 991 3454 angelus
1021 3383 1336 3454 imperatori
1365 3384 1603 3438 dicturus
1631 3394 1731 3441 est.

263 3471 322 3527 Β.
361 3471 604 3528 Mortuus
645 3484 879 3544 aspectu,
914 3475 1140 3542 solutus,
1189 3484 1380 3528 norunt
1405 3476 1578 3540 multi,
1601 3476 1838 3544 quamvis

334 3560 484 3598 nemo
528 3546 764 3616 videtut
797 3563 981 3600 somno
1034 3551 1297 3600 excitatus
1345 3547 1596 3600 continuo
1627 3560 1839 3616 sceptra

337 3617 537 3685 regina:
567 3615 778 3686 quidem
806 3619 1104 3684 occupabit.

261 3711 325 3762 (Ξ.
356 3707 558 3784 Δξ’ρναείτο
601 3711 970 3784 inconspicuus
1020 3721 1100 3764 ter
1146 3727 1394 3779 magnum
1419 3714 1838 3784 vosiferabilur:

334 3777 486 3831 Abite
505 3781 784 3849 confestim
829 3783 897 3833 ad
938 3798 1157 3836 occasus
1205 3777 1842 3849 septicollisfinvenietis

336 3851 523 3923 uirum
557 3851 905 3923 familiarem,
949 3866 1223 3922 meumque
1251 3858 1631 3923 necessarium,
1662 3858 1840 3911 ducite

335 3918 473 3973 hunc
506 3918 567 3974 iu
595 3922 792 3992 regiam
821 3922 1059 3979 domum.

849 4011 1122 4072 EXPOSI
1131 4016 1206 4072 TI
1211 4016 1278 4073 0.

335 4098 547 4156 Relicta
581 4099 853 4173 imperiali
891 4111 1025 4162 sede.
1053 4124 1226 4165 vacua
1253 4150 1276 4176 ι
1303 4125 1457 4177 ecce,
1500 4111 1640 4168 dicit
1663 4112 1843 4183 Ange-

263 4193 354 4249 lus
379 4194 774 4264 epigrammate
810 4195 873 4264 B,
909 4197 1154 4254 Mortuus
1188 4214 1423 4270 aspectu,
1459 4206 1686 4268 solutus,
1729 4214 1838 4260 etc.

261 4275 434 4352 Quasi
465 4285 651 4341 dicere
673 4287 867 4354 vellet,
892 4287 1054 4357 Ecce,
1079 4307 1113 4346 ο
1143 4292 1376 4361 Graecia,
1405 4303 1655 4351 mortuus
1684 4311 1849 4366 aspe-

258 4379 378 4442 εἴη.
403 4386 460 4434 et
491 4378 734 4444 solutus,
776 4395 942 4451 quem
989 4384 1145 4439 multi
1193 4395 1416 4442 tuorum
1444 4397 1839 4458 cognoverunt,

261 4469 514 4540 quamvis
540 4485 646 4524 non
669 4471 948 4542 viderint;
984 4474 1034 4528 id
1066 4487 1173 4540 est,
1207 4478 1281 4530 tui
1320 4494 1443 4533 eum
1472 4479 1614 4533 fama
1637 4495 1842 4550 cogno-

261 4570 478 4628 verunt,
509 4564 764 4632 quamvis
791 4567 969 4622 oculis
1002 4582 1111 4623 non
1146 4569 1406 4637 viderint,
1443 4571 1548 4626 iste
1581 4583 1840 4640 tanquam

261 4669 294 4710 ι
314 4670 508 4712 somno
529 4658 983 4730 expergefactus,
1009 4663 1194 4718 statim
1229 4675 1444 4734 sceptra
1477 4665 1701 4721 Graeciae
1729 4665 1838 4722 Be-

261 4747 404 4817 ginte
431 4748 758 4819 occupabit;
793 4748 892 4805 sed
927 4746 1020 4806 ubi
1051 4752 1137 4807 vir
1165 4754 1270 4809 iste
1301 4757 1626 4824 reperietur,
1646 4769 1836 4812 osten-

263 4838 339 4892 dit
369 4840 702 4910 epigramma
731 4839 778 4896 ε
815 4840 1009 4898 dicens
1037 4858 1051 4897 :
1080 4843 1269 4900 Prazco
1293 4847 1666 4915 inconspicuus
1699 4851 1840 4904 uoci-

265 4928 545 5000 ferabitur,
574 4941 680 4986 etc.
719 4931 891 5002 llujus
924 4945 1155 5004 possent
1187 4938 1302 4993 lieri
1333 4939 1557 4995 diversae
1583 4942 1840 4997 conside-

263 5021 530 5078 rationes.
556 5021 704 5078 Dicit
729 5026 873 5080 enim
898 5027 1258 5098 epigramma,
1286 5031 1435 5101 quod
1469 5033 1574 5089 iste
1601 5049 1708 5090 non
1733 5034 1840 5090 erit

263 5114 320 5168 in
353 5113 600 5170 bumana—
634 5117 1077 5175 consideratione
1100 5161 1117 5188 ,
1145 5133 1200 5176 et
1238 5124 1382 5193 quod
1409 5125 1518 5181 erit
1543 5126 1598 5180 in
1637 5141 1841 5182 occasu

265 5207 507 5264 civitatis
542 5210 866 5280 septicollis,
912 5226 966 5269 et
994 5215 1158 5270 homo
1189 5217 1500 5284 familiaris,
1525 5221 1579 5275 id
1604 5231 1709 5287 est,
1742 5237 1842 5277 ca-

267 5299 505 5357 tholicus
539 5313 594 5359 et
641 5304 817 5360 lidelis
840 5347 856 5371 ,
906 5318 967 5363 et
991 5310 1134 5378 quod
1173 5313 1279 5366 erit
1306 5314 1519 5369 amicus
1542 5354 1560 5378 ,
1613 5329 1738 5370 cum
1773 5332 1841 5372 ex

268 5395 494 5465 antiquo
523 5406 578 5451 et
628 5398 979 5456 nobilissimo
1027 5404 1296 5474 sanguine
1321 5407 1629 5475 proveniat.
1661 5406 1840 5473 Hunc,

267 5486 414 5542 dicet
443 5488 666 5543 divinus
699 5506 900 5562 praeco,
934 5494 1167 5564 quaerite
1213 5497 1266 5550 in
1317 5511 1540 5564 occasu,
1595 5508 1650 5557 et
1700 5503 1845 5558 inter

269 5588 587 5650 magnates;
641 5592 702 5638 et
738 5586 883 5654 quod
916 5589 1104 5656 (sicuti
1156 5590 1295 5645 dicit.
1333 5591 1530 5663 ligare)
1563 5593 1619 5648 iu
1650 5609 1845 5652 somno

269 5671 542 5742 quiescat,
596 5673 814 5732 funebri
848 5685 904 5732 et
934 5680 1162 5751 antiqua
1212 5691 1366 5739 veste
1393 5684 1636 5752 indutus,
1682 5703 1844 5758 super

271 5765 377 5823 duo
405 5766 675 5825 trilormia
712 5773 965 5829 animalia
993 5793 1008 5844 ;
1038 5775 1091 5831 id
1122 5779 1475 5849 est,quterite
1506 5796 1630 5837 eum
1664 5783 1720 5837 iu
1746 5799 1842 5838 oc-

269 5857 506 5926 cidente,
540 5877 651 5917 non
680 5865 734 5919 in
766 5867 980 5924 oriente
1007 5869 1266 5937 civitatis,
1302 5874 1433 5944 quia
1467 5874 1540 5930 ibi
1565 5890 1674 5930 non
1701 5877 1845 5942 erit;

266 5965 432 6022 quem
462 5953 778 6026 invenietis,
811 5970 870 6016 ut
897 5975 1085 6033 supra,
1116 5961 1171 6019 in
1199 5978 1392 6022 somno
1421 5973 1678 6034 tanquam
1705 5986 1850 6028 mor-

1948 2031 2131 2086 regem
2154 2017 2441 2087 ostendit),
2465 2018 2727 2086 Quamvis
2765 2019 2843 2072 sis
2875 2018 3045 2082 nuda,
3079 2015 3526 2072 oConstantino—

1949 2110 2114 2180 polis,
2145 2119 2200 2165 et
2239 2126 2364 2182 rege
2395 2113 2660 2182 spoliata,
2686 2122 2909 2182 pt-Opter
2939 2112 3149 2167 cladem
3173 2127 3338 2179 quam
3365 2122 3525 2181 passu

1946 2217 2025 2265 es,
2057 2202 2268 2257 redibis
2291 2211 2477 2258 tamen
2513 2204 2718 2258 iterum
2751 2203 2819 2256 ad
2855 2203 3054 2270 lucem,
3091 2218 3214 2273 quae
3244 2203 3336 2256 lux
3376 2204 3525 2256 nulla

1948 2293 2052 2347 alia
2075 2304 2165 2349 est
2193 2293 2301 2349 nisi
2325 2293 2484 2350 Jesus
2508 2279 2788 2360 Christus,
2817 2296 2908 2365 qui
2936 2295 3083 2350 dixit
3110 2307 3124 2347 :
3153 2293 3265 2364 Ego
3285 2309 3401 2349 sum
3433 2293 3528 2346 lux

1948 2384 2176 2449 mundi;
2229 2385 2351 2440 ideo
2379 2393 2682 2451 revertens,
2722 2402 2756 2441 ο
2795 2386 3012 2448 civitas,
3046 2387 3116 2441 ad
3153 2386 3524 2441 Christianam

1947 2478 2292 2548 religionem.
2337 2477 2718 2533 Maucmetaua
2785 2480 3035 2549 expulsa,
3090 2480 3288 2534 iterum
3346 2479 3526 2534 lucida

1950 2571 2044 2626 lies
2072 2569 2177 2625 sub
2203 2572 2323 2625 sole
2356 2571 2685 2639 splendente
2706 2571 2913 2627 Christi
2942 2571 3272 2628 Salvutoris.

2231 2663 2727 2718 EPICRAMMATA
2772 2664 2928 2722 FIGU
2941 2664 3056 2721 RE.
3098 2665 3240 2722 XIII.

1947 2753 2012 2809 Α.
2050 2754 2182 2812 Ecce
2203 2771 2390 2810 rursus
2414 2756 2567 2811 homo
2594 2771 2658 2812 ea:
2686 2760 2856 2827 prima
2886 2759 3046 2826 stirpe
3068 2760 3278 2813 occulta
3306 2761 3360 2812 in
3383 2761 3526 2814 ntul-

2019 2839 2098 2879 tos
2120 2828 2530 2881 imitmtcrabiles
2558 2846 2747 2883 annos.
2785 2828 2973 2883 Nudus
2999 2831 3174 2898 prodit
3209 2846 3272 2884 ea:
3302 2834 3525 2884 obscuro

2015 2912 2062 2951 et
2098 2899 2420 2952 tenebricoso
2464 2902 2688 2962 tumulo,
2725 2912 2771 2952 et
2806 2901 3035 2953 secunda
3080 2902 3381 2966 splendente
3418 2904 3525 2957 uita

2015 2970 2201 3037 incipit
2228 2982 2274 3023 et
2311 2970 2468 3026 venit.
2505 2969 2694 3038 Imago
2723 2985 2910 3023 rursus
2940 2973 3058 3025 uiue
3087 2974 3386 3032 verissima.

2516 3059 2956 3118 EXPOSITIO.

2016 3149 2320 3209 Declaratio
2363 3152 2577 3225 Figura:
2631 3153 2702 3208 XI
2761 3156 3118 3211 conﬁrmatur
3177 3157 3526 3214 demonstra-

1863 3284 1908 3342 ο
1944 3246 2094 3302 tione
2122 3250 2410 3318 praesentis
2434 3249 2636 3319 ligurae,
2662 3248 2854 3304 dicens
2883 3251 3217 3322 epigramma
3252 3252 3295 3303 A
3329 3268 3349 3306 :
3389 3250 3526 3307 Ecce

1945 3351 2133 3390 rursus
2163 3337 2338 3402 homo,
2381 3347 2489 3392 etc.
2528 3337 2696 3404 Quasi
2740 3338 2923 3393 dicere
2951 3340 3100 3405 velit,
3133 3340 3269 3396 Ecce
3305 3343 3522 3395 noviter

1943 3442 2092 3483 unus
2135 3428 2230 3498 qui
2270 3429 2436 3485 trahit
2479 3432 2747 3498 originem
2801 3446 2830 3484 a
2871 3432 3043 3501 prima
3099 3434 3268 3501 stirpe
3318 3443 3434 3498 tua,
3489 3451 3523 3490 ο

1941 3518 2473 3593 Constantinopolis,
2527 3523 2620 3578 sed
2655 3525 2873 3578 occulta
2922 3539 3018 3594 per
3045 3523 3290 3580 inﬁnitos
3323 3541 3521 3591 annos,

1942 3610 1997 3667 id
2018 3619 2126 3679 est,
2159 3627 2285 3669 cum
2314 3616 2598 3671 transierit
2638 3631 2706 3670 ex
2759 3631 2869 3670 uno
2898 3617 2950 3670 in
3003 3618 3169 3670 alium
3215 3633 3312 3688 per
3353 3619 3523 3674 multa

1939 3705 2163 3772 secula,
2192 3715 2248 3761 et
2284 3709 2498 3762 occulta
2529 3708 2583 3761 in
2641 3707 2924 3762 hominum
2961 3708 3390 3778 imaginatione,
3427 3713 3521 3780 qui

1942 3798 2123 3853 nudus
2152 3797 2267 3854 exit
2312 3814 2342 3853 e
2375 3792 2606 3866 tumulo,
2649 3799 2701 3854 id
2747 3809 2852 3863 est,
2890 3801 2981 3870 qui
3021 3803 3229 3870 primus
3258 3803 3325 3858 ab
3377 3806 3523 3860 anti-

1941 3891 2224 3961 quissimis
2265 3892 2505 3948 statibus
2564 3893 2631 3948 ad
2697 3909 2834 3949 nova
2893 3894 3137 3950 dominia
3191 3896 3324 3963 exit,
3380 3897 3524 3953 unde

1940 3982 2261 4052 Splendeute
2315 3982 2558 4039 secunda
2601 3984 2734 4052 vita,
2781 3984 2832 4039 id
2864 3992 2967 4050 est,
3010 3987 3230 4056 cognito
3263 3987 3410 4058 quod
3451 3988 3524 4044 sit

1943 4074 2047 4144 (uti
2090 4082 2456 4132 umnstratum
2488 4075 2598 4148 est)
2623 4091 2691 4132 ex
2716 4076 2895 4147 prima
2922 4079 3076 4149 regia
3103 4078 3275 4149 stirpe
3310 4087 3392 4134 tot
3420 4096 3522 4151 po-

1941 4165 2217 4236 pelorum,
2245 4175 2299 4223 et
2337 4175 2593 4238 tanquam
2641 4175 2990 4226 resurrectus
3034 4170 3103 4224 ad
3134 4170 3297 4227 aliam
3329 4173 3520 4240 vitam,

1943 4254 1997 4308 id
2032 4263 2138 4319 est,
2191 4253 2257 4309 ad
2305 4257 2590 4327 antiquum
2642 4267 2847 4313 statum
2901 4253 3094 4328 incipit
3138 4263 3419 4330 cognosci,
3466 4272 3523 4315 et

1940 4345 2140 4402 iterum
2178 4351 2365 4404 vivere
2418 4349 2486 4402 ad
2541 4351 2891 4406 verissimam
2938 4352 3062 4407 vitae
3105 4353 3422 4423 imaginem,
3464 4354 3518 4409 id

1943 4446 2048 4503 est,
2077 4435 2535 4508 ad'pri'ncipalem
2569 4440 3004 4498 dominationem
3034 4446 3178 4513 regis
3197 4453 3253 4500 et-
3281 4447 3522 4515 impera»

1946 4532 2104 4586 toris.
2140 4530 2234 4587 ille
2284 4542 2466 4589 autem
2497 4534 2664 4590 homo
2689 4551 2760 4590 ex.
2799 4536 3028 4605 antiqua
3064 4539 3236 4608 stirpe
3261 4553 3385 4594 cum
3419 4539 3515 4593 de-

1869 4647 1915 4703 ι)
1944 4624 2074 4679 beat
2121 4639 2243 4680 esse
2287 4626 2340 4679 in
2394 4641 2620 4693 occasu,
2651 4635 2830 4696 potest
2874 4629 3098 4697 intelligi
3132 4633 3276 4699 quod
3323 4632 3520 4686 debeat

1946 4729 2072 4770 esse
2104 4729 2170 4771 ex
2201 4715 2373 4786 stirpe
2430 4719 2600 4789 regia,
2663 4718 2888 4788 antiqua
2937 4717 3375 4788 Austriacorum,
3423 4725 3516 4792 qui

1941 4816 2070 4864 sunt
2096 4807 2150 4862 in
2182 4823 2380 4865 occasu
2413 4810 2737 4878 septicollis.

2225 4899 2734 4956 EPIGRAMMATA
2771 4901 3055 4961 FIGURAE
3093 4904 3158 4960 XI
3171 4904 3232 4960 ν.

1941 4993 2006 5044 Δ.
2040 4989 2122 5068 (in
2157 4991 2337 5068 lupum
2365 4994 2459 5068 qui
2481 5009 2623 5068 ouem
2650 4995 2892 5068 cupiebat
2920 4997 3194 5064 devorare,
3221 5005 3402 5068 pastor
3429 5017 3517 5054 oc-

2015 5062 2172 5126 cidet,
2197 5073 2247 5116 et
2279 5063 2546 5118 hominem
2574 5062 2817 5122 inueniet.

1943 5131 2006 5185 Β.
2040 5133 2133 5189 Sic
2151 5135 2335 5203 perdet
2365 5136 2456 5204 qui
2495 5139 2790 5205 occupavit.

2511 5228 2951 5288 EXI’OSITIO.

2015 5313 2092 5371 Ex
2121 5315 2209 5372 bis
2233 5331 2355 5386 qua
2383 5316 2440 5372 in
2470 5320 2852 5390 superioribus
2891 5323 3082 5394 figuris
3110 5325 3265 5380 dieta
3305 5338 3437 5382 sunt
3470 5340 3521 5385 ct

1944 5423 2009 5462 ex
2049 5412 2303 5478 prasentl
2333 5412 2528 5482 ligura,
2557 5412 2906 5468 manifestum
2935 5414 3392 5472 Ottomaunormn
3429 5436 3518 5473 cr.-

1945 5499 2149 5555 cidium
2197 5502 2570 5571 conspicitur;
2617 5503 2904 5558 dicebatur
2940 5507 2993 5558 in
3045 5506 3436 5576 epigrammate
3481 5509 3520 5564 C

1947 5601 2113 5650 sextae
2143 5594 2350 5663 ﬁgurat,
2378 5594 2666 5650 Trimcstre
2698 5601 2930 5664 spatium
2958 5598 3051 5651 tibi
3075 5603 3394 5668 praescribo;
3427 5620 3522 5672 per

1948 5696 2061 5741 tres
2108 5702 2328 5743 menses
2359 5687 2623 5742 debemus
2655 5689 2957 5760 intelligere
2995 5698 3108 5745 tres
3154 5694 3518 5762 imperatores

1949 5785 2074 5845 post
2100 5777 2472 5845 Solitnanutu;
2509 5780 2562 5835 bi
2596 5788 2778 5835 autem
2813 5782 2964 5838 luere
3001 5782 3259 5851 Solimus,
3286 5786 3519 5841 Amm-a-

1950 5875 2093 5940 lbes,
2117 5885 2171 5931 ct
2203 5873 2564 5933 lechetnetes
2589 5878 2678 5947 qui
2717 5895 2862 5936 nunc
2895 5882 3148 5950 imperat,
3199 5895 3253 5939 et
3280 5900 3406 5938 cum
3446 5886 3519 5939 sit

1951 5968 2144 6026 tertius
2192 5971 2417 6036 mensis,
2450 5986 2547 6040 per
2595 5988 2939 6039 consequens
2987 5978 3090 6031 erit
3125 5977 3248 6031 linis
3284 5978 3522 6036 imoerti.
