3984 6322
199 387 1280 420 W

960 542 2510 740 ’PROLEGOMENA.

1828 939 1858 962 Ἀ

1089 386 3349 425 m

1856 1087 1858 1094 γ

1807 1107 1814 1114 _
2021 1101 2024 1105 .

2437 1123 2442 1130 1

589 1235 592 1240 “
670 1170 1056 1394 ἯΤΑ
1141 1260 1698 1392 LEONIS
1792 1254 2849 1394 IMPERATORIS

1279 1500 1790 1563 COGNOMENTO
1817 1501 2273 1562 PHILOSOPHI

583 1649 685 1710 Ea:
733 1647 1022 1726 probatis
1049 1645 1407 1709 auctoribus
1448 1645 1703 1709 collecta
1758 1667 1907 1708 cura
1942 1651 2222 1724 ι’άείαάἱο
2261 1649 2587 1726 Hippolyti
2608 1651 2887 1710 Manaccr
2917 1657 2970 1712 '.

247 1955 356 2012 Leo
403 1961 699 2026 imperator
752 1955 1383 2024 Constantiuopolitanus
1419 1955 1518 2026 (l),
1554 1957 1719 2027 hujus
1746 1962 1798 2020 Λ
1822 1960 1934 2014 exit
1972 1959 2240 2026 Basilius;
2267 1960 2376 2015 Leo
2425 1967 2630 2029 patrem
2657 1959 2970 2022 comitatur,
3002 1955 3253 2012 inventus
3286 1967 3370 2013 est

185 2045 417 2100 "Willis
447 2041 537 2106 Vi.
566 2042 686 2096 aliis
723 2041 791 2106 Ὗ,
822 2040 1005 2096 Basilii
1059 2041 1362 2098 Macedonis
1412 2044 1718 2112 imperato~
1822 2046 1985 2120 pugio
2018 2051 2070 2104 in
2115 2051 2299 2106 calceo
2339 2050 2538 2106 Leonis
2579 2051 2903 2115 occultatus,
2933 2050 3086 2103 visus
3124 2057 3206 2102 est
3240 2061 3365 2101 vera

183 2133 256 2188 ris
285 2131 363 2204 (2)
397 2122 583 2202 (quem
613 2129 840 2187 Michael
860 2132 1156 2200 imperator
1198 2133 1300 2202 ('5),
1333 2132 1480 2202 quod
1514 2134 1720 2217 prolem

1834 2142 2026 2196 dixisse
2052 2142 2299 2207 delator;
2337 2141 2413 2195 rei
2439 2140 2680 2196 defensio
2722 2154 2828 2194 non
2865 2137 3189 2203 admittitur,
3219 2137 3372 2190 ardet

185 2238 243 2276 ex
273 2237 330 2278 se
385 2219 708 2277 naturaliter
756 2231 1089 2290 procreatam
1135 2220 1335 2276 nullam
1382 2211 1641 2286 haho‘ret,
1669 2226 1724 2280 in
1825 2231 2108 2286 iracundia
2154 2238 2306 2299 pater
2332 2238 2519 2284 contra
2565 2229 2756 2291 lilium,
2787 2231 2840 2282 in
2874 2227 3106 2298 quodam
3138 2226 3371 2296 impera-

184 2307 343 2362 ﬁlium
387 2305 762 2377 adoptaverat,
791 2313 846 2361 et
903 2315 1026 2376 post
1079 2306 1244 2362 etiam
1284 2307 1587 2364 diademate
1612 2309 1727 2364 cin-

1829 2321 1970 2374 torio
1994 2313 2245 2375 cubiculo
2292 2320 2467 2390 ipsum
2506 2320 2758 2384 includit,
2803 2328 2856 2374 et
2886 2323 2967 2386 (ut
3011 2318 3231 2388 quidam
3263 2324 3374 2372 tra-

184 2399 349 2467 serat)
383 2397 533 2453 Ilius
573 2397 814 2453 secundo
851 2398 1081 2468 genitus,
1134 2412 1162 2452 a
1200 2413 1382 2472 rerum
1425 2398 1728 2455 divinarum

1834 2409 1984 2481 dunt)
2011 2413 2061 2467 ei
2087 2411 2278 2468 oculos
2303 2427 2497 2469 eruere
2535 2412 2587 2464 in
2617 2411 2800 2466 animo
2829 2410 3082 2473 habebat,
3108 2407 3373 2463 Santaba-

184 2487 651 2559 humanarumque
678 2487 905 2556 scientia
957 2497 1316 2558 cognomento
1352 2486 1732 2560 PhilosOphus,

189 2593 279 2633 seu
318 2577 554 2648 Sapiens
603 2577 783 2634 dictus
819 2585 903 2634 est
951 2577 1051 2647 (4).
1090 2575 1332 2632 Fratrem
1376 2576 1567 2633 hab’uit
1605 2571 1733 2633 natu

189 2667 469 2738 majore,
503 2661 722 2724 nomine
744 2666 1189 2733 Constantinum,
1221 2666 1381 2737 cujus
1421 2668 1570 2725 obitu
1608 2683 1731 2722 cum

186 2755 418 2814 Basilius
493 2765 646 2828 pater
714 2755 1090 2813 inconsolabili
1153 2755 1341 2812 dolore
1412 2753 1734 2821 afficeretur,

188 2847 381 2903 factum
417 2857 524 2911 est,
551 2855 609 2902 ut
639 2845 908 2903 Theodori
930 2846 1315 2902 Euchaitarum
1343 2847 1610 2918 episcopi.
1635 2861 1729 2902 co-

187 2937 439 3003 gnomine
478 2936 836 3002 Santabaren,
897 2935 1181 3006 praestigiis
1228 2941 1284 2990 et
1325 2935 1736 3000 necromantia,

188 3026 430 3094 ejusdem
451 3027 547 3082 lilii
575 3027 676 3098 (uti
712 3025 1082 3098 pereupiebat)
1109 3026 1373 3096 potiretur
1397 3025 1733 3096 aspectu.(5).

1831 2519 1966 2560 reno
1992 2504 2059 2559 ad
2086 2504 2144 2559 id
2178 2520 2300 2559 eum
2333 2505 2646 2574 instigante,
2677 2503 2840 2571 idque
2879 2500 3374 2579 omninoluturum

1835 2592 2026 2660 fuisse,
2053 2593 2157 2648 nisi
2179 2592 2508 2663 patriarcha,
2553 2602 2606 2648 et
2636 2593 2885 2662 princeps
2913 2598 3160 2655 senatus,
3196 2591 3379 2645 multis

1833 2683 2086 2753 precibus
2113 2683 2494 2753 imperatorem
2519 2697 2548 2736 a
2571 2682 2836 2737 sententia
2873 2681 3254 2736 deduxissent.
3285 2682 3380 2733 At-

1834 2790 1940 2844 que
1971 2775 2084 2829 haec
2109 2788 2241 2830 sane
2255 2771 2619 2828 calamitatum
2639 2773 2851 2837 ternas,
2877 2781 2930 2826 et
2959 2774 3222 2827 malorum
3248 2788 3381 2826 cou-

1835 2856 2130 2928 llatori'um,
2165 2863 2395 2920 Leonem
2443 2865 2742 2934 probarunt
2789 2877 2924 2916 auro
2973 2862 3207 2917 similem
3238 2878 3380 2926 esse,

1836 2953 1924 3007 cui
1955 2951 2094 3008 nihil
2118 2951 2242 3006 teris
2269 2951 2535 3006 subesset.
2583 2949 2717 3004 llinc
2757 2950 2859 3002 orti
2905 2948 3144 3018 ploratus
3187 2959 3238 3003 et
3267 2949 3390 3018 eju-'

1835 3037 2065 3094 lationes
2095 3027 2308 3103 matris,
2339 3045 2540 3094 sortem
2590 3035 2683 3090 lilii
2724 3036 3092 3108 lamentantis,
3142 3043 3194 3089 et
3240 3035 3380 3105 apud

189 3117 329 3174 Fecit
344 3118 521 3184 enim,
542 3127 603 3174 ut
626 3119 805 3189 specie
821 3117 1139 3198 imaginaria
1155 3116 1545 3173 Constantinus
1570 3131 1738 3192 eques

1839 3137 2052 3197 patrem
2109 3143 2205 3196 pro
2263 3143 2328 3182 co
2390 3126 2752 3198 deprecantis.
2819 3125 2924 3181 Sed
2948 3131 3064 3179 erat
3111 3125 3382 3188 durus,“

188 3211 320 3278 patri
363 3209 601 3280 quadam
638 3210 694 3264 in
756 3208 893 3266 silva
946 3209 1160 3265 obviam
1209 3206 1380 3271 ﬂeret,
1435 3221 1596 3277 quem
1645 3207 1737 3261 ubi

1841 3217 2011 3272 instar
2036 3218 2153 3271 saxi
2178 3214 2410 3271 emolliri
2442 3230 2550 3271 non
2596 3221 2829 3284 poterat,
2860 3211 2968 3268 imo
3006 3228 3159 3282 aeque
3193 3228 3380 3282 parum

189 3301 330 3356 Visus
359 3301 473 3358 sibi
497 3299 688 3357 fuisse!
712 3301 1026 3371 imperitior.
1053 3310 1108 3355 ει
1134 3299 1474 3369 complexus.
1509 3306 1564 3352 et
1581 3311 1734 3352 oscu-
1805 3299 1897 3360 'ac
1929 3306 2155 3361 adamas
2194 3305 2261 3360 ab
2296 3318 2482 3358 amore
2524 3303 2759 3358 naturali
2799 3317 2926 3372 erga
2973 3300 3143 3355 lilium
3205 3301 3382 3355 ﬂecte-

190 3388 325 3446 illlls
359 3405 508 3452 esse.
555 3404 681 3468 mox
705 3393 1144 3446 ‘evanescenlem
1193 3402 1260 3442 ei
1298 3387 1476 3442 OCIIIiS
1527 3387 1730 3441 amisii-
1791 3395 2009 3450 —batur.
2074 3395 2482 3451 adhibebantur
2545 3394 2884 3449 mulierculae
2961 3391 3380 3454 lamentatrices,

190 3478 321 3546 Quo,
348 3491 404 3538 et
427 3480 554 3536 aliis
585 3478 858 3537 similibus
879 3477 1037 3534 lactis
1073 3476 1481 3532 Santabarenus
1535 3473 1735 3532 Basilio
1827 3500 1951 3554 quas,
1991 3487 2321 3555 praeﬁcarum
2358 3485 2412 3538 in
2444 3499 2649 3540 more.“
2691 3487 2898 3540 nam“
2935 3483 3196 3553 quasdam
3227 3484 3380 3551 ιυεη-

192 3569 518 3640 imperatore
543 3568 598 3624 in
625 3564 1042 3624 θάηιίΐάιίθιιεω
1065 3565 1323 3629 adduc").
1353 3565 1551 3630 ϐπεοίίέ
1589 3573 1650 3620 ιιι
1685 3566 1733 3620 i5
1827 3572 1999 3627 briter
2027 3574 2358 3636 accinerent,
2395 3580 2452 3626 et
2507 3573 2871 3627 calamitatem
2925 3569 3124 3624 Leonis
3190 3568 3383 3623 acerbe

192 3667 332 3716 totus
352 3676 423 3716 ex
462 3660 580 3730 ipso
610 3657 890 3729 penderet,
925 3664 981 3710 et
1009 3653 1165 3708 [idem
1195 3653 1245 3708 ei
1288 3654 1526 3716 haberet,
1559 3667 1734 3723 neque
1763 3677 1807 3731 Β
1834 3660 2196 3729 deplorarent.
2225 3659 2426 3714 Domus
2448 3660 2700 3714 universa
2733 3659 2866 3713 nihil
2885 3666 2999 3712 erat
3021 3658 3168 3717 aliud
3218 3671 3380 3726 quam

191 3749 294 3802 ulla
323 3751 381 3803 in
415 3764 480 3803 re
500 3746 781 3817 dilllderet.
817 3743 926 3798 Sed
970 3741 1078 3796 Leo
1106 3741 1247 3797 illius
1265 3741 1408 3810 ejus,
1437 3742 1547 3808 jam
1579 3742 1733 3800 adul-

191 3845 290 3903 tus,
320 3837 630 3906 disciplinis
679 3833 932 3890 omnibus
965 3831 1213 3888 eruditus
1243 3869 1260 3896 ,
1293 3841 1456 3900 atque
1498 3845 1528 3884 a
1582 3837 1736 3899 patre

190 3927 490 3996 inperator
519 3925 808 3986 salutatus,
856 3920 1376 3978 Santabarenotuon
1421 3918 1733 3974 delectaba-

191 4023 308 4081 tur;
360 4028 554 4071 verum
586 4027 710 4069 eum
742 4011 1040 4067 veneﬁcum
1079 4010 1400 4081 appellabat,
1444 4018 1500 4066 et
1526 4011 1734 4080 praesti-

191 4105 474 4174 giatorem,
503 4111 561 4159 et
583 4103 934 4174 imperatoris
965 4102 1329 4172 deceptorem.
1370 4099 1465 4155 His
1500 4101 1589 4155 ille
1619 4102 1735 4156 vel-

192 4195 266 4249 uti
291 4193 527 4266 spiculis
551 4193 880 4264 quibusdam
907 4194 1069 4260 ictus,
1113 4191 1178 4246 ad
1197 4191 1454 4246 ultionem
1485 4191 1733 4262 insurgit,

193 4285 561 4357 simulataque
608 4299 734 4356 erga
762 4283 996 4341 Leonem
1029 4282 1427 4347 benevolentia,
1474 4280 1604 4336 Cum
1639 4282 1737 4345 sis,

193 4372 388 4443 inquit,
424 4373 753 4438 adolescens,
788 4373 1094 4444 inperator,
1130 4381 1180 4426 et
1209 4387 1324 4425 cum
1362 4381 1511 4439 patre
1545 4373 1739 4426 veneris

190 4474 236 4516 et
261 4467 489 4536 equites,
542 4467 701 4537 pugio
732 4467 890 4520 etiam
934 4464 1030 4518 tibi
1082 4463 1393 4531 deferendas
1434 4471 1533 4523 est,
1567 4478 1666 4530 quo
1686 4471 1738 4516 et

192 4569 372 4612 contra
421 4559 591 4628 {nam
622 4558 812 4622 utaris,
847 4567 896 4612 et
927 4557 1069 4624 patri
1112 4557 1375 4626 porrigas,
1401 4571 1516 4607 cum
1544 4571 1624 4609 res
1657 4563 1739 4608 tu-

1833 3750 2036 3803 luctus.
2070 3749 2284 3818 Septem
2313 3749 2425 3804 fere
2443 3764 2710 3803 annorum
2739 3747 2916 3816 spatio
2933 3747 3040 3800 Leo
3087 3746 3140 3798 in
3162 3758 3382 3798 carcere

1833 3837 2084 3893 detentus
2113 3847 2230 3902 est;
2278 3853 2510 3907 cumque
2563 3848 2786 3892 senatus
2816 3849 2955 3901 stupe
3003 3848 3100 3899 pro
3135 3833 3253 3901 ipso
3289 3848 3378 3886 vo-

1833 3928 2026 3981 luisset
2079 3927 2380 3994 deprecari.
2408 3934 2462 3979 et
2511 3925 2676 3977 variis
2741 3925 2808 3976 de
2847 3916 3030 3976 causis
3077 3923 3382 3992 prohibitus

1834 4015 2280 4080 luisset,taudcm
2325 4024 2625 4082 opportuna
2675 4013 2864 4067 oborta
2931 4020 3010 4066 cst
3069 4013 3117 4066 ei
3169 4016 3384 4068 occasio

1835 4125 1941 4180 qua
1973 4119 2179 4178 posset,
2210 4107 2354 4177 quod
2385 4109 2437 4161 in
2464 4108 2645 4160 animo
2669 4105 2898 4159 habebat
2927 4112 2982 4160 et
3015 4106 3258 4161 studiose
3288 4121 3383 4160 cu-

1835 4194 1991 4253 rabat
2037 4199 2318 4270 perficere.
2389 4197 2514 4251 Erat
2566 4197 2810 4266 quaedam
2851 4197 2966 4250 avis
3016 4197 3071 4248 in
3127 4195 3292 4266 regia,
3329 4196 3394 4250 in.

1839 4301 2004 4342 cavea
2046 4286 2276 4354 inclusa,
2323 4280 2408 4339 ad"
2448 4285 2814 4354 spectaculum
2861 4294 2915 4338 et
2971 4284 3383 4339 obieetationem

1841 4375 2177 4432 audientium
2209 4383 2262 4430 et
2308 4375 2600 4430 videntium
2627 4374 2908 4446 (psittacus
2937 4373 3020 4428 avi
3049 4382 3132 4428 est
3166 4388 3380 4436 nomen,

1837 4479 1956 4534 quae
2001 4464 2294 4518 humanam
2339 4479 2521 4517 vocem
2575 4464 2790 4516 imitans
2837 4463 3062 4517 multum
3103 4461 3389 4530 loquitur),

1838 4568 1960 4622 quae
2014 4552 2228 4621 quidem
2280 4555 2393 4606 sive
2419 4553 2488 4606 ab
2543 4553 2722 4620 aliquo
2749 4551 2958 4615 edocta,
2990 4551 3384 4618 sive,alioquin

194 4645 306 4699 terit
335 4662 356 4701 :
389 4653 488 4698 aut
522 4647 680 4699 etiam
715 4647 1051 4701 insidiatores
1077 4646 1190 4715 ejus
1216 4647 1509 4700 ulciscaris.
1534 4645 1583 4700 ls
1617 4645 1742 4700 dolo
1787 4646 1791 4649 ’
1840 4659 1994 4707 casu,
2026 4658 2169 4711 saepe
2199 4661 2214 4697 :
2265 4642 2401 4708 "eu,
2435 4644 2568 4696 heu!
2598 4644 2804 4700 domine
2827 4643 2948 4705 Leo,
2982 4641 3383 4711 pronuntiabat.

196 4749 296 4788 non
339 4735 751 4796 animadverso,
807 4737 1117 4806 pugionem,
1162 4743 1223 4789 ut
1249 4736 1340 4790 ille
1373 4741 1642 4797 suaserat,
1685 4734 1739 4789 in
1841 4730 2086 4798 Cumque
2117 4730 2408 4797 aliquando
2446 4730 2647 4781 lautum
2678 4729 2898 4783 fecisset
2927 4729 3220 4795 imperator
3257 4740 3386 4779 con-

195 4827 374 4881 calceo
418 4824 545 4878 fert.
584 4823 660 4877 Eo
692 4825 924 4896 pugione
969 4827 1370 4882 Santaberenus
1417 4806 1740 4879 ad'delatio-
1843 4821 2063 4882 virium,
2121 4828 2175 4873 et
2228 4817 2475 4871 accersiti
2539 4817 2812 4886 principes
2867 4826 3090 4871 senatus
3155 4829 3275 4868 cum
3324 4828 3390 4867 eo

197 4929 312 4968 nem
360 4913 566 4968 Leonis
619 4928 773 4974 usus.
837 4914 1155 4982 Imperator,
1212 4916 1406 4984 inquit,
1451 4914 1592 4980 [ilius
1623 4923 1742 4967 tuus
1792 4925 1800 4938 ‘
1845 4909 2006 4966 simul
2063 4917 2268 4969 essent,
2321 4906 2541 4973 avisque
2578 4897 2832 4974 sﬁe‘id,
2862 4905 3013 4971 quod
3058 4903 3216 4954 modo
3247 4900 3356 4953 disi

125 5007 132 5015 '
200 5003 287 5057 tibi
343 5000 657 5057 insidietur.
711 5001 918 5057 Indicio
973 5005 1108 5059 illud
1155 5013 1255 5071 est,
1305 5003 1442 5075 quod
1470 5005 1524 5057 in
1556 4986 1810 5056 venatuc
1845 5015 1999 5061 mus,
2061 4997 2370 5065 loqueretur
2420 5011 2433 5046 :
2488 4995 2668 5047 Intrasti
2715 4995 2953 5048 conviva:
2998 5007 3026 5043 a
3057 4991 3193 5044 cibis
3223 4989 3390 5042 absti-

199 5098 476 5166 pugionem
526 5095 784 5151 occultum
839 5097 992 5166 gerit.
1051 5096 1148 5153 His
1201 5098 1424 5160 auditis,
1487 5095 1738 5150 venatum
1847 5097 2061 5151 nentes,
2095 5083 2432 5154 cogitabundi
2470 5082 2747 5136 sedebant.
2776 5081 2928 5145 Quod
2959 5079 3388 5132 animadvertetis

1684 5197 1906 5256 ΝΟΤίΕ.

1911 5307 1987 5372 (5)
2013 5303 2235 5359 Michael
2258 5301 2451 5372 Glycas
2472 5298 2524 5372 in
2547 5299 2686 5350 Ann.
2730 5308 2866 5372 pa_r_t_.
2899 5297 2950 5350 αἱ.

1913 5365 1986 5443 (ι)
2011 5374 2094 5428 Jo.
2124 5365 2358 5443 Zonaras
2391 5371 2442 5443 in
2470 5371 2568 5443 An.
2620 5365 2867 5443 tom._lll‘.

2016 5445 2174 5500 Card.
2205 5441 2395 5495 Baron.
2423 5438 2475 5492 in
2503 5437 2691 5490 Annal.
2732 5433 2928 5488 Errlcs.
2959 5442 2996 5488 t.
3031 5431 3098 5488 Χ.

264 5324 343 5394 tl)
383 5318 788 5394 [Numantinus
811 5315 1087 5394 narrasses
1118 5317 1171 5394 in
1199 5315 1546 5394 Annal-ibus;
1584 5389 1591 5394 Δ
1664 5381 1674 5390 ι

263 5381 340 5464 (25
373 5387 642 5460 Georgius
683 5383 960 5440 Cedrenus
1004 5385 1061 5439 in
1117 5385 1433 5464 Compemlio
1475 5381 1737 5436 Historia-

202 5479 331 5518 runt.

258 5621 276 5641 ’
302 5621 358 5671 in
383 5611 588 5667 Hariuli
613 5571 798 5671 Leonis,
819 5608 950 5674 quod
968 5607 1130 5658 Romae
1150 5605 1301 5655 edidit
1320 5619 1441 5654 anno
1470 5603 1598 5652 1651.
