3984 6322
617 319 672 362 ιι
1939 277 2508 359 PROLEGOMENA.
3761 274 3836 320 su

623 420 944 487 imperator.
989 422 1210 467 causam
1262 407 1332 464 ab
1384 406 1488 470 eis,
1512 421 1612 461 cur
1660 417 1768 459 non
1801 400 2158 459 comederent,
2191 407 2240 466 Α
2267 401 2403 450 seta
2431 390 2626 447 Photio
2655 388 2943 450 diaconus,
2995 395 3135 452 opus
3167 386 3314 449 erat;
3363 386 3418 436 et
3450 379 3534 434 lex
3589 383 3705 434 erat
3746 392 3832 434 ec-

624 486 1062 578 percontabatur.
1094 499 1164 554 At
1202 497 1280 554 illi
1315 495 1520 568 perfusi
1554 493 1809 564 lacrymis
1844 507 1858 544 :
1893 486 2164 578 Quemci-

2266 482 2591 546 clesiastica,
2626 487 2686 534 ut
2714 475 2950 534 ordinati
2991 488 3021 527 a
3041 471 3238 525 Photio
3259 477 3541 525 cessarent
3589 468 3838 525 omnino,-

623 558 765 658 bum,
812 588 1078 661 inquiunt,
1109 603 1139 642 ο
1171 558 1397 650 domine,
1447 558 1786 645 comedeulus,
1813 575 2167 632 eururatione
2204 637 2208 641 .
2267 581 2369 630 nec
2390 571 2581 642 majori
2615 568 2785 641 gradu
2825 568 3195 624 elevarentur.
3222 560 3379 616 Unde
3427 561 3480 614 in
3519 559 3704 613 codice
3730 558 3833 613 Co-

622 646 834 754 prrediti
864 646 1128 745 s'imus,'et
1150 674 1350 730 domini
1379 646 1546 728 nostri
1558 709 1566 725 ε
1588 669 1810 725 studiosi
1842 663 2169 721 habeantur!
2269 659 2545 716 lumnensi
2577 671 2728 713 num.
2772 655 2842 709 45
2883 655 3124 724 signato,
3161 658 3283 720 post
3328 649 3582 702 recitatas
3620 646 3832 700 litteras

627 773 768 828 Nam
797 771 893 824 hoc
920 767 1124 823 animal
1154 767 1358 821 ratione
1384 779 1568 818 carens
1597 778 1750 817 suum
1789 759 2060 814 dominum
2092 770 2173 806 re-

623 862 785 934 quivit
803 877 824 927 ;
858 875 949 914 nos
979 857 1152 913 autem
1181 857 1328 926 genio
1357 852 1708 923 indulgentes,
1755 849 2044 908 dominum,
2082 844 2174 914 qui

624 949 759 1004 nillil
789 948 1039 1017 peccauit,
1083 944 1232 998 obliti
1277 955 1478 996 sumus.
1529 939 1634 1003 Qui
1681 938 1727 992 si
1772 945 2020 1004 peccasse
2050 948 2177 984 cou-

619 1041 876 1105 ‘uincitur,
905 1046 955 1092 et
999 1037 1058 1109 in
1087 1041 1352 1104 parentem
1393 1032 1658 1084 dexteram
1711 1041 1963 1089 armasse,
2001 1037 2177 1077 omnes

626 1144 720 1184 nos
752 1129 914 1181 lnanu
950 1133 1134 1177 nostra
1179 1135 1299 1174 eum
1328 1116 1722 1185 iuterﬁciemus,
1759 1128 1917 1181 neque
1949 1111 2060 1180 ejus
2083 1125 2180 1162 un-

583 1249 590 1257 -
625 1229 787 1286 quam
817 1210 1142 1280 explebimur
1167 1207 1422 1277 sanguine
1453 1220 1470 1259 :
1505 1206 1551 1258 si
1581 1218 1698 1258 vero
1725 1201 1788 1256 de
1815 1200 2000 1268 quibus
2025 1214 2181 1252 accu-

629 1314 783 1361 satus
812 1313 913 1369 est,
941 1300 1268 1355 calumniam
1288 1295 1550 1365 coarguit,
1581 1290 1752 1362 quoad
1776 1291 1954 1360 lingua
1981 1289 2181 1342 calum-

629 1397 786 1448 nians
825 1381 1032 1460 tantum
1060 1389 1116 1443 in
1139 1388 1310 1454 ipsum
1342 1382 1571 1452 poterit?
1594 1379 1830 1434 Mellitus
1866 1379 2029 1447 igitur
2099 1382 2184 1428 ta-

592 1533 596 1536 η
629 1483 776 1540 libus
798 1478 981 1535 verbis
1020 1475 1342 1545 imperator,
1368 1461 1503 1525 tunc
1551 1468 1704 1536 ipsos
1752 1464 1943 1522 sedere
1997 1462 2184 1533 jussit,

631 1584 802 1642 seque
855 1583 970 1624 rem
1028 1563 1348 1635 diligentius
1407 1558 1702 1630 spopondit
1747 1556 2183 1628 exploraturum.

534 1651 538 1654 ’
629 1663 818 1733 Neque
853 1672 987 1716 sane
1017 1656 1190 1712 multo
1241 1658 1366 1723 post
1407 1650 1473 1705 ad
1491 1664 1650 1705 suum
1688 1647 1956 1717 ingenium
1977 1644 2189 1708 rediens

2275 750 2544 821 Stephani
2599 762 2750 819 papae
2798 745 2867 800 od
2926 741 3185 798 Basilium
3219 741 3620 810 imperatorem.
3654 731 3835 790 Photii

2277 827 2643 906 defensorem,
2668 839 2958 905 subjicitur
2988 853 3003 890 :
3033 855 3051 888 s
3087 834 3211 888 llaec
3241 830 3471 902 epistola
3495 829 3560 882 ad
3580 827 3836 884 Basiliam

2287 933 2667 1001 imperatorem
2699 930 2867 984 missa
2899 926 3021 993 fuit,
3057 924 3150 979 sed
3177 922 3323 977 illam
3353 921 3561 992 accepit
3583 920 3691 974 Leo
3717 916 3838 986 ejus

2279 1022 2443 1086 ﬁlius,
2475 1035 2599 1075 cum
2627 1020 2737 1088 jam
2771 1026 2921 1088 pater
2952 1017 3056 1070 vita
3087 1013 3305 1069 functus
3328 1021 3494 1068 esset.
3522 1029 3541 1062 ι
3579 1010 3680 1076 Qui
3713 1021 3836 1064 cum

2279 1111 2522 1182 epistola:
2543 1111 2650 1164 vim
2678 1108 3059 1168 intellexisset.
3094 1114 3146 1160 et
3171 1104 3354 1158 omnia
3384 1101 3560 1156 Photii
3590 1099 3835 1154 facinora

2281 1200 2641 1273 cognovisset,
2674 1197 3072 1270 quamprimum
3115 1194 3387 1254 revocavit
3416 1205 3608 1248 omnes
3656 1203 3840 1245 sacer—

2289 1291 2441 1347 dotes
2470 1290 2735 1352 veritatis,
2753 1287 2845 1359 qui
2872 1303 2902 1341 a
2933 1285 3151 1350 Photio,
3183 1284 3527 1339 anathemate
3550 1281 3835 1341 damnato,

2291 1395 2480 1450 graves
2518 1377 2663 1451 passi
2715 1376 2929 1432 fuerant
2973 1372 3406 1444 persecutiones,
3447 1377 3500 1426 et
3541 1368 3716 1438 eiecto
3761 1374 3841 1436 ty-

2297 1483 2470 1524 ranno
2519 1475 2573 1524 et
2616 1468 2866 1522 invasore
2895 1463 3113 1527 Photio,
3153 1461 3374 1516 fratrem
3422 1473 3577 1515 suum
3630 1471 3845 1528 germa-

2296 1556 2757 1624 numintroduxit,
2779 1553 3225 1615 advocatoetiam
3255 1550 3537 1621 Styliano,
3552 1547 3841 1606 Neocaesa-

2297 1662 2402 1703 reae
2428 1645 2791 1714 metropolita,
2818 1647 3176 1712 cognomento
3204 1639 3382 1707 Mapa,
3413 1645 3465 1690 et
3504 1635 3625 1690 aliis
3646 1635 3768 1702 eius
3789 1634 3842 1701 in

637 1752 930 1825 (reveritus
952 1763 1023 1804 ne
1059 1747 1204 1804 forte
1233 1752 1430 1800 natura
1465 1740 1637 1810 magis
1660 1753 1857 1808 expers
1889 1751 2012 1792 esse
2039 1749 2188 1790 com-
2224 1725 2670 1806 Blpersecutioue
2693 1730 3178 1796 commilitonibus,
3206 1730 3495 1800 episcopis,
3515 1728 3841 1800 praepositis,

637 1824 1026 1905 miserationis,
1069 1852 1232 1909 quam
1281 1833 1494 1890 avicula
1535 1827 1830 1897 videretur)
1877 1841 1907 1882 e
1944 1824 2189 1881 custodia

637 1934 894 1992 eductum
923 1927 1028 1985 sibi
1053 1932 1254 1998 praesto
1273 1921 1558 1991 esseiubet
1601 1919 1798 1982 lilium,
1826 1914 2189 1985 ademptaque

533 2049 538 2058 -
638 2025 688 2080 ei
725 2019 934 2093 lugubri
964 2023 1132 2082 veste,
1169 2026 1226 2073 et
1275 2025 1634 2083 supervacua,
1667 2023 1788 2080 quae
1819 2008 1873 2062 in
1908 2007 2056 2062 luctu
2090 2019 2176 2060 cr-

627 2096 905 2176 icrevcrat,
965 2121 1146 2171 coma,
1193 2105 1488 2175 pristinum
1539 2102 1590 2156 ei
1653 2100 1866 2168 imperii
1926 2100 2186 2152 honorem

638 2202 896 2258 restituit.
925 2197 1111 2264 Neque
1154 2208 1289 2248 sane
1329 2192 1499 2246 multo
1535 2197 1656 2258 post
1683 2188 1970 2242 diarrhocae
2002 2186 2191 2238 morbo

639 2297 949 2358 correptus,
973 2284 1220 2339 instituto
1244 2278 1457 2334 hmrede
1509 2285 1563 2332 et
1591 2289 1916 2331 successore
1957 2273 2067 2326 lilio
2093 2287 2192 2326 suo

643 2385 846 2446 Leone,
872 2377 1106 2432 ﬁliorum
1141 2371 1500 2443 superstitum
1529 2377 1658 2423 natu
1677 2369 1938 2430 maximo,
1959 2366 2193 2419 decessit

641 2489 673 2528 e
697 2471 838 2535 vita;
864 2475 1026 2537 atque
1070 2478 1178 2519 una
1217 2476 1341 2518 cum
1379 2459 1696 2518 haereditate
1723 2453 1897 2512 eidem
1947 2456 2057 2510 lilio
2093 2470 2192 2508 suo

646 2559 812 2615 Leoni
868 2551 1182 2626 imperatori
1211 2553 1424 2624 egregia
1458 2551 1662 2605 monita
1703 2547 1922 2618 scriptis
1951 2546 2187 2615 reliquit,

643 2650 923 2720 sexaginta
980 2660 1075 2702 sex
1136 2643 1408 2714 capitibus
1473 2638 1891 2710 comprehensa,
1959 2650 2190 2706 quorum

641 2737 918 2810 principes
937 2735 1130 2789 littera“:
1149 2729 1545 2802 hapcelliciunt
1567 2729 1888 2784 sententiam
1914 2745 1927 2780 :
1953 2725 2191 2779 Basilius

644 2828 701 2884 in
728 2823 940 2880 Christo
963 2819 1320 2874 Romanorum
1339 2819 1647 2886 imperator,
1668 2813 1849 2879 Leoni,
1873 2815 2033 2867 charo
2055 2813 2189 2880 ﬁlio,

641 2927 691 2972 et
717 2915 926 2985 imperii
947 2907 1527 2980 collegre.Exslantque
1566 2921 1597 2960 e
1639 2904 1825 2960 Grmco
1861 2903 2010 2958 fonte
2029 2904 2083 2956 in
2110 2901 2190 2954 al-

641 3018 800 3058 veum
816 2999 1127 3055 Latinitatis
1141 2996 1382 3051 deductas
1397 2993 1536 3063 apud
1557 2990 2128 3061 Margarinumiiigneu
2139 3006 2186 3042 ιιι

543 3074 549 3081 ’
643 3101 792 3147 tomo
817 3088 862 3143 ν
893 3087 1230 3142 Bibliotheca:
1261 3093 1486 3139 ceterum
1513 3081 1628 3135 PP.
1656 3083 1710 3134 in
1748 3081 1872 3134 line.
1903 3079 1976 3132 Ea
2012 3088 2189 3132 autem

647 3180 857 3236 monita
885 3177 990 3232 Leo
1022 3176 1313 3243 accipiens,
1340 3182 1394 3224 et
1426 3168 1703 3223 custodire
1734 3167 2015 3228 laborans,
2047 3179 2190 3218 con-

648 3275 870 3326 secutus
923 3274 1006 3320 est
1034 3278 1144 3333 pra:
1165 3261 1404 3323 caeteris,
1431 3257 1609 3326 inquit
1633 3255 1898 3309 Baronius
1931 3253 2029 3321 (6},
2064 3253 2190 3306 illud

647 3360 862 3429 insigne
897 3368 1116 3414 nomen.
1149 3359 1208 3405 ut
1241 3347 1499 3403 meruerit
1543 3352 1900 3414 cognomento
1945 3341 2193 3396 Philoso-

650 3451 791 3522 phus
821 3443 1106 3517 appellari,
1151 3441 1308 3510 quasi
1361 3452 1457 3508 per
1514 3449 1636 3490 eum
1687 3434 1831 3487 illam
1883 3431 2191 3486 felicitatem

651 3537 928 3596 Orientale
979 3535 1050 3590 sit
1097 3531 1385 3601 imperium
1438 3533 1825 3587 consecutum,
1899 3536 2060 3589 quam
2107 3521 2196 3574 ille

653 3631 928 3702 pollicitus
959 3634 1045 3680 est
1094 3621 1336 3690 sapiens,
1372 3615 1416 3672 si
1451 3616 1535 3672 vel
1589 3610 1897 3684 philosophi
1948 3617 2193 3680 regnent,

650 3720 734 3777 vel
767 3719 812 3774 si
850 3729 1005 3786 reges
1032 3709 1501 3784 philosophentur.

718 3799 986 3865 Defuncto
1027 3804 1213 3873 itaque
1257 3797 1460 3854 Basilio
1501 3789 2070 3865 imperatore,-eodem
2108 3787 2196 3843 die

651 3899 760 3956 Leo
805 3899 927 3968 ejus
959 3895 1103 3950 illius
1159 3889 1446 3963 imperium
1495 3881 1884 3941 moderandum
1915 3879 2192 3950 suscepit:

654 3991 746 4061 qui
776 4002 900 4043 mox
929 3982 1215 4041 occasione
1249 3986 1484 4048 captata,
1520 3976 1665 4046 quod
1703 3969 1933 4030 Phatius
1963 3971 2195 4042 patriar-

653 4080 755 4134 cha
778 4071 1414 4138 ConstantinOpolitanus
1438 4103 1453 4128 ,
1486 4063 1611 4118 eum
1640 4064 2016 4120 Santabareno
2059 4077 2193 4116 con-

658 4168 839 4224 silium
873 4162 1090 4215 iniisset
1115 4157 1182 4212 de
1207 4152 1526 4224 eligendoin
1563 4153 1942 4220 imperatorem
1969 4161 2198 4217 cognato

659 4254 833 4325 ipsius
861 4248 1058 4311 Photii,
1090 4260 1214 4300 cum
1248 4258 1278 4297 e
1307 4242 1507 4296 throno
1536 4238 1811 4308 deposuit,
1838 4237 2200 4304 relegavitque

2292 1826 2642 1899 presbyteris,
2701 1823 2966 1887 diacouis,
2992 1831 3045 1878 et
3070 1822 3188 1877 aliis
3217 1821 3431 1889 pietatis
3460 1818 3844 1884 sectatoribus,

2289 1920 2366 1972 ait
2394 1916 2503 1972 illis
2535 1932 2550 1972 :
2586 1913 2842 1971 Nostrum
2870 1927 2934 1966 ea:
2962 1911 3070 1967 Deo
3099 1912 3401 1981 imperium,
3425 1924 3678 1978 perpensa
3705 1909 3845 1962 veri-

2292 2018 2417 2072 tate,
2445 2009 2677 2078 iniquum
2731 2005 2882 2059 illum
2913 2004 3171 2058 hominem
3213 2002 3466 2057 Pharium
3509 2017 3544 2054 a
3581 2000 3700 2055 sede
3753 2015 3846 2068 pa-

2291 2097 2570 2153 triarchali
2605 2096 2779 2164 ejecit,
2807 2104 2854 2148 et
2902 2101 3130 2147 restrain
3171 2091 3577 2160 persecutionem
3603 2089 3805 2144 sedauit
3826 2101 3846 2141 :

2291 2185 2382 2242 uel:
2416 2188 2524 2239 ulla
2577 2195 2730 2252 pacto
2759 2197 2939 2252 cogam
2985 2200 3298 2252 quemquam
3343 2192 3566 2236 vestrum
3608 2190 3664 2233 ut
3695 2180 3847 2234 inriti

2293 2286 2408 2325 cum
2457 2269 2550 2323 illo
2597 2268 3021 2330 eommunicetis;
3067 2267 3190 2337 quin
3230 2266 3404 2333 potius
3457 2280 3551 2318 oro
3591 2266 3839 2329 pietatem

2293 2373 2514 2418 vestram
2563 2371 2619 2412 ut
2673 2358 3061 2412 communicatis
3105 2374 3224 2411 cum
3280 2357 3444 2426 fratre
3488 2370 3621 2421 meo,
3666 2364 3715 2408 et
3746 2357 3845 2423 ﬁat

2291 2471 2452 2508 ullum
2486 2455 2637 2506 ovile.
2687 2451 2782 2506 Sin
2845 2459 3018 2504 autem
3070 2449 3379 2502 inconsultis
3430 2445 3701 2506 Romanis,
3749 2445 3841 2512 qui

2295 2543 2544 2598 Photium
2574 2543 2972 2608 damnaverunt,
3007 2539 3281 2595 nolueritis
3319 2539 3478 2607 fratri
3516 2527 3844 2591 meo—conce-

2292 2637 2424 2699 nire,
2457 2634 2704 2705 quoniam
2731 2632 2969 2687 t-ideltcet
2999 2646 3031 2683 a
3052 2629 3240 2683 letio
3283 2627 3538 2681 diaconus
3560 2625 3663 2695 fuit
3693 2624 3846 2678 ordi-

2291 2735 2485 2792 natus;
2516 2725 2708 2791 venite,
2742 2723 3038 2777 scribamus
3066 2727 3116 2772 et
3161 2719 3433 2772 mittamus
3473 2732 3578 2770 una
3620 2714 3848 2769 Romam

2292 2816 2362 2869 ad
2401 2815 2732 2884 pontiﬁcem,
2794 2823 2850 2866 ut
2899 2813 3158 2878 dispenset
3200 2810 3577 2864 absolutionem
3625 2807 3846 2861 anathe-

2292 2908 2448 2960 matis
2479 2907 2542 2960 iis
2573 2906 2662 2975 qui
2710 2920 2742 2958 a
2783 2902 2974 2957 Photio
3009 2903 3224 2969 {uerunt
3265 2898 3522 2952 ordinati.
3555 2916 3572 2947 ι
3608 2896 3847 2965 Scripsit

2293 2996 2458 3065 igitur
2486 3002 2769 3063 propterea
2798 2994 3091 3062 imperator
3120 2989 3187 3043 ad
3215 2987 3552 3050 Ponliﬂccm,
3587 2986 3845 3040 similiter

2291 3086 2455 3138 etiam
2480 3084 2630 3152 Maps
2654 3081 2992 3154 metropolita
3019 3081 3300 3144 Caesareae,
3325 3087 3378 3135 et
3399 3079 3520 3148 ejus
3548 3078 3701 3133 socii.
3727 3075 3839 3131 Sed

2293 3189 2415 3228 cum
2455 3173 2646 3226 horum
2684 3172 2738 3225 in
2785 3154 3306 3238 praecitato‘codice
3352 3178 3571 3222 exstent
3617 3168 3841 3231 littera,

2297 3261 2488 3317 Leonis
2515 3269 2695 3314 tamen
2725 3259 3126 3314 desiderantur.
3153 3257 3418 3311 Caeterum
3450 3257 3596 3326 quod
3619 3257 3841 3324 peteba-

2296 3360 2402 3416 tur,
2439 3357 2497 3403 ut
2527 3349 2935 3418 dispensaretur
2965 3363 3087 3402 eum
3118 3348 3392 3416 Stephano
3413 3386 3426 3406 .
3457 3361 3711 3415 germano
3740 3346 3846 3401 im-

2293 3440 2583 3509 peratoris,
2615 3439 2708 3508 qui
2756 3437 3202 3492 subdiaconatum
3245 3437 3575 3510 suscepisset
3621 3452 3651 3488 a
3694 3435 3844 3490 Pho-

2294 3531 2392 3592 tio,
2440 3529 2812 3597 dispensatum
2843 3527 3015 3584 fuisse
3044 3537 3118 3593 et,
3153 3534 3211 3583 ut
3240 3525 3495 3595 opertuit,
3522 3525 3600 3580 rei
3621 3524 3846 3579 consul-

2294 3632 2409 3677 tum
2459 3621 2528 3676 ab
2592 3622 2710 3691 ipso
2773 3620 3018 3676 Romano
3058 3620 3345 3692 pontiﬁce,
3394 3616 3842 3674 existimandum.

2293 3711 2428 3766 Nam
2463 3711 2550 3768 ille
2577 3711 2804 3776 sedisse,
2842 3718 3006 3781 atque
3036 3724 3160 3767 cum
3209 3709 3328 3780 ipso
3360 3709 3500 3764 idem
3533 3705 3851 3776 Stephanus

2294 3817 2430 3873 papa
2458 3803 2889 3856 communicasse
2929 3799 3217 3856 invenitur.

2364 3891 2574 3947 interea
2627 3891 2840 3944 Andrea
2893 3892 3232 3947 exercituum
3285 3886 3559 3959 praelecto,
3612 3884 3848 3955 aliisque

2295 3986 2588 4045 senatoriis
2618 3985 2748 4040 viris
2800 3984 2984 4038 multis
3023 3980 3399 4054 Chrysopolim
3447 3978 3511 4032 ad
3552 3976 3847 4046 Philippici

2297 4077 2687 4132 monasterium
2714 4074 2911 4140 missis,
2935 4087 3056 4126 eum
3088 4083 3230 4126 C(Blu
3260 4062 3620 4132 sacerdotum,
3650 4067 3850 4122 caereis

2300 4162 2695 4225 facibus,atque
2717 4159 3072 4216 aromatibus,
3116 4155 3343 4210 cadaver
3369 4151 3644 4206 Michaelis
3673 4151 3853 4217 impe-

2300 4242 2907 4310 ratoris(quiBasilium
2935 4249 3318 4308 patremsuum
3377 4239 3432 4292 in
3488 4237 3657 4289 lilium
3715 4236 3855 4292 ado-

661 4324 718 4398 in
766 4335 1152 4396 monasterium
1193 4333 1577 4395 Armenorum,
1609 4330 1666 4383 in
1709 4325 1938 4396 ejusque
1995 4324 2190 4385 locum,

2305 4338 2567 4402 ptaverat,
2595 4340 2648 4386 et
2671 4329 2971 4385 diademate
3009 4327 3274 4396 cinxerat)
3299 4327 3550 4396 sepulcro
3572 4324 3758 4390 educi,
3792 4325 3850 4380 in

661 4433 976 4504 germinum
1011 4441 1192 4493 suum,
1235 4425 1456 4481 nomine
1493 4421 1847 4492 Stephanum,
1898 4419 2202 4485 subrogan-

660 4526 789 4580 dum
811 4520 1040 4579 curavit.
1065 4517 1416 4588 llupostorem
1447 4528 1576 4569 vero
1597 4513 1748 4567 illum
1772 4508 2199 4566 Santabarenum

662 4611 844 4680 ﬂagris
873 4621 1095 4668 caesum,
1121 4604 1296 4660 oculis
1327 4604 1576 4672 privavit,
1621 4608 1676 4656 et
1733 4599 1971 4654 Athenas
2019 4598 2071 4650 in
2111 4612 2204 4652 ex-

665 4702 846 4758 silium
875 4697 1025 4752 misit
1045 4711 1074 4758 ;-
1096 4694 1366 4747 hominem
1401 4700 1548 4747 secta
1586 4689 1938 4745 Manichasum
1962 4728 1975 4751 ,
1996 4689 2205 4758 profes-

665 4793 818 4854 sione
861 4800 1081 4858 magum
1108 4823 1124 4842 .
1174 4783 1518 4838 simulatione
1559 4796 1689 4836 vero
1718 4780 2111 4842 Christianum,
2150 4788 2204 4832 et

665 4877 1003 4952 imposturis,
1049 4873 1250 4944 quibus
1290 4870 1551 4923 miracula
1601 4868 1905 4930 allectabat,
1939 4883 1969 4919 a
2007 4869 2204 4920 Basilio

667 4973 996 5040 imperatore
1052 4962 1320 5018 creditum
1375 4968 1645 5011 sanctum.
1702 4955 1900 5009 Verum
1959 4956 2203 5022 pluribus

668 5065 830 5117 annis
857 5056 1057 5127 elapsis
1089 5051 1364 5108 hominem
1399 5046 1467 5100 ab
1521 5045 1716 5098 exsilio
1760 5051 2074 5098 revocatum
2116 5046 2204 5098 bc-

669 5149 832 5217 nigne
873 5139 1216 5199 tractandum
1249 5132 1481 5190 curavit.
1522 5130 1690 5183 Porro
1728 5130 2047 5183 subslitutio
2090 5128 2205 5185 Stc-

667 5215 834 5304 phani
887 5232 942 5285 in
977 5231 1158 5304 locum
1185 5221 1363 5276 Photii
1392 5216 1535 5274 haud
1566 5216 1638 5269 ita
1674 5215 2042 5285 perfunctorie
2067 5217 2204 5274 facta

670 5334 773 5390 est,
834 5319 1141 5377 inconsulto
1186 5313 1430 5367 Romano
1475 5305 1736 5380 pontiﬁce
1784 5306 2062 5374 Stephano.
2118 5309 2201 5364 Vi.

669 5406 801 5461 Nam
828 5411 896 5462 ah
917 5423 1002 5470 eo,
1047 5414 1104 5460 ut
1129 5393 1564 5471 sdispensaretur,
1597 5393 1738 5464 quod
1769 5394 2048 5452 ordinatus
2071 5396 2203 5451 fuis-

2305 4436 2432 4476 arca
2481 4420 2793 4490 cupressina
2846 4418 2995 4487 poni,
3049 4414 3502 4485 imperatorioque
3563 4413 3857 4481 splendore

2307 4513 2561 4575 velatum,
2587 4506 3107 4576 Constantinopolim
3127 4503 3235 4559 Leo
3255 4503 3432 4559 ati‘erri
3460 4504 3644 4574 jussit,
3663 4502 3856 4572 ibique

2306 4617 2426 4657 cum
2456 4611 2617 4656 cantu
2646 4608 2702 4656 et
2746 4597 2964 4670 hymnis
2987 4604 3292 4665 exceptum,
3327 4608 3500 4664 usque
3555 4590 3623 4648 ad
3674 4594 3853 4649 adem

2303 4691 2679 4762 Apostolorum
2700 4686 2893 4742 deduci
2929 4683 3213 4750 ordinavit,
3246 4683 3300 4738 in
3322 4700 3425 4755 qua
3453 4684 3508 4739 in
3542 4692 3855 4739 ularmo‘rea

2306 4795 2429 4833 arca
2469 4776 2764 4849 repositum
2805 4780 2911 4835 est,
2961 4773 3348 4827 comitantibus
3400 4787 3644 4843 pompam
3681 4773 3856 4827 etiam

2307 4869 2563 4922 fratribus
2622 4863 2984 4934 imperatoris,
3049 4862 3375 4928 Alexandro,
3429 4873 3485 4917 et
3537 4861 3857 4931 patriarcha

2307 4956 2598 5024 Stephano.
3516 5014 3518 5016 γ

2373 5043 2506 5096 Cum
2536 5039 2704 5108 ilagio
2733 5036 3280 5117 Lougobardiardux,
3315 5037 3456 5105 regis
3485 5035 3732 5090 Francius
3763 5052 3858 5106 ge-

2307 5148 2423 5196 ner,
2453 5131 2667 5198 cognita
2711 5127 2892 5182 Basilii
2921 5126 3261 5196 imperatoris
3293 5137 3489 5186 morte.
3527 5141 3557 5178 a
3591 5126 3863 5180 societate

2307 5223 2670 5277 Romanorum
2716 5217 3037 5274 descivisset
3091 5219 3303 5290 sibique
3350 5225 3518 5271 tutam
3587 5212 3858 5269 ditionem

2309 5311 2655 5373 vindicasset,
2697 5317 2893 5378 contra.
2931 5321 3052 5366 eum
3087 5305 3198 5366 Leo
3224 5303 3642 5364 Constantinum
3673 5303 3856 5372 patri-

2311 5402 2451 5456 cium
2487 5415 2684 5476 mensae
2729 5397 3037 5468 przei’ectum
3061 5411 3183 5453 cum
3213 5390 3651 5451 Occidentalibus
3699 5386 3860 5455 misit

2143 5488 2364 5545 “OT-AI.

743 5587 816 5654 (6)
843 5589 1101 5644 Baronius
1127 5589 1191 5643 ad
1223 5603 1347 5641 anu.
1386 5581 1504 5639 885.
1598 5615 1607 5623 -
