3980 6330
1934 120 1969 153 \

508 371 576 409 sv
1808 340 2375 408 PROLEGOMENA.

508 474 638 533 iitte,
664 456 859 523 nomen
890 479 957 521 ne
987 464 1086 519 tibi
1111 471 1263 519 tuum
1291 461 1551 531 imponat,
1577 472 1713 515 neve
1740 456 1910 512 fretus
1936 457 2049 521 illo,
2077 457 2129 517 Α
2150 461 2242 505 aut
2314 450 2474 505 irasci
2499 488 2515 513 ,
2570 454 2854 520 imperator
2902 471 2923 509 .-

2155 545 2248 596 tibi
2276 543 2476 596 aduersi
2498 550 2799 597 eventurum
2822 547 3069 613 pradirit
3096 547 3191 603 hoc
3212 565 3358 604 versu
3387 570 3401 605 :
3431 568 3450 603 ι
3481 554 3695 619 Quanta

509 560 805 627 potiturum
834 565 887 611 te
918 555 1280 610 (lonianorutn
1311 552 1536 620 imperio
1562 561 1720 621 putes
1744 567 1757 603 :
1786 562 1908 602 nam
1934 562 2054 601 meo

510 649 625 703 tilio
655 647 1013 702 Constantino
1063 643 1354 705 divinitus
1379 641 1665 713 imperium
1692 648 2051 694 reservatum

509 745 627 802 est;
655 736 795 806 quod
822 736 1066 805 equidem
1102 743 1434 804 perspectum
1470 732 1661 793 habeo,
1693 728 2052 800 signiﬁcatum

511 822 640 876 mihi
685 822 885 875 divinis
928 821 994 874 ab
1025 820 1337 875 hominibus
1380 819 1563 872 futura
1608 815 1975 887 prospiciendi
2004 815 2052 867 vi
2088 852 2093 855 -

484 909 769 980 praeditis.
819 907 1159 978 Quapropter
1208 909 1358 961 scire
1405 904 1574 960 debes
1616 913 1967 967 eventurum,
1996 908 2054 952 ut

508 997 925 1069 si‘tyrannidem
979 996 1044 1050 ad
1076 1007 1129 1050 te
1176 1009 1365 1064 rapere
1393 1000 1623 1069 conatus
1669 990 1858 1054 fueris,
1893 997 2055 1057 caput

701 1087 911 1166 absque
957 1098 1189 1157 corpore
1219 1056 1312 1153 per
1347 1056 1488 1137 hanc
1523 1082 1698 1149 ipsam
1731 1087 1939 1150 portam
1962 1056 2054 1132 in-

501 1174 801 1246 grediatur.
840 1171 974 1226 Huic
997 1172 1260 1226 vaticinio
1295 1171 1552 1239 deinceps
1577 1178 1807 1225 eventus
1832 1182 2056 1238 respon-

504 1268 604 1321 dit.
636 1263 769 1319 Nam
821 1264 942 1333 post
990 1262 1183 1317 Leonis
1217 1258 1423 1316 obitum
1451 1260 1845 1315 Constantinus
1876 1270 2057 1331 tyran-

507 1352 685 1407 nidem
716 1351 1003 1411 aliertans,
1043 1346 1261 1403 occisus
1290 1354 1395 1413 est,
1441 1359 1505 1399 ac
1529 1343 1789 1414 deinceps
1825 1356 1941 1399 erat
1970 1345 2053 1398 vi—

507 1443 639 1498 dere
688 1451 975 1497 cruentum
1032 1446 1203 1509 caput
1253 1438 1373 1506 ejus
1419 1450 1512 1505 per
1550 1435 1696 1489 illam
1728 1443 1937 1505 portam
1968 1436 2051 1491 ιιι.

508 1532 663 1589 ierri.
950 1560 951 1563 η
1294 1576 1297 1581 .

573 1623 789 1678 Accidit
814 1621 869 1674 id
897 1618 1162 1688 temporis
1209 1621 1474 1673 maximus
1508 1616 1638 1671 solis
1666 1614 1925 1679 deiectus,
1959 1628 2054 1669 cu~

504 1713 594 1784 jus
639 1724 807 1766 causa
858 1709 1263 1763 Pantaleontem
1320 1704 1688 1776 Synadcnsem
1741 1703 2051 1773 pontiﬁcem

3606 359 3701 406 ιη

2978 447 3101 509 mnu
3168 467 3309 513 rates
3377 459 3545 517 David
3600 464 3702 519 lto:

2152 633 2470 703 maiiguatus
2518 643 2592 687 est
2628 626 2877 688 inimicus
2922 638 2975 689 in
3003 648 3184 691 sancto
3224 648 3318 711 tuo
3343 656 3369 720 ἦ
3400 653 3448 696 et
3477 645 3693 713 gloriati

2152 733 2272 776 sunt
2311 724 2400 793 qui
2427 721 2647 777 oderunt
2676 733 2744 789 te,
2776 725 2831 777 in
2864 725 3031 779 medio
3061 729 3407 784 solemnitatis
3446 741 3549 786 tua:
3573 732 3632 786 ⁸3
3671 753 3690 787 s

2156 812 2304 877 Noti,
2357 827 2553 882 quisse,
2608 814 2886 882 oppetiisse
2928 817 3023 870 tibi
3069 820 3186 872 vitae
3216 821 3375 887 liuent
3419 823 3695 889 arbitrari,

2154 918 2243 956 nec
2270 903 2501 957 mtimttm
2549 913 2695 957 tuum
2739 906 2989 974 cogitatio
3020 907 3116 971 de.
3140 918 3305 965 morte
3341 911 3542 977 subeat,
3570 923 3698 968 nam

2154 993 2247 1045 tibi
2297 1005 2404 1046 tam
2450 994 2567 1049 vita
2595 1011 2750 1063 quam
2782 998 2985 1066 imperii
3009 997 3187 1052 decem
3218 1000 3394 1063 adhuc
3444 1005 3571 1058 anni
3592 984 3696 1058 cou-

2155 1084 2272 1137 (esti
2303 1100 2337 1138 α
2361 1100 2519 1138 manu
2548 1087 2778 1140 concessi
2799 1096 2943 1144 sunt.

2222 1172 2345 1229 Haec
2374 1175 2466 1229 ille
2516 1174 2681 1239 fatus,
2730 1176 2985 1233 obticuit.
3037 1176 3220 1249 Neque
3245 1182 3564 1251 multopost
3592 1184 3699 1237 im-

2110 1305 2115 1315 .
2153 1272 2389 1332 perator,
2419 1272 2472 1317 et
2519 1264 2685 1319 animi
2720 1264 2910 1321 dolore
2954 1266 3217 1323 liberatus
3253 1279 3358 1333 est,
3400 1282 3453 1326 et
3479 1286 3545 1326 ex
3571 1273 3697 1327 vui-

2152 1367 2281 1407 nere
2324 1354 2625 1409 convaluit.
2658 1353 2823 1409 Marci
2867 1344 3087 1426 quidem
3125 1359 3442 1414 vaticinium
3475 1362 3700 1416 minimo

2154 1441 2323 1509 fuisse
2347 1456 2541 1497 vanum
2571 1452 2798 1500 eventus
2834 1446 3246 1515 comprobavit;
3280 1462 3403 1501 nam
3433 1459 3550 1517 post
3599 1448 3698 1503 de-

2152 1547 2270 1586 cem
2327 1547 2500 1588 annos
2545 1548 2610 1589 eo
2666 1535 2786 1603 ipso
2812 1543 3074 1592 ‘ruortuus
3099 1542 3182 1592 est
3211 1537 3316 1601 die,
3343 1518 3453 1607 (ιιιό
3482 1539 3699 1611 plagam

2155 1622 2295 1676 hanc
2325 1622 2551 1692 accepit.
2964 1620 2965 1625 “
3573 1626 3579 1672 ἐ

2218 1709 2685 1783 Constantinopoli
2735 1712 2789 1767 in
2831 1713 3086 1770 honorem
3123 1716 3310 1785 prima:
3354 1732 3466 1772 suae
3509 1719 3701 1774 uxoris

508 1801 575 1857 ad
620 1816 679 1856 se
727 1804 1022 1870 imperator,
1050 1796 1351 1860 arcessivit,
1399 1793 1670 1849 hominem
1707 1791 2051 1848 astronomia:
2087 1795 2124 1848 Β
2156 1800 2519 1875 Τιιροριηηίω
2560 1807 2983 1876 pulcherrimum
3027 1807 3099 1864 de
3139 1808 3257 1877 ejus
3299 1811 3513 1865 nomine
3555 1820 3703 1867 lem-

508 1888 764 1957 peritum.
793 1887 846 1942 is
874 1895 1113 1954 rogatus,
1152 1897 1312 1954 quem
1353 1883 1497 1937 illius
1544 1881 1765 1953 eclipsis
1799 1879 2046 1935 eﬂ‘cctum

508 1975 625 2031 fore
670 1983 953 2037 statueret,
1020 1973 1337 2042 respondit,
1386 1971 1545 2063 piteri
1593 1971 1683 2026 ab,
1727 1972 2051 2040 imperatore

506 2082 752 2139 persona:
801 2081 990 2121 casum
1043 2063 1332 2119 adversum
1369 2061 1641 2133 portendi.
1703 2062 1843 2127 Quin
1883 2063 2047 2115 etiam

509 2159 768 2215 Samonas
797 2157 1098 2227 Agat-enus,
1135 2170 1162 2208 a
1191 2154 1368 2209 Leone
1399 2152 1573 2209 oilicio
1602 2152 1923 2208 cubicularii
1960 2168 2049 2207 or.

508 2258 690 2313 natus,
722 2262 880 2319 quem
910 2244 1094 2301 Basilii
1126 2245 1361 2316 Epeictm
1407 2244 1632 2299 insidias
1676 2244 1851 2298 eidem
1883 2243 2047 2297 Leoni

509 2339 775 2392 detexisse
794 2336 1081 2390 docuimus
1099 2372 1114 2398 ,
1140 2335 1436 2401 sapientem
1462 2322 1604 2385 hunc
1630 2332 1799 2385 virum
1820 2332 2051 2399 peculim

511 2422 644 2475 riter
681 2419 990 2479 abductum,
1030 2415 1097 2469 de
1137 2430 1193 2470 re
1239 2423 1349 2469 tota
1393 2415 1681 2476 consuluit,
1722 2423 1776 2468 et
1815 2415 2050 2468 futurum

512 2508 751 2580 agnovit,
783 2518 841 2562 ut
863 2506 966 2575 ipsi
1005 2504 1281 2559 calamitas
1317 2503 1619 2569 accideret;
1658 2519 1842 2558 verum
1874 2506 2051 2558 omni-

513 2612 586 2654 no
614 2596 760 2652 Junii
807 2595 968 2649 tertio
1013 2593 1101 2647 die
1148 2592 1354 2649 salvum
1383 2606 1703 2659 evasurum,
1737 2607 1836 2649 nec
1882 2593 1950 2649 ab
1986 2609 2052 2649 eo

514 2701 753 2760 tempore
812 2686 1106 2758 quidquam
1159 2686 1236 2739 illi
1285 2687 1359 2739 rei
1411 2685 1650 2740 molestae
1703 2692 2051 2740 eventurum.

514 2780 760 2836 Nondum
814 2779 1110 2848 praestitum
1164 2776 1266 2829 hoc
1313 2783 1526 2844 tempus
1576 2774 1885 2844 advenccat,
1927 2791 2051 2831 cum

514 2869 775 2923 Samonas
818 2880 848 2921 e
896 2865 1019 2920 loco
1063 2877 1164 2919 suo
1212 2862 1537 2917 deturbatur
1599 2871 1759 2931 atque
1809 2861 2053 2929 raditur;

517 2972 638 3012 nam
661 2961 714 3012 et
738 2953 1024 3010 calumniis
1061 2948 1439 3035 imperamrem
1488 2952 1884 3009 circumvenire
1915 2955 2051 3008 iere-

518 3049 695 3113 batur,
710 3057 784 3100 ’θι
808 3042 1106 3099 insolenter
1126 3049 1299 3097 semet
1328 3056 1537 3112 gerere.

2158 1902 2324 1969 plum,
2369 1888 2778 1954 vicinumtAa'di
2818 1900 3188 1970 apostolorum
3234 1900 3522 1956 aediﬁcavit
3565 1892 3701 1968 Leo,r

2154 1990 2206 2042 in
2230 2003 2400 2058 eoque
2433 2003 2631 2058 corpus
2662 1990 2806 2043 illius
2837 1990 3078 2058 reposuit
3105 2007 3121 2055 ;
3158 2003 3365 2059 magna:
3394 1993 3537 2047 enim
3566 2007 3701 2048 san-

2151 2078 2358 2133 ctitatis
2409 2077 2605 2132 femina
2663 2079 2844 2132 habita
2895 2089 2980 2133 est
3028 2077 3399 2149 Theophanis,
3447 2081 3582 2137 adeo
3638 2091 3701 2137 ut:

2150 2165 2389 2222 edidisse
2451 2183 2665 2238 quoque
2701 2167 2966 2229 miracula
3011 2168 3234 2235 feratur,
3260 2186 3490 2240 quorum
3521 2173 3699 2242 gratia

2155 2255 2507 2310 ubidel‘uncta
2531 2265 2635 2318 est,
2661 2255 2802 2311 inter
2817 2262 3037 2311 ‘sanctos
3060 2271 3090 2309 a
3111 2255 3317 2313 Graecis
3334 2257 3693 2313 adnumerata

2156 2353 2259 2408 est,
2286 2343 2373 2396 die
2401 2342 2465 2396 l6
2491 2343 2765 2408 Decemb.,
2815 2343 2917 2398 hoc
2948 2343 3121 2412 elogio
3149 2360 3166 2398 :

2226 2449 2407 2506 Beata:
2450 2451 2808 2525 Theoph'aniru,
2831 2449 3015 2507 Leonis
3044 2455 3417 2517 sapientissimi
3451 2456 3700 2522 principis

2627 2537 2847 2607 sponsae,
2879 2526 3145 2576 memoria.

2229 2633 2250 2666 ι
2277 2615 2437 2669 Beata
2491 2602 2858 2683 Theophania'
2897 2615 3442 2687 Constantinopoleos
3471 2617 3613 2674 fetus
3643 2628 3700 2672 et

2159 2706 2362 2774 regina,
2390 2702 2732 2758 Constantini
2765 2703 2880 2758 filia
2905 2704 3007 2758 fuit
3048 2705 3297 2770 illustris,
3337 2706 3500 2758 trium
3530 2708 3706 2775 impe-

2162 2802 2401 2850 ratorum
2429 2795 2847 2861 consanguinea.
2866 2792 3038 2859 Cujus
3065 2804 3235 2847 mater
3262 2793 3413 2847 Anna
3444 2792 3703 2850 similiter

2156 2894 2270 2939 erat
2300 2882 2528 2949 sterilis,
2561 2889 2617 2935 ut
2644 2882 2740 2936 illa
2761 2881 2911 2952 prior
2937 2883 3088 2935 Anna
3115 2883 3395 2936 Samuelis
3427 2882 3710 2952 prophetae

2158 2975 2406 3046 genitrix.
2457 2972 2564 3028 Sed
2596 2989 2721 3028 cum
2768 2974 2886 3028 viro
2924 2972 3243 3043 frequenter
3269 2988 3434 3029 orans
3458 2983 3699 3028 sanctam

2158 3066 2428 3118 dominam
2459 3070 2702 3118 nostram
2736 3062 2829 3119 Dei
2872 3062 3222 3129 Genitricem,
3253 3078 3373 3133 qttte
3401 3061 3707 3131 praesertim.

586 3137 721 3192 Cum
774 3136 858 3190 die
904 3132 1240 3189 Pentecostae
1268 3145 1447 3195 sacro,
1483 3148 1548 3187 ex
1585 3133 1803 3203 antiqua
1827 3133 2051 3202 impera-

2160 3153 2219 3207 ad
2262 3151 2413 3208 Bassi
2460 3152 2760 3215 colebatur,
2816 3161 3063 3207 sanctam
3130 3123 3701 3221 concepit'Tbeopha-

518 3240 694 3283 torum
715 3225 1135 3286 consuetudine,
1155 3222 1381 3291 solemni
1411 3236 1534 3275 cum
1567 3236 1762 3290 pompa
1789 3223 1854 3274 ad
1880 3222 2053 3275 eccle—

519 3320 657 3374 siam
705 3315 889 3370 Sancti
916 3306 1079 3378 Mocii
1107 3311 1365 3379 martyris
1391 3312 1706 3379 procederet
1740 3311 1865 3375 Leo,
1898 3319 2059 3379 atque

523 3400 803 3475 templum,
829 3395 1067 3470 'jamja’m
1119 3400 1292 3454 sacris
1337 3399 1519 3468 jannis
1561 3400 1792 3463 vicinus,
1850 3399 2056 3467 ingredi

526 3496 684 3550 vellet
716 3509 730 3546 :
773 3494 854 3546 vir
897 3490 1114 3560 quidam
1163 3489 1434 3573 immanis,
1469 3488 1536 3544 iis
1562 3488 1756 3543 similis
1784 3487 1876 3557 qui
1906 3487 2059 3540 malis

444 3574 447 3583 “
527 3605 555 3642 a
604 3585 774 3654 getiiis
811 3584 1080 3653 agitantur
1110 3620 1124 3646 ,
1168 3589 1276 3633 tam
1317 3578 1556 3650 gestibus
1601 3594 1761 3648 quam
1801 3578 1946 3633 vultu
1979 3580 2060 3631 in-

529 3668 805 3737 constans,
844 3670 896 3724 in
950 3670 1325 3739 imperatorem
1355 3667 1663 3737 prosiliens,
1704 3668 1848 3739 gravi
1876 3681 1936 3719 ac
1970 3681 2060 3719 va-

531 3764 635 3818 lida
670 3763 820 3816 clava
862 3768 1022 3829 caput
1070 3758 1187 3826 ejus
1225 3757 1545 3819 verberavit,
1570 3757 1811 3826 adeoque
1856 3754 2058 3817 subito,

434 3868 437 3877 τ
533 3862 593 3906 ut
616 3853 789 3922 ipsum
811 3849 1185 3911 interiecisset,
1205 3848 1259 3900 ni
1278 3862 1400 3915 pars
1416 3855 1653 3901 extrema
1680 3847 1843 3900 clavae
1863 3844 1916 3898 in
1937 3860 2060 3899 sus-

529 3957 751 4011 pensum
796 3939 1174 3994 candelabrum
1217 3938 1468 4004 impacta,
1501 3935 1582 3988 vel
1631 3934 1905 3989 dimidiam
1950 3934 2061 3986 im-

532 4039 688 4098 petus
728 4028 833 4082 vim
879 4026 1165 4080 amisisset.
1198 4023 1332 4078 Tum
1350 4024 1435 4079 .de
1488 4022 1679 4077 Leonis
1729 4022 1906 4092 capite
1933 4036 2061 4091 pro—-

532 4118 698 4173 tluere
731 4115 947 4185 sanguis
979 4114 1250 4182 copiosus,
1275 4121 1329 4164 et
1366 4111 1463 4164 viri
1490 4110 1761 4178 principes
1792 4108 1844 4160 in
1881 4107 2059 4178 fugam

534 4223 653 4262 sese
687 4204 972 4271 conjicere.
1012 4201 1080 4254 Et
1120 4202 1245 4268 quia
1271 4199 1432 4250 frater
1467 4199 1585 4263 ejus
1626 4191 1926 4250 Alexander
1954 4213 2061 4252 non

536 4297 739 4357 aderat,
769 4292 906 4359 apud
932 4292 1219 4358 plerosque
1245 4284 1482 4354 suspicio
1511 4283 1758 4345 invaluit,
1780 4297 1904 4336 eum
1934 4285 2068 4336 insi-

536 4384 744 4439 diarum
777 4379 945 4432 fuisse
974 4376 1273 4430 conscium.
1312 4370 1414 4425 Sed
1446 4370 1536 4438 qui
1570 4369 1622 4422 id
1664 4367 1874 4423 facinus
1907 4384 2069 4423 ausus

542 4478 737 4540 fuerat,
802 4471 1243 4542 comprehensus
1278 4474 1605 4532 coactusque
1659 4461 1935 4518 tormentis
2002 4462 2069 4517 ad

542 4567 921 4622 iudicationem
965 4577 1151 4618 eorum
1182 4572 1319 4629 quos
1356 4556 1611 4611 facinoris
1638 4553 1886 4611 conscios
1913 4553 2070 4608 habe-

541 4667 644 4724 ret,
676 4656 811 4712 nihil
836 4655 1015 4709 dicere
1045 4658 1270 4723 potcrat.
1318 4647 1506 4701 morbo
1533 4645 1766 4717 graviter
1803 4644 2070 4699 hominem

541 4758 784 4804 vetante.
828 4745 1172 4812 Tandemque
1213 4739 1457 4794 manibus
1506 4753 1570 4793 ac
1615 4738 1840 4808 pedibus
1885 4752 2073 4807 ampuo

542 4839 690 4904 tatis,
742 4839 795 4891 in
854 4834 985 4889 circi
1034 4833 1197 4886 funda
1250 4838 1543 4891 crematur,
1583 4839 1635 4884 et
1684 4827 1943 4884 solemnis
1984 4828 2074 4881 illa

546 4928 818 4999 processio
850 4942 913 4980 eo
945 4933 1176 4991 tempore
1224 4920 1402 4974 desiit.
1436 4917 1557 4972 llaec
1593 4932 1714 4971 cum
1745 4918 1828 4971 vir
1854 4916 2074 4986 quidam

548 5028 787 5084 sanctus,
817 5017 1015 5087 quique
1053 5011 1232 5065 diviho
1264 5009 1456 5079 spiritu
1512 5007 1688 5062 futura
1723 5002 2076 5076 prospiceret,

550 5125 611 5163 ac
643 5108 808 5161 variis
837 5103 992 5159 donis
1020 5107 1244 5155 ornatus
1281 5107 1453 5161 esset,
1474 5098 1690 5150 nomine
1717 5094 1948 5159 Marcus,
1977 5096 2078 5150 im-

550 5207 847 5269 peratorem
890 5191 1034 5261 gravi
1080 5189 1265 5242 dolore
1311 5193 1616 5254 correptum
1650 5193 1931 5247 cerneret,
1970 5185 2080 5237 exi-

552 5290 855 5340 stimantem
914 5278 1110 5347 aliquid
1157 5274 1385 5343 amplius
1448 5271 1573 5349 mali
1646 5281 2078 5336 consecuturum,

554 5374 729 5428 verbis
778 5366 1095 5423 medicinam
1136 5365 1184 5417 ei
1238 5362 1461 5425 iaciens,
1507 5370 1761 5431 tanquam
1805 5361 2080 5430 mitigante

556 5462 788 5515 dolorem
825 5457 1130 5526 pharmaco,
1158 5453 1291 5508 dixit
1323 5471 1335 5507 :
1375 5450 1501 5507 Noli
1530 5452 1622 5505 hoc
1661 5452 1883 5517 iniquius
1923 5450 2075 5517 ferre,

864 5576 871 5603 Ι

627 5631 642 5714 ξ
675 5631 813 5707 Psai.
841 5645 1024 5693 usui,
1051 5636 1143 5692 23.

2157 3242 2323 3304 niam,
2357 3251 2411 3296 et
2438 3247 2619 3295 natam
2654 3242 2946 3299 virtutibus
3000 3241 3282 3305 instruxit,
3315 3243 3524 3296 litteras
3559 3255 3703 3309 quo-

2157 3345 2261 3398 que
2286 3330 2513 3397 docens.
2545 3328 2680 3382 Cum
2711 3343 2839 3383 vero
2869 3327 3104 3383 Basilius
3131 3330 3360 3383 illustris
3410 3329 3716 3395 imperator-

2161 3418 2270 3472 iiiis
2317 3412 2483 3473 Leoni
2548 3417 2954 3487 sapientissimo
2997 3416 3155 3471 vellet
3202 3430 3425 3470 uxorem
3473 3417 3711 3485 conjun-

2090 3524 2097 3571 i
2158 3520 2303 3579 gere,
2336 3526 2433 3563 nec
2483 3510 2588 3562 hac
2633 3508 2909 3564 meliorem
2957 3509 3246 3574 invenires,
3292 3509 3464 3576 ipsam
3489 3508 3567 3562 illi
3608 3512 3707 3563 dc-

2161 3598 2462 3668 sponsavit.
2501 3598 2794 3661 Coronata,
2825 3604 2879 3651 et
2918 3595 3226 3665 imperatrix
3256 3595 3468 3661 cﬂ'ecta,
3507 3592 3711 3666 paupe-

2162 3704 2281 3743 rom
2318 3695 2497 3741 tamen
2526 3702 2629 3741 non
2646 3684 3083 3749 obliviscebatur,
3110 3683 3205 3740 sed
3224 3685 3436 3740 solitam
3460 3686 3707 3739 retinens

2163 3779 2438 3842 virtutem,
2476 3786 2531 3833 et
2572 3777 2993 3847 eleemosynam,
3039 3774 3170 3842 Deo,
3198 3776 3290 3846 qui
3316 3775 3419 3830 sibi
3445 3774 3704 3835 rrelorum

2160 3883 2375 3938 quoque
2430 3868 2651 3923 donavit
2706 3882 2947 3937 regnum,
2974 3867 3060 3937 pie
3097 3867 3479 3922 l'amulabatnr.
3514 3884 3534 3917 ι
3578 3864 3705 3920 “me

2160 3959 2256 4014 nn.
2465 4014 2473 4021 ,
2894 3969 2921 4027 γ·

2229 4047 2372 4104 ldem
2421 4047 2529 4103 Leo
2576 4047 2720 4104 aliud
2746 4063 2962 4118 quoque
3017 4048 3267 4116 templum
3311 4044 3551 4100 condidit
3581 4043 3711 4097 divo

2162 4139 2366 4193 Lazaro
2393 4152 2628 4204 sacrum,
2661 4138 2825 4205 inque
2852 4153 2916 4193 eo
2966 4136 3156 4190 Laaari
3196 4145 3251 4190 et
3289 4135 3468 4189 Maria:
3492 4132 3708 4203 ﬂagita-

2166 4227 2297 4279 lenze
2350 4225 2606 4293 reliquias
2668 4224 2881 4295 Epheso
2927 4225 3117 4285 allatas
3160 4223 3421 4279 condidit.
3459 4220 3517 4275 in
3554 4220 3709 4283 urbe.

2164 4326 2285 4379 quae
2315 4313 2380 4363 ad
2417 4310 2778 4377 Charsiannm
2826 4313 3073 4366 sublimis
3119 4320 3258 4371 erat.
3288 4311 3344 4363 in
3380 4318 3528 4377 parte
3551 4305 3715 4360 meri-

2168 4394 2391 4457 dionali,
2432 4394 2571 4455 loco,
2612 4395 2698 4446 cui
2731 4391 2910 4447 Farne
2942 4407 3170 4456 nomen,
3202 4407 3397 4461 magno
3442 4390 3715 4460 impendio

2170 4479 2489 4535 instauravit
2535 4480 2785 4549 templum
2822 4480 3006 4534 Sancti
3046 4477 3263 4533 Thomas
3285 4479 3533 4550 apostoli,
3568 4478 3721 4546 quod

2172 4564 2477 4623 incendirim
2517 4568 2570 4622 in
2611 4567 2849 4623 cinerem
2902 4582 2966 4622 ac
2996 4566 3232 4621 favillam
3276 4567 3571 4635 redegerat.
3606 4565 3724 4621 Sed.

2170 4666 2225 4712 et
2267 4656 2321 4711 in
2352 4644 2564 4711 Nossiis
2615 4665 3001 4711 monasterium
3059 4653 3342 4709 aedificavit
3386 4653 3452 4708 de
3497 4655 3719 4709 nomine

2171 4746 2496 4815 Serv-storis,
2534 4746 2694 4816 idque
2730 4755 2857 4801 cum
2903 4743 3190 4814 Euthymio
3221 4744 3528 4814 patriarcha
3565 4744 3719 4800 dedi-

2174 4834 2336 4888 cavit.

2244 4924 2443 4979 Statuit
2478 4923 2618 4977 inter
2647 4922 2775 4988 alia,
2808 4929 2866 4975 ut
2898 4921 3073 4991 pridie
3113 4921 3230 4992 ejus
3267 4921 3376 4978 diei
3427 4938 3535 4993 quo
3580 4937 3724 4991 prae-

2174 5013 2307 5067 lium
2339 5021 2395 5068 et
2434 5024 2706 5067 certamen
2739 5008 2886 5066 esset
2932 5012 3246 5080 ineundum,
3279 5025 3473 5069 curare
3502 5012 3726 5068 deberes

2177 5104 2282 5157 dux
2321 5104 2595 5161 exercitus
2636 5116 2731 5170 per
2769 5101 3102 5158 sacerdotem
3160 5104 3469 5159 universum
3510 5103 3729 5159 exerci-

2176 5197 2290 5243 tum
2330 5189 2533 5257 expiari
2565 5202 2701 5256 aqua
2752 5188 2985 5253 lustrali,
3016 5192 3099 5245 vei
3134 5190 3454 5257 benedicta;
3493 5197 3545 5244 et
3583 5201 3728 5257 prae-

2183 5288 2359 5339 terea,
2409 5284 2466 5328 ut
2508 5276 2774 5344 quotidie,
2826 5292 2983 5334 mane
3023 5290 3078 5334 et
3132 5295 3382 5349 vespere,
3436 5278 3729 5334 universus

2184 5368 2451 5421 exercitus
2480 5366 2661 5420 dicere
2684 5367 2901 5423 deberet
2929 5367 3229 5441 Trisagium
3262 5371 3541 5440 hymnum.

2255 5453 2462 5521 Maria},
2515 5454 2750 5526 Virginis
2794 5456 3268 5529 incomparabilis,
3314 5471 3378 5512 ac
3417 5454 3510 5512 Dei
3552 5449 3734 5508 Geni-
3816 5524 3836 5533 ‘
