3980 6330
178 330 181 333 “
265 351 377 394 xm

1521 346 1690 407 νιΤΑ
1728 343 1997 405 LEONIS
2045 346 2195 406 IMP.

3343 368 3476 410 XVII!

266 446 422 502 tricis
447 456 832 513 sacrosanctae,
886 464 1045 520 quam
1077 463 1303 522 magnus
1330 450 1673 522 exiniiusque
1703 452 1821 505 i'uc-
1849 453 1894 508 Α
1924 466 2045 504 num
2063 452 2355 520 apostolum
2371 456 2509 508 orbis
2526 436 2966 523 Paulum,oratio
2986 461 3255 517 una.-Iu
3275 466 3475 536 glorio-

262 538 337 594 rit
376 548 586 605 orator,
624 554 691 595 ex
722 541 789 595 iis
817 556 938 611 qua:
974 541 1167 610 scripsi
1200 542 1253 594 in
1288 541 1592 596 Caesaribus
1623 539 1817 593 Ilaria-
1860 534 1867 545 ”

260 629 349 684 nis
380 641 505 697 cap.
536 628 595 692 8,
626 638 795 699 atque
831 645 893 684 ex
938 627 1378 684 luculéntissimis
1407 629 1529 697 ejus
1552 629 1816 685 orationi-

260 717 386 785 bus,
422 719 477 772 in
512 718 754 773 Mariana
788 717 1119 773 Bibliotheca
1158 720 1511 782 enumeratis,
1551 727 1712 788 atque
1762 718 1814 771 in

259 806 365 862 hoc
412 806 623 862 Mariali
664 809 933 872 adductis,
963 823 1101 877 quas
1145 808 1262 877 ipse
1306 809 1373 863 dc
1407 809 1525 879 ejus
1571 808 1723 864 festis
1765 816 1818 862 et

257 898 521 955 laudibus
568 914 673 955 non
717 901 892 954 solum
927 898 1173 969 piissime
1224 899 1649 969 doctissimeque
1678 900 1818 954 scri-

237 990 388 1058 psit,
427 988 526 1045 sed
567 1002 631 1044 ex
669 988 949 1061 superiore
979 988 1117 1052 loco,
1147 996 1201 1043 et
1236 988 1289 1042 in
1318 988 1647 1045 circumfusa
1680 988 1820 1042 mul-

254 1079 518 1134 titudinis
557 1093 761 1134 corona
799 1092 990 1147 magno
1019 1094 1144 1134 cum
1188 1079 1379 1149 plausu
1419 1079 1577 1146 dixit,
1609 1079 1819 1149 perspi-

255 1184 426 1233 cuum
479 1178 581 1224 est.
633 1168 836 1240 Dignus
885 1178 1170 1241 propterea
1211 1170 1305 1240 qni
1346 1170 1488 1224 inter
1519 1170 1820 1240 praecipuos

254 1255 505 1327 Deiparat
538 1255 779 1328 Virginis
814 1257 1318 1327 encomiastasjure
1341 1260 1535 1314 merito
1569 1274 1818 1314 numere-

254 1359 365 1414 tur,
386 1357 591 1419 atqnea
612 1348 1174 1420 Graecia,eloquentiae
1203 1352 1476 1419 quondam
1508 1352 1745 1417 alumna,
1770 1361 1823 1407 et

252 1440 454 1492 artium
474 1447 696 1508 parente
716 1441 1063 1508 optimarum,
1085 1441 1251 1495 multo
1267 1441 1502 1511 iactetur
1518 1441 1819 1505 honestius,

250 1542 418 1596 quam
439 1528 473 1584 il
496 1528 588 1599 qui
609 1530 677 1585 ab
697 1530 884 1585 eadem
900 1531 1027 1585 olim
1045 1546 1168 1586 cum
1192 1530 1336 1587 fastu
1357 1530 1819 1587 memorabantur.

251 1615 388 1677 Vico
438 1634 732 1675 munerum.
751 1629 802 1675 et
832 1620 1185 1684 oblationum,
1224 1636 1360 1691 quas
1398 1620 1576 1676 Mariae
1604 1639 1667 1678 cx
1702 1624 1823 1678 ani-

250 1723 345 1764 mo
382 1707 663 1775 offerebat,
702 1710 770 1766 ab
807 1710 921 1781 ipsa
956 1714 1282 1780 postulabat,
1307 1729 1413 1768 non
1440 1714 1561 1770 vita:
1591 1715 1824 1786 longitu-

1915 558 2029 595 sum
2046 546 2347 613 prophetam
2368 544 2569 613 Eliam,
2587 550 2764 604 oratio
2782 546 3054 607 unm-41»
3068 553 3351 624 gloriosam
3373 557 3478 611 Do-

1916 637 2046 691 mini
2079 634 2630 707 Transﬁgurationem,
2664 642 2936 697 orationes
2959 653 3089 698 tres.
3125 646 3260 699 -—In
3293 645 3480 701 Decol-

1916 728 2163 783 Iationem
2184 734 2544 799 praeui-saris,
2579 731 2755 788 oratio
2778 733 3051 790 unm-12:
3075 738 3479 793 Exaltationem

1917 814 1974 871 S.
2000 816 2203 882 Crucis,
2229 820 2402 875 oratio
2422 820 2689 875 ωτι-1η
2710 822 3079 879 admirabilem
3120 836 3168 880 et
3190 827 3479 897 gloriatura

1920 903 2127 960 Domini
2138 908 2448 979 discipulum
2464 911 2739 976 Thomam,
2755 914 3030 971 orationes
3042 914 3481 984 dua—Quando

1918 997 2104 1050 domus
2146 998 2479 1067 imperatoris
2518 999 2622 1069 fuit
2664 1014 2992 1069 consecrata,
3027 1005 3204 1060 oratio
3250 1021 3380 1061 una.
3413 1036 3483 1048 ——

1922 1085 1988 1140 In
2020 1098 2260 1143 sanctum
2280 1088 2541 1144 Joannem
2572 1078 3031 1162 Chrysoctoinum,
3058 1097 3235 1151 oratio
3265 1111 3482 1151 una.—

1928 1173 1991 1231 In
2022 1178 2462 1257 fulgentissintum
2500 1172 2752 1238 Ecclesia:
2793 1184 2965 1239 lumen
3014 1184 3321 1251 Nicolaum,
3352 1201 3479 1242 ora-

1921 1268 1997 1323 tio
2027 1283 2154 1324 una.
2186 1300 2255 1310 —-
2293 1271 2357 1324 In
2395 1271 2457 1327 S.
2502 1270 2853 1342 Stephanum,
2903 1277 3079 1330 oratio
3121 1291 3249 1331 una.
3299 1275 3482 1330 —.ln

1920 1354 2020 1412 SS.
2050 1356 2298 1423 Lumina,
2318 1361 2494 1416 oratiu
2535 1378 2661 1417 una.
2684 1393 2752 1405 —-
2773 1362 2838 1417 In
2852 1364 2927 1436 ὃ.
2959 1364 3274 1419 Clementem
3304 1364 3480 1435 Ancy-

1922 1462 2130 1512 ramtm,
2159 1452 2333 1507 oratio
2360 1468 2486 1507 una.
2513 1483 2583 1494 --
2615 1452 2681 1507 In
2713 1455 3000 1525 gloriosum
3028 1463 3313 1527 martyrem
3345 1455 3482 1525 Try-

1886 1578 1887 1581 η
1918 1537 2158 1606 phonem,
2192 1542 2367 1597 oratio
2401 1528 2525 1600 una.
2554 1574 2623 1585 --
2656 1540 2724 1599 In
2764 1547 2936 1615 capite
2986 1548 3337 1602 sacratissimi
3381 1544 3482 1602 Je-

1911 1627 2077 1695 junii,
2104 1634 2380 1689 orationes
2414 1644 2543 1691 tres.
2571 1664 2644 1678 -
2676 1634 2743 1691 In
2766 1636 2959 1707 festum
2992 1637 3327 1704 Palmarum,
3358 1652 3453 1694 ora

1923 1720 1999 1774 lio
2029 1736 2155 1775 una.
2184 1753 2252 1762 —
2286 1724 2352 1777 In
2386 1724 2676 1780 Sabbatum
2718 1737 2980 1794 sanctum,
3022 1729 3199 1784 oratio
3251 1743 3377 1784 una.
3416 1758 3484 1771 -

248 1798 437 1855 dinem
474 1801 606 1871 (non
635 1802 778 1857 enim
808 1804 944 1859 adeo
973 1820 1103 1882 eam
1128 1805 1363 1870 amabat,
1391 1821 1562 1877 neque
1592 1807 1815 1862 insatia-
1849 1791 1892 1845 Β
1921 1807 2125 1875 Oratio,
2172 1811 2246 1864 vel
2278 1810 2517 1878 Epistola
2543 1816 2861 1883 parametica
2892 1791 3174 1881 catholica,
3214 1818 3280 1871 ad
3316 1830 3485 1887 quos-

249 1890 349 1945 biii
394 1891 673 1950 desiderio
703 1894 865 1964 hujus
894 1910 1092 1951 amarae
1130 1897 1509 1967 navigationis,
1558 1909 1611 1955 et
1648 1913 1810 1970 quam

247 1982 605 2051 coniunctam
653 1985 833 2053 habet,
877 1987 1191 2054 agitationis
1243 1987 1595 2058 tenebatur),
1623 1990 1715 2044 sed
1770 1990 1816 2044 si

252 2072 332 2127 ita
360 2075 668 2138 decretum,
705 2085 763 2129 ut
805 2090 870 2130 ex
917 2076 1019 2131 hac
1052 2078 1160 2131 vita
1205 2077 1618 2144 subduceretur,
1657 2080 1817 2149 largi~

249 2171 429 2227 retur,
462 2162 541 2217 uti
581 2172 931 2234 peccatorum
974 2169 1210 2235 pondere
1253 2167 1552 2234 levaretur;
1591 2170 1736 2239 quod
1769 2172 1816 2226 si

250 2253 465 2309 diutius
506 2254 562 2309 in
608 2268 773 2309 carne
819 2256 1148 2311 manendum
1180 2265 1346 2323 esset,
1381 2260 1724 2324 concederet,
1761 2271 1820 2317 ut

252 2340 536 2396 l‘ructuose
585 2357 801 2412 gregem
853 2353 1119 2414 pasceret,
1156 2346 1427 2418 simulque
1474 2364 1657 2405 secum
1704 2351 1819 2420 ipsa

252 2430 782 2501 pasceret,'ducerct
815 2445 865 2488 et
883 2430 1156 2502 educeret,
1187 2438 1436 2494 neinillo
1457 2455 1679 2511 cperunt
1715 2457 1822 2495 om-

254 2523 409 2576 nium
440 2533 703 2578 accurato
718 2525 986 2592 examine,
1004 2534 1221 2597 propter
1236 2528 1505 2598 subditos,
1528 2531 1825 2586 damnatio.

255 2610 347 2666 nis
379 2613 650 2667 sententia
700 2616 958 2670 adversus
980 2630 1039 2670 se
1061 2615 1318 2671 ferretur.
1339 2616 1482 2672 Nihil
1511 2635 1690 2685 suum,
1724 2622 1818 2677 sed

256 2700 526 2771 linguam,
559 2703 883 2769 orationem,
914 2713 968 2760 et
1018 2719 1263 2776 regnum,
1296 2715 1350 2761 et
1382 2707 1427 2762 si
1470 2709 1612 2776 quod
1652 2708 1819 2777 aliud,

257 2789 315 2845 id
369 2805 534 2847 omne
592 2793 762 2849 beatae.
808 2792 1047 2864 Virginis
1113 2810 1259 2850 curae
1329 2804 1384 2851 et
1434 2797 1819 2854 benevolentia:

256 2894 462 2936 munus
490 2880 743 2938 ducebat.
777 2881 840 2937 Et
864 2892 925 2938 ut
955 2886 1267 2939 servaretur
1296 2884 1817 2956 insidiis'rapacium

257 2969 501 3025 ferarum
531 2972 798 3040 superior,
828 2966 1239 3044 nutrireturquc
1267 2976 1320 3029 in
1346 2975 1575 3029 viviticis
1600 2977 1818 3047 pascuis

255 3060 499 3128 pietatis,
530 3069 585 3115 et
621 3076 745 3115 cum
790 3077 927 3131 Opus
978 3070 1125 3118 esset
1162 3065 1288 3119 hinc
1315 3065 1602 3134 emigrare,
1631 3067 1686 3121 in
1724 3080 1813 3121 sa-
1841 3097 1886 3159 C

256 3151 531 3205 lutaribus
567 3151 727 3206 atriis
761 3153 998 3220 quietem
1042 3155 1470 3222 nancisceretur,
1516 3157 1607 3212 ubi
1656 3156 1817 3211 timor

256 3240 463 3304 nullus,
501 3242 662 3297 nulla:
709 3242 899 3309 turbat,
946 3254 1042 3299 aut
1094 3246 1403 3303 sollicitudo
1456 3247 1813 3313 insidiarum,

256 3330 355 3385 sed
401 3332 562 3401 plena
612 3334 853 3402 requies,
883 3343 938 3389 et
987 3339 1375 3407 tranquillitas,
1405 3346 1459 3394 et
1505 3341 1812 3407 exsultatio,

255 3422 507 3477 eamdem
560 3424 770 3479 beatam
821 3426 1094 3497 Virginem
1150 3430 1509 3487 intentissima
1559 3432 1815 3502 depreca-

258 3509 439 3565 batur.
488 3513 667 3582 Ipsam
718 3515 882 3570 etiam
932 3517 1144 3571 beatam
1189 3516 1461 3590 Virginem
1497 3520 1813 3589 adiutricem

258 3616 415 3656 suam
462 3604 769 3672 appellans,
805 3621 865 3663 se
907 3621 1120 3677 semper
1152 3624 1180 3661 a
1213 3625 1380 3679 puero
1419 3611 1485 3665 ab
1528 3626 1591 3665 ea
1637 3621 1817 3680 prote-

257 3699 408 3745 ctum
444 3692 809 3762 gloriabatur;
848 3711 1010 3764 quam
1054 3698 1275 3766 insuper
1318 3700 1476 3754 enixe
1512 3700 1722 3765 orabat,
1757 3709 1815 3755 ut

255 3794 321 3836 se
366 3795 583 3850 semper
626 3792 950 3852 protegeret,
986 3800 1085 3840 nec
1135 3801 1233 3841 sua
1284 3785 1601 3841 defensione
1628 3782 1812 3842 ‘dcsti‘;

257 3877 439 3924 tneret
470 3886 485 3923 :
519 3871 614 3925 sed
648 3870 748 3926 alis
797 3872 1077 3941 obtegens,
1117 3876 1313 3943 quibus
1350 3876 1418 3929 ab
1458 3875 1613 3930 initio
1656 3876 1810 3942 fovit,

255 3957 385 4011 vita:
434 3970 655 4010 cursum
703 3958 769 4012 ad
820 3961 1082 4027 optimum
1135 3958 1388 4031 dirigeret
1416 3962 1595 4028 tinem,
1651 3963 1813 4018 simul

257 4045 655 4102 administrans
724 4032 1075 4118 impcriuxm,
1112 4054 1256 4120 quod
1319 4039 1809 4107 administrandum

256 4134 379 4203 ipsa
423 4145 705 4204 sequestra
759 4136 1000 4205 dederat,
1041 4153 1264 4194 servans
1311 4142 1359 4195 ei
1415 4140 1664 4196 eximiam
1715 4141 1809 4195 lilii

258 4223 345 4280 sui
383 4222 776 4291 bareditatem,
808 4236 861 4283 et
895 4229 1182 4299 perliciens
1216 4231 1382 4299 (quod
1424 4231 1677 4288 omnibus
1722 4232 1812 4288 ille

262 4312 605 4385 micabat)
655 4316 839 4386 p0puli
885 4318 968 4372 sui
1014 4319 1193 4385 electi,
1231 4321 1408 4390 gentis
1438 4330 1640 4376 sanctae
1664 4322 1809 4377 salu-

257 4397 536 4459 tem."Scd
582 4411 777 4473 praeter
829 4405 1118 4463 Orationes
1170 4408 1224 4462 in
1274 4422 1658 4476 sacrosanctis
1687 4410 1807 4466 Dei-
1839 4419 1883 4474 1)

254 4505 406 4562 parm
468 4491 681 4547 laudem
742 4494 1370 4564 comme’ndationenique
1426 4496 1829 4560 elucubratas,

254 4578 416 4647 plura
442 4576 604 4632 etiam
632 4577 739 4632 alia
768 4578 1200 4647 praestantissimi
1231 4578 1429 4649 ingenii
1460 4578 1809 4635 monimenta

256 4682 387 4723 cum
419 4667 591 4735 gloria
620 4666 926 4721 transmisit
968 4667 1035 4722 ad
1088 4675 1337 4738 posteros
1377 4669 1819 4737 sapientissimus

254 4759 576 4827 imperator.
606 4755 846 4811 Exstant
884 4759 1027 4812 enim
1068 4758 1172 4814 sub
1217 4758 1335 4827 ejus
1379 4761 1598 4814 nomine
1646 4761 1699 4814 in
1730 4762 1811 4816 bi-

254 4846 546 4900 blioth‘eca:
583 4843 855 4900 Vaticana:
907 4845 1190 4902 codicibus
1240 4845 1424 4902 Graece
1463 4862 1592 4902 mss.
1628 4859 1685 4903 ut
1725 4864 1810 4904 ω-

256 4935 360 4990 fert
392 4934 676 4999 Baronius,
709 4943 854 4991 tomo
879 4935 926 4990 Χ
956 4938 1021 4992 ad
1056 4952 1258 4993 annum
1288 4938 1490 4993 Christi
1521 4938 1667 5005 9ll_:
1728 4998 1729 5001 η

324 5023 558 5077 Centum
588 5032 643 5078 et
668 5025 923 5079 tredecim
952 5025 1186 5082 Novella:
1211 5027 1618 5084 Constitutiones
1643 5031 1809 5083 diver-

252 5129 437 5168 sorum
491 5123 939 5181 argumentorum.
973 5145 1041 5156 -—
1096 5115 1366 5185 Pra-cepta
1423 5120 1669 5180 moralia,
1703 5136 1806 5173 una

254 5220 380 5257 cum
445 5201 889 5265 interpretatione.
952 5232 1023 5242 -ο
1084 5204 1160 5259 Dc
1221 5207 1541 5262 instruendis
1601 5209 1807 5262 aciebus

252 5295 713 5349 Commentarius.
747 5319 814 5333 --
851 5279 1181 5363 Enigmata.
1222 5327 1292 5336 ——-
1332 5295 1396 5350 In
1443 5297 1807 5351 admirabilem

248 5393 298 5437 et
334 5379 625 5450 gloriosam
662 5380 1028 5434 Ascensioncm
1082 5384 1294 5436 Domini
1346 5386 1521 5439 oratio
1575 5402 1699 5439 una.
1741 5416 1809 5427 -ο

251 5468 323 5523 In
377 5466 634 5535 Spiritum
684 5476 961 5531 sanctum,
1023 5472 1159 5537 quod
1220 5476 1432 5539 propria
1497 5476 1807 5527 auctoritate

251 5557 592 5624 adoptionem
647 5556 880 5623 ﬁliorum
930 5558 1025 5610 Dei
1076 5558 1368 5613 hominibus
1424 5562 1642 5629 largitus
1695 5573 1803 5627 est,

250 5649 436 5702 oratio
452 5645 720 5700 unm—In
738 5663 910 5701 omnes
925 5658 1131 5702 sanctos
1150 5652 1324 5703 oratio
1345 5666 1469 5703 una.
1493 5680 1556 5689 —-
1585 5650 1645 5703 In
1663 5669 1806 5720 utag—

1918 1913 2131 1970 cunque
2175 1900 2425 1957 videlicet
2472 1902 2676 1959 Christi
2723 1906 2906 1961 tideles
2949 1908 3178 1973 scripta,
3234 1907 3485 1962 hortato-

1917 1991 1998 2045 ria
2031 1990 2118 2059 jad
2164 1992 2301 2047 bene
2349 2000 2642 2065 sancteque
2685 1996 2994 2059 vivendum,
3034 2011 3195 2066 quam
3236 2011 3266 2050 a
3308 1990 3505 2052 Fedeé

1919 2077 2034 2133 rico
2094 2079 2256 2137 Metio
2316 2079 2609 2136 Latinitate
2672 2082 2926 2137 donatam
2990 2082 3148 2137 all'crt
3210 2083 3478 2139 Baronius

1919 2164 2038 2218 loco
2086 2178 2250 2232 supra
2295 2166 2548 2236 allegato.
2588 2166 2720 2233 Quae
2761 2168 2924 2241 etiam
2968 2169 3244 2224 orationes
3288 2156 3479 2225 omnes

1919 2252 2270 2321 reperiuntur
2314 2252 2501 2308 Graece
2557 2270 2688 2309 mss.
2729 2256 2786 2310 in
2837 2254 3023 2309 Sicilia
3055 2254 3113 2310 in
3148 2255 3478 2311 bibliotheca

1920 2342 2446 2400 Archimandritatus
2480 2345 2537 2399 S.
2579 2344 2899 2410 Salvatoris,
2935 2354 2997 2399 ut
3048 2353 3197 2415 patet
3224 2360 3291 2400 ex
3324 2353 3481 2399 cata-

1921 2431 2043 2502 logo
2064 2433 2221 2491 dictae
2246 2434 2589 2490 bibliothecae
2605 2433 2866 2490 Messanae
2884 2434 3133 2490 conlecto
3151 2449 3296 2489 anno
3314 2432 3474 2489 l56'5.

1992 2522 2096 2578 Sed
2128 2533 2184 2580 et
2212 2526 2264 2578 in
2288 2523 2620 2581 bibliotheca
2671 2523 2927 2579 Bavarica
2951 2534 3168 2581 exstant
3205 2525 3308 2581 sub
3330 2525 3479 2594 ejus-

1921 2611 2042 2667 dem
2073 2610 2272 2669 Leonis
2307 2616 2549 2677 nomine,
2581 2613 2768 2668 Graece
2788 2628 2947 2677 mss.,
2980 2624 3040 2669 ut
3070 2615 3124 2668 in
3165 2629 3267 2671 suo
3300 2614 3480 2685 Appa—

1922 2710 2041 2754 ratu
2074 2717 2244 2769 sacro,
2276 2709 2422 2756 torno
2455 2702 2519 2767 ll,
2544 2706 2780 2758 testatur
2828 2702 3161 2762 Possevinus
3191 2724 3203 2761 ε
3258 2706 3477 2777 Hymni,

1919 2798 1975 2842 et
2009 2791 2141 2843 Acta
2170 2790 2416 2860 quaedam
2447 2789 2676 2857 Christi,
2706 2798 2760 2848 ct
2804 2779 2945 2849 liber
2981 2793 3057 2848 Dc
3096 2794 3282 2849 bellico
3315 2811 3479 2865 appa-

1920 2888 2064 2932 ratu.
2448 2869 2467 2945 ξ
2580 2902 2581 2905 η
3138 2898 3141 2905 λ

1989 2968 2057 3025 Et
2086 2971 2304 3041 quidem
2340 2970 2472 3026 Acta
2510 2971 2715 3028 Christi
2760 2972 3014 3044 prodiere
3043 2973 3106 3044 in
3144 2973 3343 3042 lucem,
3373 2972 3477 3031 La—

1920 3056 2033 3113 tine
2060 3057 2199 3114 facta
2228 3075 2257 3113 a
2285 3058 2488 3115 Iacobo
2513 3041 3009 3133 Cremera—societ.
3038 3041 3166 3115 Iesu
3199 3063 3474 3133 theologo,

1917 3162 1981 3202 ex
2016 3147 2230 3202 oliicina
2257 3148 2450 3202 Adami
2482 3148 2737 3215 Sartorii,
2766 3164 2912 3204 anno
2948 3150 3104 3210 1600.
3139 3151 3483 3219 lngolstadii:

1917 3236 2079 3292 Liber
2101 3245 2281 3292 autem
2306 3238 2382 3294 De
2410 3248 2670 3307 apparatu
2694 3238 2898 3305 bellico,
2925 3238 3187 3310 quoniam
3214 3256 3243 3296 a
3267 3239 3478 3298 Joanne

1917 3327 2097 3392 Checo
2146 3343 2340 3385 versus
2393 3329 2468 3383 ita
2522 3330 2722 3399 fuerat,
2761 3340 2819 3385 ut
2868 3347 2990 3401 quae
3038 3334 3103 3387 ad
3158 3334 3475 3405 religionem

1918 3420 2258 3488 spectabant,
2310 3422 2394 3476 vel
2440 3423 2655 3492 dempta
2686 3463 2702 3488 ,
2755 3424 2838 3479 vel
2888 3427 3180 3493 depravata
3234 3433 3472 3480 essent:

1918 3508 2185 3563 Antonius
2233 3506 2559 3564 Possevinus
2606 3511 2842 3580 primum
2898 3512 3117 3581 quidem
3164 3513 3281 3571 ἱηνι
3332 3513 3475 3568 libro

1919 3596 2129 3651 selectae
2190 3612 2302 3649 suae
2362 3596 2701 3651 Bibliotheca:
2754 3610 2826 3653 :ex
2891 3599 3079 3653 Graeco
3139 3601 3471 3671 exemplari,

1917 3692 2096 3739 astuin
2154 3691 2209 3738 et
2250 3684 2405 3740 dolos
2445 3684 2759 3754 interpretis
2807 3687 3045 3743 haeretici
3093 3690 3329 3744 ostendit
3387 3697 3472 3743 at-

1916 3787 2021 3841 que
2060 3771 2364 3826 emendavit
2396 3790 2409 3825 :
2450 3771 2646 3827 deinde
2697 3772 2825 3828 item
2867 3775 2921 3828 in
2964 3776 3233 3843 Apparatu
3264 3789 3365 3829 suo
3398 3774 3469 3829 ad

1917 3861 2217 3914 Humanam
2268 3860 2583 3925 Historiam,
2628 3876 2861 3917 excusso
2912 3862 3152 3917 Venetiis
3199 3863 3464 3930 auctiore,

1913 3964 1982 4004 ne
2023 3949 2145 4017 quis
2206 3951 2337 4002 tanti
2376 3949 2717 4017 imperatoris
2769 3949 2988 4003 nomine
3027 3966 3149 4005 cum
3204 3954 3465 4011 militibus

1921 4048 2138 4103 quoque
2184 4033 2455 4091 abutatur.
2488 4032 2644 4100 quasi
2680 4046 2781 4086 nec
2824 4047 3038 4112 sacrum
3081 4037 3463 4115 missmsacri—

1912 4123 2115 4188 licium,
2155 4136 2253 4176 nec
2305 4122 2550 4192 reliquus
2600 4122 2936 4180 orthodoxus
2986 4124 3167 4182 cultus
3214 4144 3280 4184 co
3329 4138 3466 4192 tem-

1912 4148 2115 4188 uctum,
2155 4148 2253 4176 nuc
2305 4148 2550 4192 reliquus
2600 4148 2936 4180 us‘tuuuuxus
2986 4148 3167 4182 cuuus
3214 4148 3280 4184 co
3329 4148 3383 4185 le
3418 4148 3466 4184 I-

1912 4227 2042 4283 pore
2092 4210 2431 4268 exstitissent
2460 4230 2474 4265 :
2508 4227 2743 4283 quorum
2795 4213 2884 4268 ille
2938 4229 3044 4268 non
3088 4224 3197 4269 tam
3242 4148 3466 4273 menzi‘n.

1914 4317 2034 4358 nem
2088 4300 2247 4368 iacit,
2295 4306 2457 4373 quam
2510 4302 2760 4357 hortatur
2809 4311 2868 4358 ut
2920 4303 2974 4358 in
3031 4306 3465 4376 expeditionibus

1914 4394 2179 4449 rationem
2211 4394 2552 4464 potissimum
2584 4394 2835 4449 habeant.

1980 4485 2154 4555 Hujus
2186 4486 2346 4540 etiam
2376 4501 2441 4540 ex
2478 4485 2829 4540 meditatione
2854 4486 3078 4541 extremi
3103 4486 3291 4556 judicii
3317 4486 3459 4542 Can—

1912 4570 2068 4623 ticum
2101 4571 2534 4639 compunctionis,
2568 4571 2713 4639 quod
2742 4587 2807 4627 ex
2847 4572 3171 4647 bibliotheca
3202 4573 3456 4647 Bavarica
3556 4594 3557 4597 ‘

1911 4657 2105 4716 Latine
2146 4675 2176 4714 e
2204 4657 2392 4714 Graeco
2430 4660 2663 4716 reddidit
2707 4658 2971 4727 Iacobus,
2996 4640 3291 4729 antanus,
3327 4677 3455 4732 pro-

1908 4749 2021 4805 diit‘
2056 4749 2370 4819 lngolstadii
2424 4750 2567 4820 apud
2628 4749 2892 4805 Adamum
2952 4751 3253 4807 Sartorium
3313 4766 3459 4805 anno

1910 4837 2064 4893 1605.
2100 4839 2154 4893 In
2191 4839 2513 4894 Bibliotheca
2536 4849 2712 4897 autem
2747 4849 2969 4895 veterum
3012 4840 3151 4907 PP.,
3181 4852 3324 4896 tomo
3360 4841 3453 4906 ιιι,

1908 4936 2083 4982 exstat
2120 4928 2360 4996 Epistola
2409 4931 2476 4984 ad
2525 4943 2703 4999 regem
2751 4928 3141 4984 Saracenorum
3192 4932 3259 4984 de
3293 4930 3453 4984 Chri-

1908 5016 2098 5069 stianze
2146 5015 2264 5070 ﬁdei
2316 5016 2541 5070 veritate
2585 5023 2639 5068 et
2686 5013 3077 5069 Saracenorum
3136 5013 3453 5081 impietate,

1910 5106 2010 5160 hac
2057 5107 2406 5175 inscriptione
2438 5124 2451 5159 :
2484 5104 2673 5159 Leonis
2696 5145 2709 5166 ,
2762 5110 3097 5170 cognomento
3132 5101 3453 5170 philowplti,

1910 5196 2236 5262 imperatoris
2278 5189 2865 5259 Constantinopolitani,
2885 5186 2952 5239 ad
2994 5185 3248 5241 Omarum
3282 5188 3450 5242 Sara-

1908 5302 2151 5342 cenorum
2185 5300 2374 5355 regem.
2406 5286 2468 5336 de
2490 5283 2611 5351 ﬁdei
2636 5279 2949 5332 Christiania
2977 5280 3193 5333 veritate
3224 5296 3286 5332 ac
3335 5296 3448 5350 mg-

1907 5379 2097 5442 steriis,
2126 5385 2173 5429 et
2204 5375 2267 5429 de
2293 5375 2452 5427 variis
2480 5373 2861 5425 Saracenorum
2905 5368 3182 5422 haeresibus
3215 5378 3269 5422 et
3306 5368 3448 5424 blas-

1907 5469 2152 5537 phemiis,
2199 5464 2581 5531 Symphoriano
2650 5459 2924 5527 Camperio
2976 5458 3331 5527 Lttgdunensi.
3382 5477 3449 5515 ex

1907 5557 2193 5612 Chaldaica
2225 5556 2275 5604 in
2315 5553 2547 5619 linguam
2601 5548 2841 5600 Latinam
2874 5550 3163 5616 interprete.
3201 5549 3303 5605 Sed
3338 5568 3447 5604 non

1908 5648 2115 5711 dubito,
2148 5645 2276 5713 quin
2313 5643 2413 5696 alia
2446 5644 2596 5710 plura
2629 5639 2680 5694 in
2723 5641 2843 5695 aliis
2877 5640 3216 5706 bibliothecis
3241 5635 3445 5698 lateant
