3984 6322
528 362 656 406 XXIII

1822 342 2387 422 PROLEGOMENA.

3588 386 3720 430 XXIV

487 449 489 452 ⁴
525 462 792 519 dedecore
831 457 1032 515 adicias
1084 476 1095 510 :
1135 460 1294 516 siculi
1337 463 1481 518 enim
1523 463 1754 533 pictores
1774 482 2063 535 corporum

2189 488 2316 525 τνυοι
2347 470 2549 538 εἰκόνες
2575 476 2667 546 τῆς
2700 477 2806 530 τῶν
2833 479 3082 549 πατέρων
3137 480 3545 539 ἀναδείκνυσθαι
3590 489 3723 558 ἁρε-

532 554 886 616 tineamenta,
926 550 998 604 ita
1050 564 1233 621 regum
1274 550 1365 605 ﬁlii
1415 553 1570 624 quasi
1632 555 1763 608 viva:
1809 557 2072 626 imagines

530 657 740 715 patrum
775 645 998 698 virtutes
1024 640 1223 698 referre
1253 644 1469 699 debent.

820 733 897 788 De
924 736 1120 788 honore
1143 735 1501 790 sacerdotibus
1531 737 1792 792 habendo.

603 825 795 880 Sanam
841 827 976 881 habe
999 836 1230 882 mentem
1272 827 1326 881 in
1372 828 1461 895 iis,
1495 845 1615 900 quae
1647 832 1715 886 ad
1765 841 1923 888 recta:
1952 833 2073 893 lidei

532 915 842 970 doctrinam
881 916 1171 984 pertinent,
1203 924 1256 971 et
1291 932 1505 974 summo
1545 921 1751 977 honore
1784 936 2077 994 proseque—

533 1021 615 1069 re,
645 1014 870 1061 matrem
932 1015 1081 1061 tuam
1126 1006 1449 1073 Ecclesiam,
1502 1026 1623 1080 qua:
1661 1020 1714 1066 te
1770 1014 1826 1067 in
1872 1013 2077 1082 Spiritu

519 1109 719 1176 sancto
743 1100 986 1163 iactavit,
1018 1107 1071 1153 et
1097 1109 1189 1155 tuo
1242 1102 1403 1171 capiti
1448 1104 1515 1156 ad
1550 1102 1643 1158 Dei
1675 1120 1770 1174 per
1795 1104 2073 1163 Christum

530 1186 742 1242 laudem
790 1188 1001 1257 imperii
1028 1204 1284 1244 coronam
1308 1206 1516 1247 meeum
1549 1194 1828 1262 imposuit.
1861 1195 1916 1250 Si
1934 1199 2075 1251 enim

533 1285 907 1339 quos-natura
938 1276 1032 1330 tibi
1091 1279 1240 1331 dedit
1296 1288 1547 1347 parentes
1590 1282 1756 1339 debes
1816 1285 2074 1353 revereri,

534 1362 905 1433 multomagis
930 1379 1024 1420 eos
1087 1367 1178 1437 qui
1210 1369 1347 1421 tein
1401 1368 1593 1437 spiritu
1640 1369 1728 1425 Dei
1753 1385 2075 1443 genuerunt,

534 1453 682 1507 omni
709 1453 927 1522 pietatis
958 1450 1130 1511 (inicio
1155 1457 1334 1513 c'olere
1363 1459 1529 1515 debes
1559 1478 1573 1515 :
1617 1461 1694 1517 illi
1742 1464 1886 1518 enim
1916 1462 2077 1518 dura-

534 1548 713 1595 turam
749 1543 818 1597 ad
872 1554 1091 1614 tempus
1110 1546 1275 1600 vitam
1335 1548 1518 1606 liberis
1552 1566 1646 1620 per
1672 1555 2074 1622 generationem

2176 564 2294 631 τῆς..

2652 742 2788 810 Περὶ
2829 742 3002 812 τιμῆς
3038 744 3253 813 ἱερέων.
3268 738 3271 741 ’

2248 826 2391 880 Σῶον
2419 828 2507 897 ἔχε
2537 828 2596 882 τὺ
2628 829 2880 902 φρόνημα
2908 830 3043 901 πρὸς
3076 832 3143 886 τά
3167 833 3419 903 ἐρθὸδοξα
3459 835 3720 907 δόγματα,

2177 917 2272 969 καὶ
2301 916 2433 986 τίμα
2461 919 2732 989 περισσῶς
2759 920 2857 989 τὴν
2894 920 3103 992 μητέρα
3130 939 3222 975 σου
3250 923 3347 995 τὴν
3381 925 3723 993 Ἐκκλησίαν,

2176 1006 2301 1076 ἥτις
2328 1008 2387 1063 ἐν
2419 1008 2557 1078 ἁγίῳ
2588 1009 2861 1080 Πνεύματί
2890 1028 2949 1065 σε
2972 1012 3342 1081 ἐτιθηνήσατο,
3366 1016 3461 1068 καὶ
3490 1018 3583 1071 σὺν
3602 1019 3725 1088 ἐμοὶ

2175 1095 2263 1150 διὰ
2297 1096 2531 1168 Χριστοῦ
2563 1101 2621 1154 ἐν
2653 1100 2771 1171 Θεῷ
2814 1104 2879 1171 τῇ
2927 1102 3131 1172 κεφαλῇ
3167 1086 3261 1157 σου
3306 1105 3369 1158 τὸ
3410 1108 3600 1173 στέφος
3625 1086 3724 1161 έπ-

2178 1187 2391 1256 έθηκεν.
2422 1187 2482 1243 Εί
2527 1189 2631 1259 γὰρ
2675 1191 2800 1253 τοὺς
2851 1192 3143 1261 σαρκικοὺς
3170 1195 3345 1258 γονεῖς
3384 1194 3615 1263 ὀφείλεις
3641 1196 3727 1249 ai-

2175 1275 2404 1333 δεῖσθαι.
2427 1278 2518 1333 καὶ
2558 1280 2742 1348 τιμᾷν,
2771 1279 2950 1350 τοο).λῷ
2996 1281 3155 1334 πλέον
3190 1282 3315 1344 τοὺς
3358 1285 3416 1336 ὲν
3460 1285 3730 1355 πνεύματι

2175 1364 2310 1419 Θεοῦ
2352 1376 2417 1421 ’σε
2461 1369 2852 1438 γεγεννηκότας
2897 1371 3222 1442 ὑπερτιμᾷν.
3240 1356 3464 1427 Ἐκεῖνοι
3494 1373 3592 1443 μὲν
3622 1375 3730 1442 γὰρ

2179 1456 2507 1524 πρόσκαιρον
2541 1456 2637 1528 τὴν
2660 1458 2804 1531 ζωὴν
2841 1461 2953 1523 τοῖς
2981 1452 3187 1521 τέκνοις
3217 1447 3525 1531 χαρίζονται
3543 1478 3556 1492 ·
3585 1457 3728 1518 οὗτοι

2175 1543 2358 1614 δὲτὴν
2385 1545 2598 1599 αἰώνιον
2648 1548 2792 1618 ζωὴν
2814 1546 2903 1601 διὰ
2946 1548 3041 1619 τῆς
3084 1550 3488 1619 ἀναγεννήσεως
3535 1552 3730 1620 προξε-

534 1628 957 1701 impertiuntur;
992 1635 1079 1691 isti
1128 1652 1258 1693 vero
1295 1653 1548 1693 aeternam
1591 1656 1687 1710 per
1710 1645 2079 1713 regeneratio-

2189 1635 2344 1690 νοῦσι.
2364 1638 2404 1689 Τ
2410 1636 2600 1707 ἰμησον
2621 1632 2712 1691 οὖν
2740 1638 2837 1709 τὴν
2852 1638 3195 1709 Ἐκκλησίαν,
3219 1637 3305 1691 ἵνα
3327 1640 3560 1709 τιμηθῇς
3581 1641 3734 1709 παρὰ

532 1734 655 1773 nem
689 1721 1009 1792 largiuntur.
1050 1725 1267 1782 ilonora
1300 1745 1430 1798 ergo
1462 1728 1779 1797 Ecclesiam,
1813 1741 1873 1787 ut
1901 1742 1955 1788 tu
1995 1735 2076 1788 vi-

2189 1726 2268 1779 τοῦ
2297 1727 2452 1789 Θεοῦ,
2485 1728 2578 1781 καὶ
2603 1729 2727 1790 τοὺς
2758 1729 2918 1800 ἱερεῖς
2961 1728 3109 1784 αἰδοῦ
3135 1769 3149 1793 ,
3185 1726 3271 1783 οἷα
3302 1730 3537 1799 πατέρας
3568 1746 3733 1815 πνευ-

539 1812 729 1868 cissim
786 1829 817 1869 a
853 1815 960 1872 Deo
1004 1816 1058 1873 in
1110 1819 1314 1875 honore
1345 1820 1612 1885 habeare;
1650 1828 1704 1875 et
1761 1824 2077 1878 sacerdotes

2189 1814 2444 1885 ματικοῦς
2463 1856 2479 1880 ,
2505 1817 2595 1869 καὶ
2629 1799 2852 1887 μεσίτας
2881 1819 3035 1889 ἡμῶν
3068 1818 3202 1889 πρὸς
3239 1819 3331 1873 τὸν
3363 1818 3592 1871 Θεόν.Ἢ
3623 1799 3733 1888 γάρ

531 1904 653 1973 ejus
677 1920 923 1963 reverere
944 1918 1197 1979 tanquam
1226 1911 1536 1981 spirituales
1569 1921 1771 1981 patres,
1799 1922 1853 1968 et
1878 1913 2073 1983 depre-

2189 1907 2286 1959 τῶν
2313 1898 2499 1977 ἱερέων
2524 1908 2655 1977 τιμὴ
2683 1909 2761 1971 εις
2782 1907 2912 1961 Θεὸν
2939 1909 3507 1979 ἀναφέρεται.”οσπερ
3525 1910 3628 1978 γὰρ
3648 1908 3735 1962 διὰ

530 2000 746 2049 calores
799 2011 897 2065 pro
956 1998 1117 2054 nobis
1168 2000 1311 2068 apud
1366 1997 1552 2052 Deum.
1603 2001 1959 2055 tlonor'enim
1981 2001 2072 2070 qui

2189 1993 2234 2046 τὲ
2253 1994 2377 2054 τοὺς
2397 1991 2521 2058 σοὺς
2552 1995 2825 2064 ὑπηρέτας
2839 1995 3095 2065 τιμᾶσθαι
3126 1997 3348 2058 δίκαιον,
3374 1996 3511 2048 οὕτω
3531 1994 3623 2048 καὶ
3645 1995 3735 2049 διὰ

531 2083 905 2143 sacerdotibus
940 2088 1172 2144 habetur
1218 2090 1285 2143 ad
1330 2089 1497 2145 Deum
1556 2090 1790 2146 refertur
1819 2107 1833 2145 :
1865 2098 1919 2147 ct
1959 2092 2070 2147 sie-

2189 2085 2303 2137 9£bv
2330 2085 2454 2149 τοὺς
2485 2084 2648 2137 αὑτοῦ
2686 2086 2851 2153 ἱερεῖς
2879 2087 3061 2155 τιμᾷν,
3095 2086 3242 2141 ὅσιόν
3264 2088 3315 2140 τί
3349 2090 3483 2141 ἐστι.
3506 2086 3609 2140 Καὶ
3633 2085 3733 2138 ὥσ-

530 2182 586 2225 ut
635 2184 854 2246 propter
901 2185 954 2232 te
1006 2178 1286 2234 ministros
1335 2164 1460 2235 tuos
1508 2179 1563 2235 in
1614 2180 1824 2234 honore
1872 2182 2074 2236 habere

2189 2194 2274 2245 τερ
2290 2179 2323 2246 ή
2342 2177 2421 2238 είς
2436 2175 2628 2238 αὐτοὺς
2641 2176 2772 2247 τιμὴ
2786 2179 2877 2228 ἐπὶ
2907 2176 2999 2229 τὸν
3025 2176 3154 2230 Θεὸν
3168 2176 3461 2241 ἀναϐαίνει,
3481 2174 3621 2228 οὕτω
3641 2184 3733 2237 καὶ⁸

526 2264 735 2334 justum
790 2275 910 2332 est,
944 2268 1016 2320 ita
1063 2275 1117 2320 et
1147 2275 1365 2334 propter
1410 2264 1577 2318 Deum
1619 2266 1925 2320 sacerdotes
1951 2268 2071 2334 ejus

2189 2270 2202 2334 ι
2232 2268 2310 2326 είς
2332 2265 2524 2325 αὐτοὺς
2556 2266 2744 2333 ἀτιμία
2760 2264 2935 2331 πολλῷ
2953 2265 3113 2318 πλέον
3136 2265 3226 2317 τὸν
3248 2266 3379 2317 Θεὸν
3396 2261 3730 2334 παροργίζει.

532 2353 711 2408 colere
739 2362 904 2423 atque
960 2355 1251 2408 observare
1303 2353 1395 2421 jus
1456 2352 1645 2421 fasque
1686 2360 1790 2407 est.
1846 2352 2313 2417 Quemadmodum
2373 2362 2553 2407 autem
2619 2353 2798 2407 honor
2859 2354 2951 2422 qui
3005 2355 3087 2407 eis
3135 2354 3368 2408 habetur
3421 2355 3488 2408 ad
3548 2356 3712 2409 ticum

533 2441 785 2513 pertinet,
844 2442 918 2495 ita
969 2456 1155 2497 eorum
1220 2443 1547 2496 contumelia
1609 2449 1663 2496 et
1721 2452 2062 2508 contemptus
2112 2445 2269 2515 longe
2319 2445 2481 2498 etiam
2539 2444 2756 2513 gravius
2795 2445 2914 2514 ejus
2941 2445 3073 2499 iram
3111 2454 3386 2514 provocat.

792 2532 869 2587 De
898 2548 1142 2601 supremo
1164 2533 1372 2603 judicio
1409 2543 1459 2586 et
1491 2534 1846 2599 retributione.

2414 2536 2552 2604 Περὶ
2591 2538 2838 2604 κρίσεως
2874 2537 2970 2591 καὶ
3008 2537 3484 2604 ἀνταποδόσεως.

418 2660 463 2695 ,ἃ
608 2621 931 2677 Persuasum
1007 2620 1144 2676 habe
1204 2620 1541 2691 corruptioni
1599 2623 1892 2677 obnoxium
1952 2638 2077 2680 esse

2253 2622 2388 2675 Ἶσθι
2414 2623 2687 2678 πιστεύειν
2718 2625 2808 2679 τὸν
2834 2627 3035 2695 κόσμον
3078 2620 3214 2677 εἶναι
3257 2624 3512 2695 φθαρτὸν,
3543 2623 3729 2691 ἐπειδὴ

537 2713 820 2775 mundum,
854 2712 1054 2781 quippe
1089 2709 1179 2782 qui
1206 2718 1387 2765 ortum
1426 2709 1614 2765 habuit
1640 2727 1654 2775 ;
1679 2709 1774 2765 sed
1807 2720 1927 2781 post
1957 2727 2079 2769 cor-

2189 2714 2274 2769 καὶ
2302 2715 2488 2783 γέγονε
2508 2732 2521 2746 ·
2563 2717 2698 2785 μετὰ
2725 2716 2781 2770 δὲ
2804 2716 2900 2787 τὴν
2930 2716 3156 2786 φθορὰν,
3184 2719 3263 2778 είς
3294 2717 3599 2785 ἀφθαρσίαν
3629 2714 3733 2770 πά-

538 2805 842 2872 ruptionem
901 2817 1092 2858 rursus
1153 2801 1220 2857 ad
1290 2803 1663 2870 incorruptam
1712 2802 2075 2872 integritatem

2189 2807 2261 2860 λιν
2290 2807 2764 2876 μεταποιούμενον.
2796 2806 2959 2860 Οὐδὲν
2986 2808 3093 2877 γὰρ
3139 2806 3244 2859 τῶν
3293 2807 3443 2876 παρὰ
3470 2807 3604 2859 Θεοῦ
3632 2823 3730 2874 γε·

535 2906 656 2948 esse
683 2886 1062 2956 reversurum;
1116 2891 1252 2946 nihil
1319 2894 1464 2947 enim
1531 2907 1718 2948 eorum
1748 2908 1867 2962 qua:
1907 2907 1936 2946 a
1969 2892 2077 2949 Deo

2189 2896 2421 2966 γονότων
2451 2898 2531 2960 είς
2561 2898 2622 2949 τι
2655 2898 2729 2968 μὴ
2757 2896 2817 2949 ὃν
2845 2898 3101 2968 χωρήσει,
3131 2897 3234 2950 κᾶν
3258 2897 3317 2949 τδ
3346 2898 3444 2967 τῆς
3467 2896 3734 2967 ἁμαρτίας

534 2992 713 3038 creata
762 2991 886 3038 sunt
930 2983 985 3053 in
1035 2983 1263 3038 nihilum
1313 2998 1550 3052 unquam
1624 2983 1812 3049 abibit,
1868 2983 2083 3039 etiamsi

2189 2992 2534 3062 παράπτωμα
2586 2990 2700 3060 ἅμα
2727 2992 2855 3061 ἡμῖν
2885 2992 2978 3044 καὶ
3008 2993 3185 3043 πᾶσαν
3213 2989 3309 3060 τὴν
3335 2991 3509 3043 κτίσιν
3536 2991 3599 3057 τῇ
3622 2987 3735 3049 διας

539 3074 744 3142 peccati
775 3076 959 3144 lapsus
981 3082 1034 3129 et
1063 3090 1161 3130 nos
1190 3082 1243 3131 et
1263 3090 1475 3131 omnem
1513 3076 1675 3131 simul
1702 3083 1940 3131 creatam
1973 3091 2070 3130 na-

2189 3081 2336 3135 λύσει
2367 3079 3156 3149 συγκατεδίκασεν.Ἅφθαρτον
3186 3080 3242 3132 δὲ
3273 3080 3373 3149 τὴν
3414 3078 3588 3132 κτίσιν
3632 3076 3737 3129 πάι

539 3172 716 3217 turam
759 3163 976 3216 mortali
1012 3163 1358 3217 dissolutioni
1411 3163 1762 3232 adjudicavit.
1794 3163 1867 3218 Ea
1902 3171 2082 3218 autem

2189 3171 2289 3236 λιν,
2322 3171 2486 3239 ἤγουν
2534 3170 2625 3222 τὸν
2673 3169 2892 3238 κόσμον,
2923 3167 3369 3237 ἀπεκδεχόμενος,
3395 3167 3488 3220 καὶ
3532 3165 3737 3234 νεκρῶν

540 3244 751 3307 ratione
805 3254 1271 3322 incorruptibilcm
1315 3270 1438 3309 esse
1489 3256 1748 3310 mundum
1794 3255 2085 3311 admittens

2190 3262 2480 3315 ἀνάστασιν
2506 3257 2774 3328 ὁμολόγει,
2801 3258 2893 3313 καὶ
2933 3255 3112 3327 κρίσιν
3155 3255 3367 3309 δικαίαν
3392 3256 3500 3307 τῶν
3526 3256 3739 3324 ἑκάστῳ

541 3343 801 3397 conﬁtere
822 3344 983 3397 etiam
1014 3352 1258 3397 mortuos
1283 3344 1350 3396 ab
1375 3342 1565 3401 inieris
1591 3346 1911 3401 excitandos
1938 3360 2083 3409 esse,

2189 3349 2531 3421 βεϐιωμένων
2559 3346 2813 3417 ἀνάμενε.
2842 3345 3007 3400 Οὐδὲν
3050 3344 3156 3414 γὰρ
3205 3343 3372 3398 κακὸν
3399 3344 3740 3413 ἀτιμώρητον

542 3442 597 3486 et
626 3434 824 3501 justam
838 3443 1103 3507 ,exspecta
1119 3433 1505 3502 judicationem
1540 3436 1777 3490 omnium
1796 3436 2085 3505 qumquis-

2189 3444 2282 3513 τὴν
2312 3441 2458 3496 θείαν
2491 3438 3017 3508 διαφεύξεταιδίκην
3037 3477 3051 3501 ,
3074 3434 3193 3490 οὐδέ
3223 3452 3288 3505 γε
3319 3435 3476 3489 καλὸν
3504 3436 3741 3503 ἀστεφά-

546 3537 649 3591 que
710 3526 763 3577 in
811 3524 923 3576 vita
961 3537 1061 3577 sua
1109 3522 1338 3591 gesserit
1370 3539 1384 3577 :
1413 3524 1546 3577 nihil
1581 3526 1722 3578 enim
1749 3527 1873 3587 mali
1910 3526 2085 3595 impu-

2189 3550 2352 3587 νωτον
2378 3531 2622 3603 διαλάθῃ.
2673 3531 2826 3600 Μήτε
2856 3530 2962 3599 γὰρ
2990 3525 3057 3581 τὰ
3087 3526 3195 3580 τῶν
3234 3526 3452 3595 ἀγαθῶν
3484 3527 3620 3594 γέρα
3650 3525 3743 3577 λο-

549 3613 723 3666 nilum
750 3609 997 3665 divinam
1038 3610 1305 3680 justitiam
1348 3612 1588 3680 ell'ugiot,
1623 3614 1758 3667 nihil
1807 3615 1935 3669 boni
1978 3630 2085 3669 non

2189 3623 2336 3691 γίζου
2384 3622 2567 3693 θνητὰ,
2606 3620 2741 3693 μήτε
2788 3619 2893 3689 μὴν
2942 3616 3039 3679 τὰς
3085 3617 3191 3669 τῶν
3238 3616 3453 3683 φαύλων
3496 3614 3741 3678 κολάσεις

551 3716 652 3756 suo
676 3700 898 3769 praemio
924 3710 1246 3755 coronatura
1294 3700 1499 3755 latebit.
1536 3700 1627 3755 Sic
1675 3701 1821 3757 enim
1854 3711 2085 3758 statuere

2189 3713 2335 3774 τέλος
2383 3710 2623 3776 δέξεσθαι
2668 3726 2818 3763 ποτε.
2864 3707 3168 3778 ’Δμφότερα
3205 3707 3320 3774 γάρ
3363 3704 3581 3758 αἰωνίαν
3630 3702 3743 3771 ἔχει

550 3790 688 3861 apud
716 3799 767 3844 te
794 3790 981 3853 debes,
1003 3804 1175 3858 neque
1198 3789 1482 3844 interitura
1510 3805 1632 3844 esse
1657 3801 1893 3859 unquam
1921 3792 2085 3846 bono-

2190 3802 2286 3870 τὴν
2320 3802 2594 3873 διαμονὴν,
2624 3800 2718 3856 καὶ
2754 3801 2811 3854 ὲν
2845 3798 3168 3870 ἀμφοτέροις
3193 3796 3344 3852 ἔσται
3371 3797 3430 3851 τὸ
3450 3793 3740 3864 ἀτελεύτη-

551 3895 668 3933 rum
700 3879 910 3945 merita,
937 3894 1110 3949 neque
1130 3879 1393 3933 malorum
1445 3880 1706 3949 supplicia
1748 3880 1903 3943 tinem
1939 3879 2095 3935 habi-
2193 3906 2303 3943 τον,
2660 3880 2685 3909 ’-
3118 3901 3121 3903 ·

553 3981 694 4031 tura,
718 3969 970 4037 quoniam
1011 3976 1240 4037 utraque
1260 3977 1519 4038 perpetuo
1565 3968 1824 4023 duratura
1854 3977 2001 4038 sunt,
2041 3977 2095 4023 et

552 4061 798 4118 neutrius
833 4059 955 4115 linis
984 4052 1129 4113 ullus
1161 4059 1378 4113 futurus
1401 4068 1503 4113 est.

1096 4146 1170 4201 De
1190 4147 1535 4214 eleemosyna.

2662 4151 2799 4218 Περὶ
2837 4150 3265 4219 ἐλεημοσύνης.

622 4238 874 4293 Limitem
918 4237 1078 4291 etiam
1120 4234 1309 4288 mortis
1334 4249 1475 4302 saepe
1512 4244 1689 4289 movet
1728 4236 2085 4305 elcemosyna,

2265 4242 2391 4292 Λύει
2432 4242 2523 4293 καὶ
2568 4240 2691 4309 ὅρον
2738 4242 2965 4295 θανάτου
3011 4243 3044 4308 ἡ
3092 4239 3422 4307 ἐλεημοσύνη
3468 4237 3743 4300 πολλάκις.

557 4328 717 4385 sicuti
737 4327 895 4397 vulgo
921 4326 1127 4388 fertur;
1168 4324 1276 4377 vita
1308 4325 1449 4377 enim
1483 4330 1660 4393 potest
1701 4324 1805 4377 emi
1844 4325 2085 4389 pecunia,

2199 4330 2337 4378 κατὰ
2364 4326 2422 4377 τὸ
2450 4327 2653 4394 φάσκον
2696 4330 2877 4396 ῥητόν.
2925 4328 3032 4379 Καὶ
3062 4328 3349 4394 χρημάτων
3377 4327 3504 4396 γάρ,
3532 4327 3607 4387 ὡς
3636 4326 3743 4378 Eat-

556 4434 682 4474 cum
734 4424 953 4488 propter
989 4417 1153 4470 vitam
1197 4414 1531 4481 salutemque
1584 4422 1824 4468 nostram
1872 4412 2012 4467 Deus
2042 4429 2085 4469 ε(

2200 4433 2315 4481 κεν,
2350 4416 2495 4468 ἐστὶν
2517 4416 2698 4486 ὠνητὴ
2724 4418 2757 4483 ἠ
2787 4414 2918 4484 ζωὴ,
2949 4414 3146 4467 ὁπόταν
3170 4416 3198 4465 ὁ
3220 4414 3349 4475 Θεὸς
3376 4414 3463 4467 διὰ
3489 4414 3585 4482 τὴν
3610 4414 3746 4481 ήμεο

560 4508 878 4563 muneribus
910 4506 1050 4560 ﬂecti
1080 4505 1333 4575 patiatur.
1362 4502 1585 4558 Divitias
1614 4520 1739 4573 ergo
1772 4505 2003 4561 caducas
2036 4506 2085 4559 in

2201 4505 2359 4574 τέραν
2407 4505 2549 4575 ζωὴν
2582 4506 2675 4559 καὶ
2712 4504 2979 4574 σωτηρίαν
3022 4503 3366 4573 δωρολήπτης
3514 4502 3747 4554 Πλοῦτον

561 4609 704 4654 terra
763 4596 1117 4669 profundens,
1172 4592 1501 4648 immortales
1556 4596 1653 4649 tibi
1706 4611 1994 4667 coacervas
2042 4598 2085 4651 in

2201 4598 2295 4652 οὖν
2344 4596 2648 4667 σκορπίξων
2695 4596 2883 4665 θνητὸν
2930 4594 3023 4647 ἐπὶ
3072 4594 3192 4662 γῆς,
3224 4593 3449 4645 πλοῦτον
3497 4590 3746 4656 συνάγεις

560 4690 703 4744 οωιο
726 4726 743 4752 ,
782 4694 841 4741 ut
875 4686 1038 4740 etiam
1093 4698 1214 4752 quae
1252 4681 1411 4736 isthic
1442 4690 1569 4735 sunt
1600 4683 1739 4755 bona
1767 4687 2085 4755 assequeris.

2203 4689 2461 4745 ἀθάνατον
2501 4688 2556 4739 ὲν
2590 4686 2819 4757 οὐρανῷ,
2848 4685 2941 4739 καὶ
2968 4680 3382 4754 προσπορίζεταί
3430 4696 3510 4767 σοι
3542 4679 3637 4732 καὶ
3675 4678 3747 4731 τά

565 4777 854 4834 Enimvero
920 4788 1108 4843 reapse
1182 4773 1540 4826 inexhaustus
1597 4783 1678 4829 est
1735 4778 2085 4835 beneﬁcentia

2203 4777 2652 4845 ὲνταῦθαάγαθὰ.
2688 4777 2797 4831 Καὶ
2843 4776 2949 4845 γὰρ
2993 4774 3204 4846 ἀληθῶς
3246 4770 3584 4841 ἀδαπάνητός
3628 4772 3744 4822 ἐστι

564 4868 888 4929 thesaurus;
912 4864 1039 4917 dum
1065 4859 1208 4915 enim
1228 4860 1557 4931 dispergitur
1581 4854 1871 4935 colligitur,
1899 4870 2085 4924 etdun:

2203 4871 2296 4938 τῆς
2322 4867 2561 4930 εὐποιίας
2591 4868 2619 4920 ὁ
2648 4865 2873 4929 πλοῦτος
2891 4883 2905 4895 '
2944 4864 3361 4935 σκορπιζόμενος
3383 4861 3489 4931 γὰρ
3518 4859 3747 4927 συνάγε-

564 4958 795 5013 donatur
824 4954 1083 5022 recipitur
1110 4967 1126 5006 :
1159 4965 1333 5020 neque
1361 4954 1533 5006 solum
1556 4968 1650 5008 eos
1683 4954 1774 5023 qui
1805 4956 1952 5009 illum
1978 4973 2085 5027 pos.

2204 4977 2312 5024 ται,
2342 4959 2434 5013 καὶ
2463 4959 2731 5027 διδόμενος
2760 4957 2919 5010 πάλιν
2947 4957 3275 5027 λαμϐάνεται
3296 4972 3309 4985 ’
3348 4956 3441 5007 καὶ
3484 4955 3543 5006 οὐ
3591 4951 3748 5022 μόνον

470 5080 475 5085 -
566 5049 742 5105 sident
761 5046 954 5099 divites
985 5043 1070 5096 hic
1100 5041 1283 5109 ciiicit,
1319 5044 1411 5098 sed
1442 5043 1548 5097 illic
1570 5044 1730 5099 etiam
1770 5045 1976 5102 beatos.

2206 5047 2447 5101 ἐντεῦθεν
2494 5049 2618 5110 τοὺς
2660 5047 3018 5117 κεκτημένους
3059 5046 3217 5100 αὑτὸν
3260 5046 3541 5107 πλουσίους
3586 5043 3743 5107 ποιεῖ,

1058 5188 1059 5191 η
2206 5120 2337 5191 ἀλλὰ
2365 5139 2612 5191 κάκεῖθεν
2640 5136 3007 5204 μακαριστοὺς
3032 5136 3393 5189 ἀποδείκνυσι.
3448 5173 3455 5178 .

952 5218 1025 5273 De
1052 5220 1322 5289 diligentia
1350 5230 1398 5275 et
1432 5214 1722 5291 vigilantia.
1911 5251 1917 5257 ι

2430 5229 2567 5294 Περὶ
2604 5227 2939 5296 ἐπιμελείας
2974 5226 3069 5280 καί
3106 5226 3523 5295 ἐγρηγόρσεως.

640 5313 694 5364 In
720 5316 896 5363 mente
920 5322 1130 5377 semper
1149 5310 1340 5363 habeto
1364 5318 1643 5380 parentum
1667 5322 1879 5365 tuorum
1909 5326 2101 5377 mores,

576 5412 627 5455 et
659 5401 725 5453 ad
773 5412 957 5454 eorum
984 5399 1283 5467 exemplum
1320 5386 1483 5455 vitam
1514 5409 1658 5455 tuam
1694 5402 1931 5457 studiose
1960 5416 2105 5455 com-

581 5492 798 5559 ponito;
825 5502 996 5555 neque
1029 5487 1171 5540 enim
1199 5491 1491 5545 oscitanter
1519 5508 1615 5546 nos
1644 5504 1737 5545 aut
1773 5493 2031 5561 ignaviter
2052 5493 2102 5544 in

578 5576 741 5630 rebus
779 5574 1024 5643 gerendis
1063 5592 1374 5644 versamur;
1422 5581 1512 5635 sed
1546 5594 1602 5635 ut
1632 5585 1733 5635 vita
1761 5592 1942 5635 nostra
1968 5582 2108 5633 velut

578 5666 792 5722 virtutis
814 5668 986 5735 imago
1009 5666 1105 5721 tibi
1137 5680 1464 5740 proponatur
1489 5675 1675 5728 sedulo
1701 5674 1927 5742 agimus,
1976 5674 2110 5726 inet"

2280 5317 2406 5385 Ἔχε
2436 5314 2573 5367 κατὰ
2603 5314 2723 5365 νοῦν
2762 5314 2883 5375 τοὺς
2913 5313 3157 5379 γονικούς
3188 5330 3279 5365 σου
3313 5314 3541 5382 τρόπους
3568 5312 3746 5380 διηνε-

2211 5406 2337 5467 κῶς,
2366 5406 2455 5457 καὶ
2484 5404 2693 5465 τούτοις
2724 5403 2812 5453 τὸν
2861 5402 2949 5454 σὺν
2980 5402 3091 5470 βίον
3135 5403 3403 5476 ἐπιμελῶς
3434 5401 3747 5469 κατάρτιξε.

2213 5496 2340 5546 υὺὸὲ
2384 5496 2489 5563 γὰρ
2521 5492 2794 5561 ὀλιγώρως
2823 5495 3007 5562 ἡμεῖς,
3040 5495 3155 5545 οὐδὲ
3187 5493 3439 5564 ῥᾳθύμως
3468 5491 3594 5561 περὶ
3626 5488 3751 5548 τοὺς

2215 5584 2422 5647 ἀγῶνας
2472 5580 2836 5651 διατελοῦμεν,
2864 5583 2992 5657 ἀλλὰ
3035 5584 3131 5646 τῆς
3184 5584 3379 5653 ἀρετῆς
3420 5581 3622 5641 εἰκόνες
3666 5592 3752 5630 σοι

2219 5674 2527 5744 προκεῖσθαι
2578 5672 3004 5742 φιλοειεικοῦμεν·
3035 5672 3287 5740 ἐπίψογον
3331 5670 3427 5738 μὲν
3466 5668 3556 5719 τὸν
3598 5665 3755 5718 ὄκνον
