3980 6330
510 312 640 354 χχιι

1800 291 2382 354 PROLEGOMENA.

3574 292 3724 344 sim:

506 413 748 486 ergolux
787 417 878 463 tua
907 405 1190 478 Splendida
1221 415 1275 461 et
1321 406 1466 461 clara
1507 407 1560 461 in
1595 405 1770 461 oculis
1805 413 2061 469 tuorum;

2192 407 2286 460 ini;
2302 410 2476 478 χεῖρα,
2513 406 2605 493 καὶ
2635 405 2812 477 ἀγαθὴ
2842 405 3002 475 γενοῦ
3030 409 3140 472 τοῖς
3162 408 3429 478 ὑπηκόοις
3454 409 3637 464 εἰκῶν.
3667 409 3729 462 Ei

506 519 562 562 et
587 513 705 560 esto
739 501 980 574 perfecta
1012 502 1189 570 imago
1217 499 1438 553 virtutis
1469 500 1548 553 eis
1593 500 1684 568 qui
1721 499 1825 554 sub
1855 508 1948 552 tua
1975 498 2060 551 di-

510 595 655 651 tiuﬁe
686 594 911 658 vivunt;
938 589 1044 644 nisi
1071 590 1214 644 enim
1247 587 1564 658 pudicitiam
1587 589 1705 657 ipse
1734 589 2061 651 servaveris,

518 698 626 754 qua
661 684 840 740 fronte
863 697 982 750 eos,
1005 680 1096 751 qui
1122 686 1229 734 tua:
1269 677 1629 733 dominationi
1663 677 1893 746 subjecti
1933 684 2063 732 sunt

511 777 576 831 ad
633 790 752 831 eam
791 773 1113 829 servandam
1163 768 1582 826 cohortaberis?
1621 767 1756 821 Nam
1805 783 1926 837 quae
1982 767 2066 833 fa.-

490 869 743 924 ‘cientem
770 877 822 922 te
850 864 1107 930 viderint,
1137 863 1204 918 ad
1228 860 1418 916 eadem
1449 873 1668 929 quoque
1701 856 1946 913 facienda
1975 859 2061 912 in-

512 960 862 1016 citabuntur:
915 958 1093 1012 solent
1147 953 1290 1010 enim
1332 950 1401 1005 ad
1435 949 1741 1019 exemplum
1794 949 2065 1020 principis

511 1051 711 1105 mutari
741 1047 996 1118 subjecti.
1035 1047 1190 1100 Sicut
1211 1058 1341 1113 ergo
1377 1040 1483 1097 nisi
1547 1041 1605 1095 in
1641 1041 1880 1094 animum
1903 1039 2067 1094 indu-

512 1142 659 1196 xeris
681 1148 827 1194 recte
853 1140 1016 1194 vitam
1040 1137 1346 1199 instituere,
1363 1134 1546 1203 gravis
1572 1132 1885 1187 detrimenti
1902 1146 2067 1190 causa

513 1229 780 1299 subjectis
811 1228 964 1284 eris:
1005 1227 1079 1282 ita
1115 1227 1160 1282 si
1213 1224 1531 1296 pudicitiam
1565 1237 1690 1278 cum
1719 1222 1932 1278 caneris
1954 1223 2066 1277 vir-

515 1319 725 1374 tutibus
786 1317 1046 1380 colueris,
1091 1315 1284 1369 salutis
1323 1319 1519 1368 auctor
1579 1313 1836 1367 universo
1868 1311 2070 1382 populo

515 1407 648 1471 eris,
682 1413 735 1460 et
771 1405 894 1460 inde
924 1419 1042 1459 eam
1069 1391 1370 1458 mercedem
1411 1400 1639 1466 referes,
1672 1409 1732 1455 ut
1756 1416 1865 1456 non
1893 1404 2068 1457 solum

516 1483 570 1551 te
604 1494 713 1549 Deo
759 1495 1023 1564 dignum.
1066 1491 1163 1548 sed
1191 1508 1288 1548 eos
1319 1492 1484 1546 etiam
1530 1492 1620 1562 qui
1662 1491 1761 1547 tibi
1811 1491 2073 1548 obediunt

515 1587 839 1670 praestitisse
880 1583 1166 1670 judiceris.
1395 1577 1397 1580 ⁴

521 1659 534 1714 ί
601 1725 605 1727 .
905 1676 981 1732 De
1025 1659 1223 1745 piet’ate
1264 1692 1387 1745 ergo
1418 1683 1683 1744 parentes.

584 1768 854 1825 Coronam
891 1784 919 1822 a
958 1768 1064 1822 Deo
1084 1767 1264 1822 datam
1294 1766 1362 1827 de
1403 1780 1572 1820 manu
1613 1779 1731 1820 mea
1755 1765 2068 1834 suscepisti.

509 1862 703 1918 Redde
733 1877 861 1932 ergo
906 1861 1154 1915 donatori
1209 1872 1407 1912 munus
1456 1873 1524 1913 eo
1561 1856 1804 1928 dignum.
1853 1855 2066 1911 Honora

517 1953 686 2008 Deum
729 1953 821 2021 qui
857 1958 910 2006 te
957 1948 1242 2005 honoravit
1291 1963 1384 2014 per
1417 1947 1678 2004 honorem
1709 1963 1868 2017 quem
1926 1947 2068 2017 patri

516 2054 612 2100 tuo
632 2042 881 2099 deferes:
942 2056 1029 2097 me
1059 2052 1252 2096 autem
1275 2039 1572 2095 honorabis
1609 2055 1719 2094 non
1746 2039 1936 2095 eodem
1963 2055 2072 2109 ,ρε-

519 2136 669 2190 nitus
693 2134 852 2190 modo
879 2147 989 2202 quo
1037 2131 1265 2200 subjecti
1300 2130 1523 2192 faciunt,
1553 2145 1746 2201 nempe
1771 2141 1866 2184 aut
1890 2146 2066 2201 genu-

518 2224 742 2279 ﬂectens
784 2233 879 2276 aut
923 2222 1065 2276 latus
1113 2235 1292 2274 meum
1331 2221 1565 2288 stipans,
1605 2229 1702 2272 aut
1748 2221 1878 2272 mihi
1935 2222 2074 2274 bene

526 2325 796 2381 precans:
835 2312 937 2363 ista
962 2299 1106 2362 enim
1157 2308 1402 2377 principe
1434 2307 1551 2359 viro
1584 2321 1690 2358 non
1752 2291 1886 2360 satis
1909 2307 2072 2372 digna

522 2406 683 2464 sunt;
725 2395 821 2451 sed
857 2393 1039 2464 potius
1088 2394 1347 2448 virtutem
1395 2392 1604 2456 colens,
1655 2394 2071 2463 temperantiam

524 2501 780 2558 sequens.
817 2496 998 2540 mores
1033 2493 1159 2538 tuos
1213 2495 1510 2541 exornans.
1565 2482 1869 2536 litterarum
1897 2481 2077 2537 studia

522 2591 846 2649 capessens,
875 2574 1076 2646 quibus
1096 2573 1547 2644 animi'juvenum
1589 2574 1762 2628 excoli
1800 2573 1998 2639 solent,
2025 2580 2082 2626 et

525 2676 587 2722 ut
618 2669 672 2723 in
704 2681 918 2733 summa
947 2666 1123 2732 dicam
1154 2666 1226 2720 ita
1267 2674 1321 2720 te
1369 2678 1712 2733 comparans,
1756 2675 1815 2720 ut
1868 2671 2081 2716 terreno

515 2755 632 2816 'hoc
651 2759 878 2830 imperio
900 2758 1096 2829 dignus
1119 2757 1373 2820 habeare,
1399 2771 1462 2810 ac
1491 2756 1756 2813 caelorum
1775 2755 1916 2825 regis
1942 2755 2075 2806 ima-

528 2853 705 2920 ginem
740 2857 1121 2921 repraesentes.
1173 2864 1224 2906 ts
1263 2852 1408 2905 enim
1451 2848 1602 2904 solus
1633 2846 1825 2902 merito
1862 2845 2080 2900 vocabi-

527 2956 621 2999 tur
648 2943 826 3012 ἰουλεο
861 2940 952 2996 Dei
980 2956 1011 2996 a
1040 2956 1150 3012 quo
1181 2941 1236 2995 in
1277 2941 1429 3010 regni
1464 2939 1605 2994 solio
1647 2938 1949 2992 collocatus
1971 2946 2081 3000 est,

2163 497 2274 567 γὰρ
2304 499 2465 559 αὐτὸς
2486 499 2585 569 τὴν
2615 499 2835 567 ἁγνείαν
2878 499 2939 550 οὐ
2968 499 3256 569 τηρήσεις,
3287 501 3423 568 ποίῳ
3453 500 3730 570 προσώπῳ

2157 587 2290 666 ποὺς
2321 587 2424 638 ὑπὸ
2454 587 2513 638 σὲ
2540 589 2742 658 ταύτην
2771 587 2914 658 ἔχειν
2941 589 3315 658 νουθετήσεις;
3347 592 3412 642 *Α
3437 592 3544 661 γὰρ
3573 591 3641 644 ἄν
3671 607 3730 643 σε

2167 676 2474 745 πράττοντα
2499 677 2764 748 θεωρῶσι,
2785 679 2853 732 τὰ
2875 678 3014 733 αὑτά
3034 680 3126 733 καὶ
3153 680 3304 732 αὐτοὶ
3328 681 3585 753 πράττειν
3607 698 3733 734 συν-

2165 766 2442 836 ενεχθῶσυ
2470 767 2678 837 πέφυκε
2700 770 2810 839 γάρ
2840 785 2958 833 πως
2980 772 3108 840 ταῖς⁸
3125 771 3317 840 ἀρχαῖς
3345 773 3728 841 συμμετασάλ-

2165 857 2353 913 λεσθαι
2396 861 2456 911 τὸ
2502 859 2981 929 ὖπήκοον.”οσπερ
3017 856 3118 914 ὀὖν
3140 900 3156 925 ,
3184 863 3231 914 si
3264 862 3337 932 μὴ
3373 863 3548 924 καλῶς
3581 861 3732 933 βιοῦν

2170 954 2429 1022 προαιρῇ,
2459 953 2557 1021 τῆς
2585 951 2692 1005 τῶν
2719 952 2969 1023 ὑπηκόων
2999 953 3199 1023 βλάϐης
3226 954 3396 1016 αἴτιος
3451 955 3730 1023 ὑπάρξεις,

2169 1043 2310 1097 οὕτω
2333 1044 2431 1114 τὴν
2458 1045 2679 1112 ἁγνείαν
2703 1045 2840 1114 μετά
2863 1043 2972 1098 τῶν
2991 1044 3194 1098 λοιπῶν
3223 1044 3436 1115 ἀρετῶν
3462 1044 3730 1111 ἐξασκῶν,

2171 1133 2426 1200 πρόξενος
2448 1133 2542 1187 τοῦ
2569 1133 2698 1188 λαοῦ
2729 1151 2822 1187 σου
2851 1135 3047 1198 παντὸς
3081 1135 3179 1204 τῆς
3209 1136 3479 1205 σωτηρίας
3505 1135 3731 1205 γενήσῃ.

2171 1225 2265 1277 καὶ
2295 1225 2468 1294 μέγαν
2501 1225 2712 1296 σεαυτῷ
2750 1228 2840 1280 τὸν
2885 1226 3070 1294 μισθὸν
3104 1226 3352 1280 ἐντεῦθεν
3378 1227 3731 1297 περιποιήσῃ.

2170 1314 2248 1384 τῷ
2279 1315 2354 1386 μὴ
2391 1315 2549 1384 μόνον
2581 1316 2801 1369 σεαυτὸν
2829 1315 2978 1383 ἀξιον
3008 1316 3164 1392 Θεοῦ,
3199 1317 3334 1372 ἀλλά
3360 1317 3453 1378 καὶ
3480 1317 3603 1381 τοὺς
3629 1317 3736 1370 ὑπὸ

2171 1408 2330 1473 χεῖρα
2355 1402 2604 1471 γενέσθαι
2635 1404 3092 1474 παρασκευάζειν.
3131 1401 3137 1406 ’

2647 1656 2786 1733 Περὶ
2826 1667 2999 1734 τιμῆς
3035 1669 3282 1738 γονέων.

2247 1751 2516 1822 Στέφανον
2560 1753 2624 1806 ἐκ
2680 1753 2816 1808 Θεοῦ
2861 1755 2949 1807 διὰ
2992 1756 3091 1826 τῆς
3134 1758 3271 1828 ἐμῆς
3319 1756 3482 1821 ἐδέξω
3537 1761 3740 1829 χειρός.

2183 1843 2445 1913 Ἀμειψαι
2492 1843 2568 1914 τῷ
2609 1843 2862 1897 δεδωκότι
2895 1845 2955 1898 τὸ
2985 1846 3235 1913 ἀντάξιον
3278 1848 3468 1919 δῶρον.
3497 1850 3742 1920 Τίμησον

2178 1933 2308 1987 Θεὸν
2332 1935 2418 1986 τόν
2445 1950 2504 1985 σε
2531 1933 2833 2003 τιμήσαντα
2875 1933 2963 1988 διὰ
2991 1936 3087 2006 τῆς
3105 1982 3117 1988 -
3134 1939 3215 1999 είς
3248 1936 3337 1990 τὸν
3379 1940 3744 2010 γεγεννηκότα

2176 2023 2357 2092 τιμῆς.
2378 2022 2504 2091 Ἐμὲ
2536 2022 2592 2076 δὲ
2615 2023 2885 2094 τιμήσεις,
2917 2025 2977 2080 οὐ
3024 2026 3273 2098 καθάπερ
3318 2029 3461 2091 τινὲς
3493 2029 3600 2083 τῶν
3628 2031 3746 2084 ὐπ-

2179 2116 2389 2184 ηκόων,
2417 2113 2450 2184 ἢ
2484 2113 2796 2179 γονυπετῶν
2821 2154 2835 2178 ,
2864 2114 2898 2184 ἢ
2931 2115 3274 2188 δωροφορῶν,
3305 2117 3337 2188 ἢ
3370 2119 3705 2189 ὲπευφημῶν
3725 2135 3742 2151 ο

2182 2203 2373 2266 ἀνάξια
2399 2204 2507 2270 γὰρ
2532 2201 2703 2256 ταῦτα
2733 2204 2994 2272 βασιλέως
3031 2207 3219 2275 ἀνδρός
3238 2223 3250 2235 ·
3283 2207 3416 2259 α).λά
3449 2209 3622 2278 τιμῶν
3647 2208 3748 2280 μὲν

2181 2294 2280 2360 τὴν
2326 2292 2546 2362 ἀρετὴν,
2582 2293 2766 2346 ἀσκῶν
2809 2293 2866 2344 δὲ
2898 2293 2995 2359 τὴν
3039 2294 3410 2364 σωφροσύνην,
3439 2299 3658 2367 κοσμῶν
3689 2301 3748 2352 δέ

2188 2397 2281 2432 σου
2309 2380 2370 2431 τὸ
2396 2376 2547 2452 ἦθος,
2580 2381 2895 2444 σπουδάζων
2939 2382 2996 2433 δὲ
3045 2383 3170 2452 περὶ
3199 2384 3324 2446 τοὺς
3356 2384 3567 2451 λόγους,
3603 2382 3684 2449 οἷς
3711 2391 3746 2455 ἡ

2183 2471 2292 2525 τῶν
2331 2472 2466 2526 νέων
2514 2473 2912 2538 καλλωπίζεται
2961 2473 3192 2547 γνώμη·
3238 2478 3330 2530 καὶ
3378 2477 3562 2540 ἁπλῶς
3608 2462 3752 2532 οὕτω

2187 2561 2410 2614 σεαυτὸν
2433 2563 2860 2634 παρασκευάζων
2884 2563 3031 2628 ἄξιον
3061 2564 3362 2634 βασιλεύειν
3381 2563 3489 2618 τῶν
3511 2565 3603 2618 ἐπὶ
3624 2565 3748 2635 γῆς,

2189 2651 2282 2704 καὶ
2311 2653 2494 2707 εἰκόνα
2519 2653 2610 2706 τοῦ
2641 2654 2903 2724 βασιλέως
2942 2655 3051 2708 τῶν
3079 2653 3346 2726 οὐρανῶν.
3382 2657 3556 2720 Μόνος
3586 2657 3694 2726 γὰρ
3719 2657 3752 2708 ό

2183 2742 2284 2810 τῆς
2314 2743 2510 2813 ἀρετῆς
2541 2744 2820 2813 ἐφικέσθαι
2847 2744 3138 2815 δυνάμενος
3171 2745 3334 2798 εἰκὼν
3358 2746 3448 2798 τοῦ
3480 2749 3754 2816 καταστή-

2187 2847 2379 2895 σαντος
2419 2833 2580 2886 αὐτὸν
2627 2832 2760 2887 Θεοῦ
2799 2835 3022 2896 δικαίως
3075 2835 3426 2905 κληθήσεται,
3458 2836 3553 2888 καὶ
3610 2835 3754 2901 μετά

2187 2923 2319 2990 Θεὸν
2349 2925 2498 2994 παρά
2525 2925 2634 2980 τῶν
2665 2926 2919 2996 ὑπηκόων
2942 2927 3164 2990 εἰκότως
3193 2927 3628 2998 ἀγαπηθήσεται,
3657 2927 3753 2979 καὶ

534 3033 630 3102 qui
653 3033 1020 3088 omnimodam
1057 3033 1314 3087 virtutem
1353 3029 1726 3098 amplexatur:
1755 3025 2081 3095 isque‘opti-

2192 3014 2263 3078 ὡς
2311 3015 2604 3090 εὐεργέτης
2651 3017 2827 3082 κοινὸς
2877 3017 3070 3071 ἑαυτοῦ
3096 3035 3152 3072 τε
3183 3020 3278 3072 καὶ
3299 3017 3407 3075 τῶν
3446 3017 3538 3074 ὑπ’
3566 3018 3750 3084 αὑτὸν,

528 3125 762 3193 πιοῇυιο
783 3124 1022 3180 secundo
1051 3124 1175 3179 loco
1208 3129 1332 3192 post
1373 3121 1540 3174 Deum
1577 3133 1604 3171 a
1630 3116 1891 3186 subjectis
1931 3130 2086 3170 ama-

533 3214 701 3273 bitur,
725 3221 778 3266 et
800 3223 1056 3281 tanquam
1104 3211 1172 3266 de
1217 3225 1276 3264 se
1325 3211 1548 3276 suiSque
1590 3206 1792 3273 Optime
1859 3207 2088 3276 mpritus

536 3304 682 3359 omni
719 3302 925 3356 honore
949 3302 1148 3369 dignus
1171 3298 1480 3351 habebitur.

989 3452 992 3456 ί
1127 3387 1205 3440 De
1258 3386 1489 3453 iustitia.

610 3479 1156 3538 Administrationem
1192 3475 1343 3546 regni
1375 3481 1433 3527 ut
1483 3475 1632 3527 omni
1674 3473 2097 3541 reprehensione

540 3589 767 3630 vacuam
837 3579 1085 3644 praestes,
1131 3581 1251 3638 qua:
1303 3567 1358 3620 in
1393 3564 1516 3619 aliis
1572 3562 1929 3633 reprehendis
1983 3564 2096 3617 haec

542 3668 662 3738 ipse
694 3665 877 3719 facere
905 3677 974 3717 ne
1002 3661 1245 3716 audeas:
1285 3665 1415 3712 sunt
1447 3655 1591 3710 enim
1624 3655 1948 3726 plerumque
1969 3655 2096 3709 sub-

543 3756 642 3810 diti
673 3755 738 3810 ad
765 3753 1080 3825 principum
1117 3750 1361 3804 actiones
1397 3745 1786 3801 examinandas
1827 3746 2096 3800 acerrimi.

546 3849 602 3905 Si
634 3849 781 3905 enim
804 3847 856 3903 id
874 3847 1165 3914 diligenter
1201 3840 1598 3904 observaveris,
1629 3839 1739 3892 duo
1776 3838 1963 3893 istbazc
1999 3853 2103 3893 ma-

543 3943 676 3996 ximi
707 3939 962 3996 momenti
987 3933 1271 3993 commoda
1317 3933 1710 4002 consequeris:
1759 3939 1811 3986 te
1844 3931 1991 3984 enim
2025 3932 2098 3985 ir-

547 4032 942 4104 reprehenstun
969 4029 1230 4083 adversus
1258 4024 1760 4080 omnescalumnias
1793 4025 2098 4093 praestabis,

545 4131 600 4177 et
635 4121 912 4187 subjectos
940 4127 1068 4171 tuos
1102 4129 1210 4167 non
1233 4112 1467 4164 dicendo
1490 4112 1686 4173 solum,
1705 4113 1798 4166 sed
1821 4112 1980 4166 etiam
2017 4123 2100 4166 ιε-

547 4197 720 4266 cendo
749 4210 1004 4260 virtutem
1042 4213 1258 4256 omnem
1295 4211 1550 4250 exercere
1594 4199 1834 4251 docebis.
1866 4201 1924 4252 Si
1973 4216 2102 4254 vero

2184 3104 2350 3170 ἀξίως
2375 3107 2755 3176 τιμηθήσεται.

2681 3385 2818 3449 Περὶ
2857 3386 3263 3450 δικαιοσύνης.

2268 3477 2384 3527 ’Ίνα
2431 3490 2524 3528 σου
2569 3473 2668 3543 τὴν
2715 3471 2993 3541 βασιλείαν
3047 3474 3331 3543 ἄμεμπτον
3381 3474 3758 3552 διαφυλάξῃς,

2197 3569 2338 3635 ἅπερ
2361 3566 2426 3619 ἂν
2454 3565 2657 3637 ἑτέροις
2679 3565 3002 3634 πράττουσιν
3027 3567 3579 3634 ἐπιτιμήσειςρταῦτα
3599 3569 3764 3638 πράτ-

2193 3674 2308 3710 τειν
2336 3657 2496 3720 αὐτὸς
2527 3656 2601 3725 μὴ
2630 3657 2980 3726 ἐπιχειρήσῃς
3001 3671 3014 3685 ·
3047 3656 3218 3708 δεινὸν
3261 3657 3367 3725 γὰρ
3411 3672 3528 3720 πως
3571 3659 3629 3711 τὸ
3661 3660 3770 3711 ύπ-’

2197 3749 2360 3817 ήκοον
2388 3745 2486 3809 τὰς
2518 3745 2625 3798 τῶν
2656 3747 2930 3814 ἀρχόντων
2962 3747 3182 3814 πράξεις
3211 3746 3529 3815 λογοθετεῖν.
3563 3750 3624 3802 Ei
3653 3751 3763 3820 γὰρ

2195 3839 2351 3892 τοῦτο
2382 3838 2642 3909 φυλάξῃς,
2668 3838 2760 3889 δύο
2783 3838 2952 3892 ταῦτα
2996 3839 3225 3907 μέγιστα
3252 3841 3635 3909 κατορθώσεις,
3668 3842 3762 3895 καὶ

2199 3932 2420 3983 σεαυτὸν
2461 3927 2787 3998 ἀνέγκλητον
2821 3930 3020 3991 παντὸς
3056 3929 3244 3999 μώμου
3275 3930 3637 4001 διατηρήσεις,
3667 3932 3762 3985 καὶ

2198 4021 2322 4083 τοὺς
2347 4020 2448 4071 ὑπὸ
2477 4021 2630 4088 χεῖρα
2655 4017 2906 4082 διδάξεις.
2933 4019 3028 4071 καὶ
3062 4020 3280 4072 σιωπῶν
3305 4021 3398 4072 καὶ
3426 4021 3618 4089 λέγων,
3653 4024 3762 4075 πᾶ-

2199 4126 2296 4163 σαν
2329 4111 2513 4162 ἀσκεῖν
2541 4109 2760 4178 ἀρετήν.
2792 4105 2853 4160 Ei
2896 4107 2950 4159 δὲ
2977 4107 3214 4170 ἐναντία,
3247 4105 3320 4159 ὢν
3353 4108 3764 4177 λέγεις-,πράτ-

2160 4258 2163 4260 ν
2196 4217 2328 4263 τεις,
2349 4199 2487 4263 ἔξεις
2513 4216 2605 4251 σου
2623 4199 2929 4268 κατήγορον
2954 4196 3051 4266 τὴν
3079 4198 3409 4266 συνείδησιν·
3439 4201 3484 4248 εἰ
3505 4199 3560 4248 δὲ
3588 4198 3764 4264 λέγων

548 4300 714 4354 dictis
744 4296 854 4349 tuis
887 4293 1028 4345 facta
1059 4288 1281 4340 minime
1308 4285 1662 4356 respondent,
1709 4287 2086 4340 aceuSatricen‘

2205 4289 2402 4352 ἀγαθὰ,
2423 4290 2492 4339 τὰ
2522 4288 2680 4352 ὃμοια
2709 4287 2965 4351 πράττεις
2984 4322 2998 4344 ,
3033 4285 3174 4348 ἕξεις
3199 4287 3322 4344 τοὺς
3350 4285 3765 4350 λογοθετοῦντάς

553 4392 632 4446 tui
663 4383 1061 4442 conscientiam
1091 4377 1352 4433 habebis:
1403 4390 1456 4433 at
1477 4379 1522 4432 si
1577 4377 1778 4447 probos
1826 4392 2102 4433 sermones

555 4477 764 4535 similes
790 4473 1031 4527 actiones
1068 4477 1510 4540 consequantur,
1561 4483 1655 4521 eos
1683 4469 1775 4537 qui
1813 4475 1865 4521 te
1917 4469 2109 4521 obser-

555 4578 706 4631 vant,
735 4576 841 4622 tuae
876 4561 1158 4632 probitatis
1187 4567 1240 4614 et
1288 4567 1454 4614 testes
1496 4559 1659 4614 simul
1689 4568 1750 4615 et,
1806 4559 2108 4614 imitatores

560 4658 783 4714 habebis
822 4652 971 4707 omni
997 4647 1318 4717 exceptione
1344 4651 1600 4718 majores.

1106 4738 1179 4791 De
1215 4739 1570 4808 beneﬁcentia.

634 4836 854 4892 Nullius
883 4845 1073 4887 eorum
1102 4830 1195 4898 qui
1223 4840 1338 4882 aut-
1368 4845 1400 4884 a
1435 4842 1484 4884 te
1533 4847 1757 4888 munera
1812 4834 2110 4904 postulant,

565 4925 972 4996 autdi'gnitates
1004 4918 1283 4981 ambiunt,
1310 4933 1489 4973 mores
1535 4921 1634 4975 tibi
1672 4923 1922 4987 lateant:
1961 4940 2111 4980 cum-

567 5035 674 5092 que
719 5019 853 5073 satis
879 5029 975 5070 eos
1002 5010 1362 5082 perspexeris,
1382 5009 1605 5065 benefac
1629 5013 1890 5070 duntaxat
1913 5015 2072 5071 bonis
2099 5032 2111 5068 :

568 5111 637 5165 ab
689 5108 770 5163 eis
832 5105 977 5160 enim
1026 5109 1338 5172 perpetuam
1388 5099 1619 5169 recipies
1649 5103 2110 5172 benevolentiam,

569 5212 690 5270 qua:
716 5195 869 5250 nullo
895 5171 1137 5262 unquam
1165 5201 1410 5258 tempore
1449 5171 1768 5244 vacillatura
1815 5194 1905 5246 sit.
1947 5195 2116 5249 Bene.

573 5268 752 5343 ficium
777 5284 921 5338 enim
982 5280 1124 5353 apud
1177 5281 1352 5332 virum
1392 5277 1594 5332 bonum
1637 5279 1959 5336 collocatum
2000 5286 2116 5340 the-

573 5392 768 5434 saurus
790 5383 872 5432 est
910 5374 1073 5430 nullis
1110 5369 1424 5440 raptoribus
1479 5370 1768 5436 obnoxius,
1803 5374 1897 5439 qui
1927 5376 2110 5427 multi-

576 5467 769 5536 plicem
807 5462 1055 5519 collatori
1113 5458 1284 5515 refert
1340 5457 1602 5528 gratiam:
1652 5461 1744 5529 qui
1794 5473 1972 5512 autem
2017 5462 2118 5515 im-

577 5552 748 5622 probo
794 5554 932 5609 bene
977 5550 1110 5608 facit
1163 5555 1471 5620 serpentem
1525 5546 1579 5600 in
1636 5546 1757 5603 sinu
1804 5547 1921 5609 alit,
1967 5548 2121 5617 isque

582 5644 973 5716 aliquantisper
997 5643 1168 5716 ipsius
1192 5641 1378 5698 calore
1419 5637 1655 5702 foretur,
1683 5634 1777 5692 sed
1818 5636 1994 5692 oblata
2031 5651 2121 5693 oc-

2207 4392 2296 4427 σου
2340 4375 2429 4426 τὸν
2477 4373 2588 4442 βίον
2623 4371 2756 4439 όμοῦ
2812 4373 2903 4422 καὶ
2936 4373 3245 4440 μάρτυρας,
3266 4373 3370 4423 “καὶ
3402 4378 3643 4442 μιμητάς
3671 4393 3768 4428 σου

2201 4464 2300 4532 τῆς
2331 4460 2729 4529 καλοκαγαθίας
2756 4460 3222 4530 ἀπαραγράπτους
3249 4458 3411 4524 ἕξεις.

2719 4727 2852 4794 Περὶ
2885 4727 3249 4795 εὐεργεσίας.

2278 4821 2595 4876 Λανοανέτω
2619 4837 2675 4872 σε
2703 4820 2886 4888 μηδεὶς
2903 4818 3008 4870 τῶν
3040 4819 3186 4886 παρὰ
3207 4817 3299 4870 σοῦ
3326 4817 3530 4888 δωρεὰς
3559 4817 3772 4871 αἰτούν-

2209 4931 2334 4975 των,
2363 4911 2396 4981 ἢ
2425 4910 2704 4977 ἀξιώματα
2742 4905 3157 4975 ἐπιζητούντων,
3219 4908 3312 4958 καὶ
3362 4908 3583 4971 τούτους
3634 4909 3768 4962 ἀνα-

2212 5003 2520 5070 λαμϐάνων,
2541 5001 2666 5059 τοὺς
2691 4996 2926 5062 ἀγαθοὺς
2956 4992 3012 5046 εὖ
3046 4997 3396 5062 ποίει.Ἒξεις
3422 4999 3530 5069 γὰρ
3558 5000 3642 5052 ἀεὶ
3671 5001 3773 5068 τὴν

2213 5091 2422 5142 εὔνοιαν
2465 5085 2772 5143 διαπαντὸς,
2823 5081 2854 5150 ἢ
2915 5081 3112 5149 μᾶλλον
3161 5084 3352 5146 εἰπεῖν,
3413 5084 3770 5138 ἀδιάπτωτον.

2221 5180 2448 5240 "Anule;
2471 5178 2578 5244 γὰρ
2603 5173 2872 5242 θησαυρὸς
2901 5173 3027 5241 παρ’
3061 5160 3214 5242 ἀνδρὶ
3242 5173 3534 5240 σπουδαίῳ,
3556 5175 3649 5226 καὶ
3678 5190 3775 5226 1:0—

2218 5268 2525 5323 λυπ).ασξων
2556 5267 2588 5333 ἡ
2632 5263 2788 5332 χάρις
2818 5263 2945 5330 παρ’
2995 5265 3175 5325 αὐτοῖς
3219 5262 3580 5331 ἐποφεξὶεται.
3621 5263 3678 5314 '0
3718 5263 3776 5315 δὲ

2221 5362 2344 5420 τοὺς
2374 5359 2573 5415 κακοὺς
2605 5351 2923 5417 εὐεργετῶ-ι’,
2970 5352 3254 5418 ὲγκὸλπιον
3275 5351 3389 5420 ἔχει
3426 5351 3515 5403 τὸν
3539 5350 3683 5417 ὅφιν,
3718 5355 3776 5404 ἐν

2225 5448 2399 5514 καιρῷ
2429 5447 2525 5512 μὲν
2557 5442 2914 5509 θαλπόμενον,
2947 5444 3002 5494 ἐν
3049 5441 3224 5511 καιρῷ
3269 5442 3324 5494 δὲ
3357 5441 3447 5495 τὸν
3482 5441 3780 5509 εὐεργέτην

2228 5540 2414 5605 ἰοϐόλῳ
2434 5536 2667 5606 δήγματι
2686 5523 3044 5602 ἀμυνόμενον.
3069 5534 3279 5604 Ὥσπερ
3297 5533 3406 5601 γὰρ
3434 5533 3482 5583 oi
3513 5529 3779 5597 ἀλλότριοι

2230 5630 2387 5691 κύνες
2415 5628 2521 5680 τῶν
2580 5624 3074 5688 σιτιζόντωνξένων
3113 5620 3560 5685 καθυλακτοῦσιν,
3611 5622 3781 5682 οὓτως
