3984 6322
1007 370 1288 432 BASILII
1313 371 1467 432 IMP.
1509 370 1949 433 PARJENESIS
1976 373 2075 433 AD
2108 374 2413 438 LEONEM
2450 378 2737 439 FILIUM.
2804 380 2807 383 ’

3300 393 3460 437 XXXIV

233 484 285 536 οι
314 481 476 542 κακοὶ
500 481 626 547 τοὺς
651 477 1013 551 ὠφελοῦντας,
1063 483 1250 554 ὥσπερ
1289 483 1413 546 τοὺς
1448 481 1785 553 βλάπτοντας

1910 486 2134 541 casione
2161 498 2424 543 venenato
2470 504 2657 544 morsu
2710 488 3110 547 benefactorem
3166 508 3325 568 suum
3377 511 3462 551 re-

232 573 527 630 ἁδικοῦσιν.
560 572 824 641 Ἀγαθοίδς
876 572 985 644 γὰρ
1015 573 1338 645 εὐεργετῶν,
1381 573 1523 638 ἕξεις
1582 574 1807 626 σεαυτὸν

231 662 594 727 πολλαπλοῦν,
613 665 711 718 καὶ
728 665 905 738 κτήσῃ
929 664 1059 735 μίαν
1083 663 1262 735 ψυχὴν
1290 663 1499 717 πολλῶν
1526 664 1691 731 φίλων
1715 665 1811 718 καὶ

229 753 523 825 ὀφθαλμῶν
551 753 737 825 κύκλῳ
765 753 1291 825 διαφυλαττομένην.

1915 582 2191 628 munerat.
2216 573 2371 629 Sicut
2392 577 2534 630 enim
2563 591 2728 633 canes
2747 578 2938 635 alienis
2979 580 3144 636 etiam
3173 583 3358 639 cibum
3377 585 3467 639 ol-

1912 661 2215 718 ferentibus
2245 666 2541 731 oblatrant,
2573 668 2644 721 ita
2679 669 2928 725 homines
2964 674 3209 742 perversi
3236 675 3466 743 perinde

1909 768 2007 809 eos
2025 755 2114 824 qui
2148 756 2284 810 bene
2305 755 2369 811 de
2394 758 2529 826 ipsis
2553 769 2834 831 merentur
2864 761 3163 831 offendunt,
3189 772 3349 834 atque
3366 780 3466 823 eos

231 846 323 912 qui
355 845 517 900 male.
544 842 728 899 Bonos
756 858 886 913 ergo
913 842 1190 898 beneficiis
1227 844 1327 899 tibi
1387 844 1708 901 devinciens
1740 855 1793 898 te
1834 842 2013 912 ipsum
2042 845 2447 912 quodammodo
2534 849 2893 919 multiplicem
2978 853 3225 922 habebis,
3271 870 3464 928 nempe

232 935 398 990 vitam
430 950 592 989 unam
633 934 820 990 multis
848 934 1058 988 circum
1103 934 1278 991 oculis
1308 936 1602 1007 multisque
1654 934 2007 1007 vigilantibus
2029 936 2221 991 amicis
2256 938 2607 993 custoditatn.

823 1026 964 1095 Περὶ
985 1030 1203 1097 φίλων.

307 1116 581 1179 Ἕκείνους
612 1115 811 1185 κτῆσαι
838 1115 1027 1186 φίλους
1052 1117 1146 1171 καὶ
1176 1116 1513 1190 θεράποντας
1535 1121 1798 1173 οἰκειοτά-
1838 1173 1876 1188 __

226 1222 373 1268 τους,
396 1205 602 1269 οἵτινες
626 1204 824 1274 ἀγαθοὶ
879 1206 975 1259 καὶ
1018 1207 1155 1278 πρὸς
1186 1208 1406 1279 ἑτέρους
1441 1210 1628 1277 φίλους
1655 1210 1686 1279 ἢ
1717 1209 1802 1261 δε-

226 1296 429 1358 σπότας
459 1296 847 1365 προγεγονότες
880 1298 1237 1367 τυγχάνουσιν
1255 1314 1270 1330 ο
1293 1299 1329 1354 ἀ
1355 1300 1465 1370 γὰρ
1484 1301 1542 1354 ιν
1571 1299 1801 1362 ἐκείνοις

224 1387 571 1456 είργάσαντο,
596 1386 771 1442 ταῦτα
817 1388 911 1442 καὶ
940 1391 1021 1451 εἰς
1044 1388 1106 1441 σὲ
1166 1388 1389 1458 ποιῆσαι
1424 1384 1522 1442 οὐκ
1549 1390 1799 1459 ,ἀποκνὴο

227 1496 400 1533 τουσι.
418 1480 477 1534 Ὀ
514 1479 613 1550 μὲν
633 1479 759 1553 ζγάρ
790 1480 1077 1545 σπουδαῖος
1103 1483 1231 1554 περὶ
1261 1482 1386 1545 τοὺς
1412 1483 1581 1536 παλαι
1614 1482 1802 1551 φίλους

224 1568 485 1637 γεγονὼς,
509 1569 797 1634 σπουδαῖος
833 1570 900 1625 ἂν
947 1570 1043 1626 καὶ
1076 1573 1203 1647 περὶ
1230 1572 1288 1625 σὲ
1311 1571 1561 1641 γενέσθαι
1584 1562 1803 1626 πιστευ-

222 1656 486 1728 θήσεται·
521 1661 550 1713 ό
587 1659 645 1712 δὲ
700 1662 816 1723 τοῖς
854 1660 1145 1733 προτέροις
1196 1660 1382 1731 φίλοις
1429 1660 1463 1733 ἢ
1517 1662 1801 1725 δεσπόταις

222 1740 497 1820 ἀχρηστός
522 1767 582 1805 τε
602 1750 698 1804 καὶ
723 1750 967 1822 ῥᾴθυμος
996 1750 1262 1820 γεγονὼς,
1299 1753 1461 1824 σχολῇ
1490 1768 1553 1819 γε
1576 1768 1641 1804 πε
1650 1752 1704 1824 pl.
1740 1752 1800 1805 σὲ

225 1839 512 1905 σπουδαῖος
534 1842 629 1896 καὶ
661 1842 929 1912 χρήσιμός
952 1858 1085 1895 ποτε
1112 1842 1428 1912 ὀφθήσεται.
1778 1837 1801 1855 ‘

512 1992 515 1995 Α
575 1928 713 1997 Περὶ
743 1930 1075 1996 ὑπεροψίας
1103 1930 1442 1997 χρημάτων.

302 2014 545 2085 Ὑψηλδν
572 2017 672 2085 μὲν
694 2017 788 2069 καὶ
815 2015 1118 2069 ἀδούλωτον
1166 2016 1229 2069 τὸ
1256 2016 1351 2070 τοῦ
1391 2016 1654 2086 βασιλέως
1684 2017 1794 2069 δειο

220 2104 372 2163 κνύει
398 2107 679 2179 φρόνημα,
727 2107 789 2160 οὐ
814 2105 1065 2161 τοσοῦτον
1113 2106 1274 2175 όγκος
1320 2106 1415 2160 τοῦ
1463 2105 1792 2177 ἀξιώματος,

227 2194 346 2248 ὅσον
400 2195 439 2265 ἡ
473 2194 583 2247 τῶν
637 2194 932 2265 χρημάτων
986 2194 1270 2265 ὑπεροψία.
1338 2196 1410 2248 Εν
1462 2198 1636 2265 τούτῳ
1688 2197 1824 2267 γὰρ,

224 2284 427 2356 μᾶλλον
469 2285 530 2339 τὸ
588 2286 809 2353 εὐγενὲς
836 2286 1002 2339 αὑτοῦ
1052 2287 1151 2357 τῆς
1176 2286 1361 2356 ψυχῆς
1385 2288 1791 2357 καταφαίνεται.

232 2376 537 2447 ’Υπεροψία
589 2376 646 2430 δὲ
675 2377 969 2448 χρημάτων
1024 2379 1088 2430 οὐ
1138 2378 1199 2431 τὸ
1241 2381 1417 2448 μάτην
1449 2382 1562 2442 τοῖς
1606 2379 1795 2449 βαλαν-

222 2466 354 2530 τίοις
376 2446 820 2533 ἀναποτίθεσθαι,
848 2466 985 2521 ἀλλά
1017 2467 1082 2519 τὸ
1106 2446 1345 2537 δαψιλῶς
1374 2446 1440 2520 liv
1466 2470 1587 2531 ταῖς
1607 2446 1791 2536 ’ἀναγί-

239 2555 427 2619 καίαις
464 2554 676 2625 χρείαις
706 2552 846 2607 αὐτὰ
874 2555 1462 2623 χορηγεῖν.Ἀναγκαῖα
1486 2555 1544 2608 δὲ
1587 2555 1793 2625 βασιλεῖ

233 2642 325 2695 καὶ
359 2641 568 2712 μᾶλλον
589 2641 697 2694 τῶν
722 2641 896 2694 ἄλλων
920 2639 1105 2709 φίλους
1133 2637 1193 2695 εὖ
1228 2643 1422 2707 ποιεῖν,
1442 2644 1531 2695 καὶ
1564 2643 1790 2712 ἐχθροὺς

220 2728 544 2799 ἀμύνεσθαι,
576 2722 651 2783 ὧν
691 2729 1012 2800 ἀμφοτέρων
1036 2730 1097 2782 τὸ
1129 2730 1423 2799 κατορθοῦν
1452 2733 1485 2801 ἡ
1515 2731 1623 2783 τῶν
1652 2749 1787 2800 χρη-

224 2816 407 2884 μάτων
443 2816 678 2885 δαπάνη.
708 2817 769 2868 El
815 2812 911 2869 οὖν
962 2818 1057 2871 καὶ
1088 2817 1248 2880 αὐτὸς
1279 2816 1481 2886 ὑψηλὸς
1529 2818 1583 2869 ὲν
1624 2819 1787 2870 πᾶσιν

222 2900 361 2959 εἶναι
404 2904 609 2975 βούλει,
646 2904 738 2959 καὶ
781 2904 1012 2974 μάλιστα
1068 2906 1126 2958 ἐν
1187 2904 1420 2966 συνέσει,
1471 2905 1784 2975 ὑπερόπτης

222 2994 362 3061 γίνου
388 2997 687 3063 χρημάτων
706 3010 720 3024 ο
755 2995 874 3047 ἐπεὶ
894 2995 1017 3047 οὺδέ
1040 2994 1175 3047 ’ἐστι
1204 2994 1272 3047 τὰ
1319 2993 1513 3048 σαυτοῦ
1550 2996 1654 3048 ἴδια
1693 2995 1781 3063 σὰ,

221 3085 349 3139 ἀλλά
370 3083 483 3136 τῶν
514 3085 813 3139 συνδούλων
837 3083 944 3139 τῶν
987 3084 1115 3150 σῶν,
1142 3086 1236 3137 καὶ
1263 3085 1497 3154 μάλιστα
1522 3087 1630 3139 τῶν
1682 3102 1780 3138 πε-
1808 3123 1852 3179 C

222 3174 392 3241 νήτων
420 3175 515 3226 καὶ
550 3173 732 3240 ξένων.
791 3173 991 3243 Φάνηθι
1028 3174 1206 3228 τοίνυν
1236 3175 1362 3238 ἴδιος
1404 3174 1695 3245 εὐεργέτης
1723 3176 1782 3227 ὲν

222 3264 324 3326 τοῖς
355 3266 581 3331 κοινοῖς,
608 3266 706 3318 καί
733 3264 902 3328 οὓτως
933 3264 1133 3334 ὑψηλὸς
1166 3266 1261 3338 ἔσῃ
1308 3267 1401 3318 καὶ
1424 3264 1780 3336 περίϐλεπτος

223 3352 277 3406 ιν
301 3354 582 3423 φρονήσει.

810 3616 946 3682 Περὶ
978 3616 1182 3684 μέθης.

286 3704 580 3767 Συνουσίας
629 3704 724 3766 τὰς
773 3706 830 3757 ὲν
882 3694 1067 3766 πότοις
1114 3705 1376 3755 εύὶ.α6οῦ’
1414 3704 1547 3773 μέθη
1576 3705 1684 3773 γὰρ
1711 3708 1777 3774 τῇ

226 3797 478 3863 φρονήσει
505 3793 745 3847 ἐναντίον
778 3811 828 3846 τι
858 3797 1043 3863 χρῆμα
1075 3797 1166 3845 καὶ
1197 3793 1642 3861 πολέμιον.”υταν
1671 3795 1778 3863 γὰρ

222 3884 250 3935 ό
268 3885 385 3945 νοῦς
408 3883 517 3936 ὑπὸ
541 3882 633 3936 τοῦ
659 3884 800 3935 οἴνου
820 3882 1147 3952 τυραννηθῇ,
1171 3882 1361 3934 ταυτόν
1379 3899 1431 3933 τι
1452 3883 1645 3951 πάσχει
1666 3886 1777 3945 τοῖς

225 3973 439 4039 φαύλοις
469 3972 720 4039 ἡνιόχοις,
743 3970 792 4022 οἳ
823 3971 881 4023 τὸ
906 3970 1056 4041 ἀρμα
1079 3971 1342 4043 κυδερνᾷν
1370 3970 1771 4035 ἀδυνατοῦντες,

224 4062 309 4112 καὶ
341 4062 572 4121 ἑαυτοὺς
594 4060 685 4111 καὶ
712 4061 835 4121 τοὺς
865 4061 1064 4121 ἵππους
1090 4054 1192 4115 ὧδε
1210 4063 1431 4114 κάκεῖσε
1453 4077 1517 4113 πε
1528 4062 1775 4131 ριφέρου-

226 4164 293 4212 σι,
320 4149 417 4202 καὶ
448 4147 657 4217 γέλωτα
677 4150 787 4211 τοίς
809 4149 973 4219 ὁρῶσι
997 4149 1250 4219 μέγιστον
1271 4149 1605 4219 ἐμποιοῦσιν.
1620 4150 1775 4202 Οὕτω

222 4239 273 4293 δι
316 4238 633 4311 πασχούσης
680 4240 786 4310 τῆς·
817 4239 1084 4303 διανοίας,
1109 4240 1319 4309 ἀνάγκη
1347 4239 1440 4293 καὶ
1471 4241 1568 4310 τὴν
1598 4239 1773 4309 ψυχὴν

224 4331 384 4384 πολλὰ
414 4330 789 4399 σφαλλομένην
814 4327 1092 4385 διατελεῖν.

768 4422 907 4489 Περὶ
940 4421 1224 4488 κτήσεως.
1808 4429 1850 4483 D

280 4512 508 4585 Ῥᾳδίως
557 4513 727 4583 κτήσῃ
770 4512 940 4581 φίλον,
969 4512 1029 4565 ὃν
1058 4514 1123 4567 ἂν
1152 4512 1417 4582 βουληθῇς
1438 4550 1453 4573 ,
1518 4515 1565 4564 εξ
1599 4512 1778 4579 ἀγαθά

227 4618 335 4655 τινα
358 4602 544 4669 λέγεις
576 4601 706 4670 περὶ
729 4599 894 4653 αὐτοῦ
921 4602 1148 4664 ἀπόντος
1180 4601 1271 4653 ἐπὶ
1293 4600 1400 4652 τῶν
1425 4599 1777 4666 ἐπαγγελλόν-

228 4706 327 4743 των
358 4687 510 4758 αὐτῷ
532 4703 549 4720 ⁸
577 4688 717 4758 ἀρχὴ
745 4688 876 4756 γὰρ,
906 4688 980 4752 ὡς
1005 4690 1168 4754 ἔοικε,
1206 4689 1385 4758 φιλίας
1416 4689 1515 4757 μὲν
1539 4687 1771 4751 ἔπαινος,

229 4782 419 4851 ἔχθρας
456 4781 512 4834 δὲ
557 4780 722 4848 ψόγος
766 4782 1108 4836 mnsam
1139 4782 1234 4835 καὶ
1268 4781 1361 4846 οὓς
1391 4782 1487 4851 ἥδη
1516 4782 1774 4850 κέκτησαι

231 4870 424 4935 φίλους,
455 4869 502 4920 εἰ
552 4865 726 4933 βούλει
749 4868 911 4921 πλέον
938 4869 1280 4938 ἐφέλκεσθαι,
1306 4873 1512 4923 ἐπαίνει
1540 4870 1775 4930 ἀπόντας

230 4958 315 5011 ἐπὶ
350 4957 464 5009 τῶν
507 4956 807 5027 παρόντων.
833 4958 941 5010 Καὶ
973 4960 1081 5028 γὰρ
1119 4959 1259 5013 οὕτω
1285 4959 1493 5023 δόξειας
1527 4960 1591 5011 ἂν
1621 4959 1775 5010 ἐπαι-

234 5051 333 5101 νεῖν
356 5046 457 5102 καὶ
485 5047 608 5110 τοὺς
636 5048 905 5117 παρόντας
934 5050 1028 5102 ἐπὶ
1066 5051 1172 5104 τῶν
1213 5052 1476 5106 ἀπόντων.
1510 5046 1775 5119 Δοκίμαζε

233 5138 284 5190 δὲ
307 5140 431 5202 τοὺς
454 5130 664 5206 φίλους,
692 5137 750 5191 ἐν
768 5154 827 5191 τε
852 5142 969 5201 ταῖς
997 5141 1257 5209 ἀνάγκαις
1284 5142 1375 5195 καὶ
1397 5145 1512 5203 ταῖς
1539 5144 1777 5209 δυσπρα-

234 5230 401 5295 γίαις·
440 5230 551 5281 τῶν
575 5229 685 5298 γὰρ
708 5228 1152 5297 εὐημερούντων,
1181 5233 1322 5297 φίλοι
1349 5232 1548 5285 πολλοί.
1577 5229 1775 5282 Κάκεί-

235 5334 345 5380 νους
374 5304 803 5388 ἀληθεῖςίφίλους
841 5314 1053 5384 λογίζου
1074 5359 1087 5379 ,
1113 5321 1223 5371 ὅσοι
1257 5322 1330 5390 μὴ
1368 5322 1585 5390 κέρδους
1616 5322 1778 5371 ἕνεκα

238 5408 490 5474 φιλοῦσιν,
522 5407 658 5461 ἀλλὰ
683 5406 748 5460 δι’
773 5408 941 5476 αὐτὴν
974 5408 1071 5476 τὴν
1113 5409 1311 5477 ἀρετὴν
1340 5411 1431 5479 τῆς
1458 5412 1697 5476 ἀγάπης.
1716 5407 1777 5459 'H

237 5498 333 5565 γὰρ
356 5499 530 5561 ἄλλως
555 5498 704 5566 φιλία
727 5497 804 5567 τῷ
832 5496 1007 5570 καιρῷ
1043 5496 1383 5563 δουλεύουσα,
1414 5497 1649 5568 ἐμπορία
1672 5513 1774 5559 τις,

237 5586 342 5641 ἀλλ’
371 5588 432 5640 οὐ
464 5588 646 5655 φιλία,
676 5587 845 5658 ταύτῃ
867 5587 1153 5667 λογίζεται.
1196 5614 1203 5622 -

606 5765 872 5826 ΡΑτιιοῐ..
908 5764 1023 5825 Gn.
1059 5762 1240 5828 CVII.

1182 5862 1193 5891 ὅ

2538 1031 2611 1085 De
2639 1034 2844 1087 amicis.

1972 1118 2111 1189 Opta
2141 1119 2239 1173 tibi
2270 1134 2363 1175 eos
2392 1121 2619 1189 amicos,
2662 1132 2715 1178 et
2748 1122 2970 1179 intimos
3002 1124 3318 1189 familiares.
3361 1128 3460 1198 qui

1903 1219 2089 1265 sancte
2117 1224 2240 1264 cum
2259 1211 2382 1266 aliis
2407 1212 2704 1267 amicitiam
2736 1216 3026 1281 coluerint,
3058 1224 3111 1272 et
3132 1218 3253 1275 aliis
3281 1218 3459 1273 domi-

1901 1300 1988 1355 nis
2040 1299 2253 1356 fidelem
2286 1316 2505 1371 operam
2557 1305 2894 1359 navaverint.
2944 1305 3096 1370 Quod
3145 1307 3288 1362 enim
3334 1308 3460 1362 aliis

1902 1390 2291 1468 praestiterunt,
2323 1390 2464 1443 idem
2491 1391 2655 1445 etiam
2706 1402 2965 1461 priestarc
3000 1395 3096 1448 tibi
3122 1410 3230 1448 non
3264 1410 3461 1465 grava-
3554 1398 3557 1405 '

1901 1476 2214 1542 buntur;et
2241 1478 2335 1546 qui
2391 1478 2567 1533 bonus
2592 1489 2960 1550 crga.vetcres
3001 1483 3204 1538 amicos
3230 1484 3458 1537 exstite-

1900 1567 1997 1632 rit,
2027 1567 2207 1623 bonus
2242 1583 2369 1640 erga
2388 1576 2440 1623 te
2467 1570 2633 1625 etiam
2678 1571 2903 1629 futurus
2954 1573 3150 1628 merito
3179 1574 3455 1628 credetur.

1901 1656 2004 1724 Qui
2037 1668 2214 1712 autem
2250 1659 2525 1726 prioribus
2591 1661 2783 1717 amicis
2815 1672 2911 1718 aut
2950 1664 3194 1733 patronis
3226 1664 3457 1735 ignavus

1903 1756 2068 1816 atque
2093 1747 2306 1802 inutilis
2334 1756 2462 1801 ante
2491 1748 2677 1813 fuerit,
2708 1751 2798 1804 vix
2850 1767 3092 1823 unquam
3142 1765 3328 1823 postea
3362 1753 3458 1807 bo-

1902 1850 2004 1889 nus
2025 1849 2152 1904 erga
2182 1845 2231 1888 te
2253 1837 2416 1903 atQue
2448 1835 2598 1889 utilis
2631 1836 2755 1891 erit.

2341 1923 2416 1977 De
2445 1935 2741 1992 contemptu
2767 1928 3021 1994 pecuniw.

1969 2010 2257 2066 Excelsuin
2298 2022 2462 2084 atque
2490 2014 2756 2068 invictum
2790 2016 3053 2086 principis
3080 2016 3319 2070 animum
3342 2032 3451 2074 non

1897 2099 2034 2155 adeo
2098 2102 2411 2171 magnitudo
2465 2103 2751 2173 dignitatis
2802 2106 3041 2159 ostendit
3094 2119 3159 2159 ac
3212 2108 3452 2176 pecunia:

1895 2198 2278 2261 contemptus:
2325 2193 2380 2246 in
2432 2193 2535 2249 hoc
2579 2195 2723 2247 enim
2771 2196 3005 2250 maxime
3050 2195 3242 2250 animae
3277 2195 3451 2266 ipsius

1895 2279 2236 2350 generositas
2277 2280 2561 2337 elucescit.
2593 2281 2844 2338 Pecuniae
2880 2292 3059 2338 autem
3107 2293 3453 2356 contemptus

1896 2384 2004 2451 no_n
2036 2370 2091 2451 in
2114 2385 2179 2427 eo
2202 2375 2449 2451 cernitur
2477 2388 2599 2427 cum
2652 2376 2705 2427 in
2742 2388 2938 2430 saccos
2971 2376 3237 2449 inutiliter
3256 2392 3455 2448 conge-

1896 2442 2037 2515 rit'ur
2074 2446 2130 2516 et
2168 2445 2477 2532 seponitur,
2515 2466 2609 2522 sed
2664 2482 2787 2521 eum
2828 2468 3052 2540 largiter
3087 2470 3141 2523 in
3183 2485 3316 2525 usus
3358 2486 3451 2526 ne-

1892 2553 2167 2606 cessarios
2194 2554 2542 2623 expenditur.
2575 2553 2961 2611 Necessarium
3000 2565 3180 2609 autem
3228 2564 3334 2620 est,
3386 2573 3451 2611 ac

1892 2641 2006 2710 regi
2037 2641 2403 2709 potissimum,
2425 2643 2629 2699 amicos
2659 2646 2977 2715 promereri,
3008 2654 3170 2714 atque
3198 2648 3449 2701 inimicos

1838 2726 1841 2728 ’
1889 2732 2191 2798 vindicare,
2220 2748 2453 2803 quorum
2500 2742 2791 2803 utrumque
2824 2745 2967 2789 recte
3013 2734 3213 2799 facere,
3249 2736 3295 2791 is
3344 2737 3442 2789 de-
3538 2770 3552 2807 ς.

1888 2836 2034 2873 mum
2069 2836 2230 2875 verus
2250 2828 2332 2876 est
2358 2822 2602 2889 pecunia:
2637 2831 2908 2901 sumptus.
2945 2820 3003 2875 Si
3066 2838 3194 2894 ergo
3221 2823 3275 2877 in
3328 2838 3444 2877 om-

1887 2909 2048 2964 nibus
2092 2911 2360 2966 cxcellere
2399 2913 2501 2976 vis,
2547 2928 2610 2965 ac
2684 2914 2735 2964 in
2790 2912 3078 2981 prudentia
3136 2913 3441 2984 praesertim

1886 3008 2047 3068 atque
2092 3000 2332 3069 solertia,
2363 3010 2707 3071 contemptor
2734 3010 2853 3056 esto
2898 3001 3229 3057 divitiarum.
3256 3001 3443 3072 Neque

1885 3090 2029 3143 enim
2060 3091 2172 3159 ipsa
2198 3101 2287 3145 tua
2319 3095 2543 3161 pecunia
2577 3094 2798 3165 proprie
2840 3102 2930 3149 tua
2980 3095 3150 3150 solius
3187 3104 3291 3160 est,
3344 3098 3441 3151 sed

1885 3181 2189 3236 communis
2213 3198 2492 3237 servorum
2518 3193 2759 3249 tuorum,
2791 3192 2844 3238 et
2892 3184 3112 3254 inopum
3153 3195 3316 3254 atque
3342 3185 3442 3240 lio-

1883 3272 2105 3342 spitum.
2138 3270 2245 3327 Fac
2291 3273 2456 3343 igitur
2512 3285 2570 3328 ut
2623 3281 2675 3329 te
2726 3273 3030 3329 beneficum
3093 3275 3441 3344 peculiariter
3526 3318 3529 3319 ν

1883 3362 2142 3418 exhibeas
2164 3365 2218 3417 in
2240 3379 2307 3419 eo
2324 3364 2468 3433 quod
2500 3380 2783 3420 commune
2802 3372 2886 3420 est
2905 3382 2919 3431 ;
2943 3372 3103 3433 atque
3125 3365 3199 3419 ita
3222 3365 3439 3421 demum

1883 3455 1991 3508 eris
2016 3455 2178 3509 animi
2216 3456 2590 3525 magnitudine
2631 3472 2693 3510 ac
2732 3456 3016 3525 prudentia
3055 3457 3441 3511 commendan-

1885 3541 2008 3595 dus.
2638 3570 2641 3571 ν

2470 3633 2545 3687 De
2575 3634 2841 3687 ebrietate.

1954 3721 2157 3791 lteiuge
2184 3724 2610 3778 comessationes
2668 3723 2723 3777 in
2752 3725 2951 3793 quibus
2997 3725 3308 3795 indulgetur
3336 3741 3432 3793 po-

1879 3809 2015 3862 culis
2044 3827 2055 3860 :
2090 3809 2322 3862 ebrietas
2379 3811 2521 3864 enim
2582 3811 2798 3864 inimica
2856 3816 2938 3865 est
2965 3811 3267 3878 prudentiae
3300 3812 3430 3866 :nbi

1877 3900 2021 3952 enim
2083 3914 2233 3953 mens
2261 3913 2290 3952 a
2331 3901 2455 3954 vino
2500 3901 2847 3968 opprimitur,
2893 3899 3034 3972 idem
3062 3899 3111 3953 ei
3143 3901 3430 3972 contingit,

1878 3987 2020 4055 quod
2051 3987 2314 4055 imperitis
2346 3976 2769 4056 aurigatoribus,
2798 3989 3043 4057 quicum
3087 4005 3272 4059 regere
3302 4007 3433 4046 cur~

1877 4091 1994 4128 rum
2048 4076 2315 4139 nesciant,
2352 4086 2408 4130 et
2437 4090 2495 4131 se
2523 4085 2578 4130 et
2635 4092 2765 4132 suos
2814 4092 2984 4148 equos
3039 4078 3145 4132 huc
3196 4080 3431 4149 illucque

1876 4165 2270 4236 circumagunt,
2297 4175 2353 4220 et
2376 4166 2781 4235 spectatoribus
2825 4184 3052 4239 magnos
3108 4171 3252 4224 risns
3280 4173 3431 4225 exci-

1879 4266 2010 4309 tant.
2048 4255 2276 4323 Quando
2328 4265 2509 4312 autem
2560 4273 2712 4313 mens
2741 4259 2814 4312 ita
2836 4258 3023 4313 affecta
3047 4269 3154 4325 est,
3191 4262 3302 4314 fieri
3338 4276 3430 4317 ne-

1877 4351 1994 4415 quit
2035 4348 2166 4417 quin
2207 4347 2424 4403 animus
2452 4348 2622 4402 multa
2651 4356 2983 4419 praepostere
3014 4347 3199 4403 faciat.

2307 4434 2381 4488 De
2418 4437 2586 4489 amica
2632 4439 3007 4505 comparando.

1955 4521 2054 4575 Ubi
2087 4522 2234 4577 voles
2270 4522 2426 4577 facile
2489 4525 2782 4592 quemlibet
2824 4524 3056 4579 amicqu
3081 4526 3177 4579 tibi
3207 4540 3429 4593 compa-

1884 4611 2049 4673 rabis,
2082 4612 2125 4663 si
2147 4612 2213 4666 de
2239 4626 2304 4666 eo
2319 4613 2543 4668 absente
2573 4614 2708 4667 bene
2725 4614 2928 4668 dixeris
2961 4627 3140 4667 coram
3166 4614 3306 4679 aliis,
3336 4617 3428 4684 qui

1880 4699 1930 4752 ei
1959 4702 2320 4755 renuntiaturi
2369 4710 2496 4757 sunt
2534 4720 2546 4755 :
2581 4704 2791 4756 initium
2829 4706 2970 4758 enim
3014 4704 3265 4758 amicitia:
3317 4705 3431 4760 fere

1880 4790 2118 4845 laudatio
2150 4801 2256 4870 est,
2287 4794 2584 4849 inimicitiae
2634 4811 2784 4857 vero,
2816 4797 3163 4864 vituperatio.
3191 4795 3256 4850 Et
3289 4811 3427 4865 quos

1874 4879 1987 4947 jam
2035 4880 2205 4936 habes
2233 4884 2459 4947 amicos,
2484 4900 2579 4941 eos
2603 4886 2647 4939 si
2676 4887 2849 4958 magis
2895 4887 3173 4941 devincire
3201 4887 3296 4940 tibi
3328 4902 3426 4941 vo-

1882 4969 1983 5034 les,
2013 4970 2172 5025 lauda
2202 4973 2452 5028 absentes
2477 4989 2659 5029 coram
2683 4960 2801 5028 aliis
2826 4990 3010 5029 eorum
3042 4976 3262 5038 amicis;
3300 4987 3423 5027 nam

1881 5060 1955 5111 ita
1992 5061 2263 5116 videberis
2301 5073 2594 5129 praesentes
2630 5066 2792 5117 etiam
2847 5062 3071 5115 laudare
3104 5062 3159 5115 in
3183 5062 3424 5116 absenti-

1881 5149 2004 5204 bus.
2036 5150 2251 5205 Amicos
2280 5159 2457 5206 autem
2490 5153 2544 5205 in
2573 5151 2841 5219 angustiis
2889 5160 3050 5218 atque
3098 5151 3151 5204 in
3180 5152 3423 5208 adversis

1882 5240 2044 5293 rebus
2074 5242 2327 5309 explora;
2366 5240 2601 5294 felicium
2667 5242 2808 5294 enim
2845 5240 2999 5296 multi
3055 5251 3181 5297 sunt
3213 5244 3370 5297 amici
3406 5263 3421 5300 ι
3526 5270 3529 5271 ν

1871 5330 1961 5386 sed
2006 5343 2099 5383 eos
2140 5332 2343 5384 amicos
2379 5346 2531 5383 veros
2573 5331 2854 5398 judicato,
2894 5336 2983 5401 qui
3046 5345 3097 5391 te
3143 5354 3248 5391 non
3291 5338 3423 5393 lucri

1869 5430 2032 5470 causa
2069 5415 2316 5491 diligunt,
2362 5418 2453 5470 sed
2502 5429 2714 5485 propter
2762 5422 2931 5489 ipsam
2968 5425 3213 5479 amicitia:
3255 5428 3424 5479 virtu-

1872 5515 1975 5557 tem
2019 5521 2031 5556 :
2079 5504 2180 5558 alia
2239 5506 2379 5558 enim
2436 5508 2687 5563 amicitiae
2733 5512 2966 5579 species,
3026 5530 3144 5582 quin
3195 5518 3420 5584 tempori

1869 5594 2050 5658 servit,
2087 5608 2191 5648 non
2225 5604 2329 5650 tam
2372 5598 2626 5663 amicitia,
2666 5615 2822 5669 quam
2855 5604 3143 5670 negotiatio
3174 5607 3419 5675 qumdam

1870 5700 1989 5741 esse
2021 5695 2257 5753 putatur.

3095 5783 3129 5841 ι)
