3984 6322
632 320 722 402 ta

1776 378 1781 379 ν
1846 338 2115 401 LEONIS
2153 339 2601 402 PHILOSOPHI

3750 338 3823 400 44

629 400 765 511 tulit/
785 444 841 502 in
871 443 1198 505 felicitatem.
1245 443 1435 501 Mulier
1462 400 1674 505 lttaucta,
1717 450 1772 497 et
1807 459 1963 515 pura,
2011 443 2178 514 virgi-
2208 445 2251 509 Α
2281 443 2383 504 fert
2415 444 2647 512 Virginis
2695 452 2901 507 uterus,
2936 444 3306 514 formaturque
3353 442 3421 500 de
3464 444 3826 513 sanguinibus

630 534 748 610 nuis
764 548 796 591 θ
825 532 1175 605 sanguinibus
1198 529 1393 588 Filium
1415 547 1729 604 procreans,
1748 538 1971 604 egenum
2007 535 2173 586 Adam

631 622 949 687 sublevavit,
976 620 1372 694 opulentissimi
1398 621 1529 677 Adae
1565 637 1631 677 ex
1672 639 1737 679 ea
1772 624 1907 689 nati,
1935 638 2056 693 quae
2079 637 2175 677 ett-

634 714 802 776 terius
827 714 1041 769 videtur
1070 709 1276 783 inopia,
1305 713 1449 784 quod
1470 714 1578 769 vile
1599 723 1679 771 est
1702 715 1805 771 sibi
1837 715 2093 775 unieutis,
2123 719 2180 767 et

632 799 747 861 suis
767 801 962 869 opibus
1004 808 1368 871 paupertatem
1420 802 1698 871 erigentis.
1740 800 1872 857 Nam
1910 802 2036 871 quia
2069 801 2178 856 Deo

636 888 836 961 placuit
857 896 1036 944 notam
1081 889 1258 947 facere
1290 891 1714 946 misericordiam
1764 876 1942 956 suam,
1977 891 2183 946 bonita-

635 983 741 1041 tom
768 969 909 1034 ba'nc
937 976 1124 1033 elfudit
1142 977 1373 1044 abunde,
1404 986 1464 1033 ut
1484 993 1544 1035 se
1565 980 1871 1038 ostenderet
1890 992 1997 1033 non
2023 982 2185 1034 modo

636 1065 896 1123 malorum
918 1074 1226 1121 nostrorum
1252 1081 1417 1123 sensu
1445 1069 1667 1132 moveri,
1691 1067 1784 1122 sed
1802 1068 1962 1122 etiam
1988 1068 2043 1121 in
2077 1069 2174 1123 ha-

640 1150 755 1213 bitu
787 1156 1093 1223 peccatoris
1129 1156 1448 1220 demissum,
1485 1171 1594 1227 quo
1628 1157 1743 1211 suis
1774 1156 2063 1212 virtutibus
2103 1172 2187 1212 rex

640 1239 876 1297 medium
903 1244 1073 1299 errori
1121 1243 1360 1309 all‘erret,
1412 1252 1465 1299 et
1497 1244 1804 1301 innocentia
1852 1260 1949 1301 sua
1978 1253 2185 1301 reatum

639 1330 810 1399 culpa:
853 1329 1081 1401 deleret.
1119 1332 1346 1403 Pr0pter
1383 1336 1483 1388 hoc
1528 1335 1682 1389 vulva
1721 1335 1862 1404 capit
1901 1350 2045 1400 eum,
2095 1337 2187 1407 qui

640 1417 791 1474 nulla
840 1433 901 1476 re
936 1421 1170 1491 capitur,
1201 1432 1254 1477 et
1305 1423 1500 1499 pannis
1543 1424 1852 1487 involvitur,
1905 1426 1996 1495 qui
2042 1436 2185 1481 tactu

637 1505 778 1563 liber
803 1518 908 1575 est,
935 1518 989 1566 et
1014 1511 1156 1567 labe.
1186 1512 1430 1582 Deosque
1467 1527 1589 1569 cum
1641 1524 1858 1569 errante
1904 1521 1958 1569 et
2001 1516 2187 1570 exsule

640 1593 978 1659 familiariter
1018 1609 1287 1666 versatur,
1331 1609 1389 1655 ut
1429 1601 1648 1657 reducat
1693 1604 1757 1657 ad
1807 1618 1927 1668 sua,
1971 1618 2188 1660 causam

638 1686 743 1743 rite
768 1698 822 1743 et
852 1690 1063 1759 egregie
1089 1694 1443 1755 transferens,
1475 1710 1595 1762 quze
1643 1708 1727 1750 me
1754 1697 1986 1766 propriis
2034 1694 2182 1753 sedi-

640 1777 744 1836 bus
773 1779 950 1847 ejecit.
978 1779 1053 1835 Ne
1080 1788 1132 1835 te
1154 1781 1330 1851 jactes
1369 1783 1434 1838 de
1462 1782 1671 1850 fraude,
1692 1784 1785 1855 qui
1821 1800 1915 1854 per
1941 1799 2059 1847 eam
2091 1800 2188 1856 ge-

639 1883 744 1924 nus
772 1870 1064 1925 humanum
1109 1871 1407 1938 subjecisti,
1447 1874 1853 1945 subjectumqne
1896 1876 2047 1930 illum
2086 1874 2181 1930 tibi

636 1956 939 2025 reddidisti,
966 1961 1059 2030 qui
1084 1961 1151 2016 ad
1185 1963 1513 2032 regnandum
1539 1964 1754 2020 creatus
1793 1958 1929 2020 erat.
1970 1963 2172 2022 Nobis-

633 2059 755 2102 cum
801 2048 940 2107 Deus
985 2068 999 2105 :
1047 2068 1167 2106 cum
1209 2067 1392 2111 rerum
1445 2056 1627 2125 egenis
1670 2056 1976 2113 auxiliator.
2050 2072 2173 2112 cum

636 2136 1018 2204 impotentibus
1065 2138 1253 2204 fortis,
1303 2158 1426 2197 eum
1475 2145 1709 2200 redactis
1757 2146 1809 2201 in
1867 2147 2179 2202 servitutem

636 2223 912 2291 liberator,
944 2244 1041 2293 per
1061 2243 1219 2297 quem
1249 2232 1410 2285 etiam
1445 2234 1535 2287 liet
1578 2243 1636 2286 ut
1672 2233 1918 2293 ,uefarius
1963 2219 2206 2291 vexatur.

638 2313 754 2367 loco
784 2317 1073 2372 multarum
1100 2328 1286 2374 contra
1319 2334 1419 2374 nos
1456 2321 1649 2374 virium
1680 2336 1791 2377 sua:
1815 2338 2030 2391 qttoque
2084 2340 2182 2393 po-

640 2402 820 2462 tentia:
850 2403 1014 2461 faciat
1038 2405 1329 2471 iacturam,
1366 2408 1492 2461 dum
1528 2409 1562 2461 ii
1592 2426 1729 2477 quos
1777 2412 1892 2480 ipse
1936 2426 1997 2465 se
2029 2400 2211 2465 com?

640 2492 1030 2560 prehensuvum
1082 2504 1297 2565 potente
1345 2512 1502 2551 manu
1546 2499 1701 2568 quasi
1750 2500 1957 2563 nidum,
1990 2514 2181 2568 super-

638 2580 856 2649 bissime
876 2584 1188 2653 iactaverat,
1218 2586 1486 2643 Creatoris
1522 2603 1680 2643 manu
1722 2588 2019 2651 liberantur
2042 2630 2058 2657 ,
2089 2592 2181 2661 qui

636 2671 792 2735 nunc
814 2673 993 2730 infans
1029 2678 1201 2739 visus,
1233 2686 1285 2731 et
1333 2693 1510 2748 pravas
1538 2679 1742 2749 aspidis
1773 2680 2034 2745 foramina
2060 2696 2185 2751 per-

633 2769 906 2817 scrutatus
927 2774 1029 2827 cst,
1055 2766 1497 2836 mortiferumque
1533 2774 1769 2827 enecavit
1808 2772 1992 2837 fetum,
2023 2783 2077 2828 et
2100 2775 2183 2830 vi-

636 2858 745 2902 tam
781 2850 1032 2907 universo
1071 2856 1493 2913 attulitmuudo.
1528 2858 1765 2933 Scitote,
1811 2876 1970 2916 omne
2012 2878 2181 2931 genus

638 2937 935 3005 hominum,
968 2943 1131 2998 Deum
1169 2945 1436 3000 hominem
1470 2949 1694 3016 factum,
1723 2960 1781 3005 ut
1809 2953 1911 3005 sibi
1944 2967 2036 3006 eos
2070 2952 2180 3004 aliis

2281 533 2400 601 ejus
2423 531 2633 602 Opil'ex.
2654 533 2994 602 Quanquam,
3023 543 3076 589 et
3107 535 3229 589 alite
3244 551 3363 590 sese
3389 534 3610 590 offerent
3624 548 3826 600 causa,

2286 622 2483 691 quibus
2512 622 2588 675 rei
2608 619 2771 688 hujus
2795 620 3155 675 consideratio
3191 636 3293 673 non
3322 620 3687 689 perfunctorie
3710 619 3824 672 fiet.

2285 712 2437 766 Nunc
2461 726 2586 768 vero
2612 711 2939 782 cognoscite,
2974 709 3084 763 imo
3116 722 3244 782 vero
3272 722 3663 779 cognoscamus
3689 705 3829 761 Ver-

2284 804 2410 861 bum
2441 804 2493 856 in
2523 780 2743 873 pmsepi
2791 800 3101 855 animalium
3120 780 3338 870 jarens,
3375 799 3489 868 qui,
3519 813 3703 853 errore
3729 797 3831 851 ab-

2285 890 2521 945 ducente
2558 890 2625 944 de
2668 889 2892 944 rationis
2931 896 3097 955 statu,
3134 903 3164 942 a
3197 886 3287 942 Dei
3323 887 3633 959 cognitione
3670 888 3832 956 iunge

2289 980 2596 1034 aberamus.
2627 978 2797 1035 Abeat
2836 994 3007 1045 error,
3030 978 3135 1049 qui
3185 979 3448 1032 hactenus
3490 978 3761 1031 hominem
3796 989 3830 1029 a

2290 1081 2390 1122 suo
2413 1065 2703 1143 Conditore
2748 1066 3005 1137 sejunxit,
3040 1076 3095 1123 et
3141 1068 3397 1124 honorem
3437 1065 3711 1121 Creatoris
3767 1073 3832 1118 ut

2289 1152 2504 1209 offerret
2531 1160 2789 1210 creaturae
2820 1157 3012 1225 suasit,
3028 1154 3128 1223 Qui
3154 1158 3221 1211 ab
3255 1172 3361 1210 uno
3392 1168 3521 1210 vero
3542 1152 3650 1209 De'o
3677 1168 3833 1209 crea-

2295 1252 2467 1298 turam
2502 1243 2840 1312 abstrahens,
2874 1246 3047 1299 turbis
3074 1244 3295 1307 deorum
3342 1232 3685 1313 subjiciebat,
3703 1256 3832 1296 cum

2293 1346 2398 1388 non
2414 1331 2572 1386 modo
2598 1332 2714 1387 alia:
2731 1342 2993 1389 creatura:
3013 1336 3066 1389 in
3089 1335 3324 1389 divinam
3352 1333 3662 1404 dignitatem
3692 1332 3837 1386 male

2296 1421 2364 1475 ab
2394 1420 2699 1476 hominibus
2726 1423 3101 1490 evehereutur,
3129 1424 3224 1480 sed
3256 1424 3333 1478 illi
3365 1424 3467 1478 Sibi
3502 1423 3665 1479 etiam
3688 1421 3835 1477 divi'

2297 1510 2517 1565 nitatem
2557 1510 2875 1576 tribuerent,
2906 1522 2961 1567 et
2995 1512 3214 1582 proinde
3249 1506 3529 1571 sexcentos
3556 1511 3838 1581 confinge-

2298 1606 2417 1654 rent
2464 1598 2635 1663 deos,
2682 1609 2736 1652 et
2788 1614 2924 1669 quos
2974 1600 3166 1663 liberet
3210 1599 3486 1656 divinitate
3546 1600 3837 1661 donarent-

2292 1686 2455 1754 Quasi
2486 1695 2754 1757 oporteret
2786 1700 2890 1743 non
2938 1686 3095 1742 modo
3125 1704 3224 1743 nos
3252 1703 3280 1742 a
3310 1687 3419 1743 Deo
3447 1682 3634 1756 procul
3660 1700 3785 1753 esse
3811 1726 3832 1755 ,

2294 1794 2477 1836 verum
2534 1766 2695 1840 etiam
2757 1780 3037 1849 tyrannica
3096 1777 3262 1835 Deum
3309 1781 3629 1850 cpprintere.
3688 1778 3837 1835 Proh

2300 1869 2548 1943 nequitias
2571 1868 2971 1925 institutorem!
3014 1868 3105 1925 ille
3134 1869 3203 1925 ab
3236 1870 3389 1926 initio
3428 1869 3529 1925 hoc
3559 1870 3843 1940 excogita-

2290 1956 2384 2019 vit,
2410 1948 2469 2010 ut
2494 1955 2689 2012 similis
2733 1955 3013 2011 Altissimo
3045 1956 3217 2011 fieret.
3269 1957 3363 2013 ille
3406 1957 3698 2023 hominem,
3724 1956 3844 2012 cla-

2290 2063 2408 2102 rum
2436 2046 2630 2103 divinas
2654 2047 2886 2104 dextera:
2910 2047 3280 2113 simulacrum,
3300 2064 3404 2104 non
3435 2049 3609 2105 soluat
3632 2049 3840 2103 amanti

2285 2136 2558 2197 inimicum
2588 2135 2819 2192 reddidit
2860 2149 2956 2208 per
3005 2138 3484 2207 transgressionem
3516 2136 3783 2207 praecepti
3814 2174 3835 2200 ,

2288 2227 2382 2285 sed
2404 2226 2479 2281 illi
2512 2226 2681 2281 etiam
2719 2227 3053 2284 constituens
3088 2227 3478 2294 adversarium,
3506 2226 3839 2285 imitatorem

2287 2316 2370 2373 sui
2403 2315 2549 2379 fecit,
2588 2314 2885 2381 suadendo,
2914 2325 2974 2370 ut
3001 2316 3237 2371 divinam
3273 2318 3378 2372 sibi
3403 2316 3714 2387 dignitatem
3741 2331 3841 2379 ar-

2290 2408 2506 2475 riperet.
2538 2404 2602 2461 Et
2631 2407 2716 2460 hic
2744 2405 2958 2475 quidem
3001 2406 3135 2462 deus
3174 2416 3312 2471 erat,
3351 2407 3478 2477 quia
3513 2406 3663 2477 gravi
3697 2419 3840 2462 usus

2292 2509 2475 2557 inanu,
2506 2493 2807 2565 tyrannidis
2845 2495 2920 2558 vi,
2962 2493 3084 2550 aliis
3122 2494 3472 2549 excellentior
3500 2494 3693 2551 evasit.
3738 2490 3841 2549 Ille

2289 2600 2413 2640 vero
2460 2588 2617 2648 deus,
2664 2584 2808 2655 quod
2858 2593 3135 2650 cruentus,
3176 2583 3563 2659 hominumque
3597 2581 3843 2639 adibus

2287 2677 2534 2748 insignis,
2572 2694 2729 2733 manu
2780 2679 2881 2741 sibi
2915 2679 2979 2731 ad
3008 2675 3336 2732 fundendum
3383 2676 3696 2744 sanguinem
3734 2690 3838 2746 pa:

2288 2769 2501 2823 ratiore.
2533 2769 2682 2827 Alius
2707 2783 2921 2838 quoque
2964 2756 3118 2829 deus,
3141 2766 3282 2836 quod
3331 2767 3445 2821 acri
3489 2765 3651 2821 fuerit
3681 2763 3839 2835 inge-

2284 2860 2395 2923 nio,
2426 2865 2480 2914 et
2510 2840 2703 2913 auctor
2738 2857 2969 2928 alicujus
3017 2857 3219 2912 inventi
3258 2855 3669 2918 admirationem
3718 2868 3839 2910 me-

2286 2951 2476 3007 ruerit.
2512 2945 2818 3003 Honoretur
2855 2955 2910 3004 et
2954 2946 3288 3012 muliercula,
3324 2945 3465 3015 quod
3511 2945 3687 3000 crines
3710 2954 3841 3014 apte

634 3041 731 3084 nes
762 3027 982 3095 faceret,
1011 3032 1101 3099 qui
1136 3031 1204 3087 ab
1250 3035 1369 3103 ejus
1424 3035 1678 3093 aliinitate
1716 3040 2067 3105 deciderant;
2121 3044 2177 3094 ut
2202 3040 2247 3102 C
2276 3047 2519 3110 comptos
2542 3047 2920 3109 contorqueat,
2948 3046 3002 3095 et
3036 3038 3171 3104 alia,
3202 3037 3347 3108 quod
3388 3037 3616 3110 eleganti
3650 3036 3841 3106 specie

636 3120 870 3181 humana
900 3138 1053 3178 mens
1082 3125 1147 3180 ad
1192 3128 1331 3180 mala
1365 3130 1641 3197 proclivis,
1668 3147 1843 3200 neque
1874 3148 1937 3188 eo
1975 3141 2185 3202 tantum

637 3210 780 3264 malo
810 3211 1085 3275 laborans,
1118 3213 1211 3266 sed
1258 3229 1358 3269 nec
1402 3216 1565 3269 etiam
1596 3219 1835 3274 sentiens
1867 3222 1929 3274 ad
1962 3224 2098 3276 mala
2129 3240 2189 3281 se

637 3294 786 3359 ferri,
813 3311 984 3365 neque
1016 3314 1073 3352 se
1096 3300 1365 3353 dominam
1397 3305 1655 3359 motionis
1680 3314 1943 3370 statuens,
1971 3310 2061 3363 sed
2096 3312 2183 3364 ba-

641 3384 809 3443 bcnas
847 3399 1037 3440 omnes
1075 3401 1290 3441 sursum
1340 3390 1637 3457 trahentes,
1686 3395 1986 3455 excutiens,
2023 3397 2187 3464 veluti

638 3485 778 3536 onus
809 3480 862 3525 et
890 3474 1103 3541 pondus
1151 3478 1405 3540 otiosum,
1452 3478 1824 3539 circumducta
1876 3497 1970 3550 per
2013 3486 2187 3541 malo-

640 3572 760 3615 rum
790 3572 1011 3629 campos
1039 3574 1071 3615 a
1100 3576 1281 3638 carne,
1312 3563 1469 3631 cujus
1500 3551 1614 3635 ipsa
1639 3566 1797 3622 debet
1820 3583 1939 3624 eSse
1961 3572 2183 3642 auriga;

638 3648 775 3710 haec,
802 3647 1045 3718 inquam,
1081 3666 1234 3711 mens
1258 3652 1460 3709 divinas
1494 3658 1658 3712 menti
1685 3659 1851 3724 unita,
1882 3668 1938 3724 ut
1964 3665 2186 3720 sentiret

640 3740 693 3791 in
744 3739 831 3792 illa
864 3754 984 3809 qua;
1022 3756 1180 3808 passa
1229 3741 1479 3807 fuerit,rt
1524 3761 1617 3815 per
1645 3748 1804 3814 hujus
1831 3764 2035 3818 vocem,
2063 3767 2183 3822 qua:

637 3833 853 3894 propter
889 3830 1239 3887 reverentiam
1269 3833 1611 3887 exaudiretur
1640 3850 1669 3888 a
1693 3834 2006 3902 Parente,ct
2031 3840 2182 3897 auxi-

637 3914 768 3968 lium
798 3914 993 3970 divium
1023 3917 1277 3973 bonitatis
1314 3922 1669 3989 experiretur.
1704 3924 1768 3979 Et
1792 3943 1922 3983 sane
1961 3930 2178 3999 quidem

636 4001 754 4065 sine
781 4016 946 4059 carne
992 4008 1153 4060 etiam
1182 4007 1343 4065 facile
1368 4020 1484 4065 erat
1514 4016 1807 4070 constituto
1839 4018 1893 4073 in
1926 4022 2179 4090 periculis

636 4101 893 4159 praestare
937 4095 1216 4149 auxilium.
1264 4096 1400 4164 Quid
1453 4101 1595 4154 enim
1656 4102 1762 4158 Deo
1811 4092 2026 4164 volente
2070 4125 2177 4165 non

635 4174 729 4235 flat
753 4180 776 4231 ’ἒ
800 4178 936 4242 Quia
957 4189 1135 4235 tamen
1174 4198 1309 4248 opus
1336 4194 1451 4237 erat
1478 4201 1601 4240 eum
1632 4191 1723 4256 qui
1770 4204 2100 4260 peccaverat.
2126 4207 2182 4250 et

635 4278 697 4324 se
731 4266 872 4333 quod
913 4279 1195 4333 peccasset
1230 4283 1541 4336 agnoscere,
1591 4277 1923 4345 vocibusque
1969 4282 2180 4338 miseri-

636 4353 881 4413 cordiant
932 4354 1344 4423 implorantibus
1393 4358 1607 4425 expiare
1663 4370 1985 4430 peccatum,
2038 4370 2178 4436 quod

635 4456 792 4498 mens
816 4442 1197 4519 humana‘non
1245 4454 1473 4512 poterat,
1498 4455 1556 4525 ut
1583 4463 1701 4517 qua:
1731 4451 1783 4503 in
1820 4452 2037 4524 pelagus
2066 4457 2187 4513 rita:

635 4532 846 4587 ratione
890 4534 1125 4588 carentis
1168 4535 1447 4593 submersa
1491 4548 1645 4591 erat:
1680 4539 1885 4597 idcirco
1922 4552 2030 4600 tota
2068 4549 2184 4617 ipsa

634 4619 813 4677 divina
855 4638 1006 4677 mens
1054 4623 1199 4679 unita
1246 4625 1478 4678 extrahit
1522 4626 1675 4681 "illam
1719 4629 1786 4686 de
1836 4632 2183 4697 absurdo‘ir-

637 4711 919 4767 rationalis
981 4714 1101 4767 vita:
1159 4725 1344 4775 statu,
1403 4714 2035 4793 deprecantemquepro
2090 4729 2178 4782 ilia

635 4813 818 4853 vocem
877 4802 1150 4869 etuittens,
1204 4818 1298 4871 per
1357 4805 1437 4857 sui
1502 4810 1850 4869 reverentiam
1895 4813 2057 4881 facit,
2114 4827 2173 4872 ut

636 4890 898 4943 malorum
936 4892 1092 4947 nobis
1113 4892 1281 4951 series
1332 4895 1385 4948 in
1431 4909 1592 4964 Opera
1629 4900 2007 4959 misericordim
2032 4909 2173 4965 desi-

633 4987 744 5047 nat.
776 4980 985 5042 idcirco
1024 4982 1327 5041 Divinitatis
1359 4985 1526 5055 (reor)
1573 4986 1750 5059 ignem
1784 4991 2176 5060 intolerandum

612 5238 685 5310 ξς
733 5229 1429 5310 origometngausqcogitati
1452 5251 1470 5298 ;
1511 5237 1579 5291 ab
1632 5238 1867 5297 Ecclesia
1905 5247 2084 5303 Grmca
2119 5250 2171 5305 in

634 5296 849 5349 Mettmis
872 5297 958 5370 die
990 5300 1059 5370 27
1089 5298 1230 5370 Maii,
1264 5300 1423 5369 Origo
1452 5296 1689 5360 cerarum
1722 5296 2169 5370 mundiirilnritu:

634 5375 779 5445 91m}
812 5365 933 5445 is:
981 5365 1710 5445 4"“3'39“."d'icPiScopo
1753 5365 2168 5440 Antioche-novin

632 5436 778 5515 tirat.
823 5432 856 5483 2
897 5434 1451 5515 tie-{tuttunliationeL
1467 5432 1627 5512 Origo
1644 5432 1829 5511 'prt'ma
1868 5432 2167 5515 (mliti-tre};

739 5498 945 5582 Joa‘nne
970 5502 1293 5582 Damasus-no
1318 5507 1371 5560 in
1405 5498 1618 5582 blecwis
1656 5498 2169 5575 lirzccorum'dic'lg

639 5568 752 5637 τξςξῃ,
815 5568 968 5640 Oriqa
1023 5573 1247 5627 omnium
1291 5580 1683 5648 amwnitatum;
1729 5585 1796 5639 ab
1855 5568 2167 5645 Innocentio

2274 3129 2504 3184 lascivos
2551 3128 2827 3198 deceperit
2870 3138 2923 3185 et
2967 3130 3248 3184 attraxerit
3307 3138 3596 3193 amatores,
3632 3134 3689 3182 et
3732 3142 3841 3196 pro

2277 3216 2522 3272 mercede
2538 3219 2827 3272 meretricii
2865 3210 3208 3289 las'ciﬁaeque
3231 3221 3298 3274 ab
3342 3220 3407 3273 iis
3439 3218 3705 3288 acceperit
3729 3232 3836 3271 nu-

2278 3306 2472 3361 merari
2503 3308 2643 3361 inter
2668 3305 2823 3363 deos.
2853 3309 3003 3363 Alius
3048 3309 3151 3363 alia
3183 3302 3394 3364 ratione
3419 3313 3471 3363 in
3498 3311 3722 3365 deorum
3753 3308 3841 3366 al-.

2281 3396 2412 3456 bum
2460 3396 2769 3452 ascribitur.
2819 3397 2895 3452 Ita
2946 3398 3213 3455 Saturnus
3258 3401 3537 3470 tyrannica
3581 3415 3742 3455 manu
3775 3400 3838 3454 in

2280 3493 2485 3555 patrem
2518 3487 2826 3558 insurgens,
2861 3503 2966 3541 non
3002 3489 3160 3543 modo
3190 3490 3415 3544 nudavit
3457 3491 3704 3560 imperio,
3732 3489 3839 3545 sed

2282 3575 2620 3632 naturalibus
2648 3590 2862 3647 quoque
2895 3578 3126 3642 orbavit,
3159 3592 3221 3632 ea
3242 3578 3560 3647 praecidens,
3586 3593 3678 3645 per
3711 3594 3842 3646 qum

2275 3666 2333 3719 in
2362 3665 2536 3720 lucem
2567 3675 2650 3720 est
2687 3667 2888 3733 editus,
2920 3674 2976 3721 ct
3006 3667 3231 3735 proinde
3261 3682 3291 3722 e
3322 3668 3537 3737 tyranni
3571 3667 3841 3735 dignitate

2274 3760 2329 3815 in
2368 3756 2453 3811 dei
2502 3758 2836 3826 majestatem
2890 3767 3109 3811 evectus
3152 3766 3256 3812 est.
3296 3755 3373 3811 ita
3422 3768 3714 3827 prognatus
3752 3771 3828 3812 ex

2275 3861 2342 3902 eo
2381 3844 2612 3915 Jupiter,
2652 3847 2860 3916 paterni
2899 3848 3065 3903 animi
3106 3848 3293 3911 haeres.
3331 3848 3491 3903 simili
3538 3847 3697 3903 modo
3741 3848 3836 3903 dei

2279 3942 2503 3991 nomen“
2517 3937 2745 3992 sortitus
2779 3947 2882 3993 est.
2912 3938 2977 3992 Et
3015 3936 3155 3997 Mars
3195 3937 3414 4007 pariter,
3439 3936 3581 4007 quod
3624 3944 3838 4001 morta-

2274 4029 2405 4081 lium
2434 4029 2629 4096 stragis
2652 4035 2861 4089 auctor,
2895 4027 2948 4081 in
2977 4027 3201 4083 deorum
3244 4028 3488 4083 ordinem
3523 4012 3835 4096 coOptatus,

2272 4114 2338 4170 Et
2374 4115 2694 4179 Mercurius,
2724 4115 2870 4185 quod
2902 4118 3112 4173 caeteris
3141 4117 3356 4172 dicendi
3405 4128 3522 4174 arte
3553 4116 3836 4186 praecelle-

2277 4215 2383 4269 ret,
2414 4207 2527 4275 ipse
2560 4221 2778 4276 quoque
2804 4206 3117 4262 numinibus
3146 4208 3381 4262 insertus
3410 4215 3511 4261 est.
3541 4205 3838 4275 Dionysius

2281 4306 2496 4361 quoque
2515 4293 2658 4361 quod
2693 4295 2837 4347 roris
2871 4308 2964 4349 cor
2983 4294 3311 4350 emollientis
3340 4295 3422 4364 (ut
3455 4294 3669 4365 gentilis
3700 4294 3836 4363 qui-

2281 4378 2401 4431 dam
2449 4379 2707 4446 sapientia
2738 4382 2917 4433 clarus
2948 4379 3104 4449 dixit)
3143 4383 3390 4436 inventor
3417 4383 3603 4442 fuerit,
3624 4383 3839 4442 divini.

2280 4466 2575 4521 honoribus
2604 4466 2802 4535 dignus
2847 4475 2929 4521 est
2967 4469 3201 4523 habitus.
3240 4469 3382 4530 Sane
3420 4471 3532 4526 haec
3557 4472 3839 4540 allegoriis

2275 4563 2559 4625 contegere
2584 4569 2650 4608 ne
2688 4563 2951 4609 conentur
2982 4555 3204 4624 gentiles
3222 4593 3238 4622 ,
3273 4555 3565 4611 Saturnum
3594 4559 3646 4611 in
3675 4559 3836 4625 Tem-

2275 4658 2376 4713 pus
2400 4642 2751 4713 escipientes,
2778 4650 2829 4697 et
2872 4640 3148 4699 fabulosus
3180 4659 3359 4701 rerum
3396 4644 3648 4716 praesides
3669 4646 3836 4705 indu-

2275 4742 2484 4797 centes,
2518 4734 2613 4803 qui
2651 4733 2767 4787 heri
2814 4741 2866 4787 et
2904 4748 3077 4803 nuper
3097 4750 3219 4789 cum
3252 4748 3434 4793 essent
3472 4738 3738 4801 homines,
3770 4739 3832 4795 in

2275 4827 2407 4885 deos
2442 4824 2690 4879 translati
2725 4831 2853 4879 sunt
2887 4843 2899 4879 :
2934 4840 3057 4885 nam
3094 4826 3173 4881 sic
3198 4828 3359 4883 etiam
3399 4830 3627 4884 absurda
3662 4829 3834 4898 nimis

2273 4927 2399 4973 sunt
2428 4932 2548 4986 qua:
2575 4914 2894 4970 aileruntur.
2924 4917 3167 4974 Attamen
3191 4920 3258 4976 ad
3292 4920 3403 4977 haec
3436 4923 3532 4988 illi,
3560 4931 3619 4978 ut
3653 4926 3834 4981 hone-

2284 5007 2478 5081 stiora,
2513 5018 2853 5074 nequaquam
2891 5007 3224 5078 confugiant,
3254 5014 3347 5074 sed
3375 5014 3492 5069 sine
3516 5023 3834 5087 tegumenta

2106 5158 2334 5218 nom.
3033 5148 3060 5167 ‘

2273 5266 2406 5328 papa
2467 5251 2553 5317 ill,
2614 5254 2863 5328 serm._2
2907 5237 3283 5328 degssumpt‘.
3322 5258 3482 5328 Origo
3528 5257 3825 5328 sa!utis,_ct

2276 5318 2567 5402 uirtutum;
2595 5318 2955 5409 auiaco'bo'de
2970 5318 3258 5409 __\loLagine
3296 5318 3700 5409 archiepiscopo
3716 5318 3826 5408 41a-

2277 5391 2469 5465 nueusi
2524 5392 2578 5442 in
2625 5389 2827 5465 Mariali
2860 5390 2921 5447 ι.
2967 5394 3046 5465 M._
3077 5389 3253 5449 Sevrm.
3280 5397 3349 5465 _2.
3400 5389 3556 5465 Origo
3588 5389 3825 5451 omnium

2269 5460 2560 5528 gratiarum
2578 5458 2881 5528 ;_denique
2928 5476 2957 5515 a
3017 5462 3223 5517 Joanne
3278 5463 3405 5517 Pico
3456 5458 3823 5519 carthusiano

2270 5526 2363 5579 lib.
2408 5541 2447 5601 t_
2484 5528 2537 5579 in
2590 5526 2913 5601 Ca_nt._cao.
2981 5532 3034 5587 2.
3091 5530 3251 5601 Origo
3299 5533 3547 5587 bonorum
3583 5534 3819 5588 omnium

2271 5595 2545 5661 mundique
2569 5594 2823 5671 "ultoris.
3016 5600 3019 5604 ’
