3980 6330
225 382 297 449 l5

1055 389 1331 452 ORATIO
1356 392 1421 452 V.
1447 415 1513 426 -
1552 391 1631 451 IN
1667 392 1970 452 CHRISTI
2003 391 2508 457 NATIVITATEM
2540 397 2619 457 ll.

3350 358 3424 465 '46

226 490 502 562 allegoriae
534 491 680 548 nuda
717 507 836 551 esse
864 495 1169 564 permittam
1204 513 1217 547 :
1249 510 1279 548 a
1310 494 1648 551 Phoenicibus
1680 498 1789 564 pri-
1813 497 1863 557 Α
1887 484 2007 549 nem
2039 510 2415 565 personarum,
2444 498 2722 554 distinctio
2755 517 2971 573 quoque
2999 514 3312 559 naturarum
3336 522 3419 562 se-

229 584 336 637 mis
363 582 423 652 (ii
462 583 610 637 enim
640 583 896 649 Saturno,
938 584 1091 638 uxori
1122 592 1175 639 et
1208 584 1423 654 reliqua:
1447 581 1658 639 familias
1684 601 1781 639 au-

226 678 415 726 ctores
436 670 609 737 fuere,
660 679 719 724 ut
745 673 817 727 dii
846 673 1263 741 nominarentur)
1283 673 1554 727 veritatem
1569 672 1782 727 discen—

224 766 337 822 tes,
364 760 456 829 qui
488 775 551 814 ex
584 761 891 816 hominibus
929 760 1106 830 primi,
1138 760 1248 814 aris
1286 768 1340 815 et
1367 760 1645 817 sacriﬁciis
1684 762 1780 817 bo-

164 924 169 925 γ
230 858 490 905 norantes
523 851 645 905 illos
676 852 785 905 vita
817 850 1048 911 functos,
1089 848 1320 918 posteris
1364 851 1662 921 exemplum
1691 867 1775 906 re-

235 936 523 1008 liquerunt
556 942 761 995 cultum
805 939 872 993 iis
913 938 1232 1006 insipienter
1259 938 1552 995 deferendi.
1583 940 1777 996 Eodem

226 1026 399 1095 plane
426 1029 585 1084 modo
604 1039 657 1083 et
688 1028 923 1083 Minerva
941 1029 1183 1085 crinibus
1218 1029 1351 1085 bene
1383 1032 1652 1087 contortis
1685 1033 1803 1110 lia-'

222 1109 393 1173 betur
422 1133 521 1186 pro
533 1119 651 1182 dea,
677 1132 984 1188 quanquam
1007 1120 1320 1190 parentibus
1345 1135 1450 1175 non
1475 1121 1780 1177 illustribus

226 1218 533 1277 prognata;
575 1208 699 1264 licet
730 1224 849 1263 eam
890 1209 1114 1279 gentiles
1148 1224 1179 1265 e
1204 1224 1415 1266 summo
1454 1212 1653 1268 vertice
1690 1228 1784 1270 or-

225 1306 347 1353 tam
370 1297 634 1353 as'serant.
684 1296 747 1352 Et
779 1296 958 1355 Venus
1000 1299 1119 1354 loco
1148 1299 1389 1354 muneris
1417 1299 1515 1355 dea
1561 1300 1662 1354 fuit
1690 1315 1781 1356 eo-

225 1399 359 1440 rum
395 1385 671 1457 sull'ragiis
715 1389 806 1457 qui
836 1403 961 1442 cum
1002 1402 1066 1443 ea
1105 1386 1381 1442 libidinem
1409 1388 1733 1443 exercebant
1769 1409 1783 1445 :

223 1483 283 1529 et
322 1468 494 1529 ratum
526 1476 755 1532 habetur
794 1478 1091 1544 decretum,
1132 1477 1258 1547 quia
1306 1476 1783 1554 lascivispiac‘uit,

225 1564 381 1646 Pana
400 1579 635 1635 quoque,
663 1566 1001 1638 cornigerum
1041 1570 1135 1636 qtti
1162 1567 1370 1635 primus
1402 1564 1621 1619 ovillum
1666 1565 1772 1619 dux

224 1653 358 1717 fuit,
388 1655 637 1726 legesque
672 1656 960 1727 pastoralis
1011 1671 1156 1721 curre
1207 1654 1464 1718 ostendit,
1493 1668 1698 1708 necnon
1731 1666 1780 1711 et

227 1742 411 1815 Apim,
428 1755 482 1799 et
508 1744 644 1810 lbes,
671 1753 724 1800 et
751 1755 976 1800 caeteras
992 1745 1192 1801 bestias
1215 1742 1377 1800 ccetui
1396 1744 1616 1796 deorum
1644 1743 1780 1798 asci-
1813 1790 1833 1815 _,

1886 585 2093 653 quitur,
2134 587 2236 640 sibi
2268 602 2481 657 quoque
2503 590 2868 654 adinveuiant,
2910 592 3037 662 quid
3073 594 3267 663 cuique
3295 595 3423 649 insit

1887 684 2111 739 natura,
2138 685 2195 729 ut
2224 677 2299 729 sic
2322 674 2641 732 Trinitatem
2673 678 2938 746 fugientes
2970 683 3211 737 eamdem
3236 683 3419 738 multi-

1886 764 2104 834 plicent.
2145 763 2299 829 Quod
2339 767 2385 821 si
2423 767 2582 822 etiam
2626 782 2746 838 quae
2769 769 2995 824 diversae
3037 779 3164 823 sunt
3190 780 3415 837 naturae,

1894 853 2090 907 habent
2121 852 2273 922 plane
2289 867 2396 923 quo
2411 852 2809 924 distinguantur
2828 872 2858 909 a
2886 870 2943 910 se
2964 856 3213 917 invicem,
3235 871 3417 911 amen.

1886 941 1976 995 tia:
2005 940 2095 995 Dei
2127 952 2372 995 naturam
2404 941 2650 998 librantis
2678 944 2801 1008 erit,
2846 944 2977 998 illud
3017 958 3228 1013 quoque
3265 947 3415 1011 dare,

1886 1044 1992 1100 quo
2036 1044 2194 1084 unam
2235 1030 2355 1099 ejus
2393 1039 2637 1088 naturam
2671 1033 2726 1087 in
2755 1040 2865 1087 tres
2905 1033 3235 1090 discernunt.
3281 1033 3413 1090 Nam

1885 1118 2178 1188 ingenitum
2216 1129 2269 1171 et
2312 1118 2547 1188 genitum
2593 1135 2701 1176 non
2740 1130 2824 1177 est
2847 1136 2944 1176 cur
2992 1120 3057 1175 ad
3100 1132 3415 1176 naturarum

1886 1206 2284 1261 distinctionem
2348 1216 2650 1278 proponant
2691 1226 2706 1263 :
2749 1208 3182 1279 quandoquidem
3230 1210 3313 1263 vel
3358 1208 3414 1263 in

1872 1297 2019 1366 ipsis
2044 1297 2355 1365 compositis
2376 1335 2394 1363 ,
2422 1308 2476 1353 et
2501 1298 2816 1354 divisionem
2856 1298 3259 1355 admittentibus
3302 1300 3416 1353 haec

1890 1398 1996 1440 non
2034 1392 2163 1440 sunt
2191 1392 2416 1441 naturas
2445 1386 2861 1457 distinguentis,
2893 1401 3067 1457 neque
3106 1386 3161 1440 in
3201 1385 3411 1441 diversa

1888 1480 2094 1536 secant,
2126 1474 2267 1542 quod
2297 1489 2459 1528 unum
2489 1484 2591 1529 est.

1958 1556 2153 1614 Verum
2184 1560 2259 1614 illi
2286 1573 2587 1629 nugentur;
2624 1578 2721 1616 nos
2752 1572 2927 1616 autem
2958 1561 3213 1616 adeamus
3255 1559 3416 1615 Belb-

1888 1650 2020 1704 leem
2055 1652 2227 1721 magni
2251 1652 2462 1708 consilii
2487 1651 2662 1708 Patris
2686 1652 2941 1721 Angelnm
2971 1658 3151 1705 nostra
3170 1650 3411 1705 indutum

1890 1738 2059 1791 forma
2097 1741 2474 1808 conspecturi,
2517 1754 2674 1809 quem
2720 1755 2787 1793 ex
2827 1748 2978 1793 utero
3016 1740 3251 1809 genitum
3291 1749 3414 1793 ante

224 1846 418 1898 scunt,
449 1849 746 1902 eorumque
778 1836 1088 1905 religionem
1131 1836 1285 1905 quasi
1317 1837 1539 1891 deorum
1575 1834 1783 1903 magni-
1812 1810 1858 1869 Β
1886 1826 2188 1882 Luciferum
2214 1864 2229 1891 ,
2264 1841 2405 1883 nunc
2442 1828 2697 1882 misertus
2730 1831 2931 1891 nostri,
2973 1830 3230 1884 dematre
3262 1829 3410 1882 nasci

227 1917 461 1975 faciunt.
487 1919 585 1974 Cui
616 1919 775 1987 signa
811 1920 972 1974 etiam
1015 1921 1159 1983 data,
1203 1934 1364 1975 causa
1399 1922 1467 1975 ob
1499 1933 1657 1990 quam
1685 1919 1778 1974 de—

225 2003 343 2058 lata
380 2013 461 2058 est
495 2004 572 2057 illi
610 2005 867 2079 dignitas,
909 2003 1111 2068 fistula,
1166 2011 1220 2057 ct
1279 2018 1473 2067 cornu,
1505 2012 1557 2058 et
1586 2003 1778 2072 pedum

226 2090 578 2160 caprinorum
628 2089 876 2145 mistura.
923 2088 1094 2145 Osiris
1133 2105 1348 2160 quoque
1398 2090 1584 2147 eodem
1624 2092 1778 2145 titulo

227 2175 303 2229 ab
330 2175 398 2228 iis
422 2174 782 2240 renuntiatur,
798 2174 1053 2245 quoniam
1075 2174 1365 2231 calliditate
1383 2190 1514 2232 usus
1529 2189 1656 2232 suos
1677 2177 1779 2232 sibi

230 2259 422 2337 hostes
445 2262 658 2332 subegit
690 2263 834 2325 telis,
858 2278 967 2318 non
987 2270 1047 2318 ut
1071 2270 1245 2328 erant,
1264 2265 1348 2319 sui
1380 2266 1619 2335 speciem
1654 2263 1779 2320 οσο-

230 2352 500 2414 rentibus,
541 2351 635 2409 sed
662 2353 939 2408 veritatem
972 2353 1151 2425 aliqua
1177 2370 1243 2410 ex
1264 2365 1414 2425 parte
1450 2356 1771 2411 celantibus.

230 2438 390 2497 Unde
436 2443 637 2527 factum
689 2449 747 2497 ut
794 2441 950 2498 facile
987 2445 1127 2515 capti
1175 2447 1304 2511 sint,
1338 2448 1531 2517 quibus
1570 2447 1777 2501 insidiae

227 2536 434 2602 paratae
458 2542 614 2588 erant
643 2548 709 2588 eo
752 2533 896 2604 quod
927 2534 1108 2590 dolum
1145 2552 1254 2591 non
1292 2537 1659 2607 cognoverint,
1708 2536 1779 2590 si-

224 2621 394 2695 bique
441 2636 551 2677 non
619 2622 1005 2687 consuluerint,
1052 2624 1146 2679 sed
1198 2625 1253 2679 in
1303 2624 1597 2694 periculum
1645 2637 1764 2679 sese

228 2716 443 2766 temere
490 2708 840 2777 conjecerint.
898 2712 1086 2766 Verum
1143 2712 1196 2766 in
1248 2711 1332 2767 bis
1371 2710 1578 2781 quidem
1620 2710 1778 2765 homo

228 2796 455 2853 vanitati
491 2800 819 2855 inserviebat
842 2838 858 2865 ,
903 2815 968 2855 ea
999 2800 1238 2856 sentiens
1276 2814 1395 2869 qua:
1418 2797 1495 2853 illi
1523 2814 1556 2853 a
1580 2800 1772 2870 quibus

230 2886 287 2941 in
314 2889 628 2991 servitutem
655 2887 905 2944 redactus
937 2897 1073 2944 erat.
1104 2887 1285 2958 Neque
1310 2888 1451 2944 enim
1478 2888 1589 2943 iieri
1620 2894 1770 2957 pote-

234 2987 325 3031 rat
352 2979 485 3049 quin
516 2977 584 3043 is‘,
608 2979 700 3047 qui
727 2994 913 3037 verum
943 2977 1109 3033 Deum
1146 2977 1501 3047 ignoraverat,
1521 2977 1595 3031 ita
1626 2984 1770 3032 esset

233 3064 487 3131 euectus,
528 3076 587 3121 ut
608 3067 717 3143 sibi
750 3068 881 3124 deos
908 3073 1138 3133 crearet,
1173 3080 1270 3120 nec
1294 3064 1451 3119 linem
1481 3064 1647 3119 ullum
1673 3067 1768 3121 ba-

232 3156 389 3212 beret
421 3173 529 3223 prie
557 3157 897 3228 ignorantia,
931 3159 1025 3214 sed
1056 3157 1124 3212 ad
1151 3156 1437 3220 deteriora,
1461 3155 1604 3211 velut
1629 3158 1769 3221 unda

232 3244 529 3312 deﬂueret,
575 3245 781 3303 eifusus
815 3248 925 3318 jam
969 3263 999 3301 a
1051 3247 1159 3302 veri
1199 3245 1439 3300 Numinis
1479 3246 1770 3314 agnitione.

228 3332 501 3389 Ceterum
573 3334 997 3394 administrantis
1051 3337 1230 3390 omnia
1303 3334 1755 3406 praepotentisque

231 3420 333 3477 Dei
379 3432 575 3479 munus
619 3432 779 3487 erat,
812 3423 881 3479 de
933 3423 1106 3479 salute
1151 3423 1233 3479 sui
1266 3421 1473 3492 'opiiicii
1516 3424 1770 3491 cogitare,

234 3512 452 3583 sibique
475 3514 576 3568 soli
613 3515 1018 3569 convenientem
1056 3514 1282 3584 gloriam
1314 3512 1419 3568 non
1447 3514 1775 3582 permittere,

216 3612 299 3658 ut
327 3605 448 3660 aliis
467 3605 820 3667 tribueretur,
854 3605 946 3659 sed
975 3604 1078 3659 sibi
1102 3602 1316 3679 quidem
1338 3616 1655 3671 recuperare
1679 3604 1775 3655 ho-

233 3709 428 3753 norent
455 3734 472 3760 ,
510 3693 651 3750 ferre
692 3707 823 3748 vero
849 3693 1010 3745 etiam
1045 3706 1200 3758 opem
1241 3691 1443 3757 jacenti
1470 3692 1522 3743 in
1554 3689 1778 3745 summis

232 3780 494 3844 miseriis,
520 3779 613 3848 qui
642 3785 703 3832 ut
733 3778 887 3832 beate
920 3777 1142 3839 viveret,
1172 3784 1387 3831 creatus
1414 3784 1549 3829 erat.

307 3883 578 3948 Quoniam
615 3882 781 3952 igitur
808 3881 879 3934 ita
917 3879 1218 3936 faciendum
1256 3888 1405 3942 erat,
1439 3880 1595 3935 datur
1623 3881 1776 3949 nobis

235 3969 381 4025 Puer
410 3970 713 4023 sternitate
758 3967 1066 4035 antiquior,
1096 3973 1150 4020 et
1183 3965 1433 4035 splendor
1454 3967 1642 4043 gloriae
1683 3983 1776 4022 no-

234 4067 382 4114 ctem
408 4058 531 4113 vitae
563 4068 766 4112 nostra
806 4056 1096 4119 illuminat,
1128 4067 1183 4109 ut
1229 4056 1489 4111 discussis
1526 4070 1621 4127 per
1658 4058 1776 4124 ejus

236 4149 423 4204 radios
450 4148 739 4204 multorum
773 4146 1013 4202 tenebris
1057 4146 1280 4200 deorum
1301 4186 1319 4214 ,
1351 4161 1516 4200 unum
1556 4144 1776 4203 Deitatis

239 4239 422 4293 lumen
445 4237 499 4291 in
523 4235 700 4300 Patre,
730 4242 784 4290 et
820 4233 978 4296 Filio,
1013 4244 1070 4289 et
1097 4221 1300 4305 Spiritu
1334 4242 1523 4289 sancto
1560 4234 1776 4303 conspio

238 4339 525 4392 ceremus;
558 4338 659 4381 nec
704 4336 1059 4393 personarum
1102 4323 1447 4383 distinctione
1476 4337 1576 4377 nos
1608 4323 1772 4376 abdu-

1880 1916 2046 1970 volnit
2071 1956 2085 1980 ,
2127 1925 2328 1971 etcum
2366 1918 2549 1987 egenis
2588 1925 2643 1971 et
2676 1917 2869 1971 vilibus
2913 1920 3259 1979 conversari,
3300 1933 3413 1971 eum:
3500 1982 3503 1983 ν

1881 2003 2100 2073 gloria,
2152 2002 2565 2074 divitiar’umque
2623 2005 2907 2060 bmredem.
2959 2005 3406 2068 Consideremus,

1880 2105 1999 2159 qua:
2052 2092 2121 2146 ibi
2175 2088 2339 2158 fiunt,
2397 2092 2613 2149 Matrem
2675 2108 2809 2148 nova
2858 2102 3039 2163 partus
3092 2093 3207 2163 lege
3253 2104 3410 2147 uten-

1878 2191 1983 2236 tem
2047 2181 2163 2251 (9),
2236 2182 2496 2238 infantem
2560 2191 2751 2237 natura
2829 2184 2943 2252 ipsa
3001 2183 3358 2252 antiquiorem
3391 2220 3405 2246 ,

1884 2271 2066 2326 Deum
2108 2273 2160 2326 in
2230 2274 2412 2328 fasciis
2469 2273 2765 2343 iacentem,
2822 2276 2875 2329 in
2934 2275 3209 2328 brutormn
3272 2288 3407 2342 prie-

1879 2362 1990 2431 scpi
2033 2362 2323 2419 immorans
2367 2362 2632 2429 Verbum,
2680 2373 2735 2418 ut
2776 2379 2876 2436 ego
2917 2366 3034 2418 vale
3087 2364 3271 2418 dicens
3322 2363 3407 2415 in.

1877 2453 2065 2529 stituto
2106 2454 2315 2508 vivendi
2346 2470 2494 2509 more
2510 2455 2811 2520 brutnrum,
2836 2439 3067 2510 Verbum
3098 2467 3405 2525 agnoscam,

1856 2548 1928 2594 ‘et
1954 2555 2075 2594 cum
2102 2556 2167 2595 eo
2194 2542 2350 2597 simul
2374 2545 2665 2612 quiescam.
2696 2544 2829 2598 Nam
2861 2544 2986 2613 quia
3015 2543 3239 2598 rationis
3279 2557 3409 2597 mean

1878 2631 2122 2685 nobilitas
2151 2632 2203 2685 in
2230 2633 2487 2687 vilitatem
2530 2636 2741 2688 redacta
2767 2642 2905 2696 erat,
2934 2633 3168 2687 metibus
3197 2633 3405 2686 ratione

1875 2721 2183 2774 carentibus
2212 2720 2491 2788 subjugata
2518 2737 2530 2783 ;
2564 2723 2771 2789 subque
2802 2722 3099 2791 ponderosa
3141 2736 3301 2775 carne
3322 2719 3406 2790 ja-

1871 2804 2050 2867 cebat,
2094 2818 2212 2872 quae
2256 2805 2302 2858 ei
2348 2804 2631 2872 conjuncta
2673 2817 2821 2871 erat;
2869 2814 2926 2860 ut
2976 2808 3205 2861 sublime
3252 2806 3398 2860 illam

1871 2894 2115 2947 evelleret
2140 2930 2154 2955 ,
2190 2907 2405 2947 carnem
2452 2895 2553 2949 sibi
2586 2895 2701 2949 unit
2731 2894 2959 2950 Verbum
2987 2895 3237 2959 Creator,
3268 2903 3325 2949 ut
3351 2905 3404 2949 et

1874 2982 2010 3035 ratio
2058 2995 2168 3036 sine
2226 2979 2489 3051 nobilitati
2543 2986 2945 3049 restitueretur,
3003 2995 3061 3039 ut
3121 3000 3251 3039 caro
3297 3001 3400 3039 non

1867 3072 2083 3125 omnino
2142 3073 2209 3126 ad
2260 3074 2363 3146 ima
2429 3073 2663 3139 feratur,
2724 3076 2919 3129 rationi
2978 3089 3215 3144 parens,
3295 3088 3400 3129 nOn

1876 3176 2057 3216 secum
2092 3162 2237 3216 illam
2267 3162 2589 3227 detrudens,
2632 3172 2685 3218 et
2727 3180 2849 3220 cum
2880 3165 2969 3219 illa
3003 3174 3213 3234 petente
3251 3178 3405 3235 supe-
3457 3164 3464 3171 '

1880 3251 2042 3320 riora,
2082 3251 2243 3308 simul
2284 3254 2603 3310 ascendens.
2631 3255 2744 3310 line
2779 3263 2981 3325 spectat
3009 3265 3244 3310 extrema
3284 3268 3405 3323 pau-

1879 3352 2057 3413 pertas
2087 3345 2202 3414 ejus
2227 3347 2319 3417 qui
2353 3357 2551 3402 terram
2585 3346 2849 3407 fundavit,
2877 3359 2974 3400 nec
3015 3353 3192 3398 tamen
3226 3344 3401 3398 locum

1879 3434 2107 3491 habebat
2146 3436 2200 3490 in
2236 3451 2344 3505 quo
2387 3436 2675 3501 habitaret,
2709 3444 3003 3506 postquam
3038 3437 3092 3489 in
3136 3448 3198 3488 ea
3227 3433 3403 3487 diver-

1879 3522 1988 3577 sari
2015 3523 2207 3588 voluit,
2240 3524 2334 3578 sed
2365 3526 2631 3603 spelunca:
2670 3525 3036 3593 excipiebatur
3059 3522 3291 3591 hospitio
3315 3537 3402 3575 so-

1876 3611 2049 3665 lamen
2078 3610 2378 3679 indigentia:
2402 3614 2703 3681 praebentis.
2732 3614 2775 3667 0
2802 3630 2907 3673 res,
2936 3628 3057 3682 quae
3089 3628 3189 3665 nec.
3239 3612 3399 3664 menti

1840 3736 1845 3745 ι
1882 3712 1981 3752 nec
2026 3699 2203 3753 verbis
2235 3701 2583 3767 permittunt,
2634 3712 2691 3755 ut
2735 3718 2833 3756 suo
2877 3702 3167 3770 fungantur
3192 3699 3400 3753 officio!

1877 3786 1993 3841 Non
2058 3796 2142 3841 est
2181 3788 2229 3841 ei
2280 3789 2426 3841 locus
2474 3791 2527 3841 in
2585 3797 2724 3842 terra
2787 3789 3072 3850 nascenti,
3124 3788 3215 3851 qui
3261 3785 3401 3837 illam

1879 3873 2037 3926 verbo
2060 3887 2158 3927 suo
2188 3874 2503 3942 progenuit!
2546 3872 2947 3941 Prasscpeiilum
2980 3887 3075 3928 suo
3114 3874 3233 3924 sinu
3256 3872 3402 3925 exci-

1880 3962 1975 4029 pit,
2009 3962 2100 4028 qui
2148 3962 2393 4015 ccelestes
2438 3962 2589 4014 sinus
2630 3960 2904 4028 expandit.
2953 3959 3213 4013 Caeterum
3257 3970 3397 4016 terra

1876 4048 2088 4118 quidem
2125 4048 2412 4117 hospitium
2457 4056 2617 4103 tenue
2656 4050 2780 4110 dat,
2813 4060 2864 4102 at
2899 4064 3025 4103 vero
3068 4051 3261 4103 εωίυιιι
3303 4064 3401 4102 an-

1880 4139 2091 4193 nuntiat
2119 4136 2309 4193 adesse
2348 4136 2655 4203 Dominum,
2697 4139 2905 4194 stellam
2937 4140 3079 4194 tubae
3103 4140 3217 4193 loco
3248 4139 3400 4191 adbi-

1879 4228 2042 4293 bens,
2082 4241 2202 4283 cum
2238 4225 2439 4282 videret
2475 4225 2671 4299 Regem
2701 4230 3066 4284 ministrorum
3097 4228 3271 4283 cilicio
3304 4230 3401 4282 de-

1879 4316 2146 4379 stitutum,
2175 4316 2397 4387 soloque
2440 4316 2628 4382 Matris
2667 4320 2918 4374 satellitio
2962 4318 3268 4389 fulgentem.
3296 4316 3402 4371 Vo-

238 4422 400 4471 ceute
424 4414 490 4469 ad
517 4414 742 4468 Deorum
790 4411 1208 4475 multitudinem,
1242 4425 1341 4467 nec
1374 4412 1580 4466 unitate
1609 4412 1767 4466 lumi-
1803 4419 1844 4471 ι)
1873 4414 1957 4462 cat
1990 4415 2048 4461 ut
2086 4408 2342 4461 honorem
2390 4407 2633 4463 deferant
2692 4412 3120 4479 promptissimos
3166 4410 3231 4461 ad
3279 4409 3402 4462 obe-

239 4505 332 4560 nis
354 4512 575 4575 regente
621 4511 680 4558 ut
704 4502 1099 4557 confundamus
1122 4516 1400 4571 personas.
1424 4499 1605 4570 Neque
1635 4502 1775 4555 enim

240 4608 469 4653 necesse
503 4602 588 4648 est
609 4601 685 4657 ut,
706 4591 860 4660 juxta
891 4602 1076 4645 inanes
1100 4590 1450 4661 quorumdam
1482 4604 1777 4656 sermones,

240 4683 473 4739 alterum
522 4688 780 4747 sequatur
839 4694 903 4732 ex
959 4678 1200 4742 duobus,
1239 4678 1321 4731 vei
1363 4678 1620 4732 unitatem
1656 4692 1777 4731 cum

243 4769 488 4825 ternario
514 4768 880 4837 multiplicari,
908 4768 988 4824 vel
1015 4778 1159 4823 certe
1187 4770 1481 4823 ternarium
1518 4767 1684 4837 redigi
1714 4767 1779 4821 ad

243 4856 527 4908 unitatem.
561 4851 678 4905 Non
708 4852 851 4905 enim
887 4853 1099 4918 unitas,
1144 4854 1238 4908 sed
1274 4867 1517 4921 persona:
1546 4853 1777 4915 habent,

243 4948 308 4995 ut
338 4939 743 4994 distinctionem
776 4938 971 5004 ferant,
996 4957 1090 5011 per
1118 4956 1278 5011 quam
1314 4943 1469 4996 nobis
1503 4942 1781 4998 adoranti-

244 5029 349 5082 bus
370 5026 683 5081 Trinitatem
710 5026 787 5092 iit,
808 5036 863 5083 ut
885 5038 1034 5083 extra
1061 5045 1220 5083 unam
1237 5030 1655 5085 dominationem
1687 5046 1781 5083 ne-

241 5128 518 5186 quaquam
547 5127 835 5183 vagemur;
866 5124 957 5170 aut
988 5126 1134 5173 certe
1163 5118 1355 5187 quibus
1376 5118 1443 5171 ob
1481 5118 1778 5172 distinctio-

1872 4496 2132 4564 diendum‘
2166 4495 2365 4569 Magos,
2402 4507 2453 4550 et
2490 4498 2555 4551 ad
2608 4499 2707 4553 hoc
2756 4500 2929 4566 ipsum
2976 4498 3264 4550 venientes.
3302 4498 3403 4551 Eos

1874 4589 2034 4658 igitur
2064 4588 2332 4641 clamante
2361 4588 2582 4642 advocat
2623 4590 2811 4651 stella;
2853 4602 3031 4640 verum
3064 4595 3114 4639 et
3165 4594 3401 4654 pastores

1875 4685 2159 4747 properant
2190 4675 2379 4729 Natum
2411 4687 2720 4744 quaerentes,
2770 4676 2999 4744 indeque
3026 4678 3091 4729 de
3120 4691 3185 4730 eo
3221 4678 3404 4729 admo-

1877 4767 1997 4819 niti.
2032 4764 2257 4835 Oportet
2279 4767 2443 4827 enim,
2481 4774 2536 4817 ut
2563 4766 2869 4832 pastoribus
2911 4765 3100 4819 Pastor
3126 4767 3213 4820 ille
3243 4782 3406 4835 appu-

1883 4863 2016 4918 reat,
2052 4846 2145 4923 qui
2168 4856 2333 4917 venit,
2364 4853 2713 4923 utipcrciitam
2744 4870 2894 4907 ovem
2934 4857 3169 4910 humeris
3196 4855 3404 4922 imposi-

1884 4949 1988 4993 tam
2021 4922 2318 5001 reduceret,
2349 4922 2506 5007 quam
2534 4938 2620 4990 ille
2658 4950 2713 4992 ιιι
2734 4950 2993 5009 quaereret
3026 4959 3167 4995 nunc
3187 4941 3401 5010 quidem

1882 5029 2094 5082 advenit
2120 5042 2150 5082 e
2179 5034 2333 5097 porta
2367 5040 2614 5093 egressus
2642 5027 2917 5095 obsignata
2961 5028 3091 5095 (i0).
3126 5026 3403 5081 Pervenict

1885 5131 2011 5170 vero
2037 5101 2396 5183 etiam‘usque
2424 5114 2489 5166 ad
2518 5126 2699 5183 portas
2735 5116 3046 5177 inferorum,
3083 5130 3204 5168 cum
3233 5125 3403 5168 morte

1709 5203 1935 5259 NOTAE.

317 5291 394 5362 (9)
420 5289 642 5346 Hatram
662 5306 813 5363 item;
849 5302 1030 5363 purius
1062 5294 1167 5363 lege
1197 5304 1442 5349 utentem.
1476 5293 1547 5348 De
1571 5294 1780 5348 novita-

242 5357 397 5419 tibiis
437 5370 625 5430 partus
662 5357 894 5430 Virginei
938 5357 1198 5430 pragclare
1221 5367 1442 5416 omnino
1484 5364 1539 5415 Β.
1594 5363 1779 5414 Petrus

244 5428 495 5485 Damiani
521 5428 792 5498 sermone
819 5428 877 5480 ll
938 5428 992 5498 et
1020 5429 1133 5498 6t;
1170 5429 1460 5498 Gregorius
1507 5430 1782 5498 Nysseuus

247 5498 481 5555 Humilia
519 5495 597 5548 l3.
636 5498 689 5547 in
726 5495 885 5548 Cant.
908 5495 973 5548 ad
1002 5496 1139 5549 illud
1169 5514 1183 5548 :
1228 5497 1457 5551 Dilectus
1488 5495 1625 5549 meus
1656 5514 1783 5548 can-

244 5568 431 5629 didate,
459 5573 511 5619 et
527 5562 864 5632 rubicundus,
894 5564 1084 5616 electus
1139 5579 1201 5616 ex
1227 5566 1491 5629 millibus,-
1519 5566 1577 5617 υ.
1605 5568 1783 5632 Augu-

247 5637 433 5712 stinus
464 5632 520 5687 in
549 5631 683 5712 [εδει-1.
702 5630 835 5712 ίιςιιθ,
863 5631 1204 5712 superniiiud,
1235 5631 1635 5712 §imilisfactus
1673 5630 1788 5685 sum

250 5703 515 5775 pellitque
548 5698 846 5757 iulitudinis
864 5715 881 5765 ,'
916 5698 974 5755 '5.
1015 5698 1203 5756 Petrus
1232 5698 1594 5771 Cbrysolbgus
1621 5716 1784 5755 serui.

1876 5294 1979 5358 15;
2021 5290 2314 5348 Riccardus
2340 5308 2367 5345 a
2411 5294 2466 5347 S.
2501 5293 2786 5345 Laurentio
2830 5292 2919 5345 lib.
2959 5308 2987 5345 ι
3035 5292 3100 5345 de
3132 5290 3298 5351 Laud.
3341 5291 3399 5345 Β.

1878 5360 2105 5431 Yirgin.,
2142 5371 2195 5413 et
2225 5360 2515 5415 Guerricus
2567 5361 2979 5431 abbas._sernt._
3024 5360 3188 5431 i,_tie
3228 5358 3399 5431 Diutiv.

1880 5426 2124 5492 Domini,
2188 5443 2417 5498 quorum
2471 5427 2902 5498 verbuuaddueit
2950 5427 3008 5479 P.
3071 5426 3401 5498 Tbeupltilus

1880 5494 2604 5567 iiaynaudus'in_Diptyt-bis
2638 5494 2906 5559 Marianis,
2936 5503 3084 5563 parte
3119 5494 3167 5558 l,
3200 5505 3405 5561 puncto

1883 5568 1935 5631 7,
1961 5564 2113 5619 'nutn.
2140 5565 2273 5619 ὅθι-ι
2297 5564 2384 5615 51.

1952 5633 2332 5703 (10)Εᾼρονια
2388 5631 2955 5703 egressusobsiguala.
3018 5628 3256 5703 Respicit.
3298 5629 3405 5703 Lm

1886 5698 2068 5757 noster
2097 5701 2160 5756 ad
2184 5698 2583 5770 porlaut’illatn
2604 5700 2835 5752 clausam
2873 5712 3032 5752 uuam
3052 5698 3150 5753 soli
3176 5700 3402 5756 principi
