3984 6322
1566 161 1582 200 l

212 309 263 372 ιιι
975 306 1251 368 onmo
1288 306 1388 367 v1.
1414 329 1481 340 -
1510 302 1591 364 IN
1616 301 1922 387 CHRISTI
1959 284 2471 364 NA'I‘iVITATEM
2507 305 2620 366 III.
3331 302 3396 366 ω

212 419 513 471 instauratur
538 454 552 477 ,
606 422 664 467 ut
696 419 840 465 terra
889 412 1142 466 obrutum
1173 420 1515 482 repurgetur,
1552 423 1606 466 et
1648 405 1730 464 ιη-
1755 407 1806 468 Α
1830 407 2025 477 potiori
2051 407 2379 463 dominetur.
2407 407 2484 460 Ne
2511 408 2832 478 colligamus
2863 406 3280 464 amaritudinem
3317 427 3382 465 ex

214 514 342 560 renta
391 504 653 558 drachma
694 516 796 556 suo
846 509 1141 570 reponatur
1193 502 1246 554 in
1293 503 1552 563 thalamo,
1583 509 1736 553 utne

212 595 419 665 amplius
453 595 507 648 in
540 593 743 646 vilitate
771 591 1049 661 iaceamus
1076 632 1092 658 ,
1129 605 1228 645 nec
1273 592 1502 659 turpiter
1528 572 1735 644 scrvia-

212 701 308 747 mus
339 725 352 747 .
387 686 481 741 sed
526 683 593 738 ad
627 689 866 737 nostram
905 680 1175 735 intuentes
1212 681 1547 748 nobilitatem
1571 716 1586 743 ,
1622 679 1750 732 vir--

211 786 304 831 tute
357 774 605 829 sublimis
653 770 1066 834 etittanTtiouis,
1114 752 1376 824 vilitatem
1436 775 1737 823 commute-

214 883 327 930 mus,
353 866 474 920 loco
505 863 781 919 servitutis
811 863 980 917 evecti
1014 862 1067 916 in
1097 862 1454 918 dominatum.
1493 875 1590 927 pro
1619 874 1742 928 cge-

211 967 329 1012 state
371 956 588 1011 divitias
635 961 1033 1020 comparantes,
1075 967 1194 1020 quae
1237 963 1363 1030 sunt
1405 951 1524 1018 eius
1553 949 1741 1018 acqui-

214 1055 388 1110 rentes,
422 1046 516 1114 qui
550 1052 735 1098 nostra
770 1038 886 1112 ipSe
910 1059 1005 1111 sua
1032 1041 1181 1104 fecit,
1217 1051 1271 1095 ut
1311 1043 1421 1094 hinc
1462 1046 1742 1109 praestaret

210 1136 422 1190 advenit.
448 1132 546 1198 His
579 1132 880 1187 honoribus
907 1131 996 1186 ille
1021 1132 1239 1202 gaudet,
1274 1144 1370 1200 per
1403 1130 1516 1183 haec
1546 1129 1744 1182 nativi-

208 1236 348 1280 tatem
382 1215 691 1278 adoremus.
730 1221 1024 1275 Induamus
1045 1261 1059 1285 ,
1100 1221 1315 1283 fratres,
1348 1233 1565 1273 sensum
1599 1217 1742 1286 ejus,

212 1318 285 1386 qui
319 1331 422 1369 non
451 1314 672 1369 erubuit
706 1308 892 1386 noster
927 1312 1040 1366 ﬁeri
1073 1311 1257 1373 frater,
1287 1327 1390 1365 non
1423 1319 1742 1381 aspernatus

206 1415 274 1460 est
311 1418 408 1458 nos
453 1403 506 1458 iu
555 1403 827 1458 vilissimo
869 1401 1111 1470 iacentes
1155 1401 1445 1468 subsellio,
1501 1416 1566 1456 ne
1613 1415 1746 1456 cono

207 1479 487 1550 temnamus
515 1501 567 1547 et
598 1509 696 1548 nos
731 1491 786 1545 in
810 1490 974 1546 simili
1003 1492 1218 1544 fortuna
1251 1491 1610 1559 positos.‘Qui
1641 1493 1744 1544 hac

206 1587 347 1642 etiam
405 1585 456 1638 in
501 1591 653 1652 parte
702 1581 926 1636 multam
975 1579 1068 1634 Dei
1114 1581 1494 1648 benignitatem
1541 1583 1746 1650 experi-

206 1691 329 1740 mur,
361 1691 484 1731 cum
527 1675 682 1744 plura
723 1673 1094 1747 possideamus
1127 1687 1287 1741 quam
1319 1672 1354 1724 ii
1385 1681 1613 1740 quorum
1646 1685 1746 1740 par

205 1775 250 1822 et
281 1766 469 1822 similis
499 1766 568 1820 ad
597 1765 764 1820 vitam
795 1763 897 1818 fuit
945 1764 1245 1829 ingressus.
1284 1761 1363 1814 Ne
1395 1763 1491 1816 tibi
1547 1762 1736 1818 subre-

207 1863 285 1923 pat
329 1864 388 1907 ut
443 1855 734 1910 cicatrices
783 1856 1034 1906 conservi
1080 1851 1406 1914 exborreas,
1459 1864 1582 1904 eum
1628 1848 1744 1917 ipse

204 1943 586 1998 abominandus
612 1942 914 2002 exstiteris,
947 1956 1054 1993 non
1085 1939 1429 2001 cicatricibus
1457 1933 1626 1991 invito
1661 1938 1746 1990 in-

209 2034 376 2094 ﬂictis,
403 2030 494 2085 sed
528 2045 674 2100 quas,
705 2029 803 2082 tibi
837 2038 1032 2096 sponte
1075 2027 1324 2090 intulisti,
1355 2035 1406 2082 et
1437 2025 1632 2098 Regem
1661 2034 1746 2098 ta-

205 2136 310 2175 men
349 2118 417 2172 ad
443 2126 498 2174 te
528 2115 881 2173 accedentem
917 2107 1192 2170 habueris.
1217 2115 1291 2169 Ne
1317 2105 1574 2171 humilem
1593 2116 1744 2186 gravi

204 2213 459 2280 opprimas
487 2224 673 2273 manu,
709 2221 918 2262 memor
945 2207 1245 2262 vexationis
1274 2221 1432 2276 quam
1467 2207 1744 2276 tyrannica

205 2314 484 2371 oppressus
528 2314 694 2353 manu
746 2297 1094 2359 sustinuisti.
1143 2303 1198 2350 et
1234 2295 1422 2377 auxilii
1465 2297 1609 2365 quod
1645 2296 1746 2349 ha-

211 2392 381 2445 buisti.
422 2391 495 2446 Ne
534 2390 794 2444 habueris
842 2389 968 2442 odio
1015 2377 1291 2442 Creatoris
1321 2388 1606 2456 imaginem
1633 2427 1647 2450 ,
1682 2403 1750 2442 ne

206 2483 452 2546 invideas,
491 2483 585 2552 qui
620 2491 838 2552 propter
869 2478 1126 2532 invidiam
1154 2478 1290 2530 triala
1321 2495 1381 2532 es
1413 2493 1628 2546 passus,
1664 2479 1749 2532 in-

206 2574 351 2629 fausti
397 2575 691 2638 damonis,
747 2573 951 2643 quique
988 2571 1197 2641 primus
1235 2571 1289 2623 iu
1329 2569 1420 2623 Dei
1463 2571 1747 2637 imaginem

207 2663 632 2722 iuvidos,oculos
689 2662 908 2732 adiecit,
958 2663 1196 2715 animum
1247 2659 1509 2712 imitatus.
1561 2659 1668 2712 Nec
1699 2670 1750 2713 te

205 2754 364 2809 facias
389 2764 648 2824 tanquam
688 2769 807 2820 vas,
844 2753 896 2806 in
943 2766 1051 2820 quo
1086 2749 1159 2802 sit
1197 2749 1750 2834 positum'venemun,

202 2842 328 2908 Quod
352 2843 443 2911 qui
479 2841 686 2895 inscius
735 2837 1027 2907 acceperit,
1063 2832 1324 2890 damnum
1353 2835 1641 2906 contrahit.
1674 2832 1752 2888 Ne

200 2931 334 2984 carni
388 2931 800 3000 indulgeamus,
848 2941 948 2981 nec
995 2923 1232 2983 inferius
1277 2925 1651 2996 permittamus
1695 2930 1753 2975 ut

1849 496 2187 565 demulcente
2208 499 2503 567 voluptate.
2536 499 2594 552 in
2621 513 2832 573 summa
2856 500 3111 568 peliiceas
3133 514 3396 556 exuamus

1849 599 2048 653 vestes,
2082 605 2206 645 nam
2237 592 2382 660 quod
2410 593 2513 647 illis
2546 593 2730 646 amicti
2758 592 2983 657 fuimus,
3017 593 3224 648 idcirco
3265 610 3397 663 pan-

1850 682 1934 736 nis
1966 681 2259 735 involvitur
2287 680 2570 738 Dominus.
2602 680 2822 736 Fiamus
2852 697 3039 737 revera
3063 683 3162 748 dii,
3199 699 3263 738 ex
3295 683 3400 738 Deo

1848 783 1979 824 vero
2021 769 2073 823 id
2114 770 2480 840 accipientes,
2520 786 2626 825 non
2665 783 2723 825 ut
2759 771 2829 826 ab
2877 755 3122 841 apostata
3157 773 3400 830 daemone

1845 860 2073 913 velimus
2090 862 2267 918 nos’in
2290 867 2494 914 tantam
2511 861 2824 930 dignitatem
2851 859 3145 934 intrudere.
3180 859 3409 916 Fiamus.

1848 951 1944 1004 filii
1982 951 2259 1005 Altissimi
2290 960 2520 1020 propter
2553 965 2699 1013 eum,
2738 951 2834 1020 qui
2865 950 3041 1010 factus
3059 958 3144 1006 est
3164 951 3400 1006 hominis

1853 1039 2044 1094 Filius.
2073 1037 2167 1100 ita,
2193 1040 2450 1093 honorent
2473 1039 2817 1096 conferentes
2849 1048 3122 1105 nostrum,
3157 1040 3398 1094 honore-

1854 1117 1976 1185 mus
2005 1144 2129 1184 eum
2155 1131 2246 1198 qui
2277 1131 2490 1185 devenit
2516 1132 2581 1186 ad
2605 1132 2850 1188 homines
2878 1141 2937 1187 ut
2958 1132 3216 1187 honorem
3239 1132 3400 1188 homo

1851 1227 2195 1289 assequatur.
2234 1219 2312 1290 ita
2338 1220 2516 1277 affecti
2547 1237 2668 1278 cum
2703 1225 2909 1294 angelis
2940 1223 3166 1294 gloriam
3197 1223 3404 1296 tribua-
3465 1263 3469 1266 -

1855 1327 1997 1376 mus,
2035 1322 2090 1366 et
2130 1311 2292 1368 simul
2324 1327 2446 1366 cum
2481 1313 2794 1383 pastoribus
2831 1329 3117 1370 curramus
3142 1356 3158 1381 ,
3200 1325 3254 1370 et
3280 1330 3402 1369 cum

1853 1399 2025 1472 Magis
2070 1405 2528 1472 exspectationem
2579 1404 2816 1474 gentium
2857 1405 3163 1460 adoremus.
3221 1404 3406 1472 Neque

1854 1493 2007 1562 enim.
2053 1500 2137 1547 est
2191 1508 2300 1562 quo
2349 1494 2521 1561 magis
2555 1495 2850 1549 bonoretur
2889 1511 3050 1566 quam
3105 1496 3405 1562 bonoreet

1856 1582 2051 1651 gloria,
2084 1598 2205 1652 qua:
2243 1598 2344 1638 nos
2380 1583 2678 1638 deferimds
2708 1599 2938 1652 quorum
2987 1593 3242 1653 suscepto
3276 1568 3406 1638 san:-

1849 1669 2013 1738 guine
2040 1668 2207 1724 frater
2229 1670 2466 1726 exsistit.
2507 1671 2635 1730 Sed.
2663 1686 2697 1725 ο
2720 1672 2808 1742 Qui
2839 1687 2869 1726 e
2887 1672 3208 1728 celsitudine
3224 1674 3406 1742 gloriae

1847 1764 1954 1812 tua!
1977 1759 2039 1811 ad
2074 1765 2316 1812 nostram
2350 1759 2680 1816 descendisti
2705 1762 3086 1828 humilitatem,
3120 1777 3220 1818 nec
3258 1769 3406 1816 tuam

1846 1848 2054 1917 liquisti
2106 1847 2480 1902 altitudinem!
2533 1864 2566 1903 ο
2606 1849 2852 1904 Salvator
2905 1866 3114 1918 eorum,
3164 1867 3302 1920 quos
3350 1859 3406 1906 ut

1854 1945 2204 1997 convertet-es
2247 1937 2386 1990 male
2437 1951 2468 1990 a
2516 1945 2568 1990 te
2612 1937 2927 1993 aberrantes
2971 1939 3280 1996 exinanitae
3306 1943 3404 1997 es!

1848 2043 1881 2082 0
1929 2042 2121 2082 recens
2151 2025 2343 2091 liomo,
2373 2035 2427 2083 et
2459 2024 2695 2091 Verbum
2727 2029 3084 2091 aeternitatem
3114 2042 3404 2097 superans,

1847 2127 1968 2171 esto
2010 2117 2103 2172 tibi
2142 2127 2195 2171 et
2236 2117 2397 2172 nobis
2443 2131 2544 2187 pro
2611 2117 2868 2172 natalitiis
2925 2117 3248 2194 muneribus
3295 2120 3409 2173 haec

1847 2208 2048 2263 oratio;
2068 2207 2231 2262 Refer
2260 2215 2316 2260 tu
2347 2209 2525 2274 nobis,
2557 2214 2616 2260 ut
2653 2208 2922 2278 gubernes
2960 2217 3010 2262 ct
3038 2207 3407 2270 administros,

1859 2313 1964 2351 una
1996 2313 2116 2350 cum
2145 2299 2214 2352 iis
2246 2297 2442 2366 quibus
2480 2288 2841 2365 gubernacula
2888 2295 3184 2362 tradidisti,
3222 2295 3408 2352 mundi

1851 2390 2066 2450 navim,
2111 2398 2170 2443 ut
2215 2392 2317 2444 sub
2373 2397 2426 2443 te
2461 2389 2844 2457 gubernatore,
2893 2391 3204 2458 superiores
3257 2388 3408 2442 omni

1851 2479 2114 2548 procella,
2141 2477 2540 2547 navigationem
2579 2473 2922 2547 peragamus,
2949 2487 3212 2533 cessante
3235 2477 3407 2532 unda-

1851 2585 1970 2624 rum
1995 2571 2044 2622 vi
2068 2611 2082 2630 ,
2117 2579 2171 2623 et
2201 2571 2255 2623 in
2287 2577 2462 2622 tututn
2504 2568 2858 2624 deveniamus
2886 2579 3102 2638 portum
3129 2587 3142 2622 :
3189 2568 3277 2624 ubi

1851 2660 2010 2723 sitos,
2045 2667 2097 2713 et
2129 2659 2522 2728 tranquillitate
2560 2659 2826 2721 fruentes,
2863 2660 3203 2714 abduxerunt
3235 2661 3414 2729 impe—

1853 2748 1994 2801 tuosi
2051 2755 2106 2799 et
2159 2748 2513 2802 vehementes
2555 2747 2723 2802 venti.
2753 2747 2873 2813 Quo
2903 2762 3003 2802 nos
3050 2747 3282 2802 devebas
3317 2764 3411 2817 ap-

1856 2836 2063 2904 pulsns,
2099 2844 2219 2904 post
2251 2829 2412 2905 hujus
2461 2837 2584 2891 vitae
2619 2836 3012 2904 traiectionem,
3050 2836 3328 2891 laudantes
3357 2843 3413 2892 et

1855 2925 2224 2995 glorificantes
2254 2936 2304 2981 te
2336 2929 2388 2981 iu
2416 2928 2610 2982 saecula
2639 2926 2982 2981 saeculorum.
3011 2926 3204 2983 Amen.
3431 2913 3435 2915 ’

1608 3056 1865 3114 ORATIO
1891 3057 1973 3113 Vi.

261 3153 321 3208 In
368 3154 566 3211 Christi
591 3153 1172 3225 nativitatem,‘quando
1196 3167 1260 3209 ea:
1311 3149 1650 3226 immaculata
1681 3154 1813 3226 nube
1847 3162 2178 3226 transvectus,
2209 3155 2265 3208 in
2291 3155 2475 3210 seniles
2505 3170 2713 3219 manus,
2759 3153 3060 3208 umbrarum
3091 3155 3338 3226 templum

1264 3251 1267 3253 >
1359 3223 1623 3290 ingressus
1659 3231 1734 3275 est
1771 3221 1862 3275 Sol
1893 3222 2077 3292 gloria:
2105 3225 2239 3290 (ll).

1393 3330 1820 3405 (Mammulae.
1854 3336 1949 3391 cit.
1983 3351 2036 3407 p.
2081 3336 2192 3404 72.)
2310 3398 2314 3404 ,
3355 3395 3358 3400 ,

257 3447 456 3503 Christi
517 3445 920 3504 solenm't'tatem
974 3447 1304 3502 bonoramus
1338 3443 1472 3511 (12),
1505 3442 1827 3511 qtti.riteC
1867 3443 2118 3514 (legitque
2171 3446 2274 3501 sub
2340 3447 2473 3515 iege,
2542 3453 2598 3499 ut
2654 3453 2708 3500 et
2777 3447 3088 3503 constitutis
3141 3447 3243 3503 sub
3291 3453 3410 3517 lege

198 3537 436 3590 omnibus
480 3527 829 3590 tribuendum
884 3537 1072 3591 statuit
1104 3535 1383 3587 honorem.
1416 3531 1618 3584 Christi
1665 3545 1757 3584 sa-

199 3643 332 3680 cram
355 3625 568 3697 agimus
599 3628 992 3696 eelebritatem,
1022 3637 1118 3692 per
1137 3638 1293 3690 quem
1315 3621 1553 3690 profante
1567 3633 1758 3679 sacro-

198 3731 304 3770 rum
325 3712 731 3770 relebrati‘ones
758 3713 1039 3770 exstinctae
1059 3718 1207 3776 sunt,
1237 3720 1292 3763 et
1314 3717 1515 3762 sanctae
1535 3708 1748 3761 dierum

199 3803 449 3857 festorum
500 3795 917 3864 observationes
975 3805 1199 3854 exortae.
1251 3795 1371 3861 Qu‘o
1412 3794 1466 3846 in
1497 3793 1752 3861 spelunca

195 3900 326 3957 orto,
363 3899 428 3943 ut
461 3887 610 3958 lube,
645 3899 700 3946 et
733 3904 876 3944 nunc
897 3895 1219 3958 praesentem
1260 3887 1413 3940 nobis
1448 3884 1753 3938 iiiustrante

197 3951 345 4043 diem,
371 3951 514 4070 ipsi/
521 3951 736 4049 quoque
802 3951 1169 4046 splendemus.
1230 3975 1440 4030 llursus
1497 3976 1640 4028 enim
1679 3974 1746 4035 is.

197 4082 284 4134 per
338 4062 512 4138 quejn
559 4066 931 4124 exsultationis
981 4066 1161 4119 lumen
1212 4065 1612 4146 conspeximus,
1658 4062 1752 4130 qui

196 4156 242 4207 in
278 4153 530 4222 teneljris
586 4169 951 4222 aerumnarum
1001 4150 1341 4215 Sedebamus,
1395 4151 1602 4219 profert
1665 4165 1749 4204 so-

192 4239 490 4311 lemnitaﬁis
548 4246 944 4301 hilaritatem:
1004 4258 1110 4297 non
1159 4257 1192 4296 e
1253 4242 1507 4311 spelunca
1570 4239 1752 4295 radios

194 4330 530 4416 diffumﬁ’ens,
592 4338 686 4393 scd
745 4335 897 4406 quasi
957 4335 1098 4390 nube
1129 4341 1298 4387 matre
1353 4330 1578 4416 Virgine
1626 4347 1752 4385 vec-

508 4426 564 4479 in
612 4423 831 4494 prmscpi
884 4421 1088 4488 iacens,
1131 4419 1230 4476 sed"
1284 4427 1558 4489 paternam
1619 4417 1750 4472 sub-

196 4429 300 4485 tus;
326 4434 408 4485 nite

196 4434 300 4485 tus;
398 4471 408 4478 .
508 4434 564 4479 in
612 4439 831 4494 prmsrpt
884 4436 1088 4488 iacens,
1131 4434 1222 4476 seu
1284 4434 1558 4489 paternam
1619 4434 1749 4472 suo-

194 4508 295 4564 iens
326 4434 620 4578 mutum.
691 4513 791 4578 Qui
856 4521 1077 4576 terram,
1147 4510 1384 4564 hominis
1450 4517 1749 4577 parentem,

197 4600 370 4677 Verhﬁ)
433 4607 762 4677 procreavit,
819 4603 1040 4674 Matrem
1091 4603 1195 4658 sibi
1258 4602 1461 4671 pridem
1523 4600 1748 4662 faciens,

195 4692 404 4764 natura:
447 4697 594 4764 leges
646 4695 955 4754 lnnovabat,
996 4711 1027 4748 e
1052 4693 1211 4747 vulva
1257 4692 1602 4761 progrediens
1634 4692 1752 4744 sine

197 4777 429 4835 semine.
489 4777 649 4832 Nunc
700 4794 828 4834 vero
885 4779 1158 4833 communi
1210 4795 1396 4833 eorum
1442 4779 1556 4848 lege
1617 4793 1756 4845 quo-

196 4853 306 4938 fumi
362 4884 398 4923 e
453 4867 663 4921 semine
726 4882 940 4922 carnem
1005 4869 1322 4938 assumpsit,
1374 4868 1466 4936 qui
1515 4881 1633 4921 eam
1698 4867 1752 4918 in

200 4931 322 5092 Sija
389 4939 668 5017 condidit,
725 4958 887 5010 veluti
945 4957 1156 5012 debitor
1193 4957 1444 5011 mandata
1489 4955 1608 5024 eius
1655 4955 1756 5008 itu-

200 5044 233 5092 υἱ
265 5057 314 5092 ιι-
343 5045 538 5092 Gloria
568 5043 750 5092 lsrael.
778 5048 1013 5092 amnium
1049 5045 1271 5092 Lumen-
1308 5045 1516 5092 Οιιιηω
1548 5053 1756 5092 nentes.

197 5043 315 5107 υἱέι.
343 5045 539 5100 Gloria
568 5043 750 5107 Israel,
778 5048 1013 5113 gentium
1049 5045 1271 5101 Lumen.
1308 5045 1516 5100 Omne:
1548 5053 1756 5114 gentes,

196 5121 440 5220 toiiferte
499 5135 736 5198 laudem,
770 5149 895 5188 ecce
952 5136 1092 5207 enim
1127 5137 1268 5190 Deus
1299 5135 1472 5190 factus
1502 5141 1586 5191 est
1619 5149 1754 5205 puer

1863 3550 2016 3601 opem
2071 3536 2247 3600 ferat,
2293 3536 2434 3604 quod
2484 3535 2558 3589 illi
2602 3536 2786 3590 deerat
2828 3538 3107 3606 suppleas,
3136 3546 3190 3592 et
3215 3539 3403 3591 viven-

1868 3621 2016 3674 tibus
2055 3621 2173 3675 sine
2233 3622 2346 3692 lege
2390 3623 2639 3689 gentibus
2674 3633 2830 3675 notas
2870 3623 3033 3678 faciat
3085 3640 3197 3678 suae
3255 3625 3413 3679 boni-

1865 3710 1992 3763 tatis
2046 3708 2283 3764 divitias.‘
2343 3709 2473 3762 Nam
2519 3709 2643 3777 quia
2695 3709 2778 3764 lex
2832 3709 2925 3765 Dei
2979 3711 3151 3778 digito
3200 3713 3404 3778 scripta

1866 3814 1969 3852 non
2033 3797 2246 3852 valebat
2305 3797 2568 3851 rationem
2632 3797 2992 3862 deturbatam,
3038 3799 3155 3866 ejus
3215 3814 3403 3868 opera,

1859 3884 1952 3950 qui
2001 3885 2175 3951 primo
2229 3884 2374 3935 illam
2439 3885 2619 3951 pravis
2666 3881 2895 3935 abduxit
2937 3883 3301 3946 suasionibus,
3341 3885 3410 3940 ad

1858 3972 2066 4040 frugem
2098 3973 2289 4025 bonam
2329 3971 2584 4026 reducere
2630 3985 2726 4024 nec
2759 3971 2900 4026 velut
2936 3985 3214 4042 .organum
3287 3973 3413 4028 har-

1861 4060 2041 4113 monia
2098 4059 2438 4127 destitutum,
2511 4076 2609 4117 sua
2669 4062 2899 4132 propriis
2949 4071 3134 4130 aptare
3174 4077 3409 4119 concen-

1858 4152 2025 4215 tibus,
2062 4166 2160 4206 nec
2211 4152 2407 4208 docere
2457 4164 2515 4207 ut
2565 4170 2651 4208 res
2694 4169 2822 4210 suas
2851 4139 3016 4208 "bene
3068 4155 3408 4224 disponeret:

1860 4240 1956 4296 sed
1984 4242 2123 4295 mala
2151 4241 2479 4297 deteriorum
2513 4245 2878 4298 additameuto
2909 4246 3248 4309 crescebant,
3279 4259 3403 4300 cum

1859 4332 1992 4387 satis
2016 4347 2122 4386 nou
2156 4341 2300 4388 esset
2348 4333 2505 4388 nobis
2554 4349 2716 4388 ausos
2774 4333 2940 4389 fuisse
2987 4334 3408 4396 contumaciam,

1862 4423 1955 4477 sed
2002 4437 2105 4476 una
2134 4437 2255 4476 cum
2312 4433 2578 4492 pratccpto
2619 4424 2991 4491 reiecissemus
3016 4432 3070 4477 et
3095 4423 3405 4490 Dominum,

1862 4521 2056 4575 mente,
2105 4513 2278 4565 instar
2323 4511 2452 4579 pulli
2497 4512 2704 4566 frentim
2767 4512 3082 4574 mordentis,
3125 4519 3180 4564 et
3213 4513 3413 4581 praeci-

1863 4599 2026 4669 pitem
2057 4615 2114 4654 se
2139 4602 2369 4669 agentis,
2401 4610 2510 4655 tota
2538 4610 2740 4656 ruente.
2767 4602 3027 4667 Quoniam
3059 4601 3218 4670 igitur
3249 4615 3410 4656 manu

1865 4688 1958 4744 Dei
1984 4691 2189 4759 scripta
2232 4691 2316 4745 lex
2339 4692 2414 4744 ita
2444 4692 2769 4761 pra-cipitata
2805 4691 3059 4747 cohibere
3119 4707 3224 4744 non
3263 4699 3416 4758 pote-

1863 4787 1966 4840 rat,
2020 4780 2247 4848 ipsemet
2293 4781 2427 4849 legis
2458 4781 2710 4850 scriptor,
2784 4777 3230 4849 superessentiale
3280 4775 3412 4831 Ver-

1863 4867 2012 4929 bum,
2062 4883 2244 4922 rerum
2299 4871 2540 4924 omniqu
2601 4871 2910 4940 productrix
2971 4865 3254 4937 sapientia,
3313 4880 3412 4936 per

1864 4969 2127 5014 creaturae
2183 4962 2596 5017 crassitudinem
2664 4972 2924 5016 creaturae
2989 4959 3206 5013 unitur:
3285 4972 3411 5012 eva-

1863 5045 2069 5116 ditque'
2097 5048 2214 5116 ipse
2270 5050 2372 5113 lex,
2419 5062 2470 5104 et
2523 5049 2827 5117 praeceptio,
2877 5061 2972 5115 per
3035 5045 3272 5112 seipsum
3328 5045 3412 5099 in-

1859 5148 2183 5207 compositos
2234 5139 2530 5210 corrigens,
2585 5123 2639 5192 et.
2698 5135 3025 5205 conspicitur
3080 5133 3393 5189 immutabi-

1704 5247 1935 5303 ΝΟΉΕ.

256 5301 266 5324 δ

224 5402 234 5411 ,
257 5331 378 5411 illi)
405 5339 561 5411 lianc
583 5341 740 5411 etiam
764 5339 1064 5411 orat_ionem
1092 5343 1192 5396 sub
1230 5341 1424 5396 Leonis
1456 5341 1748 5411 imperato-

299 5397 527 5460 aomine
571 5407 827 5460 exhibent
855 5407 1039 5461 Graece
1071 5426 1199 5465 mss.
1231 5413 1447 5464 codices
1484 5397 1750 5472 vincam,

211 5471 264 5530 é't'
289 5478 698 5534 Hessanenses,
737 5483 946 5543 egoque
972 5477 1114 5528 illam
1139 5494 1200 5532 ex
1234 5477 1497 5533 Vaticano
1535 5479 1744 5541 codice,

163 5573 166 5576 -
217 5561 298 5611 per
344 5546 434 5598 Jo.
469 5543 1214 5618 _.\latthaenm_Cary0philu_ni_
1268 5546 1596 5602 lconiensem
1633 5548 1752 5618 epi-

214 5630 430 5686 scopum
467 5611 756 5684 Latinitate
789 5611 1043 5668 donatam
1072 5614 1299 5668 exhibeo
1651 5640 1654 5642 -

1927 5348 2041 5416 (12)
2079 5348 2293 5400 Initium
2341 5347 2504 5414 huius
2578 5345 2809 5416 homiliae
2843 5343 3141 5416 _ronven_it_
3167 5357 3302 5416 cum
3343 5361 3406 5400 ea

1857 5412 1975 5483 quae
2022 5412 2115 5469 itit:
2163 5425 2352 5483 quarta
2401 5412 2544 5469 edita
2602 5422 2705 5468 est.
2751 5412 2854 5465 St'd
2908 5420 3032 5483 Ροξε
3070 5412 3281 5465 illum"
3322 5431 3404 5483 ,θί

1856 5480 1964 5537 alio
2013 5480 2192 5538 textu‘
2229 5482 2416 5537 Graeco
2463 5484 2720 5535 translata
2742 5489 2841 5543 est,
2883 5489 2936 5532 et
2983 5480 3102 5533 ideo
3150 5496 3267 5534 eam
3320 5481 3408 5540 hic

1855 5553 2018 5608 etiam
2065 5551 2326 5606 edendam
2370 5565 2493 5606 esse
2517 5552 2832 5612 censuimus
2907 5547 3060 5604 EDI'I‘.
3093 5546 3261 5606 Pars.
