3980 6330
607 336 674 401 st
748 387 756 391 .
1502 296 1506 311 ”
1740 382 1741 385 ~
1830 347 2103 411 morus
2138 350 2589 415 ranosorm
3736 350 3806 413 52

606 450 675 507 lis
731 448 900 521 ﬁgura
974 449 1148 508 Patris
1213 455 1313 509 sub
1373 456 1747 515 mutabilitatis
1808 460 2005 531 specie,
2066 461 2139 515 lit-
2173 462 2451 522 Ationem
2486 478 2607 520 cum
2640 463 3079 521 seseomnibus?
3132 461 3361 516 Deorum
3403 473 3623 530 quoque
3675 471 3805 526 pro-

605 554 710 608 que
759 537 905 594 Patri
950 555 1013 594 ac
1049 542 1202 599 nobis
1235 555 1534 614 sequester,
1562 548 1743 605 soluto
1796 550 2001 621 pariete
2054 551 2140 605 in-

604 628 883 698 terposito.
928 630 1002 686 Ne
1043 631 1271 703 desipiat
1318 636 1519 703 insana
1558 649 1736 695 mente
1767 637 2008 702 Judaeus.
2042 657 2139 697 nec

602 722 745 776 diem
801 731 1097 787 aversetur,
1139 733 1199 780 ut
1252 728 1550 798 noctivagae
1601 729 1778 787 solent
1812 732 2140 795 animantes,

603 808 697 862 sed
752 810 925 863 oculis
966 811 1133 865 livore
1186 829 1288 866 non
1344 814 1652 882 depravatis
1719 816 1913 870 divina
1965 819 2143 872 incar-

602 895 836 948 nationis
885 894 1144 965 fulgorem
1188 898 1440 967 inspiciat
1492 899 1545 953 in
1579 900 1645 954 iis
1674 916 1796 969 quae
1820 910 1947 956 sunt
1979 917 2143 971 penes

601 981 800 1051 ipsum.
847 981 957 1039 Nec
1005 984 1219 1054 gentilis
1253 986 1534 1042 veritatem
1589 988 1852 1053 derideat,
1902 991 1993 1058 qui
2038 998 2147 1043 tur-

602 1071 890 1140 pitudinem
930 1088 1083 1128 suam
1115 1072 1315 1128 deitate
1360 1072 1547 1140 donat,
1580 1075 2003 1145 risuque'digna
2036 1079 2138 1131 hov

599 1170 776 1225 norat,
826 1170 880 1215 et
923 1162 1173 1228 fabulas;
1233 1164 1325 1232 qui
1381 1164 1486 1219 sibi
1536 1164 1760 1242 deorum
1827 1168 2016 1223 turbas
2075 1185 2139 1221 ex

601 1250 749 1318 pravi
806 1249 974 1302 animi
1029 1249 1310 1306 aﬂectibus
1365 1250 1587 1306 coniicit
1641 1260 1694 1309 et
1742 1252 1974 1308 nefanda
2041 1270 2139 1309 eo-

598 1354 716 1394 rum
772 1350 922 1409 gesta
968 1348 1287 1404 veneratur;
1341 1352 1396 1397 et
1445 1342 1684 1398 celebrat
1717 1358 1839 1413 qua
1888 1346 1997 1400 alto
2050 1362 2139 1402 se-

597 1429 841 1498 pelienda
899 1427 1075 1481 forent
1140 1428 1389 1494 silentio;
1450 1438 1524 1491 et,
1591 1437 1651 1483 ut
1706 1433 1883 1487 verbis
1947 1445 2136 1488 eorum

599 1523 741 1582 utar,
796 1519 947 1586 galea
1007 1516 1272 1581 Plutonis,
1314 1526 1368 1573 et
1405 1518 1698 1573 inferorum
1728 1521 1963 1575 tenebris
2017 1536 2142 1578 con-

597 1606 844 1675 tegenda.
902 1603 1002 1670 Qui
1061 1619 1168 1659 non
1224 1607 1397 1660 solum
1460 1611 1691 1661 humana
1783 1611 1985 1679 specie,
2040 1614 2133 1666 sed

598 1694 758 1747 boum
806 1703 1079 1763 quoque,
1132 1701 1188 1748 et
1267 1696 1565 1760 volucrum,
1622 1705 1675 1753 et
1738 1697 2137 1768 delphinorum,

2250 552 2479 622 genitor,
2528 569 2557 607 a
2609 569 2716 625 quo
2773 554 2865 609 filii
2923 552 3241 625 sunt.male
3287 550 3481 612 habiti,
3510 560 3566 605 et
3616 547 3709 616 qui
3770 562 3798 598 a

2252 616 2351 694 sua
2387 616 2573 697 sobole
2601 616 2738 697 male
2775 649 2859 698 est
2901 616 3136 707 habittis,
3176 639 3448 711 quomodo
3483 652 3588 691 non
3656 635 3801 706 pati-

2251 730 2389 786 tur?
2426 732 2698 800 quomodo
2762 731 2866 788 Deo
2907 732 3066 802 digna
3106 744 3209 784 non
3254 728 3403 798 agit?
3449 725 3559 780 Hoc
3608 736 3793 779 autem

2252 832 2359 888 qua
2418 820 2626 873 ratione
2670 818 2759 872 Dei
2806 818 3144 887 maiestatem
3194 829 3301 869 non
3344 807 3563 873 indicet,
3601 819 3654 864 et
3684 824 3798 877 ma:

2251 904 2475 976 gallicas
2530 921 2633 961 non
2688 909 2981 963 constituat
3027 903 3420 966 solemnitates,
3477 915 3599 967 qua:
3654 898 3797 964 apud

2251 994 2399 1062 ipsos
2447 997 2630 1079 talem!
2664 996 2860 1051 habent
2908 994 3205 1063 originem?
3253 993 3404 1046 lovis
3460 997 3582 1059 post
3621 988 3800 1079 labo-

2247 1101 2361 1142 rem
2426 1076 2624 1155 pugnae
2679 1098 2803 1139 cum
2847 1086 3158 1155 gigantibus
3232 1083 3301 1137 ad
3352 1090 3556 1152 petram
3621 1076 3800 1131 Vene-

2248 1190 2398 1229 reum
2426 1176 2717 1238 somnium,
2766 1189 2923 1243 quam
2970 1188 3136 1243 prope
3163 1171 3549 1233 obdormierat,
3590 1179 3645 1224 et
3677 1180 3803 1235 qua

2248 1266 2324 1321 illi
2386 1266 2599 1336 igneum
2630 1338 2636 1345 ν
2665 1268 2947 1336 progenuit
2974 1266 3159 1321 deum.

2318 1353 2425 1409 Sed
2464 1356 2531 1409 de
2579 1354 2739 1411 rebus
2781 1356 3111 1425 turpissimis
3153 1356 3310 1408 satis.
3358 1351 3591 1407 Valeant
3651 1349 3802 1403 enim

2246 1441 2475 1513 gentiles
2508 1448 2747 1496 monstra
2778 1443 2889 1496 haec
2941 1441 3332 1509 contingentes,
3367 1446 3423 1491 et
3467 1433 3800 1507 ignominia-

2254 1544 2377 1585 rum
2409 1530 2638 1592 honore,
2669 1540 2779 1584 tum
2810 1529 3108 1583 foeditatem
3153 1540 3343 1580 eorum
3376 1539 3517 1595 quos
3544 1540 3574 1577 a
3609 1538 3668 1579 se
3697 1522 3803 1577 bo-

2251 1622 2435 1674 norari
2461 1621 2756 1691 putabant.
2786 1628 2900 1672 tum
2928 1632 3081 1673 suam
3113 1614 3482 1684 insipientiam
3511 1613 3803 1682 divulgan-

2253 1720 2353 1775 tes.
2384 1720 2437 1767 et
2463 1726 2560 1782 per
2584 1711 2806 1764 deorum
2836 1706 3238 1760 multitudinem
3268 1704 3324 1758 in
3356 1702 3446 1758 Dei
3481 1701 3804 1770 abnegatio-

594 1783 931 1852 afiarutnqne
978 1783 1273 1838 belluarum
1314 1786 1451 1840 inter
1486 1786 1731 1842 homines
1762 1763 2035 1845 versatum
2066 1763 2145 1843 ar-

2256 1763 2804 1871 nemwp‘rolabentes.
2860 1793 3030 1851 Nobis
3076 1803 3254 1849 autem
3308 1807 3448 1848 unus
3495 1800 3580 1848 est
3624 1763 3801 1850 Deus.

596 1872 822 1928 bitratur
849 1873 1036 1938 Deum,
1068 1881 1122 1929 et
1146 1876 1424 1931 amatoriis
1450 1877 1650 1933 aculeis
1692 1878 1745 1931 in
1777 1879 1961 1932 omnia
2011 1878 2143 1935 deos

597 1970 855 2018 mutatos.
911 1964 1063 2018 illodo
1109 1967 1306 2035 quippe
1350 1964 1652 2035 Neptunus,
1677 1976 1735 2021 ut
1760 1983 1883 2023 cum
1932 1968 2147 2024 adoles-

592 2053 807 2107 centulo
858 2052 1009 2109 ludat
1063 2055 1129 2107 ad
1174 2055 1337 2109 maris
1375 2056 1527 2111 littus
1586 2056 1898 2128 delphinum
1955 2058 2144 2123 induit,

591 2156 644 2198 et
695 2160 818 2198 cum
887 2146 1092 2199 amasio
1153 2154 1321 2210 natat,
1385 2148 1674 2217 sinumque
1728 2147 1881 2221 pueri
1942 2148 2144 2202 sensim

590 2236 879 2304 obrepens,
944 2236 1271 2301 trahensque
1332 2237 1385 2290 in
1443 2237 1793 2305 profundum,
1837 2237 2037 2306 perdit,
2094 2246 2151 2293 et

595 2325 816 2379 obsceni
874 2326 1075 2378 amoris
1107 2326 1304 2379 donum
1346 2326 1439 2378 dat
1491 2336 1750 2389 mortem;
1784 2326 1978 2379 deinde
2001 2340 2150 2379 ama-

592 2420 677 2469 tor
737 2428 833 2483 pro
893 2414 1089 2467 acerbo
1141 2428 1384 2476 munere,
1448 2414 1714 2481 lacrymas
1773 2413 1932 2468 oﬂ‘ert
1974 2413 2148 2467 funeri

592 2504 824 2570 amplas,
892 2502 1181 2556 Nereidum
1236 2504 1451 2572 planctu
1486 2502 1796 2558 defunctum
1849 2504 2147 2569 honoratis,

591 2602 648 2649 et
698 2594 768 2648 ob
797 2593 1062 2663 ingentem
1118 2594 1281 2647 animi
1341 2608 1651 2658 mmrorem,
1709 2597 1875 2650 maris
1926 2597 2153 2651 admini-

591 2678 912 2733 strationem
968 2676 1252 2746 abjiciens,
1317 2695 1417 2735 nec
1460 2681 1529 2735 ob
1559 2679 1761 2736 factum
1813 2684 2000 2739 uxoris
2047 2683 2144 2740 Pe-

591 2767 659 2823 lei
708 2767 913 2839 pudore
953 2770 1235 2834 suli‘usus,
1299 2772 1412 2843 ipse
1443 2772 1823 2845 ‘eﬂ'eminatior
1876 2790 1999 2828 cutn
2055 2777 2146 2833 illa

592 2862 807 2916 modico
859 2859 993 2915 ﬂetu
1040 2861 1213 2915 filium
1263 2862 1657 2933 deploraverit,
1716 2874 1770 2918 et
1824 2865 2007 2921 dolere
2059 2869 2146 2923 de-

590 2947 760 3004 sierit.
802 2950 866 3004 Et
894 2950 1004 3003 haec
1033 2951 1247 3018 quidem
1282 2949 1578 3020 Neptunus.
1644 2953 1796 3007 Modo
1824 2969 1949 3007 vero
2009 2953 2148 3011 Mer-

2255 1891 2436 1954 Pater.
2487 1887 2679 1953 Filius,
2711 1897 2767 1944 et
2808 1886 3047 1957 Spiritus
3100 1891 3347 1948 sanctus,
3380 1896 3485 1936 non
3528 1880 3805 1949 adaptatis

2253 1985 2346 2038 uni
2382 1995 2625 2053 personae
2648 1980 2984 2045 nominibus,
3022 1977 3116 2034 sed
3147 1976 3393 2046 personis
3423 1974 3599 2028 lrihus
3633 1982 3803 2026 natu-

2257 2089 2331 2129 ra:
2359 2073 2565 2129 unitate
2591 2054 2921 2138 conjunctis.
2946 2069 3115 2123 Abeat
3144 2066 3197 2122 in
3223 2067 3417 2121 malam
3448 2078 3664 2120 crucem
3696 2063 3804 2115 huq

2245 2161 2335 2227 jus
2364 2160 2536 2215 delirii
2565 2170 2772 2220 auctor,
2810 2156 2903 2223 qui
2944 2155 3116 2210 tribus
3157 2154 3607 2224 appellationibus
3634 2164 3802 2205 unam

2252 2241 2500 2302 immutat
2524 2259 2847 2314 personam;
2875 2245 2955 2296 vel
2981 2243 3110 2296 illud
3134 2243 3380 2311 stupidus
3412 2256 3518 2295 non
3554 2238 3806 2293 animad-

2253 2347 2486 2401 vertens,
2527 2334 2672 2403 quod
2697 2332 2824 2386 dum
2851 2347 3010 2383 unam
3043 2345 3330 2402 personam
3372 2330 3641 2382 honorare
3684 2331 3808 2381 vnit

2255 2424 2694 2485 itisnominihus,
2735 2436 2843 2474 non
2892 2423 3021 2474 sinit
3048 2435 3129 2474 eo
3167 2417 3382 2473 nomine
3424 2418 3569 2470 illam
3614 2418 3805 2469 vocari

2252 2516 2396 2587 quod
2444 2514 2549 2582 ipsi
2596 2513 2869 2582 imposuit,
2922 2514 3022 2566 nec
3080 2509 3313 2580 positum
3376 2520 3496 2562 esse
3535 2504 3806 2574 permittit

2251 2604 2396 2677 quod
2426 2600 2650 2675 indidit;
2681 2601 2729 2657 si
2759 2615 2881 2657 vere
2911 2599 3084 2671 posita
3133 2606 3282 2660 sunt,
3330 2612 3447 2666 quae
3493 2594 3806 2652 successio-

2254 2711 2373 2752 nem
2414 2710 2521 2749 non
2561 2691 2889 2765 admittunt,
2927 2688 3199 2760 quomodo
3240 2687 3405 2759 igitur
3449 2687 3593 2742 illam
3642 2698 3804 2739 suam

2252 2798 2534 2856 personam
2560 2774 3031 2849 vocabitPatrem,
3066 2779 3111 2835 si
3151 2778 3262 2832 haec
3306 2775 3589 2846 appellatio
3618 2782 3808 2827 trans-

2252 2876 2294 2930 it
2319 2876 2373 2930 in
2421 2873 2541 2928 Filii
2575 2868 3032 2945 appellationem?
3071 2875 3129 2922 ut
3158 2882 3264 2921 non
3293 2865 3453 2920 modo
3486 2864 3656 2917 dicam
3684 2877 3810 2915 orn?

2252 2968 2383 3020 nino
2422 2970 2629 3034 patrem
2669 2961 2780 3016 dici
2815 2976 2920 3015 non
2948 2973 3130 3029 posse,
3163 2957 3266 3011 nisi
3308 2955 3379 3011 sit
3422 2954 3655 3020 alicujus
3700 2966 3807 3020 pa-

589 3038 777 3092 enritis
826 3050 888 3093 ut
933 3040 1250 3113 muliercula
1308 3049 1562 3109 pascente
1604 3044 1889 3111 potiretur,
1933 3045 2216 3117 iumen-(3
2249 3054 2369 3107 ter?
2417 3052 2700 3118 Quomodo
2745 3051 2905 3104 etiam
2953 3049 3167 3103 vocabit
3204 3046 3423 3100 Filium.
3471 3044 3560 3113 qui
3607 3042 3717 3096 abit
3747 3041 3805 3095 in

592 3135 709 3211 tum
757 3130 837 3194 fit,
888 3138 941 3183 et
992 3131 1242 3185 saltando
1300 3131 1521 3185 Dionem
1560 3132 1816 3195 oblectat,
1864 3141 1921 3187 et
1971 3134 2149 3203 fugam

593 3216 832 3279 simulat,
882 3225 935 3270 et
962 3232 990 3269 a
1022 3228 1276 3273 currente
1330 3222 1508 3287 puella
1552 3224 1785 3288 capitur,
1816 3230 1870 3274 et
1922 3224 1977 3275 in
2029 3222 2159 3276 dor-

593 3319 713 3358 sum
768 3304 1095 3357 insilientem
1155 3305 1359 3373 excipit
1408 3306 1481 3369 (et
1543 3307 1808 3373 reliquam
1865 3308 2157 3376 turpitudi-

596 3407 717 3447 nem
749 3392 965 3446 silentio
985 3394 1381 3463 transibimus),
1412 3395 1668 3449 nimirum
1700 3396 1942 3450 imitatus
1966 3397 2153 3452 bovem

595 3479 769 3545 illum,
816 3480 1071 3545 deorum,
1122 3481 1439 3551 principem,
1469 3483 1626 3551 cujus
1665 3491 1816 3551 tergo
1842 3485 2049 3553 Europa
2082 3486 2152 3540 in-

595 3572 751 3627 sedit.
792 3573 984 3628 Annon
1042 3580 1200 3627 erant
1250 3570 1523 3627 fanditates
1564 3573 1681 3628 ista:
1734 3574 1787 3627 in
1843 3573 2151 3630 divinitatis

594 3660 899 3731 opinionem
933 3660 1239 3725 ellerenda',
1284 3661 1735 3731 sentiendumque
1760 3661 1828 3717 de
1877 3663 2007 3728 illis,
2064 3676 2152 3719 ut-

606 3759 727 3820 pote
750 3752 878 3819 diis,
903 3752 1102 3821 quibus
1123 3759 1325 3806 tantam
1351 3753 1739 3822 turpitudinem
1773 3755 2155 3813 testiﬁcantur?

597 3838 793 3896 Verum
828 3841 941 3896 haec
979 3842 1191 3909 quidem
1219 3842 1574 3897 abominanda
1612 3854 1770 3912 sunt;
1802 3856 1991 3901 caetera
2024 3848 2154 3916 quid

594 3929 806 3985 honesti
838 3930 1056 3987 habent?
1083 3933 1359 3998 Quomodo
1387 3934 1514 3989 illud
1570 3949 1675 3991 non
1725 3935 2001 4006 dignitatis
2033 3936 2152 4009 ple-

596 4022 750 4077 nunt?
810 4018 997 4092 A‘poiio
1031 4024 1233 4080 deﬂens
1255 4032 1369 4079 tum
1420 4026 1561 4094 quod
1611 4028 1809 4097 puella,
1854 4044 2016 4099 quam
2058 4030 2156 4086 de-

597 4111 828 4178 peribat,
890 4113 1072 4181 elapsa
1133 4123 1277 4168 esset
1328 4129 1359 4168 e
1388 4116 1660 4177 nianibus,
1688 4124 1801 4170 tum
1864 4118 2009 4187 quod
2055 4106 2151 4188 ju-i

596 4214 783 4253 venem
837 4199 1124 4253 infeliciter
1165 4215 1194 4252 a
1233 4216 1293 4254 se
1333 4211 1569 4255 amatum
1620 4203 1772 4258 disco
1823 4209 2137 4271 occidisset,

598 4288 758 4356 idque
790 4288 893 4342 sibi
922 4304 987 4340 ex
1036 4289 1178 4342 [ωάο
1210 4290 1545 4357 provenisset
1601 4305 1803 4357 amore,
1830 4303 1888 4346 ut
1915 4298 2054 4350 male
2099 4298 2146 4350 is

2256 3142 2559 3211 Spiritum?
2596 3140 2748 3195 Unus
2785 3156 2915 3209 ergo
2942 3149 3027 3194 est
3055 3138 3216 3193 nobis
3247 3136 3385 3191 Deus
3438 3137 3490 3189 in
3531 3132 3809 3187 Trinitate

2256 3244 2632 3297 personarum,
2677 3229 2753 3282 ita
2788 3238 2846 3281 ut
2881 3242 3056 3296 neque
3101 3228 3172 3282 ob
3203 3228 3499 3279 ternarium
3531 3223 3810 3277 dividatur

2254 3319 2593 3373 diversarum
2622 3322 2939 3368 naturarum
2958 3308 3310 3368 sectionibus
3340 3311 3563 3365 Deitatis
3601 3312 3807 3374 unitas,

2258 3422 2357 3462 nec
2401 3408 2473 3462 ob
2525 3415 2727 3460 natura:
2774 3405 3032 3458 unitatem
3072 3401 3475 3457 confundantur
3526 3413 3809 3467 personae;

2255 3496 2350 3550 sed
2394 3494 2496 3548 tria
2530 3507 2746 3563 semper
2789 3492 2917 3553 sint.
2966 3488 3104 3544 Filio
3155 3502 3490 3558 nequaquam
3520 3502 3586 3541 ex
3633 3487 3810 3540 nihilo

2254 3596 2583 3655 emergente,
2642 3599 2767 3639 nam
2796 3592 2850 3638 et
2869 3580 3030 3637 Pater
3051 3595 3115 3636 ex
3152 3581 3319 3635 nihilo
3341 3586 3635 3646 emergeret
3660 3593 3675 3639 ;
3704 3590 3809 3629 nec

2254 3675 2416 3730 etiam
2446 3670 2674 3743 Spiritu,
2708 3689 2776 3728 ne
2800 3673 3046 3728 videatur
3073 3671 3422 3740 imperfectus
3447 3675 3604 3720 antea
3640 3664 3809 3729 Deus,

2256 3774 2442 3837 postea
2471 3764 2718 3821 defectus
2740 3763 3045 3833 deponere;
3072 3760 3164 3818 sed
3196 3774 3302 3815 una
3323 3773 3447 3814 cum
3477 3754 3814 3826 productore

2254 3854 2415 3910 Patre
2449 3856 2560 3911 sint
2595 3865 2644 3909 et
2678 3869 2743 3909 ea
2788 3868 2908 3922 quae
2955 3853 3348 3924 producuntur,
3380 3846 3540 3904 Patre
3564 3845 3811 3917 quidem,

2252 3944 2321 4001 et“
2339 3943 2546 4013 Spiritu
2592 3957 2690 3999 sua
2738 3943 2793 3997 in
2841 3940 3190 4011 simplicitate
3238 3938 3607 4002 manentibus,
3670 3934 3817 3991 Filio

2252 4047 2436 4091 autem
2510 4042 2825 4109 assumente
2883 4042 3125 4087 nostram
3158 4038 3452 4086 naturam.
3505 4025 3809 4098 Oportebat

2248 4110 2750 4195 enim,‘postqtiam
2807 4123 2913 4180 Deo
2954 4121 3178 4190 placuit,
3220 4134 3315 4189 per
3356 4119 3563 4175 viscera
3584 4114 3814 4170 miseri-

2247 4218 2466 4277 cordia),
2518 4230 2642 4270 cum
2691 4225 2874 4268 nostra
2920 4212 3116 4271 forma.
3162 4212 3387 4264 rationis
3438 4212 3658 4266 nostra.
3687 4219 3814 4273 qua:

2247 4304 2568 4361 defluxerat,
2597 4300 2939 4363 nobilitatem
2959 4298 3025 4350 ad
3060 4312 3117 4351 se
3140 4312 3415 4360 revocare,
3447 4295 3648 4369 Filium
3685 4307 3817 4346 esse

596 4378 760 4431 vitam
790 4377 1054 4445 perderet,
1086 4377 1487 4447 ignorassetque
1539 4378 1773 4437 thbus
1802 4383 1943 4451 quod
1967 4399 2033 4438 ex
2064 4385 2149 4438 lu—
2184 4376 2224 4427 ι)
2251 4393 2343 4458 qui
2375 4391 2478 4444 hoc
2519 4396 2822 4457 prmstaret,
2865 4403 2974 4439 non
3004 4387 3163 4439 modo
3202 4387 3329 4453 quia
3369 4401 3595 4441 manens
3627 4390 3687 4447 in
3720 4398 3811 4447 eo,

597 4468 668 4521 do
702 4471 1019 4519 eventurum
1043 4472 1180 4525 erat.
1210 4479 1330 4519 cum
1359 4474 1534 4521 tamen
1563 4469 1774 4524 sederet
1802 4471 1927 4524 aliis
1965 4470 2146 4525 futura

596 4552 913 4625 praedicens.
948 4550 1081 4606 illud
1116 4567 1239 4621 vero
1259 4556 1413 4620 plene
1435 4559 1705 4625 quomodo
1734 4574 1839 4614 non
1862 4558 2149 4614 divinum?

599 4644 820 4703 leites
868 4640 1028 4697 simul
1055 4656 1244 4697 omnes
1293 4644 1345 4698 in
1382 4644 1671 4717 [Egyptum
1717 4650 1923 4719 fugere,
1983 4652 2146 4721 inque

600 4734 898 4794 bu-liuarum
967 4730 1168 4786 formas
1239 4738 1424 4788 mutati
1481 4739 1621 4804 quod
1685 4739 1983 4795 terribilem
2036 4739 2143 4813 Ty-

599 4825 819 4902 phmum
845 4822 1113 4877 sustinere
1144 4833 1253 4875 non
1299 4836 1536 4891 possent,
1572 4829 1664 4896 qui
1704 4847 1875 4899 nuper
1900 4832 2145 4902 giganteo

597 4914 862 4983 sanguine
919 4923 1071 4967 ortus
1122 4911 1342 4967 deorum
1401 4922 1606 4971 turmas
1663 4922 1809 4974 solus
1864 4924 1917 4975 in
1962 4922 2141 4995 fugam

599 5004 878 5063 vertebat-'1
935 5000 1069 5056 Illud
1127 5016 1292 5072 porro
1347 5000 1573 5058 Veneris
1621 5021 1742 5060 cum
1783 5007 1950 5064 Marte
1992 5010 2144 5064 adul-

599 5095 816 5160 terium,
851 5102 905 5148 et
942 5107 1135 5148 rursus
1187 5104 1313 5146 cum
1345 5091 1588 5147 Adonide
1620 5097 1961 5161 concubitus,
1987 5114 2144 5167 quem

594 5183 754 5239 etiam
810 5183 927 5253 apri
980 5185 1087 5239 ictu
1152 5186 1400 5238 necatum
1447 5184 1725 5238 amatoriis
1786 5184 1926 5238 lavat
1982 5188 2148 5256 iacry—

596 5265 739 5330 tuis?
796 5275 931 5342 Quid
958 5316 959 5319 η
990 5274 1183 5330 Junoe
1207 5275 1345 5329 cmld
1414 5274 1672 5342 pendens,
1730 5288 1888 5342 quam
1938 5273 2148 5344 Jupiter

595 5362 839 5431 coniux,
887 5363 1015 5433 quia
1058 5368 1281 5433 propter
1338 5348 1620 5417 Herculem
1660 5358 1940 5431 'zelotypia
1996 5364 2144 5417 labe»

600 5450 776 5514 rabat,
825 5452 973 5522 gravi
1024 5459 1214 5508 catena
1263 5449 1587 5521 suspendit?
1636 5450 1741 5505 Sed
1787 5450 2150 5529 ubi'_repone-

597 5550 720 5593 ntus
774 5555 894 5607 eas,
926 5558 1046 5613 qua:
1094 5557 1220 5599 cum
1249 5541 1383 5598 artis
1435 5541 1630 5596 attitqu
1669 5539 1993 5611 Thamyridc
2037 5556 2148 5597 cer-

600 5636 797 5701 tantes,
848 5637 1128 5701 praiuiium
1191 5631 1506 5691 certaminis
1552 5646 1883 5703 proposuere
1934 5640 2142 5688 scorta-

2248 4478 2389 4549 quod
2424 4488 2685 4533 mternum
2736 4478 2947 4538 habuit,
2979 4477 3179 4530 nullam
3219 4483 3337 4528 erat
3380 4490 3602 4529 suorum
3634 4478 3816 4547 factu-

2246 4584 2340 4624 rus
2365 4568 2669 4637 jncturam;
2712 4564 2807 4621 sed
2836 4566 2962 4634 quia
2989 4567 3148 4620 etiam
3180 4561 3339 4617 Verbi
3371 4572 3491 4618 erat
3525 4568 3816 4635 remorare

2249 4674 2277 4712 a
2336 4658 2490 4713 nobis
2538 4673 2631 4725 Per
2684 4672 2845 4710 suum
2892 4653 3275 4710 commercium
3327 4659 3527 4706 nostrm
3578 4647 3814 4717 rationis

2245 4750 2591 4805 detrimenta.
2642 4744 2850 4802 ideirco
2912 4747 3003 4818 qui
3060 4747 3255 4800 saecula
3310 4742 3574 4804 condidit,
3638 4726 3815 4819 sumit

2247 4839 2459 4894 initium
2491 4840 2801 4894 mternitate
2835 4838 3129 4907 posterius,
3180 4847 3234 4890 et
3260 4833 3607 4889 immaculato
3638 4840 3814 4903 poor-

2247 4929 2397 4999 perio
2426 4943 2597 4982 meam
2648 4926 3081 4997 procreationem
3118 4926 3369 4990 honorat;
3411 4930 3467 4977 et
3488 4920 3631 4992 quod
3665 4912 3819 4975 σεῖε-

2244 5018 2468 5073 bramus
2515 5018 2699 5091 hodie,
2750 5032 2921 5071 carne
2954 5016 3180 5070 oli'ertur
3219 5017 3273 5069 in
3300 5013 3520 5083 templo,
3558 5024 3641 5064 Inc
3680 5004 3825 5067 θυῖε

2244 5106 2490 5161 ctiticans
2516 5092 2584 5161 de
2627 5104 2859 5174 profano
2900 5113 2955 5159 et
3004 5106 3217 5173 impuro
3257 5102 3547 5171 impietatis
3591 5092 3821 5159 vivendi

2247 5194 2515 5249 instituto.
2553 5194 2666 5250 lioc
2692 5203 2798 5257 est,
2854 5195 3000 5262 quod
3036 5193 3208 5247 hodie.
3221 5207 3317 5263 per
3343 5188 3822 5261 dispensationerit

2244 5283 2423 5348 edicit,
2463 5285 2554 5354 qui
2591 5301 2690 5354 pro
2720 5284 2880 5337 nobis
2926 5282 3101 5337 factus
3145 5292 3231 5338 est
3274 5281 3479 5336 infans.
3510 5280 3620 5335 Hoc
3652 5278 3819 5356 celes-

2247 5372 2492 5440 bramus,
2541 5375 2872 5430 oblationem
2924 5372 2976 5425 in
3024 5374 3225 5443 templo
3264 5372 3513 5433 infantis,
3572 5371 3659 5424 cui
3702 5366 3825 5433 litt-

2248 5476 2473 5530 gnarum
2504 5464 2783 5533 ignearmn
2808 5460 3038 5516 olIertur
3060 5462 3201 5526 laus.
3236 5461 3372 5528 Quis
3405 5476 3515 5516 non
3550 5446 3820 5515 horreat?

2249 5549 2387 5614 Quis
2423 5566 2530 5604 non
2554 5553 2953 5622 obstupescat?
2976 5552 3110 5617 Quis
3140 5568 3244 5607 non
3275 5562 3399 5623 agat
3433 5549 3676 5622 gratias?
3701 5546 3815 5614 Qui

2260 5638 2440 5694 omnia
2466 5640 2674 5723 perlicit
2702 5649 2758 5696 ut
2783 5639 2949 5707 Deus,
2996 5639 3323 5716 imperfectas
3348 5637 3654 5699 mortalium
3679 5643 3819 5698 aeta.
