3984 6322
564 377 632 439 55
978 377 987 389 ’
1781 361 2053 448 LEONIVS
2072 358 2520 450 PiIILOSOPHI
3027 448 3030 450 Δ
3261 391 3265 395 ρ
3701 356 3771 421 55

569 498 707 538 vero
730 460 1071 551 [prtesentia‘i
1127 476 1305 540 Mater,
1355 488 1475 544 qua:
1536 486 1641 527 non
1691 470 1901 543 peperit
1949 486 2103 526 com-
2135 477 2332 532 Amus
2387 470 2452 524 ad
2526 470 2811 541 sapientem
2848 486 3054 536 senem,
3109 472 3199 542 qui
3236 474 3291 527 in
3344 471 3611 555 profundo
3668 471 3773 527 bu-

574 572 721 626 muni
764 577 997 629 matrum
1044 568 1160 636 lege
1196 564 1418 635 prolem,
1466 569 1526 615 ut
1570 575 1723 616 suam
1776 558 2114 629 primogeni-
2214 563 2456 615 militatis
2490 563 2771 632 prospexit
2859 563 3196 618 altitudinem
3254 563 3682 634 magnitudinis,
3718 576 3775 617 et

571 671 748 716 turam
791 636 965 715 sistat.
1000 657 1127 721 Deo,
1152 653 1386 726 procedit
1425 670 1441 718 ;
1475 651 1731 706 infantem
1784 650 1976 720 pannis
2030 648 2112 702 in-
2213 652 2316 705 sub
2365 660 2603 710 testaceo
2661 662 2867 709 natura:
2923 662 3123 710 nostra
3171 656 3515 725 operimento
3560 653 3774 723 Marga-

572 754 811 806 volutnm
854 728 1053 807 vilibus
1090 745 1372 809 sacerdoti
1415 743 1600 806 offert;
1658 743 1886 811 suscipit
1918 755 2103 795 sacer-
2215 742 2373 795 ritam
2408 742 2634 799 Deitatis
2692 745 2934 808 invenit;
2990 745 3149 813 cujus
3206 745 3610 815 pulchritudine
3649 748 3773 817 plu-

572 841 693 897 dos.
724 831 902 907 "Quid
960 839 1152 894 deinde
1209 836 1300 891 fit?
1344 834 1498 891 Ulnis
1560 834 1760 902 exeipit
1825 832 2112 897 infantem,
2211 833 2405 887 rimum
2455 835 2787 901 delectatus;
2830 837 2896 891 ad
2945 853 3160 893 sacrum
3217 827 3439 896 c‘armen
3484 839 3776 895 modulan-

572 940 738 1002 ulque
782 928 1010 999 Qomino
1066 929 1318 996 hymnum
1381 925 1641 989 conéinit,
1694 935 1751 977 ut
1798 939 1972 993 nuper
2020 938 2109 994 ge-
2213 924 2336 978 dum
2366 926 2600 981 alacrius
2640 937 2841 1003 movet
2887 930 3149 999 linguam.
3193 932 3403 1003 Auxquo
3448 944 3776 986 remunera-

572 1000 744 1075 nitum
801 1030 1007 1072 naturte
1077 1032 1291 1087 germen
1337 1014 1551 1084 accipit,
1583 1022 1637 1067 et
1686 1030 1716 1068 e
1744 1013 1859 1079 ,vita
1910 1012 2112 1067 dimitti
2208 1018 2374 1071 tionis
2420 1000 2659 1082 nomine,
2702 1034 2766 1074 eo
2797 1020 2941 1090 quod
2970 1035 3131 1073 senex
3162 1000 3297 1074 eum.
3325 1020 3380 1075 in
3421 1020 3580 1075 ulnas
3617 1033 3774 1075 acce-

572 1121 630 1163 ut
678 1109 990 1177 Creatorem
1029 1117 1202 1178 rogat.
1266 1107 1404 1173 Quid
1461 1103 1733 1176 loqueris?
1795 1104 1936 1170 Quid
1988 1104 2113 1157 novi

568 1207 674 1259 est,
722 1212 756 1252 ο
807 1196 1101 1252 sacerdos?
1132 1195 1273 1249 Cum
1330 1195 1395 1249 lis
1432 1206 1551 1263 quae
1615 1193 1889 1257 videntur,
1944 1193 2106 1247 verba

573 1296 663 1340 tua
720 1302 830 1339 non
884 1286 1230 1340 conveniunt.
1296 1281 1395 1337 Ubi
1454 1282 1843 1338 dominationis
1899 1282 2118 1338 fastus?

576 1375 674 1430 Ubi
723 1378 1018 1445 Inajestatis
1048 1384 1151 1429 tuae
1209 1374 1469 1431 satellites
1519 1382 1934 1437 concursantes,
1984 1391 2114 1446 prae-

571 1465 799 1519 euntes?
828 1464 1246 1533 Vides~quanta
1304 1470 1480 1517 rerum
1539 1463 1742 1533 inopia,
1825 1472 1877 1517 et
1936 1463 2114 1518 Domi-

572 1567 700 1605 num
761 1554 962 1608 vocas?
1003 1551 1262 1607 Infantem
1315 1556 1489 1622 nuper
1521 1552 1575 1605 in
1630 1553 1751 1607 vita:
1796 1552 1970 1607 lucem
2004 1553 2111 1608 edi-

570 1651 683 1695 tum
745 1651 915 1709 tenes,
954 1654 1006 1697 et
1039 1643 1195 1697 verba
1254 1641 1406 1706 facis,
1459 1641 1615 1711 quasi
1669 1642 1737 1695 ad
1777 1643 1901 1698 vitae
1946 1643 2115 1714 impe-

477 1716 483 1723 ’
566 1732 707 1788 rium
755 1724 1127 1790 obtinentem?
1176 1733 1451 1800 Quomodo
1500 1734 1661 1790 rebus
1726 1734 1861 1789 adeo
1928 1736 2109 1804 parvis

2223 1105 2380 1175 perit,
2415 1105 2720 1161 discessum
2751 1108 2913 1161 evita
2960 1108 3277 1177 impetratis,
3328 1106 3461 1161 abiit
3511 1109 3578 1163 ad
3630 1107 3776 1163 infe-

2211 1211 2322 1259 ros,
2366 1196 2791 1251 annuntiaturus
2851 1196 3083 1252 detentis
3143 1197 3275 1251 inibi
3355 1194 3564 1265 egenis,
3629 1212 3775 1267 quas

2210 1287 2346 1342 vidit
2407 1287 2522 1367 ipse
2569 1288 2812 1344 divitias.
2842 1287 2941 1342 Cui
2972 1290 3433 1359 appropinquans,
3464 1295 3774 1356 torporem-

2208 1392 2313 1446 que
2344 1376 2576 1432 flaceidae
2601 1380 2781 1433 carnis
2813 1379 3112 1449 deponens,
3176 1377 3545 1447 reﬂorensque
3580 1378 3774 1432 sensi-

2168 1468 2334 1531 'bus,
2389 1468 2581 1538 spiritu
2646 1470 2761 1522 obit
2824 1468 3068 1538 spiritale
3135 1467 3517 1523 ministerium.
3560 1464 3777 1520 'Enian-

2212 1575 2335 1615 vero
2382 1561 2709 1630 propheticis
2752 1561 2885 1615 olim
2934 1560 3108 1616 oculis
3154 1574 3251 1629 per
3327 1556 3573 1630 symbols
3632 1572 3777 1627 pra:-

2199 1658 2509 1713 _monstrata
2537 1658 2684 1715 sunt,
2725 1668 2841 1721 quae
2869 1651 3024 1717 fiunt,
3054 1660 3107 1706 et
3140 1652 3196 1705 in
3248 1649 3475 1720 forcipe,
3508 1658 3563 1703 et
3594 1663 3774 1718 pruna

2214 1748 2331 1790 erat
2375 1738 2623 1809 aenigma,
2686 1741 3000 1795 continente
3063 1739 3179 1805 illo,
3226 1740 3329 1793 hac
3382 1737 3647 1807 propheta
3695 1738 3777 1789 la-

563 1836 620 1883 et
672 1829 944 1894 tenuibus,
999 1844 1187 1897 magna
1219 1838 1269 1883 et
1324 1818 1638 1882 admiranda
1689 1831 2105 1887 accommodas?
2142 1797 2179 1848 B
2220 1829 2304 1881 bia
2357 1797 2634 1897 tangente,
2672 1836 2729 1883 et
2787 1830 3154 1898 propheticum
3214 1829 3587 1883 inflammante
3615 1841 3776 1880 men-

563 1916 629 1970 Et
676 1919 900 1992 gloriam
949 1920 1135 1984 Israel,
1190 1930 1244 1974 ct
1283 1919 1463 1973 lumen
1503 1934 1664 1975 vocas
1721 1921 1960 1991 gentium
2019 1925 2106 1976 lu-

561 2006 760 2063 fantem
792 2010 966 2080 inapis
989 2009 1174 2066 Matris
1208 2008 1356 2085 (l5)?
1388 2007 1492 2065 Sed
1521 2010 1677 2076 adde,
1710 2027 1829 2080 qua:
1877 2021 2104 2080 restant,

560 2096 626 2150 ad
667 2097 1032 2152 laudationem
1093 2101 1229 2167 ejus,
1258 2099 1349 2168 qui
1378 2099 1479 2153 sub
1519 2107 1714 2154 nostra:
1752 2102 1947 2157 carnis.
1967 2103 2107 2157 vela-

562 2194 745 2240 mento
798 2187 888 2241 lux
930 2189 1077 2243 latet.
1132 2188 1297 2255 Quid.
1328 2189 1538 2244 tandem
1600 2190 1753 2259 aget?
1803 2190 1944 2256 Quid
1990 2178 2114 2250 tuo;

560 2275 741 2354 litnr?‘
769 2278 852 2333 An
897 2280 1035 2334 duas
1084 2280 1173 2334 ille
1219 2274 1329 2335 res.
1360 2288 1601 2349 peraget,
1658 2283 1885 2335 aliorum
1924 2299 2110 2340 resur-

560 2368 748 2431 rectio,
779 2368 1008 2422 aliorum
1057 2369 1212 2421 ruina
1260 2368 1500 2431 futurus,
1551 2370 1640 2435 qui
1693 2369 1814 2433 tibi,
1857 2385 1889 2423 ο
1921 2386 2109 2438 senex,

559 2457 899 2526 conspicitur
950 2470 979 2509 a
1010 2457 1223 2511 duobus
1272 2466 1556 2522 constans,
1593 2457 1839 2526 deiectos
1873 2460 2015 2515 bono
2052 2463 2107 2517 in

559 2554 703 2599 statu
739 2545 1132 2615 collocaturus,
1193 2547 1431 2605 tumidos
1467 2546 1857 2616 depressurus:
1896 2554 2110 2620 quando

550 2640 615 2691 et
654 2634 822 2691 Mater
856 2638 1182 2704 virginitatis
1228 2638 1448 2708 integrat
1480 2638 1660 2708 gladio
1685 2639 1890 2696 doloris
1921 2649 2103 2698 trans~

559 2726 759 2783 fossam
807 2729 911 2783 sibi
961 2730 1156 2784 sentiet
1182 2731 1414 2783 animam
1448 2728 1595 2800 (ξων
1631 2728 1801 2785 Norat
1821 2733 1962 2787 enim
1990 2734 2108 2790 dei-

560 2818 806 2874 cidarum
862 2820 1095 2884 facinus,
1132 2830 1187 2875 et
1230 2820 1347 2876 fore
1392 2832 1448 2875 ut
1479 2830 1720 2878 cruenta
1771 2838 1966 2882 manus
2014 2842 2105 2881 ar-

557 2908 909 2962 marenturin
943 2924 1087 2973 eum,
1141 2909 1232 2978 qui
1262 2911 1431 2966 sacris
1473 2912 1777 2967 vehebatur
1828 2916 2101 2972 manibus.

553 2991 709 3049 Nunc
736 3010 865 3051 sane
908 2996 1145 3069 illuuyin
1177 2996 1360 3053 fasciis
1399 2999 1583 3054 furens
1622 3004 1961 3071 persequitur
1992 3001 2098 3057 He-

2221 1926 2348 1972 tetn.
2395 1917 2579 1988 itaque
2631 1934 2750 1987 qna:
2799 1933 2942 1972 nunc
2992 1925 3121 1972 sunt
3151 1933 3261 1981 res,
3315 1916 3600 1986 aenigmata
3638 1925 3778 1969 tunc

2215 2016 2407 2063 erant:
2437 2010 2571 2063 lacte
2600 2008 2847 2064 nutriens
2870 2020 2923 2063 et
2941 2006 3101 2078 Virgo
3120 2022 3341 2062 manens
3371 2006 3504 2076 (t7),
3527 2005 3779 2059 inacces-

2221 2097 2395 2153 sibilis
2435 2109 2487 2151 rt
2534 2104 2802 2167 portatus,
2853 2096 3037 2153 Puella
3092 2106 3346 2167 tanquam
3384 2095 3602 2163 forceps
3640 2109 3779 2163 pru-

2223 2201 2344 2239 nam
2410 2186 2710 2241 divinitatis
2769 2194 2984 2251 tenens,
3016 2201 3179 2255 quam
3208 2187 3371 2242 etiam
3425 2199 3619 2239 manus
3680 2198 3779 2238 sa-

2222 2277 2456 2330 cerdotis
2520 2284 2801 2343 tangentes
2840 2276 3284 2337 sanctificantur,
3314 2286 3367 2329 et
3412 2290 3475 2329 os
3512 2274 3778 2330 vaticinio

2224 2366 2462 2432 Spiritus
2495 2365 2785 2433 impletur;
2850 2369 2995 2437 ulnae
3048 2379 3325 2434 corporeae
3374 2362 3524 2417 illum
3554 2366 3776 2430 ample-

2223 2463 2453 2517 ctentes,
2503 2467 2660 2523 quem
2720 2452 2917 2505 intueri
2973 2467 3080 2506 non
3137 2451 3337 2506 audent
3386 2449 3778 2505 immateriales

2222 2544 2385 2599 oculi.
2431 2542 2532 2608 Qui
2590 2528 2949 2596 materialem’
2990 2546 3231 2617 nostram
3281 2538 3647 2594 substantiam
3686 2553 3780 2594 es-

2222 2635 2409 2688 sentia:
2468 2648 2580 2686 suae
2615 2636 2828 2696 uilicus,
2868 2631 2997 2685 facit
3030 2640 3090 2685 ut
3124 2646 3223 2686 sua
3260 2629 3599 2687 intoleranda
3649 2644 3773 2683 ma-

2204 2722 2389 2792 iestas
2423 2723 2473 2776 in
2510 2722 2772 2775 materiali
2808 2728 3003 2775 nostro
3028 2730 3305 2790 portetur:
3333 2730 3385 2775 et
3434 2718 3619 2775 fasciis
3648 2721 3780 2789 qni-

2219 2813 2341 2867 dem
2398 2812 2654 2881 alligatus
2725 2820 2826 2875 est,
2895 2810 2990 2866 sed
3046 2818 3361 2881 portantem
3434 2809 3777 2865 sacerdotem

2216 2906 2592 2973 corporalibus
2651 2902 2813 2958 solvit
2858 2900 3062 2964 fasciis,
3093 2909 3150 2954 ut
3185 2899 3397 2970 rugosis
3457 2900 3548 2953 ille
3596 2899 3781 2954 oculis

2218 2996 2372 3061 vidit,
2409 2994 2553 3066 quod
2586 3008 2758 3064 nuper
2788 2990 3063 3065 apparuit,
3097 2991 3343 3045 Salutare
3378 2988 3561 3045 Israel.
3593 2989 3779 3060 Opor-

554 3085 738 3138 ro'les.
786 3082 851 3138 Et
909 3083 1181 3153 :Egyptus
1232 3089 1462 3157 excipiet
1521 3089 1669 3143 illum
1725 3108 1755 3144 a
1819 3108 1927 3160 quo
1977 3093 2175 3154 olimC
2208 3088 2362 3142 tebat-
2402 3086 2548 3141 enim
2621 3085 2975 3140 subterranea
3041 3080 3408 3138 incolentibus
3464 3082 3581 3135 loca
3633 3097 3780 3137 nuu-

552 3173 827 3240 vapulavit
872 3183 1096 3244 propter
1128 3174 1376 3244 hospites
1415 3178 1556 3231 male
1609 3189 1881 3247 acceptos.
1917 3190 1970 3234 et
2014 3182 2101 3234 in-

554 3259 829 3329 tingentur
874 3262 1036 3332 gladii
1070 3263 1126 3317 in
1166 3264 1427 3318 infantum
1476 3266 1640 3331 caede,
1694 3276 1754 3321 ut
1791 3268 1973 3325 Infans
2007 3285 2103 3325 ne-

554 3357 729 3416 cetur.
788 3351 1082 3420 Oportebat
1127 3354 1270 3407 enim
1311 3353 1416 3407 Deo
1447 3355 1500 3408 in
1532 3364 1677 3408 terra
1720 3368 1847 3411 nato
1873 3358 1940 3413 de
1964 3374 2093 3413 san-

555 3438 815 3507 guinibus
857 3438 1114 3509 Virginis,
1155 3442 1393 3509 mquales
1423 3443 1523 3497 sibi
1555 3459 1650 3511 per
1688 3446 2004 3517 sanguinem
2048 3440 2101 3502 in

555 3530 708 3584 cwlis
740 3532 928 3594 nasci;
974 3538 1026 3584 et
1063 3532 1292 3599 primam
1344 3533 1490 3587 illam
1525 3544 1760 3599 aetatem,
1796 3552 1827 3592 e
1867 3552 2101 3605 prmsen-

555 3620 629 3687 tia
673 3617 885 3674 Domini
939 3622 1173 3676 fructum
1238 3626 1538 3693 percipere,
1585 3640 1705 3693 quas
1747 3627 1917 3696 prima
1952 3630 2098 3685 illum

552 3721 607 3776 ίιι
634 3710 767 3764 suis
816 3710 1040 3766 habuit:
1080 3712 1279 3767 caedem
1328 3714 1420 3767 illo
1480 3718 1785 3773 sustinente
1826 3735 1923 3788 pro
1954 3737 2102 3792 rege-

551 3800 810 3866 nerandis
858 3802 1140 3867 omnibus,
1184 3806 1401 3873 quando
1458 3804 1633 3861 Patris
1679 3824 1907 3879 magnus
1961 3813 2105 3881 Αρο-

555 3903 752 3968 stolas,
784 3892 1059 3957 “absoluto
1102 3910 1264 3965 opere
1304 3905 1523 3965 propter
1558 3899 1701 3967 quod
1750 3909 1834 3955 est
1878 3903 2101 3969 missus,

552 3990 804 4046 omnibus
854 3993 1014 4047 simul
1064 3985 1265 4061 pandet
1289 3987 1464 4046 sinus
1492 3988 1761 4045 caelestes.
1820 3989 1923 4047 Sed
1976 4008 2105 4049 cave

558 4090 615 4134 tu
669 4081 863 4135 iterum
926 4083 995 4135 ob
1047 4082 1384 4148 apostolatus
1410 4096 1628 4145 nomen,
1677 4080 1949 4153 Unigeniti
1998 4084 2106 4138 im-

557 4171 768 4224 minuas
815 4171 1064 4240 gloriam,
1135 4187 1232 4226 nec
1284 4170 1621 4232 dominatum
1676 4177 1731 4228 in
1790 4178 2102 4232 servitutem

558 4257 804 4325 redigas;
869 4257 1104 4309 alienum
1160 4258 1311 4312 illum
1358 4275 1389 4311 a
1434 4268 1661 4325 paterna
1727 4272 1918 4315 natura
1974 4279 2105 4318 eon-

559 4349 811 4401 stituens.
873 4343 979 4399 Sed
1025 4346 1386 4413 apostolatum
1449 4347 1696 4411 audiens,
1739 4350 2103 4417 aequalitatem

560 4432 867 4495 considera.
937 4430 1062 4489 Haec
1122 4433 1187 4483 ad
1248 4447 1365 4495 eos,
1418 4434 1509 4497 qui
1564 4433 1845 4490 beneflciis
1897 4436 2101 4499 affecti,

564 4522 759 4590 ingrati
792 4528 939 4583 sunt,
960 4527 1013 4573 et
1040 4521 1243 4575 honore
1266 4522 1407 4575 aucti
1440 4536 1503 4574 ac
1530 4524 1807 4577 sublimati
1830 4538 1923 4590 per
1951 4522 2105 4578 Verbi

562 4611 912 4665 humilitatem
936 4612 1265 4666 inltonorant
1295 4614 1673 4675 honorantem,
1719 4628 1923 4681 proque
1950 4612 2103 4667 fasti-

562 4701 651 4771 gio
693 4700 989 4755 cacuminis
1045 4700 1273 4755 reddunt
1319 4701 1739 4769 depressionem.
1766 4699 1871 4754 Sed
1900 4701 2101 4777 gredea-

641 4817 685 4851 ³⁷
711 4817 885 4873 Exod.
916 4834 998 4884 ιιι,
1028 4818 1053 4871 1
1115 4834 1267 4890 seqq.

2212 3178 2337 3232 tiari
2369 3192 2495 3246 qua!
2540 3191 2704 3245 supra
2763 3184 2980 3231 terrent-
3016 3174 3217 3229 ﬂebant
3260 3172 3631 3239 admirabilia,
3683 3174 3782 3230 do-

2215 3269 2441 3335 cerique
2518 3266 2641 3320 illos
2693 3267 2855 3320 etiam
2912 3265 3199 3322 advenisse
3254 3265 3445 3320 mundi
3514 3267 3777 3331 salutem,

2216 3359 2491 3424 Deumque
2515 3365 2727 3425 seatare
2758 3369 2999 3420 carnem,
3033 3364 3083 3409 et
3119 3368 3350 3423 puerum
3382 3370 3524 3417 esse,
3555 3356 3648 3423 qui
3683 3361 3778 3409 est

2211 3457 2335 3505 ante
2356 3448 2581 3505 saecula:
2604 3456 2656 3502 et
2676 3446 3003 3500 nutrimenta
3024 3443 3550 3506 subministrantem,
3568 3446 3653 3499 lae
3678 3461 3782 3498 su-

2208 3556 2334 3612 gcre
2356 3559 2363 3567 ·
2382 3540 2847 3605 ailventurumque
2868 3543 2926 3588 ut
2955 3533 3181 3589 afflictos
3202 3535 3272 3588 ab
3290 3534 3548 3613 aerumnis
3574 3534 3780 3589 libera-

2214 3639 2315 3695 ret,
2339 3637 2591 3695 essetque
2614 3626 2826 3679 interim
2861 3623 2971 3677 illic
3000 3623 3340 3679 morantibus
3364 3622 3636 3692 patientiae
3665 3623 3779 3677 lar-

2215 3720 2377 3787 gitor.
2431 3716 2557 3770 ideo
2606 3712 2860 3785 Symeoui
2901 3725 3219 3781 responsum
3248 3711 3454 3765 dature
3474 3711 3658 3765 carnis
3680 3725 3779 3765 er-

2216 3806 2429 3879 gastulo
2482 3819 2542 3859 se
2591 3818 2699 3859 non
2746 3802 3016 3858 exiturum
3044 3841 3063 3870 ,
3139 3803 3196 3856 ni
3247 3800 3426 3855 videat
3474 3799 3783 3859 Salvatoris

2214 3896 2281 3951 ad
2292 3904 2504 3950 ventum
2523 3896 2586 3948 ³⁸.
2608 3894 2775 3947 Adam
2803 3907 2965 3949 aures
2994 3906 3227 3947 mcerore
3250 3906 3543 3961 oppressas
3564 3892 3780 3959 aperiet

2222 3988 2424 4043 lmlitize
2469 3988 2680 4052 nuntio,
2726 3992 2780 4039 et
2825 3985 3135 4041 Creatorem
3168 3999 3397 4047 narrans
3431 3984 3629 4054 gestari
3658 3999 3781 4039 ma-

2216 4079 2396 4142 nibus,
2429 4076 2687 4132 mmstitia
2718 4075 2918 4146 posita,
2951 4085 3134 4130 senem
3167 4088 3265 4144 spe
3292 4073 3485 4129 elliciet
3512 4074 3777 4130 alacrem.

2220 4170 2327 4223 Eva
2362 4168 2455 4222 ubi
2486 4165 2738 4222 didicerit
2758 4181 2789 4220 e
2819 4164 3041 4220 muliere
3069 4172 3278 4230 natum,
3307 4172 3496 4234 partus
3521 4163 3779 4219 dolorum

2219 4259 2653 4317 maledictionem
2681 4272 2787 4312 non
2829 4271 2970 4325 aegre
3014 4256 3169 4321 feret.
3223 4266 3386 4323 quam
3440 4253 3783 4309 haereditatis

2220 4353 2438 4404 nomine
2493 4348 2728 4417 posteris
2782 4346 3105 4401 transmisit.
3143 4344 3321 4401 Moses
3366 4346 3442 4401 ab.
3480 4360 3547 4400 eo
3598 4344 3779 4415 legem

2213 4439 2425 4507 impleri
2478 4438 2615 4491 sciet
2648 4436 2719 4499 ⁸⁷,
2756 4434 2916 4503 cujus
2942 4433 3126 4503 digitis
3153 4434 3411 4501 scriptam
3446 4434 3690 4503 accepit,
3722 4440 3783 4489 et

2210 4542 2271 4581 ea
2325 4526 2436 4592 jam
2465 4524 2653 4578 effecta
2685 4523 2858 4584 reddi,
2886 4537 3010 4591 qua:
3052 4522 3104 4575 in
3144 4522 3265 4590 igne
3293 4532 3347 4577 et
3380 4524 3514 4579 rubo
3542 4522 3775 4578 viderat.

2210 4614 2408 4669 Omnes
2455 4612 2655 4668 detenti
2709 4612 3001 4676 intuleris,
3030 4622 3085 4667 et
3124 4614 3178 4665 in
3219 4627 3453 4669 mterore
3503 4616 3773 4683 iacentes,

2211 4717 2507 4774 praeconem
2542 4701 2840 4771 suscipiant
2873 4702 3070 4756 laetum.
3116 4701 3241 4756 Erat
3295 4719 3457 4772 porro
3505 4689 3767 4760 immensi

2059 4885 2291 4941 ΝΟΤΔΕ.

635 4975 746 5044 (ιδ)
774 4974 953 5044 Inopia
981 4975 1195 5031 Matris.
1229 4976 1302 5031 De
1328 4978 1640 5046 paupertate
1670 4975 1840 5046 beata;
1871 4973 2110 5046 Virginis

564 5042 669 5099 late
704 5042 842 5101 inter
872 5042 1023 5102 alios
1074 5057 1239 5116 agunt
1289 5042 1671 5116 lt'ic'hardus‘a
1730 5046 1785 5097 S.
1816 5042 2111 5116 Laurentio

563 5116 866 5198 lib.ntv_lde
887 5113 1160 5198 Laudibus
1180 5115 1335 5198 _\_l'irg.
1365 5132 1419 5198 _a_
1449 5130 1572 5184 pag.
1601 5113 1735 5198 279,.
1759 5114 2111 5198 et‘deinecps,

564 5194 617 5253 et
664 5183 943 5239 Pelbartus
982 5188 1033 5239 in
1083 5181 1333 5241 Stellurio
1365 5181 1461 5240 lib.
1498 5181 1591 5245 vit,
1623 5190 1762 5253 part.
1804 5181 1860 5249 2,
1902 5181 2089 5237 at-tfﬁ

564 5268 684 5321 Cap.
711 5254 795 5306 10.
824 5254 972 5319 Quos
1007 5266 1059 5308 tu
1083 5257 1327 5309 consule.

638 5320 748 5389 (lli)
778 5322 966 5392 {Studia
1000 5325 1196 5377 doloris
1246 5324 1595 5392 transfossam
1638 5322 1739 5377 sibi
1786 5325 1969 5392 sentiet
2007 5320 2116 5392 ani-

570 5406 745 5463 mam._
778 5389 852 5444 De
896 5394 1073 5463 gladio
1129 5395 1370 5456 doloris,
1399 5389 1525 5463 quo
1562 5394 1741 5447 anima
1779 5390 2117 5463 [gallirginis

570 5460 868 5529 transfossa
891 5461 992 5529 fuit
1018 5461 1086 5514 ob
1114 5464 1421 5529 passionem
1435 5460 1501 5516 ἐι
1533 5471 1761 5515 mortem
1792 5460 1932 5519 Filii,
1961 5461 2115 5529 plura

572 5527 755 5597 habes
792 5543 855 5581 ex
882 5592 886 5597 _
917 5527 1016 5582 SS.
1051 5524 1265 5583 Patrum
1316 5532 1679 5585 monumentis
1733 5531 1921 5582 hausta
1951 5524 2114 5597 apud

570 5592 855 5660 Georgium
882 5592 886 5597 ’
917 5599 1287 5654 Colvenerium
1352 5600 1404 5652 in
1459 5598 1573 5651 Kal.
1611 5597 1850 5655 Mariano
1907 5592 2023 5649 die
2050 5594 2113 5647 18

574 5662 771 5723 Martii,
801 5664 1069 5719 Iustinum
1102 5668 1543 5721 Miecitovienso-m
1576 5678 1720 5718 tomo
1746 5664 1785 5717 ll
1820 5668 1871 5717 in
1905 5664 2117 5718 litanias

578 5732 933 5799 Laurctanas,
984 5752 1142 5799 super
1194 5738 1324 5793 illud
1386 5737 1527 5801 Virg.
1574 5734 1803 5803 elogium
1854 5750 1866 5785 :

2056 5219 2112 5249 ι’,

1916 5734 2114 5802 Regina

2213 4986 2522 5049 martyrum,
2557 4984 2609 5030 et
2638 4974 2991 5049 TheOpbilum
3021 4978 3371 5049 Raynaudum
3401 4980 3455 5034 in
3491 4974 3781 5049 Diptycliis

2212 5046 2470 5113 Marianis
2505 5060 2557 5112 p.
2591 5049 2639 5111 l,
2673 5053 2873 5113 puncto
2901 5046 2955 5111 9,
2995 5063 3048 5101 n.
3075 5046 3129 5105 (ἶ.
3160 5048 3213 5109 7,
3241 5047 3273 5102 8
3298 5059 3350 5103 et
3391 5049 3443 5104 9.

2284 5112 2577 5189 (l7l‘Lacte
2602 5112 2859 5189 nutriens,
2900 5123 2947 5169 et
2990 5119 3128 5185 virgo
3158 5133 3396 5189 inlunem.
3433 5118 3617 5189 Virgo,
3651 5131 3778 5189 nta-

2214 5198 2347 5238 nens
2375 5184 2522 5255 virgo
2545 5222 2593 5255 ,_
2618 5186 2715 5255 lac
2735 5184 3278 5255 liabe_renaturaliter
3310 5201 3413 5241 non
3450 5184 3647 5255 potest.
3685 5185 3779 5239 Li-

2213 5263 2299 5307 cet
2356 5248 2495 5325 enim
2561 5251 2631 5325 β.Δ
2658 5248 2820 5325 Virgo
2863 5252 3141 5325 Liduvina,
3174 5264 3227 5308 et
3268 5255 3388 5325 aliae
3418 5248 3661 5325 quaedam
3714 5256 3773 5308 in

2216 5328 2373 5374 nocte
2429 5319 2716 5374 Dominica!
2768 5320 3073 5376 Nativitatis
3120 5326 3255 5377 lacte
3289 5319 3662 5389 redundarint,
3716 5333 3780 5376 ut

2214 5390 2413 5459 habent
2457 5388 2601 5470 dcta.
2642 5389 2881 5469 ejusdem
2913 5390 2969 5446 S.
3007 5391 3294 5459 Liduvinze
3327 5393 3422 5448 lib.
3453 5412 3511 5457 ιι,
3552 5409 3675 5514 cap.
3718 5392 3777 5456 4,

2216 5467 2394 5511 tamen
2443 5457 2523 5510 ba:
2553 5473 2789 5514 vmnnes
2817 5460 2901 5512 lac
2934 5476 3040 5514 non
3078 5462 3388 5514 habuerunt
3422 5469 3613 5514 natura
3645 5465 3774 5514 iter.

2216 5467 2394 5528 tamen
2443 5457 2523 5510 bis
2553 5457 2789 5528 virgines
2817 5460 2901 5512 lac
2934 5476 3040 5514 non
3078 5457 3388 5514 habuerunt
3422 5457 3774 5523 naturaliter,

2217 5527 2309 5580 sed
2346 5540 2508 5585 supra
2542 5527 2749 5582 natura:
2778 5529 3019 5584 debitum
3056 5538 3109 5583 et
3141 5529 3513 5585 ellicaeitatem
3550 5532 3631 5583 lac
3664 5530 3780 5582 illis

2222 5596 2585 5663 suppeditavit
2618 5596 2776 5651 Deus.
2810 5598 3091 5662 Quomodo
3127 5606 3305 5652 autem
3332 5597 3495 5652 fuerit
3535 5598 3616 5651 lac
3654 5596 3777 5650 Vir-

2226 5664 2576 5736 gin_i_absqoe
2605 5667 2721 5736 viro
2748 5664 2898 5721 Matri
2931 5670 3134 5736 optime
3163 5668 3411 5721 edisserit
3436 5666 3777 5736 llaynaudus

2220 5731 2274 5790 in
2302 5731 2577 5806 Diptycliis
2606 5734 2857 5793 Marianis
2896 5731 3030 5808 pft,
3058 5751 3109 5805 p.
3153 5736 3206 5802 8,
3244 5751 3393 5789 llum.
3426 5734 3479 5788 2.
