3968 6322
3581 173 3606 280 2

582 285 653 353 91
821 351 825 353 λ
1800 274 2075 342 LEONIS
2114 271 2568 342 PHILOSOPHI
3581 271 3589 280 '
3723 279 3788 338 99

588 403 767 472 utique
825 389 1105 468 Dominum
1147 395 1328 472 gloria:
1362 393 1833 461 cruci/amissam".
1877 393 1994 447 Non
2037 407 2132 445 co-

2235 391 2339 444 τόν
2364 391 2582 457 Κύριον
2603 387 2711 456 τῆς
2743 387 2930 457 δόξης
2947 384 3354 456 ἐσταύρωσαν.
3383 390 3494 445 Οὐκ
3521 391 3782 460 ἔγνωσαν.

590 497 916 564 gnoverunt.
945 487 1072 558 quia
1099 498 1428 556 cognoscere
1455 485 1766 550 noluerunt,
1795 490 1908 538 tota
1937 482 2144 552 cogita-

547 641 554 651 ,
588 585 737 637 tione
763 578 828 633 ad
855 573 1132 633 invidiam"
1159 587 1443 638 conversa,
1479 574 1774 645 gloriaeque
1805 570 2140 641 magnitudi-

562 688 734 737 .nem,
773 671 877 727 etsi
903 667 1268 729 manifestam,
1300 679 1599 736 agnoscere
1625 664 2012 726 detrectantes,
2034 675 2141 714 non

585 763 850 819 dederunt
877 761 1055 815 iocum
1080 757 1273 812 rationi
1295 755 1364 811 ad
1395 755 1829 827 intelligendum,
1852 761 1910 807 ut
1937 759 2140 806 tantam

583 854 790 910 rabiem
826 850 1166 910 cohiberent,
1225 858 1440 902 tantum
1472 847 1539 899 ad
1566 845 1884 915 sanguinem
1926 841 2142 896 Domini

574 938 967 1000 feli‘nndendum
1015 934 1248 989 intenti:
1272 934 1365 988 sed
1396 931 1649 987 viderunt
1683 938 1738 984 et
1769 934 2143 1000 cognoverunt

575 1027 876 1086 btcredein.

648 1120 1034 1191 Cognoverunt
1077 1121 1246 1178 certe,
1287 1127 1395 1167 non
1443 1117 1503 1165 ut
1547 1120 1803 1179 tanquam
1851 1108 2138 1164 Dominum

577 1211 771 1283 gloria:
801 1209 1152 1266 honorarent,
1185 1203 1281 1258 sed
1310 1210 1376 1256 nt-
1400 1199 1762 1271 ignominiosa
1790 1207 1964 1277 morte
1993 1199 2138 1268 peri-

583 1311 815 1361 nterent.
860 1302 935 1356 Ea
970 1303 1113 1355 enim
1148 1298 1364 1354 invidia:
1394 1307 1588 1352 natura
1616 1304 1720 1350 est.
1767 1292 1886 1349 Non
1923 1293 2136 1362 recipit,

585 1409 704 1461 quae
718 1383 1004 1448 conﬁtetur
1027 1407 1044 1456 ;
1066 1404 1241 1459 neque
1273 1387 1329 1442 id
1352 1386 1500 1456 quod
1526 1384 1759 1449 videtur,
1786 1383 1968 1438 videre
1999 1383 2137 1442 vult,

584 1496 760 1551 neque
787 1480 1039 1536 assentiri
1072 1479 1161 1541 iis,
1199 1491 1318 1545 qum
1345 1473 1528 1543 negari
1563 1479 1861 1542 nequeunt.
1883 1469 2014 1531 ,liac
2043 1485 2137 1522 oc-

2243 481 2363 534 ὲπεὶ
2398 479 2520 551 μηδ’
2545 479 2928 550 ἠϐουλήθησαν
2964 479 3192 548 γνῶναι,
3235 481 3354 535 ὅλον
3399 481 3488 534 τὸν
3537 483 3788 552 λογισμὸν

2243 574 2334 626 ἐπὶ
2361 576 2454 629 τὸν
2482 575 2672 644 φθόνον
2709 574 3113 638 άποκλίναντες,
3157 575 3246 627 καὶ
3291 575 3351 627 τὺ
3383 575 3663 645 μεγαλεῖον
3691 576 3788 644 τῆς

2245 664 2422 733 δόξης,
2453 665 2547 718 καί
2576 683 2658 718 τοι
2686 682 2749 729 γε
2767 665 2994 736 φανερὸν
3021 665 3101 728 ὃν,
3129 665 3354 719 συνιδεῖν
3378 665 3476 719 οὐκ
3502 665 3786 740 ἐθέλοντες.

2241 757 2353 808 υὺκ
2384 756 2589 811 ἔδωκαν
2628 757 2790 810 τόπον
2818 759 2896 827 τῷ
2924 757 3166 828 λογισμῷ
3200 757 3432 810 συνεῖναι
3458 796 3472 819 ,
3512 755 3651 808 ὥστε
3698 749 3794 826 τὴν

2240 845 2505 915 τοσαύτην
2531 845 2727 900 λύτταν
2759 849 3035 918 εὲπισχεῖν,
3073 848 3209 917 πρὸς
3255 848 3415 917 μόνον
3447 839 3508 899 τὸ
3555 847 3788 899 κενῶσαι

2243 935 2304 988 τὸ
2326 935 2642 990 δεσποτικὸν
2665 931 2802 1007 αἷμα
2839 938 2979 1003 ὀξεῖς
3006 940 3308 1008 γεγονότες.
3353 939 3490 993 Ἀλλ’
3522 936 3660 993 εἶδον
3693 940 3790 1010 μὲν

2245 1028 2338 1080 καὶ
2372 1029 2584 1080 συνιᾶσι
2620 1028 2711 1082 τδν
2742 1030 3094 1100 κληρονόμον.

2309 1116 2527 1170 Συνιᾶσι
2557 1119 2655 1188 μέν
2684 1136 2767 1170 τοι
2800 1117 2885 1188 ἐφ’
2905 1113 2949 1187 ᾧ
2975 1121 3073 1191 οὐχ
3103 1121 3179 1183 ὡς
3205 1121 3409 1192 Κύριον
3446 1105 3598 1191 δόξης
3627 1121 3789 1192 τιμῆ-

2239 1222 2351 1272 σαι,
2383 1207 2496 1261 ἀλλ’
2521 1210 2605 1277 ἐφ’
2634 1201 2674 1278 ᾧ
2708 1210 3038 1280 παραδοῦναι
3065 1210 3277 1281 θανάτῳ
3319 1211 3514 1280 ἀτίμῳ.
3545 1211 3790 1266 Τοιοῦτον

2238 1299 2347 1367 γάρ
2373 1299 2402 1350 6
2426 1297 2636 1366 φθόνοςο
2672 1299 2733 1352 οὐ
2769 1301 3122 1370 καταδέχεται
3159 1301 3195 1354 ὃ.
3223 1301 3494 1370 ὁμολογεῖ,
3528 1303 3637 1356 οὐδ’
3663 1304 3790 1374 όρᾷν

2239 1387 2480 1456 βούλεται
2509 1388 2570 1441 τὺ
2609 1390 2950 1459 φαινόμενον,
2987 1390 3109 1442 οὐδὲ
3149 1391 3528 1445 κατατίθεσθαι
3559 1392 3790 1455 τούτοις,

2233 1475 2270 1528 ἃ.
2298 1475 2372 1545 μὴ
2403 1476 2683 1545 ἀρνεῖσθαι
2715 1477 2957 1530 δυνατόν.
3009 1478 3195 1548 Τούτῳ
3231 1479 3639 1549 κρατηθέντες,
3666 1482 3791 1545 λαὸς

585 1569 790 1640 rupati,
837 1567 1064 1638 pepulus
1095 1567 1361 1634 ingratus,
1412 1561 1702 1623 ltmredem,
1734 1558 1922 1628 gloriae
1948 1555 2132 1636 Domi—

2235 1566 2504 1636 ἀγνώμων
2542 1569 2631 1620 τὺν
2676 1569 3005 1639 κληρονόμον
3042 1568 3140 1638 τῆς
3177 1569 3332 1638 δόξης
3355 1570 3444 1622 τὸν
3479 1571 3700 1637 Κύριον,
3731 1573 3792 1623 ὃν

585 1675 738 1724 num,
760 1673 920 1727 quem
943 1664 1205 1712 noverant
1230 1653 1534 1725 (quomodo
1547 1652 1706 1706 enim
1746 1651 1984 1705 divinant
2016 1649 2134 1718 ejus

2235 1656 2434 1725 ᾔδεσαν
2468 1655 2606 1727 (πῶς
2657 1657 2767 1728 γὰρ
2819 1656 2968 1726 ὲνῆν,
3003 1659 3217 1725 ἀγνοεῖν
3271 1659 3367 1728 τὴν
3419 1659 3604 1728 θεῖκὴν
3629 1660 3791 1713 αὑτοῦ

588 1720 923 1820 majestatem
974 1720 1514 1817 ignorare-poterant
1561 1743 1664 1806 illi,
1703 1741 1848 1811 apud
1881 1755 2020 1811 quos
2055 1751 2134 1794 tot

2235 1720 2408 1811 δόξαν,
2454 1720 2534 1809 οἷς
2560 1746 2625 1818 τῇ
2669 1720 2952 1817 ’ὑπερφυῖα
2989 1720 3096 1800 τῷν
3128 1720 3415 1818 θαυμάτων
3442 1720 3726 1818 διέλαμψεν
3752 1753 3788 1814 ;)

586 1843 859 1912 tantisque
893 1839 1169 1894 miraculis
1198 1836 1500 1908 fulgebat?)
1532 1834 1686 1904 quasi
1713 1847 1820 1887 non
1851 1832 2126 1901 cognitum

583 1934 642 1987 in
673 1934 816 2002 ligno
842 1929 1162 1993 extendunt,
1195 1929 1354 1998 cujus
1384 1927 1529 1992 virga
1566 1922 1993 1994 prtesignilicans
2023 1920 2129 1974 vim

582 2031 638 2078 et
669 2020 986 2087 etiicaciam,
1017 2015 1310 2074 scelestum
1349 2015 1682 2070 Pharaonem
1713 2028 1838 2066 cum
1878 2012 2131 2066 curribus

584 2121 638 2167 et
663 2112 1046 2167 ascensoribus
1063 2111 1118 2164 in
1143 2109 1468 2178 profundum
1492 2107 1774 2172 demersit,
1799 2106 1942 2158 viam
1976 2105 2134 2159 liber-

584 2207 714 2260 tatis
751 2205 1004 2272 aperiens
1054 2201 1275 2271 populo.
1305 2199 1544 2268 qnilnto
1585 2205 1639 2251 et
1695 2197 1927 2249 lateritio
1966 2209 2131 2264 opere

583 2296 813 2350 aiilicttts
843 2293 1040 2346 fuerat.
1081 2292 1195 2343 Non
1227 2289 1584 2343 conﬂictabor
1607 2301 1736 2356 ergo
1760 2287 1992 2352 amplius
2020 2288 2132 2338 luto

585 2393 641 2438 ct
665 2383 814 2455 gravi
843 2381 1075 2435 lateritio
1100 2393 1260 2449 opere
1289 2378 1514 2447 peccati.
1539 2374 1656 2430 Jam
1686 2377 1830 2429 enim
1851 2375 2132 2429 salutifera

587 2474 740 2543 virga
803 2471 991 2526 mundi
1055 2471 1264 2525 hostem
1312 2470 1470 2526 nobis
1525 2465 1955 2524 inl'ensissimuni
2007 2482 2127 2522 cum

588 2572 700 2617 tota
750 2563 991 2634 polentia
1041 2571 1096 2614 et
1130 2555 1413 2633 tyrannide
1459 2561 1668 2630 peccati
1722 2559 1904 2615 obruit
1948 2577 1960 2614 :
1999 2558 2132 2612 mihi

586 2669 720 2709 vero
745 2653 950 2710 misero
973 2664 1026 2708 et
1059 2653 1320 2709 destituto
1349 2651 1544 2709 salutis
1581 2653 1725 2705 viam
1755 2651 1967 2720 pandit.
2003 2646 2131 2703 Vio-

583 2746 762 2801 lenter
789 2745 1004 2814 quidem
1031 2752 1349 2815 persecutor
1381 2760 1466 2798 me
1486 2744 1770 2798 insecutus
1803 2752 1906 2804 est,
1947 2742 2041 2796 sed
2064 2741 2132 2795 ab

586 2842 788 2911 impetu
828 2839 1101 2894 cohibitus
1141 2846 1223 2892 est
1273 2837 1501 2891 terribili
1560 2836 1793 2904 quodam
1848 2833 2133 2889 obstaculo

519 2990 527 2996 _
583 2931 819 3002 obiecto.
843 2927 990 2983 Vidit
1016 2929 1253 2984 divinam
1290 2938 1644 2988 artnaturatn.
1673 2936 1726 2979 et
1757 2924 1997 2978 concidit
2033 2938 2133 2992 po.

2233 1838 2305 1902 ὡς
2351 1837 2428 1908 μὴ
2467 1837 2663 1899 εἰδότες
2703 1838 2793 1889 ἐπὶ
2829 1837 2982 1902 ξύλου
3017 1838 3302 1901 τανύουσι,
3333 1834 3394 1892 οὗ
3428 1839 3622 1908 ῥάϐδος
3658 1855 3792 1909 προ·

2235 1926 2512 1995 μηνύουσα
2550 1925 2647 1998 τὴν
2678 1927 2977 1996 ἐνέργειαν,
3009 1927 3098 1980 τὸν
3147 1927 3418 1999 ἀλιτήριον
3467 1927 3664 1999 Φαραὼ
3698 1930 3793 1980 αὐ·

2231 2021 2341 2082 τοῖς
2371 2017 2578 2089 ἅρμασι
2609 2019 2704 2074 καὶ
2743 2018 3035 2082 ἀναϐάταις
3066 2018 3308 2091 θαλάσσῃ
3341 2018 3605 2084 ὲόὑθιζεν,
3642 2019 3792 2074 ὲλευο

2235 2111 2419 2180 θερίας
2446 2110 2569 2164 ὁδὸν
2597 2112 2871 2179 τέμνουσα
2913 2103 3067 2181 πηλῷ
3096 2112 3192 2165 καὶ
3221 2111 3468 2181 πλινθείᾳ
3511 2112 3790 2166 ταλαιπω-

2237 2200 2485 2270 ρουμένῳ
2535 2200 2670 2270 λαῷ.
2725 2201 2933 2253 Οὔκουν
2962 2201 3142 2254 οὐκέτι
3175 2201 3329 2271 πηλῷ
3355 2203 3447 2255 καὶ
3477 2201 3679 2274 πλίνθῳ

2235 2290 2427 2361 βαρείᾳ
2474 2291 2574 2359 τῆς
2631 2291 2905 2360 ἁμαρτίας
2953 2294 3183 2362 ἐργασίᾳ
3226 2293 3648 2364 ταλαιπωρήσω·
3691 2294 3791 2364 ἤδη

2234 2378 2342 2450 γάρ
2369 2381 2402 2449 ή
2431 2379 2521 2432 τοῦ
2564 2379 2771 2449 κόσμου
2821 2382 3087 2452 σωτήριος
3129 2381 3320 2453 ῥάϐδος
3355 2382 3550 2452 Φαραὼ
3579 2384 3676 2453 μὲν
3705 2382 3794 2437 τδν

2232 2455 2491 2539 δυσμενῆ,
2523 2470 2657 2541 αὐτῇ
2687 2470 2914 2541 δυνάμει
2950 2473 3044 2538 καὶ
3081 2471 3350 2542 τυραννίδι
3371 2473 3470 2542 τῆς
3496 2475 3791 2544 ἁμαρτίας,

2235 2559 2664 2624 κατακαλύπτει,
2698 2561 2818 2632 ἐμοὶ
2863 2561 2907 2614 δ’
2939 2561 3336 2634 ἐξηπορημένῳ
3379 2565 3650 2634 σωτηρίας
3677 2565 3796 2619 ὁδὸν

2219 2651 2544 2721 .ὑπανοίγει.
2578 2650 2769 2706 Βιαίαν
2801 2654 2828 2705 ό
2850 2650 3084 2722 διώκτης
3112 2653 3332 2724 εποίησε
3357 2655 3455 2725 τὴν
3474 2654 3650 2720 δίωξιν
3671 2655 3794 2709 κατ’

2230 2741 2390 2812 ἐμοῦ,
2436 2739 2573 2796 ἀλλὰ
2620 2745 2720 2812 τῆς
2763 2741 2943 2813 ῥύμης
2998 2743 3130 2814 ἔστη
3168 2743 3476 2815 περιτυχὼν
3512 2746 3795 2815 κωλύματι

2234 2834 2468 2904 φοϐερῷ.
2496 2831 2649 2888 Εἷδεν
2673 2825 2836 2888 ὅπλον
2865 2833 3028 2918 θεῖον,
3063 2835 3159 2888 καὶ
3186 2836 3470 2906 συνετρίϐη
3501 2838 3598 2907 τὴν
3638 2836 3795 2890 δύνα-

2238 2942 2348 2992 μιν.
2385 2925 2769 2994 Ἐπέστραψαν
2808 2927 2863 2978 αἱ
2898 2926 3088 2980 τούτου
3125 2928 3360 2993 ἀκτῖνες,
3401 2927 3496 2982 καὶ
3520 2929 3580 2982 τὸ
3603 2929 3795 2983 διῶκον

585 3022 773 3077 tentia.
798 3019 954 3075 Radii
981 3021 1143 3087 hujus
1169 3017 1507 3079 ell'ulsernnt,
1538 3017 1900 3081 tenebrasque
1925 3015 2134 3066 instau-

2238 3015 2428 3078 σκότος
2453 3014 2700 3078 ἐδίωξαν.
2743 3012 2863 3068 Εἶδε
2893 3018 2952 3070 τδ
2983 3017 3256 3087 βασιλικὸν
3290 3022 3564 3091 σκῆπτρον
3592 3022 3632 3074 6
3666 3019 3794 3073 ἁλά-

587 3123 670 3166 tcs
700 3120 755 3165 et
781 3119 1165 3178 pet-sequentes
1193 3106 1552 3174 dispulernnt.
1587 3102 1733 3157 Vidit
1774 3105 1977 3169 regium
2014 3118 2134 3156 sce-

586 3208 766 3268 ptrum
799 3198 1080 3265 improbus
1115 3195 1204 3247 ille
1235 3196 1452 3263 genius,
1493 3201 1548 3246 et
1571 3191 1819 3245 desertor
1850 3200 2133 3260 tyrannus,

585 3299 642 3344 et
697 3289 922 3343 horrore
943 3290 1192 3356 perfusus
1235 3288 1285 3338 in
1309 3300 1546 3339 summas
1575 3285 1853 3353 angustias
1881 3282 2134 3337 detrusus

589 3386 695 3434 est.
725 3377 865 3443 Quid
896 3391 1025 3445 ergo
1053 3378 1074 3428 ’ί
1101 3375 1202 3441 An,
1227 3389 1260 3428 ο
1283 3376 1459 3428 onmis
1494 3373 1860 3443 improbitatis
1890 3382 2133 3441 repertor

590 3476 645 3523 ct
687 3466 900 3529 artifex,
940 3468 1117 3521 adhuc
1168 3467 1222 3520 in
1259 3468 1422 3519 altum
1471 3465 1713 3534 loqueris
1759 3463 2047 3526 sublimia,
2080 3473 2135 3514 et

591 3556 874 3629 magniﬁce
902 3556 1241 3626 gloriaberis,
1270 3555 1426 3624 quasi
1464 3569 1657 3608 manus
1684 3563 1801 3606 tuas
1839 3553 1914 3606 sis
1940 3561 2134 3606 exten-

2242 3117 2408 3182 στωρ,
2453 3105 2480 3154 ὁ
2513 3105 2827 3174 ἀποστάτης
2859 3107 3140 3184 τύραννος,
3165 3110 3260 3161 καὶ
3285 3109 3454 3180 φρίκῃ
3493 3111 3794 3180 συσχεθεὶς,

2239 3190 2566 3260 ἐξηπόρησε.
2594 3192 2660 3242 Τί
2699 3193 2812 3258 Eri;
2853 3196 2976 3263 ’Ἆρ’
2996 3193 3112 3260 οὖν,
3150 3193 3195 3251 ὧ
3215 3202 3318 3270 τῆς
3347 3201 3542 3264 κακίας
3577 3202 3795 3271 εὑρετὰ,

2239 3277 2318 3329 ἔτι
2343 3277 2594 3348 λαλήσεις
2629 3283 2709 3341 εἰς
2743 3284 2804 3333 τὸ
2828 3281 2961 3352 ὕψος
2990 3285 3290 3354 ὑπέρογκα,
3332 3291 3424 3341 καὶ
3451 3291 3798 3360 μεγαλορῲι-

2242 3367 2495 3436 μονήσεις
2531 3369 2766 3420 ἐκτενεῖν
2794 3368 2894 3431 τάς
2921 3373 3129 3440 χεῖρας,
3155 3374 3250 3424 καὶ
3277 3375 3459 3427 πᾶσαν
3484 3377 3696 3446 ἐξαρεῖν
3721 3377 3798 3437 ὼς

2236 3458 2318 3511 tbi:
2353 3457 2814 3530 καταλελειμμένα
2845 3461 3317 3533 τὴν-οἰκουμένηνε
3349 3462 3631 3532 Οὐδαμῶς,
3661 3464 3798 3517 ἀλλὰ

2231 3551 2325 3614 καὶ
2351 3548 2585 3617 φοὸερὰν
2621 3549 2919 3620 είσπράττῃ
2953 3551 3050 3618 τῆς
3102 3552 3658 3628 μεγαλορῤημοσύνης
3694 3555 3795 3624 τὴν

589 3655 774 3714 suros,
793 3656 1074 3716 totumque
1099 3655 1365 3699 terrarum
1384 3645 1570 3698 orbem
1593 3645 1734 3698 velut
1763 3656 1862 3696 ova
1881 3641 2134 3696 detractis

2235 3642 2446 3713 ποινήν.
2477 3641 2590 3694 Οὐκ
2639 3639 2732 3695 οὖν
2785 3643 3069 3712 περιέσται
3112 3659 3192 3695 σοι
3245 3643 3319 3714 μὴ
3374 3643 3456 3696 ὅτι
3508 3645 3794 3705 ἐκτείνειν,

582 3739 959 3810 putaminibus
980 3740 1030 3791 in
1057 3740 1225 3791 altmn
1268 3745 1526 3805 rapturus
1552 3735 1575 3788 ‘i
1604 3734 1974 3803 Nequaquam.
1995 3731 2134 3796 Quin

2235 3730 2344 3784 αλλ’
2375 3730 2493 3784 οὐδὲ
2524 3732 2695 3784 κινεῖν
2729 3728 2824 3800 τὴν
2861 3733 3036 3802 χεῖρα·
3078 3731 3313 3803 παρείθη
3343 3733 3451 3804 γάρ
3483 3733 3577 3788 καὶ
3603 3734 3796 3804 γέγονε

588 3845 808 3901 magnas
838 3831 908 3884 ob
947 3828 1463 3899 magniloquentiam
1498 3828 1658 3882 istam
1691 3839 1882 3897 petitas
1921 3826 2134 3894 pendis.

2237 3822 2594 3893 άνενέργητος
2619 3860 2636 3888 ,
2664 3820 2760 3874 τοῦ
2797 3820 3031 3891 σταυροῦ
3083 3824 3162 3886 είς
3199 3821 3268 3876 τά
3319 3823 3530 3895 πέρατα
3582 3823 3798 3879 διεκτα-

587 3921 755 3991 igitur
784 3937 888 3976 non
931 3921 1104 3976 solum
1136 3921 1232 3974 tibi
1271 3935 1376 3974 non
1410 3919 1536 3975 licet
1582 3933 1778 3974 manus
1821 3917 2135 3982 extendere,
2232 3915 2436 3978 Θέντος.
2731 3927 2734 3934 ·

587 4013 681 4100 sed
723 4026 897 4082 neque
934 4026 1164 4065 movere.
1215 4010 1499 4066 Dissolutaa
1542 4011 1686 4064 enim
1717 4010 1828 4080 jam
1879 4015 2010 4063 sunt
2049 4013 2102 4062 et
2136 4005 2441 4060 inefﬁcaces
2491 4004 2738 4068 redditae,
2773 4019 2934 4060 cruce
2968 4019 3138 4076 usque
3167 4005 3233 4060 ad
3271 4005 3404 4063 ﬁnes
3474 4017 3630 4064 terra:
3692 4025 3794 4064 ex-

587 4101 762 4161 tensa.
1109 4173 1111 4176 ρ

655 4195 775 4250 lam
815 4193 942 4245 olim
977 4191 1190 4261 quidem
1236 4195 1506 4248 hominem
1546 4195 1816 4264 perversis
1863 4195 1971 4248 tuis
2009 4208 2134 4263 per-

2309 4185 2482 4240 Πάλαι
2538 4185 2638 4254 μὲν
2685 4182 2778 4236 οὖν
2803 4184 2892 4235 τὸν
2926 4183 3212 4253 ἄνθρωπον
3258 4187 3376 4264 ταῖς
3410 4187 3526 4248 σαῖς
3553 4190 3794 4248 σκολιαῖς

592 4269 942 4339 suasionibus
969 4285 1431 4352 obtemperantem
1457 4259 1718 4353 relinquit
1747 4282 1914 4347 Deus,
1945 4259 2050 4335 non
2077 4292 2134 4334 ut

2240 4277 2595 4344 παραγωγαῖς
2648 4273 3090 4342 πειθαρχήσαντα
3115 4311 3132 4336 ,
3183 4259 3356 4326 λείπει
3381 4275 3536 4339 Θεὸς,
3572 4279 3671 4350 οὐχ
3709 4281 3797 4334 ἵνα

593 4371 716 4432 tibi,
743 4370 1150 4433 scelestissime,
1176 4374 1368 4440 praedm
1397 4383 1541 4428 esset.
1591 4376 1722 4439 (non
1754 4381 2035 4441 tantopere
2063 4374 2132 4425 ob

2241 4383 2321 4417 σοι
2369 4365 2448 4434 τῷ
2493 4362 2818 4430 παλαμναίῳ
2846 4361 3132 4430 ,ἅρπαγμα
3161 4363 3404 4431 γένηται’
3437 4367 3534 4436 οὐχ
3563 4368 3742 4438 οὕτως
3770 4375 3798 4426 6

592 4471 772 4513 meum
798 4469 1034 4510 errorem
1066 4457 1485 4526 benignissimus
1514 4460 1672 4515 Pater
1701 4461 1952 4515 irascitur
1977 4462 2017 4529 ),
2041 4459 2134 4514 sed

2246 4454 2625 4523 φιλάνθρωπος
2681 4449 2870 4518 Πατὴρ
2927 4450 3019 4500 ἐπὶ
3080 4449 3158 4519 τῷ
3214 4451 3330 4520 ἐμῷ
3404 4458 3800 4526 παροργίζεται

593 4559 658 4597 eo
687 4555 860 4607 usque
907 4539 1168 4595 duntaxat
1213 4545 1446 4608 deserit,
1487 4556 1547 4601 ut
1593 4562 1750 4602 casus
1797 4549 1878 4599 sui
1921 4556 2134 4616 gustum

2237 4542 2546 4613 σφάλματιο
2602 4540 2737 4593 ἀλλὰ
2794 4538 3045 4591 τοσοῦτον
3095 4541 3251 4609 μόνον
3303 4545 3616 4598 καταλείπει
3669 4551 3799 4604 ὅσον

590 4629 880 4704 quemdam
903 4637 957 4684 et
982 4645 1197 4685 sensum
1228 4635 1439 4701 habeat,
1457 4653 1629 4706 eoque
1657 4639 1826 4709 magis
1853 4639 2133 4708 intelligat,

593 4737 698 4794 qua
730 4721 940 4780 ratione
959 4718 1332 4778 insidiatorem
1362 4729 1533 4784 vitare
1554 4730 1745 4784 debeat
1768 4771 1782 4793 ,
1820 4733 1900 4785 vel
1933 4737 2135 4786 rectius

591 4809 887 4882 loquendo,
923 4807 1040 4880 ipse
1069 4823 1178 4862 non
1202 4810 1547 4882 derelinquit,
1579 4819 1703 4886 quia
1735 4836 1853 4874 cum
1884 4837 1983 4889 ego
2020 4836 2138 4889 pro-

592 4904 712 4975 pria
749 4901 953 4958 malitia
979 4915 1048 4956 ex
1077 4908 1304 4970 paterno
1333 4903 1453 4955 sinu
1491 4919 1574 4958 me
1619 4912 1993 4977 pracipitarim
2022 4949 2036 4971 ,
2066 4911 2131 4962 ad

590 4995 865 5050 modicum
897 4992 1130 5063 spatium
1165 4990 1429 5046 insultum
1466 5001 1520 5046 et
1549 4995 1955 5064 impressionem
1987 5002 2080 5053 tibi
2115 5041 2129 5063 ,

593 5085 836 5156 improba
863 5085 1058 5148 bestia,
1079 5083 1347 5153 permisit,
1372 5091 1432 5136 ut
1446 5099 1544 5152 ego
1565 5087 1866 5142 calamitate
1894 5107 2132 5158 pressus,

589 5187 809 5228 rursum
838 5173 903 5227 ad
933 5183 1181 5242 paternas
1211 5173 1366 5226 ulnas
1397 5187 1481 5226 me
1508 5174 1785 5241 recipiam.
1815 5176 1893 5228 Tn
1920 5180 2131 5245 quidem

593 5261 843 5330 putabas,
889 5274 1012 5314 cum
1048 5260 1236 5314 fraude
1269 5261 1522 5330 abreptus
1549 5277 1748 5328 essem,
1799 5280 1882 5317 me
1914 5269 2131 5321 omnino

596 5364 628 5402 a
658 5339 881 5418 paterna
906 5365 1036 5406 cura
1058 5361 1110 5406 et
1135 5353 1469 5421 providentia
1497 5354 1761 5424 abjectnm
1791 5370 1930 5417 esse,
1961 5373 2133 5426 neque

599 5441 799 5511 aliquid
843 5446 1228 5501 consolationis
1262 5447 1340 5502 vel
1375 5447 1486 5515 spei
1518 5447 1584 5500 dc
1611 5447 1780 5500 reditu
1809 5461 2130 5515 superesse,

698 5611 718 5642 ³
739 5611 758 5663 1
781 5614 903 5667 Cor.
932 5632 990 5680 ιι,
1031 5622 1083 5672 8.

2235 4633 2583 4700 συναίσθησιν
2634 4630 2814 4684 λαϐεῖν
2855 4629 2948 4684 τοῦ
2991 4631 3323 4703 σφάλματος,
3379 4642 3472 4690 καὶ
3504 4638 3700 4710 μαθεῖν
3729 4644 3799 4698 δι’

2230 4720 2304 4778 ὧν
2339 4723 2640 4793 φυλάξομαι
2675 4720 2768 4773 τὸν
2815 4721 3095 4796 ἐπίϐουλον
3123 4739 3138 4754 ·
3175 4727 3373 4795 μᾶλλον
3413 4727 3456 4780 δ’
3488 4729 3596 4781 οὐδ’
3629 4733 3797 4797 αὐτὸς

2231 4816 2569 4880 καταλείπει,
2601 4813 2713 4867 ἀλλ’
2735 4815 2878 4883 ἐμοῦ
2897 4816 3078 4880 κακῶς
3097 4817 3204 4872 τῶν
3226 4822 3508 4891 πατρικῶν
3523 4823 3797 4894 ἀποσκιρο

2228 4911 2487 4978 τήσαντος
2533 4904 2788 4975 κόλπων,
2821 4907 2913 4957 ἐπὶ
2949 4907 3118 4979 βραχὺ
3172 4910 3269 4978 τὴν
3318 4913 3664 4984 καταδρομήν
3711 4933 3795 4969 σοι

2228 5002 2304 5070 τῷ
2333 4997 2553 5068 πονηρῷ
2599 4997 2832 5065 διαφῆκε
2858 4999 3049 5072 θηρίῳ,
3081 5001 3146 5055 ἵν’
3173 5003 3282 5070 ἐγὼ
3316 5005 3600 5068 συσταλεὶς
3627 5007 3796 5062 πάλιν

2226 5095 2292 5160 τῇ
2331 5088 2555 5160 πατρώα
2603 5087 2932 5158 προσδράμω
2983 5092 3217 5163 ἀγκάλῃ.
3250 5093 3323 5145 Σὺ
3364 5095 3409 5148 δ’
3441 5096 3548 5164 ἄρα
3581 5095 3792 5166 ᾠήθης,

2231 5185 2350 5235 ἐπεὶ
2396 5181 2752 5252 παρεκλάπην
2783 5185 3123 5237 παντάπασιν
3154 5187 3489 5257 άπερῥίφθαι
3518 5191 3797 5259 πατρικῆς

2237 5273 2488 5343 προνοίας
2509 5312 2524 5335 ,
2559 5272 2649 5325 καὶ
2697 5275 2890 5342 μηκέτι
2927 5277 3271 5347 παραμύθιον
3303 5277 3422 5347 μηδ’
3457 5278 3798 5348 ἐπιστροφὴν

2236 5361 2371 5418 εἶναί
2423 5380 2545 5434 μοι,
2593 5363 2726 5416 ἀλλὰ
2772 5371 2859 5420 τὸν
2909 5368 3050 5421 οὕτω
3100 5369 3232 5422 Θεοῦ
3273 5369 3567 5441 τιμηθέντα
3622 5374 3796 5425 είκόνι

2239 5455 2489 5520 καθάπαξ
2508 5456 2816 5526 ὑποχείριον
2838 5453 2925 5513 οἷα
2945 5459 2998 5512 δὲ
3029 5459 3292 5530 ἅρπαγμα
3307 5460 3599 5532 ἐπειράθης
3629 5465 3795 5535 ποιη-
