3968 6322
227 355 332 421 129

1212 351 1488 416 ORATIO
1523 354 1659 415 XII.
1696 378 1753 390 ··-
1776 355 1860 419 ΙΝ
1886 356 2426 423 PENTECOSTEN.

3315 362 3413 425 130

222 472 477 531 πόδιστος
520 464 767 538 αἰσθηαις
809 461 896 540 ἦν,
927 458 1070 521 οὗτοι
1102 464 1196 520 καὶ
1226 467 1485 537 συνῆκαν,
1521 470 1616 521 καὶ
1663 467 1764 522 τῶν

1869 469 2208 534 miraculum,
2239 481 2401 542 atque
2427 462 2771 543 loquentisin
2801 462 2866 530 eo
2897 473 3133 546 Spiritus
3156 472 3411 548 gioriam.

213 561 424 616 ἁλιέων
470 560 580 614 τῶν
618 560 858 630 χειλέων,
910 563 1002 614 καὶ
1032 558 1124 613 τοῦ
1161 555 1473 630 Πνεύματος
1500 553 1642 629 ἦσαν
1681 560 1774 630 θή-

222 670 401 724 ραμα.
441 654 504 707 Ὢ
536 644 820 724 μακαρίως
852 648 1297 722 σαγηνευθέντεςῒ
1327 648 1390 703 Ὦ
1413 648 1511 722 τῆς
1538 650 1773 721 σαγήνης

219 744 474 816 ὀλεθρίας
521 744 965 813 ἀπολειφθέντεςί
1003 742 1066 794 ’Ὠ
1098 742 1232 813 πρὸς
1270 742 1415 812 ζωὴν
1442 738 1775 812 ἀπαχθέντας

216 835 281 889 ἐν
306 835 385 906 τῷ
412 834 652 890 ἁλῶναιί
680 835 747 888 Ὦ
775 834 907 905 πρὸς
937 832 1168 887 θάνατον
1188 831 1587 906 ζωγρηθέντες,
1615 833 1672 887 ὲν
1697 831 1777 903 τῷ

215 925 322 997 τὴν
351 926 524 998 θήραν
556 926 862 994 διαφυγεῖνι
897 922 1036 977 Ἀλλ’
1075 922 1309 997 ἐκάθητο
1332 924 1533 998 πυρίνῃ
1556 922 1775 996 γλώσσῃ

212 1016 279 1071 τὸ
328 1017 552 1086 Πνεῦμα
597 1015 683 1083 ἐφ’
725 1014 821 1069 ἕνα
870 1014 1099 1068 ἕκαστον
1139 1012 1248 1069 τῶν
1285 1013 1573 1085 μαθητῶν,
1622 1014 1776 1066 συνὸν

216 1106 325 1177 μὲν
356 1107 451 1161 καὶ
484 1103 670 1177 πρώην
694 1105 877 1169 αὐτοτς
897 1144 914 1171 ,
975 1104 1069 1157 νῦν
1099 1104 1157 1159 δὲ
1205 1105 1403 1176 μᾶλλον
1423 1108 1534 1176 τὴν
1571 1120 1775 1175 παρου-

215 1182 347 1249 σίαν
368 1195 705 1264 ποιούμενον,
726 1194 823 1249 καὶ
847 1197 973 1259 πᾶν,
999 1195 1052 1249 εί
1073 1212 1125 1249 τι
1145 1196 1253 1250 τῶν
1284 1196 1434 1251 κάτω
1454 1196 1544 1250 καὶ
1577 1195 1775 1268 χοῖκῶν

213 1285 404 1356 παρῆν
449 1286 652 1352 αὐτοῖς,
699 1285 989 1352 καταλύον,
1036 1288 1130 1340 καὶ
1171 1288 1308 1359 πρὸς
1358 1287 1543 1358 θεῐκὴν
1578 1270 1773 1351 αὐτοῦς

209 1374 733 1447 ἀναλαμϐανὸμενον
776 1378 1116 1447 συγγένειαν.
1167 1381 1305 1443 Τοὺς
1342 1379 1450 1450 γάρ
1474 1395 1555 1434 τοι
1592 1395 1774 1433 καινο-

210 1462 469 1538 ποιὴσειν
497 1467 589 1521 τὸν
642 1468 841 1540 κόσμον
887 1470 1345 1541 ἀπεσταλμένους,
1382 1468 1525 1532 εἰκὸς
1558 1463 1646 1540 ἦν,
1676 1468 1776 1538 τῆς

209 1557 561 1628 Δημιουργοῦ
596 1559 916 1629 μεταλαϐεῖν
940 1561 1208 1631 θεότητος.
1238 1562 1353 1614 Οὐκ
1381 1559 1474 1614 οὖν
1500 1559 1579 1613 ἔτι
1611 1559 1774 1630 ζητή-

174 1644 177 1647 ’
209 1666 371 1704 σουσι
421 1650 611 1720 μαθεῖν
650 1652 744 1704 τὸν
789 1652 1041 1724 Πατέρα,
1066 1653 1185 1711 οὐδὲ
1209 1653 1277 1724 ἢν
1316 1652 1376 1720 ἐξ
1405 1650 1584 1705 αὐτῶν
1621 1652 1651 1704 ὁ
1688 1652 1775 1702 Δι-

205 1739 487 1804 δάσκαλος
514 1741 632 1811 ὁδὸν
660 1742 1010 1812 ἑπορεύσατο.
1049 1744 1250 1815 Οίδοισι⁸
1279 1745 1388 1816 γὰρ
1421 1744 1514 1797 καὶ
1540 1743 1631 1796 τὸν
1661 1743 1772 1796 Πα-

1871 558 1987 614 Non
2019 569 2103 615 est
2130 563 2297 627 musti
2330 577 2392 618 ac
2446 565 2723 619 temulenti
2754 565 2867 618 haec
2895 560 3148 635 loquendi
3173 564 3413 632 libertas,

1871 650 1965 705 sed
2002 650 2240 713 virtutis,
2283 666 2405 719 qua:
2456 667 2646 710 recens
2691 654 2974 710 descendit
3007 657 3074 711 de
3112 658 3271 716 etnlo.
3307 674 3419 728 qua

1871 741 1991 813 ejus
2016 749 2130 795 tum
2167 757 2342 807 mens,
2371 751 2483 797 tum
2518 744 2699 815 lingua
2745 748 2981 800 excitata
3030 756 3177 800 sunt.
3230 746 3415 817 Cogita

1874 845 1931 890 ut
1961 833 2135 888 fat-tus
2165 834 2236 887 sit
2266 842 2374 888 tam
2405 834 2676 892 animatus
2707 850 2769 889 ac
2797 837 3025 897 audens.
3071 838 3167 907 qui
3194 852 3265 893 ne
3316 852 3391 892 an.

1871 923 2009 979 cillrc
2036 923 2250 993 quidem
2282 925 2441 979 rerha
2472 926 2612 982 ferre
2645 926 2948 997 potuisset?
2986 925 3093 981 Sed
3123 928 3264 980 enim
3294 928 3410 995 qni-

1871 1017 2192 1089 buscunque
2219 1012 2459 1081 auditus,
2490 1032 2751 1088 mensque
2791 1018 2938 1088 pigra
2990 1024 3164 1083 erant,
3201 1032 3263 1071 ac
3297 1027 3408 1070 tor-

1870 1108 2017 1179 pida,
2041 1109 2109 1164 ab
2148 1108 2346 1162 invidis
2381 1108 2516 1163 tales
2545 1107 2767 1175 redditi,
2792 1108 3031 1177 Spiritus
3056 1107 3226 1163 sancti
3252 1106 3408 1161 verba

1872 1214 1978 1254 non
2021 1199 2405 1265 intellexerunt
2445 1212 2460 1253 :
2494 1199 2695 1268 quibus
2726 1209 2906 1254 autem
2938 1214 3131 1255 sensus
3162 1214 3269 1254 non
3297 1206 3407 1253 erat

1871 1282 2181 1359 impeditus,
2231 1290 2283 1341 hi
2331 1297 2384 1343 et
2434 1289 2840 1351 intellexerunt,
2871 1300 2925 1345 et
2951 1290 3145 1361 lingua:
3183 1291 3409 1360 piscato-

1871 1396 1990 1435 rum
2026 1395 2090 1435 ac
2128 1380 2365 1451 Spiritus
2397 1382 2575 1452 praada
2620 1380 3016 1437 exstiterunt‘O
3052 1397 3216 1453 quam
3262 1381 3411 1436 beate

1870 1472 2205 1549 feliciterque
2234 1482 2428 1544 sagena
2460 1476 2781 1545 intercepti!
2810 1473 2854 1528 Ο
2880 1490 2911 1530 e
2943 1489 3141 1545 sageua
3186 1473 3411 1528 exitiosa

1870 1563 2131 1617 extracti!
2163 1564 2209 1619 O
2229 1564 2354 1617 dum
2380 1567 2670 1632 capiuntur
2698 1563 2763 1617 ad
2794 1564 2957 1617 vitam
2990 1563 3231 1618 reducti!
3273 1559 3317 1616 0
3346 1562 3410 1615 ad

1872 1660 2099 1707 mortem
2149 1654 2288 1720 capti
2335 1663 2549 1714 venatu,
2592 1652 2719 1706 dum
2768 1652 2818 1707 id
2860 1662 3073 1716 cavent,
3121 1667 3191 1707 no
3220 1664 3410 1707 venatu

1868 1742 2193 1812 capiantur!
2244 1739 2441 1795 Verum
2477 1741 2712 1812 Spiritus
2744 1754 2969 1798 sanctus
3019 1744 3217 1816 lingua:
3244 1743 3413 1813 ignea:

204 1831 387 1901 τέρα,
432 1832 527 1885 καὶ
568 1831 659 1885 τὸν
694 1833 781 1885 ἀεὶ
826 1833 925 1902 μὸν
951 1834 1269 1903 ἀχωρίστως
1312 1834 1505 1903 ἐκείνῳ
1548 1832 1764 1886 συνόντα

1873 1831 2071 1899 specie,
2115 1830 2312 1898 cuique
2353 1829 2745 1901 discipulorum
2798 1833 3033 1898 insedit;
3092 1849 3218 1889 cum
3259 1835 3411 1904 prius

207 1918 365 1984 Υίδν,
409 1919 536 1989 ἄρτι
580 1918 638 1972 δὲ
661 1918 761 1989 τὴν
794 1922 860 1973 ἐκ
889 1922 996 1973 τῶν
1037 1923 1187 1975 κάτω
1225 1923 1361 1994 πρὸς
1391 1922 1553 1975 αὐτὸν
1593 1922 1764 1991 διηνυ-

1867 1920 2083 1987 quidem
2116 1920 2355 1989 olimque
2384 1921 2465 1975 eis
2501 1921 2734 1987 adesset,
2773 1936 2916 1976 nunc
2962 1937 3090 1976 vero
3137 1939 3249 1977 suae
3274 1939 3410 1992 pra--

203 2012 346 2065 κάτα
374 2010 513 2073 ὁδὸν,
543 2010 650 2078 ὅπη
689 2010 883 2079 διάγει.
917 2012 991 2065 Τὸ
1043 2011 1151 2082 γὰρ
1195 2014 1268 2067 τὰ
1298 2012 1457 2079 βάθη
1489 2012 1595 2066 τοῦ
1625 2011 1764 2069 Θεοῦ

1866 2011 2052 2064 sentiae
2081 2010 2255 2079 majus
2283 2024 2347 2064 ac
2371 2011 2703 2080 peculiarius
2742 2014 3016 2079 specimen
3040 2011 3246 2077 ederet,
3294 2013 3407 2067 dis-

204 2097 439 2165 Πνεῦμα
467 2096 758 2169 ἐρευνῶν,
789 2101 963 2155 ἐκεῖνο
993 2102 1170 2155 πάντα
1197 2102 1541 2173 ὲπιδημῆσαν
1568 2103 1764 2156 ὑπανα-

1865 2100 2224 2172 solveretque,
2242 2101 2289 2157 si
2317 2103 2444 2172 quid
2467 2102 2521 2158 in
2542 2105 2623 2159 eis
2648 2113 2881 2159 terrena:
2916 2104 3055 2159 labis
3094 2118 3159 2158 ac
3187 2117 3408 2160 concrc-

208 2192 539 2261 μιμνήσκει,
568 2190 669 2244 ὅσα
697 2207 759 2245 τε
806 2191 998 2263 παρὼν
1027 2194 1055 2247 ὁ
1091 2192 1415 2259 Διδάσκαλος
1450 2190 1764 2264 ἐμυσταγώ-

1868 2193 2032 2248 tionis
2083 2194 2403 2259 adhaereret,
2436 2202 2602 2265 atque
2650 2195 2715 2249 ad
2746 2195 2986 2250 divinam
3012 2195 3157 2264 ipsos
3197 2204 3403 2267 cogna-

201 2295 372 2348 γησε,
402 2281 498 2334 καὶ
526 2281 625 2335 ὃσα
648 2281 725 2352 μὴ
750 2281 1016 2354 χωροῦσιν
1044 2283 1260 2351 αὐτοῖς,
1289 2284 1369 2348 είς
1391 2283 1489 2354 τὴν
1520 2282 1614 2338 νῦν
1639 2285 1764 2338 ἰτα-

1870 2284 2070 2336 tionem
2095 2290 2417 2338 assumeret.
2447 2281 2652 2339 Etenim
2675 2283 2870 2338 rationi
2903 2285 3319 2340 consentaneum
3344 2298 3407 2338 ac

201 2370 408 2443 μιεῦθη
439 2372 807 2428 διδασκαλίαν.

1870 2386 1968 2437 par
1995 2381 2135 2437 erat,
2184 2378 2243 2426 ut
2274 2374 2365 2443 qui
2403 2372 2553 2429 missi
2580 2379 2787 2441 essent
2814 2375 2881 2428 ad
2911 2375 3169 2427 mundum
3198 2374 3406 2428 instan-

201 2466 461 2532 randu_m,
495 2465 692 2519 summi
737 2480 916 2521 rerum
953 2458 1175 2536 Opiﬁcis
1204 2463 1425 2520 deitatis
1463 2464 1755 2535 participes
1794 2460 2006 2518 ﬁerent.
2045 2462 2199 2517 Haud
2224 2477 2354 2535 ergo
2395 2466 2538 2519 ultro
2559 2464 2844 2535 quaesituri
2883 2476 3045 2527 sunt,
3100 2474 3160 2521 ut
3213 2481 3407 2537 cognoo

197 2563 366 2613 scant
395 2555 607 2611 Patrem
625 2558 692 2623 π,
722 2566 780 2612 ut
795 2572 972 2628 neque
1011 2558 1153 2612 viam
1183 2571 1288 2627 qua
1325 2555 1576 2624 Magister
1616 2556 1686 2610 ab
1753 2553 1833 2609 eis
1870 2554 2145 2624 digressus
2178 2563 2283 2611 est.
2309 2552 2426 2609 Iam
2453 2554 2595 2609 enim
2626 2565 2679 2609 et
2701 2553 2913 2609 Patrem
2939 2570 3324 2625 cognoverunt,
3354 2571 3410 2614 et

197 2652 249 2705 ei
283 2652 575 2725 individue
605 2660 822 2722 semper
847 2652 1196 2721 eonjunetum
1228 2648 1425 2703 Filium
1459 2648 1607 2717 :jatn
1634 2650 1760 2703 item
1800 2657 2068 2703 noverunt
2124 2648 2265 2700 viam
2297 2648 2604 2702 confecisse
2631 2658 2829 2703 eterra
2860 2702 2861 2705 η
2910 2648 2974 2703 ad
3023 2651 3223 2717 ipsum,
3299 2670 3409 2725 quo

198 2760 355 2800 nunc
392 2745 514 2800 loco
558 2717 698 2815 agit.
725 2717 862 2799 Nam
910 2717 1168 2814 Spiritus,
1193 2743 1284 2812 qui
1333 2743 1597 2813 profunda
1645 2740 1738 2795 Dei
1778 2749 2047 2793 scrutatur
2068 2740 2133 2804 '°,
2185 2754 2287 2794 suo
2321 2739 2410 2795 ille
2453 2741 2686 2794 adventu
2715 2741 2953 2809 suggerit
3019 2744 3223 2806 omnia,
3290 2717 3404 2800 tum

196 2852 327 2908 qua:
358 2836 615 2906 Magister
642 2850 882 2906 praesens
903 2836 1107 2903 docuit,
1153 2843 1266 2889 tum
1291 2848 1412 2904 quae
1426 2833 1493 2888 ad
1562 2829 1798 2902 Spiritus
1836 2843 2072 2900 przesens
2096 2831 2464 2899 magisterium
2487 2840 2759 2885 reservata
2780 2831 2967 2898 voluit,
2986 2848 3106 2886 cum
3175 2835 3411 2889 necdum

194 2929 277 2985 illi
310 2943 504 2984 eorum
543 2942 777 2997 capaces
796 2934 999 2982 essent.

263 2983 415 3073 im‘
442 3021 493 3072 οί
528 2983 938 3089 μὲέῑερώτατοι
971 3018 1211 3088 μαθηταὶ
1226 3014 1491 3091 τοιαύτης
1526 3013 1762 3069 ἀπέλαυ-

1930 3011 2001 3066 At
2038 2983 2392 3066 sacratissimi
2426 3010 2639 3080 quidem
2668 3010 2943 3082 discipuli,
2975 3013 3237 3081 ejusmodi
3281 3030 3401 3084 gra-

197 3128 303 3164 σαν
336 3112 399 3162 ὲν
422 3109 502 3178 τῷ
530 3105 659 3178 ίερῷ
684 3109 922 3177 χάριτος,
953 3110 1009 3161 ὲν
1036 3112 1101 3181 τῇ
1126 3108 1245 3181 ἱερᾷ
1272 3110 1369 3181 τῆς
1392 3106 1766 3179 Πεντηκοστῆς

195 3187 388 3271 ἡμέρᾳ
405 3212 420 3228 ⁸
447 3199 664 3261 πάντως
688 3197 745 3251 δὲ
770 3200 861 3253 καὶ
888 3199 1003 3266 νῦν,
1036 3201 1084 3253 εί
1110 3199 1205 3253 καὶ
1236 3200 1311 3272 μὴ
1328 3198 1611 3268 τοιαύτης,
1632 3197 1767 3251 ἀλλά

194 3308 262 3362 γε
294 3291 461 3358 ἀξίας
501 3289 597 3343 τοῦ
644 3288 976 3360 Πνεύματος,
1018 3291 1132 3345 ὅσοι
1158 3287 1321 3362 τίμᾷν
1348 3290 1639 3360 ἐγνώκασι.
1671 3290 1767 3343 Τι-

196 3382 355 3453 μῷεν
377 3382 423 3433 δ’
442 3379 511 3435 ἃν
535 3382 586 3434 ot
613 3380 746 3434 Θεὸν
791 3381 994 3445 εἰδότες
1019 3382 1264 3453 ὁμοτίμῳ
1302 3381 1430 3454 δόξῃ
1466 3382 1558 3436 καὶ
1585 3379 1766 3449 κυριό-

191 3492 346 3543 τητι,
399 3474 577 3542 Πατρὶ
620 3473 1202 3544 συμπροσκυνοὺμενον
1249 3474 1342 3527 καὶ
1373 3470 1517 3544 Υίῷ,
1554 3473 1765 3526 πάντων

195 3565 483 3628 κοινωνὸν,
511 3564 647 3634 πλὴν
672 3558 753 3627 οἷς
777 3563 845 3617 τὰ
879 3562 1143 3633 πράσωπα
1166 3562 1561 3616 διαστέλλεται·
1590 3560 1764 3613 πάντα

193 3654 347 3725 ἔχον,
379 3655 481 3706 ὅσα
507 3654 661 3706 θείαν
706 3652 867 3719 φύσιν
906 3652 1071 3717 είκὸς,
1099 3653 1457 3721 Δημιουργὸν,
1490 3652 1760 3713 ᾶκτιστον,

195 3743 431 3810 συνέχον
458 3739 557 3808 τήν
589 3739 785 3802 κτίσιν,
818 3740 1060 3805 ἁγιάζον,
1094 3739 1270 3792 πάντα
1300 3737 1539 3808 πληροῦν
1572 3740 1763 3807 ἀπερι-

192 3830 453 3899 λήπτως·
502 3827 595 3879 καὶ
646 3826 720 3897 μὴ
767 3822 928 3896 μόνον
952 3828 1082 3897 περὶ
1107 3829 1205 3898 τὴν
1229 3828 1390 3906 φῦσιν
1417 3829 1479 3880 οὐ
1519 3844 1761 3881 καινοτοο

194 3918 452 3987 μοῦντες,
478 3917 612 3969 ἀλλὰ
636 3917 757 3986 μηδ’
778 3918 857 3980 είς
887 3918 1064 3971 αἰτίαν
1093 3917 1222 3971 αὐτὸ
1246 3918 1436 3986 διπλῆν
1469 3916 1761 3987 ἀναφέρον-

189 4024 304 4070 τες.
324 4007 621 4076 Ἑκάτερον
650 4009 757 4077 γὰρ
785 4007 947 4077 ἀπείη
972 4007 1195 4078 γνώμης
1221 4007 1406 4078 ὀρθῆς.
1427 4007 1500 4060 Τὸ
1532 4006 1630 4074 μὲν
1652 4007 1758 4075 γάρ

189 4098 348 4151 ἐστιν
381 4097 463 4159 εἰς
496 4094 700 4167 κτίσμα
729 4096 831 4164 τὴν
857 4095 1248 4167 δημιουργικὴν
1291 4094 1635 4164 καταγόντων
1664 4095 1754 4146 οὐ·

190 4186 355 4242 σίαν’
403 4186 468 4240 τὸ
510 4186 590 4250 δὲ,
623 4184 957 4258 πολυαρχίαν
1001 4187 1060 4240 ἐν
1106 4189 1170 4259 τῇ
1222 4189 1520 4258 μοναρχικῇ
1567 4184 1754 4255 Τριάδι

190 4278 665 4351 αρεισαγὸντων.
709 4277 978 4351 Τιμητέον
1021 4274 1114 4332 οὖν
1162 4277 1357 4342 θεῖκῶς
1402 4276 1463 4331 τὸ
1511 4274 1751 4347 Πνεῦμα.

1867 3104 1997 3159 tiam
2042 3102 2096 3156 in
2153 3117 2307 3156 sacra
2350 3102 2464 3157 aede
2514 3116 2577 3156 ac
2629 3104 2913 3157 caenaculo
2946 3106 3220 3159 consecuti
3255 3116 3400 3165 sunt.

1867 3210 2023 3250 sacro
2068 3194 2412 3249 Peutccostes
2451 3192 2572 3259 die;
2607 3193 2829 3248 omnino
2856 3210 2982 3249 vero
3023 3196 3179 3249 etiam
3237 3212 3400 3256 nime,

1865 3287 1968 3341 etsi
2005 3301 2112 3339 non
2178 3293 2345 3349 tanta,
2391 3293 2755 3339 verumtamen
2810 3285 2972 3355 digno
3014 3284 3246 3355 Spiritus
3281 3303 3405 3341 saw

1866 3379 1937 3432 cti
1972 3393 2193 3434 munere
2224 3377 2518 3444 donantur,
2553 3386 2815 3447 quotquot
2851 3377 3109 3446 Spiritum
3155 3387 3402 3434 sanctum

1866 3469 2151 3522 honorant.
2214 3466 2493 3522 ilonorare
2545 3478 2724 3523 autem
2794 3478 3088 3523 censentur
3143 3470 3244 3533 illi,
3311 3473 3402 3540 qui

1866 3558 2031 3614 Deum
2091 3576 2215 3615 esse
2261 3565 2607 3625 conﬁtentur,
2672 3560 2896 3629 azqualis
2952 3577 3075 3615 eum
3138 3563 3296 3617 Patre
3345 3572 3402 3617 et

1864 3648 2014 3705 Filio
2056 3652 2281 3720 gloriae,
2343 3654 2621 3720 potentiae,
2686 3653 2875 3709 cultos
2912 3668 2977 3707 ac
3032 3654 3402 3721 adorationis;

1862 3740 2124 3810 quidquid
2164 3742 2442 3796 amborum
2482 3753 2586 3804 est,
2634 3758 2918 3797 commune
2952 3745 3257 3805 habentem.
3308 3762 3405 3799 ex-

1860 3831 2029 3898 ceptis
2059 3830 2125 3885 iis
2151 3845 2247 3899 per
2265 3846 2381 3899 qua:
2427 3845 2671 3897 pet-seum
2708 3832 3146 3897 distinguuntur;
3179 3832 3387 3893 omnia,

1863 3918 2103 3985 inquam,
2146 3917 2452 3991 habentem,
2490 3932 2609 3984 qua:
2667 3931 2766 3984 par
2811 3925 2895 3970 est
2934 3917 3097 3970 Deum
3157 3919 3393 3974 habere:

1862 4017 1920 4060 ut
1953 4008 2025 4069 sit
2073 4006 2320 4067 Creator,
2383 4007 2453 4061 sit
2485 4007 2790 4077 increatus;
2840 4008 3133 4074 contineat,
3178 4023 3241 4061 ac
3268 4002 3396 4064 con-

1857 4105 2033 4152 servet
2048 4106 2246 4162 creata,
2281 4088 2721 4166 incomprehensa
2744 4098 2951 4153 ratione
2973 4097 3153 4153 omnia
3177 4099 3391 4169 replen—

1856 4196 2002 4244 tem:
2050 4188 2141 4259 qui
2188 4203 2297 4242 non
2334 4197 2542 4243 tantum
2603 4189 2747 4244 circa
2802 4196 3049 4244 naturam
3100 4189 3219 4258 ejus
3264 4191 3396 4244 nihil

1860 4281 2140 4346 innovant,
2195 4281 2289 4337 sed
2340 4298 2517 4351 neque
2547 4283 2810 4353 originem
2852 4281 2969 4351 ejus
3000 4283 3067 4336 ad
3098 4283 3234 4339 duas
3274 4299 3399 4353 cau7

189 4372 329 4437 Θεὸς
358 4372 504 4442 γὰρ,
538 4370 637 4442 οὐχ
665 4364 776 4435 οἷος
805 4372 839 4441 ή
868 4371 994 4440 πρὶν
1025 4370 1363 4424 διαπλάσασα
1397 4368 1567 4440 πλάνη
1610 4368 1759 4438 νομί-

1863 4388 1973 4437 sas,
2007 4388 2101 4429 seu
2139 4375 2403 4445 principia
2432 4372 2693 4427 referunt.
2744 4374 3047 4444 Utrumque
3085 4375 3227 4429 enim
3288 4376 3398 4430 abit

189 4466 309 4530 ζειν
339 4464 616 4535 ἡπάτησε,
648 4462 830 4533 μικρῷ
862 4463 957 4517 καὶ
987 4464 1204 4534 μεγάλῳ
1230 4463 1384 4535 μέρει
1410 4463 1470 4516 τὸ
1497 4463 1648 4516 Θείον
1679 4462 1757 4515 δι-

188 4557 470 4628 αιροῦσα·
515 4555 630 4611 ἀλλ’
656 4550 769 4609 οἷον
808 4557 845 4627 ἡ
884 4556 949 4609 δι’
992 4551 1060 4628 ἧς
1104 4555 1386 4626 ηνώθημεν
1413 4555 1532 4625 Θεῷ
1565 4556 1762 4623 γνῶσις

189 4648 427 4713 ἐδίδαξε,
456 4648 559 4717 τὴν
584 4647 857 4715 ἀγνωσίαν
881 4647 979 4718 τῆς
1010 4647 1215 4715 πλάνης
1240 4645 1651 4715 ἁποκαθάρασα.
1668 4648 1764 4722 Μὴὶ

189 4739 360 4793 πάλιν
390 4739 488 4792 ἐπὶ
516 4738 587 4792 τὰ
622 4737 897 4815 κτίσματα
920 4737 1351 4806 καταῦαίνωμεν,
1378 4734 1513 4805 πρὸς
1545 4739 1633 4787 τὸν
1662 4735 1757 4788 ἕνα

190 4829 328 4884 Θεὸν
376 4820 784 4901 ἀνεληλυθότες.
828 4827 1131 4899 κτίσμασίν
1177 4829 1321 4879 ἐστιν
1368 4823 1668 4895 λατρεύειν,
1697 4825 1758 4877 τὸ

188 4918 405 4987 κτίσμα
446 4919 687 4985 νομίζειν
718 4919 781 4973 τὸ
820 4919 1068 4988 Πνεῦμα,
1109 4917 1243 4989 μηδὲ
1288 4917 1383 4987 τὴν
1430 4915 1632 4983 ἄφατον
1661 4914 1756 4968 τοῦ

188 5006 446 5063 Quacum?
482 5010 798 5080 Πνεῦματος
829 5009 1142 5079 εὐεργεσίαν
1180 5006 1483 5075 ὲλαττώσῃς
1515 5005 1758 5074 λυμηνά-

191 5115 360 5170 μενος
389 5099 591 5169 ἐαυτῷ.
612 5102 689 5153 Οὐ
717 5100 823 5170 γὰρ
845 5101 994 5153 ἔστιν
1012 5101 1157 5162 ὅπως
1183 5099 1394 5167 φύσεως
1421 5096 1640 5163 κτιστῆς
1658 5095 1756 5165 τὴν

189 5187 504 5244 ἀνάπλασιν
533 5187 827 5258 ἀπολάϐῃς,
847 5188 952 5241 οὐδ’
972 5188 1165 5242 ἕνωσιν
1186 5188 1283 5258 τὴν
1307 5184 1438 5257 πρὸς
1467 5183 1616 5250 Θεὸν,
1639 5183 1754 5236 ἀλλ’

189 5284 225 5351 ἡ
255 5280 484 5347 ἐκείνῳ,
514 5279 645 5346 παρ’
671 5273 755 5336 οῦ.
783 5282 878 5332 καὶ
902 5281 1000 5332 οὐκ
1029 5277 1104 5331 ὢν
1130 5278 1433 5348 δημιουργῇ
1452 5290 1465 5305 ⁸
1505 5275 1599 5327 καὶ
1640 5274 1754 5325 δια-

190 5372 448 5443 φθαρεὶς,
485 5366 613 5436 θείῳ
640 5367 829 5436 κράτει
856 5372 1155 5439 καινοποιῇ.
1176 5360 1311 5421 Ἀλλ’
1340 5362 1419 5431 οἷς
1452 5364 1548 5436 μὲν
1583 5363 1641 5417 εὖ
1674 5363 1751 5416 εία⁴

187 5465 302 5519 δόσι
347 5463 387 5531 ἡ
421 5459 513 5528 σὴ,
550 5457 892 5527 Παρακλητε,
919 5460 1144 5522 σώζεται
1171 5459 1323 5527 τιμὴ,
1348 5458 1441 5511 καὶ
1484 5456 1579 5521 τῆς
1607 5455 1752 5526 παρὰ

192 5545 285 5612 σῶ
312 5552 491 5625 τιμῆς
518 5547 743 5618 ὑπάρξει
775 5549 1074 5601 ἀντιλαϐεῖν
1091 5567 1105 5579 ·
1134 5551 1245 5604 ὅσοι
1274 5550 1317 5602 δ’
1345 5548 1595 5612 ἐναντίως
1620 5550 1750 5601 ὑπο-

255 5714 305 5747 aI
346 5711 506 5768 10m.
538 5724 648 5765 τιν.
672 5706 725 5765 4,
760 5706 811 5757 9.
883 5705 930 5736 ’θ
964 5707 977 5757 l
1008 5704 1131 5762 Cor.
1158 5723 1216 5770 lt,
1254 5708 1337 5760 {0.

572 5797 837 5860 ΙἈΤιιιιῑ..
877 5797 995 5857 Gn.
1038 5798 1217 5860 ιςνιι.

1861 4481 1890 4521 a
1925 4477 2069 4521 recta
2114 4467 2401 4521 sententia.
2463 4465 2707 4517 Alterum
2745 4473 2829 4519 est
2874 4480 3057 4522 eorum
3109 4466 3201 4535 qui
3249 4481 3398 4520 crea-

1862 4555 2050 4609 tricem
2118 4563 2362 4607 naturam
2408 4553 2460 4607 in
2491 4562 2795 4606 creatorum
2850 4553 3111 4621 dejiciunt
3159 4559 3392 4618 sortem;

1859 4646 2084 4697 alterum
2111 4656 2297 4694 eorum
2325 4642 2415 4712 qui
2469 4640 2633 4694 multa
2676 4642 2941 4710 principia
2971 4642 3025 4694 in
3053 4641 3214 4696 unius
3238 4641 3393 4710 prin-

1858 4737 2005 4806 cipii,
2038 4750 2101 4788 ac
2140 4734 2473 4803 principatus
2515 4730 2837 4786 Trinitatem
2877 4732 3165 4786 inducunt.
3203 4730 3393 4785 Diviuo

1856 4827 2019 4896 igitur
2065 4824 2268 4879 honore
2302 4821 2706 4894 prosequendus
2736 4829 2821 4877 est
2865 4823 3100 4891 Spiritus
3137 4833 3390 4877 sanctus:

1856 4916 2051 4985 quippe
2077 4930 2198 4967 cum
2229 4913 2366 4969 Deus
2408 4914 2497 4976 sit,
2549 4926 2656 4965 non
2698 4912 2914 4979 quidem
2946 4911 3133 4980 quales
3180 4912 3391 4980 pri'scus

1857 5020 2011 5060 error
2038 5006 2167 5058 deos
2216 5005 2388 5066 tinxit,
2435 5017 2497 5055 ac
2523 5000 2769 5071 ﬁngendo
2794 5001 2848 5055 in
2881 5015 3120 5054 errorem
3154 4999 3389 5064 induxit.

1853 5096 2046 5164 majori
2095 5109 2159 5149 ac
2214 5094 2407 5149 minori
2466 5102 2616 5161 parte
2659 5091 2909 5145 deitatem
2971 5090 3239 5157 dividens,
3297 5094 3391 5147 sed

1854 5187 2062 5256 qualem
2115 5183 2361 5245 scientia,
2406 5172 2662 5252 qua-Deo
2714 5177 2850 5233 uniti
2885 5192 3092 5244 smnus,
3149 5178 3388 5247 ﬁdesque

1854 5276 2056 5340 docuit,
2106 5276 2253 5328 omni
2287 5273 2487 5326 erroris
2541 5269 2846 5338 ignorantia
2878 5277 3194 5340 perpurgata
3225 5278 3385 5335 atque

1854 5366 2083 5421 sublata.
2112 5365 2218 5420 Nec
2236 5376 2442 5416 rursum
2469 5348 2533 5414 ad
2556 5368 2736 5414 creata
2750 5358 3253 5424 descettdamus,qui
3273 5357 3384 5422 jam

1854 5457 1917 5507 ad
1948 5454 2109 5509 Deum
2140 5455 2340 5507 unitate
2362 5459 2697 5505 constantem
2725 5451 3089 5506 ascendimus.
3114 5446 3211 5509 Qui
3244 5450 3387 5498 enim

1859 5545 2117 5616 Spiritum
2168 5551 2415 5602 sanetum
2459 5532 2762 5598 creaturam
2808 5556 2928 5597 esse
2970 5538 3261 5603 existimat,
3296 5535 3385 5589 ille

2995 5788 3030 5848 5
