3930 6332
635 290 842 355 135-

1841 288 2038 350 LEON
2044 289 2115 349 IS
2151 289 2602 351 I'HILOSOPHI

3736 292 3827 357 136

629 400 720 453 die
749 400 854 454 ista
891 410 990 453 nos
1022 394 1271 451 adventui
1312 394 1431 462 ejus
1461 392 1672 449 debitos
1705 394 1935 450 honores
1963 394 2174 464 persol-

2280 397 2419 466 ἡμᾶς
2449 399 2606 467 ἐτίμα
2639 400 2705 468 τῇ
2759 397 3049 470 παρουσίᾳ,
3083 399 3320 468 σήμερον
3347 400 3512 467 ἡμεῖς
3536 399 3637 471 τὴν
3665 402 3826 453 αὐτοῦ

632 489 830 544 vimus.
868 486 994 541 lleri
1039 485 1379 541 beneﬁcium;
1408 498 1438 536 a
1487 483 1646 539 nobis
1692 496 1992 554 acceptum,
2025 483 2183 538 hodie
2214 480 2223 492 ’

634 590 860 637 sanctus
894 579 1127 650 Spiritus
1149 576 1317 648 gloria
1339 583 1711 643 argumentum
1735 575 2046 645 suppeditat
2067 575 2183 628 lau-

632 672 809 726 dibus.
836 670 1092 738 Quanam
1125 682 1254 722 vero
1278 665 1427 719 illum
1458 666 1627 733 magis
1656 667 1845 719 deceat
1868 665 2026 718 laus?
2050 665 2181 717 Pro-

632 768 718 823 eul
756 767 922 823 dubio
950 765 1119 821 Deum
1149 762 1417 820 conﬁteri.
1447 760 1738 832 Propterea
1766 762 1977 817 scilicet
1995 775 2026 816 a
2046 760 2183 816 Filio

522 924 523 927 η
634 857 885 920 mittitur,
909 857 1012 911 hoc
1038 855 1141 925 ipsi
1164 862 1449 922 prmstans,
1480 865 1606 905 cum
1634 844 1701 904 a'd
1728 866 1850 906 eum
1876 851 2182 923 gloriﬁcan-

632 949 758 1005 dum
786 946 1123 1003 advenerit‘.
1157 942 1317 999 Venit
1345 950 1474 1013 ergo
1510 941 1780 1011 propriam
1822 958 2037 1013 quoque
2066 942 2183 1013 glo-

633 1041 765 1093 riam
797 1037 1108 1093 [nominibus
1138 1033 1531 1105 patefacturus.
1565 1032 1860 1101 Oportebat
1886 1034 2051 1094 enim,
2091 1048 2182 1087 co-

631 1131 842 1185 lendam
872 1136 999 1183 ante
1027 1128 1215 1184 urbem
1259 1124 1535 1180 conditum
1589 1123 1903 1178 Trinitatem
1934 1126 2001 1179 ab
2033 1124 2182 1179 orbis

632 1219 828 1273 incolis
855 1216 1217 1273 communiter
1254 1214 1548 1284 aliquando
1577 1215 1716 1278 coli;
1763 1214 1906 1282 quod
1937 1221 1995 1271 ut
2024 1214 2183 1269 hodie

630 1306 884 1361 alacriter
908 1304 1161 1360 ostendat
1187 1303 1384 1369 oratio,
1412 1301 1624 1357 initium
1656 1303 1735 1357 sic
1770 1311 1971 1358 statuo.

700 1576 851 1633 Unus
893 1575 1034 1631 Deus
1077 1574 1131 1629 in
1167 1573 1346 1637 Patre,
1372 1582 1426 1629 et
1452 1572 1612 1636 Filio,
1642 1573 1927 1643 et,Spiritu
1964 1582 2176 1637 sancto,

630 1665 867 1721 Trinitas
902 1680 1251 1736 personarum
1292 1664 1497 1719 unitate
1532 1674 1737 1719 natura:
1771 1664 1824 1718 in
1855 1680 2020 1718 unum
2049 1679 2179 1719 coa-

630 1757 862 1820 lescens,
887 1769 951 1808 ex
992 1768 1051 1810 se
1100 1753 1375 1825 perfecta,
1441 1754 1744 1822 completa‘,
1779 1770 1989 1824 semper
2034 1756 2180 1810 exsi-

627 1859 804 1915 stens,
833 1857 886 1903 et
919 1850 1008 1912 iis,
1040 1862 1159 1918 qua:
1207 1855 1353 1912 sunt,
1385 1861 1505 1903 esse
1551 1849 1795 1915 przebens
1824 1867 1838 1902 :
1873 1862 1972 1902 nec
2024 1847 2183 1903 Patre

626 1939 953 2009 sempiterna
996 1938 1165 2009 gloria
1194 1952 1433 2007 unquam
1492 1937 1752 2002 multato,
1786 1932 1995 1993 etiamsi
2025 1936 2180 2004 Filio,

624 2031 715 2101 qui
767 2028 946 2085 Patris
992 2037 1074 2085 est
1108 2027 1299 2099 gloria,
1334 2030 1568 2083 nondum
1602 2037 1889 2097 apparente
1918 2028 1992 2097 (3)
2046 2028 2178 2081 late-

625 2130 739 2187 ret;
773 2136 872 2176 nec
900 2118 1060 2185 Filio,
1093 2120 1315 2175 etiamsi
1347 2119 1556 2174 tardius
1588 2120 1845 2187 illuxerit,
1870 2119 2051 2175 minus
2079 2120 2179 2173 lia-

622 2213 801 2277 bente,
833 2226 994 2281 quam
1027 2210 1221 2275 Pater;
1252 2225 1352 2265 nec
1388 2209 1617 2279 Spiritu.
1646 2206 1860 2263 etiamsi
1892 2212 1945 2263 in
1974 2211 2180 2264 theolo-

624 2304 711 2374 gia
758 2303 975 2357 tertium
1023 2300 1267 2355 obtineat
1315 2298 1515 2364 locum,
1550 2301 1822 2367 posterius
1870 2314 1991 2353 esse
2037 2299 2178 2353 acci-

626 2393 808 2462 piente
837 2409 851 2445 :
893 2388 988 2445 sed
1019 2389 1477 2445 coexsistentibus
1514 2388 1706 2454 simul,
1737 2401 1801 2444 ac
1828 2402 1981 2457 aeque
2014 2390 2179 2459 glori-

626 2479 874 2541 ticandis,
899 2476 1147 2549 quamvis
1172 2474 1336 2532 Pater
1362 2478 1506 2532 velut
1538 2477 1861 2548 principium
1892 2477 1982 2540 sit,
2013 2487 2067 2533 et
2086 2493 2176 2533 ra-

625 2573 714 2625 itir
738 2610 752 2635 ,
787 2568 958 2625 Filius
988 2583 1134 2635 vero,
1162 2582 1227 2623 ac
1261 2566 1497 2635 Spiritus
1519 2562 1666 2621 veiut
1689 2568 1823 2622 rami
1859 2566 2077 2638 quidam
2109 2572 2176 2625 ab

624 2670 826 2719 :eterno
860 2660 1257 2732 pullulaverint.
1286 2657 1401 2727 Hoc
1430 2660 1497 2714 de
1526 2657 1633 2714 Deo
1660 2658 1854 2730 dogma
1877 2659 2175 2730 antiquitus
2222 2662 2223 2665 “

624 2752 841 2822 quidem
874 2750 1049 2807 edocti
1073 2750 1244 2827 aliqui
1275 2758 1425 2812 sunt,
1455 2749 1638 2803 divina
1665 2749 1905 2804 bonitate
1922 2765 1981 2805 se
2002 2750 2173 2819 ipsam

624 2845 930 2914 henigniter
977 2840 1257 2912 prodente,
1288 2840 1519 2894 obscure
1566 2846 1766 2901 tamen,
1800 2837 2026 2907 ejusque
2056 2840 2195 2909 pnI-V

623 2933 927 2988 cliritudine
975 2931 1144 2987 fuscis
1201 2938 1412 2983 tantum
1464 2927 1741 2983 coloribus
1807 2926 2067 2997 depicta,
2120 2936 2175 2984 et

624 3022 819 3092 aptiori
865 3035 982 3076 aevo
1035 3028 1330 3075 reservata.
1365 3017 1502 3073 Hine
1532 3019 1810 3072 colebatur
1858 3020 1986 3073 olim
2035 3019 2174 3073 Deus

624 3113 783 3167 Pater
810 3127 840 3164 a
868 3112 1087 3199 populo,
1110 3111 1286 3178 ipsum
1317 3116 1522 3161 tantum
1550 3122 1845 3176 agnoscere
1872 3108 2172 3176 proﬁtente,

626 3216 726 3256 nec
750 3194 946 3255 Filium
970 3237 985 3260 ,
1017 3198 1110 3267 qui
1155 3197 1338 3251 omnia
1377 3194 1639 3264 possidet,
1676 3210 1796 3265 qua:
1826 3196 2002 3257 Pater,
2033 3196 2178 3263 ejus-

627 3293 748 3346 dem
802 3290 981 3343 cultus
1026 3284 1342 3356 participem
1394 3282 1648 3346 faciente,
1673 3284 1884 3338 etiamsi
1932 3286 2175 3354 pluribus

631 3377 805 3431 modis
832 3390 891 3430 se
914 3372 1301 3444 prodidisset’.
1328 3370 1465 3425 Cum
1490 3386 1614 3424 vero
1644 3372 1881 3425 nondum
1917 3373 2053 3440 apud
2081 3386 2177 3427 nos

628 3469 721 3523 lux
749 3464 1082 3527 emicuisset,
1106 3477 1227 3533 qua:
1244 3460 1406 3517 simul
1437 3475 1563 3515 cum
1584 3460 1835 3518 Genitore
1861 3469 1983 3518 ante
2005 3477 2176 3516 aevum

626 3556 872 3621 emicuit,
907 3555 1269 3609 collucentem
1319 3566 1442 3607 cum
1500 3567 1565 3607 eo
1618 3550 1881 3621 Spiritum
1937 3554 2176 3608 nondum
2224 3550 2227 3553 ’

628 3649 876 3705 homines
923 3646 1107 3703 debito
1153 3645 1360 3699 honore
1406 3645 1870 3713 prosequebantur
1905 3661 1919 3697 :
1951 3653 2035 3699 ast
2082 3644 2213 3721 ubi,

627 3740 801 3795 Patris
827 3739 995 3811 gloria
1031 3752 1126 3809 per
1167 3735 1517 3806 Unigenitum
1573 3749 1731 3789 suum
1785 3736 1985 3791 clarior
2018 3749 2179 3805 appao

627 3834 756 3894 ruit.
784 3833 965 3887 statim
1022 3830 1195 3902 ipsius
1246 3827 1503 3883 divinitas
1552 3826 1791 3882 innotuit
1817 3826 2089 3890 omnibus,
2119 3842 2179 3883 se

625 3924 774 3991 ipsos
818 3925 874 3978 in
920 3936 1071 3979 suam
1108 3919 1402 3993 perniciem
1440 3934 1549 3975 non
1580 3917 2000 3975 excaecantibus.
2028 3918 2179 3974 Tunc

627 4027 757 4081 ergo
789 4012 952 4067 simul
985 4026 1219 4083 regnans
1251 4008 1486 4080 Spiritus
1517 4009 1749 4077 eﬂulsit;
1779 4011 1931 4079 prius
1957 4010 2175 4081 quidem

630 4115 751 4153 cuni
782 4099 1016 4157 Verbum
1068 4101 1124 4155 in
1162 4110 1309 4154 terra
1336 4100 1553 4167 degeret
1580 4101 1755 4169 ipsum
1787 4098 2089 4163 comitaris,
2123 4110 2178 4154 et

630 4204 754 4243 cum
776 4191 925 4259 ipso,
949 4205 1067 4259 quae
1100 4190 1267 4245 Deum
1299 4188 1577 4251 deeerent,
1609 4202 1888 4257 peragens,
1922 4189 2177 4243 testiﬁca-

632 4278 943 4346 tionemque
976 4290 1258 4348 praestans,
1287 4289 1340 4333 et
1373 4279 1620 4333 vicissim
1652 4277 1917 4345 recipiens
1948 4294 1961 4329 :
1988 4278 2179 4332 deinde

2280 487 2527 555 τιμῶμεν
2560 488 2878 558 ἐπιδημίαν’
2923 487 3048 557 χθὲς
3093 488 3225 557 ἡμῖν
3260 488 3514 551 ὑπόθεσις
3548 489 3651 557 τῆς
3694 504 3827 542 παί-

2280 578 2527 650 ηγύρεως
2553 580 2585 649 ἡ
2615 580 2853 649 ὑμετέρα
2881 562 3185 649 εὗεργεσία,
3214 578 3450 649 σήμερον
3479 579 3704 649 ἀφορμὴ
3734 581 3824 633 τοῦ

2281 667 2664 739 πανηγυρίζειν
2704 669 2736 740 ή
2780 670 2869 722 τοῦ
2917 668 3230 738 Πνεύματος
3274 667 3571 737 δοξολογία.
3610 654 3706 733 Τίς
3737 670 3827 725 οἷν

2281 758 2473 829 ἐκείνῳ
2501 757 2781 828 πρέπουσα
2821 759 3013 826 γένοιτ’
3040 758 3106 812 ἂν
3139 755 3445 824 δοξολογία;
3491 758 3557 812 Ἦ
3580 762 3681 830 τῆς
3712 759 3828 812 θεο-

2282 845 2523 918 πρεποῦς
2557 845 2713 916 δόξης
2766 846 3036 916 ὁμολογία.
3068 846 3147 899 Δι’
3198 846 3267 917 ἢν
3315 847 3704 902 ἀποστέλλεται
3736 850 3828 916 μὲν

2281 937 2429 1003 παρά
2478 934 2570 988 τοῦ
2630 934 2758 988 Υίοῦ
2783 975 2798 996 ,
2853 937 3402 1007 πραγματευσάμενος
3449 936 3606 990 τοῦτο
3657 936 3825 1006 αὐτῷ.

2293 1026 2496 1080 Ἐκεῖνο
2526 1026 2635 1096 γὰρ
2680 1024 2914 1088 δοξάσων
2942 1027 3213 1096 ἐλήλυθεν.
3238 1021 3381 1081 Ἦιιε
3419 1027 3477 1080 δὲ
3502 1028 3596 1081 καὶ
3625 1030 3727 1097 τὴν
3751 1030 3826 1081 οξ-

2281 1118 2429 1176 κείαν
2458 1118 2621 1188 τιμὴν
2654 1116 2965 1187 ἐμφανίσων
2988 1118 3067 1186 τῷ
3100 1118 3399 1189 πλάσματι.
3434 1118 3699 1189 Ἐπείπερ
3724 1120 3828 1172 ἔδει

2278 1208 2377 1280 τὴν
2406 1208 2510 1277 πρὸ
2542 1207 2636 1262 τοῦ
2698 1207 2790 1261 τὸν
2838 1208 3041 1277 κόσμον
3074 1204 3211 1261 εἶναι
3264 1212 3576 1282 τιμωμένην
3599 1211 3823 1283 Τριάδα,

2281 1300 2372 1352 καὶ
2426 1299 2529 1352 ὑπὸ
2572 1298 2679 1353 τῶν
2701 1303 2756 1352 ἐν
2780 1300 2967 1368 κόσμῳ
3021 1301 3136 1368 ἅμα
3166 1301 3444 1369 τιμᾶσθαι.
3480 1305 3545 1355 Ὃ
3590 1304 3827 1372 σήμερον

2281 1390 2725 1461 προθυμούμενος
2784 1390 2812 1441 ὀ
2863 1391 3017 1454 λόγος
3085 1391 3280 1456 ποιεῖν,
3335 1390 3479 1444 οὕτω
3524 1393 3619 1446 τοῦ
3670 1394 3825 1460 λόγου

2279 1482 2600 1551 ἀπάρχεται.
3438 1526 3448 1531 -

2349 1567 2443 1634 Εἷς
2472 1571 2601 1634 Θεὸς
2631 1573 2688 1625 ἐν
2720 1572 2894 1640 ῐιατρὶ
2926 1571 3021 1624 καὶ
3074 1571 3188 1642 Υίῷ
3229 1572 3324 1624 καὶ
3361 1570 3499 1641 ἁγίῳ
3531 1569 3825 1638 Πνεῦμα-τι.

2281 1660 2626 1713 ὑποστάσεων
2652 1660 2820 1727 Τριὰς
2867 1661 2945 1723 είς
2985 1659 3043 1712 ἓν
3073 1659 3343 1725 συνιοῦσα,
3376 1659 3562 1731 μονάδι
3591 1660 3823 1727 φύσεως,

2283 1750 2595 1818 αὐτοτελὴς,
2629 1749 3003 1821 ὑπερπλήρης,
3038 1751 3124 1804 ἀεὶ
3159 1750 3315 1815 οῦσα,
3354 1751 3446 1803 καὶ
3484 1753 3597 1812 τοῖς
3620 1745 3743 1802 οὖσι
3775 1750 3827 1801 τὸ

2284 1837 2421 1894 εἶναι
2467 1841 2840 1911 παρασχοῦσα,
2904 1842 3025 1895 οὔτε
3052 1841 3146 1895 τοῦ
3179 1840 3391 1914 llas-pb;
3421 1843 3828 1912 ἀκρωτηριαςο-

2284 1933 2443 2001 μένου
2501 1931 2602 2001 τῆς
2656 1931 2827 1985 ἀϊδίου
2874 1930 3049 1999 δόξης,
3106 1931 3183 2001 τῷ
3225 1930 3445 2002 ὕστερον
3477 1930 3575 2001 τὴν
3618 1931 3823 1984 ἐκείνου

2277 2022 2432 2086 δόξαν
2460 2022 2551 2076 τὸν
2580 2021 2704 2074 Υἰὸν
2738 2023 3093 2091 ἐκπεφάνϐαι,
3121 2023 3247 2094 πρὶν
3278 2022 3333 2075 δὲ
3364 2020 3669 2091 ἀνυπαρξίᾳ
3692 2039 3825 2093 κρυ-

2278 2112 2547 2181 πτομένου
2577 2127 2589 2141 ·
2625 2112 2746 2165 οὔτε
2780 2112 2872 2165 τοῦ
2906 2112 3036 2166 Υίοῦ
3088 2114 3145 2165 ἐν
3178 2114 3254 2183 τῷ
3289 2113 3605 2180 ἀπαυγάσαι
3652 2113 3825 2182 ὀψιαί-

2277 2221 2452 2272 τερον,
2486 2207 2636 2273 μεῖον
2656 2203 2911 2271 φέροντος
2936 2204 3031 2254 τοῦ
3063 2203 3291 2271 Πατρός,
3321 2202 3442 2254 οὔτε
3466 2201 3559 2255 τοῦ
3584 2202 3827 2273 Πνεῦμα-

2276 2312 2367 2358 τος
2391 2294 2482 2347 τοῦ
2509 2296 2664 2362 ἁγίου
2688 2310 2702 2326 ο
2731 2296 2781 2346 εί
2843 2294 2937 2346 καὶ
2972 2292 3161 2361 τρίτην
3192 2295 3248 2345 ἐν
3291 2295 3356 2363 τῇ
3403 2291 3650 2363 θεολογίᾳ
3679 2294 3825 2358 τάξιν

2278 2383 2410 2452 ἔχει,
2454 2380 2911 2453 μεταγενεστέραν
2939 2380 3193 2449 λαχόντος
3240 2380 3339 2450 τὴν
3393 2380 3645 2450 ὕπαρξιν.
3690 2382 3824 2433 Ἀλλ’

2276 2475 2410 2544 ὁμοῦ
2443 2474 2550 2528 τῶν
2572 2474 2737 2545 τριῶν
2771 2473 3032 2527 συνόντων
3084 2474 3179 2527 καὶ
3215 2473 3490 2543 ὀμοτίμως
3544 2472 3826 2544 δοξαζομέ-

2276 2583 2418 2621 νων⁸
2470 2568 2570 2621 κᾶν
2617 2568 2646 2621 ὀ
2710 2567 2806 2637 μὲν
2850 2566 2926 2629 ὡς
2974 2566 3115 2636 ἁρχὴ
3156 2567 3247 2619 καὶ
3298 2564 3457 2636 ῥίζα,
3489 2565 3615 2628 Υἱὸς
3645 2566 3702 2619 δὲ
3736 2568 3825 2619 καὶ

2277 2659 2501 2729 Πνεῦμα
2552 2654 2661 2711 οἷον
2709 2658 2924 2728 βλαστοί
2958 2674 3100 2720 τινες
3144 2656 3327 2719 ἀῖδίως
3387 2657 3819 2727 συνεκτεθήλασι.

2274 2752 2449 2806 Τοῦτο
2477 2752 2539 2822 δὴ
2569 2751 2629 2803 τὺ
2660 2750 2784 2820 περὶ
2812 2748 2945 2802 Θεοῦ
2982 2748 3156 2819 δόγμα
3181 2749 3344 2802 πάλαι
3372 2747 3470 2817 μέν
3497 2765 3640 2811 τινες
3658 2750 3825 2819 ἐμυή-

2275 2843 2465 2916 Θησαν,
2508 2841 2916 2911 φιλανθρώπως
2963 2840 3162 2910 ἑαυτὴν
3230 2840 3678 2909 ἐκκαλυπτούσης
3726 2840 3821 2907 τῆς

2274 2934 2565 3004 θεαρχικῆς
2596 2933 2949 3003 ἀγαοότητος,
2994 2931 3133 3001 πλὴν
3186 2930 3463 3001 ἀμυδρῶς,
3504 2930 3693 3002 ῶσπερ
3718 2931 3822 2983 τισὶ

2274 3024 2524 3092 χρώμασι
2574 3022 2950 3091 στυγνοτέροις
2970 3021 3310 3091 γραφομένου
3351 3018 3444 3072 τοῦ
3473 3020 3700 3082 κάλλους
3730 3023 3822 3089 τῆς

2275 3111 2576 3173 εὐσεϐείας,
2606 3112 2699 3162 καὶ
2724 3113 3117 3181 ταμιευομένης
3150 3113 3228 3172 είς
3258 3111 3347 3164 τὸν
3377 3111 3680 3182 καθήκοντα
3704 3127 3823 3164 και-

2278 3199 2367 3269 ρὸν
2394 3198 2491 3265 τῆς
2524 3198 2844 3278 τρανοτέρας
2894 3199 3291 3267 λαμπρότητος.
3314 3199 3467 3253 Οῦτω
3487 3200 3551 3269 δὴ
3569 3201 3822 3270 πρότερον

2275 3286 2303 3337 ὁ
2336 3286 2465 3347 Θεὸς
2494 3286 2588 3338 καὶ
2612 3285 2795 3352 Πατὴρ
2816 3288 2920 3338 ὑπὸ
2951 3285 3041 3338 τοῦ
3088 3288 3243 3354 μόνον
3273 3288 3478 3339 ἐκεῖνον
3504 3288 3708 3339 ειδέναι
3736 3286 3821 3337 λέ-

2276 3392 2458 3444 γοντος
2493 3376 2715 3444 ἐτιμᾶτο
2742 3374 2892 3436 λαοῦ,
2929 3375 3002 3444 μὴ
3025 3375 3360 3443 ποιουμένων
3382 3373 3530 3443 αὺτῷ
3557 3374 3819 3444 συμμερί-

2275 3483 2372 3535 την
2402 3466 2499 3535 τῆς
2526 3467 2688 3535 τιμῆς
2707 3463 2795 3519 τὸν
2823 3466 3019 3530 πάντα,
3065 3464 3165 3518 ὅσα
3194 3466 3305 3534 ἔχει
3342 3466 3370 3515 ό
3402 3466 3609 3536 Πατὴρ,
3634 3480 3822 3528 κεκτη-

2280 3556 2436 3625 μένον
2453 3554 2599 3619 Υίὸν,
2628 3556 2676 3607 εί
2706 3554 2798 3607 καὶ
2826 3553 3101 3615 πλείσταις
3129 3554 3279 3617 ὅσαις
3311 3554 3613 3623 ἐμφάσεσιν
3639 3552 3820 3607 ἑαυτὸν

2277 3646 2617 3699 διεδείκνυεν.
2650 3644 2812 3699 Οὖπω
2839 3644 2897 3697 δὲ
2925 3645 3017 3698 τοῦ
3046 3646 3286 3715 ἀχρόνως
3315 3646 3412 3698 σὺν
3434 3645 3511 3714 τῷ
3540 3645 3820 3714 Γεννήτορι

2276 3739 2581 3808 ἀνίσχοντος
2614 3736 2789 3806 φωτὸς
2809 3737 2866 3789 ἐν
2900 3736 3074 3806 χρόνῳ
3104 3736 3181 3804 τῷ
3204 3734 3326 3790 καθ’
3345 3736 3491 3805 ἡμᾶς
3520 3734 3816 3804 όραθέντος,

2276 3834 2337 3886 τὸ
2394 3834 2800 3904 συναστρὰπτον
2865 3832 3011 3903 αὐτῷ
3054 3831 3273 3901 Πνεῦμα
3313 3831 3464 3885 οὔπω
3516 3832 3615 3901 τῆς
3660 3846 3819 3901 προσ-

2277 3925 2512 3995 ηκούσης
2561 3926 2710 3997 παρὰ
2754 3925 2861 3978 τῶν
2906 3923 3206 3996 ἀνθρώπων
3254 3921 3606 3992 ἐκληρονόμει
3636 3920 3815 3989 τιμῆς.

2289 4018 2439 4071 Ἐπεὶ
2458 4017 2512 4071 δὲ
2545 4018 2659 4085 ἅμα
2686 4019 2782 4086 μὲν
2808 4018 2842 4087 ἡ
2876 4015 2969 4069 τοῦ
3002 4016 3211 4085 Πατρός
3235 4013 3362 4076 δόξα
3407 4014 3494 4067 διὰ
3522 4012 3620 4066 τοῦ
3653 4012 3817 4065 Μονο-

2277 4102 2464 4170 γενοῦς
2497 4104 2843 4172 φανερωτέρα
2871 4102 3150 4172 γεγένητο,
3208 4101 3321 4170 ἅμα
3353 4100 3410 4152 δὲ
3455 4100 3549 4153 καὶ
3600 4100 3633 4169 ή
3663 4094 3817 4152 αὑτοῦ

2278 4192 2630 4260 πεφανέρωτο
2652 4192 2761 4250 τοῖς
2795 4190 2927 4257 πρὸς
2955 4190 3051 4257 τὴν
3083 4190 3229 4260 σφῶν
3250 4188 3317 4239 οὐ
3341 4187 3539 4257 μύσασι
3558 4186 3819 4255 σωτηρίαν

2280 4280 2501 4347 Θεότης,
2533 4276 2632 4345 ἤδη
2661 4276 2843 4328 λοιπὸν
2870 4278 2961 4329 καὶ
2975 4277 3034 4327 τὸ
3061 4274 3453 4343 συμϐασιλεῦον
3473 4274 3817 4342 ἐμφανίζεται

632 4367 791 4420 etiam
826 4368 1187 4433 manifestius,
1210 4382 1265 4424 et
1306 4372 1359 4423 in
1408 4369 1634 4423 ﬂamma:
1663 4370 1896 4436 speciem
1942 4368 2163 4425 descen-

2280 4368 2502 4438 Ἱνεῦμα.
2522 4369 2627 4420 Καὶ
2660 4370 2787 4436 πρὶν
2822 4366 2918 4436 μὲν
2949 4366 3228 4435 ἐνξσώματι
3261 4362 3817 4433 συναναστρεφομένου

633 4459 785 4523 deus,
820 4473 942 4514 cum
974 4462 1062 4514 ille
1085 4461 1152 4514 ad
1191 4460 1356 4515 ca-los
1385 4458 1497 4528 jam
1532 4458 1824 4514 evolasset.

2279 4458 2371 4513 τοῦ
2400 4459 2571 4526 Λόγου
2602 4457 2884 4528 συμπαρδν
2944 4454 3091 4525 αὺτῷ
3140 4454 3233 4507 καὶ
3281 4451 3734 4523 συνεργαζόμενον
3756 4450 3819 4501 τὰ

634 4552 924 4620 Θεοπρεπῆ,
956 4554 1046 4605 καὶ
1078 4522 1521 4623 προσμαρτυνροῦν
1564 4550 1660 4621 τὴν
1689 4553 1929 4623 υίότητα,
1960 4553 2055 4606 καὶ
2080 4522 2176 4623 τήν
2215 4554 2341 4623 παρ’
2363 4522 2527 4607 αὐτοῦ
2569 4522 2868 4623 μαρτυρίαν
2900 4522 3289 4620 ἀντιλαμϐάνον
3310 4563 3323 4578 ·
3374 4522 3596 4617 ὕστερον
3650 4546 3704 4599 δὲ
3764 4543 3820 4606 ἑξ

632 4643 787 4714 ἡμῶν
813 4642 1139 4704 ἁναπτάντος
1156 4645 1379 4711 ἐκείνου,
1402 4644 1739 4714 «excaecat,
1760 4646 1957 4715 πυρίνῃ
1977 4645 2169 4714 ὁραθὲν
2206 4645 2623 4715 ἐμφανέστερον.

704 4731 855 4785 Nunc
876 4731 1017 4782 enim
1053 4733 1336 4797 perspicue
1358 4736 1509 4790 visus
1535 4744 1619 4790 est
1649 4735 1986 4790 descendens
2020 4733 2177 4787 Para~

632 4826 812 4887 clitus,
837 4819 1106 4874 i’araelito
1134 4822 1306 4874 altero
1333 4822 1386 4875 in
1407 4823 1583 4881 Patris
1615 4827 1736 4881 sinu
1766 4836 2019 4897 recepto;
2056 4841 2181 4895 pro-

704 4978 718 5005 ¹
760 4972 917 5027 Joan.
958 4984 1069 5031 xvr,
1100 4968 1187 5021 14.
1261 4970 1281 5001 ⁸
1319 4966 1475 5023 Joan.
1508 4987 1616 5034 xu,
1650 4976 1735 5028 15.

2358 4735 2471 4787 Νῦν
2524 4736 2632 4805 γὰρ
2690 4733 2941 4803 ἐμφανῶς
2997 4733 3149 4803 ὤφθη
3199 4731 3481 4793 καταπτὰς
3521 4730 3549 4782 ό
3586 4728 3702 4783 ἀντὶ
3728 4725 3814 4777 τοῦ

2286 4828 2421 4899 πρὸς
2476 4826 2566 4879 τὸν
2615 4826 2831 4894 Πατέρα
2896 4824 3251 4895 Παραριλήτου
3305 4820 3643 4881 ἀναπτάντος
3675 4818 3819 4877 ἄλλος

2132 5062 2359 5118 NOTAE}.

706 5158 779 5223 ('5)
824 5151 1070 5223 Nondum
1103 5155 1399 5223 appar-ante.
1436 5147 1692 5223 Quadam
1720 5152 1808 5205 hic
1837 5154 2054 5206 adhibet
2079 5169 2174 5206 au-

636 5217 753 5281 ctor
774 5222 1033 5277 vocabula
1054 5236 1116 5273 ex
1142 5217 1417 5287 Dionysio,
1448 5226 1503 5269 ut
1526 5219 1814 5287 appellant,
1858 5223 2175 5287 Areopagita

636 5302 880 5347 mutilata
914 5312 927 5346 :
963 5285 1323 5356 Ἀνυπαρξία,
1375 5285 1622 5354 βλαστοίὶ
1677 5286 1957 5353 Θεαρχικὴ.
2013 5285 2177 5356 Paulo

636 5374 756 5430 post
796 5362 995 5417 radicis
1040 5370 1093 5414 et
1145 5355 1431 5430 ramorum
1456 5356 1858 5430 sitnilitndinein
1890 5368 1992 5405 non
2023 5355 2176 5430 alicrt

638 5422 754 5484 sine
781 5434 903 5484 dolo
932 5450 944 5484 :
982 5443 1167 5485 verum
1194 5425 1308 5479 hinc
1336 5424 1466 5477 satis
1491 5424 1599 5493 jam
1632 5424 1891 5487 explicata
1936 5422 2176 5493 et_diluta

640 5507 787 5559 smit,
825 5502 1151 5568 prmeipuea
1180 5488 1827 5568 Nicephoroﬂlenimida,
1857 5499 1909 5568 et
1933 5504 1962 5541 a
1986 5488 2176 5568 Bessa-

640 5558 962 5628 n‘onefeum
991 5558 1151 5621 'locis
1182 5580 1244 5618 ex
1288 5558 1629 5631 supposititio
1661 5560 1916 5629 Dionysio
1949 5558 2175 5625 objectis

641 5635 1046 5705 responderent.
1076 5635 1255 5703 Neque
1280 5635 1476 5687 mirum
1508 5637 1610 5694 est,
1639 5643 1667 5685 c
1698 5642 2021 5698 quacunque
2056 5642 2180 5683 san-

2276 5154 2534 5209 ctissimae
2564 5150 2851 5207 Trinitatis
2893 5153 3244 5210 similitudine
3286 5155 3451 5209 allata
3477 5154 3817 5210 'diﬂicultates

2277 5224 2533 5285 suboriri,
2567 5236 2690 5277 cum
2736 5227 2859 5289 apta
2909 5224 2963 5275 in
3012 5225 3151 5279 hanc
3179 5240 3292 5279 rem
3323 5226 3625 5280 similitudo
3649 5225 3815 5279 alieni

2278 5294 2447 5364 possit
2475 5293 2621 5364 nulla
2664 5308 2679 5343 :
2711 5289 2781 5342 ita
2814 5297 2875 5364 ut
2904 5292 3022 5347 illas
3052 5295 3591 5364 perpendenti,quaa
3624 5292 3814 5361 pueris.

2278 5360 2818 5433 cnm_i_nstitiuu_ntur,
2850 5358 2995 5433 bona
3032 5358 3249 5433 mente,
3297 5371 3357 5417 ut
3403 5362 3455 5417 id
3486 5358 3813 5433 intelligant.

2280 5428 2422 5499 quod
2450 5430 2670 5499 intelligi
2704 5430 2909 5499 nequit,
2936 5432 3150 5485 recitari
3179 5432 3372 5495 solent,
3404 5446 3500 5487 eos
3528 5428 3813 5499 minusre-

2279 5498 2380 5619 otius
2427 5495 2819 5619 gll0dal'llllllOd0
2870 5499 3265 5568 phantasmatis
3314 5502 3586 5556 interdum
3636 5495 3811 5556 imbui.

2282 5580 2331 5619 γι
2374 5580 2451 5619 eri
2483 5582 2625 5619 nossr
2659 5604 2674 5619 .

2282 5576 2451 5622 γιαεηί
2483 5576 2674 5636 possit.
