3930 6332
122 331 214 392 237

953 342 955 344 ’
1040 330 1316 390 ORATIO
1352 331 1524 393 XIII.
1560 357 1626 368 ’-
1662 334 1755 392 DE
1782 332 2088 394 SPIRlTU
2122 332 2420 393 SANCTO.

3188 323 3287 388 133

120 439 474 508 ίιαράκλητος,
529 437 750 510 πληρῶν
804 438 903 510 μὲν
962 440 1166 493 ἐκείνου
1198 441 1308 510 μὴν
1337 442 1642 512 ὑπόσχεσιν,

1748 444 2060 499 missionem
2117 443 2263 497 illius
2298 441 2397 513 (4),
2428 448 2484 495 et
2515 440 2650 510 [qme
2675 439 2744 494 de
2767 454 2827 495 se
2853 438 3169 510 prophetica
3211 440 3292 492 la-

119 531 323 602 πληρῶν
347 531 406 584 δὲ
443 530 535 584 καὶ
562 528 599 584 ἃ
619 530 744 599 περὶ
774 529 938 583 αὐτοῦ
983 529 1418 601 θεοφορουμένων
1454 532 1646 602 ὑπήχει

119 620 324 688 χείλεσι,
350 618 450 690 τὴν
478 619 572 673 ἐπὶ
604 620 782 673 πᾶσαν
812 615 988 688 σάρκα
1019 619 1280 689 διάχυσιν.
1311 620 1425 674 Νῦν
1455 621 1648 694 ἀμερί-

118 729 246 776 στως
268 712 323 764 ἐν
347 714 459 776 τοῖς
480 711 743 782 μαθηταῖς
770 711 1143 781 μεριζόμενον,
1172 713 1230 766 τὸ
1251 715 1447 768 οἰκεῖον
1472 716 1649 786 ἐμφα-

119 800 242 862 νίζει
266 801 501 871 ἀξίωμα,
539 799 660 870 οὐχὶ
686 799 974 870 συνεργοῦν
1007 801 1192 873 ῶσπερ
1226 805 1504 874 πρότερον,
1536 805 1649 859 ἀλλ’

117 893 235 948 αὐτὸ
261 894 619 964 ἐργαζόμενον
667 892 736 945 τὰ
784 892 1081 960 θαυμάσια,
1123 894 1216 947 καὶ
1259 897 1324 965 τῇ
1363 897 1644 966 συγγενείᾳ

117 981 212 1034 τῶν
238 981 409 1052 ἔργων
431 982 530 1050 τῆς
558 980 772 1050 φύσεως
799 979 1155 1050 πιστούμενον
1175 982 1274 1050 τὴν
1302 983 1638 1051 συγγένειαεν

118 1071 293 1142 πρώην
325 1073 390 1122 ἐκ
421 1071 642 1139 χειλέων
696 1070 1068 1140 ἀγραμμάτων
1095 1069 1188 1123 τοῦ
1216 1071 1531 1126 διδασκάλου
1561 1090 1646 1125 σο-

118 1161 230 1230 φίας
247 1160 473 1228 ⁴ηκούετο
511 1162 747 1232 ῥήματα,
796 1160 920 1231 ἄρτι
966 1160 1213 1232 γλώσσης
1251 1161 1360 1215 τῶν
1392 1162 1644 1234 μαθητῶν

115 1250 338 1318 ἀμαθοῦς
357 1254 641 1323 ,γνωστικὴ
665 1253 928 1323 διηχεῑται
954 1253 1345 1326 φθογγή.,⁸1σον
1377 1254 1439 1308 τὸ
1468 1255 1647 1310 θεῖκδν

115 1339 331 1408 ἀξίωμα,
357 1342 448 1396 διὰ
475 1343 630 1396 τοῦτο
655 1342 823 1396 πάλαι
851 1343 946 1396 καὶ
973 1342 1069 1396 νῦν
1097 1345 1254 1413 ὃμοια
1273 1344 1343 1399 τὰ
1361 1344 1640 1414 γινόμενα.

115 1427 290 1498 Πρὼην
339 1431 419 1501 τῷ
469 1430 873 1497 συνδεσπόζοντι
905 1432 1062 1504 Λόγῳ
1105 1434 1205 1503 τὴν
1232 1433 1525 1504 θεραπείαν
1550 1433 1642 1489 τοῦ

115 1520 410 1587 πλάσματος
467 1522 848 1594 συνεργάζετο,
906 1525 1000 1579 νῦν
1039 1527 1149 1589 τοῖς
1175 1526 1472 1596 ὑπηρέταις
1492 1522 1647 1597 ’ἐνδη-

115 1609 234 1676 μοῦν
252 1612 459 1679 ἐνεργεῖ
487 1613 557 1666 τὰ
585 1615 878 1683 μυστήρια.
904 1615 1164 1685 Τιμάσθω
1199 1615 1487 1687 τοιγαροῦν
1517 1615 1650 1686 ὀμο-

118 1701 264 1767 τίμως
294 1703 354 1756 τὸ
382 1705 498 1757 ῐσον
538 1706 601 1776 τῇ
633 1705 903 1776 ἐνεργείᾳ,
942 1707 1034 1759 καὶ
1075 1705 1162 1760 διὰ
1214 1705 1369 1760 τοῦτο
1391 1701 1521 1776 ,ἴσον
1557 1707 1650 1760 καὶ

113 1789 167 1854 τῇ
197 1788 346 1861 οὐσίᾳ
392 1794 660 1860 παναγιον
713 1794 935 1862 Πνεῦμα
971 1793 1077 1847 ὑπὸ
1124 1793 1232 1848 τῶν
1290 1795 1647 1864 εὐγνωμονεῖν

111 1879 327 1981 sidiam,
355 1881 452 1935 καὶ
476 1882 800 1952 δεσποτικῆς
826 1886 1236 1956 μεγαλειότητος
1273 1886 1645 1954 φυλαττόντων
1670 1922 1716 1981 Β

111 1970 408 2038 ἀνύϐριστον
441 1972 502 2027 τὸ
549 1973 782 2043 ἀξίωμα.

169 2062 476 2126 Δοξαζέσθω
521 2059 713 2126 eius;
770 2062 875 2117 ὑπὸ
907 2062 1016 2116 τῶν
1065 2059 1301 2119 συνιέναι
1329 2064 1646 2135 ἠξιωμένων

112 2153 196 2236 τῆς
222 2152 373 2220 δόξης
404 2153 572 2206 αὑτοῦ
597 2152 694 2233 τὴν
730 2154 979 2222 θεότητα.
1017 2154 1265 2217 Ἰουδαῖος
1305 2157 1401 2224 μὲν
1435 2157 1539 2226 γὰρ
1569 2157 1643 2226 τῷ

87 2240 211 2307 ⁵τοῦς
221 2243 407 2310 φθόνου
469 2243 616 2314 ζόφῳ
650 2245 1157 2316 περιλυγαζόμενος,
1193 2247 1284 2305 καὶ
1321 2247 1466 2308 ὅστις
1502 2245 1646 2316 ἄλλῳ

113 2333 266 2402 σκότῳ
295 2334 552 2396 ἀπιστίας
585 2335 643 2387 τὸ
663 2335 876 2404 βλέπειν
895 2335 1194 2406 ἀφῄρηται,
1219 2337 1339 2390 ἀντὶ
1375 2336 1468 2389 τοῦ
1497 2337 1644 2390 θειά-

111 2422 208 2483 ζειν
231 2421 476 2491 διασύρει
508 2424 578 2476 τὰ
597 2423 894 2492 τελούμενα
917 2442 932 2455 θ
957 2426 1052 2477 καὶ
1077 2425 1524 2494 κατειρωνεύεται
1553 2425 1642 2479 τοῦ

114 2511 412 2580 μυστηρίου,
445 2512 509 2565 ού
549 2513 749 2576 συνιεὶς
781 2511 840 2577 ἐξ
873 2513 1130 2578 ἀπονοίας
1172 2513 1544 2584 ἁθεραπεύτου
1584 2515 1644 2569 τὸ

112 2600 387 2670 παράδοξον
416 2601 528 2654 τῶν
543 2603 877 2670 τελουμένων
896 2621 908 2635 ⁸
931 2604 1052 2657 οὐδὲ
1081 2603 1140 2656 τὸ
1169 2604 1380 2666 ἀναιδὲς
1399 2605 1643 2674 ἐμφράτ-

111 2706 202 2741 των
232 2691 422 2760 στόμα,
452 2691 520 2744 δι’
554 2686 628 2746 ῶν
687 2693 882 2763 ἄνδρας
916 2693 1020 2764 δρᾷ
1057 2693 1181 2763 μηδ’
1210 2694 1344 2764 αὐτῇ
1383 2693 1642 2764 πρότερον

113 2781 299 2846 εἰδότας
327 2788 392 2853 τῇ
425 2785 606 2855 οἰκείᾳ
630 2786 846 2856 γλώσσῃ
896 2785 1147 2856 χρῆσθαι,
1176 2784 1366 2854 ἁθρόον
1393 2787 1449 2838 ὲν
1468 2785 1647 2860 ταύτῃ

111 2870 160 2921 τὸ
207 2875 467 2942 πρωτεῖον
516 2874 863 2943 κατέχοντας,
924 2876 1019 2929 καὶ
1059 2877 1179 2938 ταῖς
1222 2875 1526 2943 ἀλλοτρίαις
1565 2875 1639 2939 ὡς

112 2961 246 3015 ἐθάσι
291 2965 725 3033 διαλεγομένους.
794 2965 933 3018 Ἀλλ’
982 2967 1102 3020 ἀντὶ
1147 2966 1242 3019 τοῦ
1277 2967 1411 3036 πρὸς
1461 2968 1639 3020 πίστιν

112 3053 393 3122 ἑδηγεῖσθαι
457 3055 538 3123 τῷ
585 3056 840 3133 θαύματι,
889 3057 1025 3127 πρὸς
1063 3056 1257 3127 χλεύην
1297 3057 1639 3112 ἀνασοϐεῖται

113 3142 202 3194 τῶν
223 3139 297 3206 οἷς
322 3145 582 3214 ἐμπνέων
603 3135 815 3216 ἐνεργεῖ
836 3145 904 3201 τὰ
936 3148 1230 3218 παράδοξα.

1748 533 1835 591 bia
1865 535 1940 604 (5)
1972 541 2354 598 resonuerunt,
2384 546 2572 602 nempe
2599 530 2821 597 spiritus
2849 530 3164 586 effusionem
3197 545 3290 584 su-

1749 641 1845 695 per
1873 641 2085 680 onmem
2115 637 2331 678 carnem
2365 621 2684 692 adimplens.
2711 619 2866 674 Nunc
2895 635 3024 674 vero
3056 620 3294 688 dignita-

1751 729 1854 773 tem
1884 717 2061 786 prodit
2096 730 2270 778 suam,
2298 714 2526 768 indivise
2556 713 2699 766 inter
2730 710 3026 778 discipulos
3058 711 3292 777 divisus,

1749 820 1848 860 nec
1879 807 1984 873 jam
2015 819 2313 876 cooperans
2345 812 2405 858 ut
2435 803 2610 871 prius,
2641 799 2737 856 sed
2788 799 2903 868 ipse
2950 797 3294 853 admirabilia

1748 911 2031 966 peragens,
2057 902 2109 949 et
2139 909 2317 949 rerum
2339 901 2581 947 actarum
2611 889 2966 946 similitudine
2989 887 3294 966 similitudi-

1749 1002 1869 1042 nem
1919 985 2275 1056 comprobans
2319 991 2544 1038 naturai.
2577 981 2756 1050 Nuper
2781 995 2846 1036 ex
2875 980 3131 1050 magistro
3159 965 3288 1034 illit-

1748 1085 1922 1133 terato
1942 1078 2016 1149 (6)
2048 1079 2211 1133 verba
2232 1076 2510 1148 sapientia
2538 1074 2915 1137 audiebantur,
2941 1062 3179 1128 nune'ex
3210 1071 3292 1125 in-

1749 1155 1908 1228 docta
1933 1170 2316 1242 discipulorum
2345 1169 2526 1239 lingua
2555 1165 2713 1222 docta
2753 1172 2970 1219 resonat
3003 1178 3124 1217 vox.
3154 1162 3286 1216 Cum

1748 1265 1894 1319 enim
1935 1262 2122 1318 eadem
2163 1262 2234 1315 sit
2279 1273 2490 1328 semper
2535 1256 2716 1311 divina
2745 1255 2938 1319 virtus,
2967 1265 3290 1324 quocunque

1746 1365 1989 1424 tempore
2015 1354 2214 1408 similia
2244 1349 2663 1422 prazstat.Antea
2687 1361 2794 1402 una
2820 1359 2943 1400 cum
2965 1342 3291 1402 condomino

1747 1443 1924 1500 Verbo
1968 1453 2336 1500 creaturarum
2379 1443 2539 1498 saluti
2568 1453 2785 1511 Operam
2810 1437 2996 1502 dabat,
3029 1433 3191 1490 modo
3223 1433 3288 1488 ad

1745 1549 1932 1591 servos
1962 1536 2186 1589 veniens
2212 1534 2327 1604 ipse
2353 1532 2604 1602 mysteria
2631 1529 2868 1585 conﬁcit.
2890 1526 3065 1596 IEque
3083 1524 3292 1580 colatur

1743 1627 1931 1696 igitur,
1962 1627 2053 1694 qui
2089 1626 2312 1695 aequalis
2341 1631 2423 1678 est
2449 1617 2646 1677 virtute
2679 1637 2744 1677 ac
2768 1617 3097 1682 substantia,
3126 1615 3194 1670 ab
3223 1614 3289 1670 iis

1743 1717 2016 1781 omnibus,
2054 1715 2250 1785 quibus
2284 1723 2431 1768 recte
2454 1715 2675 1779 sentire,
2706 1712 3025 1780 divinosque
3055 1706 3290 1763 honores

1741 1817 1886 1865 recte
1919 1821 2172 1877 peragere
2205 1804 2358 1859 cordi
2384 1812 2489 1860 est.

1814 2068 2004 2126 Divino
2036 2083 2158 2125 cum
2186 2067 2333 2124 cultu
2365 2073 2778 2136 prosequantur,
2809 2065 2901 2134 qui
2932 2064 3050 2133 ejus
3090 2064 3292 2120 divini-

1745 2171 1906 2216 tatem
1925 2175 2252 2230 cognoscere
2269 2166 2600 2215 meruerunt.
2621 2155 2838 2210 Iudaeus
2858 2157 3072 2227 quidem
3104 2157 3171 2210 ah
3200 2157 3285 2210 in-

1743 2251 1898 2307 vidiae
1925 2250 2156 2320 caligine
2183 2249 2432 2310 obrutus,
2454 2256 2506 2302 et
2527 2248 2840 2316 quicunque
2867 2235 3286 2301 alius'incredu-

1744 2343 1910 2398 litatis
1941 2339 2177 2396 tenebris
2198 2327 2524 2402 exerceatur,
2556 2337 2767 2392 colendi
2797 2337 2938 2403 loco,
2964 2337 3193 2390 oblatrat
3223 2338 3289 2391 iis

1743 2449 1863 2506 quae
1885 2434 2042 2496 fiunt,
2076 2440 2131 2489 et
2155 2431 2466 2502 mysterium
2495 2429 2705 2493 irridet,
2733 2429 2801 2482 ob
2829 2427 3116 2484 amentiam
3145 2428 3289 2483 insa-

1744 2526 1973 2580 nabilem
2005 2523 2270 2579 mirabilia
2301 2536 2408 2575 non
2433 2519 2761 2588 intelligens,
2789 2534 2911 2588 quae
2940 2526 3288 2586 praestantur.

1742 2632 1841 2670 nec
1860 2631 1922 2670 os
1946 2613 2226 2682 impudens
2250 2611 2548 2675 cohibens;
2572 2607 2785 2663 etiamsi
2819 2608 3064 2662 homines
3088 2609 3286 2667 videat.

1742 2721 1913 2776 nuper
1935 2705 2025 2758 vix
2055 2701 2270 2773 proprio
2299 2713 2546 2754 sermone
2572 2699 2812 2752 valentes
2859 2697 3004 2765 loqui
3027 2738 3042 2763 ,
3069 2709 3290 2768 repente

1739 2809 1847 2850 non
1902 2793 1955 2847 in
2003 2806 2067 2846 eo
2111 2796 2319 2844 tantum
2367 2788 2537 2855 prima
2573 2786 2829 2849 ferentes,
2858 2786 2953 2842 sed
3000 2786 3051 2840 in
3098 2786 3288 2842 alienis

1738 2887 1920 2949 etiam,
1949 2881 2298 2951 tanquamdiu
2334 2879 2668 2943 assueverin,
2695 2879 3031 2946 disputantes
3057 2893 3072 2930 :
3095 2891 3196 2932 nec
3220 2878 3285 2930 ad

1741 2975 1896 3030 (idem
1921 2988 1950 3026 a
1979 2971 2239 3027 miraculo
2269 2969 2574 3039 impellitur,
2605 2967 2696 3023 sed
2743 2968 2920 3037 potius
2969 2966 3034 3020 ad
3065 2981 3159 3022 eos
3208 2965 3287 3020 ri-

1739 3065 1966 3128 dendos,
1999 3065 2052 3118 in
2082 3063 2282 3134 quibus
2321 3060 2652 3115 incredibilia
2685 3059 3110 3129 conSpiciuntur,

167 3233 224 3285 Τί
245 3234 446 3317 λέγεις,
468 3231 515 3289 ὦ
627 3237 808 3314 μανίᾳ
835 3238 1065 3308 μεθύων,
1089 3240 1176 3309 ὑφ’
1196 3234 1263 3312 ἦς
1290 3239 1434 3307 ἅπαξ
1451 3243 1478 3294 ὁ
1497 3243 1637 3310 λογιο

1808 3238 1945 3304 Quid
1999 3235 2260 3307 loqueris,
2306 3233 2487 3294 miser,
2527 3246 2591 3288 eo
2639 3229 2822 3286 furore
2869 3229 3128 3300 percitus,
3178 3242 3286 3297 quo

116 3323 227 3388 σμὸς
261 3326 656 3397 σκοτοδινήσας,
681 3329 742 3380 οὐ
771 3329 991 3382 δύναται
1038 3329 1273 3397 γεγονὼς
1325 3331 1516 3384 ἑαυτοῦ
1548 3334 1639 3384 ἀν-

113 3413 309 3481 ανῆψαι,
363 3417 481 3471 ἀλλ’
529 3418 620 3471 ἐπὶ
681 3419 1010 3489 προλαϐοῦσι
1058 3421 1392 3490 πταίσμασιν
1421 3423 1638 3475 ἐπισυν-

112 3499 246 3555 daret
273 3505 516 3577 νεώτερα
541 3508 880 3578 πταίσματας
937 3509 1166 3572 Γλεῦκος
1194 3509 1334 3563 οὕτω
1353 3512 1420 3564 τὰ
1453 3512 1636 3582 ἀμαθῆ

111 3590 406 3662 διετράνωσε
448 3597 710 3664 στόματα,
746 3598 840 3650 καὶ
872 3599 1110 3666 ποταμὸν
1143 3599 1333 3666 σοφίας
1366 3599 1504 3670 μέθῃ
1533 3617 1640 3669 πηο

114 3680 342 3749 γάζουσις
369 3685 458 3736 ’Ὃ
504 3686 602 3751 τῆς
635 3685 922 3746 δυσσεϐοῦς
960 3686 1365 3754 ἀναισχυντίας,
1422 3687 1637 3740 Ἰουδαῐε

112 3769 310 3838 ἀνόητε·
368 3773 556 3839 ἐπειδὴ
605 3774 716 3834 τοῖς
751 3773 915 3826 πάλαι
958 3774 1295 3843 προσομιλῶν
1347 3775 1633 3840 θεολόγοις,

118 3860 178 3925 μὴ
205 3855 302 3922 οἷός
356 3878 418 3914 τε
469 3863 699 3927 γέγονας
748 3862 950 3915 ἐκεῖθεν
997 3862 1464 3932 χειραγωγηθῆναι
1503 3866 1637 3934 πρὸς

115 3948 417 4017 κατανόησιν
438 3947 548 4002 τῶν
587 3950 822 4018 σήμερον
855 3952 1170 4020 γινομένων,
1198 3953 1374 4022 φθόνῳ
1405 3955 1633 4005 ἀποστε-

119 4035 349 4103 ρούμενος
381 4039 524 4091 ἑκὼν
543 4039 640 4108 τῆς
688 4040 1076 4110 χειραγωγίας.
1104 4042 1336 4110 πρόσχες
1377 4043 1487 4105 τοῖς
1515 4043 1635 4112 ἄρτι

119 4123 398 4192 θεολογοῦσι
430 4129 669 4198 χείλεσιν
695 4131 1095 4202 ἀγραμμάτοις,
1127 4132 1224 4185 καὶ
1253 4132 1482 4200 μάνθανε
1507 4134 1634 4203 παρ’

117 4215 289 4278 αὑτῶν,
319 4219 401 4272 ὃτι
444 4219 520 4290 μὴ
543 4220 788 4289 γλεῦκος,
814 4224 889 4287 ὼς
921 4225 984 4278 σὺ
1011 4225 1216 4295 ληρεῖς,
1243 4224 1407 4294 ἀλλ’ἢ
1433 4224 1637 4278 ἄνωθεν

117 4306 342 4363 ἐπίπνοια
369 4311 433 4362 τὸ
460 4310 679 4364 εῦλαλον
700 4314 1090 4384 ἀπειργάσατο.
1127 4311 1388 4368 Παιδεύου
1425 4314 1518 4368 νῦν
1546 4315 1638 4366 καὶ

117 4395 240 4448 ἄκων
267 4395 303 4451 ἃ.
334 4399 572 4468 μελετῶν
589 4401 688 4455 οὐκ
711 4403 960 4456 αἱσθάνου
1003 4404 1244 4472 ῥήματα,
1273 4404 1370 4472 τὴν
1403 4403 1638 4472 σήμερον

117 4482 194 4537 τοῦ
218 4485 356 4540 θείου
383 4489 696 4560 Πνεύματος
717 4491 936 4561 ἔκχυσιν
963 4491 1127 4544 πάλαι
1159 4492 1636 4561 προμεμηνυκότα,

117 4577 192 4628 τοῦ
214 4579 402 4646 ἁλιέως
431 4599 513 4634 σοι
545 4581 641 4652 τὴν
667 4582 967 4654 ἑρμηνείαν
1007 4583 1384 4652 ἐξηγουμένου.
1433 4584 1506 4636 Σὺ
1541 4583 1637 4652 μὲν

119 4660 194 4718 οὖν
221 4672 374 4740 τυχδν
419 4669 600 4732 καθὼς
629 4672 689 4723 τὺ
727 4673 990 4742 πρότερον
1038 4673 1371 4741 ὲκακούργου
1401 4673 1640 4742 τυφλώτ-

119 4772 208 4808 me
231 4762 438 4831 γνώμῃ,
468 4760 609 4813 οὕτω
628 4761 690 4829 δὴ
712 4762 805 4814 καὶ
828 4761 920 4816 νῦν
950 4762 1090 4830 βύων
1115 4763 1183 4816 τὰ
1206 4757 1342 4828 ὦτα,
1373 4765 1434 4816 οὐ
1464 4753 1640 4834 βούλει

120 4844 208 4894 τῶν
243 4847 546 4915 λεγομένων
587 4849 817 4914 ἐπαΐειν,
873 4853 995 4905 οὐδὲ
1051 4852 1184 4921 πρὸς
1219 4854 1318 4922 τὴν
1349 4854 1446 4922 σὴν
1480 4853 1638 4904 σπέν-

119 4927 277 4983 δεσθαι
298 4934 572 5003 σωτηρίαν
594 4949 611 4965 ⁸
638 4934 752 4989 ἀλλ’
787 4937 846 4989 δν
881 4941 974 4992 ἐπὶ
998 4940 1076 5010 τῷ
1106 4940 1185 5012 σῷ
1207 4940 1360 5010 κακῷ
1406 4940 1636 5010 πόλεμον

120 5017 233 5085 fuat»,
261 5022 442 5076 τοῦτον
468 5026 562 5079 καὶ
599 5025 680 5080 ἔτι
701 5031 1162 5099 παρακροτήσεις,
1184 5031 1288 5104 ,καὶ
1311 5030 1633 5099 πολεμήσεις

179 5174 197 5205 ³
228 5173 344 5233 Act.
370 5192 431 5244 tl,
464 5178 552 5234 i3.
628 5181 650 5212 ⁸
686 5178 819 5236 ibid.
855 5181 939 5234 l7.

1739 3343 1864 3382 cum
1892 3327 2056 3383 semel
2099 3324 2447 3380 ohtenehrata
2485 3337 2635 3377 mens
2677 3332 2795 3386 est,
2823 3321 3036 3377 restitui
3067 3321 3155 3380 vix
3187 3335 3286 3389 po-

1739 3427 1862 3480 test,
1901 3417 1996 3471 sed
2038 3415 2314 3470 erroribus
2350 3428 2520 3468 novos
2563 3413 2617 3466 in
2644 3411 2760 3466 dies
2789 3411 3102 3481 superaddit
3131 3427 3286 3466 erro-

1735 3508 1857 3564 res?
1887 3507 1963 3560 lta
1990 3523 2053 3558 ne
2075 3520 2174 3558 ora
2205 3503 2418 3558 indocta
2445 3504 2632 3556 vinum
2663 3501 2897 3565 edocuit,
2928 3511 2981 3557 et
3009 3502 3286 3570 sapientia:

1737 3596 1954 3650 ﬂumina
1979 3592 2258 3662 profundit
2287 3590 2594 3646 ebrietas“!
2623 3605 2784 3660 quam
2817 3589 3043 3644 scelesta
3073 3597 3157 3644 est
3183 3590 3284 3644 imi

1739 3683 2028 3752 prudentia
2073 3689 2184 3740 tua,
2221 3678 2364 3732 fatue
2407 3678 2623 3732 Judaael
2653 3687 3000 3746 posteaquam
3036 3678 3106 3730 ab
3143 3679 3282 3730 anti-

1735 3773 1858 3841 quis
1901 3771 2164 3837 theologis
2211 3768 2616 3838 intelligentiam
2646 3767 2888 3820 hodierni
2924 3767 3048 3819 facti
3081 3767 3277 3819 invidia

1735 3863 2040 3914 ohczecante
2054 3859 2268 3911 haurire
2284 3871 2388 3911 non
2409 3856 2643 3916 valuisti,
2659 3856 2924 3922 theologis
2939 3855 3278 3923 hisquamvis

1735 3947 2022 4003 illitteratis
2054 3956 2105 3999 te
2122 3952 2382 3999 attentum
2400 3944 2661 4015 praebe,et
2677 3945 2745 3998 ab
2767 3944 2872 4000 illis
2893 3944 3062 4005 disce,
3091 3946 3253 3998 lacum

1735 4039 1875 4092 diam
1898 4038 2034 4090 hanc
2056 4052 2159 4089 non
2181 4050 2208 4088 a
2235 4036 2380 4098 vino,
2408 4046 2465 4089 ut
2487 4035 2706 4101 deliras,
2729 4035 2822 4090 sed
2846 4017 2911 4089 ab
2929 4035 3280 4104 inspirationi-

1734 4128 1938 4182 caelesti
1953 4127 2238 4200 excitatam
2258 4140 2399 4180 esse.
2413 4125 2651 4194 lntellige
2665 4139 2808 4178 nunc
2820 4124 2902 4178 vel
2919 4125 3138 4186 inritus,
3160 4139 3279 4194 quae

1734 4219 1999 4273 meditans
2059 4217 2276 4269 minime
2332 4215 2668 4285 intelligebas
2719 4214 2905 4281 verba,
2961 4212 3279 4268 hodiernam

1737 4311 1940 4365 scilicet
1965 4308 2133 4362 divini
2171 4306 2407 4375 Spiritus
2439 4306 2756 4363 ellusionem
2792 4306 2919 4361 olim
2947 4307 3279 4374 praenuntia-

1738 4409 1866 4464 tatn,
1893 4399 2157 4470 piscatore
2186 4399 2282 4452 tibi
2310 4398 2806 4466 interpretationem
2834 4396 3124 4452 exhibente
3137 4395 3176 4446 ⁸.
3200 4393 3277 4446 Tu

1736 4505 1863 4560 ergo
1913 4491 2055 4546 sicut
2107 4498 2261 4542 antea
2323 4493 2502 4541 mente
2544 4490 2849 4542 obcaecatus
2872 4484 3180 4546 aberrabas,
3207 4484 3279 4535 ita

1737 4596 1881 4635 nunc
1907 4594 2068 4635 aures
2090 4579 2403 4642 obstruens,
2430 4593 2550 4645 qum
2571 4578 2842 4639 dicuntur,
2870 4575 3048 4628 renuis
3071 4573 3278 4629 audire,

1733 4678 1945 4740 tuaeque
1971 4671 2130 4726 saluti
2161 4668 2461 4724 consulere.
2481 4667 2621 4732 Quin
2655 4668 2873 4726 bellum,
2898 4664 3040 4732 quod
3071 4664 3121 4713 in
3155 4676 3274 4729 per-

1732 4763 1926 4816 niciem
1955 4771 2099 4814 tuam
2125 4759 2437 4826 suscepisti,
2471 4771 2632 4823 urges
2674 4757 2837 4809 etiam
2882 4764 3042 4821 atque
3086 4753 3271 4808 etiam,

1732 4859 1786 4904 et
1835 4851 1980 4905 sicut
2030 4851 2290 4904 adversus
2324 4846 2510 4903 Jesum
2545 4845 2708 4900 Deum
2738 4861 2938 4908 meum,
2971 4845 3042 4896 ita
3084 4852 3138 4896 et
3178 4842 3274 4893 ad-

1733 4953 1924 4993 versus
1949 4940 2189 5013 ejusdem
2222 4947 2426 4991 natum
2460 4937 2722 5005 Spiritum
2753 4948 2880 4988 voce
2907 4945 3187 4999 personas.
3209 4928 3273 4980 lit

1735 5043 1856 5082 cum
1914 5031 2037 5098 ipsi,
2064 5030 2131 5084 ad
2178 5029 2454 5083 hominum
2503 5028 2729 5081 salutem
2762 5021 3137 5092 perﬁciendam
3181 5019 3275 5071 de-

1587 5293 1810 5348 ΝΟΤΑη).

181 5393 262 5475 (4).
288 5397 692 5475 Prornissjonem
725 5405 888 5459 illius.
919 5403 1075 5460 Joan.
1106 5425 1217 5471 xw,
1254 5410 1340 5463 16.
1388 5411 1496 5464 Καὶ
1525 5409 1632 5475 ἐγὼ

123 5458 352 5598 flgiti-fi}qu
377 5471 466 5523 τὸν
495 5472 732 5544 Πατέρα,
773 5458 868 5528 καὶ
904 5458 1072 5527 ἄλλον

158 5602 249 5683 ..(5)
292 5604 594 5675 Pruphetica
625 5609 790 5666 labia.
825 5611 936 5664 Joel
969 5628 1036 5676 ll,
1077 5613 1169 5667 28.
1199 5614 1483 5683 Effundam
1515 5616 1633 5678 Spi-

130 5678 260 5723 ritum
295 5693 452 5730 meum
487 5694 640 5731 suvcr
670 5697 865 5735 omnem
899 5698 1132 5746 carnem,
1183 5678 1630 5748 etvbr-op/tetvlmut

1739 5411 1838 5477 ﬁlii
1867 5412 2042 5468 vestri.
2070 5419 2116 5461 et
2147 5409 2271 5472 ﬁlia:
2299 5418 2500 5459 vestrm.

1809 5479 1881 5545 (6)
1921 5464 2178 5545 Magistro
2225 5477 2513 5527 illitterato.
2564 5470 2842 5545 leam-vti.
2873 5467 2956 5518 15.
3009 5464 3268 5545 Et_mt'ra-

1738 5536 1924 5598 bantur
1942 5536 2115 5597 Juin
2143 5547 2385 5610 dicentes,
2411 5540 2664 5612 quomodo
2681 5537 2762 5589 hic
2793 5536 2996 5590 litteras
3017 5537 3134 5600 scit,
3154 5553 3274 5592 cum

1737 5630 1835 5668 non
1865 5615 2151 5669 didicerit?
