3930 6332
454 309 549 377 151
1682 304 1952 368 LEONIS
1980 302 2019 364 P

2122 302 2439 364 LOSOPHI
3565 297 3675 360 152

453 445 485 484 a
512 441 679 482 causa
709 443 724 482 :
756 434 810 480 at
846 421 1116 494 quomodo
1151 421 1267 493 ipse
1293 435 1510 493 quoque
1537 431 1761 475 causam
1797 416 2001 490 pariter

2122 415 2194 468 cui.
2220 414 2380 478 αὐτὸς
2408 413 2485 484 τῷ
2513 411 2572 478 ἐξ
2598 410 2762 466 αὑτοῦ
2814 411 3039 484 αἰτιατῷ
3089 411 3167 485 τῷ
3205 413 3478 484 Πνεύματι
3516 416 3675 482 γίνε-

453 540 485 578 a
531 538 590 579 se
625 520 850 592 Spiritui
885 522 984 576 hoc
1031 535 1139 576 non
1169 521 1292 587 dat,
1334 529 1392 574 ut
1417 533 1579 574 causa
1627 517 1743 571 sit?
1783 525 1843 571 ut
1865 517 2008 569 sicut

2122 504 2232 558 ςοαι
2261 504 2436 574 αἰτίῳ,
2469 505 2554 558 ἵνα
2600 503 2791 574 ὥσπερ
2829 505 3033 567 ἐκεῖνος
3078 505 3138 558 τὸ
3178 505 3272 558 τοῦ
3310 505 3438 559 ἰδίου
3485 507 3673 559 αἰτίου

457 616 572 681 ipse
614 612 874 669 causantli
920 613 1206 684 privilegio
1243 611 1462 683 gaudet,
1499 606 1582 663 ita
1617 607 1854 678 Spiritus
1905 605 2010 660 hoc

2122 596 2219 666 ἔχει
2246 597 2573 683 προνόμιον,
2606 597 2748 650 οὕτω
2795 598 2891 650 καὶ
2913 597 2974 649 τὸ
3002 597 3224 668 Πνεῦμα
3257 598 3340 668 μὴ
3370 597 3600 669 ἄμοιρον

457 705 662 757 honore
705 703 928 758 minime
973 701 1350 758 destituatur?
1379 699 1562 772 Neque
1605 701 1752 755 enim
1802 698 2005 759 dicent,

457 793 557 847 hoc
584 791 798 847 Patrem
828 791 1134 877 prohibere,
1164 808 1290 847 cum
1320 808 1388 848 ex
1423 807 1610 846 eorum
1645 789 1910 844 sententia
1955 785 2008 840 id

452 895 672 952 quoque
701 883 1066 936 communicet
1089 880 1270 946 Pater,
1301 880 1450 952 quod
1475 881 1578 937 sibi
1604 879 1722 936 soli-
1740 878 2012 950 peculiare

453 981 533 1028 cst
541 1011 555 1026 .

521 1064 592 1118 At
617 1063 734 1119 haec
753 1062 972 1138 quidem
994 1070 1148 1119 extra
1175 1063 1342 1129 viam,
1363 1070 1422 1118 ut
1442 1062 1548 1118 dici
1571 1053 1728 1128 solet,
1754 1061 1824 1118 ad
1855 1060 2010 1116 novi-

453 1155 1008 1224 tatemarguendam.
1039 1153 1151 1209 Vos
1181 1161 1363 1209 autem
1389 1153 1704 1209 melioribus
1727 1152 2012 1222 cogitatio-

455 1245 618 1301 nibus
629 1244 861 1314 praediti,
875 1244 1178 1298 libertatem
1195 1259 1263 1299 ne
1275 1242 1569 1312 abjiciatis,
1583 1251 1636 1298 et
1651 1242 2014 1311 corruptionis

459 1334 778 1390 servitutem
814 1333 981 1388 nolite
1013 1333 1206 1389 iterum
1255 1334 1460 1399 subire,
1513 1335 1659 1391 illius
1702 1334 2011 1405 imperium,

410 1488 416 1492 ν
459 1424 554 1496 qui
595 1425 652 1480 in
705 1425 1011 1480 libertatem
1069 1439 1167 1480 vos
1209 1425 1445 1482 asseruit
1503 1427 1892 1482 detrectantes.
1917 1428 2014 1498 ,At

460 1524 770 1586 repugnant
797 1514 899 1569 illi.
925 1515 1263 1585 Agantquod
1294 1517 1425 1586 ipsis
1457 1517 1606 1572 lubet
1635 1533 1652 1572 :
1691 1515 2014 1586 perversita-
2049 1522 2064 1533 '

461 1615 569 1663 tem
618 1607 842 1676 quidem
877 1607 1159 1662 sententiae
1199 1621 1312 1662 suae
1366 1615 1494 1661 tunc
1538 1607 1855 1674 intelligent,
1888 1620 2011 1661 eum

457 1695 692 1752 infanda:
711 1695 1061 1767 blasphemia:
1074 1695 1335 1752 rationem
1349 1697 1636 1752 reddentes
1649 1696 2012 1752 ineluctabilis

2108 687 2206 755 τῆς
2232 685 2484 756 τοιαύτης
2504 679 2667 759 τιμῆς
2695 704 2710 753 ;
2744 684 2820 741 Oi:
2855 686 2964 758 γὰρ
3005 688 3068 758 δή
3096 705 3159 756 γε
3183 688 3274 742 τὸν
3306 689 3524 759 Πατέρα
3550 707 3669 740 κω-

2107 775 2254 830 λύειν
2275 778 2342 832 ἄν
2361 795 2445 840 τις
2465 777 2614 848 εἴπῃ.
2646 777 2768 840 Πῶς
2792 778 2899 851 γὰρ
2918 778 3099 846 ὄγεντδ
3135 780 3294 850 μόνον
3320 783 3451 834 ἴδιον
3493 779 3670 834 αὐτοῦ

2111 867 2254 922 κατὰ
2282 868 2372 922 τὸν
2405 869 2665 940 ὑμέτερον
2689 870 2843 939 λόγον
2871 871 3380 942 κοινοποιησὰμενος
3405 891 3425 940 ;

2181 1047 2367 1100 Ταῦτα
2415 1047 2514 1117 μὲν
2558 1045 2700 1110 ὀδοῦ,
2727 1048 2878 1117 φασὶ,
2907 1048 3182 1119 πάρεργον
3217 1050 3295 1112 είς
3325 1048 3544 1120 ἔλεγχον
3562 1049 3672 1118 τῆς

2112 1139 2543 1208 νεωτεροποιίας.
2590 1138 2776 1208 Ὑμεῖς
2805 1139 2863 1194 δὲ
2908 1139 3014 1195 τῶν
3059 1141 3356 1212 ἀμεινόνων
3385 1143 3673 1213 γενόμενοι

2111 1218 2405 1302 λογισμῶν,
2441 1230 2517 1301 μὴ
2537 1229 2634 1302 τὴν
2681 1231 2990 1303 ἐλευθερίαν
3020 1232 3336 1298 ἀποδύεσθε,
3365 1233 3498 1304 μηδὲ
3527 1232 3674 1304 πρὸς

2101 1321 2210 1390 ,τὴν
2231 1321 2472 1376 δουλείαν
2493 1321 2589 1391 τῆς
2637 1320 2842 1393 φθορᾶς
2879 1322 3121 1386 ἐλεεινῶς
3151 1323 3537 1393 ὑποστρέφετε,
3578 1315 3674 1384 οἷς

2113 1413 2326 1482 ἔξαρνοι
2376 1412 2591 1479 γίνεσθε
2648 1413 2748 1482 τῆς
2819 1413 3132 1477 δεσποτείας
3196 1413 3289 1468 τοῦ
3327 1413 3672 1489 δεσποτικῶς

2114 1503 2539 1574 ὲλευθεροῦντος.
2596 1503 2734 1557 Ἀλλ’
2782 1505 2845 1558 οὐ
2905 1504 3182 1574 βούλονται
3208 1519 3224 1534 ·
3277 1506 3549 1574 ἐχέτωσαν
3588 1503 3673 1566 ὡς

2113 1595 2448 1666 προτιμῶσιν
2472 1612 2487 1626 ο
2510 1596 2560 1648 oi
2603 1595 2702 1664 μὲν
2741 1594 2978 1649 εἴσονται
3003 1595 3111 1648 τῶν
3151 1596 3403 1668 ἐπινοιῶν
3429 1596 3528 1665 τὴν
3558 1595 3673 1648 δει-

2113 1688 2327 1760 νότητα,
2364 1687 2581 1741 ἐπειδὰν
2605 1686 2805 1751 αὐτοὺς
2830 1688 2900 1742 τὰ
2927 1687 3308 1757 ἀναπόδραστα
3335 1687 3481 1740 δεινὰ
3510 1702 3674 1756 περι-

457 1787 823 1841 circumsistet
834 1755 1008 1842 iuror.
1032 1788 1101 1840 At
1121 1800 1220 1841 nos
1240 1786 1528 1854 adoptione
1555 1786 1815 1853 illustres,
1837 1795 1892 1842 et
1911 1787 2009 1840 ad-

2122 1755 2237 1851 στῇ,
2290 1777 2445 1845 λόγον
2498 1777 2795 1846 ὑπέχοντας
2823 1777 2934 1848 ,τῆς
2965 1779 3044 1841 εἰς
3071 1755 3146 1830 cb-
3169 1775 3392 1846 Πνεῦμα
3417 1755 3674 1844 ἀσυγχω-

458 1878 697 1945 optantis
723 1878 929 1932 cultum
961 1878 1128 1947 probe
1155 1876 1434 1941 callentes,
1466 1886 1723 1946 tanquam
1749 1877 1845 1932 lilii
1894 1879 2009 1940 Dei,

458 1967 978 2024 consubstantialem
1003 1969 1122 2038 ejus
1155 1967 1416 2040 Spiritum
1444 1982 1800 2033 veneremur;
1828 1970 2010 2024 lumen

454 2073 642 2114 verum
661 2060 844 2115 orbem
873 2060 1210 2127 illuminans,
1228 2071 1435 2115 rectum
1465 2067 1521 2114 et
1539 2059 1606 2114 ad
1636 2041 2009 2115 rectitudinem

457 2147 653 2202 salutis
675 2149 730 2209 in
759 2149 998 2218 obliquis
1025 2150 1346 2218 perditionis
1365 2147 1468 2202 viis
1510 2154 1758 2203 errantes
1783 2147 2006 2211 ducens,

454 2223 752 2291 bonitatem
779 2237 1041 2304 largiens,
1069 2236 1325 2290 beneiicia
1363 2235 1664 2298 etiundens,
1696 2243 1750 2290 et
1791 2236 2005 2290 fontem

459 2325 768 2380 sanctitatis
798 2321 1422 2400 incomprehensibilem,
1452 2340 1610 2394 quem
1633 2325 2014 2394 participantes

462 2416 774 2486 Spirituales
791 2401 1152 2488 intelligentiae
1168 2414 1350 2468 statim
1365 2415 1768 2490 sanctiﬁcantur
1796 2434 1810 2470 :
1833 2431 2018 2486 quam-

463 2504 548 2558 vis
578 2503 650 2557 ob
676 2503 970 2559 voluntatis
997 2505 1258 2558 malitiam
1284 2507 1625 2571 tenebramus,
1659 2508 2010 2578 impurusque

437 2596 712 2662 evaserit,
766 2594 893 2664 quia
922 2608 954 2648 a
991 2592 1308 2650 liierarcbia
1337 2594 1555 2650 Caelesti
1599 2596 1881 2653 abscissus
1906 2586 2009 2652 est.

458 2683 722 2741 Cancrum
747 2692 1008 2752 creaturae
1044 2675 1265 2757 reliquae
1305 2688 1722 2757 pulchritudinis
1770 2689 1912 2758 eius,
1959 2700 2013 2747 et

459 2778 764 2833 sanctitatis
804 2777 1299 2833 communicatione
1333 2778 1836 2835 decorantur.ilinc
1860 2781 2007 2835 enim

457 2879 564 2932 est,
595 2879 653 2924 ut
679 2870 862 2924 omnia
896 2869 1053 2924 valde
1075 2867 1216 2922 bona
1235 2869 1373 2930 sint,
1399 2875 1455 2924 et
1485 2878 1771 2935 vocentur,
1798 2885 1830 2926 a
1849 2869 2012 2926 Patre

2111 1872 2277 1940 ρήτου
2340 1868 2718 1938 βλασφημίας
2768 1868 2820 1921 οἱ
2879 1868 2938 1922 ss
2980 1868 3045 1938 τῇ
3072 1868 3313 1938 υἱοθεσία
3352 1866 3527 1930 καλῶς
3552 1867 3676 1919 δια-

2112 1955 2432 2028 πρέποντες,
2463 1957 2520 2009 ὲν
2545 1956 2624 2027 τῷ
2645 1956 2824 2020 καλῶς
2865 1957 2966 2028 τὴν
3002 1957 3165 2026 τιμὴν
3198 1957 3394 2011 εἰδέναι
3415 1957 3509 2011 τοῦ
3550 1958 3672 2010 oio-

2111 2050 2452 2120 θετήσαντος,
2500 2043 2590 2102 οἷα
2642 2047 2708 2118 δὴ
2735 2047 2899 2102 τέκνα
2947 2047 3105 2112 Θεοῦ,
3141 2049 3201 2102 τὸ
3229 2049 3470 2117 συμφυὲς
3499 2048 3671 2102 αὐτοῦ

2107 2116 2334 2207 ῘΙνεῦμα
2365 2116 2786 2206 θειάζωμεν,τδ
2831 2137 3084 2206 ἀληθινὸν
3118 2138 3255 2206 φῶς,
3304 2116 3374 2192 ab
3423 2139 3675 2208 φωτίσαν

2113 2231 2181 2283 τὰ
2210 2229 2438 2298 πέρατα,
2495 2228 2557 2280 τὸ
2607 2226 2762 2289 εύθὲς
2803 2217 3064 2296 καὶπρὸς
3097 2229 3363 2299 εὐθύτητα
3399 2231 3676 2299 σωτηρίας

2113 2319 2485 2389 καθοδηγῆσαν
2509 2320 2634 2380 τοὺς
2671 2317 3058 2386 πλανωμένους
3087 2318 3145 2372 ὲν
3175 2320 3382 2389 τρίὸοις
3433 2321 3674 2384 σκολιαῖς

2114 2409 2408 2473 ἀπωλείας,
2435 2410 2497 2461 τὸ
2540 2409 2701 2478 βρύον
2733 2407 2831 2479 τὴν
2878 2407 3210 2478 ἅγαθότητα,
3242 2409 3468 2471 καὶτοῖς
3503 2426 3678 2478 μετα-

2115 2500 2300 2573 σχοῦσι
2346 2502 2407 2554 τὸ
2456 2500 2818 2569 ἀγαθύνεσθαι
2874 2499 3248 2570 χαριζόμενον,
3302 2501 3400 2570 τὴν
3463 2503 3677 2554 ἀκατά-

2112 2595 2311 2663 ληπτον
2342 2593 2525 2664 πηγὴν
2561 2592 2661 2662 τῆς
2711 2591 3020 2661 ἁγιότητος,
3052 2584 3111 2645 οῦ
3145 2593 3542 2661 μεταλαϐοῦσαι
3569 2594 3675 2647 τοῦ

2111 2685 2381 2754 ἀγιασμοῦ
2411 2685 2727 2751 ἁγιάζον-,ται
2782 2682 2880 2753 μὲν
2931 2680 3055 2754 ἀρτι
3085 2683 3378 2754 παριοῦσαι
3415 2685 3546 2755 πρὸς
3575 2687 3678 2754 τέ-

2111 2794 2262 2831 νεσιν
2297 2777 2354 2830 αἱ
2395 2775 2576 2848 νοεραὶ
2611 2774 2869 2846 δυνάμεις
2895 2791 2910 2809 ·
2970 2763 3020 2828 εί
3087 2774 3181 2830 καὶ
3237 2774 3323 2828 διὰ
3372 2776 3678 2846 σκαιότητα

2111 2868 2481 2942 προαιρέσεως
2499 2869 2529 2922 ό
2555 2868 2654 2937 τῆς
2682 2867 2844 2934 ἁγίας
2880 2865 2976 2920 καὶ
3000 2865 3320 2937 φωτοειδοῦς
3339 2867 3441 2920 ἀπε
3449 2865 3677 2938 ῥραγὼς

457 2957 676 3028 quidem
711 2973 806 3028 per
837 2955 1038 3012 Filium
1077 2964 1286 3022 creata,
1315 2957 1811 3013 communicatione
1834 2971 2011 3016 autem

2122 2958 2336 3025 τάξεως,
2373 2943 2595 3028 βέϐηλος
2615 2974 2677 3011 τε
2699 2959 2814 3027 ἅμα
2835 2957 2928 3010 καὶ
2965 2957 3158 3021 σκότος
3188 2956 3400 3026 ἐγένετο
3422 2974 3434 2986 ·
3457 2957 3681 3012 καλλωο

2039 2999 2082 3057 C

456 3049 631 3104 sancti
649 3046 885 3117 Spiritus
903 3031 970 3099 ad
985 3043 1372 3115 perfectionem
1397 3052 1580 3100 erecta
1601 3044 1667 3097 ’⁷.
1691 3046 1821 3111 Quae
1847 3048 2010 3102 etiam

2122 3048 2333 3112 πίξεται
2373 3048 2430 3101 δὲ
2485 3048 2553 3102 τὰ
2616 3047 2912 3118 μεταλήψει
2960 3049 3060 3118 τῆς
3101 3046 3358 3118 καλλονῆς
3387 3046 3480 3101 τοῦ
3513 3048 3678 3115 ἀγια-

459 3137 508 3192 si
528 3135 918 3206 superveniens
947 3140 1227 3203 peccatum
1247 3131 1549 3198 fmdaverit,
1569 3132 1746 3188 denuo
1759 3151 1791 3189 a
1805 3135 2011 3203 Spiritu

2122 3139 2254 3206 σμοῦ
2307 3137 2377 3192 τὰ
2435 3138 2597 3190 λοιπὰ
2664 3136 2920 3191 σύνδουλα
2987 3139 3296 3208 κτίσματαο
3351 3138 3495 3192 οῦτω
3562 3140 3681 3208 γὰρ

463 3241 657 3285 sancto
684 3235 898 3290 ornata,
918 3226 1130 3281 meliori
1146 3240 1308 3296 quam
1336 3219 1495 3281 antea
1512 3226 1822 3284 conditione
1850 3244 2012 3284 reno-

2122 3231 2332 3283 ᾶπαντα
2359 3227 2479 3280 λίαν
2521 3225 2663 3280 καλά
2706 3225 2820 3279 ἔστι
2849 3245 2908 3280 τε
2941 3229 3036 3280 καὶ
3063 3229 3296 3298 εἴρηται,
3337 3229 3682 3301 δημιουργη-

459 3330 586 3376 vata
631 3325 760 3375 sunt
791 3335 806 3372 :
843 3317 996 3388 prius
1023 3320 1166 3372 enim
1206 3317 1541 3387 curruptioni
1574 3317 1794 3373 fuerunt
1838 3321 2012 3376 obno-

2122 3319 2272 3372 θέντα
2297 3317 2392 3387 μὲν
2418 3314 2570 3382 παρὰ
2592 3315 2802 3384 Πατρδς
2824 3315 2891 3368 δι’
2915 3316 3066 3386 Υίοῦ,
3107 3317 3588 3388 τελειουργηθὲντα
3611 3319 3680 3372 δὲ

462 3411 575 3478 xia,
616 3425 762 3466 nunc
791 3425 920 3474 vero
967 3410 1234 3478 superiori
1268 3409 1583 3480 conditione
1612 3408 1872 3479 gaudent.

2122 3412 2181 3480 τῇ
2207 3408 2338 3476 ἁγίᾳ.
2388 3405 2480 3458 τοῦ
2526 3402 2840 3474 Πνεύματος
2876 3403 3176 3472 μεταδόσει.
3219 3406 3285 3456 ’Δ
3331 3407 3421 3460 καὶ
3461 3407 3550 3460 διὰ
3574 3407 3682 3476 τὴν

463 3501 881 3557 ἐπεισελθοῦσαν
902 3483 1174 3570 ἁμαρτίαν
1203 3501 1426 3572 ἀπρεπῆ
1451 3503 1516 3571 τῇ
1547 3500 2012 3572 φθορᾷγεγενότα,
2053 3505 2215 3560 πάλιν
2280 3497 2384 3552 ὑπὸ
2427 3495 2522 3550 τοῦ
2571 3494 2777 3564 ἀγαθοῦ
2825 3494 3135 3562 Πνεύματος
3221 3501 3680 3566 κατακοσμείταιο

462 3595 705 3665 ἀμείνονι
727 3592 1059 3647 καταστάσει
1089 3592 1190 3662 τῆς
1223 3591 1492 3664 προτέρας
1519 3594 2005 3666 ἀνακιιινιζόμενα⁹
2046 3599 2160 3667 εἴγε
2212 3593 2329 3664 μετ’

461 3685 709 3758 ἀνώτερα
737 3685 1025 3759 σμντριδῆς
1045 3686 1113 3739 τὰ
1148 3684 1307 3755 ἔργα.

532 3775 818 3846 intelligis,
851 3776 991 3830 inter
1032 3788 1220 3828 servos
1275 3772 1702 3843 computandum
1759 3775 2023 3847 Spiritum

464 3882 574 3924 non
603 3882 745 3928 esse,
806 3881 902 3937 per
939 3878 1101 3936 quem
1147 3864 1216 3917 ad
1275 3864 1704 3934 praestantiorem
1766 3866 2024 3920 anteriori

467 3964 670 4013 statum
698 3957 861 4011 homo
879 3955 1112 4010 eductus
1133 3960 1239 4009 est.
1271 3951 1388 4008 Non
1415 3953 1561 4008 enim
1587 3953 1823 4026 amplius
1849 3970 1879 4009 ιι
1903 3968 2027 4009 cor-

469 4049 716 4117 ruptione
741 4031 1116 4108 metuendum,
1151 4059 1313 4114 quam
1347 4046 1757 4114 incorruptibne
1777 4061 1875 4116 per
1901 4045 2027 4115 Spio-

471 4141 636 4193 ritum
669 4149 916 4193 sanctum
953 4135 1173 4190 inducta
1202 4134 1504 4203 proﬂigavit
1524 4135 1782 4201 Verbum,
1803 4145 1860 4192 et
1885 4137 2019 4191 abo-

472 4229 603 4283 levit
633 4243 647 4278 :
676 4227 930 4294 idemque
961 4223 1031 4277 ob
1066 4232 1270 4276 tantam
1297 4223 1574 4277 victoriam
1619 4234 1844 4294 paterno
1866 4226 2018 4279 thro-

475 4331 573 4382 no,
597 4330 629 4370 a
664 4329 772 4386 quo
801 4329 1076 4383 nunquam
1100 4313 1349 4368 divulsus
1375 4311 1574 4377 fuerat,
1599 4313 1863 4380 insidens,
1889 4323 2019 4368 con:-

2389 3588 2604 3658 ἐκείνην
2669 3586 2767 3658 μὲν
2814 3584 3128 3657 συνετρίϐη,
3177 3587 3314 3656 μετά
3385 3587 3442 3640 δὲ
3473 3590 3685 3664 ταύτης

2202 3769 2362 3839 Ὁρᾷς
2392 3767 2537 3829 ὅπως
2578 3765 2637 3818 ού
2685 3763 2868 3817 δοῦλον
2917 3762 2975 3816 τὸ
3015 3762 3259 3833 Πνεῦμα.
3292 3764 3354 3818 τὺ
3375 3764 3476 3837 τὴν
3499 3766 3686 3820 κτίσιν

2121 3860 2564 3933 εὐπρεπεστέραν
2618 3860 2881 3927 ποιῆσαν,
2929 3853 2998 3928 ἦς
3051 3858 3361 3928 μετειλήχει
3412 3859 3683 3931 πρότερον

2119 3950 2523 4012 καταστάσεως.
2547 3949 2620 4002 Οὐ
2641 3948 2758 4019 γὰρ
2786 3949 2863 4000 ἔτι
2892 3947 3066 4018 φθορὰ
3098 3949 3237 4003 κατά
3263 3949 3463 4021 ταύτης
3487 3954 3681 4022 χωρεῖ,

2117 4046 2194 4115 τῷ
2225 4044 2482 4114 ἀναιρέτῃ
2505 4041 2662 4109 Λόγῳ
2692 4039 3137 4109 προσομιλῆσαι-ια
3171 4041 3264 4092 καὶ
3287 4042 3682 4108 καταποθεῖσα,

2120 4137 2215 4190 καὶ
2236 4135 2304 4190 δι’
2320 4132 2484 4188 αὑτοῦ
2511 4132 2568 4186 ὲν
2592 4131 2730 4199 ἁγίῳ
2777 4128 3052 4199 Πνεύματι
3095 4129 3403 4200 ἀφθαρσίας
3440 4133 3685 4199 ὲγκαινι-

2126 4226 2362 4295 σθείσης.
2404 4226 2502 4285 Ὃς
2523 4221 2616 4273 ἐπὶ
2634 4219 2878 4290 τροπαίῳ
2932 4219 3168 4289 τοσούτῳ
3200 4219 3336 4288 πρὸς
3381 4222 3471 4272 τὸν
3511 4212 3572 4273 οῦ
3603 4222 3686 4293 μὴ

2121 4315 2303 4383 διέστη
2327 4313 2512 4383 θρόνον
2543 4307 2792 4380 πατρῷον
2816 4307 3063 4371 καθίσας,
3081 4311 3176 4362 καὶ
3189 4310 3474 4379 σύνθρονον
3491 4313 3684 4382 Παράο

476 4405 686 4465 socium
748 4403 1075 4458 Paraclitum
1147 4403 1332 4468 misit;
1380 4416 1474 4472 per
1519 4415 1677 4472 quem
1717 4417 1840 4457 cum
1907 4403 2019 4473 ejus

2132 4405 2323 4475 κλητον
2362 4399 2760 4466 ἐξαπέστειλεν,
2817 4398 2932 4467 ἅμα
2997 4399 3095 4467 μὲν
3137 4400 3232 4468 τὴν
3268 4400 3477 4455 ἐκείνου
3523 4403 3687 4467 δόξαν

477 4495 648 4568 gloria
677 4493 972 4566 pateﬁeret,
1005 4501 1115 4548 tum
1147 4490 1212 4545 ad
1237 4506 1392 4546 suam
1417 4497 1668 4548 creatura
1695 4491 2026 4548 mauuduce-

477 4599 630 4642 retur
663 4600 678 4638 :
714 4584 1025 4655 pariterque
1051 4590 1111 4638 ut
1132 4581 1378 4652 disjectis
1397 4582 1508 4653 jam
1545 4579 1882 4652 a'splendore
1920 4582 2026 4639 Pa-

477 4678 578 4732 tris
602 4676 897 4745 impietatis
945 4673 1206 4741 tenebris,
1235 4690 1266 4728 a
1307 4673 2031 4748 consubstantialiquoque,

478 4774 533 4822 et
579 4766 918 4827 illuminante
964 4764 1166 4836 Spiritu
1226 4765 1447 4822 obscuri
1503 4767 1906 4824 illustrarentur
1961 4771 2028 4825 ‘°.

480 4854 640 4911 Venit
675 4871 804 4927 ergo
828 4855 884 4910 in
925 4855 1123 4926 linguis
1154 4857 1325 4926 igneis
1343 4859 1616 4927 corporali
1641 4857 1805 4913 simul
1828 4862 2026 4928 specie,

481 4955 536 5003 et
554 4947 737 5003 divina
769 4962 785 5002 :
815 4950 915 5003 hac
956 4947 1170 5016 quidem
1215 4956 1274 5002 ut
1313 4948 1645 5004 divinitatem
1697 4950 2028 5018 ostenderet,

483 5038 622 5092 Deus
647 5040 787 5092 enim
816 5047 988 5093 noster
1015 5039 1148 5108 ignis
1178 5055 1485 5093 comantem
1517 5048 1594 5093 est
1629 5039 1703 5106 ";
1759 5039 1849 5092 illa
1880 5055 2026 5107 vero,

487 5137 546 5182 ut
573 5128 861 5196 congenito
886 5126 1065 5182 Verbo
1092 5143 1206 5182 rem
1238 5143 1566 5198 congeneam
1595 5134 1797 5196 ageret,
1839 5142 2034 5194 corpo-

487 5219 673 5272 raliter
707 5231 998 5288 apparens,
1051 5224 1334 5284 postquam
1366 5218 1434 5271 ab
1482 5233 1548 5272 eo
1586 5230 1786 5286 corpus
1824 5229 2036 5270 assum—

491 5314 639 5375 ptum
662 5307 855 5360 fuerat.
911 5301 969 5356 lu
1019 5305 1217 5373 linguis
1266 5306 1432 5370 venit,
1463 5313 1589 5376 apto
1646 5305 1847 5359 futuris
1876 5302 2039 5357 rebus

494 5399 775 5466 mttigmale
801 5414 814 5459 ;
847 5403 907 5449 ut
931 5404 1089 5449 antea
1120 5395 1174 5448 in
1203 5395 1406 5450 Christi
1431 5397 1750 5465 baptismate
1782 5395 1884 5446 sub
1913 5407 2037 5461 spe-

495 5487 581 5540 (Le
622 5486 888 5541 columba:
941 5483 1213 5556 apparuit,
1268 5487 1452 5541 diluvii
1482 5496 1826 5558 peccatorum
1883 5478 2036 5536 ﬁnem

573 5677 612 5708 "
645 5676 774 5735 Gen.
813 5697 848 5745 ι,
874 5682 958 5739 51.
1036 5682 1267 5742 1“Hebr.
1299 5699 1337 5750 I,
1369 5685 1419 5740 5.
1501 5685 1539 5713 ιν
1573 5682 1731 5736 Hebr.
1811 5698 1905 5744 λιι,
1934 5679 2028 5733 ‘29-

2127 4495 2428 4566 τρανῶσαν,
2461 4493 2576 4562 ἅμα
2601 4490 2658 4544 δὲ
2682 4489 2775 4543 καὶ
2793 4488 2930 4558 πρὸς
2981 4488 3078 4559 τὴν
3125 4491 3330 4544 οἰκείαν
3357 4494 3416 4548 τὸ
3458 4495 3688 4566 πλάσμα

2127 4584 2578 4658 χειραγωγῆσαν,
2637 4581 2732 4635 καὶ
2776 4579 2864 4632 ἵνα
2915 4581 2973 4633 ὲν
3030 4581 3107 4649 τῷ
3135 4581 3227 4636 τοῦ
3263 4584 3471 4654 Πατρδς
3504 4588 3685 4641 anno-

2128 4682 2367 4749 γάσματι
2377 4676 2474 4745 τῆς
2492 4673 2827 4742 σκοτομήνης
2843 4671 2939 4740 τῆς
2959 4671 3205 4736 ἀσεδείας
3217 4675 3680 4745 ὲκκεχωρηκυίας,

2127 4771 2228 4842 ήδη
2252 4769 2345 4823 καὶ
2366 4771 2424 4820 ὲν
2456 4765 2532 4836 τῷ
2554 4763 2822 4834 όμοουσίῳ
2867 4760 3028 4814 αὑτοῦ
3057 4764 3367 4834 φωτιστικῷ
3406 4765 3688 4834 Πνεύματι

2130 4857 2575 4929 καταυγασθῶσιν
2626 4855 2677 4907 oi
2721 4853 3009 4923 ἀλαμπεῖς.
3055 4855 3218 4924 Φοιτᾷ
3245 4855 3301 4907 δὲ
3335 4855 3394 4906 ὲν
3412 4852 3685 4922 γλώσσαις

2134 4950 2392 5020 πυρίναις
2428 4943 2753 5017 σωματικῶς
2799 4943 2934 5014 όμοῦ
2976 4943 3070 4997 καὶ
3101 4944 3316 5007 θεῖκῶς,
3337 4941 3413 5014 τῷ
3443 4945 3564 5014 μὲν,
3595 4947 3687 4998 ἵνα

2133 5039 2229 5108 τὴν
2289 5037 2537 5104 θειότητα
2594 5030 2869 5103 γνωρίσην
2904 5032 3028 5101 Πῦρ
3084 5032 3194 5102 γὰρ
3249 5031 3284 5086 ὀ
3333 5033 3473 5097 Θεὸς
3516 5029 3688 5101 ἡμῶν·

2134 5125 2612 5181 καταναλίσκονο
2660 5122 2740 5192 τῷ
2779 5123 2833 5176 δὲ
2865 5122 2941 5194 τῷ
2975 5124 3226 5190 συγγενεῖ
3263 5122 3418 5194 Λόγῳ
3449 5124 3689 5194 πρᾶγμα.

2135 5216 2301 5269 τελῶν
2337 5213 2616 5283 συγγενὲς,
2656 5212 2750 5264 καὶ
2803 5211 3119 5280 ποιούμενον
3165 5212 3260 5280 τὴν
3299 5211 3598 5280 παρουσίαν
3625 5211 3712 5269 ὲν,

2138 5305 2370 5375 σώματι,
2429 5304 2614 5372 ὥσπερ
2662 5304 2863 5367 ἐκεῖνος
2916 5301 3070 5370 ὤφθη
3115 5302 3248 5370 μετὲι
3283 5301 3547 5371 σώματος.
3593 5298 3687 5352 Ἐν

2137 5398 2406 5465 γλώσσαις
2449 5397 2506 5450 δὲ
2555 5396 2612 5447 ὲν
2657 5395 2837 5465 οἰκείῳ
2888 5394 2995 5447 τῶν
3041 5393 3308 5461 ἐσομένων
3348 5391 3688 5464 πραγμάτων

2139 5489 2415 5560 αἰνίγματι
2434 5505 2448 5520 '
2482 5487 2667 5556 ὥσπερ
2683 5488 2944 5556 πρότερον
2973 5487 3030 5538 ὲν
3057 5484 3134 5554 τῷ
3171 5483 3500 5554 βαπτίσματι
3521 5497 3689 5551 περι-
