3930 6332
316 321 417 383 ιω
1187 312 1464 375 omne
1492 311 1658 379 xm,
1694 335 1761 347 -η
1796 311 1892 374 DE
1930 310 2239 372 SPIBITU
2272 311 2572 372 SANCTO.
3420 292 3551 385 15f

312 435 511 507 στερᾶς
576 431 855 486 ὼπτάνετο
901 430 1029 483 εῖδει
1089 428 1188 498 τὴν
1243 425 1392 489 λῆξιν
1442 425 1544 497 τεῆς
1593 423 1848 495 ἁμαρτίας

1968 423 2288 478 nuntiantis.
2349 424 2427 476 lta
2476 439 2605 479 vero
2658 424 2714 478 in
2747 425 2990 485 divinum
3042 426 3278 485 Verbum
3327 430 3520 491 harum

311 522 703 591 κατακλυσμοῦ
733 518 1143 587 ἀπαγγέλλοντι,
1178 515 1226 567 εί
1258 511 1352 567 καὶ
1386 512 1555 584 ταύτῃ
1598 513 1735 583 πρὸς
1778 512 1848 567 ei»

1971 528 2150 568 rerum
2178 528 2344 568 causa
2375 514 2643 581 refertur;
2683 531 2747 571 ea
2784 517 2957 572 forma
2984 529 3337 585 connotante,
3357 523 3519 581 Verbi

310 618 458 671 θεῖον
506 614 681 680 Λόγον
732 611 841 666 τῶν
890 606 1219 681 τελορμένων
1261 603 1588 673 ἀναφέρεται
1622 606 1655 674 ή
1694 603 1840 657 αίτία

1966 619 2100 675 Opus
2154 618 2277 659 esse
2330 608 2504 660 sancti
2556 605 2790 675 Spiritus
2818 608 3225 663 descensum".
3268 608 3524 671 Fortasse

308 706 617 768 δεικνύντος
635 703 729 758 τοῦ
755 702 1011 773 φανέντος
1036 696 1225 759 εἴδους.
1245 694 1474 749 ὐτιτοῦ
1504 694 1677 763 Λόγου
1708 693 1848 764 ἔργοι

1966 701 2153 765 etiam,
2182 713 2302 769 quin
2328 698 2613 767 discipulis
2640 701 2987 768 promiserat,
3018 710 3172 757 mens
3212 702 3318 758 fuit
3357 705 3520 774 perli-

307 798 346 867 ἠ
370 795 463 849 τοῦ
494 777 812 865 Πνὲύματος
835 787 1073 849 κάθοδος.
1101 785 1255 856 Τάχα
1284 785 1340 839 δὲ
1367 784 1461 837 καὶ
1490 785 1578 837 ἰνα
1603 786 1714 847 τοῖς
1748 800 1867 853 μα-

308 887 503 957 θηταῖς
532 885 631 953 τὴν
656 883 764 936 τῶν
800 876 1217 949 ἐπηγγελμένων
1257 874 1604 945 ἐκπλήρωσιν
1640 877 1862 945 ποιήσῃ,

304 976 389 1039 ὡς
421 973 722 1045 συμπαρὼν
757 974 787 1024 ό
818 970 986 1034 Λόγος
1020 965 1189 1020 ποιῶν
1211 966 1400 1039 όριῖιτο.
1436 967 1542 1021 Καὶ
1568 965 1741 1029 διδοὺς
1765 966 1864 1019 αὐε-

302 1069 424 1127 τοῖς
458 1064 645 1133 ὥσπερ
667 1062 727 1113 τδ
755 1059 1016 1129 πρότερον
1044 1056 1342 1128 συμπαρὼν
1359 1050 1528 1109 ἐδίδου
1546 1056 1606 1110 τὸ
1617 1056 1859 1126 Πνεῦμα,

301 1155 496 1210 ἄλλοτε
537 1154 636 1222 μὲν
671 1150 873 1220 ῥήματι
909 1149 1073 1219 μόνῳ,
1105 1147 1292 1204 ἄλλοτε
1316 1148 1375 1201 δὲ
1399 1148 1657 1218 ἐμφυσρν
1676 1147 1736 1201 τὸ
1760 1147 1860 1202 δώ.

305 1259 484 1314 eam.
516 1236 1034 1308 αἰνιγματιξοιιένης
1091 1236 1189 1306 τῆς
1226 1237 1325 1308 οὐχ
1375 1236 1652 1307 ὁρωμένης
1681 1237 1860 1300 αὐτοῖς

304 1331 609 1403 παρουσίας
634 1329 729 1383 τοῦ
749 1328 1092 1391 Διδασκάλου,
1116 1319 1270 1380 δι’ὦν
1294 1329 1353 1381 ἐν
1378 1326 1633 1394 γλωσσῶν
1651 1327 1858 1397 σημείῳ

297 1425 405 1493 τῆς
430 1421 579 1495 θείας
607 1419 941 1491 ἐπληροῦντο
964 1419 1259 1487 δυνάμεως.
1296 1419 1403 1471 Καὶ
1427 1417 1616 1488 μηδεὶς
1635 1419 1858 1488 ἐπιδρα-

301 1513 478 1583 μείτω
508 1511 770 1579 δυσσεϐὴς
800 1511 896 1564 καὶ
928 1508 1169 1579 ἀνόητος,
1198 1509 1291 1563 καὶ
1332 1508 1406 1571 ὡς
1454 1507 1856 1578 θηράματιτοῖς

297 1602 614 1674 εἰρημένοις
631 1602 1020 1665 ἀνασοὸείσθω,
1049 1600 1183 1670 μηδέ
1199 1600 1494 1670 ὀργανικὴν
1518 1615 1662 1652 τινα·
1670 1598 1856 1669 χρείαν

1963 806 2118 857 cere;
2145 805 2210 845 ac
2239 792 2381 846 sicut
2410 804 2535 845 cum
2567 790 2701 860 ipsis
2734 791 2937 863 degens
2968 794 3229 861 Spiritum
3287 797 3367 852 eis
3416 799 3523 851 im-

1962 883 2243 951 pertierat,
2264 884 2425 936 modo
2449 881 2617 936 verbo
2641 889 2875 948 tantum,
2904 883 3063 937 modo
3087 884 3256 939 etiam
3279 885 3517 955 inspira-

1962 974 2129 1038 tione,
2162 973 2235 1027 ita
2267 989 2413 1029 nunc
2434 980 2675 1044 praistat,
2701 975 2974 1031 occultata
3002 975 3240 1048 Magistri
3277 992 3515 1047 [mesen—

1961 1065 2058 1127 tia,
2085 1064 2155 1118 ob
2204 1079 2363 1133 quam
2420 1064 2521 1123 sub
2553 1065 2859 1134 linguarum
2890 1067 3059 1136 ﬁgura
3088 1068 3270 1123 divina
3314 1070 3516 1126 virtute

1960 1156 2261 1226 replentur.
2296 1154 2402 1211 Nec
2457 1158 2653 1225 impius
2719 1158 2916 1226 aliquis
2943 1169 3218 1226 occurrat,
3271 1169 3363 1215 aut
3418 1162 3515 1216 de-

1960 1244 2132 1305 mens,
2163 1244 2256 1313 qui
2285 1244 2643 1300 conturbetur
2660 1260 2728 1299 ex
2760 1245 2944 1310 dictis,
2993 1255 3049 1301 et
3095 1262 3282 1302 errore
3315 1250 3384 1302 ab
3414 1264 3513 1303 usu

1960 1333 2177 1405 linguae,
2210 1345 2264 1389 et
2291 1336 2551 1405 .loquelie
2602 1347 2803 1391 nostra)
2840 1337 3151 1408 desttmpto,
3200 1340 3516 1408 organicum

1957 1424 2188 1479 omcium
2210 1424 2483 1494 quoddam
2508 1427 2767 1497 Spiritum
2791 1428 3049 1498 perﬁcere
3072 1429 3327 1499 opinetur
3352 1446 3369 1481 :
3392 1445 3515 1484 nam

1958 1515 2061 1569 hoc
2080 1517 2239 1569 modo
2265 1532 2372 1570 non
2406 1518 2549 1571 inter
2578 1527 2859 1572 creaturas
2888 1526 3120 1580 tantum,
3168 1519 3263 1574 sed
3295 1531 3350 1575 et
3378 1520 3516 1577 inter

1957 1619 2184 1675 corpora
2219 1605 2478 1673 Spiritum
2532 1608 2845 1669 collocaret,
2878 1617 3042 1678 atque
3072 1610 3294 1679 insuper
3344 1611 3517 1682 pieta-

297 1692 549 1765 πληροῦν
594 1693 821 1763 όριζέτω
864 1692 925 1746 τδ
964 1692 1206 1762 Πνεῦμα,
1263 1692 1327 1742 ἐκ
1366 1692 1462 1756 τῆς
1498 1692 1556 1745 ἐν
1602 1692 1732 1763 ἡμῖν
1762 1689 1848 1742 τοῦ

1962 1703 2107 1759 tem,
2157 1709 2221 1748 ac
2288 1695 2598 1763 religionem
2662 1710 2875 1750 omnem
2936 1698 3206 1768 susdeque
3260 1710 3511 1757 verteret.

295 1782 463 1851 λόγου
485 1783 577 1838 καὶ
608 1785 706 1854 τῆς
731 1781 980 1852 γλώσσης
1024 1780 1385 1850 σφαλλόμενος
1429 1780 1759 1847 διοικήσεως.
1785 1780 1855 1833 Ἦ

270 1873 447 1928 ρῦτω
474 1875 527 1944 γ’
557 1875 623 1929 ἂν
646 1874 705 1928 οὗ
736 1875 875 1944 μετά
901 1872 1009 1927 τῶν
1039 1872 1348 1941 κτισμάτων
1371 1870 1505 1941 τάξῃ
1528 1869 1587 1923 τὸ
1610 1871 1852 1939 Πνεῦμα,

289 1966 441 2019 ἀλλά
460 1965 559 2019 καὶ
580 1966 717 2035 μετά
751 1964 859 2019 τῶν
893 1963 1158 2033 σωμάτων
1178 1978 1191 1993 ο
1236 1962 1329 2016 καὶ
1360 1959 1585 2031 προσέτι
1615 1962 1727 2015 ἄνω
1763 1963 1855 2014 καὶ

290 2058 455 2109 κάτω
484 2054 674 2126 φύρειν
706 2055 764 2106 τὸ
798 2055 905 2107 πᾶν
947 2054 1047 2122 τῆς
1099 2052 1375 2115 εύσεᾶείας
1415 2051 1850 2120 ἀπονενοήσεται.

252 2147 383 2199 *‘l‘i'
402 2144 450 2197 δ’
474 2147 507 2212 ἡ
541 2145 691 2216 βιαία
716 2144 871 2213 πνοή,
911 2145 944 2211 ἢ
975 2146 1073 2213 τὴν
1092 2136 1356 2211 σωστικὴν
1386 2143 1628 2212 ταραχὴν
1661 2140 1767 2194 τῶν
1790 2144 1847 2194 ἐν

1958 1782 2099 1849 Quid
2124 1784 2266 1837 cnim
2291 1784 2434 1837 aliud
2485 1786 2776 1839 vehemens
2824 1787 3049 1854 spiritus
3090 1789 3311 1857 indicat,
3351 1807 3512 1860 quam

1956 1875 2246 1941 salutarem
2274 1874 2487 1929 illorum
2526 1874 2911 1939 turbationem,
2936 1881 3028 1945 qui
3059 1878 3113 1931 in
3152 1878 3510 1933 incredulita-

1956 1964 2028 2019 tis
2050 1964 2240 2034 pelago
2263 1964 2536 2033 navigant,
2561 1973 2615 2019 et
2640 1979 2668 2018 a
2702 1964 3040 2032 sapientibus
3078 1967 3280 2026 nautis.
3309 1968 3509 2036 quibus

1955 2054 2202 2110 insidens
2243 2054 2527 2110 scientiam
2566 2054 2816 2125 largitur,
2850 2053 2904 2109 in
2929 2065 3141 2125 portum
3183 2057 3509 2127 cognitionis

1958 2139 2051 2196 Dei
2086 2139 2511 2210 perducunturi.

220 2258 225 2261 >
288 2238 372 2306 τῇ
413 2233 655 2309 θαλάσσῃ
700 2235 797 2304 τῆς
836 2233 1021 2295 ἀθεῖας
1074 2230 1453 2300 πλωϊζομένων
1482 2230 1858 2302 καταμηνύει,
1897 2230 2075 2292 καλῶς
2106 2230 2537 2301 ταραττομένων,
2587 2231 2846 2303 καὶπρὸς
2884 2233 2974 2285 τὸν
3039 2233 3350 2305 σωτηριώδη
3410 2238 3506 2305 τῆς

291 2325 633 2393 Θεογνωσίας
686 2324 881 2395 λιμένα
928 2322 1314 2394 καταγομένων
1387 2323 1493 2376 ὑπὸ
1540 2322 1649 2376 τῶν
1712 2322 2089 2392 ἐπιστημόνων
2144 2322 2513 2395 κυόερνητῶν,
2570 2318 2651 2387 οἷς
2714 2323 3096 2396 ἐφιδρυόμενον
3123 2328 3376 2399 δωρεῖται
3406 2329 3506 2399 τὴν

290 2417 615 2488 ἐπιστήμην
632 2434 648 2485 ;

373 2596 441 2652 Τί
468 2594 668 2663 λέγεις,
693 2587 737 2646 ὧ
784 2591 893 2645 τῶν
947 2589 1261 2659 θαυμασίων
1303 2587 1630 2655 συκοφάντα,
1659 2586 1753 2641 καὶ
1780 2589 1846 2657 τῇ

290 2685 533 2755 ἀπονοία
554 2686 619 2736 ἐκ
650 2681 819 2752 μέθης
839 2677 1178 2749 δημιουργῶν
1204 2678 1273 2728 τά
1320 2676 1626 2744 παράδοξας
1653 2675 1848 2745 χλεύην

295 2778 435 2845 ποιῇ
454 2774 523 2829 τά
549 2771 827 2842 ύπερφυῆ;
856 2772 949 2821 καὶ
980 2769 1103 2830 τοὺς
1126 2765 1532 2837 ἐμφορηθέντας
1561 2765 1652 2818 τοῦ
1682 2764 1851 2817 Πνεύ-

293 2882 472 2936 ματος
505 2866 571 2916 ἐκ
590 2862 688 2932 τῆς
718 2862 815 2930 σῆς
842 2858 1170 2929 εὐθηνούσης
1203 2856 1554 2927 ἀναισθησίας
1593 2856 1652 2909 τὴ
1690 2855 1846 2923 γλεῦο

291 2974 399 3019 κος
451 2954 737 3023 προφέρων
799 2951 1127 3022 μεθύσκεις;
1171 2948 1253 3012 ὡς
1301 2947 1420 3001 λίαν
1460 2947 1523 2999 σὺ
1578 2946 1847 3045 νηφαλίως
1872 2982 1917 3045 C

287 3048 469 3117 ἔχεις,
489 3046 547 3107 ὃς
576 3045 665 3111 ἐφ’
692 3037 771 3104 οἷς
832 3041 967 3110 ὁρᾷς
1009 3041 1107 3110 τὴν
1139 3037 1397 3110 πρότερον
1427 3039 1511 3094 col.
1537 3038 1679 3108 μόνῳ
1708 3056 1847 3109 παρ-

287 3135 467 3189 οῦσαν
493 3132 653 3204 χάριν
679 3130 769 3183 τοῦ
801 3129 1111 3199 Πνεύματος
1141 3128 1233 3180 ἐπὶ
1250 3128 1427 3183 πᾶσαν
1444 3126 1848 3198 χορηγουμένην

288 3224 502 3291 σάρκα,
538 3222 613 3291 μὴ
643 3219 841 3290 τρόπον
884 3216 1171 3286 περιϐολῆς
1210 3216 1411 3301 ταύτης
1444 3216 1845 3287 περιεχόμενος,

291 3312 441 3385 μηδὲ
471 3310 730 3384 μετανοίᾳ
788 3308 886 3381 τὴν
919 3308 1292 3380 προλαόοῦσαν
1341 3308 1631 3378 θεομαχίαν
1653 3308 1846 3371 διδοὺς,

288 3405 389 3458 ἵνα
442 3403 517 3473 μὴ
550 3400 707 3455 θείων
731 3400 945 3473 δωρεῶν
973 3399 1340 3453 πλουτούντων
1366 3401 1580 3469 ἑτέρων,
1603 3400 1653 3453 οἳ
1689 3399 1848 3469 μέχρι

288 3499 398 3553 νῦν
420 3499 647 3568 πένητες
669 3495 1091 3563 καθεστήκεσαν,
1125 3493 1188 3544 σὺ
1205 3493 1232 3544 ό
1254 3492 1417 3547 πάλαι
1444 3490 1849 3553 ταύταιςπλου-

285 3589 428 3653 τῶν,
470 3588 669 3658 ἔρημος
718 3583 1115 3653 καταληφθείης
1164 3581 1255 3633 καὶ
1300 3580 1521 3650 ἄπορος.
1557 3580 1691 3645 Ἤδη
1741 3581 1847 3648 γάρ

291 3699 385 3735 σοι
435 3681 572 3751 πρέις
618 3678 882 3747 ἀνάρῤουν
936 3675 1102 3743 χωρεῖ
1132 3670 1198 3724 τὰ
1226 3672 1414 3739 πρώην
1439 3672 1596 3734 καλά,
1622 3670 1715 3724 καὶ
1751 3670 1845 3723 σοῦ

289 3772 451 3824 πᾶσα
474 3769 570 3839 μὲν
595 3764 817 3835 ἐκδημεῖ
856 3762 1052 3831 δωρεά,
1092 3762 1200 3812 πᾶν
1240 3760 1283 3809 δ’
1314 3760 1621 3826 ἀφαιρεῖται
1644 3758 1843 3826 τίμιον,

230 3902 235 3909 .
287 3858 422 3912 ἀντὶ
458 3856 517 3909 δὲ
545 3856 640 3923 τῆς
683 3854 941 3921 πρότερον
976 3850 1287 3915 περιουσίας
1316 3847 1423 3899 τῶν
1451 3847 1607 3897 θείων
1643 3847 1840 3916 ἐσχάτη

293 3963 368 3999 σε
394 3928 748 4013 περιστοιχιεί
779 3939 996 4006 ἀπορία.
1031 3937 1118 3999 Εἰς
1148 3936 1303 3988 τοῦτο
1326 3938 1431 4005 γάρ
1458 3951 1517 3987 σε
1533 3934 1683 4003 φέρει
1709 3935 1767 3986 ὃν
1785 3935 1841 4001 ἐξ

292 4034 475 4107 ἀρχῆς
497 4032 560 4083 οὗ
584 4031 768 4099 λήγεις
817 4028 1006 4097 φθόνον
1054 4015 1387 4095 ὲγκύμονῶν,
1442 4026 1531 4078 καὶ
1575 4023 1712 4078 κατά
1743 4024 1843 4092 τῆς

292 4127 400 4195 σῆς
429 4120 695 4185 διεξοιδών
719 4118 989 4189 σωτηρίας
1008 4133 1023 4150 ο
1053 4116 1143 4187 ὑφ’
1169 4110 1229 4171 οῦ
1246 4117 1336 4171 καὶ
1360 4115 1455 4171 νῦν
1486 4116 1840 4187 στενοχωρούο

294 4233 479 4289 μενος,
514 4213 607 4266 καὶ
635 4210 793 4281 ῥῆξαι
826 4210 985 4263 πάλιν
1030 4210 1128 4279 τὴν
1178 4209 1380 4279 συνήθη
1414 4211 1510 4280 τῆς
1552 4208 1842 4279 θεομαχίας

2017 2584 2156 2650 Quid
2188 2587 2447 2654 loqueris,
2480 2602 2515 2639 ο
2543 2589 2913 2641 calumniator
2946 2592 3332 2648 miraculorum
3381 2575 3518 2666 Dei;

1948 2672 2283 2728 incredibilia
2312 2675 2561 2728 ebrietati
2594 2690 2703 2743 pra:
2739 2679 2973 2730 amentia
3013 2680 3299 2735 tribuens?
3329 2685 3499 2742 risum

1947 2764 2205 2827 excitant,
2237 2780 2358 2834 quae
2382 2772 2631 2820 naturam
2664 2769 2967 2836 superant?
2994 2777 3047 2821 et
3076 2769 3277 2839 Spiritu
3309 2785 3500 2831 sancto

1951 2855 2171 2921 repletis
2199 2864 2434 2910 mustum
2456 2857 2729 2912 insensate
2750 2859 3047 2928 exprobras
3066 2863 3132 2928 ",
3148 2870 3202 2917 et
3219 2865 3397 2920 ebrios
3421 2866 3503 2919 fa-

1949 2945 2063 2999 cis?
2095 2948 2173 3002 An
2197 2947 2415 3017 quidem
2474 2949 2655 3003 sobrie
2702 2957 2756 3004 te
2785 2950 2974 3013 habes.
3029 2953 3124 3021 qui
3157 2968 3278 3009 cum
3312 2957 3499 3013 videas

1950 3034 2188 3104 Spiritus
2213 3037 2444 3107 gratiam
2486 3040 2582 3094 tibi
2621 3040 2722 3095 soli
2763 3042 2889 3094 olim
2939 3042 3117 3096 datam
3175 3045 3227 3098 in
3282 3061 3494 3101 omnem

1948 3137 2159 3195 gentem
2181 3126 2425 3189 diffundi,
2460 3131 2775 3200 mysterium
2801 3148 2909 3187 non
2944 3133 3219 3205 intelligis,
3246 3150 3344 3189 nec
3380 3152 3498 3206 pte-

1947 3215 2172 3279 nitentia
2229 3216 2518 3274 dcicidium
2584 3222 2841 3289 redimis;
2894 3240 2981 3289 ne,
3039 3228 3244 3282 cmlcsti
3277 3244 3500 3286 munere

1947 3304 2134 3360 ditatis
2165 3310 2398 3372 caeteris,
2432 3312 2526 3379 qui
2588 3326 2758 3381 uSque
2796 3315 2850 3368 itt
2888 3317 2989 3369 hoc
3038 3324 3253 3387 tempus
3318 3320 3497 3390 inopia

1946 3397 2349 3463 premebantur,
2400 3410 2457 3453 tu
2489 3401 2659 3468 solus,
2686 3404 2776 3471 qui
2816 3405 2943 3458 olim
3001 3421 3069 3460 eo
3099 3407 3386 3474 fruebaris,
3429 3412 3495 3465 ad

1945 3496 2237 3555 egestatem
2267 3489 2541 3546 damneris
2572 3505 2732 3562 atque
2775 3496 2840 3549 ad
2877 3496 3159 3552 orbitatem
3186 3498 3352 3555 ἳΤίὺί
3382 3502 3495 3569 jam

1945 3587 2271 3643 praepostere
2298 3581 2601 3647 procedunt
2622 3584 2838 3650 omnia;
2866 3585 3106 3639 aufertur
3134 3588 3327 3653 honor,
3353 3591 3493 3645 dona

1943 3677 2317 3731 evanescunt,
2376 3678 2428 3723 et
2474 3686 2572 3739 pro
2634 3677 2900 3728 anteriori
2951 3690 3129 3732 rerum
3190 3679 3491 3735 divinarum

1944 3756 2218 3811 ailluentia
2244 3766 2485 3814 extrema
2510 3764 2794 3829 pauperies
2818 3772 2871 3818 te
2894 3765 3261 3823 circumsistit.
3283 3771 3362 3825 Ad
3388 3772 3491 3827 hoc

1941 3852 1995 3901 te
2028 3848 2225 3917 adegit,
2264 3864 2373 3917 qua
2423 3865 2708 3918 prmguans
2761 3868 2975 3920 semper
3006 3854 3174 3921 fuisti,
3210 3874 3273 3914 ac
3302 3861 3493 3913 etiam-

1940 3952 2068 3989 num
2099 3951 2179 3998 es,
2208 3936 2432 3999 invidia,
2460 3938 2542 3991 vel
2576 3939 2630 3991 in
2671 3949 2813 3992 tuam
2848 3940 3018 4009 ipsam
3053 3946 3279 3999 salutem
3307 3948 3490 4003 insur-

1940 4038 2089 4093 gens.
2121 4024 2204 4077 Ab
2232 4038 2296 4077 ea
2345 4039 2491 4079 nunc
2534 4040 2751 4095 quoque
2794 4030 3162 4096 excruciatus,
3211 4042 3266 4096 et
3293 4049 3488 4105 perpe-

1941 4126 2088 4167 tuam
2133 4112 2351 4168 deicidii
2384 4114 2719 4185 synderesim
2750 4120 2907 4175 novis
2937 4121 3234 4178 sceleribus
3264 4125 3487 4180 abrum-

1940 4218 2069 4272 pere
2100 4205 2364 4275 cupiens,
2406 4210 2739 4277 praenuntias
2778 4209 3166 4267 homicidarum
3227 4230 3485 4274 manuum

291 4306 463 4361 ὠδῖνα
496 4302 834 4375 βιαζόμενος,
861 4299 1194 4371 προάγγελον
1236 4302 1333 4370 τῆς
1354 4298 1461 4352 τῶν
1491 4299 1837 4369 παλαμναίων

1949 4294 2181 4351 scelesta:
2213 4298 2364 4353 vocis
2393 4300 2749 4355 contumelias
2780 4302 3005 4358 emittis.
3049 4305 3112 4356 At
3141 4305 3195 4359 in
3229 4314 3281 4361 te
3309 4308 3485 4378 ipsum

288 4393 495 4466 χειρῶν
525 4393 937 4462 ἐπιχειρήσεως,
964 4390 1061 4460 τὴν
1079 4388 1185 4441 τῶν
1211 4388 1483 4444 δυσσεόῶν
1507 4388 1723 4459 χειλέων
1746 4388 1843 4443 λοι-

289 4483 481 4553 δορίαν
503 4482 864 4551 προπέμπεις,
908 4480 1045 4533 ἀλλά
1086 4481 1226 4534 κατά
1282 4480 1504 4533 σεαυτοῦ
1540 4480 1837 4551 παρατάξῃ.

292 4575 379 4628 Ού
402 4571 510 4643 γάρ
536 4571 613 4624 ἐτι
633 4576 754 4633 τοὺς
774 4570 865 4623 τοῦ
888 4569 1213 4638 ι-Ζὺαγγελίου
1235 4568 1487 4639 φοϐήσεις
1511 4570 1839 4641 προμάχους,

293 4663 424 4717 οὐδὲ
450 4661 549 4732 τῆς
578 4661 677 4732 σῆς
695 4661 946 4724 ἀπονοίας
976 4660 1092 4729 ὄψει
1124 4659 1279 4727 λόγον
1307 4659 1673 4727 ποιουμένους,
1711 4659 1842 4712 ἀλλά

294 4755 401 4821 τῆς
430 4754 626 4823 ἀρτίως
663 4750 1022 4820 κατελθούσης
1068 4752 1153 4801 ἐπ’
1205 4750 1399 4812 αὐτοὺς
1420 4750 1650 4820 πυρίνης
1688 4750 1844 4802 δυνά·

297 4858 452 4911 μεως
493 4842 948 4911 ὑποπλησθέντες,
1001 4840 1091 4892 καὶ
1144 4838 1353 4907 νηπίων
1412 4839 1596 4905 ἀγῶνα
1627 4839 1716 4891 τὸν
1753 4841 1843 4893 σὸν

294 4930 487 4997 ἀγῶνα
538 4931 865 5001 ποιούμενοι,
906 4928 1311 4997 καταπρήσουσι
1371 4927 1470 4997 μὲν
1506 4928 1755 4981 ἐπιπλέον
1784 4946 1843 4981 σε

294 5019 741 5090 πυρπολούμενον
762 5023 827 5091 τῇ
853 5019 1035 5089 μανίᾳ,
1067 5018 1163 5086 τῆς
1183 5018 1227 5068 δ’
1256 5017 1530 5081 εὑσεόείας
1560 5018 1619 5070 τὸ
1646 5018 1844 5085 φέγγος

292 5114 584 5181 ἁπανταχη
631 5112 1022 5181 ἀναλάμψουσι.
1073 5108 1338 5173 Γλεύκους
1392 5109 1500 5162 εἰσὶ
1551 5126 1834 5178 μεμεστω-

297 5204 453 5276 μένοι
474 5218 491 5269 ;
513 5198 789 5254 Πυνθάνου
810 5202 915 5254 τῶν
955 5203 1018 5254 ἐκ
1047 5198 1307 5268 στόματος
1337 5200 1558 5252 ἐκείνων
1593 5201 1657 5269 τῇ
1687 5199 1833 5251 διδα-

295 5291 499 5361 σκαλίᾳ
520 5292 1010 5362 σωφρονιζομένων,
1039 5290 1087 5343 οἳ
1124 5288 1367 5357 καθάπερ
1426 5290 1621 5359 ἡδίστῳ
1662 5289 1833 5359 ρἐντι

294 5383 496 5452 νάματι
521 5378 599 5449 τῷ
625 5381 826 5434 ἐκεῖθεν
874 5382 1201 5451 δροσίζονται
1246 5377 1474 5447 πόματι·
1505 5381 1594 5431 καὶ
1616 5379 1709 5433 νῦν
1736 5379 1833 5448 μὲν

293 5472 392 5536 οὓς
419 5470 550 5539 ὁρᾷς
598 5466 799 5537 δήμους
846 5470 1118 5539 ἀρύονται,
1153 5467 1345 5537 μικρὸν
1372 5469 1416 5521 δ’
1462 5468 1682 5537 ὕστερον
1713 5470 1832 5539 ὕψει

370 5647 419 5680 ιο
445 5626 565 5699 Sict.
592 5655 655 5702 ιι.
683 5638 735 5693 2.
810 5638 851 5672 ει
887 5639 1020 5693 ibid.
1050 5640 1139 5694 si.

1946 4388 2113 4441 aciem
2148 4386 2374 4446 instruis
2402 4406 2419 4443 :
2448 4403 2553 4444 non
2587 4392 2729 4445 enim
2751 4392 2805 4446 in
2835 4402 3111 4459 posterum
3138 4398 3482 4466 Evangeliutn

1946 4487 2348 4548 propugnantes
2400 4478 2735 4544 deterrebis,
2806 4484 2898 4536 sed
2959 4483 3277 4538 dementiam
3335 4495 3479 4541 tuam

1944 4568 2384 4634 ﬂoccilacientes,
2415 4578 2469 4623 et
2503 4569 2653 4638 ignea
2685 4571 2885 4627 virtute
2918 4588 3078 4640 super
3111 4575 3254 4641 ipsos
3309 4578 3476 4631 colla-

1947 4672 2042 4727 psa
2069 4660 2276 4728 repleti,
2300 4659 2558 4728 impetum
2586 4667 2734 4711 tuum
2766 4669 3018 4731 tanquam
3043 4678 3329 4732 puerorqu
3355 4680 3476 4720 cer-
3554 4724 3567 4735 _

1938 4758 2121 4803 tamen
2141 4749 2459 4817 despiciant,
2490 4748 2715 4817 ﬁdeique
2738 4749 2915 4807 lumen
2944 4754 3143 4824 ubique
3170 4754 3476 4812 dill'unden-
3588 4758 3594 4767 ’

1940 4846 2042 4900 tes,
2076 4847 2125 4892 te
2175 4837 2325 4892 rabie
2348 4839 2458 4907 jam
2484 4838 2746 4908 percitum
2780 4847 2834 4893 et
2864 4842 3167 4907 incensum,
3196 4847 3475 4901 vehemen-

1936 4928 2047 4982 tius
2068 4927 2318 4981 adurettt.
2362 4927 2571 4996 Ergone
2613 4927 2736 4982 vino
2766 4936 2989 4985 saturati
3029 4935 3194 4987 sunt?
3219 4949 3315 4987 eos
3346 4950 3473 5004 per-

1938 5024 2178 5082 contare,
2207 5018 2299 5087 qui
2329 5018 2398 5074 ab
2417 5033 2599 5073 eorum
2626 5017 2890 5084 doctrina,
2924 5031 3174 5089 tanquam
3194 5037 3222 5075 a
3249 5026 3469 5091 perenni

1937 5109 2053 5163 rivo
2088 5107 2330 5175 irrorati,
2354 5110 2463 5175 jam
2508 5109 2867 5178 resipuerunt.
2930 5110 2993 5163 Et
3043 5128 3185 5167 nunc
3228 5116 3466 5184 quidem,

1923 5213 2098 5268 quam
2128 5199 2331 5263 cernis,
2363 5199 2573 5253 turbam
2600 5200 2973 5269 expiscantur;
3006 5202 3153 5257 brevi
3172 5219 3298 5260 vero
3318 5208 3468 5261 inun-

1935 5284 2148 5338 dabitur
2188 5289 2470 5341 universus
2526 5286 2694 5348 orbis,
2757 5288 3150 5359 verborumque
3215 5291 3463 5348 ﬂuctibus

1936 5376 2303 5444 submergetur
2354 5376 2615 5443 impietas.
2664 5376 2810 5431 Talia
2857 5390 3069 5449 prmstat
3096 5383 3159 5437 ad
3188 5383 3460 5437 hominum

1936 5467 2357 5526 emendationem
2384 5466 2615 5523 ebrietas
2643 5469 2773 5527 haec.
2796 5469 2838 5526 Ο
2862 5472 2966 5528 Deo
2994 5474 3255 5527 inimicam
3278 5486 3457 5529 amen-
