3930 6332
197 302 290 366 161

964 310 1238 374 ORATIO
1272 312 1422 375 XIV.
1457 335 1525 347 -
1562 311 1643 372 ΙΝ
1681 312 1744 373 Β.
1783 312 2040 375 MARl/E
2075 317 2673 386 ASSUMPTIONEM.

3260 330 3358 394 162

185 413 266 483 τῷ
290 411 504 483 πλούτῳ
527 414 629 487 τῆς
656 417 859 481 οίκείας
882 416 1131 488 θεότητος
1162 419 1517 489 διαπρέποντα
1562 435 1683 488 μεγε

1786 419 1996 490 [gloria
2045 429 2476 495 magniﬁcatum,
2527 446 2788 502 suamque
2838 437 3244 506 amplitudinem
3293 455 3356 496 ac

111 507 114 509 ’
180 505 348 560 λύνει.
397 506 581 562 Ταῦτα
615 509 716 580 μὲν
741 511 771 563 δ
811 509 922 564 ἄνω
951 511 1152 579 κόσμος
1195 509 1307 579 ἔχει
1339 510 1717 580 πραγματευό·

182 612 342 663 μενα.

1821 514 2151 582 maiestatem
2197 518 2524 590 intelligens,
2567 523 2711 592 quod
2758 526 2891 577 tanti
2923 525 3042 581 Filii
3093 533 3360 587 exstiterit

1820 613 2008 666 mater,
2061 605 2270 658 beatam
2316 623 2376 664 se
2423 611 2492 663 ab
2532 614 3033 671 immaculatissimo
3078 623 3355 688 gratulans

179 697 360 755 partu,
386 690 699 761 impensiori
734 693 927 762 gaudio
959 691 1160 746 fruitur
1201 709 1214 746 :
1252 693 1564 763 prolemque
1597 694 1805 749 inﬁnita
1845 698 2123 765 majestate
2148 702 2374 766 clarum,
2431 719 2590 772 quam
2639 707 2788 774 prius
2835 723 2999 763 carne
3063 726 3349 780 pauperem

173 777 424 833 eti‘ectam
459 783 762 852 suspiciens
789 784 1211 852 magniﬁcabat;
1255 785 1308 839 in
1357 800 1470 841 suae
1518 789 1730 843 deitatis
1754 792 2028 859 opulentia
2051 797 2499 862 spectatissimam
2553 800 2859 869 magnilicat
2899 815 2963 855 ac
3011 777 3352 871 deprzedicat.

175 871 349 938 Atque
375 871 488 926 hac
515 873 730 942 quidem
760 873 1010 941 superior
1039 873 1129 928 ille
1167 876 1402 933 mundus
1429 878 1615 955 agitat.

237 961 378 1031 Φέρε
423 962 488 1030 δὴ
529 964 686 1030 ἡμεῖς
733 965 762 1015 ὁ
801 965 949 1018 κάτω
1012 965 1231 1036 κόσμος,
1253 959 1328 1020 ὧν
1367 969 1623 1039 ἀπάρασα
1648 969 1708 1021 ού

170 1052 450 1125 συναπῆρε
501 1051 597 1119 τὴν
645 1053 977 1122 εὐεργεσίαν,
1029 1056 1123 1124 ἀφ’
1172 1057 1338 1126 ὕψους
1363 1059 1420 1112 δὲ
1462 1063 1710 1128 περιέπει

168 1140 268 1207 τῆς
305 1141 632 1207 προστασίας
679 1144 742 1211 τῇ
788 1144 1038 1213 πτέρυγι,
1086 1145 1155 1199 τὰ
1192 1149 1320 1218 ἡμῖν
1358 1148 1708 1204 inﬁdum:

168 1227 528 1298 συντελῶμεν,
554 1232 648 1284 καὶ
673 1233 770 1301 τὴν
805 1235 1091 1302 μετάθεσιν
1116 1238 1211 1308 τῆς
1235 1239 1508 1310 Παρθένου
1537 1241 1706 1311 τιμῶ-

167 1336 297 1388 μενο
334 1321 429 1372 καὶ
460 1321 594 1392 πρὸς
612 1322 681 1375 τὰ
708 1324 1046 1396 ὑπερκόσμια
1074 1329 1354 1398 χωρούσης
1379 1332 1546 1399 αὐτῆς
1576 1348 1704 1401 προ-

164 1413 553 1483 πομπεύωμεν,
598 1416 674 1478 ὡς
701 1412 811 1469 οἷόν
841 1419 989 1473 ἐστιν
1033 1421 1446 1492 ύπερκοσμίως·
1482 1425 1574 1477 καὶ
1610 1415 1725 1493 τῆς

163 1503 518 1576 βαρυνούσης,
563 1509 658 1562 καὶ
698 1510 1064 1582 κατασπώσης
1101 1512 1250 1582 ὕλης,
1297 1514 1382 1584 ἐφ’
1411 1515 1534 1569 ὅσον
1565 1518 1708 1586 αίρει

163 1596 222 1647 τὸ
250 1597 490 1668 πνεῦμα,
528 1599 956 1672 μετατιθέμενοι,
990 1604 1083 1657 καὶ
1111 1607 1221 1667 τοῖς
1246 1605 1429 1670 ἀΰλοις
1455 1623 1706 1660 συνεπαι-

162 1683 568 1753 ρόμενοι.Τίσιν
592 1684 683 1740 οὖν
711 1695 1012 1760 πομπικαῖς
1036 1693 1330 1762 εὐφημίαις
1351 1697 1704 1768 χρησώμεθας

1879 971 1987 1042 Age
2025 982 2079 1028 et
2114 988 2213 1030 nos
2243 974 2470 1029 mundus
2499 968 2744 1037 inferior,
2775 993 2804 1030 a
2853 979 3075 1047 quibus,
3108 988 3348 1050 quamvis

1811 1059 2139 1126 discesserit,
2193 1062 2337 1116 haud
2389 1074 2566 1117 tamen
2616 1065 3019 1122 beneﬁcentiam
3071 1071 3296 1127 abstulit
3337 1092 3351 1135 ;

1809 1149 1940 1216 quin
1967 1151 2034 1204 ab
2060 1152 2189 1218 alto,
2228 1156 2310 1206 sui
2347 1153 2624 1221 patrocinii
2655 1155 2753 1208 alis
2799 1156 2970 1219 fovet;
3004 1163 3143 1228 quod
3176 1165 3351 1216 nostri

1810 1241 2051 1294 muneris
2075 1251 2180 1304 est,
2215 1251 2550 1310 praestemus,
2576 1258 2640 1296 ac
2674 1241 2912 1313 Virginis
2949 1248 3351 1306 translationem

1813 1325 2014 1382 honore
2044 1343 2433 1398 prosequamur
2461 1347 2474 1383 :
2509 1331 2877 1401 cmlorumque
2923 1337 3170 1391 sublimia
3202 1349 3351 1392 trun-

1809 1419 2176 1482 scendcutem,
2211 1437 2309 1488 pro
2342 1422 2486 1476 virili
2527 1433 2714 1478 nostra
2743 1462 2760 1488 ,
2801 1437 3113 1496 quantoque
3159 1445 3351 1486 ornatu

1806 1513 2114 1577 possumus,
2139 1511 2493 1580 deducamus,
2547 1525 2706 1584 atque
2727 1531 2755 1569 a
2776 1519 2924 1587 gravi
2951 1533 3013 1572 ac
3034 1521 3351 1580 dctrabcnte

1804 1600 2048 1663 materia,
2089 1611 2347 1668 quantum
2394 1605 2594 1658 attollit
2642 1608 2888 1675 spiritus,
2920 1613 3190 1676 translati,
3227 1631 3350 1668 cum

1805 1687 2085 1756 Spiritibus
2113 1691 2385 1744 caelitibus
2418 1695 2471 1746 in
2503 1695 2671 1747 altum
2722 1698 3104 1755 subvehamur.
3133 1702 3352 1768 Quibus

161 1775 266 1829 Καὶ
294 1778 410 1841 πῶς
447 1782 584 1832 κατὰ
606 1757 804 1850 τρόπον
834 1757 1321 1852 προσενεχθήτσεται
1435 1757 1598 1856 τιμὴς
1636 1791 1679 1839 Ἰ

1804 1788 1980 1833 autem
2015 1781 2493 1837 acclamationibus
2559 1785 2883 1854 triumphum
2929 1806 3349 1861 prosequemur,

159 1864 414 1935 καλῶμεν
439 1868 502 1918 ἐκ
543 1869 648 1919 τῶν
677 1869 911 1937 ύψίστων
961 1872 1277 1940 ‹ορυφαίους
1297 1911 1312 1936 ,
1342 1875 1436 1926 καὶ
1473 1876 1704 1944 μάλιστα

157 1956 244 2010 τὸν
268 1960 372 2027 τῆς
415 1961 725 2030 τιμωμένης
760 1961 981 2029 βασιλέα
1031 1967 1380 2034 προπάτορα·
1421 1969 1514 2022 καὶ
1573 1970 1701 2038 παρ’

155 2048 332 2103 αὐτῶν
356 2049 676 2120 πυθόμενοι,
708 2045 788 2112 οἷς
820 2045 961 2106 οὗτοι
997 2056 1380 2126 καταρτίζουσι
1422 2058 1520 2128 τὴν
1561 2060 1700 2129 ίερο-

155 2137 364 2205 λογίαν,
393 2140 532 2194 κατὰ
558 2139 758 2213 τρόπον
782 2142 1003 2197 ἐκείνων
1031 2145 1312 2216 ἀποδῶμεν
1340 2146 1428 2200 τδν
1452 2147 1698 2215 ἔπαινονς

155 2226 322 2301 οἶμαι
345 2231 409 2302 δὴ
434 2233 651 2299 αὐτοὺς,
675 2230 756 2297 οἷς
785 2233 1020 2305 πρόσθεν
1047 2236 1340 2307 ἁνύμνουν,
1364 2236 1573 2303 τούτοις
1609 2239 1701 2293 καὶ

151 2319 240 2371 ἐπὶ
285 2319 382 2373 τοῦ
433 2323 697 2393 παρόντος
749 2324 1052 2396 ὑμνοῦντας
1080 2327 1372 2396 προσάγειν
1400 2327 1498 2396 τὴν
1529 2327 1696 2398 εὐφη-

154 2409 281 2478 μίαν
302 2426 319 2441 ο
343 2409 466 2466 ἐπεὶ
502 2414 620 2484 μηδ’
653 2409 721 2486 ἦν
751 2417 814 2468 ἐκ
836 2403 943 2468 τῶν
979 2416 1259 2486 ἡμετέρων
1284 2418 1352 2470 τὰ
1387 2417 1506 2471 τότε
1533 2417 1722 2491 ἠχούη.

155 2520 313 2572 μενα,
343 2502 445 2557 κᾶν
473 2505 532 2558 ἐν
573 2509 686 2570 τοῖς
724 2506 1010 2576 ἡμετέροις
1059 2507 1347 2577 ἐκρούετο·
1382 2509 1497 2562 ἀλλ’
1532 2511 1693 2577 οὐρα-

150 2594 302 2649 νόθεν
349 2589 588 2666 ύπήχουν
617 2598 664 2649 οἱ
714 2598 948 2669 ᾅδοντες.
999 2597 1158 2660 Είκὺς
1192 2592 1285 2650 οὖν
1320 2598 1412 2649 καὶ
1457 2598 1693 2666 σήμερον

149 2687 342 2748 αὐτοὺς
372 2688 604 2751 ἐκείναις
630 2691 744 2752 ταῖς
765 2687 1158 2758 προλαϐούσαις
1183 2687 1464 2756 φθογγαίς,
1497 2686 1590 2739 ἅτε
1625 2688 1690 2758 δὴ

149 2777 420 2848 οὐρανίαις
469 2781 564 2850 τὴν
611 2780 928 2851 Θεομήτορα
953 2782 1116 2850 τιμᾷν
1148 2779 1594 2850 παραγενομένην
1631 2781 1690 2833 ἐν

148 2868 409 2936 οὐρανοῖς,
455 2869 520 2929 ἃς
555 2872 646 2924 καὶ
685 2874 814 2941 ἡμῖν
851 2870 1247 2941 παραληπτέον.
1306 2870 1518 2933 Ἔξεστι
1551 2871 1681 2940 γὰρ,

148 2961 235 3010 καὶ
273 2959 451 3021 οὐδεὶς
491 2961 731 3024 κίνδυνος
780 2963 858 3024 είς
899 2963 997 3030 τὴν
1050 2961 1220 3030 αὐτὴν
1259 2960 1442 3031 χρείαν
1487 2961 1685 3025 ταύτας

1804 1885 1976 1939 quave
2021 1871 2230 1926 ratione
2264 1874 2520 1928 honorem
2555 1877 2788 1931 debitum
2817 1879 3143 1936 oll‘eremus?
3167 1885 3249 1938 An
3279 1901 3345 1940 ex

1802 1962 2063 2016 altissima
2079 1963 2337 2019 etelorutn
2362 1966 2578 2034 regione
2602 1968 2918 2037 corypbazos
2941 1971 3341 2037 advocabimus,

1798 2066 1861 2106 ac
1893 2053 2127 2108 maxime
2153 2055 2319 2117 illius,
2347 2071 2464 2124 quae
2503 2056 2554 2109 in
2583 2055 2758 2113 laudis
2797 2071 3173 2129 argumentum
3219 2079 3343 2133 pro-

1798 2141 2032 2211 ponitur,
2058 2158 2215 2197 avum
2240 2143 2433 2215 Regem
2461 2146 2484 2198 ?
2505 2155 2665 2214 atque
2689 2147 2775 2202 ubi
2805 2150 2870 2202 ab
2891 2151 2970 2202 eis
2986 2149 3338 2213 audierinms,

1798 2229 1994 2298 quibus
2023 2230 2127 2299 ipsi
2151 2230 2324 2286 modis
2356 2232 2527 2300 elogia
2548 2236 2874 2289 concinnent
2897 2247 3206 2306 aptenlque,
3229 2238 3341 2292 illo-

1797 2335 1916 2374 rum
1939 2335 2036 2377 nos
2055 2337 2200 2377 more
2217 2323 2432 2378 laudum
2453 2326 2715 2394 praeconia
2744 2327 3024 2384 reddemus
3047 2329 3071 2384 3
3093 2329 3342 2385 Arbitror

1796 2411 2042 2480 equidem
2075 2413 2244 2484 ipsos,
2289 2415 2491 2483 quibus
2537 2418 2685 2485 prius
2734 2419 3099 2482 celebrabant,
3147 2421 3340 2486 iisdem

1795 2500 2160 2554 encomiorum
2191 2504 2496 2571 generibus,
2532 2507 2824 2562 etiamnum
2863 2512 2976 2564 uti:
3012 2528 3131 2565 naut
3168 2529 3339 2582 neque

1792 2593 2054 2642 nostratia
2093 2601 2270 2654 erant,
2318 2607 2436 2660 quae
2482 2603 2612 2648 tunc
2658 2600 3022 2664 personabant
3054 2640 3069 2662 ,
3123 2605 3335 2657 tametsi

1791 2678 1931 2731 inter
1950 2687 2218 2733 nostrates
2237 2681 2627 2748 psallerentur:
2655 2685 2749 2736 sed
2773 2684 2828 2745 ii,
2855 2688 3069 2740 caelitus
3093 2688 3334 2744 instincti

1787 2782 1850 2820 ac
1898 2769 2112 2835 impulsi
2166 2769 2450 2823 canebant.
2505 2771 2608 2826 Fas
2651 2772 2830 2841 itaque
2879 2787 2981 2839 cst,
3021 2792 3083 2830 ac
3129 2779 3329 2833 rationi

1785 2870 2224 2925 consentaneum,
2271 2869 2329 2914 ut
2373 2861 2531 2916 iidem
2575 2861 2833 2917 hodierna
2886 2866 3024 2930 lucc,
3082 2867 3326 2935 pristinis

1785 2949 1890 3003 illis
1911 2950 2127 3003 laudum
2152 2951 2520 3017 concentibus,
2543 2967 2640 3006 ceu
2659 2954 2993 3020 caelestibus,
3017 2955 3108 3010 Dei
3138 2957 3327 3014 Matris

148 3047 606 3117 παραλαμϐάνειν.
675 3047 830 3100 Ἀλλὰ
877 3049 1069 3119 μικρὸν
1117 3049 1147 3102 δ
1194 3048 1348 3116 λόγος
1376 3051 1682 3120 παῤῥησιαυ

1786 3040 1840 3093 in
1869 3039 2035 3093 ctelos
2069 3037 2352 3093 adventum
2385 3040 2652 3095 honorent
2679 3057 2696 3095 :
2728 3057 2864 3111 quos
2886 3056 2938 3099 et
2972 3046 3130 3101 nobis
3162 3063 3327 3100 usur-

147 3134 335 3203 ζέσθω,
389 3137 485 3191 καὶ
519 3137 593 3208 μὴ
627 3137 782 3206 μόνον
817 3139 1007 3204 τοῦτο,
1038 3138 1136 3210 τὴν
1169 3139 1460 3210 εὐφημίαν,
1513 3140 1683 3193 καθά-

144 3237 241 3293 περ
281 3228 434 3280 οὐδὲν
472 3228 597 3282 ἄλλο
627 3228 866 3300 θαρρεῖν,
897 3228 1156 3309 ἑπόμενος
1192 3230 1508 3300 πληρούτω,
1551 3229 1685 3284 ἀλλά

149 3315 234 3366 καὶ
258 3316 396 3386 αὐτῇ
419 3317 651 3386 προσιὼν
674 3319 738 3387 τῇ
763 3319 1144 3389 εύςξημουμένῃ
1175 3319 1586 3389 προσομιλείτω.
1621 3319 1624 3321 “

1787 3130 1905 3199 pari
1939 3138 2168 3198 Oportet.
2201 3129 2349 3185 Licet
2375 3132 2540 3195 enim,
2585 3147 2686 3186 nec
2720 3134 2887 3188 ullum
2915 3142 2999 3188 cst
3031 3137 3326 3205 periculum

1790 3231 1850 3277 ut
1909 3221 2174 3289 ejusmodi
2239 3219 2563 3291 usurpemus
2626 3223 2832 3281 laudes.
2894 3225 3093 3281 Verum
3154 3229 3328 3282 oratio

1790 3311 2065 3383 paululum
2119 3312 2189 3365 sit
2237 3312 2502 3375 liberior;
2539 3327 2639 3366 nec
2681 3317 2856 3368 solum
2904 3316 3134 3371 faustam
3181 3320 3325 3371 illam

149 3409 609 3475 acclamationem,
650 3423 711 3465 ac
754 3413 800 3464 si
839 3411 1043 3465 nullum
1093 3413 1235 3467 aliud
1280 3415 1676 3482 praeconiorum
1714 3408 2018 3477 exemplum
2042 3406 2192 3474 sequi
2223 3407 2382 3469 ausit,
2403 3415 2659 3476 usurpet;
2710 3424 2892 3463 verum
2939 3407 3099 3465 etiam
3153 3413 3325 3481 ipsam

149 3498 350 3563 adiens,
377 3516 497 3570 qua:
525 3501 794 3569 prmconio
818 3501 1135 3567 celebratur,
1162 3517 1287 3556 cum
1319 3503 1410 3556 illa
1438 3504 1688 3558 cominus
1716 3505 1856 3570 agat.

211 3590 275 3643 Τί
302 3607 385 3643 σοι
412 3593 440 3643 ὁ
465 3591 535 3643 τὰ
558 3592 810 3660 μεγαλεῖα
843 3596 1071 3663 ποιήσας
1125 3597 1294 3664 μέγας
1327 3594 1471 3659 Υίδς,
1512 3597 1681 3662 ὑπερ-

149 3678 475 3748 ευλογημένη
515 3681 750 3747 σήμερον
775 3683 950 3746 arctat;
983 3681 1048 3733 Τί
1069 3683 1308 3750 γίνεται;
1357 3685 1422 3735 Τί
1452 3684 1512 3735 τὸ
1547 3684 1684 3752 ὁρώ-

151 3783 334 3834 μενον;
390 3767 463 3818 Ἢ
507 3767 609 3837 τὴν
666 3768 893 3822 κιδωτόν
935 3787 992 3823 σε
1041 3771 1132 3824 τοῦ
1188 3773 1515 3846 ἁγιάσματος
1543 3787 1556 3802 ο
1591 3773 1682 3824 τὸν

148 3857 384 3925 εὐπρεπῆ
432 3856 729 3925 νύμφῶνα·
778 3860 867 3912 τὸν
920 3860 1190 3914 θειότατον
1240 3861 1427 3930 θρόνον
1496 3861 1594 3924 είς
1622 3863 1682 3914 τὸ

148 3943 277 3996 θετον
297 3943 487 3997 ἑαυτοῦ
513 3943 806 4012 ἀνάκτορον
832 3950 1150 4016 μετατίθησι
1170 3965 1183 3978 ·
1202 3951 1300 4016 τὴν
1324 3951 1382 4011 ἐξ
1407 3947 1474 4019 ἧς
1500 3949 1677 4001 λαῦὼν

145 4029 233 4098 τὴν
269 4028 530 4101 σαρκίνην
562 4031 751 4100 στολὴν
783 4035 921 4105 μετ’
946 4034 1244 4101 ἀνθρώπων
1274 4036 1674 4098 ἐπολιτεύσατο,

145 4120 198 4171 ιν
226 4110 471 4191 ὑψίστοις
492 4120 645 4190 φέρει
676 4121 1063 4192 συνδιατρίϐειν
1104 4124 1214 4176 τῶν
1248 4124 1514 4194 σαρκίνων
1546 4128 1675 4176 ἀνα-

146 4209 418 4279 λαμϐάνων
438 4223 452 4238 ’
495 4209 588 4283 καί
610 4223 691 4262 σοι
721 4212 939 4281 πάρεισι
971 4210 1419 4282 λειτουργοῦντες,
1449 4213 1594 4265 πᾶσα
1640 4215 1674 4281 ἡ

146 4299 323 4378 tuin
353 4300 734 4371 λειτουργοῦσα
798 4303 975 4369 τάξις·
1026 4305 1268 4372 ἀγγέλων
1298 4305 1492 4374 δῆμοι·
1541 4321 1673 4374 προ-

146 4391 332 4457 φωτῶν.
356 4396 590 4462 χορεῖαι·
637 4393 686 4447 οί
729 4393 916 4464 ὡραῖοι
945 4395 1037 4448 τοῦ
1084 4396 1175 4449 σοῦ
1225 4396 1424 4467 ὡραίου
1477 4395 1667 4463 Παιδὸς

148 4480 408 4552 μαθηταί·
446 4485 515 4537 τὰ
545 4485 652 4537 τῶν
674 4485 987 4541 καλλινίκων
1009 4486 1298 4558 μαρτύρων
1327 4489 1662 4556 συστήματα·

145 4570 314 4623 ἅπασα
347 4573 612 4645 παρθένος
639 4575 804 4645 ψυχὴ,
838 4576 927 4630 καὶ
955 4577 1089 4647 πρὸς
1109 4577 1203 4648 τὴν
1233 4577 1502 4647 νυμφικὴν
1526 4577 1660 4629 ἀπό-

145 4653 315 4722 λεκτος
356 4663 600 4718 παστάδα
631 4663 723 4715 σοῦ
772 4665 863 4716 τοῦ
892 4662 989 4735 τῆς
1019 4666 1306 4735 παρθενίας
1357 4667 1660 4735 ἀγάλματος

145 4748 378 4815 προΐασιν
404 4754 462 4805 ἐν
482 4753 804 4826 εὐφροσύνῃ.
841 4755 1054 4825 Ἐπειδὴ
1086 4757 1194 4827 γὰρ
1221 4755 1386 4824 ἐχρῆν
1401 4755 1660 4826 ἀνασχοῦο

148 4851 232 4888 σαν
257 4838 452 4911 θνητῆς
478 4843 747 4914 γεωργίας
769 4843 1076 4908 ἀκολούθως
1115 4861 1174 4899 σε
1212 4848 1275 4915 τῇ
1307 4844 1505 4919 βλάστῃ
1529 4847 1660 4917 πρὸς

144 4926 203 4976 τὰ
238 4926 350 4982 θεία
399 4930 825 5000 συγκομισθῆναι
870 4939 1100 5002 ταμεῖα,
1146 4935 1482 5010 λειτουργεῖς
1516 4935 1662 5003 νόμῳ

144 5011 350 5081 θνητῶν,
389 5022 480 5073 καὶ
508 5023 746 5089 ὁμιλεῖς,
796 5015 865 5074 ὧ-
890 5023 981 5075 τοῦ
1025 5025 1174 5094 ἡλίου
1216 5025 1545 5093 φαεινότερα,
1586 5025 1662 5094 τῷ

148 5100 427 5175 σκυθρωπῷ
484 5109 756 5178 προσιόντι
797 5111 1046 5180 θανάτῳ·
1101 5113 1238 5182 πλὴν
1290 5113 1387 5180 τῆς
1423 5115 1658 5184 ἀρρήτου

145 5189 468 5260 φαῶρότητος
513 5201 548 5268 ἡ
579 5199 880 5269 παρουσία,
933 5201 1083 5253 οὐδὲν
1129 5204 1393 5272 συγχωρεῖ
1418 5205 1481 5271 τῇ
1533 5220 1658 5256 σκυ-

144 5278 422 5350 θρωπότητι
453 5287 717 5357 ἐνοχλεῖνσ
750 5291 946 5360 χειρῶν
985 5293 1081 5359 μὲν
1102 5295 1337 5356 ἐκείνων,
1373 5290 1459 5355 αἷς
1479 5297 1659 5348 πάντα

143 5368 420 5452 συνέχεῖαι,
456 5373 553 5441 τὴν
580 5379 913 5448 πανάμωμον
965 5378 1264 5449 δεχομένων
1304 5381 1514 5452 ψυχήνυ
1565 5384 1655 5435 τοῦ

146 5457 185 5509 it
214 5448 460 5528 καθᾶροῦ,
496 5463 590 5514 καὶ
637 5467 863 5522 ἀσπίλου
900 5448 1146 5537 σώματος
1174 5476 1230 5526 ἐν
1260 5448 1655 5541 καθαρωτάτοις

203 5629 283 5660 ’δι’
313 5626 442 5684 Luc.
473 5647 512 5695 t,
545 5631 629 5684 49.

442 5721 705 5780 ΡΑτιιυιη
748 5723 861 5783 Gn.
898 5725 990 5782 Cl’
1007 5726 1076 5783 ll.

1848 3590 1986 3655 Quid
2000 3603 2126 3640 vero
2144 3587 2211 3649 is,
2226 3587 2315 3651 qui
2335 3601 2522 3656 magna
2537 3591 2634 3645 tibi
2653 3606 2874 3662 magnus
2887 3590 3053 3646 Filius
3068 3593 3191 3647 fecit
3204 3597 3320 3660 “-',

1778 3694 1812 3735 ο
1840 3689 1920 3734 ter
1957 3676 2260 3737 benedicta,
2290 3677 2384 3729 tibi
2428 3678 2587 3734 hodie
2629 3680 2756 3734 facit
2785 3681 2809 3732 ?
2840 3679 3104 3745 Quidnam
3136 3697 3317 3741 rerum

1777 3771 1955 3826 evenit
1982 3769 2006 3822 ?
2034 3769 2170 3834 Quid
2193 3768 2335 3821 istud
2367 3769 2509 3834 quod
2533 3773 2804 3826 cernimus
2829 3772 2852 3824 ?
2882 3772 3023 3826 Sane
3053 3787 3233 3828 arcam
3267 3787 3320 3832 te

1777 3857 2243 3920 sanctiﬁcationis,
2277 3859 2712 3914 honestissimum
2749 3862 3061 3924 thalamum,
3088 3863 3318 3921 divinis-

1777 3949 1970 4003 sitnum
2005 3945 2255 3999 thronum
2293 3945 2346 3998 in
2386 3946 2831 4005 divinum-suum
2881 3950 3139 4007 transfert
3172 3962 3312 4008 temc

1774 4037 1964 4105 plum:
2001 4049 2139 4097 eam,
2185 4047 2252 4102 es
2295 4047 2401 4101 qua
2443 4049 2606 4090 carne
2651 4051 2862 4107 sumpta
2901 4041 3041 4094 inter
3069 4041 3314 4099 homines

1770 4130 2017 4177 versatus
2058 4129 2157 4186 est,
2208 4121 2276 4176 ad
2322 4122 2574 4177 sublimia
2628 4128 2750 4180 cmli
2792 4128 3067 4194 transfert,
3105 4144 3170 4183 ex
3207 4130 3310 4184 hoc

1773 4210 1984 4264 mortali
2049 4219 2201 4265 statu.
2243 4209 2530 4277 eductam;
2580 4213 2785 4284 tibique
2831 4217 3007 4274 omnis
3056 4218 3187 4274 ordo
3233 4219 3308 4275 illi

1773 4300 2193 4355 ministrantium
2234 4302 2488 4358 satellitio
2525 4301 3052 4376 adestnngelorum
3097 4317 3303 4373 turmae,

1773 4391 2152 4462 prophetarum
2175 4393 2346 4457 ebori,
2377 4395 2678 4462 speciosum
2706 4395 3094 4466 discipulorum
3116 4413 3304 4467 agtuen

1770 4483 2004 4552 speciosi
2041 4482 2162 4537 Filii
2203 4483 2314 4549 tui,
2357 4484 2647 4554 insignium
2699 4488 2960 4540 victorum
3007 4499 3300 4555 martyrum

1769 4582 2061 4642 exercitus,
2110 4555 2298 4630 omnes
2332 4577 2526 4629 anima:
2564 4576 2819 4643 virgines,
2851 4573 3150 4654 Sponsique
3182 4577 3300 4630 tha-

1769 4667 1912 4721 lamo
1928 4666 2197 4721 destinata
2224 4666 2440 4727 cohors,
2472 4665 2588 4726 tibi,
2614 4679 2731 4730 quae
2754 4663 3074 4732 virginitatis
3098 4667 3296 4737 imago,

1767 4758 2054 4822 vivumque
2110 4753 2455 4810 simulacrum
2515 4753 2782 4817 exsistas,
2831 4754 2886 4806 in
2941 4757 3298 4813 exsultatione

1765 4846 2026 4913 obsequio
2051 4840 2220 4913 pra-lt.
2239 4843 2500 4906 Quoniam
2521 4842 2661 4895 enim
2682 4848 2735 4896 te
2759 4846 3101 4902 mortalitatis
3123 4863 3297 4902 messe

1768 4933 2057 4997 succisam,
2080 4934 2470 5000 consequenter
2497 4945 2601 4984 una
2624 4946 2744 4983 cum
2766 4936 3002 5000 germine
3028 4936 3081 4988 in
3107 4937 3288 4995 divina

1767 5027 1955 5076 horrea
1994 5023 2121 5080 l'erri
2149 5023 2449 5090 oportebat,
2481 5020 2784 5074 mortalium
2828 5022 2928 5091 legi
2958 5024 3290 5092 obsequeris,

1765 5126 1826 5164 ac
1879 5125 2000 5163 cum
2057 5109 2195 5163 tristi
2242 5123 2304 5163 ac
2342 5119 2458 5162 atra
2505 5118 2695 5172 morte,
2748 5118 2805 5164 tu
2851 5113 2962 5166 sole
3010 5115 3288 5178 illustrior,

1763 5200 2123 5268 congrederis,
2183 5215 2486 5266 quanquam
2527 5201 2808 5254 inctl'abilis
2853 5203 3113 5258 claritatis
3156 5219 3293 5272 pra:-

1763 5291 1957 5353 sentia,
1999 5290 2131 5343 nihil
2158 5295 2344 5342 mortts
2372 5290 2512 5343 illam
2548 5292 2982 5358 scvcritudinem,
3012 5292 3288 5345 molestam

1761 5394 1880 5434 esse
1909 5379 2077 5432 sinit:
2107 5393 2229 5431 cum
2261 5377 2364 5430 illa:
2401 5381 2615 5446 quidem
2648 5394 2858 5446 manus,
2885 5381 3081 5451 quibus
3107 5381 3288 5434 omnia

1761 5471 2130 5533 continentur,
2146 5469 2667 5525 intemeratissimam
2687 5472 3018 5538 susciperent
3034 5470 3289 5539 animam;

2771 5731 2802 5786 θ
