3968 6322
525 285 622 349 157
1716 279 1987 343 LEONIS
2018 246 2470 340 pntLosepm
2844 316 2847 319 -
3603 280 3707 342 168

515 408 710 450 curare
740 408 1014 465 nunquam
1045 394 1269 453 desinit.
1306 394 1584 451 Hactenus
1610 394 1665 451 in
1702 397 1871 454 terris
1900 410 2054 450 com-

2166 408 2251 463 χος
2283 391 2542 464 οὐρανόςι
2593 389 2796 461 ὁμοίως
2827 388 3067 453 ἅπαντας
3094 392 3449 461 περιέπουσα,
3478 392 3574 449 καὶ
3605 394 3711 463 τῆς

515 492 779 552 moratur,
811 494 997 543 nostra
1059 478 1509 559 circumlustrans
1538 511 1552 546 :
1586 491 1719 561 quin
1746 491 1921 559 magis
1949 490 2063 558 jam

2167 481 2481 551 εὐεργεσίας
2536 479 2705 535 ὕουσα
2752 478 2852 546 τὰς
2908 479 3142 551 ῥανίδας,
3199 480 3295 535 καὶ
3345 480 3545 537 λύουσα
3603 483 3713 552 τὴν

532 575 731 645 ubique
759 575 910 632 adest
931 578 1226 633 animatum
1257 580 1477 648 cmlum,
1496 586 1800 651 ‘omnesque
1819 580 2064 635 similiter

2166 572 2451 642 αὕχμηράν
2503 571 2604 642 τῆς
2634 572 2907 641 ἡμετέρας
2950 569 3093 641 ζωῆς
3147 570 3497 637 κατάστασιν,
3543 573 3611 643 ἢν
3670 575 3710 642 ἡ

517 666 730 729 fovens,
757 668 1129 723 beneficentia:
1161 670 1338 733 stillas
1398 671 1566 739 pluit;
1601 680 1951 740 arentemque
1983 671 2063 724 vi-

2167 664 2444 733 φλογώδης
2460 662 2701 733 ἁμαρτία
2727 662 3024 730 συνίστησι.
3049 659 3161 715 Νῦν
3176 661 3274 724 ἐπὶ
3287 663 3491 745 πάντας
3510 664 3713 735 διήκει,

516 762 624 808 tam
651 765 915 818 nostram,
944 772 972 810 a
1007 759 1213 827 peccati
1279 761 1640 815 aestuantibus
1671 759 1929 824 flammis,
1991 760 2064 811 ir-

2170 757 2518 826 ἑτοιμοτὲρας
2545 755 2710 825 οὔσης
2731 756 2829 824 τῆς
2861 755 3100 825 πορείας,
3132 754 3225 808 καὶ
3257 756 3551 825 συμπαθῶς
3587 760 3716 811 ἐπι-

515 841 722 921 riguam
774 844 920 898 facit.
955 846 1110 901 Nunc
1167 862 1359 902 omnes
1388 848 1540 915 adit;
1574 847 1776 921 quippe
1817 848 1903 900 via
1932 847 2066 900 faci-

515 919 657 995 liori,
687 941 1036 1002 maternoque
1057 930 1250 988 ati‘ectu
1273 921 1533 1003 cognatos
1601 919 1865 998 invisens,
1923 949 2063 1003 prte-

514 1028 600 1073 sto
628 1030 709 1076 est
738 1024 1149 1097 promptissime
1185 1032 1243 1077 ut
1273 1023 1615 1078 incommoda
1662 1025 1928 1095 depellat;
1968 1041 2064 1095 pro

517 1126 897 1166 universorum
946 1121 1098 1165 stans
1137 1114 1337 1177 salute,
1364 1130 1462 1182 pro
1489 1115 1742 1169 omnibus
1810 1116 2062 1170 immacu-

518 1198 810 1253 latissimas
856 1200 1151 1253 extendens
1177 1215 1393 1265 manus,
1435 1201 1632 1270 quibus
1686 1202 2061 1258 universorum

519 1288 669 1353 salus
701 1297 854 1343 vecta
886 1296 990 1344 est.

570 1374 798 1432 Idcirco
851 1393 914 1434 os
954 1394 1117 1435 omne
1174 1381 1394 1451 plenum
1420 1389 1524 1435 ‘est
1573 1380 1773 1446 laudis,
1802 1397 1909 1451 qua
1942 1384 2060 1453 ejus

2167 844 2504 915 σκεπτομένη
2544 846 2669 907 τοὺς
2726 846 3024 911 συγγενεῖς,
3074 843 3209 915 πρὸς
3251 842 3350 913 τὴν
3392 842 3716 915 ἀπαλλαγὴν

2164 934 2273 987 τῶν
2310 934 2574 1005 ὀχληρῶν,
2609 935 2927 1005 ἐτοιμοτάτη
2959 932 3178 1005 βοήθεια
3217 933 3448 1002 γίνεται.
3490 933 3715 989 πάντων

2164 1025 2303 1094 ὑπὲρ
2333 1026 2601 1097 σωτηρίας
2632 1026 2841 1080 ἑστῶσα
2860 1042 2876 1057 ο
2910 1026 3123 1079 πάντων
3157 1024 3538 1095 ὑπραπλοῦσα
3572 1042 3716 1079 παν-

2163 1114 2460 1184 αχράντους
2522 1114 2799 1184 παλάμας,
2853 1108 2940 1178 αἷς
2985 1117 3017 1168 ἡ
3050 1116 3157 1170 τῶν
3200 1115 3337 1171 ὅλων
3386 1117 3717 1188 ἐπωχήσατο

2165 1205 2424 1273 σωτηρία.

2231 1380 2329 1438 Διά
2374 1384 2535 1439 τοῦτο
2579 1349 2787 1457 πλῆρες
2828 1386 2970 1440 ἀπα⁴ν
2999 1384 3169 1455 στόμα
3194 1386 3294 1455 τῆς
3318 1389 3572 1452 αἰνέσεως
3598 1389 3716 1443 τῶν

518 1468 862 1523 celebrentur
913 1472 1199 1539 magnalia,
1262 1480 1424 1538 atque
1482 1487 1512 1525 a
1556 1473 1769 1528 cunctis
1811 1475 2060 1531 mtatibus

2166 1474 2325 1545 αὐτῆς
2348 1474 2671 1544 μεγαλείων,
2688 1477 2783 1529 καὶ
2808 1475 3120 1545 ὑποδέχεται
3141 1477 3288 1546 παρὰ
3308 1478 3493 1531 πασῶν
3506 1480 3713 1547 γενεῶν

518 1560 674 1613 beata
703 1561 1023 1629 praedicatur
1072 1562 1115 1592 "
1143 1579 1157 1615 :
1189 1577 1350 1631 quam
1398 1570 1561 1617 etiam
1620 1560 2054 1633 praedicationem

2158 1562 2247 1617 τὸν
2297 1566 2641 1636 μακαρισμόν
2665 1582 2681 1598 ο
2729 1565 2789 1619 ὃν
2831 1566 2927 1618 καὶ
2962 1565 3090 1634 πρὶν
3138 1564 3382 1635 θεωμένη
3427 1565 3714 1637 πόρρωθεν

516 1650 625 1717 jam
648 1650 774 1705 olim
798 1650 1029 1721 proferri
1051 1654 1267 1709 eminus
1292 1653 1534 1714 intuens.
1568 1652 1951 1725 magnificabat
2000 1656 2055 1711 in

2166 1654 2586 1726 προφερόμενον,
2627 1654 2957 1725 ἐμεγάλυνεν
2984 1657 3041 1708 ἐν
3082 1652 3398 1723 ἀγαλλιάσει
3427 1654 3536 1709 τῶν
3570 1656 3711 1708 θαυ-

517 1741 881 1796 exsultatione
941 1757 1118 1797 rerum
1180 1742 1314 1799 adeo
1363 1744 1692 1799 mirabilium
1727 1742 2057 1801 effectorem.

2167 1742 2388 1810 μαστῶν
2412 1743 2717 1814 μεγαλείων
2742 1742 2834 1796 τὸν
2860 1743 3110 1813 ποιητήν.
3149 1742 3309 1796 ’Δλλά
3341 1742 3714 1813 παρέστηκεν,

516 1832 642 1897 Sed,
670 1847 703 1887 ο
752 1832 1092 1901 beatissima,
1121 1834 1299 1906 reipsa
1342 1836 1575 1891 exhibita
1613 1845 1740 1904 sunt
1785 1838 2063 1895 verissima

2166 1826 2210 1887 ὦ
2252 1832 2518 1904 μακαρία,
2565 1832 2656 1885 ἐπὶ
2679 1831 2785 1885 τῶν
2825 1832 3183 1903 πραγμάτων,
3220 1830 3289 1886 τά
3320 1831 3389 1885 σά
3422 1833 3710 1905 παναληθῆ

515 1935 607 1977 tua
658 1924 748 1979 illa
787 1925 1032 1979 oracula.
1074 1924 1215 1981 Ecce
1257 1928 1401 1984 enim
1430 1942 1624 1983 omnes
1646 1930 1892 1985 nationes
1929 1946 2064 1999 pra:-

515 2016 669 2069 conia
703 2024 794 2070 tua
816 2016 1174 2082 celebrantes,
1216 2016 1423 2071 beatam
1466 2026 1520 2073 te
1546 2020 1871 2086 acclamant,
1916 2022 2062 2076 omni

516 2106 731 2174 quidem
785 2106 837 2159 id
893 2114 1169 2175 tempore;
1222 2108 1563 2174 potissimum
1617 2119 1801 2164 autem
1844 2112 1897 2165 in
1932 2127 2064 2181 pra:-

517 2196 680 2257 senti,
713 2208 822 2263 quo
848 2196 913 2247 ad
969 2193 1165 2248 Filium
1197 2196 1460 2249 translata
1484 2211 1546 2248 ac
1600 2199 1940 2267 inseparabili
1990 2200 2065 2253 illi

520 2285 799 2339 consortio
827 2282 1135 2347 adhaerens,
1192 2297 1301 2337 non
1356 2298 1545 2340 cessas
1596 2286 1650 2339 in
1679 2294 1824 2340 terra
1875 2289 2066 2356 positis

516 2389 674 2441 opem
709 2372 871 2429 ferre.
924 2372 1143 2449 Beatam
1186 2382 1239 2428 te
1283 2373 1471 2429 dicunt
1513 2389 1700 2431 omnes
1726 2376 1858 2433 fines
1889 2388 2062 2445 terrae,

521 2462 664 2534 quod
699 2477 786 2518 res
838 2461 1135 2518 ineffabiles
1182 2469 1273 2517 tuo
1323 2461 1624 2518 ministerio
1668 2463 1777 2517 sint
1806 2474 2063 2533 peractas;

537 2569 641 2623 qua
673 2553 927 2608 nimirum
957 2552 1216 2608 Altissimi
1246 2553 1547 2618 brachium,
1578 2568 1673 2622 per
1700 2562 1751 2608 te
1790 2569 1940 2609 suam
1973 2571 2067 2624 po-

523 2645 753 2698 tentiam
791 2651 971 2697 netam
1001 2630 1148 2705 fecit,
1180 2656 1304 2695 cum
1338 2641 1678 2712 illudOaltiori
1710 2658 1872 2711 supra
1902 2646 2067 2699 ratio-

527 2750 647 2789 nem
680 2735 841 2789 modo
874 2748 938 2787 ex
982 2740 1035 2785 te
1061 2746 1278 2786 carnem
1318 2746 1561 2797 sumens,
1593 2746 1689 2785 sua
1743 2731 2064 2796 humilitate,

528 2836 641 2878 tum
670 2823 940 2879 excelsum
986 2822 1137 2874 illum
1169 2822 1223 2875 in
1254 2822 1507 2891 superbia
1568 2820 1786 2888 deiecit,
1820 2829 1932 2874 tum
1965 2822 2067 2874 ltu-

523 2916 681 2970 miles
707 2915 986 2969 exaltavit.
1021 2912 1243 2965 Beatam
1271 2919 1325 2964 te
1345 2910 1553 2977 dicunt,
1586 2912 1675 2978 qui
1716 2910 1888 2965 donec
1911 2924 2068 2964 exor-

2166 1926 2406 1994 ῥήματα.
2457 1923 2565 1977 Ἴδε
2611 1922 2721 1994 γὰρ
2770 1923 2920 1977 πᾶσα
2963 1921 3138 1993 φυλὴ,
3186 1922 3285 1985 τὰς
3334 1922 3433 1985 σὰς
3473 1923 3713 1987 αίνέσεις

2166 2013 2487 2084 ποιουμένη,
2523 2013 2613 2068 τὸν
2642 2014 2987 2084 μακαρισμόν
3029 2030 3111 2066 σοι
3150 2013 3441 2084 προσάγιιο
3472 2014 3711 2086 μάλιστα.

2166 2108 2266 2177 μὲν
2303 2108 2363 2160 ὲν
2376 2102 2553 2159 *παντὶ
2580 2104 2757 2178 καιρῷ
2775 2121 2790 2136 ο
2816 2105 3177 2174 διαφερόντως
3196 2105 3241 2158 δ’
3265 2107 3324 2160 ἐν
3342 2105 3418 2177 τῷ
3442 2108 3668 2179 παρόντι
3684 2124 3704 2138 °

2166 2186 2299 2259 ἐνοῷ
2336 2194 2471 2264 πρὸς
2500 2192 2593 2245 τὸν
2620 2192 2749 2246 Υίὸν
2776 2191 3246 2263 μετεσκηνωμένη,
3270 2193 3364 2248 καὶ
3389 2194 3710 2250 ἀδιάστατον

2165 2283 2403 2351 λαχοῦσα
2444 2282 2541 2351 τὴν
2570 2281 2707 2352 πρὸς
2737 2280 2901 2335 αὐτὸν
2946 2280 3184 2352 ὁμιλίαν,
3226 2283 3287 2335 ού
3319 2282 3501 2352 λήγεις
3528 2286 3584 2338 ἐν
3628 2287 3705 2355 τῇ

2164 2370 2587 2442 διαπεραίνουσα
2625 2371 2723 2434 τάς
2770 2370 3099 2441 ἀντιλήψεις.
3145 2368 3517 2441 Μακαρίζουσι
3546 2372 3610 2442 δή
3641 2390 3707 2427 σε

2165 2461 2235 2514 τά
2282 2461 2521 2531 πέρατα,
2576 2460 2663 2515 διὰ
2708 2459 2802 2513 σοῦ
2852 2458 3191 2529 πραγμάτων
3238 2461 3556 2530 ἀπορρήτων
3609 2478 3712 2514 πε-

2165 2552 2493 2621 πραγμένων
2516 2552 2568 2604 ἐν
2586 2549 2685 2620 τῷ,
2704 2549 2792 2604 διὰ
2814 2549 2908 2603 σοῦ
2929 2549 3018 2603 τὸν
3034 2548 3127 2605 τοῦ
3155 2549 3403 2619 Ὑψίστου
3428 2548 3710 2620 βραχίονα,

2164 2642 2227 2694 τὸ
2263 2642 2460 2695 οίκείον
2495 2642 2758 2712 γνωρίσαι
2802 2639 3005 2711 κράτος
3027 2654 3041 2669 ·
3089 2639 3159 2692 ἐκ
3198 2638 3304 2697 ,σοῦ
3339 2640 3512 2710 ’ύπὶρ
3552 2639 3712 2709 λόγον

2166 2734 2607 2803 σωματωθέντος,
2645 2733 2737 2786 καὶ
2779 2735 2844 2802 τῇ
2873 2730 3062 2785 ἐαυτοῦ
3100 2731 3441 2805 ταπεινώσει,
3479 2730 3572 2785 τὸν
3608 2731 3714 2801 μὲν

2167 2824 2370 2894 ὑψηλὸν
2412 2828 2471 2878 ὲν
2521 2823 2898 2895 ὑπερηφιανεία
2946 2818 3443 2891 καταϐεϐληκότοςο
3486 2821 3609 2885 τοὺς
3650 2820 3712 2876 δὲ

2167 2915 2454 2978 ταπεινοὺς
2503 2913 2902 2983 ἀνυψὼσαντος.
2948 2914 3320 2984 Μεγαλύνουσί
3364 2929 3442 2976 σε,
3468 2913 3521 2965 οἱ
3547 2914 3713 2983 μέχρι

521 3015 577 3059 ta
613 3014 782 3069 esset,
809 3015 903 3059 tua
927 3004 1019 3058 illa
1057 3001 1178 3056 sine
1204 3000 1411 3055 semine
1448 3002 1597 3068 spica
1619 3000 1965 3063 esurientes;
2001 3014 2063 3053 ea

2166 3003 2257 3056 τοῦ
2297 3004 2391 3056 σοῦ
2444 3004 2681 3071 ἀσπόρου
2715 3004 3067 3074 πεινήσαντες
3100 3004 3357 3075 στάχυος·
3398 3001 3605 3057 ἐκείνου
3649 3002 3712 3055 δὲ

524 3104 733 3159 exorta,
761 3094 906 3149 omni
942 3090 1157 3147 abunde
1185 3090 1450 3145 bonorum
1474 3089 1629 3158 copia
1660 3088 1888 3142 recreati
1919 3096 2061 3142 sunt.

524 3186 764 3243 Habebat
797 3184 1016 3256 quidem
1049 3183 1309 3252 antiquus
1336 3180 1521 3247 Israel,
1554 3194 1740 3235 arcam
1775 3180 1855 3233 tui
1876 3178 2068 3249 imagi-

525 3292 645 3331 nem
673 3274 1013 3345 adjutricem,
1055 3275 1101 3328 si
1123 3272 1340 3344 quando
1385 3273 1547 3327 rebus
1577 3270 1822 3326 adversis
1848 3285 2069 3337 urgere-

525 3376 615 3419 tur
672 3375 727 3421 et
771 3374 831 3419 ut
874 3363 1199 3451 quandoque
1272 3364 1509 3432 inopiam
1560 3364 1760 3417 levaret
1818 3380 1832 3415 :
1883 3376 2067 3416 verum

528 3461 707 3516 erant,
763 3467 883 3522 qua:
949 3456 1293 3522 gerebantur,
1354 3454 1532 3521 reipsa
1592 3453 1844 3523 imaginis
1912 3463 2071 3521 atque

532 3536 736 3605 ﬁgura,
788 3537 856 3591 iis
881 3538 1035 3604 longe
1063 3537 1343 3600 inferiora,
1382 3554 1502 3606 quae
1535 3551 1702 3604 perte
1723 3547 2068 3608 praestantur.

532 3625 799 3691 Quocirca
848 3639 1020 3693 neque
1073 3639 1285 3694 semper
1306 3640 1460 3692 opem
1490 3628 1558 3679 ab
1593 3643 1653 3681 ea
1692 3628 2068 3696 impetrabant,

532 3714 790 3779 sedtum,
826 3726 948 3766 cum
974 3712 1062 3781 piu
1113 3725 1267 3768 erant
1294 3714 1347 3765 in
1391 3714 1553 3768 Deum
1591 3717 1792 3779 animo,
1826 3732 1998 3785 neque
2040 3731 2070 3770 a

2090 3048 2134 3107 (Ξ

2170 3095 2235 3163 fil
2279 3096 2409 3163 evil.
2439 3095 2684 3161 ἀφθόνως
2710 3097 2820 3157 τοῖς
2852 3096 3074 3162 ἀγαθοῖς
3113 3096 3565 3164 ἐντρυφήσαντες.
3598 3088 3715 3147 Ἦν

2170 3183 2268 3251 μὲν
2295 3182 2387 3235 οὖν
2428 3182 2641 3251 Ἰσραὴλ
2664 3183 2742 3251 τῷ
2779 3183 2991 3251 γηραιῷ
3033 3186 3130 3253 τῆς
3178 3184 3279 3251 σῆς
3325 3183 3481 3251 δόξης
3524 3182 3711 3249 είκῶν,

2167 3272 2396 3334 κιϐωτὸς
2438 3272 2724 3339 ἐπίκουρος
2767 3269 3207 3340 ἐλαττουμένοις,
3252 3272 3345 3324 καὶ
3364 3272 3452 3340 ίτὸ
3486 3272 3713 3325 ἐκείνων

2174 3360 2343 3413 ἐνίοτε
2403 3358 2580 3421 ἐνδεὲς
2631 3358 3045 3428 ἁναπληροῦσα·
3091 3358 3206 3410 ἀλλ’
3246 3353 3315 3426 ἦν
3360 3359 3585 3421 είκόνος,
3632 3358 3712 3422 ὡς

2171 3449 2385 3520 ἀληθῶς
2408 3449 2477 3501 τὰ
2516 3448 2772 3517 γινόμενα
2791 3462 2806 3477 °
2831 3448 2925 3499 καὶ
2952 3449 3084 3500 πολὺ
3117 3448 3223 3498 τῶν
3257 3448 3345 3500 διὰ
3375 3446 3468 3500 σοῦ
3494 3450 3714 3515 γινομέ-

2170 3556 2274 3593 νων
2300 3539 2611 3608 λειπόμενα.
2640 3538 2735 3590 Διὰ
2757 3536 2913 3590 τοῦτο
2930 3537 2992 3590 ού
3018 3536 3267 3608 βοηθείας
3281 3536 3367 3590 ἀεὶ
3390 3535 3519 3606 παρ’
3542 3536 3715 3605 αὐτῆς

2175 3628 2419 3699 ἠξιοῦντο
2440 3643 2454 3660 ο
2478 3627 2593 3681 ἀλλ’
2613 3625 2783 3698 ὀρθῶς
2815 3625 2913 3696 μὲν
2937 3627 3005 3680 τά
3030 3624 3162 3697 πρὸς
3180 3625 3312 3679 Θεὸν
3333 3625 3712 3695 διακειμένοις,

2172 3719 2264 3772 καὶ
2306 3719 2379 3789 μὴ
2420 3719 2516 3785 τῆς
2536 3717 2761 3787 εὐθείας
2796 3717 2905 3771 τῶν
2929 3716 3314 3786 θεσπισμάτων
3342 3714 3526 3785 τρίϐου
3574 3717 3715 3767 ἀπο-

536 3812 683 3857 rccta
711 3801 1015 3856 divinorum
1043 3803 1236 3857 semita
1259 3803 1600 3869 abcrrabant,
1628 3802 1854 3860 salutem
1880 3822 2064 3862 conse«

2170 3810 2558 3881 πλανωμένοις,
2600 3809 2812 3878 ἀπήντα
2850 3809 3187 3887 ήλσωτηρια.
3232 3807 3396 3877 Δίκης
3420 3805 3464 3860 δ’
3509 3807 3718 3874 ἐνόχοις

534 3890 859 3961 quebantur.
900 3893 967 3948 At
1015 3894 1061 3947 si
1098 3893 1225 3963 quid
1259 3896 1678 3961 commisissent,
1734 3912 1899 3965 seque
1953 3911 2064 3951 reos

2171 3876 2776 3973 abreicvyayqupévnc,
2822 3876 3344 3972 οίςμκατωλιγὼρουν
3388 3898 3497 3954 τῶν
3544 3914 3719 3970 προσ-

536 3983 708 4053 ειιιραε
734 3983 987 4052 alicujus,
1019 3984 1321 4037 divinorum
1356 3994 2064 4063 praeceptorumtransgres

2172 3996 2492 4063 ταγμάτωνο
2561 3995 2620 4047 οὐ
2680 3994 2838 4064 μόνον
2884 3995 2947 4047 ού
2988 3992 3171 4065 παρῆν
3224 3994 3258 4060 ή
3293 3989 3578 4060 ἐπικουρία
3618 3990 3720 4043 τὸν

539 4074 691 4125 sione
712 4072 1149 4134 constituissent,
1182 4087 1291 4125 non
1309 4076 1482 4127 solum
1520 4074 1650 4127 nihil
1678 4076 1863 4128 auxilii
1887 4077 2064 4144 depel-

2175 4087 2413 4139 κίνδυνον
2444 4070 2813 4155 Ὶὲπαμύνουσα,
2856 4085 2991 4139 ἀλλά
3029 4087 3122 4139 καὶ
3174 4084 3311 4153 αὐτὴ
3354 4083 3560 4143 τούτοις
3592 4097 3721 4133 συν-

540 4159 700 4213 lende
752 4161 995 4227 periculo
1058 4162 1541 4238 suppeditabatur;
1579 4162 1672 4217 sed
1723 4172 1777 4218 ct
1805 4164 1918 4232 ipsa
1950 4180 2064 4218 arca

2175 4170 2531 4223 εκινδύνευεν.
2574 4170 2728 4223 Οὕτω
2762 4170 2892 4223 ποτέ
2937 4170 3206 4238 ἁλώσιμος
3248 4172 3354 4232 τοῖς
3403 4166 3723 4234 ἀλλοφύλοις

544 4263 649 4301 una
686 4262 809 4301 cum
839 4250 967 4318 ipsis
1018 4253 1428 4321 periclitabatur
1460 4252 1521 4306 ".
1553 4252 1733 4317 Quare
1789 4255 2064 4322 aliquandc

2178 4259 2584 4324 ἐδείκνυτο,τῶν
2605 4258 2699 4311 τοῦ
2716 4258 2843 4312 λαοῦ
2862 4259 3214 4327 πταισμάτων
3235 4257 3725 4327 ἐπικρατησάντων

545 4335 763 4399 accidit,
798 4347 857 4390 ut
917 4339 984 4391 ab
1013 4341 1331 4412 alienigenis
1377 4353 1683 4413 caperetur,
1721 4357 1843 4396 cum
1895 4344 2064 4412 populi

2176 4348 2275 4417 τῆς
2312 4348 2402 4400 ὑπ’
2430 4348 2600 4415 αὐτῆς
2626 4348 3029 4419 χορηγουμένης
3062 4346 3396 4415 ἀντιλήψεως
3415 4360 3431 4375 ’
3461 4346 3554 4400 καὶ
3582 4344 3728 4415 πρὸς

544 4426 750 4482 scelera
779 4426 1065 4494 grandiora
1096 4440 1298 4495 essent,
1338 4446 1499 4501 quam
1524 4431 1666 4501 quod
1699 4446 1762 4487 ea
1791 4438 2064 4500 praestare-

2173 4440 2272 4509 τὴν
2295 4441 2449 4508 χεῖρα
2485 4438 2594 4493 τῶν
2624 4438 2895 4507 πολεμίων
2924 4438 2984 4490 τὸ
3024 4436 3161 4491 κατά
3198 4437 3294 4491 τοῦ
3334 4436 3517 4500 ἔθνους
3553 4440 3732 4506 χωρεῖ

545 4528 633 4569 ιιιι·
694 4515 972 4575 auxilium,
1028 4526 1391 4592 trepazumque
1438 4521 1698 4579 adversus
1746 4522 1975 4593 gentem,
2025 4524 2064 4577 it

2175 4528 2432 4599 τρόπαιον
2458 4546 2474 4561 ο
2516 4526 2656 4599 αὑτὴ
2702 4528 3033 4600 δορυάλωτος
3073 4527 3301 4597 γίνεται,
3350 4528 3400 4580 εί
3452 4525 3545 4579 καὶ
3586 4525 3730 4588 Θεὸς

548 4617 740 4657 manus
767 4600 1001 4656 hostium
1033 4605 1245 4660 cederet
1283 4628 1297 4664 :
1338 4620 1500 4681 atque
1538 4613 1674 4667 adeo
1704 4613 1822 4683 ipsa
1870 4614 2064 4683 captiv:

2175 4619 2337 4670 κάκεῖ
2358 4619 2417 4669 τὸ
2443 4618 2625 4687 τίμιον
2652 4618 2789 4688 αὐτῇ
2830 4614 3129 4681 διασῶζων,
3158 4614 3314 4668 νόσου
3366 4612 3544 4683 πληγῇ
3594 4612 3730 4675 τοὺς

550 4689 852 4751 abducitur,
876 4690 987 4742 etsi
1041 4689 1150 4743 illic
1187 4709 1395 4764 quoque
1439 4700 1599 4768 Deus,
1627 4702 1744 4772 ejus
1792 4705 2064 4757 consulens

2186 4706 2729 4775 αίχμαλωτεύσαντας
2765 4707 3085 4775 τιμωρεῖται
3106 4718 3121 4734 ⁸
3150 4704 3245 4756 καὶ
3272 4705 3331 4769 ,οἱ
3365 4701 3581 4771 φαύλως
3625 4699 3729 4754 ὑπ’

554 4778 845 4849 tnajeSIati,
887 4776 1060 4831 morbi
1094 4778 1246 4848 plaga
1298 4800 1391 4838 eos
1427 4790 1518 4855 qui
1554 4793 1827 4860 cepissent
1864 4794 2064 4847 ulcisci-

2180 4797 2400 4848 ἐκείνων
2414 4795 2708 4865 τιμώμενοι
2730 4794 2861 4856 θεοὶ,
2893 4794 3079 4863 κέρδος
3105 4792 3205 4861 τῆς
3229 4791 3497 4860 τοσαύτης
3518 4791 3735 4859 λαφυρ-

552 4884 641 4927 ιυι·
671 4869 925 4952 :.diique,
958 4882 1097 4937 quos
1124 4869 1270 4923 inani
1294 4873 1369 4924 illi
1391 4877 1540 4932 cultu
1569 4883 1983 4949 venerabantur,
2032 4884 2064 4937 it

2182 4885 2418 4950 αγωγίας
2471 4884 2567 4953 τὴν
2616 4882 2764 4949 σφῶν
2782 4880 3111 4948 λαμϐάνουσι
3139 4879 3364 4943 πτῶσιν,
3386 4880 3448 4930 ού
3471 4876 3733 4945 δυνηθέν-

554 4960 691 5017 lucri
746 4974 813 5013 ex
866 4958 1032 5013 tantis
1074 4956 1181 5010 illis
1231 4958 1420 5025 spoliis
1471 4974 1812 5031 repertarum
1857 4982 1917 5024 ul.
1967 4986 2059 5023 cm-

2188 4991 2271 5033 τες
2298 4972 2389 5023 ἐπὶ
2432 4972 2528 5036 τῆς
2564 4969 2696 5032 ίδίας
2741 4969 2991 5021 ἵστασθαι
3041 4968 3281 5036 βάσεως*
3334 4965 3449 5018 ἀλλ’
3496 4968 3573 5028 είς
3613 4965 3755 5035 γῆνε

563 5058 804 5113 τυειεηι,
836 5062 945 5103 non
977 5047 1215 5102 valentes
1244 5047 1311 5100 iis
1348 5051 1644 5107 consistere
1698 5058 1917 5115 basibus
1964 5062 2064 5129 qui

2189 5060 2612 5130 συντριϐόμενοι,
2642 5057 2775 5127 ὁμοῦ
2823 5062 2888 5127 τῇ
2935 5058 3033 5126 τῆς
3080 5054 3312 5108 κιδωτοῦ
3358 5056 3488 5128 παρ’
3528 5058 3734 5123 αὐτοὺς

554 5146 655 5199 bus
722 5143 884 5195 locatt
932 5146 1090 5193 erant
1140 5154 1155 5188 :
1209 5137 1263 5191 in
1308 5144 1523 5206 terram,
1578 5142 1735 5207 allisi,
1785 5161 1846 5197 ac
1873 5151 2062 5200 comtui

2188 5148 2498 5202 εἰσελεύσει.
2552 5145 2689 5197 Ἀλλ’
2710 5146 2828 5215 οὐχὶ
2854 5146 2918 5200 τὰ
2948 5145 3015 5196 σὰ
3037 5143 3279 5206 τοιαῦτα,
3306 5144 3427 5198 οὐδὲ
3460 5145 3737 5215 τοσαύτης

558 5232 698 5298 nuti,
728 5229 893 5288 simul
926 5239 1096 5298 atque
1140 5241 1266 5282 arca
1305 5228 1370 5283 ad
1403 5229 1525 5285 illos
1555 5230 1761 5285 invecta
1796 5245 1955 5287 esset.
1986 5236 2060 5289 Vc

2189 5237 2266 5305 τῷ
2289 5236 2392 5306 νέῳ
2430 5234 2544 5305 λαῷ
2585 5235 2735 5306 παρὰ
2781 5236 2873 5288 σοῦ
2908 5233 3155 5303 μέτεστιν
3183 5233 3548 5305 ἀντιλήψεως·
3587 5233 3735 5295 ἀλλὰ

556 5339 675 5377 rum
701 5332 793 5377 tua
840 5320 985 5375 haud
1011 5318 1083 5372 ita
1122 5317 1353 5383 habent,
1384 5334 1482 5374 nec
1513 5321 1607 5374 tali
1640 5321 1841 5375 auxilio
1886 5337 2064 5375 nevun

2190 5327 2280 5376 καὶ
2316 5327 2576 5397 πρότερον
2632 5327 2908 5389 παντελῶς
2950 5318 3069 5376 οὖσι
3115 5326 3735 5399 καταπεπολεμωμόνοις

559 5409 812 5477 populum
834 5407 1001 5463 tueris
1042 5421 1106 5462 ac
1141 5407 1416 5476 protegis:
1441 5410 1569 5478 quin
1621 5409 1854 5477 etprius
1887 5410 1955 5465 iis
1989 5425 2058 5477 qu

2189 5416 2292 5470 ὑπὸ
2316 5419 2424 5474 τῶν
2468 5416 2674 5484 κακῶν,
2705 5420 2988 5489 ἐπήμυνας
3008 5433 3024 5449 ο
3054 5417 3147 5471 καὶ
3171 5417 3267 5473 νῦν
3289 5419 3410 5491 ούχὶ
3437 5418 3597 5488 μόνον
3632 5417 3734 5470 ἐπ’

630 5584 670 5613 ³¹
703 5583 832 5643 Luc.
867 5602 908 5652 ι,
940 5586 1025 5641 47.
1106 5588 1149 5617 ¹³
1178 5584 1197 5636 ι
1231 5583 1456 5656 Βεεηιν,
1494 5582 1523 5635 4
1554 5598 1665 5651 seq.
