3968 6322
572 227 668 286 ι’ῑδ

1787 219 2056 319 LEONIS
2087 230 2538 319 PHILOSOPHI

3627 231 3728 295 176

570 333 906 388 dulcedinem
940 337 1346 406 perpenderent,
1385 354 1557 411 neque
1587 341 1789 395 clausis
1834 316 2006 396 oculis
2029 341 2097 394 ad

2215 317 2390 415 ιωρείν
2421 343 2554 416 προς
2589 343 2682 397 τὸν
2721 342 2963 414 θάνατον.
2993 343 3158 398 Ταῦθ’
3189 347 3221 414 η
3281 324 3571 414 τυραννικὴ
3623 357 3726 392 κα-

573 424 846 478 interitum
875 437 1112 483 ruerent.
1141 429 1262 485 llaec
1289 441 1637 500 tyrannorum
1668 431 1893 486 subdola
1915 441 1968 486 et
1987 445 2100 483 ma-

2197 434 2527 504 κεντρέχεια.
2561 431 2776 494 Τούτοις
2807 433 2840 500 ἡ
2889 431 3250 503 παιδαριώδης
3301 432 3407 497 τῶν
3453 431 3730 497 τυράννων

573 514 751 569 litiosa
782 519 1032 571 versutia.
1073 519 1166 596 llis
1199 523 1490 588 puerilibus
1523 527 1842 576 cenituentis
1888 521 2102 592 tyranni

2215 523 2427 589 ιπίνοια,
2454 523 2555 591 τῆς
2586 514 2838 592 ἀληθινῆς
2897 523 3086 591 σοφίας
3126 523 3262 583 τοὺς,
3313 521 3542 592 ἐραστὰς
3580 521 3734 572 ἒπει-

573 618 711 658 tera:
739 605 1015 674 sapientia:
1043 601 1310 665 amatores
1333 611 1387 664 in
1421 611 1663 667 fraudem
1690 611 1962 682 impellere
1987 619 2103 668 stu-

571 694 788 748 debant.
819 696 888 749 At
915 712 979 750 ex
1016 698 1227 754 illorum
1262 717 1486 756 numero
1531 702 1670 757 alius
1698 701 1843 758 aliud
1880 716 2105 771 respon-

573 799 690 837 sum
720 784 899 840 dabat.
927 785 1025 840 Hie
1053 787 1319 846 clamabat
1349 806 1365 844 :
1405 776 1549 846 Nihil
1596 805 1808 852 eorum.
1853 806 1974 860 qua:
2004 792 2107 845 sub

575 881 849 940 aspectqu
885 877 1106 941 cadunt,
1141 894 1225 932 me
1273 879 1525 944 delectat,
1576 889 1686 934 tota
1715 881 2006 948 cupiditate
2039 877 2105 931 ad

577 963 695 1027 hoc,
727 975 785 1020 ut
819 981 920 1035 pro
970 965 1188 1023 Christo
1223 970 1416 1038 patiar,
1447 965 1640 1032 eﬂ‘usa'.
1678 969 1774 1025 Ille
1791 984 1920 1024 vero
1948 985 1966 1022 :
1989 966 2106 1023 Jam

575 1054 789 1108 occasio
816 1057 990 1121 adest,
1022 1059 1092 1112 ut’
1111 1058 1481 1119 fortitudinem
1503 1074 1678 1119 meam
1706 1059 1762 1112 in
1799 1056 2108 1112 certamini-

577 1143 679 1198 bus
704 1157 803 1212 pro
827 1157 948 1221 rege
976 1162 1095 1202 meo
1123 1148 1440 1214 subeundis,
1483 1148 1866 1204 demonstrem.
1909 1148 2062 1202 Alius
2091 1165 2106 1202 :
2131 1155 2144 1162 “

577 1228 731 1283 Nunc
758 1244 858 1299 par
889 1242 972 1286 est
990 1241 1075 1299 ut,
1107 1233 1232 1287 dum
1257 1234 1354 1290 llos
1385 1236 1484 1290 τενὶ
1515 1231 1676 1306 viget.
1700 1235 1894 1290 delicto
1917 1251 2000 1290 me
2030 1235 2108 1290 si-

579 1326 739 1386 stam,
770 1321 1082 1390 priusquam
1103 1324 1278 1389 [senio
1321 1334 1618 1380 cxarescat.
1643 1325 1792 1381 Alius
1825 1325 2008 1380 animo
2044 1323 2110 1378 ad

580 1405 730 1472 plura
769 1407 1012 1472 diducto,
1045 1419 1099 1464 et
1133 1411 1380 1466 oratione
1410 1402 1682 1481 copiosior
1706 1415 1831 1467 talia
1865 1416 2146 1484 quaedam-

580 1494 901 1562 loquebatur
931 1515 945 1552 :
979 1497 1116 1553 Sunt
1141 1502 1357 1570 quidem
1391 1504 1634 1572 pulchra,
1653 1519 1773 1573 qua:
1791 1518 2112 1559 commemo-

579 1584 735 1638 rasti.
774 1584 1008 1648 Pulchra
1035 1602 1177 1653 esse,
1210 1605 1382 1659 neque
1405 1605 1502 1646 nos
1524 1579 1842 1653 inliciamur,
1876 1600 1980 1646 eta
2003 1589 2112 1646 Deo

501 1683 506 1690 '
579 1689 873 1742 concessa;
900 1693 963 1732 ac
993 1679 1214 1748 proinde
1243 1683 1443 1750 gratias
1472 1681 1644 1738 eidem
1697 1669 2110 1750 meritopersol-
2139 1665 2181 1718 Β

577 1762 774 1819 vimus.
799 1766 870 1819 At
901 1781 1020 1836 quat
1033 1770 1242 1822 ratione
1276 1771 1478 1839 gratias
1507 1784 1810 1840 ageremus,
1847 1771 1894 1826 si
1944 1770 2108 1825 nimia

577 1853 771 1910 horum
797 1856 1090 1927 cupiditate
1114 1859 1192 1914 ab
1221 1859 1315 1914 illo
1351 1859 1796 1930 sejun'geremur?
1829 1860 2112 1927 Quomodo

577 1959 732 1999 mens
760 1945 850 2000 illa
875 1961 1041 2018 gnara
1075 1949 1286 2019 pulchri
1317 1951 1494 2005 vocari
1534 1959 1727 2020 potest,
1761 1968 1880 2021 qua:
1910 1952 2112 2005 donum

579 2030 829 2097 honorat,
854 2039 1144 2094 donantent
1172 2041 1532 2108 aspernatur?
1555 2041 1785 2096 Pulchra
1816 2049 1941 2097 sunt
1969 2043 2070 2097 ista
2093 2057 2111 2106 ;

579 2125 676 2180 sed
704 2128 750 2180 si
796 2127 920 2197 quis
951 2138 1118 2183 totam
1179 2145 1332 2183 suam
1369 2130 1748 2210 cogitationem
1781 2132 1846 2183 ad
1891 2146 1953 2185 ea
1986 2146 2113 2184 con-

581 2217 761 2280 vertit,
816 2227 870 2289 et
919 2229 1136 2287 propter
1173 2234 1359 2273 eorum
1399 2234 1661 2282 amorem,
1695 2222 1813 2290 ejus
1847 2223 1935 2290 qui
1992 2236 2116 2276 vere

582 2304 806 2372 pulcher
833 2313 937 2370 est,
972 2321 1208 2362 amorem
1252 2308 1581 2377 exstinguit,
1613 2309 1712 2364 iste
1764 2317 1816 2364 et
1851 2310 2116 2380 pessimus

583 2395 685 2447 sibi
733 2381 843 2464 ipsi
888 2396 1134 2462 edicitur,
1165 2407 1219 2452 et
1274 2398 1436 2452 miser
1471 2399 1540 2453 ob
1569 2401 1915 2467 voluptatem,
1951 2416 2111 2468 quam

583 2482 710 2555 inde
731 2485 890 2555 capit,
921 2495 974 2541 et
1003 2486 1162 2557 longe
1185 2487 1358 2540 adhuc
1391 2482 1640 2544 miserior
1664 2493 1731 2543 ob
1754 2504 1954 2565 ρωπίας,
1979 2506 2112 2558 quas

582 2573 710 2632 dum
743 2580 903 2633 rebus
933 2581 1140 2635 modice
1167 2596 1384 2636 sensum
1411 2583 1753 2636 titillantibus
1793 2582 1983 2646 inhiat,
2015 2583 2112 2636 sibi

582 2669 820 2722 asciscit.
871 2667 1218 2739 Nequaquam
1278 2647 1442 2739 igitur
1494 2682 1794 2740 opportuna
1820 2681 1903 2727 est
1950 2673 2114 2726 animi

580 2759 745 2814 vestri
776 2757 830 2812 in
857 2772 957 2816 nos
980 2760 1377 2825 benevolentia,
1427 2777 1601 2830 neque
1641 2763 1783 2815 enim
1825 2762 2116 2833 quidquam

583 2848 927 2918 emolumenti
954 2848 1128 2904 aﬂ'ert.
1160 2851 1227 2902 At
1251 2849 1361 2903 lunt:
1395 2849 1572 2904 dulcia
1598 2859 1747 2915 sunt,
1781 2861 2118 2916 mentemque

2203 607 2330 676 ρᾶτο
2373 603 2845 678 παραλογίζεσθαι.
2886 608 3007 660 Τῶν
3044 607 3103 661 δὲ
3149 607 3304 671 ἄλλος
3360 606 3522 674 δλλην
3577 605 3733 674 ἱερὰν

2200 697 2348 766 ἠφίει
2375 698 2573 767 φωνήν.
2612 697 2673 752 '0
2707 699 2802 766 μὲν
2838 696 2944 768 γὰρ
2985 681 3194 765 ἐλεγενδ
3233 696 3403 750 Ὀὐδὲν
3430 695 3538 748 τῶν
3594 695 3737 764 ὁρω-

2207 785 2380 854 μένων
2412 785 2532 853 ἐμοὶ
2547 785 2795 854 τερπνὸν,
2821 785 2946 854 ὅλης
2978 785 3074 854 τῆς
3098 784 3405 853 ἐπιθυμίας,
3431 783 3510 847 είς
3540 781 3602 834 τὸ
3629 797 3738 834 παο
3767 797 3774 802 ’

2204 873 2315 926 οεϊν
2338 873 2476 943 ὑπὲρ
2496 872 2727 942 Χριστοῦ
2755 873 3144 943 κεκενωμένης.
3185 872 3243 924 '0
3269 872 3367 941 δὲ,
3392 871 3503 925 Νῦν
3543 868 3736 940 ἐπιτή-

2205 963 2344 1016 δειον
2373 963 2551 1032 ,ἣκειν
2596 980 2684 1032 μοι
2731 963 2820 1015 τὸν
2868 964 3077 1032 καιρὸν,
3135 964 3198 1016 τὸ
3231 962 3469 1031 ἀνδρεῖον
3517 963 3575 1012 ὲν
3620 959 3738 1020 τοῖς

2209 1050 2345 1118 ὑπὲρ
2364 1049 2455 1101 τοῦ
2480 1049 2740 1118 ἡμετέρου
2803 1047 3060 1117 βασιλέως
3122 1048 3326 1116 ἀγῶσιν
3383 1044 3738 1110 ἐνδείξασθαι.

2195 1141 2317 1194 ’Καὶ
2338 1141 2492 1204 ἄλλος
2511 1155 2525 1171 ο
2560 1139 2674 1194 Νῦν
2695 1141 2960 1209 προσῆκεν
2980 1143 3036 1192 ὲν
3069 1140 3217 1194 ἄνθει
3244 1141 3342 1209 τῆς
3367 1138 3609 1208 νεότητος
3635 1135 3743 1202 ὀφ-

2209 1229 2364 1299 θῆναι
2393 1229 2469 1301 τῷ
2497 1230 2826 1300 ποθουμένῳ,
2871 1231 2996 1299 πρὶν
3051 1229 3085 1299 ἢ
3133 1225 3611 1301 καταμαρανθῆναι
3656 1224 3746 1292 τῷ

2210 1322 2392 1389 γήρει.
2420 1320 2642 1392 Ἕτερος
2672 1320 2729 1374 δὲ
2744 1321 2996 1374 ὲπιπλέον
3016 1320 3328 1390 κινούμενος
3354 1318 3452 1386 τὴν
3476 1318 3742 1380 διάνοιαν,

2209 1413 2302 1464 καὶ
2323 1405 2436 1464 οἷον
2467 1410 2606 1480 ῥέων
2636 1410 2716 1481 τῷ
2756 1410 2920 1480 λόγῳ,
2965 1409 3187 1463 τοιαῦτά
3235 1423 3360 1463 τινα.
3404 1407 3699 1476 ἐφθέγγετο
3722 1420 3742 1435 °

2209 1494 2361 1553 Εἶναι
2393 1499 2492 1569 μὲν
2517 1498 2688 1554 ταῦτα
2726 1500 2884 1563 καλὰ,
2915 1497 3227 1568 ἃπερέφης,
3274 1494 3412 1549 καλὰ
3438 1493 3534 1550 καὶ
3581 1495 3750 1565 ἡμεῖς

2211 1589 2484 1658 σύνισμεν,
2529 1591 2623 1643 καὶ
2649 1590 2800 1660 παρὰ
2846 1587 2979 1642 Θεοῦ
3028 1587 3268 1641 δεδόσθαι
3311 1585 3512 1658 μέντοι,
3568 1583 3654 1652 ἀφ’
3697 1574 3754 1649 ᾧ

2211 1681 2367 1752 χάριν
2386 1679 2616 1756 είδέναιέ
2648 1680 2764 1743 πῶς
2792 1680 2837 1732 δ’
2861 1679 2928 1733 ἂν
2952 1680 3220 1749 εἰδείημεν
3247 1677 3426 1748 χάριν,
3454 1677 3502 1728 εί
3536 1673 3616 1744 τῷ
3643 1674 3750 1727 πό-

2209 1765 2286 1836 θῳ
2307 1765 2510 1820 τούτων
2539 1766 2744 1821 ἐκείνου
2802 1765 3266 1836 διαζευγνύμεθας
3305 1763 3407 1818 ποῦ
3452 1763 3509 1816 δὲ
3550 1759 3752 1832 φρενὸς

2209 1855 2409 1919 εἰδυίας
2424 1856 2606 1923 καλὸν,
2641 1857 2703 1912 τὸ
2729 1857 2825 1928 μὲν
2853 1857 3022 1927 δῶρον
3062 1855 3263 1910 ἐθέλειν
3303 1857 3489 1925 τιμᾷν,
3544 1854 3644 1922 τῆς
3689 1850 3755 1906 δὲ

2210 1947 2302 1999 τοῦ
2341 1947 2627 2011 δεδωκότος
2678 1949 2844 2019 τιμῆς
2883 1942 3298 2019 κατολιγωρεῖν;
3355 1945 3492 2000 καλὰ
3551 1943 3748 1997 ταῦτα.

2225 2037 2360 2090 Ἀλλ’
2387 2038 2518 2100 εττις
2545 2038 2665 2092 ὅλον
2711 2039 2800 2090 τὸν
2828 2038 2951 2090 νοῦν
2995 2039 3130 2108 προς
3184 2037 3320 2090 αῦτά
3369 2035 3607 2104 στρέφοι,
3653 2033 3756 2087 καὶ

2211 2127 2412 2180 τούτων
2432 2128 2595 2197 ἔρωτι
2613 2127 2706 2180 τοῦ
2743 2126 2908 2190 ὅντως
2938 2102 3108 2180 καλοῦ
3128 2129 3239 2198 ,τὺν
3260 2102 3460 2197 ’ἔρωτα
3512 2102 3776 2180 duos“;

2175 2283 2184 2292 η
2217 2241 2321 2288 σοι,
2349 2213 2501 2280 οὗτος
2529 2219 2783 2280 κάκιστος
2815 2218 2914 2287 μὲν
2935 2217 3133 2286 ἑαυτῷ,
3164 2215 3350 2290 ἄθλιος
3370 2217 3426 2268 δὲ
3471 2216 3569 2284 τῆς
3609 2215 3754 2268 ἀπο-

2215 2315 2474 2376 λαύσεως,
2507 2307 2824 2376 ἀθλιώτερος
2852 2306 2909 2359 δὲ
2937 2305 3034 2375 τῆς
3065 2301 3286 2376 ζημίας,
3314 2305 3379 2374 ἢν
3434 2304 3527 2356 ἐπὶ
3564 2303 3745 2372 μικρὰ

2212 2401 2566 2464 δελεάζουσιν,
2598 2394 2911 2460 ἀντελέξατο
2940 2411 2955 2427 ο
2984 2395 3084 2448 οῦκ
3142 2393 3234 2448 οὖν
3277 2394 3402 2463 ὑμῖν
3455 2395 3515 2445 ὲν
3566 2391 3752 2462 καιρῷ

2213 2491 2274 2543 τὸ
2305 2490 2400 2558 τῆς
2430 2484 2650 2556 γνώμης
2671 2483 2966 2553 κηδόμενον
2995 2484 3078 2551 (οὐ
3121 2483 3228 2560 γὰρ
3274 2482 3467 2550 κτῆσιν
3525 2479 3757 2548 ἀγαθῶν

2215 2579 2529 2650 εἰσηγεῖται)
2553 2575 2662 2645 ἔχει
2709 2591 2759 2627 τι
2803 2570 2964 2626 ταῦτα
3011 2572 3344 2642 θελκτήριον,
3397 2571 3489 2633 καὶ
3531 2571 3761 2636 ὑπαγω-

2215 2671 2329 2738 γὸν,
2354 2668 2488 2721 ἀλλὰ
2512 2665 2569 2718 τδ
2600 2659 2790 2735 κάλλος
2813 2662 3140 2734 ἀσύγκριτον
3167 2664 3268 2732 τῆς
3301 2661 3496 2732 ψυχῆς.
3541 2662 3617 2714 Οὐ
3647 2660 3759 2723 δεῖ,

2213 2759 2306 2812 τοῦ
2335 2758 2638 2829 κρείττονος
2690 2753 3013 2826 ἀφεμένους,
3034 2755 3160 2824 περὶ
3181 2754 3241 2808 τὸ
3274 2748 3432 2826 ἦττον
3461 2751 3558 2822 τὴν
3587 2769 3760 2806 σπου-

2193 2849 2307 2920 ’δὴν
2335 2848 2698 2920 ἐπιστρέφειν.
2734 2846 2938 2909 Γλυκὺς
2995 2847 3025 2898 ὁ
3056 2844 3242 2916 παρὼν
3272 2844 3408 2916 βίος,
3458 2843 3575 2898 ἀλλ’
3627 2843 3758 2895 οὐδὲ

583 2935 920 2989 devincit-udi
947 2937 1056 2988 vim
1077 2937 1296 2991 habent.
1324 2935 1429 2990 Sed
1453 2936 1794 3003 pulchritudo
1822 2938 2119 2996 animaeest

2221 2940 2377 2992 σκιὰν
2395 2939 2492 3008 τῆς
2514 2941 2639 3009 ἡμῖν
2654 2938 3017 3009 ἀποκειμένης
3043 2936 3374 3006 γλυκύτητος
3429 2932 3764 3023 ἀναπληροῖ.

585 3020 1046 3092 incomparabilis.
1087 3023 1204 3078 Non
1256 3023 1434 3086 decet,
1489 3035 1546 3078 ut
1578 3025 1711 3090 quis
1749 3025 2121 3094 praestantiore

589 3114 802 3178 relicto,
861 3113 1008 3167 circa
1058 3113 1297 3168 deterius
1334 3113 1570 3167 studiqu
1601 3123 1656 3168 et
1695 3127 1909 3190 operam
1939 3122 2118 3182 ponat.

590 3200 782 3254 Suavis
813 3209 896 3253 est
920 3215 1158 3271 praesens
1190 3202 1301 3257 vita
1330 3221 1346 3268 ;
1377 3204 1469 3257 sed
1504 3220 1677 3274 neque
1700 3206 1941 3259 umbram
1969 3207 2120 3274 ejus,

590 3304 840 3366 quatinus
861 3299 1154 3360 exspectat,
1190 3293 1312 3346 vita:
1344 3295 1738 3363 complectitur.
1780 3292 1896 3348 Non
1923 3295 2124 3348 liniun-

595 3383 682 3428 tur
707 3389 793 3430 res
848 3388 1048 3431 nostra:
1090 3381 1462 3446 praesentibus.
1513 3381 1801 3452 EXSpectat
1861 3399 1962 3438 nos
2017 3384 2121 3438 alia

592 3465 722 3528 vita,
747 3466 901 3536 cujus
929 3468 1051 3523 linis
1085 3471 1283 3526 nullus.
1315 3472 1428 3528 Non
1461 3475 1574 3529 abit
1612 3477 1665 3529 in
1703 3475 1929 3532 nihilum
1957 3477 2118 3532 etiam

591 3554 781 3612 istlnec
804 3567 988 3612 nostra
1012 3575 1072 3613 ex
1097 3560 1210 3615 luto
1231 3565 1352 3616 ticta
1381 3562 1835 3634 eﬂigies,_etiamsi
1865 3575 2122 3636 perpetuo

594 3646 749 3712 quasi
798 3649 1043 3712 radatur,
1077 3653 1352 3721 multoque
1390 3654 1571 3708 minus
1618 3656 1828 3719 anima;
1859 3654 1950 3721 sed
1986 3654 2122 3708 hanc

592 3735 806 3800 quidem
863 3737 1168 3793 insolubilis
1215 3748 1389 3795 st‘atus
1434 3751 1647 3806 manet;
1695 3742 1818 3795 huic
1867 3755 1994 3794 vero
2030 3756 2142 3808 por-

592 3819 1022 3892 di'ssolutionem,
1053 3846 1173 3898 quae
1214 3831 1476 3894 cernitur,
1506 3833 2020 3900 transitnsparatur
2055 3831 2120 3884 ad

591 3911 790 3970 Statum
819 3915 1268 3971 indissolubilcm.
1300 3916 1363 3970 Et
1381 3918 1571 3972 anima:
1605 3919 1842 3986 quidem,
1870 3917 1916 3970 si
1946 3931 1976 3969 a
1999 3931 2122 3972 vera

592 4005 900 4072 cognitione
921 4020 1030 4060 non
1062 4006 1296 4068 aberret,
1326 4007 1381 4058 in
1408 4005 1686 4060 beatorum
1719 4005 1937 4060 sedibus
1973 4020 2123 4059 cout-

593 4092 823 4146 moratio
838 4094 947 4160 jam
979 4093 1195 4164 decreta
1232 4101 1349 4164 est;
1368 4100 1424 4144 at
1456 4092 1503 4146 si
1537 4093 1603 4144 ad
1632 4094 1965 4146 contrarium
2007 4107 2124 4146 ver-

596 4188 708 4250 gat.
742 4182 916 4246 poenis
965 4195 1085 4234 sese
1130 4165 1411 4233 obnoxiam
1465 4180 1686 4235 reddit:
1732 4197 1929 4249 corpus
1952 4192 2124 4235 autem

2219 3027 2294 3078 Οὐ
2326 3028 2483 3094 μέχρι
2517 3028 2719 3080 τούτων
2766 3028 2963 3096 ἓστηκε
3014 3027 3082 3079 τὰ
3135 3025 3396 3095 ἡμέτερα.
3442 3021 3759 3090 Ἐκδέχεται

2219 3116 2365 3184 ἡμᾶς
2383 3115 2513 3182 ἄλλη
2538 3115 2673 3183 ζωὴ,
2702 3110 2770 3184 ἦς
2802 3116 2900 3182 οὐχ
2929 3116 3155 3167 ἅπτεται
3199 3113 3370 3174 λύσις.
3397 3112 3511 3164 Οὐκ
3547 3109 3763 3180 οἴχεται

2221 3203 2356 3273 πρδς
2385 3204 2445 3254 τὸ
2473 3204 2547 3273 μὴ
2575 3203 2654 3268 ὃν,
2689 3205 2800 3256 οὗθ’
2832 3197 2982 3264 οὗτος
3015 3203 3167 3272 ἡμῶν
3200 3206 3228 3255 ὁ
3252 3205 3471 3272 πήλινος
3512 3203 3759 3272 ἀνδριὰς,

2220 3294 2324 3347 κᾶν
2353 3293 2535 3362 ξὲηται
2557 3293 2867 3357 διαπαντὸς,
2889 3293 3012 3345 οῦτε
3045 3293 3223 3360 πολλῷ
3249 3293 3510 3362 πρότερον
3525 3294 3560 3362 ὴ
3582 3293 3760 3363 ψυχὴ.

2220 3382 2356 3437 ἀλλὰ
2381 3385 2446 3451 τῇ
2477 3383 2574 3452 μὲν
2588 3382 2780 3443 ἄλυτος
2803 3384 2835 3450 ἡ
2866 3380 3110 3450 διαμονὴ,
3141 3380 3218 3450 τῷ
3243 3380 3319 3445 δὲ,
3343 3381 3430 3433 διὰ
3467 3381 3563 3448 τῆς
3609 3382 3762 3452 ὁρω-

2226 3477 2394 3544 μένης
2419 3474 2644 3540 λύσεως,
2694 3475 2829 3543 πρὸς
2877 3472 2936 3525 τὸ
2976 3471 3167 3524 ἄλυτον
3209 3473 3242 3540 ἡ
3290 3457 3782 3540 μετάϐασιςίκαὶ.

2221 3567 2288 3636 τῇ
2324 3566 2420 3635 μὲν
2467 3566 2541 3635 μὴ
2598 3563 2961 3634 ἀπολισθούσῃ
3000 3560 3097 3630 τῆς
3148 3560 3315 3622 ὅντως
3352 3558 3622 3627 γνώσεως,
3697 3562 3766 3612 ὲν

2226 3653 2469 3725 μακαρίᾳ
2497 3650 2823 3723 μεταστάσει
2852 3653 2885 3718 ἡ
2919 3649 3179 3718 διαγωγὴ,
3214 3648 3516 3718 ύπαχθείσῃ
3540 3646 3594 3699 δὲ
3617 3644 3766 3716 πρὸς

2221 3744 2546 3807 τούναντίον,
2579 3741 2732 3811 λῆξις
2758 3741 2973 3810 ἀπαντᾷ
2997 3738 3290 3809 τιμωρίας
3332 3738 3409 3807 τῷ
3443 3737 3500 3790 δὲ
3544 3736 3768 3808 ἀνάγκη

2225 3830 2626 3891 συναπολαύειν,
2652 3823 2725 3882 ὧν
2754 3828 2818 3883 ἂν
2842 3829 3021 3898 ὲκείνη
3049 3827 3256 3893 δεξιῶν,
3300 3827 3333 3898 ἦ
3377 3826 3594 3895 φαύλων
3655 3841 3762 3895 με-

2229 3921 2397 3990 τέχοι.
2433 3920 2494 3972 Ei
2526 3921 2623 3990 μὲν
2653 3915 2746 3973 οὖν
2779 3921 2836 3972 ὲν
2864 3918 2942 3989 τῷ
2966 3919 3190 3989 παρόντι
3211 3919 3271 3972 τὸ
3307 3917 3498 3980 κάλλος
3520 3915 3768 3987 τηρήσο-

2229 4025 2326 4078 μεν
2357 4009 2456 4077 τῆς
2491 4007 2667 4079 ψυχῆς
2692 4010 2928 4078 (τηροῖτο
2978 4007 3022 4060 δ’
3054 4006 3139 4070 ἂν,
3199 4006 3248 4059 εί
3307 4006 3384 4078 μὴ
3435 4005 3768 4076 προδοίημεν

2222 4102 2318 4170 τὴν
2351 4098 2670 4168 εὐσέϐειαν),
2695 4097 2845 4150 ἔσται
2871 4099 3019 4166 ἡμῖν,
3056 4096 3206 4149 ἔσται
3244 4097 3338 4149 καὶ
3376 4097 3546 4148 ταῦτα
3586 4095 3651 4166 δὴ
3687 4097 3769 4149 τὰ

2223 4187 2316 4240 τοῦ
2338 4187 2586 4255 σώματος
2608 4188 2665 4238 ὲν
2695 4184 2938 4252 ἀμείνονι
2962 4183 3349 4252 διαμειϐόμενα
3386 4185 3644 4252 σχήματι.
3693 4185 3770 4238 Ei.

601 4269 909 4323 necessario
951 4277 1041 4321 aut
1082 4267 1236 4322 bonis
1262 4278 1352 4321 aut
1383 4264 1560 4332 malis,
1593 4269 1792 4342 quibus
1835 4271 1969 4336 ipsa,
2001 4285 2119 4338 per-

2223 4278 2280 4329 δὲ
2305 4277 2370 4343 τῇ
2391 4275 2534 4343 ψυχῇ
2566 4273 3029 4341 παραχωρήσομεν
3045 4271 3140 4332 τὰς
3173 4271 3271 4338 τῆς
3293 4271 3542 4333 ἀσεϐείας
3562 4271 3766 4340 κῆρας,

603 4359 891 4413 frueretur.
909 4355 964 4411 Si
996 4357 1156 4427 igitur
1176 4358 1229 4412 in
1247 4358 1497 4426 praesenti
1527 4358 1636 4410 vita
1675 4357 2122 4427 pulchritudinem

601 4446 796 4500 anima}
847 4461 1228 4502 conservemus
1253 4445 1710 4515 (conservabimus
1741 4453 1915 4500 autem
1941 4446 1986 4499 si
2014 4448 2127 4515 pie-

603 4549 765 4593 tatem
800 4553 904 4590 non
939 4535 1272 4605 prodamus),
1320 4536 1419 4590 hoc
1448 4537 1564 4603 ipso
1594 4536 1752 4589 etiam
1781 4538 1988 4606 corpori
2020 4555 2128 4594 tne-

599 4629 786 4682 liorem
820 4626 1044 4680 formam
1071 4634 1122 4679 et
1144 4625 1500 4680 conditionem
1528 4625 1954 4705 conciliabimus.
1978 4628 2126 4692 Quod

601 4719 646 4772 si
672 4718 936 4786 patiamur
971 4718 1204 4770 animant
1232 4719 1284 4769 in
1316 4717 1641 4784 impietatem
1674 4717 1903 4784 prolabi,
1929 4727 1982 4772 ct
2008 4720 2129 4773 huic

599 4818 654 4861 et
692 4808 764 4862 illi
824 4807 1049 4862 insidias
1107 4808 1405 4860 tetendisse
1452 4805 1573 4874 jure
1621 4807 1825 4874 Optimo
1876 4807 2126 4864 feremur.

601 4897 737 4961 Quid
770 4898 930 4965 igitur
972 4896 1065 4949 illa
1123 4895 1278 4949 nobis
1333 4895 1554 4957 all'ut’tis‘,
1610 4912 1730 4961 qua:
1762 4912 1931 4963 neque
1964 4899 2128 4950 altera

603 4995 750 5052 parte
804 4986 1086 5052 pulchrum
1126 4986 1462 5054 respiciunt?
1498 4985 1649 5049 Quod
1700 4985 1744 5036 si
1789 4994 1840 5036 et
1871 4987 2019 5039 vobis
2069 5001 2129 5039 ca

601 5089 720 5141 quae
775 5072 1059 5134 delectant,
1116 5076 1265 5128 cordi
1320 5084 1466 5136 sunt,
1509 5074 1731 5143 qua-rite
1756 5075 1892 5124 viam
1919 5091 2036 5141 qua:
2065 5078 2127 5128 ad

600 5173 730 5214 vere
753 5159 1084 5229 delectabilia
1103 5162 1272 5216 ducit.
1294 5163 1390 5217 Sin
1419 5165 1615 5225 minus,
1652 5162 1806 5216 ttobis
1833 5172 2006 5215 autem
2023 5172 2130 5217 tota

602 5249 855 5320 cogitatio
893 5258 1076 5303 nostra
1107 5252 1171 5304 ad
1198 5254 1285 5305 illa
1319 5255 1510 5317 tendit,
1547 5272 1610 5307 ne
1636 5254 1917 5322 praesentia
1943 5268 2134 5320 propo-

607 5341 718 5392 nite
746 5355 761 5392 :
798 5341 930 5394 nihil
959 5357 1057 5395 nus
1091 5342 1216 5396 inde
1251 5344 1565 5400 abstrahere
1619 5355 1815 5413 potest,
1847 5344 1960 5394 sive
1984 5343 2131 5408 volu-

612 5436 826 5494 ptatem.
850 5432 964 5485 sive
993 5432 1266 5484 tristitiam
1298 5434 1490 5499 pariat.
1522 5436 1659 5498 Quid
1707 5434 1930 5501 gloriam
1976 5433 2132 5491 nobis

609 5513 952 5583 pollicemini,
993 5521 1147 5587 cujus
1198 5521 1398 5576 domini
1460 5537 1565 5576 non
1603 5523 1773 5577 estis?
1802 5521 1937 5585 Quid
1967 5521 2127 5588 datis,

2225 4365 2585 4434 λυμήνασθαι,
2612 4363 2705 4413 καὶ
2725 4360 2915 4430 ταύτῃ,
2943 4361 3180 4430 κάκείνῳ
3206 4348 3639 4425 ἐπιϐουλεύοντες
3691 4361 3771 4416 ἂν

2199 4455 2541 4522 ,ὁφθείημεν.
2569 4451 2633 4503 Τί
2665 4448 2754 4501 οῦν
2784 4451 2966 4502 ἐκεῖνα
2996 4451 3126 4520 ἡμῖν
3181 4451 3506 4520 είσηγεῐσθε,
3556 4450 3594 4505 ἃ
3638 4450 3771 4521 μηδ’

2225 4545 2394 4614 ἑτέρῳ
2427 4543 2579 4611 μέρει
2605 4540 2737 4608 πρὸς
2753 4539 2911 4592 καλὸν
2927 4541 3026 4610 δρᾷ
3051 4555 3068 4606 ;
3109 4541 3168 4594 Εἰ
3203 4540 3300 4610 μὲν
3321 4543 3412 4594 καὶ
3439 4542 3567 4609 ὑμῖν
3610 4538 3771 4611 μέλει

2223 4636 2332 4687 τῶν
2359 4631 2624 4699 τερπνῶν,
2654 4629 2923 4702 ζητήσατε
2938 4632 3034 4700 τὴν
3063 4632 3198 4704 ὁδὸν,
3227 4631 3581 4704 ἥδιαϐιϐἀςει
3626 4631 3769 4702 πρὸς

2225 4725 2295 4777 τὰ
2323 4723 2488 4782 ὅντως
2517 4720 2740 4791 τερπνά.
2802 4722 2865 4774 Εἰ
2909 4721 2965 4774 δὲ
3015 4722 3239 4794 μὴ,ἀλλ’
3267 4724 3396 4792 ἡμῖν
3437 4739 3501 4790 γε
3536 4722 3656 4776 ὅλον
3698 4721 3772 4775 τὸ

2228 4813 2478 4881 φρόνημα
2501 4808 2635 4880 πρὸς
2659 4810 2840 4862 ἐκεῖνα
2863 4811 3265 4880 μεταθεμένοις,
3298 4811 3373 4880 μὴ
3407 4813 3473 4866 τὰ
3521 4811 3772 4882 παρόντα

2229 4900 2553 4968 προτείνετε.
2579 4897 2744 4951 Οὐδὲν
2774 4900 2922 4968 ἡμᾶς
2957 4900 3160 4952 ἐκεῖθεν
3195 4900 3472 4969 μεθέλκειν
3517 4901 3770 4963 δύναται,

2231 4991 2328 5059 οὐχ
2359 4991 2458 5042 ὅσα
2487 4988 2638 5058 φέρει
2669 4987 2876 5057 τέρψιν,
2906 4991 3000 5058 οὐχ
3025 4991 3121 5042 ὅσα
3153 4989 3328 5042 λυπεῖ.
3353 4991 3417 5042 Τί
3448 4991 3603 5056 δόξαν
3631 4993 3771 5060 ἡμῖν

2229 5072 2590 5152 ὑπισχνεῖσθε,
2613 5076 2681 5153 ἧς
2727 5084 2824 5134 οὐκ
2855 5084 2975 5135 ἐστὲ
3002 5083 3208 5150 κύριοι;
3259 5082 3544 5148 τίδίδοτε,
3585 5083 3620 5136 ἃ
3666 5085 3770 5136 xa‘t

2182 5206 2184 5210 ι
2229 5173 2371 5242 ὑμᾶς
2389 5173 2580 5224 θᾶττον
2611 5171 2920 5236 ἁπολείπει;
2955 5171 3006 5223 τί
3034 5171 3098 5233 δ’,
3133 5171 3206 5234 ὡς
3259 5174 3504 5244 φοϐερὸν,
3545 5173 3637 5225 τὸν
3665 5171 3771 5224 θά-

2229 5277 2384 5314 νατον
2399 5260 2690 5320 ἀπειλεῖτε,
2741 5260 2800 5323 ὃς
2830 5263 3027 5331 μᾶλλον
3059 5261 3186 5327 ὑμῖν
3235 5261 3450 5331 ἀπαντᾷ
3503 5260 3766 5330 φοϐερὸςς

2230 5348 2287 5401 ἓν
2341 5350 2471 5419 ἡμῖν
2502 5348 2766 5419 ⁴τερετινδν,
2821 5351 2881 5402 τὸ
2942 5349 3080 5417 μετὰ
3129 5349 3360 5416 Χριστοῦ
3413 5349 3571 5404 εἶναι.
3607 5349 3664 5401 ἒν
3707 5349 3772 5400 δὲ

2231 5436 2477 5506 φοϐερὸν,
2513 5439 2596 5500 τὸ,
2622 5437 2826 5489 ἐκείνου
2863 5435 3206 5505 χωρίζεσθαι.
3262 5437 3427 5489 Ταῦθ’
3471 5440 3500 5490 ὁ
3540 5437 3640 5506 μέν
3681 5452 3770 5498 τις

2231 5528 2337 5582 τῶν
2379 5527 2643 5588 ἀθλητῶν,
2697 5523 2805 5580 οἷον
2865 5525 3085 5590 νιφάδας
3155 5527 3331 5588 ἀφιεὶς
3383 5529 3459 5589 είς
3522 5525 3768 5583 ἀφωνίαν
