3968 6322
226 271 334 335 177

1191 278 1463 340 ORATIO
1487 282 1606 342 xv.
1631 305 1705 344 .—-
1739 283 1813 342 IN
1854 263 2104 346 OMNES
2141 285 2496 350 sanares.

3301 295 3404 362 ΠΒ

219 385 499 453 περιέστη
557 385 656 448 τὰς
738 386 1065 456 συνηγόρους
1110 388 1206 456 τῆς
1248 389 1454 459 πλάνης
1497 390 1756 456 γλώσσας.

1862 409 1980 487 qua:
2009 397 2162 451 vobis
2185 397 2316 465 ipsis
2345 400 2484 454 forte
2509 397 2746 453 desunt?
2773 397 2913 465 Quid
2941 409 3197 474 tanquam
3241 408 3402 486 terri-

225 473 461 544 Ἕτερος
480 475 561 538 δὲ,
585 476 652 528 τὰ
683 475 818 546 μέλη
844 475 1123 545 προῦτεινε
1171 477 1304 548 πρὸς
1358 477 1614 549 ἐκτομὴν,
1670 481 1756 534 καὶ

1867 481 2019 536 licam
2053 486 2280 540 mortem
2311 485 2610 552 minamini,
2657 501 2777 555 qua:
2810 488 2964 544 vobis
3010 492 3182 561 magis
3217 482 3406 548 l‘ormi-
3437 547 3439 550 .

219 564 369 649 πρὸς
396 564 494 635 τὴν
519 567 732 635 σφαγὴν
771 567 862 620 τὸν
900 567 1099 636 αὐχένα
1134 567 1322 634 ἐδίδου,
1375 569 1469 622 καὶ
1509 569 1581 638 μὴ
1637 571 1764 640 μὲλ-

221 658 345 706 λειν
371 655 506 726 πρὸς
530 655 627 725 τὴν
660 660 852 730 πεῖραν
877 656 984 710 τῶν
1005 654 1249 724 βασάνων
1283 652 1693 726 παρεκελεύετο.
1720 660 1722 662 ’

1866 571 2039 627 danda
2063 575 2248 631 venit?
2295 573 2468 632 Unum
2495 577 2650 634 nobis
2667 577 2965 646 jucundum
2991 593 3092 645 eet,
3130 597 3253 638 esse
3280 599 3403 638 cunt

1865 661 2102 718 Christo.
2163 663 2339 720 Unum
2377 665 2812 735 formidandum,
2855 670 3097 738 separari
3149 671 3217 726 ab
3258 673 3400 742 ipso.

221 743 356 800 “se
381 762 524 802 unus
542 762 606 802 ex
633 748 949 802 athletarum
978 763 1204 804 numero
1229 748 1562 818 prolocutus,
1604 750 1875 806 silentium
1899 753 2154 822 imposuit
2217 758 2418 811 erroris
2480 756 2773 811 advocatis.
2850 761 3003 816 Alius
3058 775 3184 816 vero
3230 775 3402 815 mem-

215 841 326 894 bra
353 840 722 908 protendebat,
753 847 812 893 ut
841 846 1271 908 amputarentur,
1299 849 1354 894 et
1381 840 1670 904 cervicem,
1702 848 1761 894 ut
1792 843 2190 910 praecideretur,
2214 853 2640 916 cunctantesque
2689 847 2758 902 ad
2803 855 3068 903 tormenta
3122 849 3406 905 inferenda

262 931 520 984 xcitabat.

262 946 294 983 κ
333 931 407 983 ita
480 938 520 984 t.
1767 938 1768 942 ‘

217 945 258 985 ὃ
299 930 508 1089 illi?!)
536 1017 638 1088 μὲν
669 1019 780 1072 τῶν
801 1019 1095 1091 προμάχων
1141 1021 1239 1090 τῆς
1275 1020 1548 1088 ἀληθείας,
1597 1021 1768 1085 οὕτως

215 1108 644 1177 ἀκατάπληκτος
679 1110 976 1180 παρρησία.
1018 1110 1082 1163 Ἠ
1125 1110 1183 1163 δὲ
1213 1110 1429 1181 ποικίλη
1474 1111 1580 1166 τῶν
1618 1111 1781 1180 δικαοη

215 1199 371 1253 στῶν
403 1199 677 1254 κακόνοια.
699 1199 828 1262 Τοῖς
851 1199 949 1270 μιν
982 1199 1181 1264 εὐθέως
1230 1199 1448 1272 ἑπηφίει
1492 1201 1562 1254 τά
1596 1201 1766 1267 δεινὰ,

217 1288 327 1342 καὶ
353 1288 444 1342 διὰ
500 1287 611 1343 τῶν
658 1286 1046 1359 παλαισμάτων
1087 1289 1358 1359 ἐλάμϐανε
1400 1288 1627 1359 δοκιμὴν
1670 1289 1768 1357 τῆς

212 1394 287 1436 τε
363 1379 632 1448 ἀηττήτου
675 1376 806 1446 ,τῶν
869 1379 1113 1448 ἀθλητῶν
1181 1381 1445 1452 ἀνδρείας.
1511 1383 1603 1435 καὶ
1664 1375 1769 1448 ’τῆς

217 1470 382 1537 σφῶν
429 1470 616 1541 ἥττης.
675 1470 738 1522 Οί
793 1471 850 1524 δὲ
897 1472 1070 1524 καίτοι
1143 1472 1277 1541 πρὸς
1347 1473 1567 1548 φόνους
1609 1472 1768 1538 τεοηο

214 1560 450 1630 γμένοι,
507 1563 601 1615 καὶ
653 1562 846 1630 ἥδιστα
891 1561 985 1614 τοῦ
1038 1562 1393 1633 μαρτυρικοῢ·
1424 1563 1490 1617 ἂν
1537 1552 1766 1634 αἵματος

213 1653 464 1717 πιόντες,
499 1652 531 1723 ἡ
573 1651 792 1718 ὓδατος,
849 1652 930 1706 ἔτι
979 1652 1042 1704 τὸ
1098 1653 1355 1722 μειλίχιον
1398 1654 1762 1722 ὑπεδείκνυον,

221 1742 328 1794 καὶ
353 1742 468 1795 τῶν
488 1743 733 1812 βασάνων
759 1744 969 1813 ἀνεῖχον
1005 1743 1102 1813 τὴν
1121 1745 1329 1812 πεῖραν,
1357 1745 1450 1796 καὶ
1504 1745 1636 1815 πρὸς
1665 1746 1760 1800 λα-

214 1837 329 1900 ϐὰς
383 1810 575 1906 λόγων,
622 1841 811 1908 πράως
861 1810 1139 1899 δοκοῦντες
1187 1810 1347 1905 tim.
1392 1838 1470 1889 ἔτι
1501 1810 1760 1894 ἀυνεπλὲτι

217 1940 386 1976 κοντο
407 1965 424 1986 ,
459 1925 520 1976 Εἰ
548 1924 642 1976 καὶ
695 1925 824 1994 ὑμῖν
875 1921 1141 1990 λόγοντες,
1165 1925 1228 1976 οὐ
1275 1922 1609 1992 βουλομένοις
1634 1923 1764 1994 όρᾷν

213 2011 286 2061 τὸ
309 2010 604 2079 συμφέρον,
633 2009 1090 2078 περισπούδαστός
1126 2013 1272 2062 ἐστιν
1301 2010 1331 2060 ό
1386 2007 1528 2061 οὕτω
1570 2009 1762 2077 πικρὸς

217 2096 479 2162 θάνατος,
517 2100 630 2152 ἀλλ’
679 2101 827 2169 ἡμᾶς
867 2115 931 2168 γε
967 2097 1148 2161 οἶκτος
1195 2097 1533 2174 εἰσέρχεται,
1559 2100 1653 2150 καὶ
1700 2097 1760 2149 οὐ

216 2187 529 2257 βουλόμεθα
547 2188 730 2252 κακῶς
753 2189 894 2258 ὑμᾶς
923 2189 1198 2242 ὀλωλέναι.
1228 2189 1425 2257 Ἐχρῆν
1447 2187 1504 2240 δὲ
1544 2188 1759 2258 μᾶλλον,

214 2277 416 2348 ὥσπερ
445 2279 770 2349 διακαθᾶραι
810 2279 889 2348 τῷ
927 2279 991 2331 ὲκ
1037 2279 1210 2346 λόγων
1260 2279 1402 2346 φωτὶ
1453 2279 1552 2348 τὴν
1604 2296 1759 2349 περι»

219 2367 461 2434 σχοῦσαν
488 2368 632 2436 ὑμᾶς
666 2368 892 2438 πλάνην,
919 2367 994 2432 ὡς
1024 2368 1090 2422 ἂν
1109 2368 1252 2422 οὕτω
1291 2369 1388 2438 τῆς
1430 2369 1761 2422 ἐπικινδύνου

215 2458 378 2525 δόξης
417 2458 769 2522 ἀποστάντες,
816 2458 971 2522 θεούς
1019 2475 1077 2511 τε
1124 2459 1243 2527 μεθ’
1297 2459 1451 2527 ἡμῶν
1501 2457 1758 2527 τιμῲητε,

215 2546 436 2599 καὶτῶν
467 2547 728 2613 βασιλέως
759 2545 976 2616 ἀγαθῶν
1006 2546 1381 2616 κοινωνοίητε.,
1415 2547 1618 2617 Ἰησοῦς
1661 2547 1758 2616 μὲν

216 2634 330 2700 γὰρ
350 2635 573 2697 ἐκεῖνος,
602 2635 661 2686 ὃν
685 2637 894 2697 ἑαυτοῖς
956 2634 1180 2704 βασιλέα
1239 2635 1612 2703 χειροτονεῖτε,
1670 2633 1760 2685 τὸν

214 2725 328 2777 τῶν
361 2724 685 2794 ,κακούργων
717 2724 944 2778 θάνατον
994 2722 1251 2785 ὑποστὰς.
1282 2724 1382 2775 οὐκ
1418 2723 1572 2792 ἔσχεν
1599 2721 1759 2774 αὑτὸν

216 2811 452 2880 βοηθεῖν.
509 2812 633 2877 Πῶς
683 2808 777 2868 οὖν
819 2814 946 2883 ὑμῖν
1001 2813 1288 2882 ὲπαμύνει,
1320 2811 1379 2875 ός
1441 2813 1562 2884 μηδ’
1609 2811 1759 2882 αὖτῷ

217 2901 454 2970 ἠμυνεη
493 2903 525 2972 η
561 2902 678 2964 πιῖις
705 2902 813 2957 τῶν
843 2904 921 2964 είς
971 2903 1136 2972 τιμὴν
1170 2903 1406 2970 ἡκόντων
1435 2919 1486 2955 τι
1522 2902 1754 2971 μεταδῷ,

214 2987 250 3037 ό
277 2986 449 3049 οὕτως
477 2988 684 3056 ἀτίμως
730 2986 942 3054 θανών;
982 2989 1246 3056 ἑπίγνωτε
1302 2990 1426 3053 τοὺς
1465 2989 1758 3059 εὐεργέτας

1928 1021 2033 1091 Sed
2063 1021 2176 1077 haec
2202 1024 2418 1093 quidem
2458 1023 2708 1078 veritatis
2747 1032 3203 1095 propugnatorum
3255 1027 3402 1089 adea

1865 1113 2224 1182 imperterrita
2257 1113 2506 1182 loquendi
2529 1114 2753 1169 libertas
2777 1123 2912 1170 erat.
2954 1117 3021 1168 At
3047 1115 3257 1183 judices
3292 1118 3396 1172 im-

1858 1205 2014 1275 probi
2044 1205 2142 1259 bos
2167 1205 2285 1259 sine
2315 1218 2466 1259 mora
2489 1206 2772 1260 tormentis
2815 1205 3133 1272 subdebant,
3159 1206 3399 1278 ipsisque

1857 1292 2252 1348 certaminibus
2287 1292 2713 1365 experimentum
2742 1295 3034 1351 sumebant
3073 1306 3130 1351 et
3173 1297 3242 1352 de
3267 1299 3402 1353 invi-

1859 1390 1949 1436 cto
1967 1382 2290 1455 athletarum
2325 1383 2540 1447 robore,
2573 1391 2628 1439 et
2657 1383 2726 1438 de
2764 1398 2861 1438 sua
2903 1383 3055 1441 clade
3082 1397 3136 1440 et
3164 1387 3406 1460 victoriae
3457 1437 3459 1440 .

1864 1472 2175 1528 amissione.
2205 1472 2310 1526 Alii
2345 1468 2480 1542 "vero
2506 1475 2758 1542 quamvis
2789 1475 3014 1529 caadium
3051 1475 3250 1543 cupidi,
3286 1468 3402 1530 ma-

1859 1560 2048 1630 gisque
2085 1563 2366 1632 sanguinis
2396 1571 2717 1633 martyrum,
2765 1579 2926 1634 quam
2953 1579 3105 1635 aqua:
3131 1557 3398 1630 sitientes,

1858 1650 2150 1704 blanditias
2169 1651 2345 1706 adhuc
2362 1652 2707 1720 adhibebant,
2731 1663 2786 1708 et
2814 1669 2842 1707 a
2876 1643 3212 1711 cruciatibus
3234 1657 3400 1711 absti-

1859 1740 2080 1805 nebant,
2119 1747 2174 1795 et
2200 1741 2266 1794 ad
2298 1739 2598 1796 tendiculas
2622 1743 2938 1807 verborum,
2967 1758 3073 1814 quo
3108 1745 3399 1800 clementes

1859 1845 1981 1884 esse
2005 1831 2350 1893 viderentur,
2403 1845 2524 1886 sese
2579 1831 2996 1887 convertebant."
3033 1830 3180 1888 Licet
3228 1833 3396 1899 vobis,

1859 1920 2092 1984 aiebant,
2141 1920 2446 1974 nolentibus
2502 1935 2724 1976 cernere
2764 1921 2818 1976 id
2847 1923 2990 1989 quod
3033 1921 3395 1986 conducibile,

1859 2024 2041 2062 anmra
2072 2024 2217 2063 mors
2243 2009 2541 2078 expetenda
2583 2008 2846 2071 videatur,
2886 2018 2940 2062 at
2965 2025 3064 2064 nos
3089 2010 3396 2065 miscricor-

1857 2099 1944 2152 dia
1979 2101 2141 2154 vestri
2170 2099 2337 2168 tangit
2365 2116 2387 2163 ςς
2424 2114 2596 2167 neque
2625 2113 2718 2155 vos
2751 2099 2889 2154 male
2915 2099 3092 2170 perire
3122 2100 3393 2173 volumus.

1858 2188 2044 2244 Satius
2088 2197 2267 2246 autem
2296 2197 2435 2253 erat,
2466 2199 2525 2242 ut
2556 2191 2701 2244 velut
2736 2189 2996 2244 orationis
3025 2189 3224 2244 lumine
3251 2205 3395 2254 eam,

1859 2293 1978 2348 quae
2005 2279 2159 2334 vobis
2187 2278 2519 2334 circumfusa
2546 2290 2650 2346 est,
2683 2279 3046 2348 deceptionem
3074 2294 3396 2350 expurgare-

1858 2370 1949 2433 tis,
1979 2379 2037 2423 ut
2070 2371 2151 2426 sic
2173 2369 2388 2426 deserta
2415 2371 2716 2440 periculosa
2747 2371 3116 2440 persuasione,
3147 2371 3278 2427 deos
3306 2385 3398 2425 no-

1860 2461 2063 2514 biscum
2093 2460 2366 2526 coleretis,
2389 2466 2442 2514 et
2471 2459 2756 2526 bonorum,
2778 2476 2899 2530 quae
2924 2461 3211 2537 imperator
3237 2460 3396 2534 largi-

1858 2558 1963 2612 tur,
1995 2549 2286 2618 participes
2318 2548 2536 2603 essetis.
2562 2549 2695 2602 Nam
2721 2547 2880 2604 Iesus
2909 2549 3020 2612 ille,
3061 2565 3218 2619 quem
3246 2550 3397 2606 Vobis

1857 2651 2034 2705 regem
2066 2638 2262 2706 legitis,
2287 2629 2654 2699 maleﬁcorum
2701 2647 2873 2692 morte
2922 2638 3118 2706 subita,
3155 2639 3258 2692 sibi
3283 2639 3397 2707 ipse

1855 2742 2010 2795 opem
2029 2725 2177 2786 ferre
2205 2728 2410 2797 nequit.
2435 2725 2716 2791 Quomodo
2733 2726 2898 2796 igitur
2923 2727 3074 2782 vobis
3091 2737 3392 2792 succurret,
3487 2795 3497 2800 .

1855 2817 1944 2884 qui
1972 2816 2075 2872 sibi
2109 2832 2218 2871 non
2246 2816 2345 2872 fuit
2379 2815 2616 2872 auxilio?
2637 2815 2744 2870 Aut
2772 2815 3042 2885 quomodo
3065 2815 3132 2880 is,
3157 2817 3248 2886 qui
3278 2824 3406 2870 tam"

1853 2904 2267 2974 ignominiosam
2296 2915 2524 2959 mortem
2550 2903 2797 2973 oppetiit,
2818 2903 3004 2974 gloriae
3043 2901 3243 2971 aliquid
3264 2916 3394 2956 con-

1843 2991 2028 3048 .feret?
2055 2992 2344 3063 Agnoscite
2375 2991 2745 3048 benefactores
2789 2999 2845 3046 et
2892 3000 3194 3070 servatores
3218 2990 3388 3045 'deos.

214 3074 577 3143 καὶσωτῆρας
629 3075 802 3138 θεούς.
848 3077 960 3145 Οὐχ
997 3077 1178 3145 ὁρᾶτε,
1227 3075 1347 3128 ὅθεν
1390 3076 1458 3128 τὰ
1501 3075 1756 3129 κάλλιστα

1858 3081 2044 3137 Nonne
2075 3085 2289 3149 videtis,
2350 3085 2491 3140 unde
2543 3083 2902 3154 pulcherrima
2935 3098 3159 3152 qumque
3195 3080 3394 3136 ﬂuant?

215 3165 621 3234 παραγίνεταις
649 3167 837 3236 Ἥλιος
857 3165 1039 3219 οὑτοσὶ
1065 3168 1134 3222 τά
1169 3167 1352 3219 πάντα
1391 3165 1592 3240 ,πληροῖ
1645 3183 1756 3234 φω-

214 3255 330 3318 τὸς,
362 3253 537 3308 πάντα
562 3257 756 3326 πληροῖ
775 3257 938 3326 ζωῆς.
976 3257 1244 3324 Ἀγνοείτε
1280 3259 1468 3311 τούτου
1517 3259 1614 3326 τὴν
1663 3256 1755 3310 δύ-

214 3363 418 3415 ναμιν;
451 3347 525 3414 οὐ
551 3347 668 3412 νὺξ,
699 3349 790 3402 καὶ
814 3351 994 3419 ἡμέρα
1029 3352 1142 3412 τοῖς
1196 3351 1405 3402 ἐκείνου
1459 3349 1756 3418 ἀκαμάτοις

213 3437 437 3505 δρόμοις
481 3437 789 3506 μερίζεταις
829 3438 904 3490 Οὐ
947 3437 1054 3490 τῶν
1107 3436 1421 3506 θαυμασίων
1473 3437 1650 3506 ὼρῶν,
1697 3434 1754 3487 αἶ

215 3525 410 3596 ὥςπερ
443 3525 634 3595 σεμναί
659 3543 800 3588 τινες
821 3527 1246 3597 κόραιάλλήλαις
1294 3527 1752 3596 περιχορεύουσιν,

215 3611 376 3680 οὗτός
437 3617 583 3671 ἐστιν
630 3616 979 3683 αἰτιώτατος;
1022 3615 1150 3686 'Ap’
1197 3617 1376 3684 ὀλίγου
1436 3616 1577 3676 τινος
1631 3615 1755 3678 ἄξια

216 3707 413 3770 ταῦτα,
436 3711 528 3761 καὶ
552 3709 614 3760 οὐ
636 3709 783 3769 θείας
803 3708 1002 3776 τιμῆς;
1037 3707 1170 3759 Οὐδὲ
1210 3709 1437 3776 σελήνην
1486 3706 1620 3767 ἴστε,
1655 3705 1753 3757 ὅσα

216 3796 530 3865 ἀνθρώποις
557 3794 862 3866 χαρίζεταις
920 3797 1020 3847 ὅσα
1056 3793 1532 3876 συμϐάλλεταιγτῷ
1564 3795 1750 3857 παντί;

213 3885 552 3952 ιιροσιρέρειν
574 3885 666 3937 οὖν
699 3885 778 3936 δεῖ
808 3885 1088 3956 καὶταύτῃ
1133 3885 1193 3936 τὸ
1241 3884 1400 3945 σίδας
1429 3901 1442 3912 ·
1504 3885 1593 3936 ναὶ
1646 3883 1752 3952 μὴν

214 3976 447 4052 καὶτοῖς
467 3973 644 4036 ἄλλοις
691 3975 1022 4044 φωστῆρσιν,
1048 3969 1123 4028 ὧν
1168 3977 1202 4044 ἡ
1237 3974 1504 4042 ἐπιτροπὴ
1561 3973 1754 4026 διοικοο
1780 4016 1784 4020 ,

211 4065 372 4131 νομεῖ
401 4064 469 4116 τὰ
493 4063 832 4133 ἀνθρώπιναο
865 4065 959 4116 ἐπὶ
1004 4066 1138 4117 πᾶσι
1167 4064 1245 4130 δὲ,
1281 4063 1358 4134 τῷ
1405 4063 1538 4116 θεῶν
1566 4063 1753 4133 ὑπάτῳ

211 4152 390 4217 Ama;
411 4153 659 4207 ἁπάντων
687 4154 867 4225 εἴληχε
896 4156 993 4225 τὴν
1019 4156 1213 4228 ἀρχήν.
1297 4158 1300 4162 ’

283 4355 428 4425 Πρὸς
475 4355 645 4411 ταῦτα
692 4358 755 4410 oi‘
801 4359 900 4428 μὲν
928 4357 1034 4412 τῶν
1080 4357 1391 4428 μαρτύρων,
1435 4360 1610 4428 σιωπῇ
1653 4359 1751 4427 τὴν

1859 3173 1951 3229 Sol
2003 3175 2108 3230 iste
2142 3177 2323 3230 omnia
2370 3175 2554 3245 implet
2588 3176 2812 3238 lumine,
2834 3175 3014 3229 omnia
3052 3173 3237 3243 implet
3264 3171 3391 3227 vita.

1852 3255 1992 3318 Nu’i'n
2024 3264 2129 3317 vim
2153 3264 2270 3331 ejus
2298 3264 2596 3332 ignoratis?
2627 3265 2708 3318 An
2738 3279 2844 3317 non
2883 3277 2987 3317 nox
3019 3272 3073 3317 et
3089 3264 3204 3319 dies
3243 3262 3393 3319 inde-

1855 3355 2053 3411 sinenti
2085 3355 2203 3422 ejus
2230 3369 2395 3409 cursu
2425 3354 2818 3421 distinguitur?
2842 3354 2924 3407 An
2969 3367 3078 3408 non
3104 3352 3392 3408 admirabi-

1853 3443 1984 3497 lium
2013 3434 2289 3503 hbrarum,
2327 3455 2449 3508 quae
2494 3441 2638 3494 velut
2685 3433 2894 3494 decora!
2936 3439 3124 3508 puella:
3162 3441 3394 3494 choreas

1801 3595 1808 3609 τ
1852 3532 1956 3584 sibi
1984 3537 2175 3583 mutuo
2201 3529 2553 3582 succedentes
2570 3525 2788 3596 agitant,
2817 3526 2920 3580 iste
2945 3526 3026 3580 vel
3057 3526 3288 3579 maxime
3307 3532 3392 3578 est
3481 3561 3484 3564 ~

1852 3617 2114 3672 eﬂector?
2144 3619 2225 3669 An
2258 3618 2370 3670 haec
2392 3617 2586 3684 exiguo
2611 3619 2835 3678 honore,
2864 3621 2918 3668 et
2945 3629 3050 3667 non
3093 3615 3277 3667 divino
3302 3613 3386 3665 «li-

1851 3723 1954 3777 gna
1999 3708 2163 3762 sunt?
2205 3705 2313 3761 Nec
2348 3713 2546 3774 quanta
2607 3704 2730 3757 luna
2787 3702 3092 3756 hominibus
3148 3709 3383 3768 praestet,

1850 3796 2054 3851 nostis?
2079 3802 2280 3864 quanta
2304 3792 2582 3846 commoda
2627 3806 2806 3844 rerum
2835 3788 3170 3844 universitati
3214 3789 3386 3858 ιιι-οῧί-

1851 3885 2011 3952 gnat?
2031 3884 2250 3952 Oportet
2276 3896 2432 3949 ergo,
2455 3889 2514 3934 ut
2551 3888 2605 3934 et
2622 3879 2736 3934 inec
2763 3879 2943 3933 debito
2978 3878 3124 3933 cultu
3152 3879 3385 3941 colatur,

1849 3979 1959 4032 imo
1983 3985 2038 4032 et
2063 3977 2186 4031 aliis
2225 3974 2604 4037 luminaribus,
2632 3989 2861 4042 quorum
2891 3973 3109 4026 moriere
3151 3971 3382 4024 humana

1849 4066 2317 4130 administrantur,
2348 4064 2528 4119 cultus
2554 4073 2638 4118 est
2665 4061 3023 4118 exhibendas.
3062 4061 3178 4118 Pius
3213 4062 3386 4117 omni-

1853 4157 1954 4211 bus
1983 4162 2182 4220 autem,
2211 4154 2392 4209 divum
2427 4167 2681 4226 supremo
2704 4150 2846 4220 Jovi,
2887 4153 2974 4216 cui
3019 4153 3298 4223 imperium
3329 4151 3385 4206 in
3462 4158 3470 4170 ‘

1852 4261 2038 4303 omnes
2066 4230 2448 4302 commissum.

1917 4356 2013 4412 llis
2036 4356 2252 4422 auditis,
2283 4349 2576 4427 martyrum
2628 4356 2873 4412 nonnulli
2904 4357 3118 4411 silentio
3139 4370 3379 4411 errorem

210 4445 391 4497 αὐτῶν
405 4444 606 4514 πλάνην
662 4447 1014 4532 κατέστενονκ
1037 4450 1097 4501 Οἱ
1135 4449 1191 4500 δὲ
1231 4449 1323 4502 καὶ
1350 4449 1574 4518 δάκρυσι
1625 4463 1754 4500 κατι

1854 4449 2247 4519 deplorahant:
2303 4449 2425 4503 aliis
2478 4449 2709 4502 ubertim
2779 4450 3025 4518 lacrymte
3075 4447 3384 4509 manabant,

213 4533 500 4598 ελείὸοντο,
525 4533 679 4585 τοῦτο
727 4534 824 4602 μὲν
849 4535 942 4589 τοῦ
966 4538 1302 4607 Δημιουργοῦ
1344 4539 1443 4606 τὴν
1495 4538 1648 4607 ὖϋριν
1687 4537 1749 4589 οὐ

211 4626 468 4691 φέροντες
487 4622 764 4692 ἀδακρυτὶ,
793 4626 952 4680 τοῦτο
978 4629 1170 4702 δὲ,]ιιαὶ
1197 4630 1319 4692 τοὺς
1363 4629 1748 4698 πλανωμένους

210 4713 314 4778 τῆς
339 4712 594 4773 ἀπονοίας
612 4707 985 4781 οἰκτείροντες.
1036 4719 1224 4782 ’Ἄλλος
1269 4721 1328 4772 δέ
1384 4736 1466 4782 τις
1499 4720 1748 4786 γλῶσσαν

211 4795 587 4864 πολύφθογγον
612 4802 941 4870 ἀνακινήσας
971 4804 1046 4873 τῷ
1074 4807 1372 4877 Evadunt,
1422 4806 1528 4860 τῶν
1577 4806 1747 4872 λόγων

209 4884 271 4937 τὸ
291 4884 533 4951 μάταιον,
563 4885 735 4953 λόγοις
761 4888 1012 4959 ἀληθείας
1029 4896 1314 4963 ὲρῤάπιζε.
1363 4897 1494 4964 Περὶ
1526 4877 1625 4962 μὲν
1651 4896 1748 4962 τῆς

210 4975 302 5027 τοῦ
331 4975 594 5043 ἡμετέρου
609 4977 865 5046 βασιλέως
883 4981 1159 5049 δυνάμεως
1189 4985 1380 5052 λέγων·
1400 4982 1470 5037 ’Ὦ
1500 4984 1744 5048 δικαστὰ,

211 5065 267 5117 δν
312 5063 472 5130 ἔφηςκ
500 5069 588 5119 τὸν
631 5069 738 5121 τῶν
780 5074 1097 5140 κακούργων
1147 5076 1375 5130 Θάνατον
1431 5078 1744 5147 ὑπομεῖναι;

208 5157 322 5220 εἶτε
341 5154 645 5228 βουλομένῳ
676 5177 758 5213 σοι
780 5163 810 5214 ό
849 5161 1104 5232 λογισμὸς
1137 5167 1271 5236 πρὸς
1313 5169 1373 5220 τὸ
1418 5168 1545 5236 ὕψος
1582 5164 1744 5219 αὑτοῦ

208 5247 306 5312 τῆς
351 5245 764 5315 μεγαλειότητος
791 5252 1135 5317 ὲνατενίζειν,
1181 5255 1352 5322 ἔγνως
1410 5257 1474 5309 ἂν
1526 5253 1634 5317 οἶός
1663 5257 1745 5316 τίς

211 5331 447 5399 ἐστιτήν
474 5331 722 5403 δύναμιν,
778 5342 872 5391 καὶ
915 5339 1008 5392 τὸν
1045 5336 1289 5407 θάνατον,
1348 5344 1406 5395 όν
1445 5344 1739 5411 χλευάζεις,

207 5418 402 5488 ἡλίκην
459 5421 604 5491 ζωὴν
655 5428 1040 5496 προεξένησενς
1110 5431 1246 5483 Ἀλλ’
1287 5433 1348 5484 οὐ
1416 5432 1568 5498 φίλον
1617 5435 1764 5500 ὑμῖν.

208 5504 547 5574 ἀπηλλάχθαι
571 5508 669 5573 τῆς
697 5512 854 5582 φίλης
871 5515 1095 5584 πλάνης.
1129 5510 1225 5578 Οἷς
1253 5517 1309 5568 δὲ
1344 5520 1471 5587 περί
1500 5535 1559 5571 τε
1591 5520 1740 5588 ἡλίου

213 5592 304 5643 καί
327 5591 436 5645 τῶν
481 5592 652 5648 ἄλλων
683 5600 964 5666 συνείρεις,
997 5604 1096 5655 οὐκ
1151 5603 1448 5667 ἀγνοοῦμεν
1493 5609 1614 5668 τοὺς
1663 5607 1746 5657 λύ-

1847 4541 2046 4608 partim
2069 4540 2195 4610 quia
2226 4547 2427 4594 tantam
2454 4541 2507 4594 in
2550 4541 2856 4610 creatorem
2898 4536 3146 4605 injuriam
3181 4535 3384 4602 absque

1849 4606 2102 4699 lacrymis
2135 4629 2274 4683 ferre
2302 4646 2409 4684 non
2425 4606 2712 4699 poterant;
2743 4630 2955 4699 partim.
2975 4626 3100 4692 quia
3129 4625 3380 4693 deceptos

1848 4718 1982 4773 istos
2009 4721 2081 4773 ob
2107 4722 2394 4774 amentiam
2420 4720 2831 4774 miserabantur.
2855 4719 3006 4772 Alius
3035 4725 3212 4769 autem
3242 4728 3378 4767 rese

1849 4819 1963 4860 rata
1993 4808 2194 4863 diserta
2218 4809 2399 4877 lingua
2449 4824 2544 4876 per
2569 4809 2852 4878 Spiritum,
2881 4806 3142 4859 orationis
3178 4804 3378 4885 vanita-

1848 4907 1976 4961 tem,
2027 4897 2241 4960 dicendi
2296 4899 2519 4952 veritate
2573 4897 2867 4966 eastigabat
2901 4895 2984 4948 bis
3011 4901 3065 4946 et
3114 4891 3379 4944 similibus

1845 4984 2026 5038 verbis
2054 5001 2067 5036 :
2112 4983 2186 5039 De
2242 4987 2409 5039 nostri
2444 4985 2607 5054 Regis
2655 4984 2911 5052 potentia,
2943 4979 3182 5046 ojudcx,
3215 4993 3375 5045 quem

1847 5075 1926 5128 ais
1951 5073 2314 5128 maleﬁcorum
2359 5091 2541 5144 necem
2589 5074 2839 5136 subiisse,
2871 5071 2917 5123 si
2959 5069 3050 5122 tibi
3081 5067 3380 5120 collibitum

1844 5170 1989 5214 esset
2021 5163 2179 5228 paulo
2204 5162 2456 5214 attentius
2488 5163 2743 5229 cogitare,
2773 5168 2826 5212 et
2871 5158 2925 5209 in
2957 5155 3378 5224 magnitudinem

1843 5248 1964 5316 ejus
1990 5252 2178 5304 oculos
2208 5250 2459 5319 deﬁgere,
2516 5251 2840 5318 intelligeres
2872 5247 3055 5312 utique
3091 5243 3208 5311 ejus
3247 5243 3356 5296 vim

1843 5342 2132 5408 simulque,
2161 5341 2374 5409 qualem
2407 5342 2596 5402 vitam,
2633 5353 2799 5401 mors,
2826 5351 2986 5404 quam
3019 5335 3183 5398 rides,
3217 5349 3367 5402 pepe-

1845 5425 1996 5479 rerit.
2021 5426 2089 5480 At
2114 5442 2220 5479 non
2248 5435 2459 5494 gratum
2497 5435 2581 5479 est
2610 5427 2786 5489 vobis,
2811 5435 2869 5476 ut
2906 5423 2973 5475 ab
3002 5435 3188 5475 errore
3225 5431 3377 5491 grato

1844 5515 2160 5569 liberetnini.
2219 5515 2370 5578 Quod
2404 5530 2530 5566 vero
2579 5515 2646 5567 de
2697 5514 2809 5566 sole
2829 5522 2882 5565 et
2925 5510 3044 5566 aliis
3066 5510 3248 5575 υσθυε,
3271 5527 3375 5568 non

1848 5605 2178 5668 ignoramus,
2211 5620 2346 5686 quos
2378 5602 2635 5657 terminus
2663 5617 2693 5655 a
2718 5601 2969 5658 Creatore
3000 5601 3250 5671 praeﬁxos
3283 5604 3366 5658 ha-
