3968 6322
561 369 572 388 -’
605 349 702 412 183

1797 341 2062 402 LEONIS
2088 340 2535 400 PHILOSOPHI

3644 337 3748 402 184

601 474 746 514 mum
790 457 1097 526 nullumque
1139 455 1302 508 Deum
1341 469 1464 508 cum
1514 453 1737 508 deorum
1780 453 2121 508 multitudine

2245 451 2597 522 πμασιταότην
2613 451 2798 504 δίδοτε.
2819 452 3192 520 Ἀναϐλέψατε,
3203 451 3489 522 ἄνθρωποι,
3506 454 3756 523 λογισμῷ

600 547 860 604 miseetis.
895 544 1070 611 Quare
1100 545 1245 598 nullo
1291 543 1453 600 modo
1481 543 1829 600 dividendum
1871 553 1955 598 est
1995 541 2131 595 diri-

602 653 729 692 uum
759 635 962 692 Numen
995 637 1047 689 in
1078 635 1251 704 plura,
1286 649 1459 704 neque
1487 635 1562 700 id,
1585 634 1724 690 unde
1748 634 1866 687 aliis
1891 647 2131 687 commu-

603 728 691 780 nio
739 725 960 780 unitatis
990 734 1172 778 manat
1202 725 1347 793 (inde
1388 726 1530 777 enim
1566 725 1634 778 ad
1668 739 1776 788 res,
1808 738 1926 792 qua:
1952 723 2133 792 plures

599 826 652 869 et
689 815 942 883 dispersa:
970 824 1115 880 sunt,
1150 817 1326 871 unitas
1350 815 1516 882 venit)
1554 829 1652 884 par
1679 824 1764 870 est
1797 816 2012 884 privare
2046 828 2131 881 eo,

599 904 741 989 quod
770 904 993 974 largitur
1014 903 1155 960 aliis.
1187 902 1371 972 Neque
1394 903 1778 973 partitionibus
1802 912 1857 958 et
1877 903 2134 958 sectioni-

603 997 702 1050 bus
724 995 982 1050 unitatem
1011 993 1396 1049 dominationis
1426 993 1697 1062 subjicite,
1726 1009 1897 1062 neque
1928 1003 2133 1063 partem

609 1083 726 1151 ejus
751 1085 1102 1152 superiorem,
1139 1091 1342 1151 partem
1377 1096 1502 1136 vero
1549 1081 1854 1135 inferiorem
1879 1096 1998 1136 esse
2020 1083 2136 1135 exi-

604 1173 841 1234 stimate,
871 1187 1046 1239 neque
1071 1169 1313 1223 detracto
1344 1183 1373 1220 a
1403 1170 1660 1224 Creatoro
1696 1171 1879 1225 debito
1907 1171 2054 1224 cultu
2083 1178 2139 1225 et

607 1261 941 1326 aduratione,
993 1275 1109 1314 eam
1157 1263 1422 1316 creaturis
1471 1262 1711 1318 tribuite.
1764 1261 2057 1331 Respicite,
2105 1277 2139 1318 o

608 1355 881 1416 mortales,
901 1351 956 1404 in
973 1351 1190 1405 caelum.
1218 1351 1434 1411 Discite,
1457 1354 1582 1419 quis
1601 1352 1796 1406 cmlum
1820 1353 2139 1408 extenderit.

605 1440 738 1502 Quis
787 1439 942 1507 quasi
991 1437 1230 1508 siderum
1267 1438 1492 1493 ﬂoribus
1545 1439 1685 1495 illud
1723 1441 1962 1494 variarit.
2009 1440 2139 1505 Quis

607 1529 902 1582 luminibus
933 1529 1038 1582 illis
1063 1529 1308 1594 ordinem
1333 1530 1741 1599 praescripserit.
1773 1529 1903 1595 Quis
1931 1532 2143 1585 univer-

605 1617 817 1672 sitatem
885 1618 1024 1672 hanc
1083 1619 1364 1673 ordinarit.
1417 1619 1551 1684 Quis
1618 1620 1974 1676 immensitate
2029 1634 2141 1675 sua:

605 1707 842 1761 scientiae
880 1722 968 1763 res
998 1723 1184 1763 omnes
1218 1715 1326 1763 tam
1356 1709 1621 1764 concinne
1657 1707 1985 1777 disposuerit
2013 1727 2027 1764 :
2069 1711 2138 1765 ita

607 1804 663 1848 ut
707 1811 802 1865 per
834 1795 953 1866 ejus
999 1799 1450 1868 elegantissimae:
1501 1766 1930 1868 dispositionem,
1977 1801 2132 1869 quasi

603 1899 699 1952 per
757 1887 1216 1942 ordinatissimum
1266 1889 1491 1945 chorum
1545 1890 1806 1957 sapientia
1861 1889 2135 1947 Creatoris

604 1972 937 2042 decantetur,
973 1985 1030 2032 et
1063 1978 1502 2056 praestantissima
1541 1995 1765 2050 quaeque
1795 1980 1937 2035 dona
1975 1981 2137 2037 homo

607 2066 878 2136 percipiat.
914 2067 1111 2123 Discite
1145 2070 1278 2134 haec,
1315 2076 1369 2124 et
1405 2071 1683 2138 repudiato
1717 2085 1893 2126 rerum
1923 2080 2136 2126 creata-

606 2172 722 2208 rmu
766 2159 932 2222 cultu,
972 2158 1167 2216 discite
1201 2175 1451 2228 magnum
1479 2160 1673 2214 divinae
1721 2160 2140 2228 dispensationis

607 2245 745 2295 circa
766 2245 1006 2299 homines
1028 2247 1357 2315 mysterium.
1377 2246 1654 2311 Quomodo
1675 2254 1888 2314 propter
1904 2249 2132 2302 salutem

609 2333 881 2387 hominum
911 2335 1051 2389 Deus
1078 2335 1237 2388 homo
1261 2321 1440 2389 tactus
1465 2337 1556 2388 sit.
1591 2335 1654 2388 Et
1675 2337 1942 2403 quomodo
1961 2352 2130 2403 mors,

2227 542 2306 604 είς
2331 542 2419 595 τὸν
2449 542 2672 612 οὐρανόν
2697 557 2713 571 ·
2737 543 3097 612 καταμάθετε,
3124 544 3205 606 τίς
3229 545 3257 596 δ
3283 543 3516 608 τανύσας
3545 545 3712 597 αὐτόν
3739 561 3753 572 ο

2227 630 2310 693 τίς
2339 634 2367 683 ό
2388 633 2631 696 ποικίλας
2666 633 2826 698 αὑτὸν
2881 631 2957 703 τῷ
2995 633 3224 705 άστρῴῳ
3251 635 3430 700 ἄνθει,
3463 636 3598 703 τίς-δ
3631 636 3758 687 δια-

2229 720 2390 785 τάξας
2417 721 2609 790 δρόμον
2657 725 2966 792 φωστῆρσι,
3017 722 3101 786 τίς
3150 724 3178 775 ὁ
3238 721 3459 794 Θὲμενος
3501 721 3652 786 τάξιν
3678 721 3762 790 τῷ

2209 813 2391 865 Απαντὶ
2413 852 2428 877 ,
2455 813 2589 876 τίς’ό
2619 813 2829 884 ἀπείρῳ
2860 815 3137 886 ἐπιστήμῃ
3166 813 3302 866 οὕτω
3327 815 3437 876 τοῖς
3467 815 3630 867 πᾶσιν
3659 813 3762 881 ἀρα

2234 903 2421 972 μονίαν
2447 901 2688 970 θέμενος,
2711 900 2860 976 δι’ἦς
2887 903 3032 958 ὥσπε
3041 923 3073 975 ρ
3100 903 3425 974 τεταγμένου
3446 904 3604 974 χοροῦ
3624 905 3660 972 ἦ
3695 919 3761 956 τε

2206 1040 2211 1045 .
2234 993 2394 1061 σοφία
2417 993 2507 1045 τοῦ
2529 995 2849 1064 Ποιήσαντος
2875 985 3252 1063 ἀναφωνεῖται,
3286 996 3378 1049 καὶ
3404 997 3470 1050 τά
3498 996 3765 1050 κάλλιστα

2234 1084 2451 1135 πλουτεί
2478 1075 2782 1152 ἄνθρωπος.
2806 1083 3162 1153 Καταμάϐετε
3189 1082 3376 1147 ταῦτα,
3424 1082 3516 1135 καὶ
3550 1079 3766 1142 τούτοις

2233 1171 2620 1234 ἀνανεύσαντες
2643 1172 2740 1242 τῆς
2767 1171 2874 1225 τῶν
2912 1173 3218 1243 κτισμάτων
3263 1171 3522 1233 δουλείας,
3559 1169 3763 1238 μάθετε

2235 1263 2296 1316 τὸ
2329 1262 2469 1332 μέγα
2487 1262 2586 1332 τῆς
2619 1262 2745 1332 περὶ
2773 1258 3089 1332 ἀνθρώποῦς
3110 1262 3418 1330 οἰκονομίας
3465 1260 3768 1330 μυστήριον

2233 1355 2326 1408 τοῦ
2353 1355 2486 1408 Θεοῦ
2511 1395 2528 1418 ,
2558 1353 2675 1418 πῶς
2719 1354 2814 1425 μὶν
2839 1354 2924 1407 διὰ
2956 1353 3221 1422 σωτηρίαν
3267 1351 3573 1420 ἀνθρώπου,
3625 1347 3770 1410 Θεὸς

2235 1445 2516 1513 ἄνθρωπος
2542 1443 2765 1510 γίνεται,
2796 1443 2909 1506 πῶς
2941 1443 2986 1496 δ’
3006 1445 3034 1496 ό
3065 1442 3308 1506 Θάνατος,
3333 1441 3392 1494 δν
3409 1440 3602 1509 χλεύην
3634 1455 3768 1491 ποι-

2235 1533 2398 1597 ετσοε,
2433 1532 2576 1601 ζωῆς
2593 1531 2905 1595 αἰτιώτατος
2923 1531 3160 1600 γέγονεν,
3181 1530 3429 1584 ἀσθένεια
3451 1532 3478 1584 ὑ
3486 1532 3574 1599 μίν
3594 1528 3770 1592 εδοξε,

2235 1624 2314 1685 τὺ,
2342 1622 2720 1694 προσηλῶσθαι
2749 1623 2980 1694 σταυρῷ,
3005 1622 3097 1676 καὶ
3119 1622 3224 1692 μὴν
3252 1624 3459 1692 ἄμαχος
3485 1619 3577 1674 τοῦ
3603 1635 3775 1672 σταυ-

2240 1712 2332 1785 ροῦ
2363 1715 2395 1782 ἡ
2421 1713 2666 1783 δύναμις.
2703 1713 2855 1782 ’Λμα
2883 1729 2944 1764 τε
2965 1711 3072 1782 γάρ
3102 1711 3329 1780 σταυρὸς
3357 1709 3641 1778 ἐπεπήγει,
3669 1710 3774 1760 καὶ

2233 1801 2342 1854 τῶν
2363 1801 2491 1871 παρ’
2519 1801 2670 1872 ὑμῶν
2694 1799 2994 1871 σεϐομένων
3016 1799 3322 1869 δαιμονίων,
3346 1797 3406 1861 ἐξ
3430 1795 3635 1850 ἐκείνου
3661 1795 3772 1864 μὲ-

2234 1909 2325 1963 χρι
2354 1893 2445 1946 καὶ
2466 1889 2632 1962 νῦν,ἠ
2664 1890 2890 1962 δύναμις
2917 1889 3174 1959 ὑπολήγει
3195 1905 3210 1921 ·
3243 1891 3440 1952 ἐκεῖνος
3457 1885 3771 1956 ἀθάνατος.

2235 1984 2298 2036 τὸ
2330 1983 2524 2054 πικρὸν
2543 1983 2636 2037 τοῦ
2677 1981 2924 2048 θανάτου,
2944 1981 3025 2047 είς
3053 1971 3361 2051 γλυκύτητα
3391 1979 3773 2047 μετενήνοχεν,

2235 2073 2312 2141 ὼς
2335 2073 2429 2125 καὶ
2448 2071 2541 2126 νῦν
2565 2073 2697 2142 ἡμῖν
2737 2068 2848 2125 οἷόν
2872 2089 2926 2125 τι
2976 2071 3148 2139 γλυκὺ
3194 2071 3342 2139 πόμα
3368 2069 3436 2122 δι’
3479 2065 3780 2136 ἐπιθυμίας

2239 2165 2374 2226 ἐστὶ,
2418 2164 2485 2215 δι’
2510 2161 2676 2218 αὐτοῦ
2709 2154 2844 2233 πρὸς
2884 2163 3025 2230 ζωὴν
3056 2146 3593 2235 μεταϐαίνουσιν,’ὼς
3611 2157 3779 2226 εὐερ-

2227 2251 2399 2318 ιγέτην
2424 2252 2793 2320 προσμένομεν
2833 2249 3020 2314 αὐτὸν,
3049 2251 3130 2301 ὅτι
3150 2250 3244 2302 τοῦ
3267 2248 3490 2325 πηλίνου
3534 2246 3779 2318 μετοικί-

2237 2337 2344 2400 (rev
2376 2337 2625 2404 σκήνους,
2651 2339 2731 2398 εἰς
2754 2336 2849 2398 τάς
2869 2337 3143 2406 οὐρανίους
3159 2336 3513 2401 ὲγκατοικίςει
3544 2334 3775 2400 σκηνάς.

610 2435 768 2490 quam
813 2439 907 2478 vos
954 2425 1132 2478 irrisui
1175 2435 1228 2478 et
1267 2424 1563 2495 despicatui
1612 2425 1843 2492 habetis,
1889 2428 1960 2481 sit
2009 2428 2131 2481 vitae
2157 2441 2343 2481 causa.
2377 2425 2700 2482 lniirmitatis
2728 2426 2847 2481 loco
2875 2426 3126 2490 duxistis,
3181 2426 3323 2496 quod
3375 2424 3522 2479 cruci
3578 2423 3777 2480 aditus

610 2523 712 2570 cst.
752 2517 910 2584 Atqui
962 2518 1336 2586 insuperabilis
1378 2527 1458 2574 est
1491 2518 1666 2573 crucis
1708 2520 1903 2575 virtus.
1953 2519 2126 2574 Simul
2157 2529 2318 2590 atque
2345 2521 2487 2575 enim
2518 2535 2651 2574 crux
2683 2518 2784 2573 lixa
2814 2527 2918 2582 est,
2941 2519 3008 2575 ab
3032 2534 3097 2574 eo
3160 2528 3431 2574 momento
3481 2533 3654 2587 usque
3700 2519 3779 2572 ad

611 2623 843 2674 praesens
881 2618 1087 2676 tempus
1134 2615 1369 2674 potestas
1416 2607 1737 2669 daemonum.
1791 2609 1882 2677 qui
1918 2623 1947 2661 a
1985 2610 2138 2664 vobis
2165 2610 2497 2671 colebantur,
2527 2608 2710 2664 desiit.
2755 2607 2852 2662 Illa
2907 2623 3054 2663 mors
3107 2607 3516 2662 amaritudinem
3579 2607 3779 2662 mortis

614 2703 662 2752 iu
687 2699 1020 2754 dulcedinem
1059 2701 1233 2764 vertit,
1258 2715 1378 2769 quae
1404 2709 1458 2755 et
1491 2715 1634 2754 nunc
1663 2709 1918 2770 tanquam
1972 2703 2224 2772 poculum
2273 2712 2492 2773 gustatu
2525 2702 2680 2757 valde
2715 2702 3035 2770 jucundum,
3094 2701 3250 2754 nobis
3296 2709 3380 2754 est
3431 2703 3484 2754 in
3545 2701 3776 2770 optatis.

611 2802 792 2864 utpote
819 2793 972 2862 cujus
1002 2793 1304 2848 interventu
1339 2793 1406 2846 ad
1441 2795 1600 2846 vitam
1639 2793 1955 2859 transimus,
1987 2805 2040 2850 et
2083 2804 2142 2849 ut
2166 2795 2232 2850 de
2281 2796 2435 2850 nobis
2483 2795 2622 2849 bene
2665 2800 2957 2850 merentem
3027 2802 3425 2862 exspectamus,
3498 2792 3624 2862 quia
3703 2806 3781 2846 ex

533 2957 538 2962 '
611 2885 754 2937 luteo
793 2885 1134 2942 tabernaculo
1179 2884 1398 2938 eductos
1439 2883 1503 2936 ad
1545 2893 1773 2939 aeternas
1799 2885 1970 2953 [sedes
2018 2887 2268 2941 traducit.
2343 2893 2347 2902 '

682 2970 803 3027 llaec
821 2981 1112 3042 martyrum
1134 2975 1398 3041 quispiam
1429 2974 1736 3040 prolocutus
1759 2975 1962 3028 invicto
1979 2976 2141 3029 animi

2316 2971 2482 3030 Εἶπέν
2507 2993 2589 3040 τις
2616 2976 2782 3031 ταῦτα
2813 2976 2921 3030 τῶν
2949 2974 3228 3046 μακαρίων
3245 3012 3258 3036 ,
3295 2972 3523 3042 γενναίῳ
3551 2970 3647 3042 μὲν
3665 2989 3784 3024 παι-

604 3049 826 3123 ’νίψατο⁹
871 3058 1181 3126 disertaque
1219 3065 1271 3112 et
1303 3059 1461 3114 docta
1494 3058 1747 3133 facundia
1775 3062 1984 3128 tyranni
2007 3063 2139 3115 iram

2248 3067 2572 3135 ραστήματι,
2602 3065 2806 3136 εὐλάλῳ
2846 3067 2904 3120 δὲ
2926 3068 3014 3119 καὶ
3042 3067 3176 3135 σοφῇ
3208 3067 3272 3134 τῇ
3298 3065 3534 3132 γλώσσῃ.
3567 3060 3787 3114 καὶτοῦ

617 3149 881 3211 accendit,
914 3147 1112 3216 quibus
1141 3147 1282 3216 quod
1317 3150 1687 3215 responderet,
1729 3151 1863 3202 nihil
1891 3160 2142 3218 suppete-

2245 3155 2502 3222 τυράννου
2531 3153 2786 3215 ἐξέκαυσε
2840 3154 2930 3206 τὸν
2977 3154 3162 3221 θυμὸν,
3199 3148 3278 3214 οἷς
3331 3153 3602 3204 ἀντειπεῖν
3643 3150 3776 3219 ἡπό-

619 3237 729 3288 bat.
763 3235 825 3294 Et
855 3235 944 3287 ubi
971 3245 1251 3296 tormenta,
1284 3235 1676 3290 vociferabatur
1701 3237 1726 3289 ί
1762 3237 1861 3292 Ubi
1891 3237 2096 3306 ﬂagella
2126 3239 2150 3292 ί

621 3319 923 3373 Λίΐοτοιιιιιτ
965 3328 1116 3375 rotae.
1163 3321 1565 3377 lnilammentur
1611 3323 1879 3380 fomaces.
1947 3326 2011 3378 Et
2064 3327 2150 3382 bis

623 3421 871 3480 tanquam
897 3427 1101 3477 aurum,
1130 3429 1314 3468 aureas
1342 3431 1465 3470 vere
1487 3416 1702 3483 pietatis
1729 3419 2010 3489 imagines,
2033 3437 2152 3489 pro-

627 3502 840 3555 babant.
893 3502 1022 3567 Quis
1064 3517 1249 3558 eorum
1309 3505 1361 3558 in
1421 3508 1777 3576 perpetiendis
1816 3511 2189 3568 cruciatibus

625 3592 982 3645 constantiam
1031 3602 1084 3647 et
1127 3594 1466 3648 tolerantiam
1521 3597 1680 3666 digne
1739 3609 2080 3667 repraesentet
2127 3604 2152 3654 ἲ

629 3679 925 3746 ιἰοςοροτιιια
955 3689 1103 3735 erant
1139 3682 1492 3738 instrumenta
1521 3687 1584 3738 ad
1608 3686 1881 3742 cruciatus
1913 3689 2149 3744 inferen-

626 3766 724 3820 dos
772 3770 1034 3839 apposita.
1079 3769 1142 3822 Et
1175 3773 1294 3825 laeto
1326 3773 1497 3835 vultu,
1537 3776 1693 3842 quasi
1734 3777 2068 3831 medicamen
2099 3787 2151 3832 et

628 3853 862 3910 levamen
906 3858 1028 3912 inde
1071 3862 1369 3928 pereepturi
1415 3871 1615 3925 essent,
1669 3863 1921 3919 lictorum
1961 3880 2150 3922 manus

631 3943 992 4010 intuebantur,
1039 3949 1188 4016 quasi
1238 3964 1341 4002 non
1377 3960 1661 4016 tormenta,
1694 3953 1786 4008 sed
1821 3955 2150 4025 voluptatem

632 4035 701 4087 ab
733 4035 860 4102 ipsis
892 4046 1280 4118 exspectarent.
1312 4039 1376 4091 Et
1406 4040 1460 4094 bi
1501 4042 1710 4109 quidem
1743 4044 1815 4096 ad
1836 4059 1960 4100 ossa
1985 4061 2153 4114 usque

631 4137 724 4175 eos
753 4123 1029 4178 radebant.
1059 4127 1122 4176 At
1149 4125 1247 4188 illi,
1277 4128 1416 4180 sicut
1444 4130 1637 4195 planta:
1666 4132 1717 4185 in
1743 4133 2008 4199 profundo
2037 4134 2153 4203 pin-

633 4211 906 4278 guel’actaa,
945 4211 1268 4268 lloridioreut
1310 4214 1465 4268 iidem
1501 4218 1869 4272 ostendebant.
1916 4221 2153 4276 Membra

634 4300 741 4350 illis
768 4299 1142 4364 amputabant;
1172 4307 1225 4352 at
1255 4313 1515 4371 martyres
1550 4305 1733 4359 laudes
1767 4306 1876 4362 Deo
1904 4309 2154 4363 decanta-

637 4387 782 4459 hant,
821 4394 873 4436 et
919 4384 1042 4452 quia
1087 4386 1374 4454 impietatis
1421 4390 1646 4459 caligine
1679 4393 1993 4472 circumfusi
2048 4413 2153 4451 non

2253 3259 2355 3314 ρει.
2387 3243 2492 3294 Καὶ
2517 3240 2614 3292 ποῦ
2643 3244 2698 3293 αἰ
2732 3242 3105 3312 στρεϐλώσεις,
3136 3241 3296 3304 ἐϐόας
3331 3240 3440 3292 Ποῦ
3477 3240 3532 3292 δὲ
3566 3241 3622 3292 αἱ
3670 3241 3785 3308 μά-

2254 3347 2466 3399 στιγες;
2507 3330 2845 3400 Ἀχθήτωσαν
2874 3329 2931 3382 δὲ
2983 3330 3032 3382 οί
3073 3329 3270 3398 sperat,
3292 3327 3697 3390 ὲξαπτὲσθωσάν
3723 3345 3790 3380 τε

2252 3421 2345 3474 καὶ
2369 3422 2424 3473 αἱ
2464 3414 2702 3489 κάμινοι,
2738 3420 2832 3473 καὶ
2877 3418 3084 3482 τούτοις
3123 3417 3359 3487 ὡσπερεὶ
3399 3417 3616 3487 χρυσὸν,
3655 3418 3787 3481 τοὺς

2252 3511 2481 3580 χρυσοῦς
2509 3512 2672 3574 ὅντως
2695 3510 3011 3580 ἀνδριάντας
3032 3511 3128 3577 τῆς
3151 3507 3421 3568 εὐσεϐείας
3444 3506 3788 3575 ἐδοκίμαζον.

2251 3601 2348 3662 Τίς
2373 3601 2469 3670 τὴν
2508 3601 2641 3671 πρὸς
2688 3599 2756 3653 τά
2783 3599 2928 3652 δεινὰ
2977 3597 3267 3668 καρτερίαν
3307 3596 3484 3650 αὐτῶν
3513 3596 3784 3664 παραστή-

2254 3705 2368 3756 σει;
2405 3689 2734 3758 Εὑτρέπιστο
2761 3689 2829 3740 τὰ
2864 3688 3252 3758 βασανιστήρια
3299 3685 3526 3756 ὄργανα,
3547 3685 3639 3736 καὶ
3663 3685 3782 3751 χαίο

2254 3796 2399 3848 ροντι
2427 3778 2723 3848 προσώπῳ,
2753 3779 2997 3849 καθάπερ
3026 3777 3161 3846 πρὸς
3194 3775 3485 3852 Θεραπείαν
3531 3775 3631 3834 τὰς
3669 3772 3789 3825 τῶν

2252 3868 2456 3938 δημίων
2501 3869 2682 3938 χεῖρας
2723 3869 3045 3932 ἀπέϐλεπον,
3078 3866 3262 3938 ὥσπερ
3323 3867 3384 3920 οὐ
3438 3865 3614 3927 πόνου,
3667 3861 3786 3916 αλλ’

2254 3957 2447 4026 ἡδονῆς·
2483 3956 2542 4020 ἐξ
2585 3957 2764 4009 αὐτῶν
2795 3956 2962 4024 οὔσης
3004 3955 3385 4026 προσδοκίμου.
3439 3953 3547 4008 Καὶ
3589 3953 3638 4004 οἱ
3683 3953 3791 4021 μὲν

2254 4045 2398 4109 ἔξεον
2428 4047 2615 4116 μέχρις
2635 4045 2852 4101 ὀστέων.
2886 4046 2949 4098 Ol.
2980 4045 3054 4111 δὲ,
3084 4045 3264 4114 ὥσπερ
3290 4043 3434 4111 φυτά
3461 4044 3599 4096 κατά
3618 4041 3789 4110 βάθος

2255 4125 2593 4206 πιαινόμενα,
2655 4136 3041 4206 εὐανθεστέραν
3097 4133 3193 4204 τὴν
3257 4133 3438 4186 πίστιν
3489 4133 3787 4185 ἐδείκνυον.

2268 4225 2581 4294 Ἀπέκειρον
2606 4223 2674 4277 τὰ
2703 4224 2858 4293 μέλη.
2894 4224 2960 4275 Ol
2987 4222 3159 4290 δὲτὴν
3193 4222 3271 4282 είς
3296 4221 3425 4272 Θεὸν
3460 4218 3789 4285 δοξολογίαν,

2257 4315 2500 4385 καθάπερ
2554 4313 2792 4383 καρποὺς
2822 4311 3171 4378 ἀναφέροντες
3197 4350 3211 4373 ,
3253 4304 3334 4370 οἷς
3358 4309 3386 4359 ὁ
3409 4309 3507 4376 τῆς
3535 4308 3790 4370 ἀσεὸείας

2257 4405 2354 4458 οὐκ
2389 4406 2667 4458 ἐπεσκότει
2697 4403 2910 4469 γνόφος,
2943 4399 3256 4468 ὼραιότεροι
3280 4399 3640 4466 ἀνεφαίνοντο.
3683 4397 3788 4451 Καὶ

635 4483 807 4537 erant,
851 4474 1204 4543 speciosiorcs
1250 4486 1302 4529 et
1340 4477 1654 4546 fulgidiores
1702 4485 2043 4550 apparebant.
2076 4487 2148 4541 Illi

2258 4497 2306 4547 οί
2349 4495 2446 4563 μὲν
2473 4491 2861 4560 διεσπάρασσον
2902 4488 3111 4550 ὄνυξιν·
3168 4489 3217 4539 οἱ
3251 4487 3293 4539 δ’
3328 4475 3530 4556 ἔλεγον,
3576 4491 3785 4540 Aemo-

639 4565 846 4631 ungulis
878 4565 1205 4620 lacerabant.
1230 4565 1319 4619 Isti
1343 4583 1468 4621 vero
1495 4571 1795 4625 clamabant
1824 4590 1837 4625 :
1867 4573 2148 4634 Extenuate

2261 4601 2384 4636 νατε
2417 4583 2508 4634 τὸν
2536 4582 2633 4647 τῆς
2666 4577 2863 4647 σαρκὸς
2901 4575 3118 4645 χιτῶνα,
3151 4575 3210 4628 ὃν
3247 4578 3279 4644 ἡ
3316 4576 3555 4646 ἁμαρτία
3576 4578 3790 4645 ἐπάχν-

637 4655 814 4705 rarnis
849 4655 1063 4720 molem,
1111 4666 1157 4708 ct
1207 4657 1356 4722 quasi
1401 4660 1658 4722 tunicam,
1700 4676 1855 4726 quam
1886 4677 2157 4730 peccatum

638 4759 873 4796 crassam
897 4745 1088 4824 cll‘ecit.
1110 4746 1412 4800 Abradatur
1438 4749 1519 4802 bis
1543 4750 1911 4807 instrumentis
1938 4758 2159 4824 malitia,

637 4849 741 4899 qua
769 4833 947 4887 divino
978 4837 1123 4906 nperi
1171 4837 1433 4907 malignus
1465 4843 1663 4895 nocuit.
1702 4841 1854 4896 Nunc
1885 4845 2010 4898 dum
2040 4863 2159 4902 ossa

2259 4690 2366 4724 νεν.
2410 4666 2732 4730 ’Λποξεέσθω
2763 4666 2850 4718 διὰ
2877 4666 3078 4717 τούτων
3107 4667 3291 4730 κακία,
3333 4663 3418 4741 ᾖὸ
3461 4666 3690 4737 πονηρὸς
3711 4664 3792 4735 τῷ

2260 4763 2386 4830 θείῳ
2408 4761 2678 4826 ὑφάσματι
2709 4756 3026 4824 ἐλυμήνατο.
3081 4756 3192 4808 Νῦν
3237 4758 3389 4824 ἡμῖν,
3421 4756 3487 4809 δι’
3532 4748 3604 4808 ὧν
3652 4757 3792 4808 ἀπο-

2261 4850 2580 4918 γυμνοῦνται
2617 4848 2713 4915 τῆς
2744 4845 2939 4914 σαρκὸς
2960 4847 3025 4897 τὰ
3055 4846 3202 4905 ὀστᾶ.
3233 4849 3392 4914 χιτὼν
3416 4850 3613 4910 ἐκεῖνος
3639 4848 3669 4898 ὁ
3691 4847 3792 4900 ἀπ’

641 4936 803 4976 carne
850 4923 1138 4988 nudantur,
1181 4927 1374 4980 tunica
1401 4927 1512 4994 illa,
1551 4946 1657 4998 qua
1697 4933 1765 4984 ab
1803 4932 1957 4986 initio
1996 4936 2148 4990 indut‘

2263 4941 2434 5009 ἀρχῆς
2500 4937 2861 5007 ὲτοιμάζεται.
2913 4936 3022 4989 Νῦν
3085 4939 3212 5006 ἡμῖν
3264 4939 3324 4990 τὸ
3380 4939 3643 5006 μακάριον
3691 4939 3793 5006 τῆς

641 5029 872 5077 eramus,
904 5019 1060 5086 nobis
1103 5018 1284 5087 denuo
1322 5019 1671 5090 prcharctur.
1712 5023 1864 5077 Nunc
1897 5024 2048 5078 beata
2085 5027 2148 5080 ill:

2264 5027 2488 5090 εὐεξίας,
2543 5026 2569 5076 ὃ
2601 5026 2664 5076 δι’
2717 5023 2904 5091 ἡδονῆς
2949 5025 3322 5092 ἀπωλέσαμεν,
3361 5025 3418 5075 ὲν
3462 5025 3527 5092 τῇ
3559 5023 3793 5093 δοκούσῃ

633 5105 958 5157 ὀοιιειίιυιὶο
1021 5116 1074 5160 et
1134 5107 1416 5178 habitudo,
1473 5129 1633 5181 quam
1707 5129 1801 5181 per
1848 5116 2165 5182 voluptatem

647 5193 937 5254 amisimus,
973 5194 1026 5245 in
1061 5196 1326 5265 namque:
1350 5202 1502 5254 vobis
1530 5205 1756 5265 videtur,
1781 5214 2164 5257 tormentorum

650 5281 938 5332 acerbitate
970 5281 1121 5336 nobis
1155 5287 1474 5342 restituitur.
1503 5292 1645 5355 Quas
1683 5294 1856 5360 regias
1878 5294 2162 5360 dignitates

652 5374 705 5416 ct
728 5382 853 5434 opes
871 5369 1218 5426 libentissime
1243 5389 1346 5427 non
1370 5377 1602 5432 insumat
1620 5383 1741 5449 quis
1765 5391 1818 5434 et
1856 5381 2161 5449 profundat,

655 5463 712 5503 ut
756 5455 892 5511 hunc
936 5466 1040 5513 tam
1083 5461 1287 5515 felicem
1329 5475 1524 5518 statum
1578 5478 1853 5535 recuperet
1890 5471 1912 5520 ἱ)
1945 5473 2009 5522 At
2066 5469 2164 5524 bac

652 5541 842 5608 exigua
881 5552 1121 5620 corporis
1153 5554 1295 5608 velut
1324 5570 1574 5623 expensa,
1612 5567 1664 5608 et
1699 5559 1936 5624 impensa
1981 5559 2160 5613 divina

655 5631 742 5685 illa
765 5630 992 5700 dignitas
1020 5642 1275 5696 redditur.
1308 5645 1444 5706 Quin
1472 5646 1644 5708 potius
1680 5663 1846 5707 imque
1875 5664 2160 5712 expensam

2264 5117 2546 5186 πικρότητι
2577 5116 2682 5166 τῶν
2706 5115 2944 5182 βασάνων
2982 5115 3424 5166 ἀποκαθίσταται.
3453 5114 3598 5165 Πόσα
3622 5113 3687 5165 ἄν
3708 5132 3795 5176 τις

2261 5204 2528 5272 βασιλείας
2553 5204 2820 5264 ἀπολέσας
2849 5203 3146 5272 ἀξιώματα,
3195 5204 3360 5271 ἡδέως
3395 5203 3665 5256 ἀνάλωσεν
3703 5205 3795 5267 ἂν,

2261 5294 2346 5344 ἵνα
2385 5295 2540 5346 τοῦτο
2583 5294 2743 5346 πάλιν
2790 5294 3147 5362 ἀνακτήσηται
3172 5311 3186 5354 ;
3213 5292 3324 5344 Νῦν
3360 5293 3488 5359 ἡμῖν
3531 5292 3590 5344 τδ
3648 5293 3795 5347 Θεῖον

2266 5382 2476 5448 ἀξίωμα
2504 5365 2590 5451 ’τῇ
2623 5383 2778 5450 ὀλίγῃ
2833 5380 2998 5452 ταύτῃ
3045 5380 3320 5432 ’ἀναλώσει
3379 5379 3471 5431 τοῦ
3522 5379 3794 5446 σώματος,

2264 5471 2583 5535 ἀποδίδοται,
2622 5470 2814 5540 μᾶλλον
2861 5468 2917 5522 δὲ
2945 5471 3062 5521 οὐδὲ
3118 5469 3381 5530 ἀνάλωσις
3414 5467 3566 5520 τοῦτό
3617 5469 3790 5531 ἐστιν,

2267 5560 2378 5614 ἀλλ’
2425 5558 2534 5614 οἷον
2575 5561 2746 5629 σπορά
2786 5575 2890 5624 τις,
2941 5560 3317 5628 εὐανθέστερον
3347 5560 3477 5630 ἡμῖν
3525 5557 3586 5610 τὸ
3627 5555 3793 5623 σῶμα

2267 5650 2606 5716 προίσχουσα.
2663 5648 2726 5700 Τί
2769 5646 2905 5714 μέγα
2954 5647 3232 5708 τοσαύταις
3283 5647 3577 5714 ἐνεργείαις
3617 5658 3788 5695 κατα,
