3930 6332
183 292 287 391 185'

1074 333 1349 392 ORATIO
1377 333 1494 394 XV.
1530 358 1596 368 -·-
1651 335 1733 397 ΙΝ
1763 334 2012 396 OMNES
2048 333 2387 396 SANCTOS.

3238 330 3341 397 186

179 437 587 499 πλουτισθέντας
621 439 785 510 ἡμᾶς,
808 436 968 507 ’ὀλίγα
996 439 1135 509 ὑπὲρ
1162 432 1222 492 οὗ
1271 440 1331 493 τὸ
1355 443 1464 496 πᾶν
1507 442 1697 515 ἔχομεν

1798 445 2073 498 nominare
2096 444 2272 509 decet,
2299 455 2421 497 cum
2454 439 2526 494 sit
2558 438 2729 494 instar
2759 440 3187 523 sementisuguaa
3215 455 3341 494 cor-

176 525 497 593 inoOéoOat;
529 528 620 600 Μὴ
663 528 771 599 γὰρ
798 529 1054 598 βασάνους
1084 531 1365 603 ἡγούμεθα
1404 532 1501 595 τὰς
1541 535 1704 602 βασάο

176 631 296 678 νους
341 615 512 686 ὑμῶν,
569 620 836 689 ἐμπορίαν
862 619 924 672 τὸ
963 621 1193 690 πρᾶγμα
1230 622 1536 693 νομίζομεν.
1578 623 1703 676 Κεί-

177 721 294 771 pars
315 700 408 758 οὖν
438 707 686 775 ἀφειδῶς,
712 709 796 760 ἵνα
824 707 955 776 ἡμῖν
999 710 1377 783 ἀναϐλαστήσῃ
1414 712 1703 782 ἀκμαιότε-

176 810 286 863 ρον.
312 796 571 865 Λάμῦανε
603 798 677 866 μὴ
708 796 827 849 καθ’
860 796 918 849 ἓν
949 798 1254 853 διακόπτων
1286 801 1355 854 τὰ
1394 803 1550 872 μέλη,
1586 801 1701 855 ἀλλ’

170 886 301 957 ὁμοῦ
330 889 506 941 πάντα
548 888 733 956 τέμνε,
763 888 839 952 ὼς
884 890 1030 959 ἡμᾶς
1051 907 1113 957 γε
1152 891 1311 946 πλέον
1364 895 1702 962 ἀποτέμνων,

171 977 325 1029 πλέον
345 976 661 1049 εὐφραίνῃς.
696 978 807 1031 Καὶ
833 981 883 1032 οί
913 979 1017 1049 μὲν
1051 980 1233 1049 ελεγον
1271 982 1462 1037 ταῦτα.
1489 985 1706 1054 Ἐτεροι

167 1066 224 1121 δὲ
250 1066 344 1119 τοῦ
390 1066 698 1137 πνεύματος
728 1069 797 1122 τὰ
855 1069 1071 1142 ᾄσματα
1105 1071 1357 1151 ἔμελπον,
1397 1073 1583 1147 ὥσπερ
1610 1076 1708 1129 οὐκ

168 1159 223 1208 ὲν
251 1155 503 1224 βασάνοις
551 1158 736 1225 ὄντες,
768 1161 883 1214 ἀλλ’
930 1163 1310 1234 εὐωχούμενοι.
1348 1167 1529 1219 Ἄλλοι
1563 1166 1709 1220 διδα-

167 1248 386 1313 σκαλίας
417 1252 608 1320 ἣδιστα
635 1254 846 1327 νάματα
878 1257 1169 1327 ὥμϐριζον,
1199 1260 1408 1322 πολλοῖς
1455 1262 1557 1330 τῆς
1582 1262 1706 1314 δυσ-

165 1339 380 1403 σεδείας
401 1343 493 1395 τὸν
518 1344 726 1415 αὐχμὸν
766 1346 1089 1411 διαλύοντες.
1138 1346 1302 1412 Εἷπες
1327 1350 1392 1402 ἂν
1428 1350 1570 1413 ἰδὼν,
1600 1350 1699 1402 οὐκ

163 1429 378 1496 αὐτοὺς,
412 1433 527 1487 ἀλλ’
559 1435 779 1507 ἑτέρους
800 1441 913 1501 τοῖς
934 1440 1126 1503 δεινοῖς
1152 1439 1490 1493 ὑποκεῖσθαι.

1804 550 1903 603 pus
1930 542 2172 588 nostrum
2205 532 2447 602 vegetius
2479 538 2533 585 et
2572 529 2819 584 ﬂoridius
2858 530 3159 584 submittet.
3198 528 3339 595 Quid

1806 626 2018 689 mirum,
2039 624 2085 678 si
2104 623 2267 676 tantis
2283 623 2439 676 donis
2462 619 2793 689 locupletati,
2818 619 3051 687 paucula
3071 620 3334 688 quaedam,

1806 716 1999 783 quibus
2035 714 2221 781 omnia
2246 713 2615 780 adipiscimur,
2649 696 2983 777 deponamus
3014 709 3250 764 vicissim
3282 718 3339 763 ct

1804 804 2163 875 elargiamur?
2200 801 2315 857 Non
2361 802 2503 855 enim
2547 807 2812 853 tormenta
2858 806 3042 852 vestra
3077 807 3338 851 tormenta

1804 894 2175 957 ducimus,sed
2203 895 2369 964 magis
2390 893 2649 947 bonorum
2672 892 2909 953 omnium
2932 880 3336 941 abundantiam.

1799 986 2086 1040 Attondete
2131 985 2296 1054 igitur
2324 997 2423 1037 nos
2466 991 2518 1035 et
2549 981 2801 1034 demetite
2831 980 3037 1046 absque
3066 978 3246 1039 modo,
3280 985 3339 1029 ut

1799 1092 1864 1133 eo
1885 1076 2105 1131 uberius
2133 1075 2286 1130 nobis
2320 1088 2544 1143 corpora
2588 1071 2926 1140 repullulant.
2965 1068 3043 1121 Ne
3067 1067 3337 1136 sigillatim

1802 1168 2047 1222 membra
2095 1166 2399 1230 abscindas,
2443 1162 2532 1221 sed
2573 1164 2732 1219 simul
2777 1163 2957 1216 Omnia
2998 1170 3237 1228 amputa,
3280 1166 3338 1215 ut

1802 1259 2048 1328 pluribus
2087 1258 2397 1329 amputatis,
2440 1258 2612 1325 magis
2655 1272 2754 1309 nos
2795 1253 3082 1308 exhilares.
3121 1251 3186 1304 Et
3227 1251 3339 1302 bare

1801 1350 2017 1418 quidem
2050 1348 2291 1404 nonnulli
2332 1363 2398 1401 ex
2445 1348 2538 1401 illo
2571 1361 2795 1399 numero
2839 1343 3100 1399 ferebant.
3146 1338 3212 1394 At
3250 1338 3337 1391 alii

1801 1439 2103 1509 spiritualia
2147 1439 2359 1492 cantica
2402 1438 2779 1501 concinebant,
2810 1435 2963 1506 quasi
3004 1450 3110 1489 non
3142 1434 3198 1487 in
3228 1440 3339 1484 tor-

163 1518 382 1583 mentis,
412 1522 507 1576 sed
539 1522 591 1576 in
621 1524 885 1579 conviviis
914 1534 1283 1582 versarentur.
1321 1526 1425 1581 Alii
1456 1526 1713 1581 doctrinae
1740 1526 2113 1591 pulcherrimae
2154 1536 2207 1579 et
2234 1527 2604 1581 saluberrima:
2661 1528 2804 1580 velut
2844 1526 3068 1579 imbrem
3129 1522 3341 1576 emitte-

162 1606 308 1673 bant,
340 1610 632 1680 impietatis
662 1613 961 1670 siccitatem
986 1630 1082 1684 per
1104 1614 1270 1670 divini
1291 1614 1491 1685 eloquii
1519 1628 1697 1669 rorem
1726 1615 2117 1669 humectantes.
2147 1614 2411 1678 Dixisses.
2435 1617 2480 1670 si
2508 1631 2690 1670 coram
2758 1618 3103 1684 conspicatus
3156 1629 3328 1677 esses,

161 1716 263 1759 non
291 1720 407 1771 eos,
432 1706 526 1761 sed
553 1707 686 1762 alios
713 1710 1044 1763 cruciatibus
1063 1708 1454 1763 excarniﬁcari.

238 1793 626 1863 Ἐμιμοῦντοδ¹
650 1797 754 1864 ἄρα
788 1798 976 1865 κωφὴν
998 1797 1197 1850 ἀσπίδα
1223 1798 1272 1849 ot
1300 1796 1572 1866 τύραννοι,
1599 1795 1691 1849 ὑπ’

1858 1794 2123 1848 Craterum
2163 1792 2376 1862 tyranni
2421 1793 2772 1846 imitabantur
2816 1794 3032 1846 surdam
3076 1792 3336 1861 aspidem,

160 1882 368 1945 οὖδενὺς
417 1885 773 1954 ὲπᾳδόμενοι·
816 1886 948 1939 ἀλλὰ
999 1885 1136 1959 πρὸς
1182 1885 1306 1950 τοὺς
1345 1888 1701 1956 σπαραγμοὺς

161 1966 264 2019 τῶν
294 1968 542 2039 ἀθλητῶν
578 1970 920 2042 θηριούμενοι
948 1989 961 2005 ·
993 1973 1126 2026 ἀλλὰ
1165 1974 1270 2044 γὰρ
1314 1974 1343 2027 ὀ
1395 1973 1493 2043 μέν
1522 1990 1605 2036 τις
1627 1975 1702 2036 ὡς

164 2058 404 2129 ᾄμπελος
448 2060 787 2130 εὐκλήματος
823 2103 839 2128 ,
884 2063 1339 2131 ἀποτεμνόμενος,
1373 2061 1460 2117 οἷα
1496 2062 1558 2133 δὴ
1611 2062 1700 2131 βό·-

161 2166 310 2219 τρυς,
343 2150 443 2220 τὴν
495 2152 577 2212 είς
602 2151 733 2205 Θεὸν
770 2151 963 2221 ἔφερεν
1019 2153 1381 2223 εὐχαριστίαν.
1409 2154 1598 2216 Ἄλλος
1642 2152 1701 2207 δὲ

161 2240 284 2301 τοὺς
306 2240 619 2311 ὀφθαλμοὺς
646 2242 1029 2312 ὀρυσσόμενος,
1049 2243 1300 2314 τοιαύτην
1328 2243 1475 2312 ἀφίει
1498 2244 1696 2315 φωνήν·

163 2328 557 2400 Προσφερὼθω
607 2331 764 2384 θυσία
794 2331 1067 2401 ὀφθαλμὸς
1105 2331 1182 2403 τῷ
1223 2334 1378 2401 φωτί.
1399 2332 1595 2397 Καλὸν,
1623 2331 1702 2401 τῷ

162 2418 397 2489 ἀληθινῷ
431 2423 594 2489 φωτὶ,
625 2422 758 2492 ὅπερ
787 2425 844 2475 ἐν
872 2424 1002 2490 ἡμῖν
1024 2424 1201 2476 ἔκτισε
1236 2424 1368 2492 φῶς,
1392 2423 1699 2494 προσφορὰν

162 2510 436 2577 γενέσθαι.
464 2511 601 2565 Ἀλλ’
620 2513 1007 2583 εὐπρόσδεκτος
1026 2516 1110 2583 εἴη
1130 2514 1355 2565 ἐνώπιόν
1377 2530 1488 2577 σου,
1506 2513 1694 2583 Κύριε,

162 2600 195 2669 ἠ
219 2599 381 2654 θυσία
409 2602 565 2670 ἡμῶν
589 2618 602 2631 ·
636 2603 785 2655 οὐδὲν
814 2602 1055 2665 ἀπεικὸς,
1086 2602 1212 2670 παρ’
1236 2597 1296 2654 οὗ
1316 2602 1550 2673 τοσούτῳ
1572 2603 1697 2655 κάλ-

161 2692 240 2744 λει
276 2693 627 2763 διεστολίσθη
664 2693 962 2762 ὀφθαλμόςο
1012 2692 1150 2763 ὑπὲρ
1183 2693 1386 2747 ἐκείνου
1421 2693 1527 2743 τῶν
1555 2692 1694 2744 ἰδίων

1798 1884 2191 1937 incantamenta
2222 1884 2313 1938 illa
2351 1884 2607 1937 salutaria
2637 1884 3002 1951 repudiamus,
3039 1883 3236 1951 quippe
3273 1883 3337 1935 ad

1800 1978 1943 2031 solos
1971 1976 2246 2031 cruciatus
2273 1976 2486 2029 invictis
2515 1974 2727 2028 athletis
2759 1973 3068 2028 inl‘erendos
3102 1973 3335 2027 efferati.

1800 2066 1905 2119 Sed
1943 2065 2086 2119 enim
2125 2065 2288 2125 alius,
2319 2071 2578 2131 tanquam
2612 2062 2738 2117 vitis
2778 2071 2971 2115 onusta
3006 2061 3333 2128 palmitibus,

1798 2156 2096 2220 nuntiatus,
2145 2162 2198 2208 et
2249 2153 2392 2208 botri
2442 2153 2632 2215 instar,
2677 2167 2919 2221 pressus,
2965 2151 3073 2206 Deo
3124 2150 3335 2206 debitas

1798 2243 1987 2314 agebat
2033 2244 2256 2314 gratias.
2305 2244 2457 2297 Alius
2501 2242 2711 2297 eﬂossis
2738 2241 2935 2305 oculis,
2987 2241 3127 2297 tales
3174 2255 3335 2308 voces

1800 2335 2049 2388 mittebat
2074 2352 2088 2388 :
2124 2332 2398 2389 Oﬂ'eratur
2418 2334 2470 2387 in
2501 2333 2827 2389 sacrificium
2856 2334 3047 2388 oculus
3077 2320 3204 2387 luci.
3230 2330 3336 2384 De-

1797 2432 1903 2483 cet,
1931 2433 1988 2477 ut
2014 2438 2153 2477 vera:
2178 2424 2284 2478 luci
2321 2424 2410 2477 lux
2439 2439 2601 2493 quam
2628 2425 2681 2477 in
2711 2423 2869 2477 nobis
2901 2422 3124 2485 creavit,
3148 2420 3331 2495 .hostia

1796 2515 1905 2566 ﬁat.
1942 2512 2045 2566 Sed
2074 2522 2283 2583 gratum
2324 2515 2393 2567 sit
2424 2514 2478 2566 in
2507 2520 2800 2580 conspectu
2830 2522 2946 2577 tuo,
2980 2502 3223 2574 Domine,
3249 2524 3336 2562 sa-

1793 2603 2056 2656 crificium
2087 2612 2351 2655 nostrum.
2380 2601 2765 2655 [inconveniens
2793 2616 2899 2653 non
2927 2609 3027 2663 est,
3062 2609 3120 2654 ut
3142 2601 3335 2654 oculus

1793 2706 1890 2760 pro
1923 2706 2008 2755 eo,
2040 2705 2071 2743 a
2103 2706 2210 2759 quo
2253 2699 2397 2743 tanta
2441 2691 2840 2759 pulchritudine
2883 2698 3179 2757 exornatus
3226 2680 3329 2748 e’st,

148 2785 396 2851 ’ἐξελθεῖν
420 2785 693 2855 θαλάμων,
720 2784 812 2837 νῦν
833 2784 1154 2853 ὡραιότερον
1176 2780 1553 2853 θαλαμεύεται.
1582 2779 1694 2832 Νῦν

1797 2783 2004 2850 propria
2024 2781 2252 2834 statione
2276 2781 2516 2834 excedat.
2540 2780 2689 2832 Nunc
2712 2774 3042 2833 ornatiorem
3074 2778 3333 2834 sortietur

165 2876 361 2943 μᾶλλον
409 2877 695 2943 πλουτήσει
752 2875 812 2928 τὸ
858 2875 990 2940 φῶς.
1036 2874 1148 2926 Νῦν
1198 2873 1610 2942 ἀποστίλψουσιν
1638 2872 1692 2925 αἱ

1797 2868 1989 2922 locum.
2013 2867 2162 2922 Nunc
2186 2868 2387 2921 lumine
2405 2869 2574 2936 magis
2600 2869 2917 2922 abundabit.
2936 2866 3091 2921 Nunc
3116 2867 3331 2935 pupillae

164 2967 313 3035 κόραι
347 2968 738 3035 λαμπρότερον,
773 2965 985 3017 πάντων
1033 2962 1495 3032 ἐπιπροσθούντων
1524 2962 1694 3031 ἀπηλ-

1797 2959 2124 3028 splendidius
2155 2960 2451 3029 fulgebunt,
2481 2959 2549 3014 ab
2595 2960 2847 3013 omnibus
2870 2998 2885 3022 ,
2918 2974 3037 3027 qua:
3080 2958 3185 3011 luci
3217 2956 3326 3009 oili-

160 3056 451 3125 λαγμέναι.
496 3056 606 3107 Καὶ
645 3054 789 3107 ἄλλοι
836 3054 1055 3108 διέθλων
1086 3055 1185 3117 τὰς
1236 3053 1493 3122 κεφαλάς.
1527 3054 1588 3107 Oi
1616 3052 1690 3113 δὲ,

1797 3051 1962 3113 ciunt,
1994 3050 2270 3118 expeditae.
2305 3051 2440 3104 Aliis
2473 3048 2969 3104 coniminnebantur
2996 3049 3188 3118 capita.
3236 3044 3314 3098 Illi

171 3146 319 3198 Ἀντὶ
366 3144 475 3197 τῶν
503 3144 800 3197 καλλίστων
835 3148 930 3213 τῆς
973 3145 1202 3212 φύσεως,
1231 3144 1432 3212 ἔλεγον,
1463 3144 1498 3197 ἃ
1529 3145 1557 3195 ὁ
1597 3144 1694 3213 Δη-

1797 3155 1921 3194 vero
1949 3140 2195 3194 dicebant
2218 3158 2231 3193 :
2258 3140 2363 3193 Pro
2390 3139 2765 3210 pulcherrimis
2785 3148 2991 3193 natura:
3012 3137 3189 3201 donis,
3210 3150 3329 3206 qua:

164 3235 420 3305 μιουργδς
450 3240 516 3306 τῇ
547 3236 751 3307 κεφαλῇ
790 3236 1137 3306 ὲθησαύρισε,
1189 3236 1278 3289 τὸν
1304 3236 1570 3305 θησαυρὸν
1598 3238 1694 3304 τῆς

1798 3244 1976 3287 rerum
2010 3231 2252 3285 omnium
2284 3230 2482 3284 Parens
2516 3228 2569 3282 in
2605 3229 2784 3298 capite
2815 3228 3071 3297 reposuit,
3106 3226 3325 3279 thesau—

164 3325 396 3388 πίστεως
427 3327 750 3395 τηρήσωμεν
784 3325 995 3379 ἄσυλον.
1027 3323 1117 3395 Μὴ
1148 3325 1274 3395 γὰρ,
1309 3324 1411 3377 κᾶν
1440 3324 1567 3393 δοκῇ
1585 3326 1692 3383 τοῖς

162 3418 463 3488 τυράννοις,
493 3418 835 3487 σἰορπιεῖται
881 3416 977 3486 τῆς
1021 3416 1261 3485 κεφαλῆς
1300 3416 1332 3484 ἡ
1384 3415 1693 3474 ὑπόστασις.

165 3507 463 3575 Συνάγεται
498 3497 595 3576 μὲν
619 3506 711 3559 οὖν
736 3505 1093 3576 πλαστουργῷ
1121 3505 1286 3574 δεξιᾷ,
1320 3506 1412 3557 καὶ
1461 3503 1566 3555 τῶν
1595 3520 1695 3569 μυ-

164 3599 294 3652 ελῶν
325 3599 363 3668 ἡ
389 3598 557 3666 τῆξις,
581 3598 655 3659 ὡς
676 3596 817 3667 ὀσμὴ
843 3597 1070 3657 εὐωδίας
1086 3595 1556 3662 σπουὼσθήσεται.
1588 3591 1696 3643 Καὶ

162 3688 463 3750 ὀϐελίσκοις
519 3687 673 3747 ἄλλος
728 3688 1014 3754 ἐπερονᾶτο
1043 3687 1143 3750 τὴν
1199 3683 1396 3750 ἀκοὴν,
1442 3681 1575 3733 ἀλλὰ
1603 3680 1695 3734 νῦν

162 3778 483 3847 τρανότερον
545 3774 815 3837 ἀκούσειν,
859 3773 1058 3838 ἔλεγεν,
1089 3772 1189 3839 τῆς
1214 3771 1306 3825 τοῦ
1356 3770 1694 3840 δρακοντείου

163 3866 471 3936 πωρώσεως
496 3864 600 3928 ἰοῦ,
630 3865 741 3925 τοῖς
784 3862 1311 3924 ὀϐελίσκοις’τούτοις
1355 3860 1695 3930 διακαθαιρο-

165 3948 355 4018 μένης,
385 3947 479 4001 νῦν
510 3949 591 4010 είς
622 3947 884 4017 ὑποδοχὴν
905 3947 1308 4017 ἐπιτηδειοτάτη
1331 3947 1424 3999 τοῦ
1457 3947 1693 4017 ᾄσματος

162 4034 266 4088 τῶν
290 4034 537 4101 ἀγγέλων
563 4036 597 4105 ὴ
623 4035 761 4104 ἀκοὴ
784 4073 799 4096 ,
832 4034 918 4088 διὰ
959 4033 1051 4087 τοῦ
1072 4035 1239 4103 πυρὸς
1259 4033 1443 4087 τούτου
1475 4037 1539 4104 τῇ
1573 4050 1695 4104 προ-

148 4120 314 4193 ,ἳούσῃ
353 4120 460 4175 τῶν
486 4120 762 4190 φλογερῶν
799 4122 1079 4191 στομάτων
1128 4121 1419 4192 ὑμνολογίᾳ
1473 4138 1692 4192 προσοι-

162 4212 472 4283 κειουμένη.
523 4213 699 4282 Ἀλλῳ
743 4213 1115 4283 ἀνασπώμενοι
1150 4213 1313 4284 ῥιζῶν
1350 4213 1575 4277 ὀδόντες,
1608 4213 1696 4266 εὐ-

162 4304 433 4372 φροσύνην
490 4303 946 4369 ἀνέϐλυζον,Νὖν
995 4303 1058 4372 δὴ
1099 4305 1435 4373 τραφήσομαι
1490 4304 1695 4371 λέγοντι

162 4393 366 4464 τροφὴν
392 4394 655 4463 ἀγγέλων,
687 4395 783 4448 καὶ
810 4396 965 4469 μέχρι
996 4393 1089 4447 τοῦ
1111 4395 1206 4463 τὴν
1236 4395 1295 4448 ού
1328 4395 1588 4465 μένουσαν
1616 4410 1695 4445 σι-

162 4481 377 4553 τοῦμαι,
423 4485 547 4555 ἄρτι
574 4484 733 4538 δώσει
766 4486 967 4557 τροφὴν
994 4483 1023 4536 ὁ
1047 4485 1319 4553 Δεσπότης
1346 4483 1695 4553 ου’κενουμέ-

164 4591 277 4643 νην,
300 4576 411 4629 οὐδ’
431 4577 659 4630 ὀδόντων
686 4575 1107 4644 προσδεομένην.
1147 4576 1235 4644 Μή
1267 4592 1353 4642 μοι
1386 4575 1447 4626 τὸ
1468 4576 1696 4643 πρᾶγμα

167 4665 396 4732 βάσανος
422 4665 681 4733 λεγέσθω,
710 4666 1027 4736 εὐεργεσίαν
1058 4664 1167 4732 ἐγὼ
1196 4663 1349 4716 τοῦτό
1393 4681 1553 4733 φημι.
1589 4664 1697 4717 Καὶ

165 4754 335 4809 ἄλλων
377 4753 444 4808 τὰ
467 4756 629 4820 νῶτα,
653 4756 929 4825 ἀμύθητον
962 4754 1163 4823 πλῆθος
1186 4753 1346 4823 ἔφερε
1377 4753 1600 4825 πληγῶν
1633 4757 1696 4807 ὲκ

168 4846 486 4917 βουνεύρων,
518 4849 630 4901 ἀλλ’
680 4848 912 4918 ἔχαιρον,
958 4847 1100 4901 ’Δντὶ
1132 4846 1227 4914 τῆς
1259 4844 1474 4915 πολλῆς,
1512 4848 1696 4911 λέγον-

165 4952 272 4998 τες,
298 4937 509 5010 ῥώμης,
543 4942 619 5009 ἢν·
638 4938 788 4991 ἔθετο
815 4937 889 5006 τῷ
914 4936 1064 5007 νώτῳ
1094 4936 1121 4987 ὁ
1174 4936 1400 4999 πλάσας,
1428 4936 1697 4997 τοσούτοις

169 5028 479 5098 συνδέσμοις
500 5030 747 5095 συστίξας
764 5028 943 5093 αὑτὸν,
968 5028 1106 5098 ὑπὲρ
1123 5028 1217 5095 τῆς
1234 5026 1437 5077 ἐκείνου
1465 5026 1619 5095 δόξης
1639 5026 1698 5077 τὸ

172 5116 359 5186 μικρὸν
401 5119 507 5176 τῶν
549 5118 831 5189 μαστίγων
857 5116 1071 5186 φορτίον
1119 5116 1342 5185 φερέτω.
1394 5116 1607 5180 Ἀλλοις
1630 5117 1697 5170 τὰ

172 5208 440 5278 σπλάγχνα
455 5212 643 5281 μέχρις
654 5211 828 5263 αὐτῶν
842 5208 1148 5279 μυστηρίων
1161 5210 1265 5261 τῶν
1282 5210 1522 5276 ἐγκάτων
1533 5209 1698 5279 ὠρύσ-

170 5315 336 5362 σοντο,
358 5298 577 5352 ἁλλ’ὲπὶ
601 5302 793 5370 μᾶλλον
808 5301 907 5368 τῆς
923 5300 1197 5362 εὐσεϐείας
1213 5299 1300 5352 τὸν
1321 5298 1561 5368 θεμέλιον
1582 5301 1692 5351 ἑνε-

169 5386 409 5440 6ἁθυνον.
443 5388 666 5459 Ἕτερος
712 5390 811 5461 τὴν
848 5389 1087 5459 γλῶτταν
1107 5390 1453 5458 ἀπετέμνετο,
1484 5392 1698 5459 καὶτῆς

168 5478 461 5545 δοξολογίας
481 5479 581 5531 οὐκ
605 5481 814 5550 ἔληγεν,
830 5482 944 5537 ἀλλ’
965 5476 1051 5535 οἷα
1069 5483 1131 5554 δὴ
1153 5483 1321 5551 δῶρον
1335 5480 1395 5534 τὸ
1414 5481 1694 5535 κάλλιστον

172 5569 486 5640 προσφέρων
506 5569 645 5639 Θεῷ,
674 5573 1398 5644 ἑπευφήμεισεμνυνόμενος.
1430 5574 1538 5626 Καί
1556 5589 1695 5633 τινες

174 5663 258 5716 ἰπὶ
307 5660 461 5730 ξύλου
500 5661 803 5719 ὲτανύοντο.
842 5665 980 5719 Ἀλλ’
1005 5660 1071 5734 ἦν
1098 5665 1283 5729 αὐτοῖς
1316 5664 1406 5719 καὶ
1441 5664 1545 5732 πρὸ
1590 5664 1695 5716 τῶν

1796 3338 1915 3377 rum
1944 3322 2063 3376 tidei
2097 3323 2356 3375 intactum
2389 3320 2775 3374 custodiemus.
2808 3316 2920 3371 Non
2954 3317 3096 3371 enim
3121 3317 3330 3385 disper~

1794 3420 1950 3481 getur
1971 3412 2163 3479 capitis
2183 3411 2503 3473 substantia,
2537 3411 2661 3463 licet
2690 3410 2931 3478 tyrannis
2961 3421 3119 3462 secus
3146 3405 3326 3460 videa~

1797 3509 1903 3554 tur.
1934 3500 2227 3569 Colligctur
2257 3501 2435 3554 denuo
2455 3500 2750 3554 conditoris
2769 3498 3008 3559 dextera,
3035 3510 3097 3548 ac
3120 3494 3328 3549 medul-

1795 3590 1965 3643 larum
2010 3592 2304 3658 corruptio,
2355 3602 2413 3644 ut
2454 3592 2590 3644 odor
2633 3588 2919 3643 suavitatis
2967 3586 3323 3656 reputabitur.

1793 3680 1944 3736 Alius
1969 3683 2213 3736 'verubus
2260 3697 2351 3749 per
2392 3696 2550 3735 aures
2590 3680 3025 3751 transtigebatur.
3058 3678 3135 3733 At
3184 3688 3327 3728 nunc

1792 3770 2011 3833 clarius,
2043 3772 2237 3834 aiebat,
2274 3771 2510 3833 audiam,
2546 3779 2837 3838 expurgalo
2876 3784 2969 3837 per
2999 3769 3112 3822 haec
3139 3775 3323 3821 veruta

1793 3874 2015 3922 veneno,
2052 3862 2193 3928 quod
2230 3864 2393 3913 draco
2422 3860 2795 3912 instillaverat.
2828 3857 2981 3912 Nube
3011 3859 3323 3926 aptissimus
3350 3894 3355 3906 .

1790 3959 1874 4004 est
1916 3947 2133 4002 auditus
2178 3948 2244 4000 ad
2291 3947 2631 4014 excipiendos
2677 3955 2866 3999 rautus
2903 3949 3194 4015 angelieos,
3227 3961 3323 4015 per

1760 4041 1966 4113 ,ignem
2021 4039 2163 4094 hunc
2222 4028 2517 4091 laudationi
2573 4052 2636 4090 ex
2685 4037 2839 4106 igneo
2889 4049 2981 4090 ore
3038 4036 3319 4103 prodeunti

1791 4126 2141 4184 assimilatas.
2168 4125 2271 4181 Alii
2314 4125 2572 4180 radicitus
2598 4125 2796 4180 evulsis
2823 4125 3097 4188 dentibus,
3137 4125 3320 4179 latitia

1792 4219 2155 4275 exsultabant.
2178 4219 2348 4281 Nunc,
2368 4218 2602 4280 aiebant,
2623 4220 2831 4273 nulriar
2847 4217 3156 4288 angelorum
3178 4230 3319 4272 esca.

1794 4309 2061 4366 Hactenus
2088 4310 2473 4365 manducabam
2502 4311 2677 4363 cibum
2712 4324 2817 4364 non
2847 4317 3146 4364 manentem
3172 4326 3187 4374 ;
3212 4309 3322 4376 jam

1798 4401 1946 4456 dabit
1977 4401 2235 4456 Dominus
2263 4402 2462 4463 cibum,
2490 4400 2579 4468 qui
2608 4414 2710 4453 non
2737 4402 2894 4468 perit,
2921 4401 3120 4468 quiquo
3148 4400 3326 4453 denti-

1798 4492 1899 4547 bus
1919 4505 2023 4545 non
2056 4498 2195 4559 eget.
2229 4490 2304 4546 Nc
2336 4492 2608 4543 cruciatus
2638 4490 2748 4543 huic
2776 4506 2862 4543 res
2894 4499 3130 4543 vocetur.
3160 4491 3325 4543 Bene-

1797 4580 1975 4636 ﬁrium
2023 4581 2277 4635 arbitror.
2320 4580 2557 4634 Aliorum
2607 4582 2765 4633 dorsa
2815 4581 3111 4634 innumeris
3153 4583 3324 4649 plagis

1796 4670 2260 4745 concidebantur;
2303 4671 2395 4726 sed
2426 4671 2587 4725 Deum
2624 4671 2912 4723 laudabant
2942 4688 2958 4737 ;
3000 4672 3092 4726 sed
3129 4672 3325 4741 gaude-

1796 4762 1942 4816 bant.
1991 4759 2133 4814 Loco
2188 4760 2341 4813 multi
2389 4757 2627 4819 roboris,
2688 4757 2923 4822 aiebant,
2974 4771 3079 4825 quo
3103 4758 3325 4811 Creator

1796 4851 2014 4904 dorsum
2043 4849 2319 4913 instruxit,
2336 4855 2413 4901 tot
2428 4847 2657 4901 nexibus
2679 4854 2732 4899 et
2759 4846 2947 4900 vinclis
2980 4846 3030 4898 id
3064 4858 3323 4911 compun-

1797 4957 1950 5011 gcns.
1979 4930 2098 5009 pro
2153 4941 2320 5011 gloria
2360 4936 2477 5005 ejus
2525 4936 2770 5003 exiguam
2811 4936 2943 4987 hanc
2988 4932 3321 5014 ﬂagellorum

1799 5036 2096 5091 molestiam
2115 5034 2271 5090 ferat.
2293 5031 2427 5085 Aliis
2447 5033 2652 5084 viscera
2672 5043 2841 5096 usque
2863 5027 2929 5079 ah
2952 5016 3323 5082 intestinorum

1799 5125 2161 5192 penetralibus
2198 5120 2561 5178 evellebantur
2596 5115 2742 5181 ;-sed
2771 5130 2835 5169 eo
2873 5114 3065 5169 altiora
3112 5116 3326 5185 pietatis

1800 5212 2149 5269 {uiridamenta
2188 5211 2477 5281 iaciebant.
2523 5208 2623 5262 Alii
2669 5207 2848 5275 lingua
2891 5205 3323 5266 abscindehatur,

1802 5318 1901 5358 nec
1931 5319 1960 5357 a
1990 5302 2188 5358 divinis
2226 5300 2478 5355 laudibus
2524 5297 2874 5353 decantandis
2910 5294 3153 5349 cessabat
3182 5310 3197 5359 ;
3231 5295 3324 5347 sed

1801 5395 1956 5463 quasi
1984 5391 2398 5462 pulcherrimum
2424 5403 2615 5443 munus
2641 5388 2747 5442 Dea
2771 5385 3018 5443 offerens,
3038 5395 3161 5436 eum
3191 5382 3315 5439 ccle

1797 5485 1956 5539 brare
1998 5476 2265 5553 pergebat.
2298 5481 2549 5536 Nonnulli
2594 5481 2650 5534 in
2696 5478 2839 5547 ligno
2882 5471 3324 5529 extendebantur.

1800 5573 1903 5628 Sed
1937 5590 2003 5628 ex
2047 5577 2145 5628 hoc
2174 5571 2292 5639 ipso
2330 5571 2489 5623 etiam
2539 5577 2662 5621 ante
2695 5571 3001 5634 perceptam
3047 5579 3322 5625 coronam,

1803 5662 2057 5731 maiorem
2122 5660 2441 5729 voluptatem
2501 5653 2881 5723 percipiebant,
2934 5652 3077 5722 quod
3125 5652 3324 5708 similes
