3930 6332
152 364 239 425 193

623 365 898 427 ORATIO
938 368 1086 428 XVI.
1131 368 1282 428 —IN
1321 316 1946 453 DECOLLATIOLYEM
1971 368 2028 426 S.
2066 367 2383 450 JOANNIS
2420 368 2810 428 BAPTISTAE.

3225 367 3329 430 194

149 480 268 547 πρὸς
296 478 391 539 τὰς
427 478 592 531 αΰτοῦ
624 478 782 549 γονάς
811 477 974 531 ἀνιὼν
1005 482 1033 532 6
1068 478 1240 545 λόγος,
1272 478 1391 531 ὅλον
1436 481 1566 549 ἡμῖν
1592 480 1682 531 τὸν

1786 476 1943 531 hodie
1965 477 2127 531 etiam
2163 470 2392 532 Herodis
2423 477 2742 532 adulterium
2790 478 2986 545 arguit.
3011 480 3079 530 At
3120 493 3333 534 revoce-

148 569 339 621 ἐκείνου
373 568 484 636 βίον
509 569 908 647 ἁπαγγειλάτω,
941 569 1034 622 καὶ
1074 569 1168 636 ὅλη
1197 569 1292 636 τῆς
1317 568 1527 621 ἐκείνου
1560 569 1684 638 βιώ-

150 678 275 739 σεως
318 662 537 722 εὐωδία,
585 662 681 731 τὴν
724 661 941 730 λογικὴν
981 658 1227 727 αἴσθησιν
1277 652 1680 727 κατατερπὲτω.

146 752 383 806 Μάλιστα
413 752 513 821 μὲν
545 751 651 821 γὰρ
690 752 828 819 μέγα
854 748 1039 818 κέρδος
1071 747 1131 800 τὸ
1173 748 1267 801 καὶ
1307 749 1503 819 μέρους
1544 748 1685 810 τινὸς

147 840 229 894 τοῦ
258 842 470 895 ἐκείνου
502 843 616 912 βίου
646 842 820 894 λαλεῖν
862 838 925 891 τὸ
947 838 1218 907 ὠφέλιμον
1241 857 1255 871 ·
1291 840 1514 910 ἄπειρον
1539 839 1596 892 δέ
1631 857 1684 893 τι

145 934 200 984 τὸ
225 932 533 1000 σύμπασαντ
565 930 661 1000 τὴν
692 927 898 981 ἐκείνου
941 928 1160 981 ἐπιόντα
1208 925 1373 999 ζωὴν,
1410 928 1684 995 συλλέγειν

145 1022 206 1074 τὰ
239 1021 440 1091 ἀγαθά.

210 1278 344 1349 Ἤδη
399 1279 499 1348 μὲν
550 1273 643 1335 οὖν
697 1282 810 1345 τοῖς
855 1281 1062 1346 δούλοις
1098 1282 1127 1336 ό
1151 1282 1403 1354 βασιλεὺς
1441 1280 1499 1338 ὲν
1524 1280 1685 1355 ὁμοίᾳ

147 1372 317 1441 μορφῇ
379 1371 731 1443 προσομιλεῖν
771 1373 1067 1442 ἑκεκρίκει,
1121 1375 1218 1427 καὶ
1249 1374 1349 1428 τοῦι
1373 1372 1547 1444 ὕψους.
1588 1376 1684 1446 τῆς

143 1462 321 1534 θεῖκῆς
340 1463 759 1532 συγχαταδάντα
775 1464 931 1535 δόξης
957 1462 1256 1538 ἔνδημῆσαι
1288 1468 1352 1537 τῇ
1384 1455 1690 1538 ἀνθρώπων

142 1554 377 1625 ὲσχατιᾷ.
404 1552 553 1608 Ἔδει
579 1555 637 1608 δὲ
668 1555 782 1628 ,ἄρα
808 1556 909 1626 τῆς
938 1555 1078 1627 ὑπὲρ
1098 1557 1249 1625 λόγον
1281 1556 1482 1629 ταύτης
1504 1554 1686 1627 ἐπιδη-

143 1642 263 1713 μίας
320 1646 494 1715 μέγαν
546 1646 669 1701 τινὰ
730 1648 983 1716 γενέσθαι
1054 1647 1416 1719 προάγγελον.
1471 1649 1719 1703 Γίνεται

152 1735 416 1806 Ἰωάννης,
450 1730 512 1791 οὗ
542 1737 740 1807 μείζων
768 1739 943 1802 οὐδεὶς
972 1739 1030 1790 ὲν
1062 1741 1335 1807 γεννητοῖς
1377 1737 1677 1806 γυναικῶνα

1781 584 1905 627 mus
1943 570 2241 621 orationem
2276 568 2343 622 ad
2389 568 2509 638 ejus
2541 578 2718 623 ortum
2748 574 2802 622 et
2850 566 3197 632 incunabula,
3254 581 3333 623 l0-

1782 658 1997 727 tiusque
2018 658 2139 712 vita:
2166 657 2455 713 decursum
2501 657 2659 711 nobis
2679 658 2950 720 denarrat,
2989 667 3042 712 et
3074 666 3184 713 tota
3214 661 3334 714 vitae

1783 748 1851 803 ab
1875 750 1966 803 illo
2004 755 2291 802 transacta:
2321 747 2612 816 fragrantia
2646 761 2864 801 sensum
2905 748 3135 802 rationis
3163 752 3334 816 parti-

1781 839 1952 907 cipem
2001 838 2251 893 oblectet.
2304 836 2363 890 In
2401 836 2634 890 maxime
2663 835 2806 889 enim
2840 835 2990 891 lucro
3022 840 3332 905 ponendum

1780 934 1884 991 est,
1937 940 2383 990 commemorare,
2430 940 2567 995 quas
2611 926 2693 979 vel
2727 939 2832 979 una
2861 918 2983 979 vitae
3032 926 3176 981 illius
3206 943 3331 995 pars

1782 1016 2044 1072 utilitates
2072 1017 2483 1086 complectatur,
2520 1017 2761 1071 infinitos
2783 1024 2959 1087 autem
3001 1018 3211 1073 fructus
3241 1035 3331 1087 pa-

1782 1111 1873 1175 rit,
1908 1112 1955 1168 si
2002 1113 2124 1183 quis
2155 1114 2322 1167 totius
2357 1111 2479 1168 vitae
2527 1111 2671 1166 illius
2719 1113 2860 1169 bona
2893 1112 2947 1167 in
2979 1128 3145 1168 unum
3176 1117 3330 1170 colli-

1783 1215 1910 1270 gere
1940 1203 2308 1273 aggrediatur.

1855 1291 1999 1363 Ergo
2022 1292 2136 1362 jam
2194 1291 2305 1349 Rex
2336 1292 2577 1350 ctelestis
2647 1308 2771 1348 cum
2810 1295 2985 1351 servis
3011 1295 3141 1359 suis,
3168 1295 3331 1349 simili

1786 1383 2016 1440 vestitus
2050 1381 2248 1449 forma,
2289 1385 2494 1439 versari
2537 1395 2590 1439 et
2636 1384 2902 1450 habitare,
2941 1395 2994 1441 et
3040 1401 3101 1439 ex
3138 1385 3328 1438 altitu-

1783 1469 1911 1539 dine
1952 1470 2148 1525 divina:
2178 1470 2365 1540 gloriae
2399 1469 2466 1524 ad
2520 1470 2619 1527 has
2664 1471 2801 1524 imas
2841 1471 3123 1524 hominum
3170 1470 3331 1525 sedes

1783 1558 2119 1616 descendere
2159 1558 2507 1625 decreverat;
2538 1560 2817 1629 oportebat
2864 1560 3032 1628 igitur
3084 1567 3141 1613 ut
3172 1559 3333 1628 hujus

1783 1651 2077 1706 descensus
2133 1659 2188 1705 et
2239 1650 2504 1706 adventus
2536 1663 2751 1704 onmem
2792 1651 3056 1703 rationem
3100 1664 3333 1717 exsupe-

1783 1742 1956 1797 rantis
1998 1736 2227 1810 insignis
2268 1738 2620 1811 deligeretur
2667 1740 3022 1807 praenuntius.
3079 1737 3328 1794 Nascitur

142 1825 226 1878 καὶ
255 1826 554 1896 προφθάνει
578 1827 731 1881 τόκον
768 1827 1020 1897 ὑπερφυῆ
1051 1828 1339 1897 παρθένου,
1366 1828 1521 1891 τόκος
1545 1843 1684 1879 στει-

1787 1829 2046 1894 Joannes,
2105 1843 2214 1899 quo
2248 1829 2423 1896 major
2470 1830 2609 1883 inter
2647 1839 2800 1882 natos
2851 1830 3135 1884 mulierum
3171 1844 3330 1886 nemo
3432 1854 3441 1881 κ

143 1915 399 1985 ρευούσης
448 1916 779 1987 παράδοξος*
827 1917 921 1969 καὶ
967 1918 1224 1985 προανθεῖ
1255 1918 1482 1987 στάχυος
1519 1917 1684 1971 ἀσπό·

1786 1920 2047 1975 eXstitit:
2088 1927 2414 1990 partumque
2457 1919 2698 1974 divinum
2735 1917 2972 1988 Virginis
3015 1919 3324 1982 antevertit,

142 2022 246 2075 ρου,
279 2008 686 2076 μαραινομένης
726 2005 889 2076 ῥίζης
918 2005 1163 2074 βλαστὸς,
1214 2007 1309 2060 καὶ
1350 2005 1463 2063 λύει
1499 2005 1684 2077 ῶσπερ

1786 2020 1973 2081 partus
2004 2011 2313 2080 inepinatus
2346 2010 2645 2081 infecunda:
2669 2011 2882 2075 matris,
2914 2017 2968 2064 et
2993 2010 3146 2079 prius
3175 2010 3325 2064 emo-

140 2094 318 2161 νηδύος
357 2094 457 2165 τὴν
510 2095 814 2166 στείρωσιν,
872 2094 1015 2149 οὕτω
1064 2097 1157 2150 καὶ
1204 2095 1457 2167 γλώσσης
1484 2096 1681 2166 δεσμά.

140 2183 264 2236 Οὐδὲ
290 2185 401 2253 γὰρ
432 2184 538 2237 ἔδει
558 2185 738 2256 φωνῆς
764 2186 1177 2257 ἀποτεχθείσης,
1202 2188 1294 2241 τὸν
1322 2187 1547 2240 τεκόντα
1572 2205 1683 2256 φωο

140 2274 228 2344 vi};
251 2276 520 2347 ἀμοιρεῖν,
554 2276 663 2328 οὐδ’
696 2277 969 2347 ἄφθογγον
1005 2273 1146 2332 εἶναι
1183 2279 1283 2345 τόν
1326 2280 1424 2350 τῆς
1457 2280 1686 2348 σάλπιγ-

138 2376 226 2429 γος
245 2363 443 2420 αττιον.
479 2363 680 2418 Aderat
708 2364 889 2419 τοίνυν
915 2366 1012 2436 τῆς
1040 2366 1195 2437 δίκης
1219 2368 1318 2439 τῆς
1348 2367 1557 2438 σιωπῆς
1584 2370 1688 2422 Ζα-

137 2450 344 2522 χαρίας,
368 2451 629 2518 λύσαντος
658 2454 756 2519 τὰς
783 2454 973 2520 ὠδῖνας
993 2455 1085 2510 τοῦ
1115 2456 1342 2527 βρέφους
1362 2474 1377 2489 ·
1409 2459 1501 2524 καὶ
1525 2459 1689 2528 φθέγ-

138 2558 282 2610 γεται
340 2546 470 2598 νέαν
504 2545 705 2618 φωνην,
735 2547 832 2617 τῆς
866 2547 1087 2618 πρώτης
1113 2548 1321 2618 ἀμείνω
1364 2550 1457 2602 καὶ
1489 2550 1687 2605 θειοτὲ-

139 2650 252 2702 ραν,
278 2636 381 2702 τήν
403 2653 464 2690 τε
494 2637 827 2709 Δεσποτικὴν
858 2638 1143 2707 ἐπίσκεψιν
1186 2639 1483 2704 ἀναφωνῶν
1519 2641 1578 2692 ὲν
1609 2639 1687 2709 τῷ

137 2722 429 2796 Πνεύματι,
473 2728 567 2780 καὶ
592 2729 692 2800 τὴν
712 2729 807 2783 τοῦ
841 2730 1306 2805 παιδὸςνπορείαν,
1342 2732 1409 2801 ἣν
1448 2732 1553 2802 πρὸ
1591 2732 1684 2784 τοῦ

147 2813 397 2886 Ὑψίστου
427 2818 775 2890 πορεύσεται,
803 2821 1173 2891 ὑφηγούμενος
1190 2838 1205 2851 ο
1254 2823 1315 2875 οὐ
1356 2822 1509 2892 μόνον
1537 2823 1592 2875 δὲ
1620 2822 1684 2890 δὴ

138 2906 291 2976 μέχρι
309 2909 576 2979 Ζαχαρίου
600 2911 807 2965 ἵσταται
831 2911 899 2966 τά
928 2912 1244 2983 τελούμενα,
1272 2914 1407 2969 ἀλλὰ
1434 2915 1528 2968 καὶ
1563 2915 1685 2982 δογ-

140 2997 316 3065 μάτων
355 3000 649 3069 ὁρωμένων
673 3000 965 3073 βαθύτερον
986 3005 1044 3057 ὲν
1068 3003 1291 3067 τούτοις
1319 3006 1685 3078 καταθεωρεῖο

135 3100 239 3140 ται.
285 3087 346 3141 '0
375 3089 485 3159 γάρ
510 3105 594 3166 τοι
625 3091 850 3153 παλαιὸς
875 3092 1036 3163 νόμος
1082 3094 1181 3166 τὴν
1209 3097 1440 3166 γηραιάν
1465 3097 1572 3150 τῶν
1600 3100 1687 3150 ὲν-

140 3175 417 3247 ταλμάτων
472 3165 653 3251 φῶνὴν
698 3182 779 3245 είς
830 3185 1022 3255 καινὴν
1073 3191 1403 3255 μετεποιεῖτο
1443 3188 1518 3258 τῷ
1546 3190 1707 3243 κατὰ·

141 3269 362 3338 1ἰριστδν
390 3269 620 3341 δόγματι
644 3274 1035 3347 καινιζόμενος.
1080 3278 1240 3331 Ἀλλά
1271 3280 1377 3351 γὰρ
1415 3281 1555 3339 οὕτω
1591 3282 1687 3350 μὲν

136 3359 446 3430 παραδόξως
468 3363 701 3432 γαστρὸς
723 3365 949 3419 ἀτέκνου
973 3367 1217 3436 πρόεισιν
1257 3368 1529 3437 Ἰωάννης,
1584 3369 1686 3439 ἤδη

134 3450 219 3503 τοῦ
248 3451 447 3523 καιροῦ
475 3452 761 3519 καλοῦντος
793 3457 926 3528 πρὸς
967 3459 1244 3512 εὐτεκνίαν
1270 3458 1366 3528 τὴν
1391 3459 1686 3527 ἱερωτάτην

135 3541 581 3614 τοῦΜονογενοῦς
616 3546 850 3617 νύμφην.
879 3548 1326 3619 Παραδοξοτέρων
1371 3550 1415 3601 δ’
1446 3550 1685 3621 ἀπάρχε-

134 3649 239 3699 ται,
287 3636 578 3706 θαυμαστά
631 3639 958 3708 θαυμαστοῖς
1008 3643 1310 3705 συνάπτων,
1342 3642 1437 3695 καὶ
1468 3642 1684 3708 ὑψηλοῖς

137 3724 328 3795 ὑψηλά.
361 3727 437 3779 υῦ
454 3728 711 3796 γὰρκατά
721 3728 819 3797 τὴν
840 3731 1230 3799 νενομισμένην
1249 3733 1313 3799 τῇ
1339 3730 1495 3798 φύσει
1515 3724 1683 3782 αἰῶνα

136 3812 372 3889 [ᾑὼνιζε]
404 3817 567 3887 ζωὴν,
588 3818 709 3871 οὐδὲ
735 3822 845 3881 τοῖς
862 3820 1013 3878 κάτω,
1024 3820 1291 3871 δουλεύειν
1315 3820 1570 3888 ὑπέμεινε
1595 3817 1679 3870 νό·

138 3922 271 3970 μοις,
300 3907 418 3960 ἀλλ’
442 3906 635 3978 ὥοπερ
663 3908 766 3972 ἔξω
790 3909 969 3975 πάσης
998 3910 1257 3979 σαρκίνης
1289 3910 1529 3977 ἀνάγκης
1560 3910 1681 3976 μετ’

134 3996 376 4063 ἀγγέλων
399 3997 570 4058 ἑόίου,
594 3999 689 4050 καὶ
713 4000 1025 4069 τῇ·ἐκείνων
1064 4002 1393 4069 συνανήγετο
1417 4000 1676 4067 πολιτείᾳ.

135 4086 236 4138 Καὶ
258 4088 393 4153 γοῦν
442 4088 760 4149 καταλείπει
806 4090 907 4150 τὰς
951 4092 1006 4142 ἐν
1031 4092 1182 4143 ἄστει
1203 4089 1501 4161 διατριϐὰς,
1526 4089 1680 4141 οὐδα-

136 4174 242 4242 μῶς
298 4176 619 4248 ἀνθρώπους
663 4178 836 4248 μισῶν
888 4176 1181 4251 (πῶςγᾶρ
1213 4181 1240 4233 ό
1302 4178 1679 4250 φιλανθρώπου)

131 4266 396 4320 Δεσπότου
424 4267 620 4338 κῆρυξ,
670 4271 765 4324 καὶ
795 4271 895 4340 τῆς
916 4272 1025 4325 τῶν
1069 4271 1368 4343 ἀνθρώπων
1410 4272 1680 4341 σωτηρίας

131 4354 627 4429 εύαγγελιστὴςς)·
660 4360 777 4413 ἀλλ’
801 4361 986 4433 ἐχρῆν,
1017 4363 1092 4425 ώς
1141 4362 1303 4429 ἔοικε,
1340 4364 1428 4417 τὸν
1454 4363 1681 4434 δορυφό-

133 4462 217 4516 ρον
234 4447 331 4503 τοῦ
358 4450 538 4520 πάσης
566 4451 819 4506 ἐπέκεινα
840 4453 994 4525 δόξης
1011 4456 1104 4508 καὶ
1132 4456 1377 4520 εὐταξίας
1397 4456 1678 4526 βασιλέως,

132 4539 408 4607 κρείττονα
444 4536 583 4596 εἶναι
614 4544 852 4597 ἀστικῶν
882 4547 1132 4616 ταραχῶν
1152 4586 1166 4609 ,
1214 4548 1309 4600 καὶ
1357 4550 1677 4619 ταπεινότη-

131 4646 235 4692 τος.
263 4632 419 4701 ’Λμα
465 4634 522 4688 δὲ
573 4636 667 4688 καὶ
710 4635 1006 4705 μελλούσης
1045 4639 1166 4706 ἄρτι
1198 4641 1310 4702 τοῖς
1346 4638 1680 4693 δουλεύουσιν

135 4721 375 4794 ἁμαρτίᾳ
398 4725 484 4779 διὰ
507 4726 608 4797 τῆς
642 4729 701 4781 ὲν
733 4730 915 4797 χάριτι
938 4729 1207 4792 πολιτείας
1230 4714 1539 4801 ἐλευθερίας
1580 4751 1681 4801 μη-

135 4816 373 4877 νύεσθαι.
407 4820 700 4874 ἀκόλουθον
721 4815 788 4890 ἦν
811 4821 869 4885 ἐξ
910 4823 1143 4893 ἐρημίας
1172 4823 1234 4874 τὸ
1263 4824 1481 4892 μήνυμα
1505 4826 1679 4893 ἥκειν,

132 4906 316 4977 ὥσπερ
340 4909 405 4979 δὴ
427 4913 522 4964 καὶ
556 4910 635 4981 τῷ
668 4911 1019 4981 πρεσϐυτέρῳ
1063 4913 1275 4984 Ἰσραὴλ
1306 4913 1402 4982 τῆς
1430 4914 1488 4984 εν
1515 4915 1683 4981 Αίγύ-

134 5014 244 5065 πτῳ
271 4998 513 5062 δουλεεᾱς
538 5000 599 5065 ἐξ
627 5002 783 5072 δρους
803 4997 904 5072 ἧκε
932 5003 1189 5071 Μωῦσῆς,
1213 5002 1567 5070 ἀπαγγέλλων
1588 5002 1684 5069 τὴν

132 5087 522 5157 ἀπολύτρωσιν.
540 5094 682 5155 Ἕως
712 5095 810 5162 μὲν
834 5092 926 5147 οὖν
954 5094 981 5144 6
1009 5092 1277 5163 βασιλεὺς,
1304 5093 1683 5156 ταπεινώσεως

134 5179 363 5246 πλούτῳ,
395 5179 493 5249 τῆς
535 5183 728 5237 ἑαυτυῦ
763 5184 919 5250 δόξης
943 5184 1032 5234 τὸν
1076 5184 1304 5237 πλοῦτον
1337 5184 1679 5249 ὑπέστελλεν,

134 5267 360 5337 ἀφανέσι
384 5270 602 5336 χωρίοις
642 5276 735 5326 καὶ
767 5274 796 5325 6
831 5274 1161 5343 στρατιώτης
1204 5276 1497 5345 ὲνδιῃτᾶτο.
1533 5274 1684 5327 Ἐπεὶ

131 5362 182 5411 δὲ
212 5364 242 5413 6
273 5359 461 5425 καιρὸς
513 5361 825 5432 ἐφεστήκει,
862 5364 984 5417 καθ’
1028 5364 1089 5417 δν
1138 5364 1263 5430 ἔδει,
1289 5365 1387 5417 ὅσα
1415 5363 1562 5431 ποιρά
1588 5364 1683 5416 τοῦ

134 5452 343 5520 Πατρδς
369 5450 398 5501 6
448 5450 755 5523 Μονογενὴς
788 5456 1009 5526 ἢκουσε,
1044 5456 1423 5526 χρηματίζειν,
1468 5457 1585 5508 τότε
1620 5456 1684 5526 δὴ

134 5549 218 5600 καὶ
240 5546 387 5610 τότε,
415 5544 509 5597 καὶ
534 5546 563 5597 6
599 5544 695 5614 τῆς
716 5548 927 5618 ἐρήμου
956 5550 1238 5620 τρόφιμος,
1280 5548 1482 5603 ἄνωθεν
1506 5549 1685 5602 λαϐὼν

133 5639 187 5689 τὸ
233 5637 516 5705 ἐνδόσιμον
554 5632 649 5685 τοῦ
699 5636 1050 5704 κηρύγματος
1080 5682 1093 5701 ,
1126 5641 1352 5708 ἄρχεται
1406 5639 1684 5707 ὁμαλίζειν

133 5727 347 5795 τρίϐους
366 5723 637 5795 τραχείας,
656 5723 772 5794 ἦτοι
799 5726 1024 5794 καρδίας
1042 5728 1376 5800 ἀτεράμονας
1398 5730 1462 5798 τῇ
1484 5731 1682 5781 Acone.

457 5824 717 5879 i'A'l‘lttJL.
754 5819 865 5878 (in.
907 5820 1088 5880 CVII.
1522 5813 1527 5818 ’

1788 2102 1953 2156 rescit
1985 2114 2151 2171 quam
2186 2103 2337 2171 spica
2368 2116 2475 2155 non
2529 2110 2666 2166 sata,
2711 2101 2917 2156 arentis
2966 2098 3165 2153 radicis
3202 2112 3325 2169 ger-

1786 2205 1931 2246 men.
1965 2189 2033 2244 Et
2057 2198 2113 2245 ut
2136 2192 2344 2251 ventris
2371 2191 2709 2247 sterilitatem
2748 2232 2763 2258 ,
2805 2190 2875 2245 ita
2898 2198 2951 2245 et
2985 2190 3323 2260 lingmevin-

1787 2282 1908 2336 eula
1937 2283 2121 2338 solvit.
2152 2279 2268 2337 Non
2300 2283 2444 2340 enim
2475 2283 2720 2349 decebat,
2754 2290 2811 2337 ut
2832 2282 3005 2353 genita
3032 2295 3182 2345 voce,
3230 2296 3323 2347 ge-

1792 2373 1939 2428 nitor
1996 2387 2194 2443 expers
2245 2373 2395 2437 vocis
2451 2380 3020 2438 maneret;mutusve
3047 2371 3322 2435 essetille,

1786 2466 1879 2534 qui
1914 2464 2056 2519 tubae
2079 2479 2242 2518 causa
2270 2465 2581 2527 exstiterat.
2608 2462 2914 2519 Ahsolvitur
2933 2464 3096 2533 igitur
3129 2461 3327 2516 Zachav

1787 2556 1899 2611 rias
1924 2568 1954 2609 a
1985 2556 2209 2611 silentio
2245 2570 2355 2625 quo
2394 2555 2907 2620 damnatus-fuerat,
2944 2555 3147 2609 infante
3171 2554 3325 2608 dolo-

1785 2660 1875 2700 res
1904 2644 2272 2705 dissolvente:
2297 2658 2598 2713 vocemque
2657 2643 2835 2698 fundit
2898 2659 3111 2710 novam,
3146 2645 3324 2713 priore

1784 2735 1876 2790 illa
1904 2735 2062 2803 longe
2088 2733 2368 2789 meliorem
2393 2741 2446 2790 et
2465 2732 2801 2797 diviniorem,
2829 2734 2955 2787 dum
3006 2733 3216 2787 Domini
3248 2734 3320 2787 vi-

1784 2826 2094 2881 sitationem
2120 2825 2175 2879 in
2224 2823 2428 2895 Spiritu
2451 2826 2720 2889 decantat,
2750 2823 3010 2892 puerique
3030 2824 3191 2888 viam,
3215 2838 3321 2893 qua

1784 2925 1911 2972 ante
1940 2916 2136 2971 faciem
2174 2908 2440 2971 Altissimi
2469 2915 2648 2971 iturus
2696 2922 2834 2978 erat,
2864 2915 3108 2982 exponit.
3142 2914 3319 2983 Neque

1785 3006 2068 3061 miraculis
2098 3006 2245 3061 circa
2273 3005 2590 3061 Zachariam
2614 3006 2781 3076 gestis
2810 3019 2898 3059 res
2923 3004 3127 3058 finitur.
3180 3002 3318 3070 Quin

1787 3096 2194 3167 profundiorem
2218 3098 2509 3168 quamdam
2542 3098 2867 3157 doctrinam,
2895 3111 3056 3165 quam
3082 3097 3153 3150 sit
3206 3097 3319 3148 vul-

1792 3188 1958 3257 garis,
1992 3196 2047 3242 et
2077 3202 2199 3256 qua:
2241 3187 2296 3241 in
2327 3187 2568 3241 omnium
2612 3196 2903 3255 conspectu
2934 3187 3125 3255 posita,
3160 3186 3211 3239 in
3237 3188 3322 3242 his

1789 3278 2139 3333 considerare
2182 3278 2330 3332 licet.
2384 3276 2522 3332 Nam
2581 3277 2666 3331 lex
2717 3287 2872 3331 vetus
2918 3288 3148 3332 veterem
3180 3278 3320 3330 illam

1787 3370 2160 3423 mandatorum
2190 3383 2377 3423 vocem
2408 3369 2462 3422 in
2486 3384 2677 3423 novam
2707 3370 3072 3433 commutavit,
3104 3384 3197 3437 per
3231 3384 3321 3421 sa-

1787 3460 2017 3513 lutarem
2077 3460 2281 3514 Christi
2329 3461 2723 3514 institutionem
2772 3470 3048 3515 renovata.
3092 3461 3150 3514 ln
3180 3461 3322 3513 hunc

1787 3553 2005 3605 modum
2051 3565 2116 3607 ex
2176 3549 2472 3605 infecundo
2520 3559 2673 3603 utero
2694 3560 2884 3619 preter
2916 3551 3222 3619 opinionem
3267 3560 3321 3603 et

1784 3642 2241 3710 exspectationem
2269 3640 2508 3694 Joannes
2536 3642 2901 3709 pronaseitur,
2924 3640 3165 3708 cumjam
3189 3650 3322 3694 tem-

1784 3746 1887 3800 pus
1921 3731 2348 3785 sacratissimam
2381 3731 2678 3800 Virginem,
2712 3740 2766 3786 et
2817 3732 3085 3801 Unigcniti
3126 3732 3321 3801 paren-

1784 3830 1889 3874 tem
1917 3822 1982 3874 ad
2014 3821 2405 3874 fecunditatem
2442 3832 2678 3883 vocaret,
2713 3824 2991 3891 multoque
3014 3824 3187 3877 adhuc
3222 3824 3319 3875 ad-

1782 3909 2086 3962 mirabilius
2114 3910 2237 3962 vita:
2256 3924 2481 3964 cursum
2506 3910 2740 3971 inchoat,
2777 3912 3018 3964 miranda
3040 3913 3319 3975 mirandis,

1779 4004 1835 4049 et
1859 3997 2109 4050 sublimia
2138 3995 2463 4050 sublimibus
2493 3998 2863 4051 accumulans.
2889 3999 3002 4051 Non
3043 3999 3184 4052 enim
3238 4001 3320 4051 vi-

1779 4088 1888 4133 tam
1918 4081 2039 4135 aliis
2071 4082 2329 4136 usitatam
2360 4082 2608 4153 degebat,
2639 4099 2811 4154 neque
2837 4087 3064 4141 terrenis
3085 4086 3323 4141 decretis

1780 4175 1985 4229 servire
2026 4174 2280 4243 dignatus
2317 4182 2436 4239 est;
2460 4174 2555 4230 sed
2595 4176 2750 4245 quasi
2809 4178 2990 4232 carnis
3021 4178 3315 4247 mole,jam

1772 4272 1977 4320 texutus
2008 4278 2133 4318 cum
2157 4264 2366 4334 angelis
2395 4264 2735 4330 versabatur,
2782 4282 3075 4337 eorumque
3112 4268 3323 4322 vivendi

1784 4356 2051 4412 rationem
2093 4357 2426 4411 sectabatur.
2462 4358 2516 4409 ln
2564 4357 2699 4410 urbe
2743 4359 3066 4411 commorari
3122 4359 3322 4421 renuit,

1785 4464 1894 4503 non
1917 4448 2040 4504 odio
2080 4448 2359 4503 hominum
2388 4448 2682 4517 (quomodo
2711 4449 2852 4501 enim
2890 4465 3062 4517 praeco
3096 4451 3324 4513 Domini,

1785 4542 1882 4609 qui
1916 4540 2165 4594 homines
2197 4547 2477 4607 tantopere
2511 4539 2748 4599 amabat,
2786 4546 2839 4589 et
2862 4539 3054 4591 salutis
3081 4540 3327 4592 humana;

1786 4631 2148 4701 evangelista,
2176 4629 2423 4685 homines
2448 4627 2724 4694 odisset?),
2758 4627 2851 4681 sed
2884 4629 3007 4697 quia
3025 4630 3322 4697 oportebat,

1789 4734 1847 4779 ut
1879 4724 2140 4778 credibile
2191 4732 2298 4787 est,
2327 4723 2606 4778 satellitem
2641 4718 2821 4786 Regis,
2850 4721 2938 4788 qui
2974 4720 3118 4773 omni
3158 4721 3327 4789 gloria

1788 4826 1840 4871 et
1869 4817 2057 4871 ordine
2084 4814 2334 4882 superior
2355 4822 2459 4873 est,
2482 4808 2830 4865 excelsiorem
2858 4825 2979 4865 esse
3008 4812 3152 4863 omni
3180 4812 3325 4863 civili

1789 4912 1947 4963 turba
1976 4916 2029 4962 et
2060 4906 2381 4974 abiectioue.
2410 4901 2652 4963 Accedit,
2678 4902 2820 4970 quod
2851 4916 2975 4955 cum
3004 4902 3068 4955 iis
3093 4903 3183 4970 qui
3215 4917 3329 4969 poc-

1787 5012 1911 5054 cato
1947 5000 2277 5060 serviebant.
2309 5000 2534 5054 libertas
2558 5002 2876 5066 per-statum
2897 4997 3083 5063 gratiae
3120 4993 3327 5052 futura.
3382 5024 3385 5026 -

1790 5088 2161 5146 annuntianda
2194 5098 2360 5152 esset,
2398 5101 2740 5155 consequens
2769 5095 2908 5148 erat,
2953 5091 3009 5136 ut
3035 5097 3099 5137 ex
3135 5084 3330 5136 solitu-

1788 5185 1915 5237 dine
1936 5183 2161 5236 nuntius
2192 5182 2294 5236 iste
2323 5179 2585 5249 prodiret,
2622 5176 3072 5245 quemadmodum
3110 5175 3329 5241 antiquo

1791 5274 1979 5327 lsraeli
2009 5288 2075 5325 ex
2120 5279 2304 5325 monte
2335 5266 2550 5336 Moyses
2602 5269 2802 5323 missus
2848 5274 2951 5331 est,
3002 5265 3331 5318 annuntians

1789 5364 1990 5433 popqu
2027 5359 2451 5429 redemptionem
2470 5373 2537 5412 ex
2571 5356 2831 5411 servitute
2854 5354 3125 5424 Egyptia.
3154 5350 3333 5415 Quan-

1789 5454 1879 5506 diu
1935 5469 2062 5521 ergo
2098 5467 2189 5506 rex
2231 5449 2439 5504 divitiis
2477 5447 2830 5508 humilitatis,
2889 5445 3112 5499 divitias
3144 5442 3351 5509 gloriae

1790 5549 2022 5615 tegebat,
2057 5544 2243 5600 tandiu
2299 5543 2463 5599 etiam
2496 5542 2652 5597 miles
2680 5543 2827 5596 illius
2851 5549 2906 5595 et
2961 5548 3332 5605 propugnator

1790 5640 2006 5695 abditus
2052 5640 2104 5692 in
2144 5637 2279 5691 locis
2328 5637 2460 5693 solis
2499 5634 2829 5688 morabatur.
2874 5630 2942 5682 At
2974 5645 3094 5682 cum
3121 5636 3333 5697 tempus

1792 5729 2030 5794 advenit,
2074 5743 2180 5798 quo
2214 5727 2385 5782 Filius
2440 5725 2643 5789 omnia,
2682 5738 2801 5791 qua:
2846 5735 2876 5775 a
2903 5720 3056 5777 Patre
3085 5721 3326 5775 audiet-ut

2976 5815 3004 5875 7
