3968 6322
715 356 814 420 195

1898 351 2167 428 ιΕΟΝιε
2201 348 2655 411 PHILOSOPHI

3765 349 3871 414 196

637 463 639 467 ’
711 466 915 523 mundo
940 464 1233 534 patefacere
1257 463 1504 528 debebat,
1545 471 1672 518 tunc
1698 473 1749 516 ct
1781 463 1948 518 eremi
1979 462 2230 516 alumnus

2342 463 2452 530 ιικῇ
2484 459 2576 511 καὶ⁴
2603 457 2724 528 θείᾳ
2746 457 3080 528 διδασκαλίᾳ,
3109 456 3202 513 καὶ
3231 457 3432 532 ἀπηχεί
3454 458 3553 530 μὲν
3578 459 3677 529 τῆς
3706 475 3872 530 μετα-

713 566 929 625 acccpto
948 571 979 610 e
1002 557 1155 611 cmlis
1189 553 1584 624 praedicationis
1607 553 1917 608 inchoanda:
1936 552 2109 623 signo,
2150 552 2233 606 in-

2331 550 2474 612 νοίας
2497 551 2588 602 τδν
2609 548 2863 619 φθόγγον,
2886 544 2972 603 οἷα
2996 549 3059 620 δὴ
3084 549 3180 603 τοῦ
3209 552 3473 620 σωτηρίου
3497 550 3654 620 λόγου
3696 551 3874 619 φωνὴ,

716 647 847 715 cipit
876 645 992 700 vias
1020 659 1235 713 asperas
1253 644 1392 708 ¹¹ο¹⁹,
1414 643 1621 697 animas
1647 642 1895 698 videlicet
1921 639 2236 695 inﬂexibiles

2342 640 2423 692 ιιαὶ
2461 640 2595 702 τοὺς
2618 640 2899 711 δεομένους
2944 639 3259 708 καθάρσεως
3301 640 3549 711 καθαίρει
3587 641 3729 712 λόγῳ
3779 641 3875 696 καὶ

713 743 765 789 et
809 734 994 794 duras.
1039 732 1221 786 divina
1263 732 1507 786 doctrina
1548 730 1788 799 planare,
1847 739 1901 784 et
1948 727 2236 797 aequabiles

2342 729 2504 785 ὕδατι.
2544 731 2952 799 ’Ᾱναφανεῖσθαι
2972 731 3016 784 δ’
3057 733 3181 786 ὅσον
3210 731 3362 795 οῗύπω
3409 733 3873 804 προκαταγγέλλει

713 821 955 876 reddere.
980 819 1044 874 Et
1067 821 1436 890 paenitentiam
1475 820 1690 890 quidem
1713 819 2020 882 annuntiat,
2039 818 2238 888 quippe

2342 819 2424 874 τὸν
2446 821 2666 876 ὄπισθεν
2699 822 2796 892 μὲν
2825 825 2889 892 τῇ
2913 823 2980 876 δι’
3005 824 3153 893 ἡμᾶς
3179 823 3236 874 ἐν
3262 823 3436 893 χρόνῳ
3460 825 3727 895 γεννήσει,
3763 825 3877 894 μεί-

715 912 968 984 salutaris
1014 910 1168 965 Verbi
1198 925 1321 975 vox,
1355 922 1556 978 eosque
1588 909 1678 978 qui
1700 907 2086 963 emundatione
2109 921 2238 978 ege-

713 1001 860 1064 bant,
883 1000 1104 1055 mundat
1129 1000 1292 1055 verbo
1320 1008 1373 1054 et
1403 1015 1562 1068 aqua,
1580 1008 1636 1053 et
1665 1013 1787 1052 eum
1813 997 1927 1067 qui,
1945 997 1992 1052 si
2028 1003 2242 1066 tempus

718 1089 1254 1158 spectes,‘posterius
1280 1095 1524 1152 venerat,
1544 1086 1730 1156 .major
1769 1092 1946 1140 autem
1980 1092 2096 1139 erat
2117 1084 2242 1138 iulio

720 1183 886 1233 nitate
914 1180 1182 1247 potentiae,
1231 1178 1401 1248 magis
1439 1188 1598 1246 quam
1630 1190 1860 1243 unquam
1888 1184 2043 1228 antea
2076 1188 2243 1244 appa-

718 1272 894 1322 ruisse
919 1269 1134 1330 clamat,
1182 1282 1337 1334 quem
1360 1274 1414 1320 et
1439 1266 1671 1332 perfecte
1696 1265 1750 1317 in
1782 1264 1974 1332 spiritu
2004 1265 2244 1333 baptiza-

692 1363 898 1407 ‘turum
933 1362 1174 1415 teStatur,
1204 1355 1412 1422 Agnum
1440 1353 1504 1416 ’°,
1537 1352 1626 1422 qui
1679 1360 2024 1422 apparuerat,
2053 1355 2254 1407 ostené‘"

719 1444 822 1509 dit,
855 1445 1010 1513 cujus
1032 1443 1309 1514 sanguinis
1337 1451 1520 1512 guttae,
1562 1457 1591 1499 a
1620 1443 1824 1512 peccati
1848 1442 2103 1498 sordibus
2145 1437 2254 1496 or;

672 1582 675 1585 _
718 1533 837 1587 hem
866 1543 1130 1586 terrarum
1157 1539 1538 1600 expurgarunt,
1581 1547 1741 1600 quem
1767 1540 1819 1585 et
1849 1531 1903 1585 in
1945 1539 2100 1587 utero
2142 1531 2239 1583 ad—

2336 910 2464 974 ζονα
2490 911 2547 964 δὲ
2567 911 2644 981 τῷ
2693 913 3100 983 άπειροδυνάμῳ
3139 913 3351 983 κράτει,
3381 911 3441 965 ὃν
3469 915 3564 966 καὶ
3595 913 3875 984 βαπτίσειν

2340 1001 2668 1072 μαρτύρεται
2690 1001 2906 1066 τελείως
2932 1003 2990 1054 ὲν
3017 1000 3312 1072 Πνεύματι.
3352 1003 3460 1055 Καὶ
3484 1002 3614 1071 γοῦν
3641 1003 3876 1070 φανέντα

2338 1091 2428 1143 τὸν
2469 1091 2661 1160 Ἀμνδν
2706 1092 3068 1146 ὕποδεικνύει·
3122 1087 3184 1147 οὗ
3233 1093 3444 1162 ῥανίδες
3491 1093 3737 1162 αἵματος,
3779 1091 3876 1144 τοῦ

2337 1179 2542 1250 λύθρου
2563 1182 2672 1264 τῆς.
2712 1167 2979 1251 ἁμαρτίας
3009 1183 3105 1253 τὴν
3135 1185 3452 1254 οἰκουμένην
3474 1182 3749 1254 ἐκάθηραν
3771 1199 3786 1212 ’
3818 1182 3878 1235 δν

2339 1269 2432 1320 καὶ
2457 1268 2584 1339 περὶ
2613 1269 2681 1322 τὰ
2703 1268 2948 1322 σκοτεινὰ
2962 1267 3075 1338 ,τῆς
3103 1270 3335 1340 γαστρὸς
3371 1269 3451 1322 ἔτι
3482 1269 3654 1340 χωρία
3679 1267 3882 1336 γνωρί-

2339 1360 2421 1426 ζει
2446 1359 2586 1414 εἰλού
2594 1375 2769 1429 μενος,
2792 1359 2886 1413 καὶ
2912 1361 3023 1423 τοῖς
3053 1359 3309 1429 Ἰορδάνου
3332 1358 3566 1430 ῥείθροις
3589 1358 3880 1430 παραπλη-

2339 1451 2468 1513 σίως
2496 1449 2585 1504 τδν
2615 1449 2889 1519 Δεσπότην
2909 1447 3054 1502 λούει
3085 1450 3195 1512 τοῖς
3213 1448 3435 1512 δούλοις,
3464 1449 3558 1503 καὶ
3585 1448 3691 1519 ¹τὴν
3734 1463 3880 1519 μαρ-

2337 1539 2525 1610 τυρίαν
2578 1537 2670 1593 ἐπὶ
2717 1537 2795 1608 τῷ
2845 1527 3001 1593 Παιδὶ
3036 1538 3386 1610 φωνουμένην
3429 1537 3523 1592 τοῦ
3553 1538 3881 1609 Γεννήτορος

718 1622 822 1676 huc
861 1623 1104 1684 abditus,
1130 1621 1390 1702 agnoscit,
1418 1629 1472 1674 et
1491 1617 1747 1676 Jordanis
1783 1634 1922 1689 aqua
1952 1618 2237 1674 Dominum
2263 1699 2298 1702 _
2336 1631 2626 1702 ὲνηχεῖται,

704 1713 961 1766 Similiter
1011 1725 1073 1766 ac
1102 1698 1286 1767 servos
1315 1710 1505 1778 abluit,
1533 1711 2010 1784 testimoniumque
2029 1707 2168 1764 Filio
2202 1725 2234 1764 a
2263 1699 2308 1758 B

715 1800 874 1854 Patre
901 1800 1081 1852 datum
1107 1799 1346 1854 exaudit.

788 1887 1083 1956 Oportebat
1115 1902 1264 1953 vero,
1295 1893 1350 1941 ut
1416 1901 1520 1941 non
1553 1894 1761 1941 tantum
1807 1893 2050 1942 mortuos
2079 1887 2237 1952 inter,

721 1981 812 2036 sed
842 1989 895 2035 et
940 1981 1076 2035 inter
1111 1993 1225 2042 eos,
1248 1993 1385 2048 quos
1429 1979 1587 2033 inferi
1625 1979 1893 2043 tenebant,
1945 1992 2242 2049 praecursor

721 2074 887 2132 esset,
948 2067 1220 2137 ferretque
1269 2066 1464 2137 iisdem
1509 2067 1838 2120 laetissimum
1878 2064 1946 2120 de
1998 2066 2282 2130 libertate,

722 2159 990 2222 nuntium,
1013 2158 1078 2212 de
1099 2157 1308 2210 Demini
1333 2157 1578 2211 videlicet
1600 2157 1828 2212 adventu
1858 2164 1912 2211 et
1935 2159 2242 2226 praesentia.

718 2234 979 2314 Quocirca
1007 2249 1215 2301 cultura
1235 2248 1496 2301 sermonis
1516 2254 1725 2314 pectora
1747 2247 1883 2299 dura
1908 2247 2157 2301 excoleris
2178 2246 2245 2301 ad

721 2327 842 2393 eum
885 2352 1118 2406 quoque,
1152 2336 1246 2405 qui
1297 2351 1361 2390 eo
1395 2347 1630 2414 tempore
1660 2336 1798 2406 apud
1828 2335 2040 2392 Judaeos
2067 2352 2244 2392 rerum

723 2426 1044 2498 potiebatur,
1083 2423 1350 2494 pervenit,
1383 2423 1582 2479 sterilis
1636 2432 1690 2478 et
1716 2423 2036 2481 infructuosi
2083 2425 2242 2480 animi

724 2499 1039 2569 medicinam
1083 2514 1377 2582 explicans,
1411 2515 1493 2568 vel
1529 2516 1708 2583 potius
1743 2514 1994 2570 exitiales
2039 2515 2246 2585 peccati

673 2673 678 2680 ν
725 2605 934 2659 fructus
980 2605 1280 2671 libertatis,
1305 2605 1360 2658 in
1423 2603 1862 2674 reprehendendo
1897 2607 2052 2675 quasi
2110 2605 2248 2662 falce

725 2687 1032 2763 amputans.
1069 2694 1201 2747 Nam
1223 2694 1314 2766 qui
1347 2695 1583 2748 omnium
1614 2694 1848 2750 maxime
1878 2695 2023 2766 leges
2056 2705 2244 2751 enato-

713 2783 836 2838 .dire
860 2783 1108 2844 debebat,
1158 2783 1439 2853 legumque
1481 2785 1863 2839 observatione
1899 2784 2151 2840 subditos
2181 2784 2247 2838 ad

621 2907 625 2912 —
727 2873 810 2926 sui
862 2872 1262 2926 observantiam
1300 2873 1565 2926 adducere
1614 2873 1815 2942 (solent
1859 2874 2002 2928 enim
2050 2874 2247 2928 subditi

723 2975 845 3014 cum
906 2963 1112 3024 eorum,
1153 2962 1241 3028 qui
1270 2971 1527 3030 praesunt,
1557 2961 1844 3016 virtutibus
1891 2962 1974 3015 vel
2010 2963 2157 3018 vitiis
2185 2978 2246 3017 se

685 3113 688 3116 ,
726 3051 1042 3119 ple-rumque
1062 3049 1449 3114 conformare),
1471 3050 1573 3104 iste
1595 3059 1786 3118 praeter
1799 3051 1891 3120 jus
1917 3061 1971 3105 et
2000 3051 2246 3106 fasadul-

669 3124 683 3142 ”
728 3141 848 3196 terii
883 3142 1084 3211 ﬂagitio
1126 3154 1185 3194 se
1231 3130 1619 3203 contaminatis,
1674 3141 1842 3210 legem
1892 3142 2092 3197 violare
2139 3158 2246 3197 non

728 3229 1120 3292 erubescebat;
1149 3241 1323 3296 neque
1346 3227 1518 3281 solum
1537 3227 1799 3284 adulterio
1831 3243 1950 3284 sese
1976 3229 2242 3297 inquinat.

732 3316 826 3370 sed
858 3323 909 3369 et
961 3309 1144 3370 fiatris
1175 3323 1291 3369 toro
1337 3315 1590 3384 iniuriam
1619 3316 1799 3381 infert,
1826 3331 2003 3386 quem,
2041 3318 2090 3373 si
2124 3318 2247 3388 quis

728 3405 870 3460 alius
902 3403 954 3457 in
982 3419 1103 3459 eum
1126 3404 1421 3472 iniuriosus
1449 3404 1762 3468 exstitisset,
1794 3406 1862 3460 ab
1882 3407 2027 3461 omni
2051 3415 2246 3461 contu-

729 3495 886 3549 melia
914 3494 1250 3570 cognationis
1271 3493 1392 3563 jure
1415 3494 1690 3549 vindicare
1723 3491 2025 3564 oportebat,
2059 3511 2247 3566 quem-

726 3599 831 3653 que
861 3593 1110 3654 tanquam
1138 3587 1408 3655 proprium
1430 3600 1622 3640 curare
1646 3585 1872 3641 debebat
1903 3587 2080 3642 :bunc
2103 3588 2246 3656 ipse-

726 3684 834 3730 met
865 3676 1181 3741 incestabat,
1206 3691 1378 3746 neque
1413 3676 1717 3746 sanguinis,
1754 3691 1926 3745 neque
1962 3677 2092 3746 legis
2136 3679 2243 3756 ulla

727 3768 936 3822 ratione
962 3767 1168 3829 habita,
1198 3775 1256 3822 ut
1285 3782 1316 3821 a
1348 3767 1558 3837 piaculo
1585 3767 1898 3833 desisteret;
1943 3767 2039 3824 sed
2074 3785 2244 3840 quan-

727 3863 836 3919 tus,
862 3865 1101 3924 quantus
1129 3866 1264 3919 erat,
1294 3855 1528 3910 libidinis
1557 3854 1880 3925 mancipium
1912 3865 2050 3921 erat,
2078 3866 2132 3912 ct
2179 3859 2244 3912 ad

727 3945 1086 4014 improbitatis
1116 3944 1450 4008 barathrum,
1504 3945 1658 4014 quasi
1685 3945 1885 4000 clausis
1909 3947 2079 4002 oculis
2107 3945 2244 4001 fere-

725 4034 901 4088 batur.
957 4033 1073 4098 Quo
1118 4041 1358 4102 tempore.
1393 4048 1579 4102 magna
1616 4035 1706 4088 illa
1753 4033 1911 4089 Verbi
1950 4049 2054 4090 vox
2086 4036 2247 4090 silere

621 4133 656 4147 "
727 4137 832 4176 non
873 4124 1046 4191 potuit
1085 4139 1100 4174 :
1141 4122 1236 4175 sed
1301 4122 1623 4189 objurgavit,
1651 4123 1832 4191 reique
1871 4125 2244 4178 enormitatem

729 4210 940 4276 publice
970 4208 1206 4261 traduxit
1233 4218 1287 4260 et
1318 4209 1608 4275 redarguit.
1635 4209 1896 4263 Caeterum
1927 4221 1978 4264 et
2004 4211 2106 4264 hoc
2141 4212 2245 4265 lle-
2272 4224 2281 4229 ·

2413 1888 2560 1944 Ἔδει
2583 1889 2637 1943 δὲ
2659 1892 2767 1960 ἄρα
2787 1889 2847 1944 οὔ
2878 1889 3034 1960 μόνον
3057 1891 3114 1967 ὲν
3143 1889 3276 1955 ζῶσι
3299 1889 3603 1961 Πρόδρομος
3626 1889 3881 1959 ὀφθῆναι,

2339 1981 2474 2036 ἀλλὰ
2493 1981 2589 2035 καὶ
2616 1983 2727 2045 τοῖς
2752 1981 2810 2034 ὲν
2839 1981 2967 2053 ᾅδου
2999 1981 3242 2052 φθάνειν,
3281 1981 3374 2034 καὶ
3399 1981 3582 2050 φέρειν
3607 1980 3883 2043 κάκείνοις

2340 2074 2434 2142 τῆς
2455 2071 2760 2142 ἐλευθερίας
2782 2072 2849 2125 τά
2877 2071 3157 2140 εύαγγὲλια
3177 2109 3195 2137 ,
3233 2070 3332 2140 τὴν
3356 2069 3685 2139 Δεσποτικὴν
3703 2058 3884 2138 ἐῠατ-

2341 2161 2681 2232 γελιζόμενον
2703 2146 3022 2229 τιαρουσίαν.
3058 2159 3354 2230 Τοιγαροῦν
3389 2161 3456 2230 τῇ
3503 2159 3752 2231 γεωργίᾳ
3785 2159 3884 2213 τοῦ

2343 2249 2500 2316 λόγου
2525 2246 3072 2326 τὰςριεχερσωμενας
3091 2245 3350 2316 γεωργῶν
3384 2247 3630 2316 καρδίας,
3656 2247 3885 2317 ,ιρχεται

2341 2338 2436 2392 καὶ
2478 2334 2668 2407 μέχρις
2701 2333 2864 2388 αὐτοῦ
2913 2334 3007 2387 τοῦ
3051 2336 3170 2387 κατ’
3197 2336 3372 2388 ἐκεῖνο
3395 2334 3646 2404 λαχόντος
3685 2334 3886 2406 καιροῦ

2343 2426 2437 2480 τοῦ
2473 2417 2734 2480 Ἰουδαίων
2783 2423 2967 2487 ἔθνους
3010 2425 3248 2492 κρατεῖν,
3297 2423 3396 2491 τὴν
3439 2423 3738 2492 θεραπείαν
3782 2423 3886 2493 τῆς

2344 2517 2591 2588 ἀκάρπου
2609 2513 2830 2583 καρδίας
2852 2513 3254 2582 εἰσηγούμενος,
3279 2511 3476 2582 μᾶλλον
3493 2512 3551 2566 δὲ
3571 2513 3663 2566 τδν
3685 2511 3883 2583 φθορο-

2347 2607 2496 2662 ποιὸν
2535 2605 2806 2674 ἐκτέμνων
2834 2601 2931 2673 τῆς
2955 2602 3226 2673 ἁμαρτίας
3250 2602 3479 2673 καρπὸν,
3522 2601 3626 2672 τῆς
3661 2603 3887 2673 παρέβη-

2346 2698 2464 2761 σίας
2498 2694 2604 2750 τῶν
2629 2694 2863 2764 ἐλέγχων
2891 2695 3048 2764 τομῇ.
3089 2691 3146 2746 '0
3173 2693 3279 2763 γάρ
3308 2710 3388 2746 τοι
3407 2691 3621 2747 πάντων
3649 2693 3888 2763 μάλιστα

2342 2772 2726 2858 νομοφυλακεῖν
2749 2783 2996 2851 ὀφείλων,
3019 2784 3113 2838 καί
3133 2787 3199 2855 τῇ
3223 2781 3580 2860 ,καθἠεαυτδν
3609 2786 3889 2855 συντηρήο

2346 2892 2427 2929 σει
2449 2873 2544 2928 τοῦ
2575 2875 2738 2945 νόμου
2769 2875 2847 2952 εἰς
2880 2875 3042 2945 τιμὴν
3091 2873 3254 2928 αὐτοῦ
3288 2874 3349 2928 τὸ
3377 2873 3678 2944 ἀρχόμενον
3721 2890 3889 2942 προσ-

2347 2964 2618 3018 καλεῖσθαι
2631 2964 2860 3034 (πέφυκε
2871 2966 2976 3034 γάρ
2999 2980 3116 3029 πως
3128 2964 3190 3018 τὺ
3205 2964 3502 3036 ἀρχόμενον
3512 2965 3632 3028 ταῖς
3661 2964 3892 3036 ἀρεταῖς

2341 3049 2376 3118 ἦ
2409 3049 2633 3113 ,κακίαις
2685 3050 2761 3112 ὡς
2820 3053 3042 3106 ἐπιπολὺ
3096 3051 3204 3106 τῶν
3260 3051 3597 3123 κρατούντων
3665 3052 3890 3106 συνδια-

2341 3137 2625 3216 τίθεσθαι),
2668 3131 2823 3202 οὗτιος
2858 3141 2923 3210 δὴ
2951 3143 3300 3212 παρανομῶν,
3348 3144 3440 3198 καὶ
3487 3144 3733 3213 μοιχείας
3760 3144 3891 3213 ἄγει

2342 3227 2862 3298 καταμολυνόμενος,
2887 3233 2965 3292 εἰς
2989 3232 3148 3284 αὐτὸν
3178 3232 3444 3302 παροινῶν
3467 3233 3566 3287 ούκ
3594 3233 3902 3304 ᾐσχύνετοι

2345 3317 2438 3370 καὶ
2462 3317 2524 3369 ού
2553 3315 2708 3370 τοῦτο
2734 3319 2891 3388 μόνον
2918 3319 3179 3388 μοιχείας,
3222 3321 3357 3373 ἀλλὰ
3384 3324 3478 3376 καὶ
3513 3322 3750 3391 ἀδελφοῦ
3801 3326 3892 3380 ιν-

2343 3393 2551 3476 υϐρίζει
2576 3406 2781 3476 κοίτην,
2806 3391 2874 3477 ἢν
2903 3406 3009 3460 ἔδει
3036 3407 3130 3460 καί
3153 3418 3292 3470 τινος
3313 3409 3588 3480 ἀλλοτρίου
3617 3412 3891 3480 ὑϐρίζον.

2341 3512 2450 3560 τος,
2478 3496 2814 3572 ἐπαμύνοντα
2853 3496 2932 3566 τῷ
2966 3495 3160 3568 δικαίῳ
3184 3499 3309 3570 ,τῆς
3345 3498 3657 3567 συγγενείας
3687 3501 3890 3555 ἀνεπι-

2342 3582 2626 3640 ϐούλευτον
2676 3587 2966 3656 πειρᾶσθαι
3007 3587 3307 3657 διατηρεῖνο
3351 3587 3421 3658 ἦν
3444 3587 3550 3641 ἔδει
3574 3589 3887 3660 περιέπειν,

2340 3675 2414 3741 ὡς
2442 3675 2665 3743 οἰκείαν,
2697 3677 2895 3749 ταύτην
2923 3661 3103 3740 ἀὐτὸς
3150 3675 3430 3749 άνὼρυσσε
3479 3677 3546 3732 δι’
3577 3678 3747 3734 αὐτοῦ
3769 3697 3788 3713 ·
3813 3682 3891 3752 μὴ

2341 3772 2449 3831 τοῖς
2477 3770 2534 3834 ἐξ
2557 3769 2803 3838 αἵματος,
2838 3771 2912 3840 μὴ
2933 3772 3043 3834 τοῖς
3065 3772 3130 3823 ἐκ
3155 3770 3318 3838 νόμου
3341 3770 3476 3840 ἔχων
3509 3773 3602 3826 ἐπὶ
3621 3771 3891 3844 λογισμὸν

2341 3857 2646 3926 ἀναφέρειν,
2678 3857 2885 3910 καὶτοῦ
2928 3859 3231 3928 μιάσματος
3266 3860 3583 3930 ἀποστῆναι,
3617 3861 3735 3914 ἀλλ’
3763 3862 3890 3928 ὅλος

2343 3951 2439 4018 τῆς
2470 3949 2659 4018 ἡδονῆς
2704 3949 2779 4002 ὢν
2809 3949 3150 4020 ἀνδράποδον,
3199 3952 3292 4005 καὶ
3340 3951 3476 4022 πρὸς
3503 3953 3560 4006 τὸ
3606 3951 3887 4025 βάραθρον

2340 4039 2436 4107 τῆς
2457 4039 2789 4109 παρανομίας
2809 4039 2994 4111 ὥσπερ
3020 4041 3082 4110 δὴ
3108 4040 3256 4111 μύων
3297 4044 3727 4114 καταφερόμενος
3749 4062 3768 4078 ο
3797 4047 3889 4100 ὅτε

2341 4127 2424 4197 δὴ,
2452 4129 2541 4181 ὅτε
2580 4131 2613 4197 ἡ
2663 4131 2868 4200 μεγάλη
2900 4131 3002 4182 τοῦ
3043 4132 3213 4198 Λόγου
3243 4133 3393 4200 φωνὴ
3421 4134 3575 4203 σιγᾷν
3603 4133 3702 4190 οὐκ
3730 4135 3890 4205 ὴνείο

2341 4232 2484 4284 χετο,
2518 4218 2631 4268 ἀλλ’
2658 4216 2934 4285 ὲξὴλεγχε,
2985 4219 3076 4270 καὶ
3121 4220 3219 4287 τῆς
3254 4221 3499 4289 πράξεως
3525 4221 3586 4274 τὺ
3611 4222 3888 4294 ἔκθεσμον

731 4300 881 4352 rodis
920 4299 1132 4367 ingenio
1156 4297 1520 4376 conveniebat,
1550 4306 1607 4352 ut
1650 4313 1755 4351 non
1792 4302 1949 4352 modo
1991 4300 2240 4354 emenda.

2343 4303 2694 4371 ὲστηλίτευεν.
2750 4301 2858 4357 Ἦν
2903 4304 2960 4357 δὲ
2983 4305 3076 4357 καὶ
3111 4307 3265 4359 τοῦτο
3296 4307 3552 4377 Ἡρώδου,
3606 4311 3682 4380 μὴ
3714 4317 3887 4380 μόνον

733 4389 896 4442 tionis
925 4401 1076 4456 spem
1107 4387 1306 4439 nullam
1337 4387 1604 4454 praabere,
1634 4387 1726 4440 sed
1770 4397 1823 4442 et
1855 4389 2245 4463 improbitatem

733 4476 956 4544 majoris
1013 4474 1254 4528 criminis
1285 4473 1595 4528 accessione
1616 4483 1855 4543 augeret.
1888 4476 2058 4530 Probe
2103 4476 2245 4531 enim

733 4577 1005 4639 parentem
1063 4581 1218 4620 suum
1272 4565 1591 4618 homicidam
1630 4565 1963 4630 imitabatur,
1992 4575 2044 4619 et
2070 4581 2128 4621 se
2155 4583 2246 4638 ge-

733 4657 968 4709 nuinum
995 4655 1138 4710 illius
1159 4655 1324 4708 filium
1351 4669 1467 4708 esse
1509 4655 1680 4721 reipsa
1709 4655 2108 4722 comprobabat.
2159 4655 2250 4714 ille

735 4743 878 4798 enim
907 4746 1138 4812 aquales
1166 4744 1383 4812 Antiqui
1408 4743 1634 4805 dierum,
1663 4744 1752 4812 qui
1775 4752 1990 4813 propter
2022 4762 2119 4802 nos
2171 4749 2251 4803 in-

736 4835 954 4887 fantiam
981 4833 1168 4893 subiit,
1201 4835 1660 4903 tanquam's‘picas
1683 4835 2018 4898 immaturas,
2046 4851 2109 4890 ex
2151 4819 2252 4892 liae

731 4925 842 4975 vita
870 4921 1085 4976 demetit
1113 4940 1126 4973 :
1162 4922 1246 4976 ille
1278 4938 1400 4976 vero
1430 4928 1747 4991 proaconeln,
1787 4925 1876 4992 qui
1931 4925 2248 4978 medicinam

734 5005 1011 5073 adurebat,
1036 5009 1474 5078 putredinemque
1498 5011 1684 5062 animm
1704 5010 2064 5074 exscindebat,
2085 5012 2248 5065 inter-

738 5100 866 5155 licil,
905 5107 955 5148 et
988 5098 1152 5149 miser
1188 5111 1307 5148 eum
1333 5097 1422 5163 qui
1463 5108 1519 5149 ut
1548 5098 1760 5152 vincula
1811 5099 2056 5158 solveret,
2090 5101 2246 5152 adve.

673 5220 677 5224 ,
734 5188 906 5241 norat,
932 5179 982 5229 in
1009 5180 1215 5231 vincula
1249 5180 1499 5246 conjicit;
1528 5183 1729 5250 quique
1772 5185 1839 5234 ab
1868 5183 2035 5234 oculis
2064 5185 2244 5249 caligi-

736 5282 853 5320 nem
888 5267 1176 5333 voluptatis
1211 5268 1567 5336 abstergebat,
1588 5269 1820 5323 carceris
1850 5269 2083 5323 tenebris
2114 5283 2244 5323 con-

734 5353 915 5406 cludit.
950 5354 1147 5408 Deinde
1179 5357 1407 5408 natalem
1437 5357 1574 5407 diem
1607 5357 1859 5419 celebrat,
1891 5370 2045 5425 quem
2076 5359 2245 5412 satius

697 5441 904 5495 .i‘uerat
951 5443 1121 5498 lucem
1190 5444 1348 5511 hujus
1404 5445 1532 5496 solis
1587 5460 1858 5514 nunquam
1939 5447 2242 5513 aspexisse,

781 5608 912 5664 iii“?
938 5614 1062 5666 Lue.
1088 5632 1164 5678 ut,
1198 5617 1256 5670 5.
1333 5615 1542 5669 "Juan.
1573 5618 1714 5678 1,29.

2342 4391 2435 4442 καὶ
2461 4390 2809 4446 καθίστασθαι
2835 4392 2968 4461 πρὸς
3001 4391 3300 4462 διόρθωσιν,
3327 4395 3461 4449 ἀλλὰ
3491 4398 3585 4449 καὶ
3625 4391 3687 4451 τὸ
3708 4406 3888 4456 κακὸν

2341 4476 2608 4544 αὐξάνειν,
2639 4479 2878 4554 μείζονος
2903 4481 3183 4552 προσθήκῃ
3224 4481 3416 4549 κακοῦ.
3469 4484 3731 4554 ’Δκριϐῶς
3771 4495 3921 4560 γὰρ·

2341 4572 2432 4625 τὸν
2454 4571 2711 4641 φονευτὴν
2737 4571 2980 4640 ἐμιμεῖτο
3011 4571 3238 4642 πατέρα,
3272 4572 3363 4625 καὶ
3400 4572 3474 4636 ὡς
3513 4574 3719 4627 ἐκείνου
3747 4593 3891 4649 γνη-
3933 4624 3938 4626 _

2346 4662 2434 4715 σία
2460 4661 2631 4729 σπορὰ
2653 4659 2918 4713 ἐϐεϐαίου.
2957 4659 3015 4712 '0
3042 4661 3139 4729 μὲν
3159 4660 3266 4731 γὰρ
3303 4663 3426 4726 τοὺς
3461 4664 3752 4733 ἡλικιώτας
3792 4669 3889 4724 τοῦ

2344 4749 2578 4803 Παλαιοῦ
2606 4749 2713 4801 τῶν
2749 4748 2967 4818 ἡμερῶν
3004 4749 3070 4801 δι’
3103 4751 3246 4819 ἡμᾶς
3289 4754 3661 4824 νηπιάσαντος,
3695 4750 3798 4810 οἷα
3825 4759 3891 4828 δὴ

2345 4839 2539 4907 στάχυς
2563 4837 2770 4908 ἀώρους
2791 4840 2887 4905 τῆς
2911 4836 3053 4905 ζωῆς
3079 4839 3386 4911 ἀποκείρει·
3406 4843 3435 4894 ό
3461 4842 3517 4895 δὲ
3548 4842 3636 4898 τδν
3658 4845 3889 4916 κήρυκα

2341 4929 2437 4996 τὴν
2461 4927 2751 4995 θεραπείαν
2793 4925 3194 4995 εἰσηγούμενον,
3239 4931 3330 4984 καὶ
3362 4931 3463 5000 τὴν
3489 4933 3754 5002 σηπεδόνα
3795 4941 3888 4992 τέ-

2347 5033 2539 5084 μνοντα
2563 5017 2660 5082 τῆς
2687 5014 2882 5084 ψυχῆς,
2915 5016 3264 5085 ἀποσφάττει.
3303 5021 3411 5074 Καὶ
3439 5022 3470 5072 ό
3513 5022 3739 5088 δείλαιος
3793 5030 3889 5082 τὸν

2340 5103 2518 5155 λύσειν
2542 5103 2699 5155 αὐτὸν
2725 5102 2935 5172 δεσμῶν
2967 5104 3371 5176 βεϐουλημένον,
3404 5107 3614 5178 δεσμοῖς
3637 5111 3888 5169 ὑποδάλ..

2344 5192 2444 5244 λει·
2473 5196 2566 5245 καλ.
2595 5192 2685 5244 τὸν
2733 5193 3162 5265 ἁποκαθαίροντα
3192 5195 3300 5247 τῶν
3351 5195 3636 5268 ὀφθαλμῶν
3677 5201 3788 5271 τὴν
3828 5206 3887 5269 ιε

2347 5281 2532 5352 ὴδσνῆς
2553 5281 2736 5352 ἀχλὺν,
2765 5283 2937 5354 σκότῳ
2957 5287 3192 5357 φρουρᾶς
3222 5285 3526 5340 ἁποκλείεν
3563 5283 3682 5342 εἷτα
3721 5309 3888 5359 γενε-

2351 5369 2476 5422 σίων
2526 5371 2714 5441 ἑορτὴν
2757 5376 3059 5444 συγκροτεῖ,
3109 5367 3154 5441 ᾧ
3181 5373 3400 5442 ἄμεινον
3426 5371 3514 5446 ἦν,
3570 5379 3694 5449 μηδ’
3741 5383 3886 5446 ὅλως

2350 5458 2480 5527 πρὸς
2501 5461 2668 5528 αὐγὰς
2695 5461 2845 5532 ἡλίου
2869 5464 3057 5527 ἐλθεῖν,
3089 5461 3191 5516 καί
3210 5467 3370 5520 παῖδα
3404 5468 3502 5535 τ’ἠς
3543 5470 3885 5546 συμφθειρο-
