3968 6322
550 277 653 337 207

1695 268 1959 329 LEONIS
1995 265 2434 327 PHILOSOPHI

3616 253 3775 318 208

552 385 727 453 ipsum
759 401 825 440 ne
855 399 918 439 ea
949 392 1121 437 tamen
1146 383 1404 453 religione
1430 390 1583 437 curet
1610 384 1763 452 quasi
1792 384 2070 437 encomio-

2194 382 2263 433 :06
2296 381 2480 443 παιδὸς
2502 378 2656 444 ἀξίας
2688 378 2885 432 τιθέντι
2912 377 3036 440 τοὺς
3077 376 3285 446 γονέας.
3309 371 3772 444 Κεχαρισμένον

552 491 673 529 rum
704 473 866 543 legem
898 488 1014 528 eam
1049 473 1225 543 magni
1263 474 1485 533 faciens,
1544 489 1661 543 quae
1716 475 1768 529 id
1821 488 1985 543 agens
2015 482 2075 527 ut

552 563 777 632 augendi
808 572 950 627 recte
984 560 1125 614 facta
1173 560 1545 615 laudatoribus
1571 562 1908 615 occasionem
1924 546 2077 629 ‘praz-

537 646 675 706 hcat
725 650 848 703 inde
902 664 996 703 eos
1053 648 1319 716 auspicari
1353 649 1524 716 jubet.
1579 647 1646 702 Ut
1673 651 1816 703 enim
1850 649 2084 703 maxime

557 743 1115 809 tuirabilcsparentes
1178 740 1337 807 hujus
1390 740 1610 800 iuerint.
1660 754 1845 791 eorunt
1901 746 2080 789 tamen

556 839 984 899 quantacunque
1013 829 1421 898 participatione
1454 828 1638 898 gloriae
1668 828 1758 880 lilii
1802 842 1909 882 non
1940 826 2081 879 indi-

555 928 639 987 get
708 917 966 972 memoria
1028 934 1136 972 non
1192 920 1367 986 magis
1426 931 1587 987 quam
1657 916 1873 971 nativus
1923 915 2087 969 decor

555 1010 732 1062 alieno
763 1008 885 1062 luco
925 1022 987 1063 ac
1018 1008 1357 1063 emendicato
1409 1007 1542 1061 ﬂore
1595 1006 1782 1076 gratiae
1809 1004 2091 1060 medicata:

554 1098 782 1151 artiiicio
804 1100 1143 1167 mangonico.
1162 1097 1345 1166 Neque
1361 1110 1490 1153 vero
1511 1095 1669 1164 pleno
1687 1095 1801 1149 sole
1816 1094 2098 1149 collustra-

2177 471 2282 539 γὰρ
2309 471 2369 537 δή
2403 486 2503 522 που
2531 470 2625 523 καὶ
2653 470 2831 532 αὐτοῖς
2881 469 3035 522 τοῦτο
3076 467 3285 529 πάντως
3328 465 3422 517 καὶ
3467 463 3775 517 τοσοῦτον

2177 560 2399 623 ἐκείνοις
2421 560 2580 628 φέρον
2611 558 2873 628 ἒπιθήκην
2917 560 2997 620 είς
3051 556 3271 625 κόσμον,
3312 554 3434 607 ὅσον
3468 551 3773 622 ἀφαιρεῖν

2179 649 2318 712 ἔδοξε
2348 651 2442 716 τῆς
2473 649 2738 718 ἰσοτιμίας
2766 648 2855 702 τοῦ
2893 650 2952 714 ἐξ
3002 647 3180 701 αὐτῶν
3211 645 3530 715 πεφυκότος.
3556 644 3774 696 Ὥστε

2181 737 2408 790 ἐνταῦθά
2441 737 2634 807 μᾶλλον
2661 738 2857 809 ζημίαν
2884 738 2917 808 ἦ
2954 718 3141 805 κέρδος
3163 734 3407 804 προξενεῖ
3428 734 3462 801 ἡ
3489 731 3771 801 ἀφαίρε⁶

2183 844 2286 892 σις,
2320 826 2504 898 ὥσπερ
2549 829 2826 896 ποταμίων
2884 826 3161 904 ῥευμάτων
3190 825 3247 877 ἐν
3272 821 3453 889 κύκλῳ
3489 819 3774 887 ῥεόντων

2190 919 2286 972 καὶ
2314 920 2755 990 περιχωροῦντων
2808 922 2886 983 είς
2933 920 3153 986 ἄλληλα,
3196 919 3257 971 τὸ
3294 918 3423 987 παρ’
3456 916 3617 970 ἑκατέ
3632 928 3768 982 pou

2189 1007 2585 1079 ἀφαιρούμενον
2646 1008 2803 1062 πάλιν
2858 1007 3137 1077 προσθήκη
3195 1005 3402 1075 γίνεται
3444 1001 3521 1074 τῷ
3558 1001 3770 1056 δεδω-

2196 1098 2337 1153 κότι.
2736 1134 2741 1143 .
2992 1102 2995 1103 ⁷

553 1197 610 1242 ta
643 1189 756 1259 dies
787 1189 1093 1243 serenitatis
1121 1187 1486 1241 accessionem
1505 1184 1697 1254 quaerit
1751 1194 1811 1239 ut
1866 1186 2035 1255 magis
2102 1199 2255 1244 rosea
2288 1186 2455 1244 niteat
2506 1185 2661 1243 iacie.
2699 1185 2899 1242 Verum
2934 1185 3039 1241 hoc
3081 1195 3302 1241 eatenus
3384 1189 3748 1239 memoretur

555 1278 726 1330 solum
777 1288 837 1332 ut
895 1279 1313 1339 demonstretur,
1358 1285 1599 1330 nostrum
1632 1276 1797 1339 hunc,
1837 1274 1929 1346 qui
1980 1283 2233 1346 tanquam
2288 1277 2675 1334 hereditariam
2731 1289 2761 1330 a
2825 1270 3147 1346 parentibus
3197 1276 3447 1328 virtutem
3482 1269 3767 1340 accepisa

558 1377 659 1430 set,
697 1380 1031 1435 nequaquam
1067 1380 1131 1420 eo
1189 1367 1334 1420 velut
1371 1365 1691 1437 patrimonio
1735 1375 2064 1433 contentum,
2136 1370 2191 1423 in
2252 1371 2599 1439 expressione
2652 1368 3065 1423 domesticorum
3135 1366 3505 1435 exemplorum.
3548 1361 3763 1429 laudis

561 1456 1003 1524 acquiescendum‘
1041 1456 1142 1511 sibi
1185 1458 1434 1532 statuisse
1476 1460 1803 1528 (quanquam
1844 1466 2044 1528 quanta
2079 1460 2169 1518 illa
2200 1461 2488 1532 qualiaque
2548 1460 2774 1529 erantl),
2810 1473 2990 1515 verum
3056 1456 3122 1512 ad
3149 1465 3298 1512 tanto
3352 1454 3763 1527 praestantiora

1199 1526 1249 1555 \

562 1548 799 1603 facinora
826 1547 1164 1618 suscipienda
1186 1547 1502 1619 generosum
1576 1549 1739 1604 animi
1802 1550 2132 1621 prepositum
2168 1553 2442 1615 excitavit,
2505 1552 2682 1622 qualia
2730 1551 2982 1606 nimirum
3031 1558 3445 1605 consentaneum
3467 1552 3582 1601 erat
3606 1558 3762 1598 mo-

562 1639 648 1694 liri
679 1654 799 1693 eum
834 1639 926 1709 qui
977 1654 1035 1693 se
1068 1624 1343 1694 etniestem~
1367 1654 1591 1708 prorsus
1622 1643 1690 1698 ad
1724 1643 1847 1699 vitae
1892 1654 2094 1701 sectam
2132 1660 2194 1699 ac
2248 1645 2507 1699 rationem
2556 1642 2938 1698 transtulisset.
3000 1638 3167 1696 Nemo
3233 1653 3393 1709 porro
3435 1634 3761 1705 reprehen-

495 1748 502 1754 -
561 1730 786 1783 «tendant
825 1729 1119 1783 orationem
1150 1742 1317 1783 meam
1354 1738 1499 1797 putet
1518 1730 1661 1801 quod
1692 1746 1754 1787 ea
1806 1732 2100 1788 secundum
2140 1749 2168 1786 a
2201 1733 2309 1787 lilio
2356 1732 2629 1803 dignitatis
2687 1734 2859 1786 locum
2911 1731 3219 1801 parentibus
3280 1726 3589 1783 attribuat.’
3619 1723 3761 1800 Yo—

566 1822 798 1877 lentibus
844 1837 974 1877 sane
1020 1823 1148 1890 ipsis
1204 1837 1266 1876 ac
1316 1823 1619 1881 lubentibus
1677 1826 1934 1882 acciderit
1979 1826 2080 1883 hoc
2115 1825 2327 1895 quidem
2392 1842 2408 1881 :
2447 1826 2647 1895 quippe
2687 1824 2814 1880 hinc
2865 1831 3013 1878 tanto
3053 1823 3296 1878 uberiore
3330 1822 3387 1876 in
3415 1836 3511 1877 eos
3540 1823 3556 1867 i
3589 1834 3761 1875 vera

563 1913 744 1980 gloria:
770 1915 1079 1969 accessione
1111 1913 1472 1969 redundatura
1500 1926 1759 1986 quantum
1810 1918 1923 1989 ipsa
1989 1919 2318 1986 comparatio
2374 1916 2647 1987 dignitatis
2723 1914 2989 1971 ademisse
3038 1912 3350 1983 postpositis
3426 1910 3751 1966 videbatur.

562 2002 692 2056 Nam
728 2003 816 2058 hic
854 2004 1066 2073 quidem
1096 2005 1237 2072 quod
1278 2005 1517 2061 aufertur
1548 2022 1655 2062 non
1719 2008 1914 2064 damno
1944 2009 2112 2079 magis
2144 2008 2505 2077 deputandum
2550 2021 2711 2076 quam
2770 2006 2918 2060 lucro
2969 2012 3071 2068 est,
3104 2012 3161 2057 ut
3195 2001 3371 2057 ﬂuviis
3398 2003 3450 2056 in
3513 2016 3572 2057 se
3631 2015 3757 2071 per

563 2094 743 2148 urbem
771 2093 1131 2159 reﬂuentibus,
1186 2109 1410 2166 seseque
1453 2099 1839 2168 excipientibus
1876 2107 2062 2154 mutuo
2118 2104 2224 2169 per
2283 2100 2446 2165 vices,
2491 2099 2633 2167 quod
2704 2096 2959 2151 adimitur
3007 2096 3264 2150 continuo
3320 2092 3621 2149 refunditur
3679 2096 3748 2150 ei

565 2184 656 2252 qui
681 2184 921 2238 dederat.

635 2271 777 2339 Ergo
828 2270 923 2339 qui
974 2272 1102 2327 huic
1154 2281 1337 2328 nostro
1369 2272 1517 2329 l‘ucre
1539 2283 1788 2342 parentes
1818 2276 1873 2330 in
1905 2276 2093 2345 primis

2271 2272 2430 2327 Ἀλλά
2460 2252 2567 2340 γάρ
2597 2266 2800 2322 ἐκείνου
2821 2230 3134 2337 γεννήτορες
3150 2268 3330 2336 ἄκρως
3356 2267 3563 2335 ἔχοντες
3581 2283 3751 2336 περι-

568 2357 827 2420 illustres,
859 2364 971 2410 tum
1004 2358 1070 2414 iis
1101 2363 1435 2417 ornamentis
1476 2378 1595 2431 quae
1623 2362 1813 2419 decent
1842 2380 2092 2435 corpora,

569 2461 801 2514 cumque
830 2450 1149 2516 corporibus
1177 2461 1587 2519 consumuntur,
1623 2462 1737 2509 tum
1770 2456 1836 2510 iis
1883 2471 2096 2526 quoque

571 2551 690 2604 quae
743 2538 1083 2605 sempiternae
1152 2543 1271 2595 vitae
1330 2542 1613 2599 duratioue
1648 2547 1870 2615 mqualia
1914 2554 2090 2602 sunt:

572 2640 682 2693 quo
742 2629 1024 2694 posteriori
1078 2646 1276 2700 genere
1324 2633 1660 2702 potissimum
1690 2638 1918 2693 nitentes
1948 2640 2096 2707 prius

568 2713 701 2775 illud
736 2720 1171 2776 contemnebant.
1204 2722 1382 2786 Quare
1410 2725 1593 2792 procul
1640 2741 1671 2780 a
1721 2726 1971 2784 civilibus
1999 2743 2095 2783 cu-

569 2803 647 2857 ris
680 2810 931 2872 tanquam
964 2821 994 2858 a
1019 2808 1317 2875 procelloso
1370 2812 1505 2867 mari
1554 2811 1822 2881 subducti,
1856 2815 1910 2869 in
1940 2824 2095 2886 portu

568 2892 715 2958 beati
754 2897 849 2950 otii
874 2896 1174 2966 tranquilla)
1198 2898 1320 2952 vitae
1347 2913 1564 2954 cursum
1594 2905 1936 2969 peragebant.
1972 2904 2098 2959 Vul-

567 2984 640 3035 tis
668 2982 756 3036 hic
792 2997 1122 3052 apponamus
1150 2986 1329 3054 aliqua
1369 2988 1590 3042 virtutis
1615 3003 1799 3044 eorum
1827 2999 1975 3046 certa
1998 2992 2097 3047 du-

571 3074 859 3128 cumenta?
884 3072 1025 3137 Quid
1057 3089 1183 3129 vero
1210 3089 1295 3129 me
1324 3090 1463 3144 opus
1492 3083 1577 3131 est
1623 3077 1692 3131 iis
1729 3094 1923 3135 vexare
1950 3082 2102 3135 colli-

571 3160 781 3232 gendis,
824 3174 948 3213 cum
970 3161 1219 3215 ‘istorum
1252 3175 1427 3217 mores
1456 3165 1513 3217 in
1544 3164 1704 3219 rebus
1748 3180 1963 3234 quoque
1993 3182 2099 3221 cte-

572 3251 703 3305 teris
732 3251 920 3319 quales
951 3249 1150 3305 fuerint
1198 3265 1265 3305 ex
1302 3253 1447 3306 ultro
1482 3252 1691 3310 delecto
1723 3256 1845 3310 vita:
1909 3271 2103 3325 genere

575 3338 735 3406 facile
780 3340 850 3394 sit
886 3340 1205 3411 intelligere.
1237 3339 1443 3396 Etenim
1475 3356 1597 3398 cum
1628 3344 1940 3411 spectabiles
1970 3347 2101 3400 emi-

574 3443 704 3494 nere
732 3429 939 3499 possint
973 3446 1039 3486 ex
1073 3430 1349 3507 iunctione
1392 3433 1572 3502 aliqua
1606 3432 1798 3489 illustri
1828 3435 2097 3506 principa-

576 3518 644 3583 lis
673 3520 1082 3588 procurationis,
1109 3523 1186 3577 rei
1212 3521 1385 3591 dignae
1411 3522 1568 3592 vulgo
1594 3523 1809 3579 creditae
1842 3539 1940 3594 pro
1989 3540 2095 3595 qua

574 3608 779 3663 laboris
808 3609 938 3664 nihil
972 3611 1334 3683 contentionis
1365 3622 1663 3679 recusetur,
1717 3613 1769 3668 id
1815 3616 1888 3671 illi
1920 3623 2095 3671 tamen
2123 3597 2166 3650 ο

574 3699 925 3766 praesentibus
972 3700 1232 3762 contenti,
1282 3700 1572 3783 ambitiqne
1625 3703 1844 3773 insuper
1893 3704 2095 3767 habita,

574 3801 797 3855 prorsus
847 3798 905 3844 ut
957 3803 1069 3843 rem
1130 3789 1281 3844 nihili
1330 3791 1698 3862 neglexerunt.
1738 3792 1921 3865 Neque
1970 3809 2099 3851 vero

574 3878 688 3931 suis
738 3878 906 3947 copiis
964 3880 1032 3934 ad
1100 3882 1427 3951 voluptatem
1484 3883 1878 3952 abutebantttr;
1927 3901 2100 3955 neque

575 3968 783 4023 deliciis
844 3984 1071 4038 quarum
1135 3974 1257 4028 inde
1321 3972 1604 4027 aliluebant
1650 3975 2101 4043 opportunitates,

576 4058 1005 4114 resolvebantur.
1093 4061 1198 4116 Sed
1271 4063 1523 4131 praeclare
1592 4065 1837 4131 persuasi
1926 4062 2099 4119 solum

576 4144 715 4199 hunc
742 4162 860 4202 esse
933 4148 1162 4202 habendi
1227 4148 1457 4203 fructum
1517 4150 1563 4205 si
1606 4152 1730 4220 quis
1774 4155 1846 4206 ita
1875 4167 1987 4208 rem
2020 4156 2101 4209 vi-

576 4232 748 4287 vendo
807 4226 1141 4301 dispensaret
1188 4243 1245 4288 ut
1285 4250 1349 4288 ea
1397 4236 1593 4291 deinde
1647 4241 1973 4294 conscientia
2016 4256 2104 4297 so-

579 4320 709 4372 latio
766 4336 886 4374 esse
910 4321 1159 4376 morienti
1206 4331 1403 4389 posset,
1460 4324 1813 4391 seminabant,
1859 4336 1917 4380 ut
1967 4327 2103 4383 dici-

577 4418 683 4470 tur,
717 4417 938 4477 utraque
972 4423 1130 4465 manu
1181 4425 1276 4479 per
1331 4412 1483 4472 sinus
1527 4426 1822 4483 pauperum
1865 4416 2100 4483 divitias,

578 4499 720 4567 quod
752 4499 820 4553 ob
850 4499 1093 4554 meritum
1128 4509 1319 4563 praeter
1348 4510 1595 4559 emeram
1629 4502 1924 4560 claritatem
1958 4505 2102 4562 illam

578 4590 738 4642 etiam
797 4603 827 4646 a
890 4601 1267 4647 remunerante
1322 4590 1433 4648 Deo
1486 4592 1659 4647 tulere
1710 4596 2008 4651 mercedem
2045 4606 2104 4651 ut

579 4677 767 4731 liercnt
828 4685 1082 4745 parentes
1130 4678 1223 4734 lilii
1272 4681 1513 4735 mortalis
1554 4687 1761 4734 natura:
1795 4684 2009 4739 modum
2040 4701 2103 4741 ae

580 4774 795 4830 captum
825 4766 1020 4820 virtute
1067 4776 1123 4821 et
1175 4769 1592 4829 admirabilitate
1629 4774 1955 4840 superaturi.
1996 4778 2100 4831 Alii

2193 2361 2431 2429 φανείας,
2495 2360 2591 2428 δση
2642 2374 2700 2410 τε
2742 2358 3005 2424 σωμάτων
3035 2356 3127 2408 καὶ
3182 2357 3316 2423 μετά
3357 2356 3454 2423 τῆς
3501 2356 3742 2408 ἐκείνων

2196 2434 2547 2524 συναπολήγὲι
2580 2453 2803 2513 λύσεως,
2840 2452 2932 2503 καὶ
2975 2451 3073 2518 ὅση
3116 2447 3192 2518 τῷ
3226 2450 3432 2517 μένοντι
3463 2446 3561 2517 βίῳ
3589 2463 3744 2515 συμ-

2194 2543 2604 2615 παρατείνεται·
2656 2535 2826 2614 ᾖ-καὶ
2881 2539 3076 2609 μᾶλλον
3123 2538 3526 2606 σεμνυνόμενοι,
3573 2534 3737 2605 παρὰ

2196 2635 2392 2703 φαῦλον
2430 2633 2524 2702 τὴν
2553 2634 2741 2702 ἑτέραν
2763 2631 3013 2685 ὶτίθεντο.
3033 2630 3128 2682 Διὰ
3150 2627 3304 2682 τοῦτο
3326 2628 3417 2681 καὶ
3442 2627 3743 2680 πολιτικῶν

2193 2722 2473 2794 διατριϐῶν
2499 2720 2684 2793 ὥσπερ
2705 2720 2966 2787 κλύδωνος
2996 2719 3098 2785 ἔξω
3112 2706 3429 2780 διαϐιοῦντεξ
3445 2718 3743 2788 ἀπραγμοο

2196 2810 2327 2881 σύνῃ
2363 2809 2452 2863 τὸν
2484 2808 2595 2878 βίον
2639 2808 2909 2861 ἐσάλευον.
2957 2807 3212 2860 Βούλεσθέ
3254 2822 3376 2860 τινα
3407 2803 3741 2875 προσθῶμεν

2194 2902 2290 2970 τῆς
2309 2901 2530 2954 ἐκείνων
2560 2898 2759 2970 ἀρετῆς
2776 2899 3155 2968 γνωρίσματα;
3191 2897 3258 2950 Ἦ
3276 2897 3327 2950 τί
3351 2913 3415 2966 με
3437 2897 3515 2949 δεῖ
3543 2896 3738 2968 ὥσπερ

2196 2978 2448 3058 ἐνοχλεῖν,
2480 2989 2664 3061 ῥᾳδίου
2689 2988 2838 3051 ὄντος
2864 2986 3107 3041 ἐντεῦθεν
3142 2986 3233 3040 τὸν
3261 2986 3478 3039 ἐκείνων
3508 2987 3732 3056 τρόπον,

2195 3083 2372 3145 ὁποῖός
2389 3099 2470 3146 τις
2493 3080 2562 3153 ἦν
2575 3084 2675 3136 κάν
2690 3084 2802 3145 τοῖς
2823 3080 3017 3145 ἄλλοις,
3041 3080 3117 3151 τῷ
3131 3081 3536 3152 προαιρουμένῳ
3550 3096 3727 3134 κατα-

2202 3173 2519 3241 μανθάνειν;
2557 3173 2682 3238 Οἴγε
2726 3172 3007 3239 δυνάμενοι
3054 3173 3111 3224 ὲν
3150 3170 3365 3240 μεγάλῳ
3398 3170 3553 3241 μέρει
3586 3169 3735 3240 βασι-

2199 3263 2340 3339 λεῖον
2374 3262 2529 3330 δόξης
2554 3259 2929 3329 γνωρίζεσθαι,
2970 3259 3285 3327 πράγματος
3323 3262 3453 3312 πᾶσι
3491 3276 3733 3329 περιμα-

2200 3352 2383 3421 χήτου,
2423 3353 2469 3403 οί
2500 3349 2557 3402 δὲ
2582 3348 2765 3417 ὥσπερ
2789 3363 2841 3399 τι
2869 3348 2976 3399 τῶν
2994 3347 3198 3414 ἀτίμων
3222 3346 3361 3398 οὕτω
3385 3348 3732 3415 παρέδραμον

2198 3438 2348 3505 αὐτὸ,
2391 3439 2501 3501 τοῖς
2543 3433 2805 3505 παροῦσιν
2857 3431 3195 3503 ἀρκούμενοι,
3248 3432 3308 3483 ού
3361 3432 3492 3499 πρὸς
3536 3433 3733 3500 ἡδονὴν

2200 3526 2572 3597 ἀποχρώμενοι
2595 3526 2661 3594 τῇ
2691 3523 2992 3594 περιουσίᾳ,
3021 3520 3138 3573 οὐδὲ
3176 3522 3295 3582 ταῖς
3331 3519 3532 3573 ἐκεῖθεν
3564 3537 3733 3589 προσ-

2196 3616 2462 3686 ανειμένοι
2491 3613 2866 3669 ἀπολαύσεσιν.
2908 3610 3064 3663 Ἀλλά
3080 3609 3281 3678 ταύτην
3308 3609 3475 3677 μόνην
3500 3603 3560 3661 εὖ
3594 3608 3732 3661 ειδό-

2194 3724 2283 3771 τες
2307 3705 2617 3768 ἀπόλαυσιν,
2654 3703 2706 3756 εί
2728 3718 2812 3764 τις
2864 3702 3012 3777 ἀπίοι
3034 3702 3130 3769 τῆς
3159 3700 3299 3766 ζωῆς
3345 3697 3522 3752 λαϐὼν
3551 3715 3731 3768 παραυ

2199 3798 2404 3867 μύθιον,
2438 3795 2765 3866 σπείροντες,
2798 3792 2828 3844 δ
2875 3792 2939 3862 δὴ
2971 3792 3203 3859 λέγεται,
3232 3790 3373 3860 χειρὶ
3409 3790 3641 3860 ἑκατέρᾳ
3670 3790 3730 3841 ἐν

2196 3890 2306 3957 τοῖς
2361 3886 2470 3939 τῶν
2502 3886 2717 3957 ἀπόρων
2770 3883 3013 3951 ὲγκάτοις
3040 3882 3130 3936 τὸν
3169 3880 3415 3942 πλοῦτον,
3459 3880 3545 3932 διά
3574 3878 3730 3933 τοῦτο

2200 3976 2336 4045 μετά
2360 3976 2457 4045 τῆς
2489 3975 2652 4044 ἄλλης
2679 3973 2917 4037 εὐδοξίας
2970 3972 3060 4025 καὶ
3084 3969 3240 4022 τοῦτο
3272 3969 3451 4023 θεόθεν
3472 3971 3729 4037 ἀντιλαμ-

2197 4064 2433 4128 ϐάνουσι,
2478 4065 2660 4126 παιδὸς
2708 4061 3036 4131 χρηματίσαι
3074 4060 3302 4127 πατέρες
3354 4060 3654 4128 κρείττονος
3689 4057 3722 4126 ἢ

2198 4155 2334 4206 κατὰ
2367 4152 2560 4222 θνητὴν
2606 4151 2765 4218 φύσιν
2814 4149 3038 4217 ὀφθῆναι
3087 4146 3382 4215 μέλλοντος.
3417 4146 3594 4199 Ἄλλοι
3626 4146 3727 4214 μὲν

2198 4242 2288 4294 οῦν
2318 4242 2456 4309 μέγα
2504 4239 2665 4307 μέρος
2697 4236 2984 4303 εύκληρίας
3035 4233 3462 4301 ὑπολαμϐάνουσι
3509 4234 3727 4299 συχναῖς

2198 4330 2519 4397 λειτουργεῖν
2539 4327 2708 4388 ὠδῖσι,
2768 4323 3089 4392 πολυπαιδίᾳ
3122 4324 3415 4392 χαίροντες,
3459 4321 3641 4389 ὥσπερ
3670 4320 3725 4373 ἐν

2198 4420 2307 4480 τοῖς
2333 4414 2528 4477 ἄλλοις,
2559 4412 2700 4466 οὕτω
2738 4410 3011 4467 κάνταῦθα
3065 4412 3365 4478 τερπούσης
3406 4408 3598 4469 αὐτοὺς
3628 4408 3725 4477 τῆς

2199 4507 2523 4573 πλεονεξίας.
2547 4505 2727 4574 Ἦμην
2750 4505 2791 4555 δ’
2811 4505 2877 4557 ἂν
2902 4502 3056 4569 κάγὼ
3084 4504 3187 4557 τῶν
3217 4501 3508 4570 τιθεμένων
3531 4498 3722 4571 ταύτῃ,

2199 4599 2247 4648 ei
2278 4597 2460 4662 ὥσπερ
2513 4596 2637 4664 μιᾶς
2682 4594 2983 4659 πεφυκότας
3036 4591 3186 4663 ῥίζης
3237 4593 3331 4643 καὶ
3373 4589 3477 4654 τῶν
3525 4588 3725 4641 ὠδίνων

2200 4682 2667 4755 κληρονομοῦντας
2697 4679 2879 4749 ἑώρων
2934 4679 3030 4748 (7).
3084 4678 3194 4731 Νῦν
3252 4678 3306 4729 δὲ
3348 4677 3480 4730 πολὺ
3530 4675 3723 4744 μᾶλλον

2199 4774 2391 4835 ἀνίσως
2426 4771 2637 4840 ἔχοντας
2663 4770 2694 4838 ἢ
2729 4769 2852 4829 τοὺς
2880 4768 3163 4830 δακτύλους
3204 4768 3434 4837 ὁρῶμεν,
3465 4766 3558 4818 καὶ
3585 4782 3723 4833 συμ-

580 4855 793 4921 quidem
818 4855 870 4906 in
901 4868 1089 4924 magna
1119 4854 1389 4918 felicitatis
1430 4870 1581 4932 parte
1623 4874 1903 4916 numerare
1931 4864 2097 4920 solent

2201 4860 2371 4919 ϐαίνει
2391 4860 2463 4926 τῷ
2491 4860 2587 4926 μέν
2629 4874 2682 4907 τι
2721 4856 2969 4922 παρεῖναι
2995 4855 3101 4908 τῶν
3140 4854 3390 4923 χρηστῶν
3429 4852 3505 4922 τῷ
3531 4852 3588 4905 δὲ
3619 4852 3724 4903 τῶν

579 4942 797 4994 crebros
826 4952 1029 5010 partus,
1060 4959 1449 5016 numerosaque
1474 4948 1702 5018 gaudere
1723 4947 1926 5009 sobole.
1951 4951 2097 5005 velut

2202 4950 2414 5017 φαύλων
2433 4966 2445 4977 ν
2480 4946 2615 4997 ὥστε
2641 4946 2699 4998 ού
2735 4946 2928 5015 μᾶλλον
2957 4946 3043 4997 ἐπὶ
3068 4947 3176 5005 τοῖς
3206 4943 3465 5011 παροῦσιν
3504 4941 3725 5009 ἀγαθοῖς

581 5032 646 5084 ad
680 5031 791 5084 lucc
819 5047 1030 5101 quoque
1056 5034 1197 5089 bona
1226 5050 1343 5093 sese
1369 5039 1959 5119 extendenteOavaritia,
1979 5042 2097 5093 nul-

584 5122 792 5188 lumque
830 5136 897 5175 ne
939 5123 1024 5176 hic
1050 5125 1262 5192 quidem
1304 5129 1581 5197 cupiditati
1612 5128 1769 5182 linem
1806 5134 2091 5182 statuente.

583 5209 816 5272 Quorum
846 5211 899 5263 in
928 5215 1245 5266 sententiam
1275 5215 1404 5269 irem
1430 5231 1524 5285 ego
1550 5230 1761 5286 quoque
1791 5214 2011 5283 pedibus
2049 5214 2094 5266 si

2196 5040 2270 5105 τῷ
2305 5037 2448 5089 παιδὶ
2494 5038 2760 5104 χαιρήσει,
2813 5037 2846 5105 ἢ
2892 5036 2982 5088 ἐπὶ
3034 5036 3141 5093 τοῖς
3187 5033 3417 5101 χείροσιν
3464 5033 3492 5084 ὁ
3537 5030 3725 5098 γονεὺς

2195 5128 2486 5179 ἀνιάσεται.
2516 5128 2621 5180 Καὶ
2641 5127 2846 5192 γίνεται
2899 5126 3270 5195 παραπλήσιον
3323 5115 3433 5174 οἷον
3463 5122 3514 5173 si!
3541 5138 3625 5184 τις
3648 5123 3717 5192 τῇ

2202 5217 2297 5283 μὲν
2350 5219 2530 5283 στέφοι
2586 5219 2749 5286 χειρὶ,
2803 5221 2868 5286 τῇ
2901 5218 2956 5269 δὲ
2988 5214 3224 5286 ραπίξοι,
3272 5215 3327 5263 ὲν
3358 5213 3435 5283 τῷ
3470 5212 3724 5265 λυποῦντι

2032 5322 2260 5379 nom.
2279 5306 2290 5326 ‘

525 5466 528 5473 ,
646 5419 1041 5488 (7)7Perplexus
1083 5418 1235 5470 locus
1263 5426 1317 5470 et
1340 5418 1480 5488 haud
1508 5418 1617 5470 scio
1651 5433 1714 5469 an
1744 5433 1849 5488 non
1878 5414 2099 5469 mendo-

587 5501 696 5538 sus.
728 5485 1219 5553 Interpretationem
1244 5487 1487 5553 expedivi
1515 5488 1775 5553 utipotui.
1794 5485 2096 5553 Succurre-

589 5555 674 5604 bat
705 5554 837 5607 forte
868 5552 1146 5621 legendum
1178 5552 1373 5622 ὁμοίων
1403 5567 1497 5621 pro
1530 5552 1747 5605 ὠδίνων.
1783 5552 1893 5608 Nisi
1920 5553 2095 5611 verius

2205 5426 2287 5472 est
2323 5418 2482 5480 huius
2515 5418 2678 5471 nostri
2710 5426 2761 5469 et
2809 5415 3024 5469 Gracia:
3068 5412 3378 5465 citeriorum
3421 5422 3720 5480 temporum

2199 5490 2407 5554 propria
2426 5487 2651 5540 dialecto
2675 5486 2862 5544 ὠδῖνας
2883 5491 3123 5554 parentes
3145 5481 3269 5554 dici.
3286 5482 3434 5554 Quod
3462 5484 3725 5554 satispta-

2660 5570 2721 5608 ex
2750 5535 2971 5623 μέλ’ὶὲ
2991 5549 3269 5617 superiori.
3296 5535 3437 5619 ῖυυι.
3462 5535 3572 5602 206
3594 5548 3680 5615 D.)
