3930 6332
124 304 217 371 209

875 301 1152 363 ORATIO
1173 258 1357 361 XViI.
1382 324 1452 339 —-
1473 298 1555 361 IN
1580 300 1642 360 s.
1670 299 2063 363 NICOLAUM
2090 301 2528 365 MYRENSEM.

3207 302 3316 368 ato
3346 278 3349 279 ί

118 411 506 485 ἀναχωροῦντος
538 410 630 467 τοῦ
674 410 982 481 τέρποντος.
1033 410 1119 461 Διό
1157 424 1248 478 μοι
1295 406 1659 474 φαίνεταικαὶ

1762 416 1822 460 ιιι
1881 422 1949 461 ει
2009 422 2118 462 una
2170 410 2340 480 stirpe
2386 415 2710 480 procreato;
2741 408 2967 477 fratres,-
2997 411 3071 467 ita
3098 411 3324 470 virtutis

116 506 246 563 κατὰ
269 506 426 560 τοῦτο
451 505 514 559 τὸ
541 504 723 577 μέρος,
750 504 893 574 φημὶ
923 502 987 571 δὴ
1009 501 1110 570 τῆς
1159 499 1518 563 παιδοποιίας,
1543 500 1655 562 τοῖς

117 595 337 669 πατράσι
364 596 459 650 τοῦ
482 595 576 649 νῦν
592 592 900 664 τιμωμένου
928 592 1025 661 τὴν
1053 590 1193 643 κατὰ
1226 588 1333 642 τῶν
1355 586 1529 642 ἄλλων
1555 603 1657 639 πα-

115 691 272 760 τέρων
296 689 578 758 προσεῖναι
611 683 900 754 ὕπεροχήν.
928 682 1119 743 Ὅντος
1150 678 1257 751 γὰρ
1300 679 1361 731 οὐ
1388 675 1572 751 ῥᾳδίου
1598 671 1658 729 ἐν

117 784 251 852 πάσῃ
276 780 481 852 ἀρετῆς
505 779 633 853 ἰδέᾳ..
656 776 853 846 ὁμοίως
900 773 1228 842 εὐδοκιμεῖν,
1260 769 1376 823 ἀλλ’
1399 770 1457 822 ἐν
1485 766 1657 837 ταύτῃ

124 870 214 941 μέν
235 886 354 925 τινα
382 869 557 921 δοκεῖν
595 863 793 925 ἱκανῶς
829 862 996 933 ἔχειν,
1035 862 1094 915 ὲν
1134 859 1308 930 ταύτῃ
1357 856 1415 910 δὲ
1457 855 1661 924 ἀποδη-

120 963 227 1029 μεῖν
254 960 352 1031 (κ),
401 960 513 1021 τοϊς
553 956 650 1026 μὲν
699 956 878 1016 ἄλλοις
918 954 1064 1015 ὅσοις
1090 949 1298 1020 ὑπῆρξε
1325 946 1659 1020 χρηματίσαι

118 1052 340 1121 γονεῦσι,
366 1048 459 1103 τοῦ
497 1047 593 1118 μὲν
613 1046 721 1100 τῶν
752 1045 959 1099 παίδων
982 1045 1182 1113 ταύτην
1196 1039 1532 1111 κεκτημένου
1561 1036 1661 1107 τὴν

117 1144 318 1213 ἀρετὴν,
377 1141 457 1211 τῷ
495 1141 554 1194 δὲ
584 1137 891 1210 προσούσης
927 1135 1118 1207 ἑτέρας
1150 1133 1239 1201 (τὰ
1259 1135 1366 1202 γὰρ
1388 1130 1556 1202 χείρω
1586 1146 1663 1183 σι-

118 1234 332 1303 γάσθω),
366 1231 652 1301 συμϐαίνει
680 1230 869 1299 ὥσπερ
888 1227 948 1292 ἐξ
974 1227 1169 1297 ἐράνου
1191 1224 1282 1279 τὸν
1311 1223 1513 1307 κόσμον
1540 1221 1665 1275 συλ-

114 1325 379 1395 λέγεσθαι,
406 1326 562 1394 εἴπερ
591 1322 755 1391 ἀρετὴ
781 1320 991 1374 παίδων
1015 1317 1218 1387 κόσμον
1243 1316 1395 1386 φέρει
1424 1315 1539 1375 τοῖς
1566 1322 1663 1381 7s;-

118 1417 449 1487 γεννηκόσιν.
476 1412 753 1467 »Ἐνταῦθα
772 1411 830 1465 δὲ
875 1410 993 1472 ἑνὸς
1019 1409 1170 1472 ὄντος
1201 1406 1299 1460 τοῦ
1335 1406 1512 1459 πάντα
1538 1403 1664 1457 συλ-

1761 504 1925 567 atque
1985 497 2187 554 indolis
2244 511 2532 569 parentum
2563 501 2715 555 velut
2746 500 3125 560 hereditatem
3156 506 3327 575 parti-

1760 587 2010 658 cipantes
2031 605 2098 643 ex
2122 604 2277 659 aequo
2304 591 2562 647 viderem.
2584 590 2741 647 Nune
2780 593 2953 649 multo
2983 594 3159 665 major
3181 597 3329 652 inter

1760 692 1855 733 eos
1884 692 2046 746 quam
2078 680 2222 736 inter
2253 679 2454 752 digitos
2491 683 2835 754 inaequalitas
2867 687 3152 754 cernitur;
3185 703 3324 744 con-

1760 770 2029 840 tingitque
2066 770 2179 826 fere
2216 773 2286 827 ab
2334 782 2458 829 ortu
2505 774 2627 846 ipso
2677 778 2771 830 uni
2813 776 3086 833 laudabile
3144 774 3326 835 inesse

1760 859 2229 930 quidpiam,alteri
2256 878 2386 919 vero
2405 864 2690 934 vitiosum;
2722 875 2785 921 ut
2811 868 3026 939 genitor
3059 883 3168 924 non
3211 878 3351 923 ma-'

1757 949 1930 1019 iorem
1958 966 1988 1004 a
2015 950 2175 1007 bonis
2207 952 2422 1009 laetandi
2444 970 2663 1010 causam
2690 971 2855 1026 quam
2873 956 3090 1012 dolendi
3124 956 3322 1012 habeat

1762 1055 1795 1096 a
1825 1041 1983 1096 malis
2002 1060 2015 1096 :
2035 1042 2456 1115 consimilequid
2474 1046 2685 1114 patiens
2710 1054 2877 1117 atque
2907 1047 2955 1104 si
2988 1046 3115 1118 quis
3150 1050 3321 1104 altera

1764 1129 1990 1199 quidem
2022 1131 2201 1201 ipsum
2257 1148 2419 1189 manu
2454 1143 2760 1200 coronaret,
2805 1139 2975 1191 altera
3029 1139 3321 1211 colaphum

1761 1221 2120 1293 impingeret;
2172 1223 2227 1302 in
2259 1239 2371 1295 quo
2424 1241 2555 1282 casn
2606 1226 2835 1284 honoris
2891 1214 3102 1284 fructus
3151 1230 3322 1300 plagas

1760 1314 2089 1369 contumelia
2121 1315 2466 1372 obrueretur.
2503 1316 2685 1384 Quare
2720 1319 2850 1374 mihi
2883 1319 3140 1393 videntur
3157 1322 3324 1375 etiam

1761 1402 1818 1456 in
1843 1401 1945 1457 hac
1971 1411 2145 1473 parte,
2174 1403 2532 1474 fecunditate,
2562 1408 2809 1476 inquam,
2838 1424 2903 1463 ac
2934 1400 3196 1465 felicitate
3227 1422 3325 1477 ge-

1762 1493 2015 1556 nerandi,
2051 1503 2304 1564 parentes
2333 1497 2452 1566 ejus
2481 1512 2642 1567 quem
2667 1513 2816 1553 nunc
2844 1499 3203 1563 celebramus,
3233 1515 3325 1554 Stl-

118 1602 171 1653 τὸ
209 1598 546 1670 ὑπερϐάλλον
592 1596 687 1649 τοῦ
743 1596 1084 1666 πράγματος.
1121 1591 1258 1645 Ἀλλ’
1307 1588 1522 1659 εἴρηται
1543 1582 1659 1655 ’μὲν

1760 1597 1859 1653 pra
1887 1590 2117 1639 caeteros
2147 1584 2381 1640 alierum
2432 1589 2710 1658 genitores
2742 1588 3028 1659 dignitatis
3074 1591 3323 1645 obtinere

119 1693 235 1762 περὶ
262 1691 376 1743 τῶν
397 1687 735 1758 γεννητόρων
753 1688 874 1739 ὅσον
900 1683 987 1737 ἐπ’
1011 1683 1192 1750 ὀλίγον
1218 1680 1317 1751 τῆς
1344 1677 1521 1735 αὐτῶν
1543 1677 1659 1748 ἀρε-

1764 1673 2148 1744 principatum.
2188 1677 2323 1732 Cum
2351 1678 2496 1731 enim
2526 1679 2686 1736 facile
2716 1695 2823 1735 non
2852 1682 2923 1736 sit
2948 1684 3002 1737 in
3042 1682 3190 1737 omni
3224 1698 3323 1753 ge-

250 1752 569 1851 ὠσφρόνθαι
597 1752 798 1848 βραχέα
827 1776 903 1845 τῷ
950 1774 1109 1843 λόγῳ.
1160 1772 1257 1841 Εῐη
1289 1770 1335 1824 δ’
1375 1769 1441 1823 ἂν
1480 1768 1659 1822 καὶτὸ

1763 1779 1892 1821 nere
1922 1766 2140 1823 virtutis
2172 1782 2235 1823 es
2264 1782 2422 1838 aquo
2469 1767 2686 1833 ﬂorere.
2720 1771 2816 1827 sed
2878 1770 2991 1827 fere
3038 1752 3322 1829 videamus

114 1872 200 1924 νῦν
224 1873 342 1940 είρη
356 1870 514 1937 μένον
546 1862 966 1937 μαρτύριον,⁴ὡς
988 1861 1048 1914 τὸ
1069 1860 1215 1924 ἅπαξ
1241 1860 1339 1930 τὴν
1356 1857 1657 1927 καλλίστην

1763 1856 1856 1926 qui
1893 1856 2214 1928 in‘quadam
2275 1858 2430 1914 laude
2476 1860 2838 1930 aliquousque
2867 1864 3320 1935 progressus_sit,

116 1961 317 2027 ἐκείνην
340 1959 517 2012 ὠδῖνα
542 1957 720 2016 λῦσαι,
764 1952 1027 2024 ἀμείνους·
1057 1951 1249 2013 αὐτοὺς
1277 1951 1400 2018 ἄγει
1427 1947 1535 2002 τῶν
1564 1948 1657 2002 ἐπὶ

1762 1948 2007 2027 eumdem
2038 1948 2108 2003 ab
2155 1949 2259 2003 alia
2298 1950 2513 2021 longius
2585 1951 2802 2016 abesse,
2859 1954 3070 2008 caeteris
3119 1954 3321 2024 quibus

116 2051 323 2118 συχναῖς
355 2045 731 2114 ἐγνωσμένων.
761 2045 804 2097 Τ
809 2045 837 2097 ὸ
877 2044 921 2097 δ’
975 2040 1224 2096 ἐντεῦθεν
1270 2040 1543 2111 πειράσθω
1568 2037 1659 2093 τὸν

1762 2039 1994 2109 contigit
2026 2038 2140 2095 fieri
2165 2040 2413 2110 patribus
2456 2042 2691 2112 plurium
2726 2043 3027 2098 liberorum
3055 2045 3320 2101 collatitio

115 2136 271 2189 παῖδα
298 2132 670 2204 ἐκδιηγεῖσθαι
718 2134 810 2186 καὶ
864 2132 1055 2199 δεῖξαι,
1086 2131 1153 2186 ἂν
1180 2130 1288 2201 ἄρα
1307 2129 1401 2184 καὶ
1434 2129 1659 2201 δύνηται

1765 2127 1999 2197 quodam
2022 2130 2200 2201 gaudii
2221 2146 2418 2201 genere
2436 2133 2726 2189 laetandum
2748 2142 2852 2190 est.
2879 2134 3014 2189 Dum
3060 2145 3171 2190 uno
3191 2137 3319 2206 qui-

114 2228 356 2281 τοσοῦτον
386 2228 545 2297 ἔργον
573 2225 889 2296 ὑποστῆναι,
916 2214 1037 2286 ὅσος
1078 2222 1172 2277 καὶ
1198 2221 1382 2294 ἡλίκος
1414 2220 1659 2294 ἐχρημάε-

1765 2218 1889 2274 dem
1928 2219 2163 2277 ﬁliorum
2203 2237 2366 2277 unam
2418 2221 2683 2278 duntaxat
2701 2225 2955 2280 virtutem
2982 2208 3316 2295 possidente,

114 2334 278 2371 τιςεν.
665 2346 667 2349 -
1763 2310 1870 2367 alio
1909 2316 2054 2380 vero!
2074 2328 2267 2370 rursus
2307 2314 2651 2387 aliamg(nam
2684 2316 2955 2371 deteriora
3003 2316 3316 2387 sileantur),

114 2410 431 2465 collectione
458 2407 589 2479 ipsis
620 2408 783 2477 atque
809 2418 1005 2460 acervo
1041 2403 1377 2460 emendicata
1402 2401 1587 2458 multis
1613 2415 1682 2457 ex
1720 2400 1856 2457 locis
1881 2403 2176 2471 gratulatio
2203 2405 2505 2473 completur
2539 2406 2605 2462 ad
2640 2407 2875 2474 aliquem
2910 2408 3128 2463 demum
3164 2422 3328 2461 orna-

114 2514 197 2559 tus
245 2503 495 2567 modum,
529 2502 577 2557 si
632 2501 753 2571 quis
805 2514 837 2553 a
890 2500 1091 2553 virtute
1144 2496 1380 2551 filiorum
1424 2494 1659 2551 conferri
1730 2509 1893 2549 verus
1944 2505 2173 2552 ornatus
2222 2497 2279 2551 in
2346 2482 2601 2567 parentes
2644 2505 2840 2592 potesK.
2882 2498 2984 2554 ilic
3035 2514 3165 2554 vero
3194 2513 3318 2553 cum

115 2596 167 2648 in
210 2609 324 2649 uno
384 2593 561 2662 capite
608 2592 832 2648 collecta
866 2590 1051 2646 omnia
1102 2588 1297 2643 decora
1348 2596 1655 2650 teneantur,
1696 2585 2009 2651 conjectura
2035 2586 2159 2642 licet
2192 2589 2409 2655 assequi
2451 2596 2656 2656 quanto
2729 2585 2959 2646 excessu
3034 2592 3314 2658 vulgarem

115 2697 395 2757 parentum
426 2684 700 2740 fortunam
732 2682 928 2736 horum
964 2679 1201 2735 conditio
1240 2679 1527 2748 peculiaris
1593 2676 1901 2733 antecellat.
1940 2674 2117 2745 Atque
2145 2677 2257 2731 hac
2298 2679 2513 2747 quidem
2562 2679 2630 2733 de
2670 2675 2871 2757 Nicolai
2912 2683 3090 2749 magni
3154 2684 3312 2752 geni-

116 2755 435 2831 toribus'sic
460 2774 610 2828 dicta
638 2782 839 2839 sunto;
874 2786 938 2827 ea
968 2771 1229 2826 duntaxat
1249 2779 1406 2823 tenus
1432 2778 1490 2838 ut
1504 2769 1650 2824 velut
1686 2767 1909 2823 odorata
1959 2766 2137 2823 obiter
2198 2768 2451 2822 virtutem
2546 2782 2735 2824 eorum
2774 2770 2934 2840 quasi
2994 2771 3311 2840 praeteriens

114 2868 279 2921 oratio
316 2864 591 2921 videatur.
641 2863 783 2919 Sane
836 2879 958 2934 qua:
1010 2861 1245 2917 diximus
1282 2859 1497 2917 abunde
1537 2869 1661 2915 sunt
1699 2859 1765 2914 ad
1809 2857 2146 2928 probandum
2207 2857 2330 2916 illos
2385 2850 2551 2931 unico
2590 2858 2691 2915 hoc
2717 2863 2935 2931 quidem
3007 2871 3063 2916 at
3121 2862 3312 2918 eodem

116 2958 560 3024 praestantissimo
606 2964 763 3023 partu
813 2953 1098 3009 defunctos
1144 2950 1302 3021 longe
1337 2951 1655 3021 apparuisse
1692 2950 1954 3006 clariores
2000 2948 2071 3005 iis
2098 2949 2232 3020 ipsis
2259 2949 2350 3020 qui
2370 2965 2596 3006 numero
2631 2950 2834 3008 sobolis
2857 2951 3008 3009 fuere
3079 2955 3310 3011 nobiles.

115 3049 377 3117 Deinceps
427 3048 483 3102 in
529 3047 637 3101 tilio
681 3046 859 3116 qualis
907 3061 973 3101 ac
1021 3052 1260 3115 quantus
1346 3044 1449 3100 fuit
1494 3043 1951 3102 \demonstrando
2008 3043 2432 3114 exornandoque
2510 3052 2738 3102 conatus
2780 3047 3046 3119 orationis
3074 3047 3303 3104 desudet

116 1508 357 1572 λαϐόντος
389 1508 455 1560 τὰ
481 1504 756 1571 κάλλιστα,
781 1503 986 1571 ἔξεστιν
1009 1498 1248 1567 εἰκάζειν
1259 1497 1337 1570 τῷ
1357 1495 1663 1568 βουλομένῳ

116 3152 326 3195 nostrae.
382 3138 439 3193 Si
493 3150 671 3193 tamen
711 3138 927 3209 ingenio
976 3147 1138 3207 atque
1190 3138 1459 3194 industria
1491 3139 1763 3196 sustinere
1793 3138 2096 3194 valebimus
2116 3152 2254 3209 opus
2276 3147 2512 3193 tantum.

177 3226 347 3293 Οὗτος
412 3229 509 3301 μὲν
549 3227 641 3284 οὖν
657 3231 993 3299 πρωτότοκος
1048 3229 1162 3300 ἅμα
1213 3231 1305 3283 καὶ
1348 3229 1653 3294 τελευταῖος

1822 3229 1999 3285 Prima
2026 3228 2189 3285 fuitis
2215 3238 2594 3300 postremaque
2624 3230 2782 3286 matri
2803 3234 2983 3302 proles
3018 3248 3151 3289 suat.
3179 3234 3313 3289 Nam

114 3323 351 3376 τίκτεται
410 3323 478 3391 τῇ
529 3321 713 3395 μητρί.
745 3322 951 3375 Αὐτίκα
996 3324 1102 3391 γὰρ
1149 3324 1204 3375 ai
1249 3322 1373 3384 τοὺς
1415 3320 1662 3386 λογικοὺς

116 3414 308 3483 στάχυς
358 3410 614 3466 ἁνθοῦσαι
667 3410 911 3478 λαγόνες,
957 3412 1309 3479 ἐπιλιπούσης
1372 3410 1539 3472 αὐτὰς
1568 3409 1666 3479 τῆς

116 3501 417 3571 ἐνεργείας,
449 3500 688 3568 ἀγωνίαν
709 3499 1002 3567 ὴλάσσοντο
1027 3498 1175 3567 ’ἐμοὶ
1197 3500 1342 3552 δοκεῖ
1365 3497 1664 3559 δεικνύντος
1693 3546 1699 3555 ,

114 3594 200 3647 τοῦ
224 3594 559 3664 κρείττονος,
584 3591 658 3653 ὡς
681 3592 845 3659 ἄλλης.-
880 3590 1020 3652 τινὺς
1051 3589 1325 3659 θειοτέρας
1352 3588 1383 3658 ἢ
1410 3580 1664 3655 κατὰτὴν

118 3686 316 3753 συνήθη
348 3685 447 3753 τῆς
467 3685 726 3749 γενέσεως
756 3679 933 3732 αἰτίαν
977 3681 1061 3749 εἴη
1096 3678 1126 3728 ό
1149 3677 1425 3747 πεφυκὼς,
1463 3672 1550 3729 οἵα
1572 3676 1663 3730 ἐπὶ

114 3774 217 3826 τῶν
240 3773 427 3839 ἄλλων
450 3773 557 3823 τῶν
600 3770 742 3823 κατὰ
761 3770 851 3823 τὸν
910 3768 1021 3837 βίον
1074 3769 1277 3835 γίνεται
1328 3765 1658 3834 παραδόξων,

114 3862 148 3916 ἃ
194 3866 254 3916 ὲν
310 3848 552 3931 μακραῖς
589 3858 795 3928 καιρῶν
842 3857 1109 3924 περιόδοις
1162 3857 1414 3926 ἐπιδημεῖ
1456 3855 1555 3922 (9).
1598 3856 1660 3908 Ἠ

117 3954 211 4022 μὲν
242 3952 341 4005 οὖν
371 3950 563 4021 πρώτη
602 3949 711 4023 ipsi}
758 3946 901 4001 οὕτω
929 3947 1213 4018 θαυμαστὴ
1235 3951 1327 4000 καὶ
1352 3946 1459 3999 τῶν
1486 3946 1660 4002 ἄλλων

114 4044 169 4093 τὺ
192 4042 452 4109 διάφορον
479 4040 695 4108 ἔχουσα.
730 4035 795 4090 Τί
817 4036 910 4101 se;
940 4035 1091 4088 κοινὰ
1123 4036 1192 4088 τὰ
1217 4036 1360 4105 ἑξῆς,
1391 4032 1480 4090 οἷα
1506 4037 1562 4089 ὲν
1590 4038 1654 4108 τῇ

114 4132 217 4186 τῶν
244 4130 465 4202 βρεφῶν
491 4129 716 4183 εἴθισται
745 4128 931 4197 ἀγωγῇ
954 4122 1281 4195 ;Οὖμενουν,
1299 4126 1655 4197 ἀλλὰ,θαῦμα,

116 4228 263 4291 φασὶ,
292 4221 540 4289 Θαύματι
566 4222 774 4274 ἕπεται.
816 4219 1063 4288 Σαμουὴλ
1094 4221 1295 4271 ἐκεῖνον
1330 4217 1439 4287 (10)
1464 4216 1527 4291 ,ὃς
1559 4218 1660 4271 δῶ-

118 4330 204 4377 ρον
234 4312 407 4381 εὐχῆς
433 4311 659 4387 ὑπῆρξε,
718 4309 813 4361 καὶ
853 4308 1043 4369 ἄλλους
1067 4294 1130 4379 δή
1165 4323 1311 4371 τινας
1343 4309 1465 4378 ἄρτι
1490 4302 1658 4378 θηλῆς

114 4402 523 4472 πεπαυμένους,
546 4401 650 4455 ὑπὸ
671 4401 780 4455 τῶν
817 4400 1149 4473 γεννητόρων
1185 4399 1448 4471 ἀκούομεν
1476 4401 1659 4454 καθιε-

1758 3318 1848 3388 qui
1876 3319 1977 3373 ista
2006 3316 2262 3372 rationali
2285 3319 2437 3387 spica
2465 3316 2775 3372 eﬂloruerat
2816 3327 3025 3383 uterus,
3050 3320 3312 3381 exhausta
3355 3324 3365 3332 '

1757 3422 1881 3461 mox
1912 3406 2240 3462 fecunditate
2298 3413 2539 3460 mutatur
2592 3407 2646 3465 in
2715 3407 2979 3463 sterilem.
3050 3407 3179 3473 Deo,
3250 3417 3312 3463 ut

1759 3497 1888 3550 mihi
1923 3496 2157 3560 videtur,
2183 3494 2587 3551 demonstrante
2617 3495 2939 3552 diviniorem
2973 3498 3209 3567 aliquam
3239 3499 3309 3552 ad

1757 3586 2042 3656 originem,
2084 3601 2193 3640 non
2242 3595 2422 3641 autem
2457 3585 2524 3639 ad
2557 3594 2846 3655 consuetas
2874 3588 3135 3642 nascendi
3173 3603 3307 3642 cau-

1758 3691 1847 3732 sas
1874 3685 2049 3731 ortum
2098 3675 2261 3745 hujus
2289 3677 2442 3746 pueri
2496 3676 2857 3745 pertinuisse;
2901 3678 3081 3748 qualia
3140 3679 3306 3736 certis

1757 3766 1984 3822 orbibus
2013 3765 2293 3819 redeuntia
2322 3772 2654 3834 temporum,
2700 3763 2978 3834 inopinata
3030 3767 3085 3819 in
3137 3768 3305 3825 rebus

1756 3857 2008 3912 humanis
2059 3854 2318 3909 miracula
2364 3860 2598 3909 exstant.
2644 3853 2865 3912 Primus
2910 3855 2997 3911 hic
3025 3856 3190 3927 igitur
3219 3859 3305 3914 in-

1755 3959 1973 4016 gressus
1996 3947 2050 3999 in
2078 3945 2240 3999 vitam
2271 3944 2345 3997 ita
2369 3943 2637 3998 mirabilis
2668 3950 2832 4016 atque
2886 3946 3022 4001 adeo
3080 3951 3306 4019 praecl-

1759 4038 1877 4093 lens
1899 4048 2058 4104 supra
2092 4043 2318 4089 caeteros
2345 4031 2464 4090 fuit.
2513 4033 2652 4101 Quid
2685 4036 2903 4093 autem?
2945 4039 3030 4094 An
3060 4039 3303 4111 vulgaria

1743 4142 1882 4197 ,qua:
1907 4123 2100 4180 deinde
2143 4133 2351 4189 secuta,
2403 4132 2457 4181 et
2491 4141 2521 4182 a
2555 4135 2749 4182 caetera
2793 4130 3189 4188 consuetudine
3219 4133 3307 4188 in-

1761 4214 1959 4271 fantilis
1982 4211 2157 4269 artatis
2176 4210 2712 4275 ,nihilabborrentia?
2738 4215 2991 4284 Minime;
3025 4220 3140 4286 sed,
3158 4223 3303 4289 quod

1762 4306 1932 4369 aiunt,
1951 4301 2267 4358 miraculum
2296 4303 2561 4360 miraculo
2592 4320 2794 4363 comes.
2823 4308 3127 4367 Samuelem
3152 4311 3303 4367 illum
3342 4372 3345 4375 _

1761 4397 1852 4468 qui
1883 4392 2164 4463 premium
2192 4393 2459 4452 orationis
2506 4394 2609 4452 fuit
2661 4397 2905 4470 aliosque
2934 4402 3196 4471 Quosdam
3228 4400 3303 4455 si-

1611 4549 1838 4605 NOTIE.

180 4647 261 4715 (8)
295 4634 863 4715 Suggerebatanimus
893 4646 1190 4702 rescribere
1221 4645 1569 4714 ἀποδοκιμεῖν
1595 4649 1653 4695 ut

1824 4639 1993 4710 Πλὴν
2025 4642 2066 4711 ἣ
2087 4640 2371 4713 ,ϐλέποιμι
2399 4645 2550 4713 πρὸς
2582 4647 2769 4701 πόθον
2792 4643 3152 4699 δεδωκότων.

116 4713 433 4783 opponatur
477 4714 557 4781 τῷ
600 4713 902 4783 εὐδοκιμεῖν
945 4717 1103 4781 paulo
1153 4717 1402 4783 superius
1453 4713 1651 4783 posito.

115 4780 255 4836 Sane
310 4785 656 4850 peregrinum
690 4781 756 4834 ab
790 4780 909 4835 hoc
948 4780 1073 4835 loco
1100 4780 1313 4837 videtur
1357 4785 1414 4836 τὺ
1459 4780 1660 4848 ἀποδη-

118 4856 235 4916 μεῖν
268 4851 382 4903 nisi
415 4864 474 4902 se
521 4850 646 4917 jure
680 4853 1007 4917 metaphora:
1046 4860 1279 4905 tueatur.
1314 4852 1465 4917 Quod
1502 4853 1655 4919 equi-

113 4922 227 4973 detu
270 4920 546 4972 reveritus
569 4932 782 4970 manum
817 4920 1074 4974 abstinui.

154 5008 255 5077 '(9)
288 5004 750 5077 Censorinuslib.
784 5004 860 5059 De
885 5006 969 5077 die
995 5010 1184 5069 natali.
1218 5024 1334 5077 cap.
1366 5009 1452 5072 l7,
1490 5005 1653 5077 refert

113 5090 173 5128 ex
203 5075 565 5127 Etruscorum
609 5074 798 5128 libris:
839 5092 865 5126 4
901 5075 1056 5131 Initia
1104 5074 1421 5133 szeculorutn
1456 5074 1655 5142 alioqui

114 5143 433 5196 hominibus
488 5143 817 5207 incomperta
868 5144 1069 5210 futura,
1119 5147 1379 5200 divinitus
1431 5142 1654 5196 indicari

114 5212 664 5283 solercapparitioue
688 5212 1077 5283 prodigiorum.
1110 5234 1131 5268 ι
1169 5216 1243 5270 Eo
1276 5213 1543 5282 respicere
1576 5211 1646 5262 vi-

112 5282 270 5335 detur
296 5282 393 5333 bic
417 5283 589 5335 locus.
775 5286 778 5291 ’

179 5371 297 5439 (10)
321 5370 615 5438 Gregorius
637 5369 942 5444 Thcologus
979 5373 1047 5428 de
1077 5374 1182 5428 vita
1216 5388 1350 5429 sua:

180 5461 909 5527 .......τῷγὰρΘεῷ

176 5529 510 5601 Παρζσταμ’
538 5530 618 5594 ὡς
634 5532 819 5598 άμγός
858 5549 946 5598 τις
972 5534 1010 5598 ἢ
1032 5534 1261 5601 μόσχος
1286 5533 1460 5598 φίλος

185 5599 334 5670 θῦμ’
354 5601 595 5670 εὐγενές
632 5616 704 5670 τε
725 5602 823 5651 καί
848 5606 1004 5670 λόγῳ
1033 5599 1369 5670 τιμώμενον.

182 5665 395 5723 Ἰοἱιινιῶ
418 5670 528 5738 γὰρ
562 5669 749 5722 εἰπεῖν
775 5671 864 5749 ὡς
886 5665 1271 5741 Σὶιμουᾶμτις
1302 5671 1453 5737 νέος,

1758 4727 1888 4794 Quae
1909 4729 1992 4784 sic
2020 4732 2180 4785 vertit
2204 4731 2507 4803 interpres:

1828 4861 1842 4872 .
1880 4857 1895 4873 .
1932 4859 1948 4875 .
1988 4860 2004 4874 .
2039 4859 2055 4874 .
2090 4859 2107 4874 .
2143 4862 2158 4877 .
2200 4810 2343 4878 Nam
2373 4825 2479 4880 Deo
2508 4825 2667 4879 sistor
2692 4826 2830 4880 velut

1838 4888 2152 4962 Yitttlus'veli
2171 4908 2353 4961 agnus,
2389 4899 2596 4949 victima
2622 4907 2667 4948 ct
2694 4893 2972 4962 pernobilis

1826 4956 2047 5031 ﬁatione
2067 4956 2287 5027 pollens.
2328 4963 2447 5015 Non
2477 4968 2610 5018 enim
2642 4956 2743 5031 fari
2774 4963 2938 5014 audeo

1827 5026 2086 5100 ξαιαιιοιίε
2115 5034 2301 5096 instar,
2329 5044 2447 5085 vota
2474 5035 2526 5085 m'
2554 5026 2771 5100 spectem
2802 5042 2849 5083 et
2878 5032 3019 5094 pium

1828 5094 2070 5150 Studium
2092 5094 2315 5169 superno
2336 5094 2678 5155 dantt'uttt'me
2705 5101 2926 5153 numini.

1758 5185 1918 5259 Atqttj
1960 5186 2208 5259 τῷ-λόγῳ
2252 5191 2555 5259 τιμώμενον
2589 5207 2691 5245 non
2719 5200 2822 5251 cst,
2853 5188 3055 5259 ratione
3074 5187 3291 5253 pollens,

1757 5253 1983 5325 sed—Deo
2009 5253 2585 5314 'Verlio'conseci‘atum.
2632 5260 2683 5313 Id
2722 5259 2863 5313 enim
2921 5268 2971 5311 et
3002 5257 3292 5325 Gregorius

1761 5324 1923 5379 isthic
1950 5326 2016 5381 de
2041 5343 2101 5382 se
2126 5343 2181 5382 et
2214 5330 2281 5383 de
2302 5328 2525 5381 Nicolao
2556 5338 2736 5383 noster
2770 5331 2869 5381 hoc
2905 5329 3020 5379 loco
3052 5324 3290 5380 iudicare

1761 5395 2088 5466 voluerunt:
2122 5398 2286 5453 fuisse
2330 5406 2615 5466 utrumque
2660 5396 3067 5466 ntatttre,_i||um
3104 5408 3152 5466 _a
3201 5408 3290 5466 pa-

1762 5464 2028 5525 rentibus,
2063 5466 2207 5522 hunc
2262 5480 2290 5518 a
2330 5462 2603 5532 seipso‘ad
2657 5465 2872 5516 modum
2904 5462 3168 5532 Samuelis
3196 5463 3290 5516 οι).

1760 5532 1897 5586 latos
1938 5534 2173 5591 Christo.
2227 5534 2359 5587 Nam
2391 5529 2590 5600 alioqui
2615 5532 2883 5600 quomodo
2908 5546 2965 5585 se
2997 5529 3289 5599 Gregorius

1758 5603 1963 5655 ratione
1999 5606 2280 5671 pollentem
2306 5602 2507 5654 diceret
2530 5603 2772 5673 jamtum
2794 5614 2916 5673 cu_t_n
2933 5601 3289 5673 primum‘cst

1755 5680 1934 5737 natus,
1966 5668 2089 5728 nam
2119 5691 2183 5729 eo
2213 5682 2451 5738 tempore
2483 5684 2542 5724 sc
2571 5669 2810 5723 oblatum
2840 5668 2991 5726 dicit.
