3968 6322
566 316 675 379 223

1782 311 2063 377 LEONIS
2092 311 2549 373 PHILOSOPIII

3701 305 3817 368 224

575 438 669 494 id?
699 437 851 505 Quod
893 437 1150 495 nimirum
1203 439 1411 509 iniusto
1446 446 1500 497 et
1530 437 1797 511 ι)ηοίρὶίί
1829 436 2040 492 calculo
2067 432 2134 487 ad

2252 431 2432 502 ἱτεροι.
2474 430 2635 487 Ἀλλὰ
2670 429 2725 485 τί
2750 432 2935 497 ﬁdem;
2982 431 3159 503 Ὅπερ
3177 406 3286 501 γὰρ
3324 433 3435 495 τοῖς
3478 427 3818 487 ἐπαινέταις

573 548 760 586 orcnm
782 533 894 603 jam
945 533 1131 590 missis
1160 536 1393 590 reditum
1437 535 1567 591 inde
1609 530 1908 603 expedierit
1933 527 2138 583 saluta-

575 640 710 688 rem,
744 626 942 694 quibus
969 635 1152 682 autem
1179 626 1390 682 viribus
1429 634 1583 681 tanta
1619 623 1817 695 pedum
1850 619 2140 676 velocitate

575 726 757 786 pastor
800 717 891 772 hic
949 717 1127 774 bonus
1162 716 1333 772 valuit
1381 727 1441 772 ut
1473 716 1711 787 tempori
1737 714 1953 768 adesset
1994 708 2140 763 velut

573 805 637 859 ad
696 805 1052 861 hebetandam
1085 806 1261 861 eladis
1288 808 1535 876 jugulum
1568 805 1674 875 iam
1698 789 1921 857 libantis
1947 799 2138 861 aciem,

572 904 627 950 el
659 896 1025 967 proiectorum
1062 895 1287 967 jamque
1334 895 1790 967 praecipitantium
1823 899 2142 945 servaturus

572 999 761 1040 casum
794 994 1112 1054 occuparet.
1157 985 1293 1051 Quis
1343 993 1439 1039 aut
1487 997 1679 1040 eorum
1723 981 1817 1051 qui
1845 993 1985 1034 nunc
2016 984 2143 1033 sunt

573 1084 668 1129 aut
713 1077 807 1145 qui
848 1076 979 1131 olim
1031 1075 1255 1130 fuerunt
1285 1072 1451 1131 fando
1489 1086 1728 1142 unquam
1779 1068 1997 1124 auditus
2037 1067 2143 1121 tale

576 1173 921 1235 perpetrasse
970 1164 1296 1234 quidpiam?
1355 1162 1490 1230 Quis
1521 1170 1735 1217 tantum
1791 1159 2049 1228 adjuvare
2088 1158 2143 1211 el

577 1255 843 1311 diffractis
874 1264 1096 1325 repente
1121 1254 1324 1320 mortis
1346 1255 1581 1324 praedam
1617 1253 1730 1322 jam
1762 1251 2023 1321 amplexa:
2054 1263 2143 1301 re-

579 1348 727 1402 tibus
754 1347 918 1400 vitani
951 1359 1208 1401 revocare
1258 1344 1507 1399 carnifici
1551 1343 1733 1413 gladio
1789 1349 2000 1395 tantum
2034 1354 2142 1393 non

509 1427 517 1438 ’
574 1437 1002 1508 jam-expulsam
1034 1435 1338 1489 valuit‘iAn
1369 1443 1454 1490 est
1480 1433 1679 1504 aliquis
1704 1439 1800 1486 aut
1828 1432 1881 1485 in
1914 1439 2139 1499 praeter-

581 1530 640 1584 iti
667 1524 924 1584 memoria
964 1535 1059 1581 aut
1094 1528 1149 1581 in
1212 1524 1378 1580 futuri
1410 1540 1503 1593 spe
1541 1538 1605 1579 ac
1637 1524 1780 1581 serie
1804 1522 1896 1590 qui
1933 1520 2145 1591 facinus

584 1621 756 1674 ullum
786 1632 945 1674 suum
1002 1615 1070 1671 ad
1112 1615 1275 1687 huius
1313 1614 1508 1671 oll‘erre
1533 1613 2004 1683 comparationem
2043 1624 2143 1664 au-

581 1710 749 1767 deat?
802 1709 912 1780 Ego
941 1709 1157 1778 quidem
1188 1716 1336 1762 certe
1386 1721 1494 1761 non
1525 1718 1683 1775 puto.
1710 1703 1824 1761 Nisi
1868 1704 1999 1757 citet
2047 1701 2144 1756 ali-

2240 523 2296 574 ἑν
2316 523 2428 583 τοῖς
2449 521 2653 587 λοιποῖς
2680 523 3209 593 συνεπιλαμϐάνεται
3234 522 3256 551 ⁶’
3285 524 3376 574 καὶ
3406 514 3513 575 οἷον
3537 521 3818 585 ἀνίστησι

2240 612 2461 682 προσιὸν
2477 615 2576 683 τὴν
2596 613 2848 685 γνώμην,
2874 615 2967 667 καὶ
2988 613 3169 684 βοηθεῖ
3191 614 3268 684 τῷ
3288 613 3448 680 λόγῳ,
3485 614 3630 682 φημὶ
3685 610 3761 676 δὴ
3792 610 3820 660 ὁ

2240 702 2347 754 τῶν
2376 704 3363 777 ἐγκωμιαζομένων,περιφανέστερος
3393 703 3484 755 τοῦ
3508 704 3626 771 βίου
3676 702 3822 769 χρό-

2241 810 2352 857 νος,
2379 793 2537 847 τοῦτο
2560 795 2687 864 ἐμοὶ
2716 796 3083 849 καταπαλαῖον
3112 798 3210 862 τὴν
3242 795 3463 865 γνώμην
3493 794 3661 862 σιγᾷν
3692 794 3831 843 επι-

2241 883 2449 952 τρέπει,
2475 885 2549 937 Οὐ
2594 886 2703 954 γὰρ
2745 887 2972 948 ἐκείνοις
3012 887 3211 955 ὁμοίως
3245 886 3301 939 ὲν
3321 885 3400 954 τῷ
3427 885 3661 954 παρόντι
3688 882 3825 942 ταῖς

2242 972 2541 1042 εὐφημίαις
2563 976 2618 1027 ai
2637 974 2861 1045 πράξεις
2890 976 3226 1046 ἐπαίρονται.
3264 975 3581 1032 Τοὺναντίον
3602 973 3697 1034 δὲ,
3740 971 3823 1039 μὴ

2242 1063 2536 1133 ἀρκοῦντος
2564 1064 2657 1119 τοῦ
2688 1066 2871 1133 λόγου,
2905 1069 2933 1120 ό
2954 1067 3063 1121 τῶν
3111 1068 3360 1137 πράξεων
3397 1066 3557 1133 δγκος
3599 1065 3828 1130 ἐκείνῳ

2245 1154 2689 1224 συγκαταϐαίνει.
2724 1159 2868 1210 Ἐκεῖ
2902 1158 3001 1227 μὲν
3025 1160 3133 1227 γὰρ
3152 1160 3186 1228 ἠ
3210 1159 3317 1210 τῶν
3345 1158 3514 1227 λόγων
3542 1157 3825 1225 δύναμις,

2243 1246 2306 1299 οὐ
2336 1245 2585 1317 χαλεπῶς
2608 1247 2823 1316 ὶπαίρει
2854 1249 2922 1301 τὰ
2950 1246 3086 1317 ἔργα
3107 1260 3124 1276 ⁸
3165 1238 3394 1300 ἐνταῦθα
3409 1248 3485 1312 δὲ,
3524 1249 3682 1316 λόγοι
3719 1247 3825 1315 ξρ-

2239 1353 2353 1404 γων
2378 1336 2668 1407 ἡττῶνται.
2692 1339 2803 1392 Καὶ
2851 1339 2949 1409 οὐχ
2993 1340 3140 1401 ὃπως
3180 1338 3494 1409 προσθήκην
3533 1342 3609 1400 είς
3642 1340 3827 1402 δόξαν

2242 1427 2330 1481 διὰ
2377 1426 2485 1481 τῶν
2536 1428 2774 1483 ἐπαίνων
2804 1428 2871 1483 τὰ
2902 1429 3039 1499 ἔργα
3060 1426 3346 1499 λαμϐάνει,
3375 1428 3506 1482 ἀλλὰ
3529 1431 3619 1482 καὶ
3646 1430 3827 1481 τελεί-⁸

2249 1536 2381 1589 cith
2407 1521 2539 1591 ὅσην
2562 1521 2822 1590 ὑπομένει
2865 1521 3113 1591 ζημίαι,
3145 1521 3301 1583 Ποῖος
3331 1519 3436 1590 γὰρ
3480 1519 3580 1571 οὐκ
3608 1521 3684 1572 ἂν
3726 1521 3829 1587 ςη.

2247 1611 2500 1679 μιώσειεν
2528 1610 2745 1675 ἔπαινος
2773 1611 2925 1665 ταῦθ’
2966 1600 3157 1681 ὑμνεῖν
3184 1611 3632 1685 προαιρούμενος,
3672 1611 3714 1664 ἃ
3739 1612 3830 1679 τῷ

2244 1703 2364 1755 κατ’
2385 1701 2559 1755 ἐκεῖνο
2581 1702 2773 1773 καιροῦ
2802 1703 2870 1756 τὰ
2896 1703 3149 1774 σκῆπτρα
3167 1704 3400 1756 διέποντι
3425 1704 3827 1774 παρεγγύησε,

582 1803 705 1873 quis
760 1802 992 1871 primum
1050 1814 1113 1854 ae
1170 1812 1446 1854 summum
1503 1810 1791 1851 sacrorum
1843 1793 2142 1849 antistitem

2252 1791 2456 1862 θανάτῳ
2496 1793 2740 1864 μέλλοντι
2771 1794 3105 1865 παραδοῦναι
3135 1795 3254 1848 καθ’
3282 1788 3356 1849 ὧν
3381 1795 3530 1848 οὐδὲν
3550 1790 3619 1865 ἦν
3651 1795 3827 1846 stilo-

580 1908 758 1949 meum
790 1889 999 1953 Jesnm,
1036 1889 1194 1959 cuius
1250 1888 1495 1959 vestigia
1538 1886 1628 1943 hic
1683 1894 1988 1941 assectatus
2016 1898 2145 1938 exa-

582 1980 845 2047 ctissime,
879 1980 983 2034 sub
1005 1979 1127 2049 ipso
1158 1978 1311 2034 necis
1345 1976 1458 2032 ictu
1488 1976 1682 2047 positis
1710 1984 1766 2031 et
1797 1977 2003 2043 absque
2026 1972 2145 2041 ejus

584 2071 818 2126 adventu
851 2076 997 2126 esset
1041 2069 1267 2123 omnino
1303 2068 1562 2137 perituris
1605 2066 1836 2123 salutem
1868 2073 2146 2119 momento

585 2163 803 2223 attulit;
833 2159 1141 2229 promptius
1173 2158 1264 2213 hic
1289 2157 1698 2226 iucundiusqua
1750 2155 1816 2209 ad
1844 2154 2144 2225 periculum

586 2252 854 2307 accedens
904 2264 1066 2319 quam
1123 2249 1189 2302 ad
1231 2248 1583 2303 remissiones
1630 2246 1831 2302 caeteri.
1875 2244 1978 2299 Sed
2020 2244 2145 2315 quid

587 2339 801 2410 patior?
832 2337 988 2403 Quod
1012 2339 1160 2391 enim
1196 2337 1511 2392 laudatores
1540 2343 1770 2390 creteros
1796 2334 1987 2405 iuvare
2010 2334 2149 2388 solet

588 2439 642 2486 et
671 2428 908 2484 excitare
941 2427 1099 2497 quasi
1140 2427 1405 2481 accedens
1433 2440 1498 2480 ac
1529 2425 1785 2494 expedire
1817 2424 2145 2501 sententiam

591 2515 974 2585 ingeniumque
1046 2513 1316 2581 dicentis,
1366 2515 1716 2593 orationique
1785 2527 2147 2578 succurrere,

592 2608 849 2662 nimirum
914 2622 1100 2663 eorum
1150 2609 1271 2677 qui
1350 2608 1678 2662 laudantur-
1718 2606 2149 2662 illustrissimum

591 2701 716 2754 vitae
780 2708 1032 2769 tempus,
1101 2698 1204 2763 hoc
1264 2714 1447 2753 meum
1511 2713 1776 2768 prensans
1843 2698 2151 2768 sistensque

595 2802 902 2845 sermonem
963 2789 1128 2843 silere
1187 2790 1400 2843 suadet.
1448 2787 1565 2841 Non
1617 2788 1761 2841 enim
1818 2795 1879 2841 ut
1928 2787 1984 2841 in
2043 2788 2152 2843 illis

598 2879 964 2950 pancgyribus
1026 2877 1101 2931 ita
1175 2878 1266 2932 hic
1318 2891 1536 2945 quoque
1598 2878 1886 2945 exquisitis
1916 2877 2150 2941 dicendi

603 2969 794 3022 formis
859 2981 928 3021 ex
990 2978 1184 3034 magna
1255 2964 1577 3034 eloquentiae
1641 2966 1693 3018 vi
1746 2966 2003 3033 profestis
2069 2964 2151 3039 fa-

2241 1899 2336 1950 γον
2379 1882 2606 1947 θάνατος
2657 1884 2996 1955 κεκτημένος
3022 1903 3035 1951 ;
3066 1887 3474 1940 Κωνσταντϊνον
3506 1885 3562 1938 δὲ
3598 1888 3625 1938 ό
3648 1885 3829 1953 λόγος

2241 1972 2557 2051 αἰνίττεται,
2604 1972 2663 2037 ὃς
2712 1975 2927 2046 πρῶτος
2954 1976 3234 2040 εὐσεϐείας
3261 1978 3572 2049 μαργάροις
3601 1978 3833 2045 κοσμεῖ

2243 2062 2303 2113 τ’)
2339 2060 2594 2130 διάδημα.
2628 2063 2787 2115 Καὶό
2816 2064 2915 2132 μὲν
2957 2065 3184 2140 γηραιὸς
3203 2068 3392 2136 χρόνος
3432 2066 3639 2128 πολλὰς
3680 2066 3833 2135 ὑμῖν

2246 2153 2518 2219 ἐξηγεῖται
2537 2152 2688 2221 παρὰ
2714 2152 2847 2205 Θεοῦ
2876 2153 3222 2223 θεραπόντων
3250 2157 3595 2220 ἐπιστασίας,
3623 2169 3830 2227 παρα-

2246 2241 2477 2310 πλησίαν
2510 2240 2568 2294 δὲ
2620 2241 2877 2312 οὐδεμίαν
2926 2242 3040 2320 ἕξει
3087 2245 3442 2312 ἀπαγγελεῖν.
3500 2248 3644 2316 Ἤδη
3704 2247 3830 2315 γάρ

2245 2348 2391 2393 τινες
2416 2332 2700 2402 ἀφειμένοι
2727 2332 2825 2403 τῆς
2852 2331 3187 2404 βαρυνούσης
3224 2335 3554 2407 παχύτητος,
3583 2338 3682 2389 καὶ
3704 2336 3830 2389 τῶν

2246 2408 2579 2492 ὀστρακίνων
2621 2423 2855 2490 ἐξιόντες
2906 2424 3144 2496 ἐλύτρων
3174 2464 3191 2491 ,
3219 2426 3323 2479 καὶ
3370 2426 3478 2480 τῶν
3527 2427 3833 2496 ἐσόπτρων

2247 2512 2682 2593 ὑπερκύψαντες,
2729 2515 2825 2568 καὶ
2851 2517 2964 2579 τοῖς
2990 2517 3174 2578 ἀΰλοις
3205 2515 3473 2582 συνόντες,
3510 2515 3607 2567 καὶ
3638 2504 3834 2584 ’μηδὲν

2251 2605 2519 2677 ἑπόμενον
2543 2608 2638 2677 τῆς
2666 2607 2800 2679 ὕλης
2840 2608 3090 2677 ἐμποδὼν
3118 2608 3350 2680 ἔχοντες,
3384 2612 3495 2673 τοῖς
3524 2610 3833 2681 πόρρωθεν

2248 2698 2507 2753 καλοῦσιν
2535 2699 2868 2770 ἐπέστησαν,
2902 2701 3180 2772 πληρωταὶ
3217 2700 3500 2770 γεγονότες
3543 2695 3618 2754 ὧν
3646 2702 3833 2774 ἔχρῃ-

2251 2784 2342 2848 ζον
2374 2787 2428 2839 ὲν
2460 2786 2657 2859 καιρῷ.
2706 2789 2851 2858 -Πρὶν
2898 2788 2954 2841 δὲ
2987 2790 3112 2852 τοὺς
3150 2791 3457 2859 σαρκίνους
3502 2792 3833 2862 ἀπορρῆξαι

2251 2876 2504 2945 δεσμοὺς,
2560 2879 2685 2932 ὅσον
2716 2880 2927 2950 ὑπῆρξε
2960 2879 3157 2951 μακρῷ
3204 2881 3570 2950 διαγεγονέναι
3594 2881 3675 2951 τῷ
3707 2881 3836 2934 δια-

2256 2967 2513 3043 στήματι,
2569 2969 2822 3022 τοσοῦτον
2871 2972 2963 3023 καὶ
3001 2970 3205 3024 τούτων
3240 2970 3549 3025 καλούντων
3583 2972 3836 3025 ἀκοῦσαι

600 3056 790 3111 cinora
853 3055 1108 3125 praeclara
1150 3053 1435 3107 tolluntur.
1497 3053 1603 3107 Sed
1647 3053 1737 3106 hic
1792 3068 1824 3107 e
1877 3052 2151 3107 contrario

2260 3055 2356 3105 καὶ
2414 3058 2715 3125 παρασχεῖν
2748 3058 2843 3127 τὴν
2878 3061 3197 3132 ἐπικουρίαν
3246 3060 3616 3134 πορρώτερον,
3653 3062 3738 3132 τῷ
3774 3064 3848 3115 δὲ·

602 3145 890 3214 eloquendi
948 3143 1195 3200 facultati
1222 3158 1318 3213 per
1354 3158 1413 3199 se
1444 3142 1639 3213 impari
1670 3151 1724 3197 et
1753 3145 2027 3203 exhaustae
2057 3141 2151 3196 im-

2260 3142 2339 3194 ἔτι
2365 3143 2723 3215 συνόντιηταῖς
2754 3152 3087 3215 σωματικαῖς
3105 3150 3309 3212 πέδαις.
3340 3152 3405 3202 Et
3431 3168 3493 3218 γε
3521 3154 3629 3222 χρὴ
3654 3154 3839 3219 φάναι

604 3246 853 3286 mensum
910 3231 978 3286 dc
1023 3246 1165 3286 novo
1197 3244 1378 3285 rerum
1425 3232 1801 3287 excellentium
1850 3229 2060 3301 pondus
2082 3231 2151 3285 in-

2259 3231 2471 3301 σώματι
2500 3233 2777 3300 παρεῖναι,
2824 3230 2885 3288 οῦ
2911 3237 2945 3305 ἠ
2974 3236 3193 3307 βοήθεια
3219 3241 3330 3300 τοῖς
3377 3240 3559 3303 ἀΰλοις
3586 3242 3841 3311 ἐφάμιλ-

605 3324 832 3380 cumbit.
861 3324 979 3377 illic
1007 3326 1152 3377 enim
1186 3321 1418 3377 facultas
1442 3322 1655 3377 dicendi
1688 3324 1985 3394 praevalens
2021 3320 2151 3376 haud

2258 3321 2348 3385 λος
2398 3323 2765 3394 συμϐέϐηκεν,
2806 3324 2881 3389 ὡς
2908 3326 3006 3395 τῆς
3046 3327 3252 3379 ἐκεῖθεν
3278 3329 3679 3400 ἀπηλλαγμένῳ
3718 3349 3841 3401 κωέ

606 3414 876 3471 laboriose
927 3414 1128 3469 attollit
1179 3428 1343 3484 opera
1371 3412 1689 3477 laudabilia,
1716 3412 1804 3467 hic
1840 3422 2020 3482 autem
2049 3413 2151 3468 elo-

2261 3414 2438 3486 λύμης
2479 3416 2614 3487 ὁμοῦ
2637 3433 2694 3469 τε
2727 3416 2969 3483 ἀπεῖναι,
2996 3419 3090 3471 καὶ
3116 3419 3223 3472 τῶν
3257 3420 3561 3474 καλούντων
3585 3423 3843 3490 ἀκηκοέ-

605 3508 826 3576 quentia
882 3506 1061 3559 omnis
1114 3507 1281 3561 rebus
1319 3503 1577 3559 vincitur.
1642 3504 1717 3558 Ac
1768 3511 1977 3558 tantum
2016 3503 2151 3560 abest

2264 3524 2374 3571 ναι,
2406 3508 2500 3561 καὶ
2526 3509 2617 3561 ἐπὶ
2653 3507 2816 3579 ξυροῦ
2847 3509 3077 3562 ἑστῶσιν
3104 3509 3285 3572 αὐτοῖς
3338 3514 3589 3582 παρεῖναι
3616 3514 3841 3583 σωτήρ.

605 3607 665 3652 ut
694 3595 1238 3664 angmentumglorim
1265 3609 1328 3650 ex
1354 3594 1821 3648 commendatione
1841 3593 2109 3649 laudantis
2144 3610 2307 3665 opera
2335 3596 2624 3668 accipiant,
2657 3605 2716 3651 ut
2738 3597 2900 3652 etiam
2919 3597 3191 3667 iacturam
3214 3598 3487 3669 patiantur
3508 3600 3840 3661 maximam.

606 3691 735 3755 ane
777 3689 921 3761 enim
956 3688 1168 3742 tandem
1193 3685 1436 3741 laudatio
1486 3698 1598 3740 non
1630 3697 1693 3738 ea
1745 3684 1925 3754 potius
1964 3684 2247 3755 .deprimat
2280 3702 2442 3757 quam
2478 3688 2715 3743 celebret
2738 3689 2783 3744 si
2806 3697 3042 3745 tractare
3086 3690 3433 3762 aggrediatur
3468 3706 3589 3761 qua:
3611 3706 3709 3760 per
3744 3693 3849 3748 illa

613 3792 853 3846 tempora
884 3784 1099 3846 sceptra
1132 3774 1435 3830 moderanti
1471 3771 1772 3838 mandavit,
1816 3771 1980 3826 morti
2064 3773 2319 3829 addicere
2370 3777 2581 3845 paranti
2626 3778 2891 3848 quosdam
2940 3780 2994 3834 in
3050 3782 3249 3851 quibus
3327 3793 3511 3853 utpote
3584 3784 3847 3841 innoxiis

610 3869 741 3923 nihil
772 3883 931 3921 suum
963 3881 1111 3921 mors
1146 3866 1401 3921 habebat.
1448 3864 1863 3920 Constantinum
1908 3860 2155 3933 designat
2192 3865 2368 3918 oratio
2397 3866 2492 3936 qui
2524 3869 2734 3937 primus
2753 3869 3029 3941 religionis
3058 3874 3365 3943 margaritis
3429 3875 3642 3929 ornavit
3712 3877 3848 3932 diae

608 3960 783 4012 deuia.
811 3958 890 4011 Ac
921 3966 1075 4011 vetus
1101 3971 1232 4011 sane
1252 3956 1511 4010 memoria
1545 3954 1710 4024 prisci
1732 3954 1989 4024 temporis
2019 3952 2216 4006 multas
2236 3954 2398 4009 nobis
2464 3968 2651 4011 narrat
2711 3957 2804 4014 Dei
2869 3976 3150 4016 servorum
3192 3963 3561 4033 apparitiones
3617 3965 3851 4020 subitas

608 4062 660 4106 ct
689 4049 1005 4119 prm’sentias
1046 4063 1112 4101 ex
1138 4047 1431 4116 longinquo
1463 4053 1738 4100 momento
1799 4048 2084 4109 adductas,
2116 4045 2348 4101 similem
2422 4064 2552 4103 vero
2602 4050 2765 4118 hujus
2818 4054 3017 4105 nullam
3066 4056 3264 4122 poterit
3335 4055 3550 4111 afferre.
3594 4055 3653 4110 In
3722 4058 3852 4115 illis

610 4145 751 4197 enim
809 4140 1058 4209 deposita
1106 4146 1473 4206 praegravante
1524 4139 1704 4194 carnis
1759 4141 1921 4205 mole,
2007 4139 2196 4193 testeis
2238 4154 2559 4208 corporum
2613 4142 2911 4217 involucris
2966 4146 3172 4212 egressi
3224 4160 3291 4200 ac
3350 4162 3515 4216 supra
3584 4151 3850 4218 specula,

611 4245 846 4300 quorum
903 4229 994 4281 hic
1047 4228 1101 4280 in
1136 4226 1444 4283 simulacris
1471 4236 1526 4283 et
1573 4230 1902 4285 obscuritate
1931 4231 2157 4293 vivitur,
2227 4228 2427 4282 intuitu
2471 4230 2654 4282 libera
2701 4232 2898 4285 mentis
2966 4235 3244 4301 expedito,
3279 4235 3636 4291 familiariter
3710 4255 3853 4295 ver-

613 4332 799 4379 santes
825 4332 950 4373 cum
1004 4318 1299 4387 segregatis
1349 4333 1379 4373 a
1416 4319 1643 4375 materia
1686 4322 1981 4385 mentibus,
2015 4320 2163 4373 nulla
2196 4319 2306 4387 jam
2372 4324 2562 4373 earum
2628 4333 2808 4372 rerum
2836 4336 2956 4389 quae
2990 4315 3272 4377 materiam
3304 4326 3603 4393 sequuntur
3658 4328 3852 4397 impe-

620 4416 915 4473 dimentum
947 4416 1040 4464 aut
1077 4423 1283 4463 moram
1316 4410 1447 4480 ipsis
1473 4411 1781 4481 obiiciente,
1839 4410 2163 4483 quibusdam
2204 4410 2355 4478 ipsos
2401 4409 2469 4461 ad
2517 4422 2577 4462 se
2606 4409 2792 4476 procul
2826 4409 3146 4467 vocantibus
3220 4423 3443 4482 repente
3510 4416 3845 4483 adfuerunt,

617 4514 980 4579 opportunum
1035 4496 1295 4556 auxilium
1353 4506 1708 4573 praesentibus
1773 4521 1961 4561 eorum
2027 4504 2447 4558 necessitatibus
2503 4500 2685 4555 laturi.
2737 4502 2806 4553 At
2844 4501 2947 4556 hoc
3014 4504 3152 4557 idem
3198 4503 3378 4561 facere
3419 4515 3544 4560 ante
3598 4510 3843 4579 abrupta

618 4600 805 4656 carnis
834 4595 1072 4659 vincula,
1112 4605 1220 4648 tam
1276 4597 1458 4665 longo.
1487 4601 1728 4667 inquam,
1763 4614 1829 4655 ex
1866 4599 2169 4661 intervallo,
2212 4597 2496 4651 mortalem
2527 4595 2704 4649 adhuc
2759 4603 2813 4648 et
2836 4609 3091 4653 vocantes
3133 4599 3408 4655 audivisse
3449 4609 3501 4655 et
3568 4606 3849 4661 auxilium

620 4684 1056 4761 periclitantibus
1081 4696 1520 4751 repraesentasse,
1554 4666 1607 4742 id
1644 4705 1778 4743 vero
1844 4699 1994 4744 tanto
2076 4689 2365 4743 intervallo
2417 4687 2671 4755 pra‘cedit
2737 4666 2921 4755 atque.
2957 4692 3229 4744 antecellit
3286 4691 3377 4744 illa
3429 4696 3549 4759 qum
3595 4695 3854 4753 diximus

624 4778 885 4835 miracuia
917 4784 1119 4844 quanta
1163 4777 1268 4829 fuit
1300 4777 1556 4833 distantia
1591 4781 1833 4835 locorum
1861 4784 1912 4835 in
1945 4796 2176 4851 quorum
2219 4779 2334 4850 ipse
2368 4782 2560 4844 altero,
2591 4782 2643 4834 in
2678 4780 2850 4833 altero
2877 4779 3078 4848 Caesar,
3106 4794 3217 4837 tum
3250 4793 3425 4837 erant.
3480 4785 3610 4851 Quae
3683 4791 3849 4842 miri.

522 4866 529 4877 ’
623 4875 721 4927 lica
747 4868 1022 4935 celeritate
1064 4869 1363 4936 pervolavit
1400 4884 1712 4937 corporeus,
1761 4875 1958 4941 quibus
1996 4874 2173 4927 adhuc
2207 4884 2323 4927 crat
2352 4874 2671 4943 implicitus,
2729 4873 2971 4941 laqueos,
3006 4878 3237 4929 tanta‘ti
3268 4878 3534 4932 eluctatus
3596 4892 3652 4934 ut
3733 4894 3852 4937 tam

625 4964 813 5036 procul
840 4976 1038 5029 corpus
1089 4973 1248 5012 suum
1310 4970 1579 5012 momento
1612 4963 1845 5016 sisteret.
1902 4964 1963 5017 Si
1993 4974 2168 5017 tamen
2214 4964 2394 5018 dicere
2419 4980 2553 5035 Opus
2572 4978 2655 5018 est
2684 4979 2909 5033 corpore
2937 4978 3254 5035 prresentmu
3285 4967 3395 5022 illic
3458 4972 3627 5028 fuisse
3682 4978 3855 5041 cujus

623 5068 884 5113 accursus
928 5049 1413 5117 etsuccursusille
1465 5050 1695 5122 actionis
1745 5051 2180 5119 incorporearum
2256 5058 2516 5109 mentium
2561 5055 2790 5110 :emulns
2843 5059 2998 5127 quasi
3055 5068 3105 5113 et
3161 5058 3277 5128 ipse
3351 5067 3497 5117 omni
3550 5068 3849 5136 expeditus

622 5148 862 5214 materia:
917 5149 1057 5202 mole
1110 5148 1412 5203 absentiam
1459 5167 1611 5205 suam
1663 5148 1785 5203 cum
1839 5153 2182 5205 exauditione
2222 5157 2527 5223 mgaiitium
2593 5158 2741 5212 visus
2802 5167 2885 5213 est
2938 5161 3331 5230 coniunxisse:
3393 5179 3538 5229 uno,
3589 5166 3854 5237 inquam,

626 5248 902 5298 momento
933 5239 1088 5310 longe
1110 5240 1350 5295 abfuisse
1382 5251 1435 5295 et
1486 5242 1538 5294 in
1574 5243 1689 5295 acie
1720 5244 1993 5295 novacula:
2028 5244 2219 5310 positis
2252 5235 2500 5314 praesenti
2535 5249 2738 5303 auxilio
2765 5251 3009 5308 adfuisse
3034 5253 3224 5308 salutis
3266 5265 3567 5311 auctorem.

694 5352 885 5409 Utrum
916 5351 1110 5422 igitur
1161 5364 1270 5404 non
1314 5362 1690 5407 conscntaneze
1729 5354 1994 5417 dicebam,
2040 5354 2180 5407 unde
2214 5374 2255 5427 ι)

627 5440 748 5495 aliis
798 5441 1029 5495 facultas
1083 5439 1345 5499 orationis
1403 5440 1608 5504 afllnit,
1652 5441 1883 5494 indidem
1942 5440 2177 5510 inopiam

629 5530 756 5583 mibi
797 5531 1063 5585 sermonis
1110 5531 1407 5584 exsistere?
1453 5528 1568 5582 Jain
1610 5530 1752 5583 enim
1793 5533 1844 5584 in
1899 5530 2178 5585 illustriori

628 5621 748 5675 vita:
779 5621 897 5676 loco
934 5620 1265 5677 constitutus
1290 5622 1408 5692 rius
1443 5637 1597 5691 quem
1633 5621 1792 5674 lamin
1826 5622 1947 5697 viri,
1984 5624 2179 5693 quibus

2353 5356 2477 5430 Ἆρ’
2511 5356 2602 5414 οὖν
2636 5360 2939 5426 ἀπεικότως
2970 5364 3207 5434 ἐφάμην,
3239 5364 3315 5427 ὠς
3356 5366 3478 5419 ὅθεν
3518 5370 3629 5429 τοῖς
3659 5369 3851 5429 ἄλλοις

2285 5449 2379 5500 τοῦ
2426 5450 2605 5518 λέγειν
2633 5453 2664 5517 ἠ
2696 5452 2944 5521 εὐπορία,
2997 5455 3203 5507 ἐκεῖθεν
3235 5454 3357 5523 ἐμοὶ
3386 5458 3750 5527 παραγίνεται
3815 5462 3847 5527 ἡ

2286 5538 2511 5619 ἀπορία.
2548 5539 2687 5610 Ἤδη
2721 5543 2830 5609 γὰρ
2884 5542 2941 5592 ὲν
2976 5544 3415 5615 περιφανεστέρῳ
3464 5545 3557 5597 τοῦ
3594 5544 3713 5612 βίου
3750 5546 3846 5597 τοῦ

2288 5628 2381 5681 νῦν
2409 5631 2684 5694 καταστὰς
2711 5632 3165 5705 εὐφημουμένου,
3188 5634 3286 5689 οὐκ
3314 5635 3418 5704 ἔχω
3442 5635 3493 5686 τί
3524 5638 3843 5704 χρήσωμαι,
