3968 6322
581 286 688 351 239

1818 281 2010 343 LEON
2018 281 2089 340 IS
2120 278 2573 345 PHILOSOPHI

3660 291 3777 354 240

581 407 636 451 ιιι
662 400 783 452 vita!
816 398 1032 466 agendae
1079 399 1413 452 honestatem
1491 398 1801 451 imitabatur
1864 394 2121 449 Joannes.

2226 394 2348 464 δρες
2402 397 2633 466 ὁρῶνται
2697 399 3074 473 λευχειμονες,
3134 405 3507 474 παραστάντες
3562 405 3689 460 ἔνθα
3745 412 3777 460 ὁ

582 474 722 543 ﬁnio
752 490 868 544 seni
926 490 1217 558 aliquando
1267 491 1451 545 oranti
1482 496 1767 559 ,apparent
1796 487 1905 541 duo
1945 500 2123 550 senes,

582 579 760 636 induti
788 580 1036 634 candidis
1079 580 1344 644 vestibus,
1386 588 1627 633 astantes
1664 578 1753 631 ubi
1805 578 2126 648 precabatur

579 669 852 740 Joannes;
883 685 1114 738 quorum
1145 685 1285 725 unus
1324 670 1539 739 quidem
1592 669 1783 741 librum
1835 667 2121 735 scriptum,

578 760 715 813 alter
752 773 878 812 vero
909 757 1155 828 gestabat
1203 759 1400 815 claves.
1450 757 1669 812 Licebat
1718 766 1896 809 autem
1944 754 2127 807 videre

577 853 864 917 Joannem,
892 866 1013 906 cum
1054 867 1151 907 eos
1180 852 1426 914 vidisset,
1459 851 1708 913 adorare,
1761 847 1887 902 illos
1941 853 2124 899 autem

576 946 757 999 dicere
793 961 809 997 :
849 943 1091 1009 Conlide,
1121 952 1175 996 et
1205 944 1316 997 noli
1356 943 1568 995 timere.
1616 939 1768 995 Illum
1803 952 1931 993 vero
1959 935 2126 991 verbo

576 1049 799 1104 rogasse
815 1048 925 1104 quo
966 1033 1300 1103 appellamus
1327 1032 1602 1095 dominos,
1638 1029 1865 1098 quinam
1917 1033 2153 1089 essent,.

575 1124 723 1193 quod
752 1123 955 1198 dignati
984 1129 1171 1177 essent
1199 1121 1384 1175 venire
1412 1120 1481 1174 ad
1523 1136 1678 1175 suam
1737 1118 2123 1183 humilitatem,

577 1221 632 1268 et
662 1228 755 1267 eos
789 1228 979 1267 rursus
1002 1212 1187 1266 dicere
1212 1230 1226 1266 :
1255 1208 1331 1264 Ne
1356 1208 1570 1276 timeas,
1599 1210 1680 1262 vir
1707 1206 2124 1271 desideriorum,

576 1315 720 1357 nove
747 1300 957 1364 Daniel,
995 1302 1047 1353 in
1084 1315 1192 1369 quo
1218 1300 1427 1352 habitat
1453 1297 1687 1367 Spiritus
1723 1306 1973 1353 sanctus.
2012 1296 2123 1352 Rex

580 1403 812 1459 magnus
848 1388 1121 1451 Christus,
1154 1397 1339 1441 noster
1368 1387 1642 1456 magister,
1685 1398 1787 1438 nos
1809 1384 1956 1438 misit
1981 1383 2047 1436 ad
2072 1392 2126 1437 te

580 1461 806 1532 nuntios
828 1478 1042 1547 gaudii;
1077 1478 1282 1545 gaudii,
1313 1477 1557 1545 inquam,
1589 1490 1699 1545 quo
1721 1489 1816 1546 per
1847 1485 1897 1529 te
1927 1473 2117 1528 fruen-
2146 1486 2176 1533 ‘.

579 1581 671 1622 tur
694 1583 883 1623 omnes
918 1567 1011 1621 Dei
1046 1566 1320 1621 Ecclesiae.
1370 1564 1495 1618 Haec
1525 1564 1735 1619 dixisse
1780 1564 1916 1633 etei
1956 1562 2123 1617 tradi-

579 1643 749 1722 disse,
777 1656 1003 1711 alterum
1045 1671 1109 1711 ex
1143 1656 1228 1709 his
1250 1652 1465 1723 Quidem
1490 1653 1705 1717 librum,
1738 1653 1965 1706 alterum
1993 1667 2123 1707 vero

2237 485 2486 557 Ἰωάννης
2507 486 2847 557 προσηύχετο
2865 505 2879 520 ·
2908 484 2984 543 ὧν
3000 493 3028 543 ὁ
3057 491 3155 562 μὲν
3175 494 3339 561 τόμον
3361 496 3776 564 γεγραμμένον,

2223 577 2251 628 ὁ
2300 578 2355 629 δὲ
2398 578 2541 640 κλεῖς
2577 578 2898 650 ἐπεφέρετο.
2938 580 3200 651 meme
3230 580 3299 652 ἦν
3338 583 3565 648 τούτους
3592 586 3777 640 ίθόντα

2224 667 2591 736 προσκυνῆσαι
2627 668 2720 721 τὸν
2759 669 3031 737 Ἰωάννην,
3055 672 3181 734 τοὺς
3214 673 3271 725 δὲ
3317 675 3493 726 είπετν
3516 692 3530 706 ·
3562 674 3777 743 Θάρσει

2223 754 2316 807 καί
2355 755 2429 824 μὴ
2456 757 2642 824 φοϐοῦ.
2689 758 2792 812 Τὸν
2830 759 2887 812 δὶ
2931 759 3257 829 διερωτῆσαι
3292 763 3517 833 ῥήματι,
3560 757 3605 830 ᾧ
3640 765 3777 826 τοὺς

2226 844 2442 921 κυρίους
2480 842 2772 917 καλοῦμεν,
2811 848 2955 911 τίνες
2996 848 3062 902 άν
3089 843 3221 912 εἶεν,
3269 851 3350 903 δτι
3390 850 3777 919 κατηξιώσασεε

2224 930 2359 1000 πρὸς
2388 931 2482 1001 τὴν
2512 935 2649 1003 ἐμὴν
2679 934 3004 989 ταπείνωσιν
3038 936 3248 990 ἱκέσθαι
3273 951 3288 968 ο
3328 938 3422 990 καὶ
3448 940 3574 1002 τοὺς
3610 934 3778 1000 αὖθις

2224 1021 2428 1073 εἰπεῖν·
2461 1022 2552 1090 Μὴ
2586 1022 2772 1090 φοϐοῦ,
2809 1024 2941 1095 ἄνερ
2967 1025 3292 1099 ἐπιθυμιῶν,
3322 1027 3410 1080 νέε
3448 1027 3665 1099 Δανιὴλ,
3710 1029 3777 1079 ἐν
3817 1058 3830 1069 ο

2222 1099 2266 1172 ᾧ
2309 1110 2495 1177 σκηνοῐ
2530 1109 2591 1161 τὸ
2637 1111 2859 1181 Πνεῦμα
2902 1114 2964 1167 τὸ
3003 1114 3175 1183 ἅγιον.
3220 1115 3479 1180 Βασιλεὺς
3519 1116 3549 1167 ὁ
3592 1116 3779 1187 μιγας

2223 1197 2473 1268 Χριστὸς.
2504 1204 2531 1255 ὁ
2564 1202 2823 1272 ἡμέτερος
2848 1202 3184 1270 διδάσκαλος,
3225 1208 3511 1262 ἀπέστειλέ
3552 1224 3635 1260 σοι
3669 1224 3777 1277 χα-

2227 1292 2326 1358 ρᾶς
2355 1293 2618 1361 ἀγγέλους
2648 1294 2793 1364 ἡμᾶς
2816 1310 2830 1324 ·
2863 1297 3066 1365 χαρᾶς,
3096 1292 3165 1373 ἧς
3190 1282 3561 1351 ἀπολαύσουσι
3593 1300 3779 1353 πᾶσαι

2222 1383 2308 1435 διὰ
2344 1382 2437 1435 σοῦ
2469 1384 2524 1435 αἱ
2557 1382 2652 1436 τοῦ
2686 1382 2820 1437 Θεοῦ
2862 1385 3197 1453 Ἐκκλησίαι.
3230 1386 3411 1443 Ταῦτα
3444 1389 3637 1453 εἰπεῖν,
3675 1387 3779 1439 καὶ

2223 1473 2498 1527 ἐπιδοῦναι
2523 1474 2689 1543 αὐτῷ,
2718 1476 2810 1527 τὸν
2837 1474 2935 1543 μὲν
2962 1475 3052 1527 τὸν
3076 1477 3257 1545 τόμον,
3288 1479 3377 1529 τὸν
3398 1478 3453 1530 δὲ
3474 1477 3570 1540 τὰς
3596 1476 3776 1539 κλεῖς,

2224 1563 2566 1627 ὲπειπόντας,
2604 1563 2678 1624 ὡς
2714 1562 2854 1632 Ἐγὼ
2887 1565 2983 1633 μὲν
3016 1565 3288 1634 Ἰωάννης,
3324 1568 3353 1619 ὁ
3386 1566 3666 1633 ἐπιπεσῲν
3710 1567 3778 1617 ὲν

2223 1654 2300 1722 τῷ
2333 1653 2576 1722 μυστικῴ
2594 1654 2792 1723 δείπνῳ
2815 1655 2998 1723 στήθει
3024 1657 3068 1709 Χ
3078 1656 3282 1727 ριστοῦ,
3306 1657 3555 1713 κάκεῖθεν
3573 1658 3640 1710 τά
3669 1659 3781 1727 τῆς

578 1711 781 1812 claves,
823 1745 1199 1815 subiungendo
1240 1711 1407 1812 :quo
1453 1711 1973 1817 quidem'Joannes,
2028 1743 2121 1813 qui

2224 1711 2497 1811 θεολογίας
2526 1711 2860 1814 ὲΙρυσάμενος
2884 1711 3098 1814 νάματα
3118 1763 3133 1777 ο
3159 1711 3342 1813 tydide
3368 1746 3590 1817 Πέτρος,
3619 1748 3647 1799 ό

577 1839 632 1897 in
666 1826 894 1907 mystica
922 1851 1074 1890 ctena
1121 1850 1286 1904 super
1341 1833 1544 1899 Christi
1575 1841 1763 1905 pectus
1795 1833 2045 1896 recubui,
2073 1841 2125 1887 et

574 1926 728 1981 illinc
751 1925 909 1980 hausi
942 1924 1142 2001 ﬂuenta
1173 1925 1461 1997 theol0gite
1487 1943 1503 1991 ;
1537 1939 1636 1994 ego
1675 1931 1852 1978 autem
1877 1937 1996 1986 sum
2018 1921 2121 1978 Pe-

568 2002 713 2084 trus,
743 2017 835 2085 qui
867 2015 1141 2070 Christum
1168 2014 1260 2073 Dei
1291 2016 1396 2070 vivi
1427 2014 1622 2068 Filium
1654 2030 1773 2069 sum
1807 2015 2115 2069 confessus.

570 2090 716 2173 Deos
748 2090 882 2166 vero
910 2103 1009 2157 tibi
1033 2117 1251 2172 quoque
1272 2103 1363 2157 dat
1409 2116 1582 2156 meam
1620 2107 1969 2169 potestatem.
2005 2098 2114 2154 Fac

570 2192 752 2244 omnia
774 2203 1131 2259 quaecumque
1163 2189 1259 2243 tibi
1280 2188 1554 2258 iubemus.
1586 2186 1651 2240 Et
1681 2202 1803 2241 cum
1838 2187 1891 2240 in
1911 2186 2121 2245 divino-

571 2274 698 2337 rum'
724 2288 1115 2349 praceptorum
1148 2278 1421 2347 mysteriis
1454 2294 1576 2332 eum
1613 2278 2004 2339 instituissent,
2066 2284 2123 2331 et

575 2372 881 2425 "aurorum
911 2384 966 2427 et
999 2371 1264 2424 bellorum
1282 2379 1345 2424 et
1390 2368 1765 2434 aﬂlictionum,
1811 2384 1931 2437 qua:
1960 2358 2122 2435 justis

574 2460 663 2513 hic
710 2460 891 2511 n‘inltze
917 2472 1037 2512 esse
1066 2457 1263 2520 solent,
1292 2455 1666 2526 praedixissent
1693 2466 1970 2518 eventum,
1996 2463 2118 2508 tan-

574 2550 696 2623 dem
746 2563 870 2623 cum
925 2550 1177 2602 universa
1240 2546 1357 2616 ejus
1416 2546 1656 2601 membra
1712 2544 2118 2612 obsiguasseut,

571 2620 811 2705 eumque
843 2636 1076 2706 amplexi
1128 2642 1332 2701 essent,
1390 2636 1641 2704 bonoque
1670 2645 1724 2688 et
1771 2634 1895 2687 forti
1938 2635 2120 2687 animo

2222 1830 2454 1899 Χριστὸν
2490 1830 2614 1883 Υίὸν
2643 1830 2778 1884 Θεοῦ
2813 1833 3169 1903 ὁμολογήσας.
3199 1834 3329 1897 Θεὸς
3353 1834 3411 1888 δὲ
3442 1836 3535 1887 καὶ
3564 1835 3646 1889 σοὶ
3668 1836 3780 1907 τῆν

2220 1918 2358 1988 ἐμὴν
2413 1918 2625 1972 δίδωσιν
2660 1920 2906 1984 ἐξουσίαν
2924 1938 2945 1991 ο.
2997 1922 3225 1992 ποίησον
3274 1920 3368 1976 οὖν
3411 1922 3608 1988 πάντα,
3657 1923 3779 1976 ὅσα.

2218 2010 2567 2078 ἐντελλόμεθά
2598 2016 2698 2066 cat;
2721 2013 3264 2083 Μυσταγωγήσαντὲς
3289 2030 3347 2066 τε
3372 2013 3531 2066 αὐτὸν
3553 2012 3622 2066 τά
3643 2012 3778 2066 θεῖα

2219 2101 2550 2169 ἐντάλματα,
2576 2102 2671 2154 καὶ
2713 2102 2820 2155 τῶν
2858 2104 3293 2173 επελευσομένων
3332 2103 3583 2173 Μλέμων
3613 2103 3778 2173 αῦτῷ

2221 2193 2315 2245 καὶ
2343 2192 2592 2259 θλίψεων,
2619 2194 2675 2245 αἳ
2704 2193 2895 2245 πολλαὶ
2937 2197 3047 2256 τοῖς
3087 2193 3315 2257 δικαίοις
3359 2194 3772 2265 προσγίνονται,

2220 2278 2319 2346 τὴν
2352 2277 2573 2330 ἑκϐασιν
2616 2280 2991 2348 προειπόντες,
3034 2280 3188 2343 τέλος
3238 2282 3344 2334 πᾶν
3398 2282 3554 2351 μέλος
3595 2282 3773 2335 αὑτοῦ

2219 2370 2803 2438 κατασφραγισάμενοι,
2858 2369 3231 2434 άσπασάμενοί
3280 2387 3338 2437 τε
3401 2373 3498 2424 καὶ
3539 2371 3775 2441 θαρσεῖν

2220 2459 2314 2513 καί⁸
2345 2459 2546 2528 ίσχύειν
2569 2459 2916 2525 ὲπειπὸντες,
2949 2458 3163 2529 ἀπίασι.
3195 2457 3380 2513 Ταῦτα
3406 2462 3435 2513 ὁ
3462 2459 3775 2529 Θαυμάσιος

2219 2549 2422 2610 ἐκεῖνος
2448 2547 2639 2615 θντωςί
2662 2547 2801 2612 ίδὼν,
2854 2547 2946 2599 καὶ
2992 2546 3227 2615 ἀκούσας
3269 2547 3598 2618 πρεσϐύτης,
3631 2547 3770 2601 καθ’

2217 2638 2403 2697 ἑαυτὸν
2430 2637 2800 2707 ἐξεπλήττετο.
2819 2636 2937 2688 Τῶν
2960 2635 3016 2688 δὲ
3046 2635 3348 2705 βλεπόντων
3368 2634 3537 2698 οὕτως
3573 2637 3770 2700 αὑτὸν,

569 2744 693 2785 esse
714 2728 1034 2798 jussissent,
1070 2728 1353 2782 recedunt.
1407 2724 1533 2780 llaec
1559 2739 1685 2780 cum
1716 2724 1807 2778 ille
1841 2737 1970 2778 vere
2007 2723 2119 2776 ad-

2221 2726 2314 2796 τῆν
2344 2727 2522 2782 αἰτίαν
2562 2727 3001 2795 πυνθανομένων,
3058 2726 3196 2797 ἔφη·
3238 2726 3549 2795 Μυστήρια
3588 2725 3776 2790 ,βασι-

572 2818 838 2873 mirabilis
870 2818 1094 2872 vidisset
1120 2825 1175 2871 et
1203 2815 1467 2870 audiisset
1505 2828 1693 2875 senex,
1737 2811 1878 2881 apud
1908 2827 1967 2867 se
2019 2813 2115 2866 mi-

2221 2818 2386 2888 .léwq,
2427 2817 2663 2886 ἀδελφοὶ,
2715 2818 3101 2884 θριαμϐεύειν,
3152 2817 3245 2869 καὶ
3282 2816 3417 2869 Θεοῦ
3467 2815 3775 2869 καλύπτειν

573 2908 820 2975 rabatur.
858 2907 930 2960 lis
956 2914 1136 2959 autem
1182 2906 1275 2973 qui
1328 2918 1452 2959 eum
1475 2904 1556 2957 sic
1588 2902 1864 2962 videbant.
1892 2916 2115 2956 causam

2221 2911 2493 2979 τεράστια,
2518 2910 2607 2960 τὸν
2636 2909 2775 2969 ἴσον,
2825 2907 3022 2977 μᾶλλον
3063 2908 3121 2960 δὲ
3171 2907 3263 2959 καὶ
3303 2906 3470 2959 πλείω
3515 2892 3773 2963 κίνδυνον

573 2988 917 3080 rogantibus,
943 2994 1082 3047 dixit
1117 3010 1131 3047 :
1164 2992 1339 3061 Regis,
1365 3007 1398 3048 ο
1428 2993 1646 3053 fratres,
1695 3007 1893 3042 arcana
1927 3007 2119 3057 propa-

2221 3000 2490 3068 ιπιφέρει.
2533 3000 2645 3055 Καὶ
2671 2981 2991 3069 ἀρξάμενος,
3019 2998 3081 3050 τδ
3111 2998 3217 3049 πᾶν
3248 2996 3426 3065 διῆλθε
3450 2995 3549 3064 τῆς
3589 2995 3771 3047 ὀπτα-

574 3072 851 3144 turc'°,et
884 3082 977 3135 Dei
1022 3083 1231 3149 aperire
1276 3080 1558 3141 miracula,
1615 3094 1709 3147 par
1766 3088 1928 3147 atque
1986 3080 2119 3131 adeo

2223 3087 2361 3147 σίας.
2378 3088 2835 3154 ’Δσφαλισάμενός
2861 3104 2920 3139 τε
2952 3087 3145 3149 αὐτοὺς
3164 3086 3242 3159 μὴ
3261 3085 3566 3153 γνωσθῆναι
3586 3082 3775 3150 ταῦτα

575 3164 753 3242 majus
793 3170 945 3224 affert
975 3169 1313 3238 periculum;
1344 3176 1398 3220 et
1418 3165 1683 3233 incipiens
1723 3172 1892 3217 totam
1928 3178 2117 3217 narra-

2221 3175 2298 3243 τῷ
2339 3176 2586 3246 Ἰωάννῃ,
2616 3176 2854 3246 θάμϐους
2882 3179 2991 3230 τῶν
3022 3179 3371 3231 ἀκουσάντων
3396 3176 3493 3239 τὰς
3519 3174 3771 3243 διανοίας

574 3264 655 3317 vit
690 3261 977 3316 visionem.
1008 3258 1108 3313 Cui
1137 3272 1261 3311 cum
1290 3254 1415 3311 data
1445 3264 1592 3309 esset
1627 3255 1778 3314 iides,
1816 3269 1922 3307 non
1950 3254 2118 3307 scitu-

2221 3265 2557 3337 ἐπλήρωσεν.
2601 3265 2659 3317 Ὃ
2686 3266 2742 3318 δι
2776 3268 3025 3336 Ἰωάννης
3057 3266 3353 3336 τηνικαῦτα
3374 3268 3497 3331 τοὺς
3527 3250 3769 3334 ἀσκητιὲ

576 3364 697 3411 rum
724 3349 776 3404 id
805 3346 1089 3422 Joannem,
1125 3346 1173 3400 is
1211 3353 1421 3402 mentes
1448 3346 1687 3397 omnium
1744 3342 1978 3410 implevit
2024 3342 2120 3397 ad-

2221 3354 2350 3417 κοὺς
2400 3352 2771 3422 συνεγράψατο
2830 3352 3039 3419 λόγους.
3091 3353 3365 3405 Ἐντεῦθεν
3421 3352 3567 3421 αὐτῷ
3620 3352 3772 3420 πρὸς

577 3439 889 3519 miratione.
919 3437 1159 3491 Joannes
1186 3443 1368 3503 autem
1405 3444 1535 3507 tunc
1565 3431 1786 3500 scripsit
1826 3432 1994 3487 libros
2052 3431 2119 3485 de

2221 3442 2526 3512 ἀκρώρειαν
2564 3442 2662 3511 τῆς
2694 3440 3126 3511 βασιλικωτάτης
3157 3441 3264 3493 τῶν
3289 3440 3494 3510 ἀρετῶν
3553 3438 3771 3492 ἀνιόντι

577 3530 883 3608 monastica
939 3526 1355 3582 exercitatione.
1413 3522 1548 3588 Hinc
1588 3523 1637 3577 ei
1692 3522 2004 3577 ascendenti
2049 3522 2116 3575 ad

2221 3532 2522 3604 περιωπῆς,
2554 3534 2650 3583 καὶ
2696 3530 2764 3581 τὰ
2806 3528 2980 3599 θράση
3017 3530 3124 3579 τῶν
3153 3528 3339 3581 παθῶν
3384 3526 3770 3590 ὑποτάσσοντι,

574 3618 849 3695 Iastigium
882 3616 1151 3684 imprimis
1196 3616 1358 3687 regia:
1398 3616 1655 3671 virtutum
1704 3614 2116 3682 contemplatio-

2221 3614 2455 3693 05.30qu
2490 3623 2607 3676 κατ’
2636 3621 2814 3673 αὐτῶν
2843 3620 3056 3684 ἐξουσία
3077 3619 3447 3689 παραδίδοται,
3483 3615 3575 3668 τοῦ
3598 3616 3787 3669 αὐτος,

574 3710 679 3776 nis,
715 3720 768 3762 et
799 3706 1111 3775 subjicienti
1140 3707 1421 3759 audaciam
1476 3704 1811 3775 passionum,
1856 3702 2116 3757 divinitus

2221 3715 2484 3785 κράτορος
2521 3712 2610 3766 νοῦ
2642 3714 2707 3782 τῇ
2740 3712 2943 3766 ἀνωθεν
2988 3708 3370 3778 συνεπικουρίξι
3408 3702 3774 3775 φορολογοῦν-

575 3798 762 3851 ineas
800 3795 958 3847 datur
1007 3802 1262 3861 poteStas,
1335 3797 1514 3843 mente
1566 3804 1688 3858 quae
1746 3788 2111 3867 principatum

2221 3820 2304 3868 τος
2328 3845 2345 3868 ,
2390 3804 2483 3856 καὶ⁸
2522 3801 2582 3853 τὸ
2630 3799 2851 3852 ἐκείνων
2897 3800 3177 3867 ἀγριαίνον
3233 3795 3765 3854 καθυποτάσσοντος.

572 3886 785 3957 obtinet
819 3897 1060 3964 superno
1104 3882 1305 3936 auxilio
1355 3880 1628 3948 atljuvata,
1679 3886 1734 3932 et
1790 3877 2116 3946 subjugante

2221 3894 2403 3957 ’Δξιον
2429 3893 2485 3946 δὲ
2512 3893 2610 3962 τῆς
2634 3891 2761 3960 περὶ
2799 3890 2889 3942 τὸν
2930 3889 3095 3957 ἄνδρα
3153 3887 3304 3957 παρά
3330 3886 3422 3939 τοῦ
3452 3886 3767 3954 κρείττονος

574 3964 789 4030 illarum
841 3974 1135 4027 feritatem.
1184 3970 1371 4040 Operae
1422 3970 1651 4039 pretium
1697 3974 1782 4021 est
1827 3974 2005 4020 autem
2051 3966 2119 4019 de

2221 3987 2318 4038 κάν
2346 3986 2553 4045 τούτοις
2600 3981 2907 4049 φιλοτιμίας
2952 3979 3236 4031 συνελόντα
3279 3978 3367 4031 τὸν
3411 3978 3584 4044 λόγον,
3630 3976 3767 4028 ὅσον

573 4054 968 4134 ὒιιιιιὶροιειιιὶε
1020 4075 1235 4131 quoque
1290 4060 1343 4112 in
1388 4074 1509 4112 eum
1556 4066 1610 4111 et
1656 4058 1709 4109 in
1755 4057 1839 4109 his
1901 4055 2117 4109 munifi-

2221 4075 2504 4146 ὲνδέχεται,
2542 4074 2743 4144 βραχέα
2768 4071 3055 4124 διαλαθεῖν.

573 4157 775 4215 rentia,
806 4149 1179 4205 contrahendo
1208 4148 1532 4207 orationem,
1567 4146 1746 4212 quoad
1779 4142 1891 4197 fieri
1916 4152 2113 4211 potest,

576 4242 811 4294 breviter
837 4240 1127 4292 disserere.

647 4331 700 4380 7.
740 4328 1072 4379 Dominicam
1101 4324 1386 4389 ﬁmbriam,
1419 4323 1559 4377 sicut
1581 4324 1905 4385 audivimus,
1931 4308 2117 4383 necés-

2296 4331 2359 4397 ζ’.
2388 4332 2490 4384 Τοῦ
2523 4330 2847 4382 Δεσποτικοῦ
2881 4330 3205 4399 κρασπέδου,
3240 4326 3487 4399 καθάπερ
3519 4327 3764 4396 ἡκούσα-

580 4420 741 4475 sitate
775 4415 945 4467 morbi
985 4413 1176 4491 adacta
1230 4413 1341 4467 illic
1387 4413 1602 4481 quidem
1645 4413 1837 4466 mulier
1865 4412 1966 4467 [ide
2000 4421 2120 4466 tan-

2226 4436 2343 4489 μεν,
2394 4419 2603 4491 ἀνάγκῃ
2655 4414 2855 4475 πάθους
2903 4416 3017 4465 ἐκεῖ
3082 4415 3179 4482 μὲν
3231 4418 3365 4485 γυνὴ
3418 4416 3481 4466 ὲκ
3514 4415 3761 4478 πίστεως

580 4523 711 4578 gens
755 4508 818 4569 ¹¹,
850 4504 1046 4572 accipit
1076 4510 1221 4555 tactu
1251 4497 1501 4556 salutem.
1567 4502 1708 4572 Ergo
1762 4503 1849 4557 hic
1905 4519 2119 4573 quoque

2221 4509 2517 4577 ἁψάμενον,
2542 4508 2608 4573 τῇ
2636 4504 2746 4571 ἀφῇ
2778 4503 2876 4571 τὴν
2915 4504 3185 4571 σωτηρίαν
3228 4505 3595 4573 ἀπολαμϐάνει
3618 4522 3632 4535 ·
3663 4507 3763 4557 τὸν

579 4598 818 4651 imitatus
855 4601 938 4646 est
970 4591 1305 4659 magistrum.
1358 4590 1455 4643 llic
1485 4591 1628 4645 enim
1673 4593 1756 4644 vir
1786 4592 2005 4661 quidam
2042 4593 2119 4647 la-

2221 4597 2532 4653 διδάσκαλον
2564 4591 2657 4646 οὖν
2689 4594 2781 4645 καὶ
2829 4585 2980 4653 οὗτος
3020 4593 3453 4660 ἀπομεμίμηται.
3498 4594 3763 4647 Ἐνταῦθα

577 4687 803 4740 borahat
834 4690 982 4735 tanto
1006 4680 1196 4732 dolore
1215 4678 1554 4744 bemicranii,
1583 4688 1641 4734 ut
1670 4680 1795 4733 mali
1823 4682 2112 4736 vehemen-

2221 4690 2326 4759 γάρ
2354 4705 2435 4759 τις
2465 4687 2602 4755 ἀνὴρ
2630 4682 2861 4753 τοσαύτῃ
2892 4680 3017 4749 περί
3062 4680 3120 4731 τὸ
3167 4680 3462 4748 ἡμίκρανον
3508 4681 3761 4748 ἀλγηδόνι

576 4781 653 4831 tia
704 4775 965 4846 exsiliens
1016 4769 1209 4823 oculus
1264 4767 1384 4835 ejus
1433 4781 1743 4824 cerneretur
1807 4775 2040 4841 pendere
2084 4789 2113 4827 a

2221 4778 2518 4847 συνέχεται,
2569 4773 2707 4825 ὥστε
2747 4772 2827 4841 τῷ
2859 4769 3070 4837 σφοδρῷ
3112 4768 3207 4835 τῆς
3233 4768 3420 4833 ὀδύνης
3458 4768 3547 4818 τὸν
3569 4766 3759 4819 τούτου

577 4867 818 4921 maxilla.
856 4863 904 4914 ls
941 4875 1063 4914 cum
1103 4859 1378 4912 incassum
1412 4856 1466 4911 in
1505 4858 1744 4913 medicos
1768 4870 1894 4915 suas
1922 4878 2110 4941 omnes

2221 4866 2487 4939 ὀφθαλμὸν
2525 4862 2921 4931 ὲκπηδήσαντα,
2946 4862 3010 4927 τῇ
3060 4855 3264 4923 σιαγόνι
3303 4854 3526 4924 ὁρᾶσθαι
3552 4854 3763 4906 ἀπαιω-

577 4952 1011 5019 consumpsisset
1061 4947 1368 5009 facultates,
1429 4947 1638 4999 accedit
1698 4949 1985 5017 aliquando
2042 4954 2108 5006 ad

577 5045 818 5099 divinum
847 5039 1128 5100 Joannem,
1172 5052 1367 5106 rogans
1395 5045 1451 5088 ut
1484 5046 1786 5091 sanaretur.
1817 5038 1905 5092 Ille
1933 5056 2107 5095 autem

575 5124 707 5186 dicit
732 5131 778 5184 ei
814 5149 824 5180 :
860 5126 1013 5181 llunc
1039 5117 1286 5187 morbum
1319 5125 1414 5179 tibi
1441 5125 1801 5203 concillarnut
1832 5136 1919 5195 tua
1948 5132 2108 5181 animi

577 5204 904 5289 perversitas
934 5228 985 5270 et
1019 5233 1184 5285 pauca
1212 5216 1341 5283 fides
1364 5218 1415 5268 in
1445 5216 1718 5279 Christum
1753 5214 2107 5271 Salvatorem.

577 5313 729 5364 Tunc
758 5321 1008 5380 aagrotus.
1062 5310 1220 5363 simul
1253 5318 1415 5374 atque
1452 5307 1554 5360 hoc
1588 5306 1828 5380 dixisset
1856 5306 2109 5372 Joannes,

580 5416 633 5452 se
657 5372 829 5452 t0tunvt
855 5400 1141 5451 traducens
1170 5398 1235 5448 ad
1274 5372 1479 5450 [irinum
1521 5398 1720 5450 Christi
1766 5372 1939 5457 ﬁdem,
1998 5406 2113 5450 tau-

580 5490 652 5553 git
677 5486 1191 5555 tunicamdoannis,
1219 5496 1269 5535 et
1313 5502 1572 5539 cumcam
1602 5490 1729 5539 locis
1767 5486 1971 5541 affectis
2012 5490 2111 5543 im—

584 5576 884 5647 posuisset,
930 5579 1073 5629 ilicto
1124 5575 1288 5626 citius
1336 5575 1432 5626 fuit
1488 5588 1729 5630 curatus.
1783 5576 1911 5631 Post
1968 5577 2111 5647 hunc

650 5662 692 5695 ⁸⁸
721 5662 853 5719 Tob.
888 5681 982 5727 xu,
1014 5666 1066 5715 7.
1144 5664 1181 5693 ¹¹
1216 5662 1398 5717 Matii.
1432 5680 1505 5725 ix,
1536 5662 1623 5715 22.

2222 4959 2498 5028 ρούμενον.
2527 4949 2691 5015 Οὗτος
2716 4953 2916 5022 ἰατροῖς
2940 4944 3357 5016 προσαναλώσας
3375 4946 3496 5028 ’ὅλον
3516 4942 3605 4996 τὸν
3643 4942 3762 5012 βίον

2218 5048 2467 5113 ἀνόνητα,
2500 5042 2742 5113 πρόσεισί
2776 5058 2901 5092 ποτε
2937 5039 3011 5107 τῷ
3042 5039 3170 5106 θείῳ
3206 5034 3760 5106 Ίωάννῃ,άντιὸολῶν

2222 5136 2453 5203 ἰαθῆναι.
2494 5134 2552 5185 '0
2570 5132 2625 5182 δὲ
2651 5133 2794 5198 λέγει
2819 5130 2961 5195 αὐτῷ
2987 5144 2999 5156 ⁸
3031 5128 3198 5179 Τοῦτό
3234 5143 3314 5179 σοι
3362 5128 3421 5178 τὸ
3467 5124 3655 5186 πάθος,
3693 5126 3759 5176 τὸ

2220 5222 2428 5277 σκολιὸν
2471 5222 2568 5290 τῆς
2612 5220 2805 5287 ψυχῆς,
2834 5222 2925 5272 καὶ
2968 5219 3101 5286 πρὸς
3135 5217 3223 5267 τὸν
3256 5217 3479 5285 Σωτῆρα
3524 5212 3758 5283 Χριστὸν

2217 5310 2549 5377 ὀλιγόπιστον
2588 5308 2967 5377 προεξένησαν.
3012 5307 3069 5355 Ὀ
3124 5304 3179 5355 δὲ
3235 5305 3476 5372 πάσχων,
3510 5304 3625 5371 ἄμα
3675 5302 3757 5370 τῷ

2218 5400 2378 5467 λόγῳ,
2415 5398 2533 5451 ὅλον
2567 5395 2751 5447 ἑαυτὸν
2793 5393 2883 5446 ἐπὶ
2912 5394 3008 5460 τὴν
3057 5390 3271 5458 ἀρραγῆ
3316 5390 3491 5439 πίστιν
3516 5386 3757 5455 Χριστοῦ

2220 5490 2489 5556 μεταθεὶς,
2517 5488 2744 5540 ἆπτεται
2776 5486 2867 5547 τοῦ
2899 5482 3211 5552 χιτωνίσκου
3238 5480 3330 5532 τοῦ
3370 5481 3633 5540 Ἰωάννου,
3659 5477 3758 5529 καὶ

2214 5584 2322 5645 τοῖς
2369 5579 2656 5634 πεπονθόσι
2704 5577 2919 5647 χωρίοις
2971 5571 3197 5635 ἐπιθεὶς,
3251 5560 3441 5639 θᾶττον
3488 5570 3521 5639 ἦ
3574 5568 3759 5637 λόγος.
