3930 6332
548 310 656 375 255

1782 296 2051 368 LEONIS
2082 306 2533 370 PiIiLOSOPllI

3651 316 3767 382 256

551 434 671 475 eam
702 432 917 489 quoque
944 417 1137 487 oratio)
1167 456 1181 479 .
1213 433 1337 473 eum
1365 427 1505 473 esset
1533 417 1761 471 callidus
1785 429 1839 473 et
1870 418 2104 472 malitio-

2221 422 2545 490 ταττόμενος,
2579 421 2756 492 φθόνῳ
2797 422 3042 475 διαϐόλου
3090 425 3182 474 καὶ
3221 426 3472 490 γυναικὸς
3525 426 3767 497 ἐπηρείᾳ.

551 526 670 576 sus,
698 510 901 581 pastori
932 525 1059 565 vero
1093 510 1396 575 familiaris,
1438 519 1616 564 movet
1643 525 1881 573 onmem,
1919 520 1976 562 ut
2017 508 2103 561 di-

551 604 730 664 citur,
772 590 1023 669 lapidem,
1074 609 1131 653 ιιι
1177 603 1360 654 odium
1407 610 1461 653 et
1510 599 1863 655 oll‘etisionem
1910 599 2105 653 excitet

551 694 811 748 adversus
849 692 1093 746 divinum
1129 690 1461 760 pontiﬁcem.
1512 689 1579 744 Et
1613 692 1845 761 primum
1887 689 2104 759 quidem

552 781 811 837 hoc'facit
840 798 854 834 :
883 796 1007 835 cum
1035 780 1328 836 Severiano
1353 778 1610 850 episc0po
1640 782 1977 853 colloquens,
2015 791 2107 833 aut

546 871 754 945 aliquid
784 863 974 929 eorum
1005 870 1214 935 dicens,
1240 885 1364 939 quae
1395 871 1657 925 dicuntur
1682 870 1957 939 quotidie,
2000 868 2108 922 fre-

548 970 638 1018 tus
679 976 741 1015 ea
771 976 892 1030 quae
935 962 1075 1030 apud
1122 961 1429 1031 pontiﬁcem
1464 962 1513 1015 ei
1559 971 1677 1013 erat
1714 960 1909 1013 ﬁducia
1945 967 2001 1014 et
2030 959 2109 1011 lo-

547 1048 748 1120 quendi
802 1050 1084 1112 libertate,
1141 1049 1334 1102 sedens
1377 1063 1499 1099 cum
1552 1063 1618 1101 eo
1664 1048 1983 1101 disserebat.
2042 1045 2108 1100 Ut

464 1174 473 1183 α
548 1149 728 1194 autem
772 1140 909 1194 solet
961 1139 1013 1191 in
1059 1139 1145 1193 his
1179 1137 1449 1199 accidere,
1496 1137 1731 1206 quodam
1765 1138 1852 1191 die
1888 1150 1995 1193 non
2032 1138 2110 1191 fe-

552 1245 681 1285 rens
710 1230 947 1283 dedecus
988 1228 1350 1291 Severianus,
1383 1241 1537 1280 suam
1564 1227 1846 1281 attendens
1874 1226 2111 1295 dignita-

551 1329 660 1373 tem
693 1330 742 1372 et
772 1319 994 1387 gradum
1024 1317 1260 1379 diaconi,
1291 1317 1492 1369 dicitur
1518 1316 1808 1385 aliquando
1833 1316 1941 1371 tale
1979 1317 2109 1385 quid

551 1408 758 1463 dixisse
797 1424 810 1458 :
852 1407 907 1460 Si
944 1406 1205 1474 Serapion
1232 1414 1479 1459 mortuus
1532 1404 1692 1458 fuerit
1731 1403 2107 1470 Christianus,

554 1500 808 1553 Christus
849 1514 953 1552 non
992 1497 1087 1550 fuit
1126 1498 1306 1551 homo.
1332 1495 1453 1549 Hoc
1484 1511 1605 1549 cum
1633 1494 1930 1550 audivisset
1958 1494 2111 1549 vafer

552 1590 643 1644 ille
670 1596 723 1644 et
750 1591 908 1659 plane
941 1588 1115 1641 factus
1142 1588 1208 1642 ad
1259 1587 1542 1650 malitiam,
1577 1602 1700 1640 eum
1732 1586 1935 1641 dictum
1972 1587 2111 1641 divi-

550 1684 731 1759 sisset,
767 1682 905 1752 apud
937 1690 1179 1735 sanctmn
1237 1688 1458 1735 accusat
1485 1679 1863 1745 Severianum,
1891 1688 1951 1733 ut
1988 1679 2108 1759 ejus

549 1756 609 1831 et
635 1772 832 1829 Christi
884 1773 1162 1835 inimicum
1184 1812 1198 1837 ,
1234 1782 1290 1825 ut
1317 1773 1407 1843 qui
1447 1773 1695 1838 dixisset,
1724 1771 1974 1828 Christus
2001 1756 2107 1827 non

551 1865 654 1919 fuit
683 1865 864 1927 homo,
891 1878 921 1917 e
965 1877 1065 1919 sua
1099 1866 1318 1918 caterva
1355 1864 1518 1935 hujus
1547 1864 1679 1918 dicti
1717 1871 1884 1919 testes
1912 1865 2111 1933 produ-

548 1972 703 2012 rens.
759 1955 902 2021 Quid
958 1971 1087 2026 ergo
1133 1956 1421 2025 oportebat
1470 1956 1647 2011 facere
1691 1956 1918 2010 zelotem
1958 1955 2110 2009 illum

550 2045 744 2119 Ellam,
778 2061 810 2099 ο
847 2040 942 2115 per
978 2045 1149 2115 ipsam
1174 2044 1442 2113 justitiam
1474 2045 1497 2097 ‘i
1532 2045 1721 2113 (detur
1747 2030 1889 2099 enim
1925 2047 2005 2099 sic
2033 2050 2115 2099 iu-

553 2146 636 2191 ter
677 2136 864 2191 laudes
917 2136 1122 2201 dicere)
1162 2136 1439 2188 dimittere
1482 2135 1535 2187 id
1580 2137 1727 2202 quod
1778 2136 1882 2188 sibi
1938 2137 2114 2188 fuerat

553 2228 926 2282 renuntiatum
957 2224 981 2278 ?
1029 2240 1135 2277 non
1174 2223 1397 2277 credere
1427 2237 1488 2275 ea
1510 2237 1639 2290 qua:
1669 2223 1814 2276 dicta
1842 2223 2053 2276 fuerant
2085 2238 2113 2275 a

558 2312 837 2373 testibus?
891 2317 1079 2385 procul
1110 2313 1403 2367 amandare
1435 2326 1529 2366 eos
1570 2313 1661 2382 qui
1692 2313 1991 2380 loquuntur
2021 2327 2116 2379 pro

552 2407 773 2463 Christo
800 2408 826 2459 ἲ
877 2408 939 2459 Et
986 2406 1109 2476 quis
1156 2420 1260 2459 nou
1308 2419 1449 2473 aegre
1479 2403 1715 2467 tuiissﬂ,
1745 2414 1798 2456 ct
1828 2402 2119 2470 reprelien-

555 2487 740 2554 disset
784 2496 1127 2568 pontiﬁcem,
1185 2510 1307 2549 cmn
1372 2494 1603 2549 callidus
1646 2497 1838 2546 horum
1900 2489 2114 2561 artifex;

551 2589 766 2646 etiamsi
802 2595 933 2653 tunc
978 2587 1320 2658 ignoraretur
1372 2583 1597 2650 malitia,
1643 2590 1931 2653 propterea
1972 2580 2114 2651 quoii

551 2686 710 2735 actus
743 2688 889 2734 esset
922 2692 1235 2747 perversus,
1274 2676 1611 2730 eiamaturus
1665 2684 1811 2728 esset
1852 2672 2117 2727 adversus

547 2769 789 2842 judicem
812 2777 866 2822 ct
889 2768 1206 2838 pastorem?
1231 2765 1326 2821 scd
1348 2766 1481 2819 sicut
1515 2764 1697 2827 audio,
1706 2764 1893 2831 judico
1922 2764 1991 2826 “,
2030 2762 2118 2827 in.

552 2858 670 2930 quit
693 2856 965 2919 Christus,
990 2867 1114 2907 cum
1144 2854 1323 2906 adhuc
1348 2853 1562 2907 essetin
1593 2853 1693 2904 hac
1715 2851 1819 2905 vita
1842 2859 1897 2903 et
1923 2864 2109 2904 carne.

552 2949 723 3015 Cujus
752 2944 1070 3012 discipulus,
1089 2942 1292 3010 justam
1325 2942 1406 2995 sic
1436 2940 1615 2993 ferens
1640 2938 1986 3001 sententiam,
2010 2938 2123 2991 eci-

2205 510 2385 577 (δείξει
2420 511 2476 562 δὲ
2524 512 2616 563 καὶ
2643 512 2843 580 ταύτην
2884 511 2913 561 ὁ
2959 511 3134 580 λόγος)
3156 511 3320 572 δεινὸς
3346 512 3421 564 ὢν
3462 513 3555 565 καὶ
3592 516 3768 581 coegi;

2203 602 2282 659 εἰς
2305 601 2522 664 κακίαν,
2552 603 2749 663 οίκεῖος
2781 602 2836 654 δὲ
2863 601 2939 671 τῷ
2967 604 3202 672 ποιμένι,
3229 604 3405 655 πάντα
3436 604 3597 668 λίθον,
3624 604 3658 656 ὃ
3697 604 3766 671 δὴ

2205 684 2435 754 λέγεται,
2467 694 2625 753 κινεῖ,
2662 691 2851 759 μίσους
2873 690 3043 754 λαϐάς
3076 691 3168 744 καὶ
3194 691 3503 751 σκανδάλων
3526 694 3598 761 τῷ
3623 693 3769 760 θείῳ

2205 778 2479 847 ἀνεγεῖραι
2528 782 2796 851 ἀρχιερεῖ.
2846 784 2955 836 Καὶ
3003 783 3214 850 πρῶτον
3265 783 3366 851 μὶν
3410 783 3646 835 τοιοῦτόν
3706 798 3767 833 τι

2204 868 2336 938 δρᾷ”
2367 870 2677 942 Σευηριανῷ
2718 873 2796 941 τῷ
2834 874 3114 943 ὲπισκόπῳ
3150 876 3513 943 προσομιλῶν,
3575 876 3609 945 ἡ
3647 875 3767 928 τινι

2205 960 2312 1012 τῶν
2340 954 2513 1015 ἄλλων
2534 964 2651 1043 ὅσαι
2680 965 2887 1033 ἡμέραι
2914 960 3310 1035 διαλεγόμενός,
3344 966 3502 1034 δῆθεν
3528 969 3592 1035 τῇ
3624 966 3770 1037 πρὸς

2207 1052 2295 1102 τὸν
2333 1051 2591 1121 ἀρχιερέα
2629 1053 2847 1123 θαρρῶν
2883 1057 3186 1126 παρρησίᾳ,
3226 1055 3581 1125 καθεζόμενος
3608 1054 3771 1121 αὐτῷ

2207 1138 2496 1205 διελέγετο.
2543 1136 2643 1193 Οἷα
2685 1142 2741 1193 δὲ
2798 1140 2943 1209 φιλεῖ
2990 1146 3050 1196 ὲν
3094 1148 3205 1205 τοῖς
3250 1142 3529 1207 τοιούτοις,
3567 1144 3625 1194 ὲν
3664 1142 3771 1210 μιᾷ

2210 1247 2339 1282 ποτε
2372 1230 2444 1300 μὴ
2493 1230 2730 1298 ἐνεγκὼν
2760 1232 2826 1284 τά
2853 1232 2950 1301 τῆς
2999 1234 3220 1301 ἀτιμίας
3254 1235 3284 1285 ό
3328 1234 3648 1305 Σευηριανὸς
3696 1234 3770 1301 τῇ

2209 1319 2404 1371 ἑαυτοῦ
2448 1317 2574 1389 ἀξίᾳ
2605 1310 3001 1390 προσχὼνβκαζ
3044 1319 3120 1389 τῷ
3149 1321 3243 1376 τοῦ
3271 1320 3513 1374 διακόνου
3548 1319 3769 1390 βαθμῷ.

2208 1411 2423 1474 λέγεταί
2449 1412 2573 1463 ποτέ
2604 1428 2655 1463 τι
2701 1410 2937 1463 τοιοῦτον
2971 1410 3141 1463 εἰπεῖν
3164 1430 3177 1441 ·
3214 1411 3275 1464 Et
3309 1413 3596 1482 Σαραπίων
3629 1412 3773 1479 Χρι-

2210 1502 2425 1562 στιανὸς
2466 1501 2735 1573 ἀποθάνῃ.
2765 1501 2996 1569 Χριστὸς
3024 1501 3123 1552 οὐκ
3164 1501 3567 1572 ὲνηνθρὼπησε.
3594 1501 3776 1553 Τοῦτο

2209 1594 2448 1656 ἀκούσας
2479 1595 2507 1645 ό
2534 1593 2703 1656 δεινὸς
2728 1594 2951 1655 ἐκεῖνος,
2987 1592 3081 1644 καὶ
3108 1593 3273 1653 πολὺς
3303 1595 3382 1655 είς
3408 1594 3628 1657 κακίαν,
3652 1590 3777 1642 δια-

2210 1684 2392 1753 τεμὼν
2429 1686 2487 1736 es
2514 1684 2605 1737 τοῦ
2630 1682 2814 1748 ἔπους,
2846 1682 3117 1737 διαϐάλλει
3146 1684 3469 1752 Σευηριανὸν
3492 1682 3569 1751 τῷ
3599 1682 3774 1750 ἁγίῳ,

2212 1776 2403 1845 ἐχθρόν
2426 1792 2483 1828 τε
2508 1774 2632 1828 ὂντα
2666 1774 2829 1828 αὐτοῦ
2861 1776 2954 1826 καὶ
2977 1772 3229 1844 Χριστοῦ,
3261 1772 3334 1836 ὡς
3357 1774 3597 1835 είποντα,
3626 1772 3777 1840 Ἄρα

2211 1867 2439 1937 Χριστὸς
2469 1867 2567 1918 οὐκ
2599 1864 3009 1935 ἐνηνορὼπησε,
3036 1860 3314 1934 μάρτυρας
3352 1862 3444 1914 τοῦ
3478 1863 3642 1922 ἔπους
3675 1861 3776 1913 τοῦ

2216 1956 2429 2025 στίφους
2477 1954 2669 2009 ἑαυτοῦ
2711 1952 3160 2023 προϐαλλόμενος.
3185 1953 3251 2005 Τί
3292 1952 3383 2005 οὖν
3412 1952 3517 2005 ἔδει
3548 1952 3779 2019 ποιῆσαι

2212 2047 2301 2099 τὸν
2332 2046 2574 2115 ζηλωτὴν
2600 2047 2802 2097 ἰκετνον
2844 2044 3049 2110 Ἠλίαν,
3072 2044 3116 2094 ὦ
3147 2028 3280 2114 πρὸς
3305 2043 3402 2108 τῆς
3425 2042 3781 2141 δικαιοσύνης

2182 2164 2189 2169 -
2215 2134 2380 2201 αὐτῆς
2411 2125 2663 2199 (δεδόσθω
2694 2131 2802 2200 γὰρ
2839 2132 3008 2193 οὓτως
3032 2122 3213 2183 Δείτιεῖν
3243 2129 3446 2199 μεταξὺ
3474 2122 3780 2182 τῶν’ὲπαί-

2215 2224 2338 2281 νων)
2360 2238 2373 2283 ;
2402 2221 2664 2289 μεοῆνσαι
2683 2220 2796 2289 (sic)
2818 2220 2893 2288 τῷ
2907 2219 3151 2285 ἁπαγγέλ
3161 2236 3283 2286 ματι
3301 2237 3315 2282 ;
3334 2218 3690 2288 διαπιστῆσαι
3710 2219 3783 2270 τὰ

2218 2314 2668 2381 μαρτυρούμενα;
2718 2310 2904 2381 πόρρω
2956 2311 3081 2371 τοὺς
3131 2308 3293 2378 δῆθεν
3342 2310 3481 2377 ὑπὲρ
3534 2309 3781 2379 Χριστοῦ

2217 2400 2506 2464 λαλοῦντας
2552 2398 3177 2469 ἀποδιαπομπήσασθαις
3213 2396 3305 2452 καὶ
3337 2400 3415 2460 τίς
3434 2394 3515 2451 "av
3543 2401 3644 2450 οὐκ
3682 2402 3785 2451 ἐπ’

2216 2492 2533 2560 εστύγνασε,
2592 2492 2698 2545 καὶ.
2735 2491 3121 2561 κατεμέμψατο
3161 2489 3253 2542 τοῦ
3304 2489 3618 2559 ἀρχιερέως,
3681 2489 3785 2541 τοῦ

2215 2583 2385 2636 δεινοῦ
2417 2582 2670 2652 σοφιστοῦ
2707 2581 2816 2634 τῶν
2840 2584 3111 2644 τοιούτων,
3134 2582 3234 2636 κᾶν
3259 2581 3395 2644 τέως
3431 2580 3678 2649 ἠγνοεῖτο
3712 2582 3785 2631 τά

2217 2676 2317 2746 τῆς
2341 2677 2533 2738 κακίας
2561 2674 2638 2745 τῷ
2674 2675 3013 2744 ἀντιστρόφῳ
3043 2652 3137 2727 τοῦ
3177 2672 3469 2741 δράματος,
3500 2672 3785 2738 καταϐοή-

2222 2783 2412 2829 σαντος
2452 2767 2546 2819 τοῦ
2576 2765 2762 2836 κριτοῦ
2799 2767 2892 2818 καὶ
2927 2765 3219 2833 ποιμένος;
3246 2763 3389 2833 Πλὴν
3417 2759 3531 2823 οὗν,
3573 2762 3781 2826 καθὼς

2218 2860 2437 2919 ἀκούω,
2468 2857 2668 2924 κρίνω,
2703 2857 2837 2926 φησι
2878 2853 2956 2925 τῷ
2995 2854 3092 2924 βίῳ
3127 2852 3422 2923 τούτῳκαὶ
3451 2851 3529 2921 τῷ
3564 2854 3788 2920 σαρκίῳ

2222 2949 2300 3000 ἑτι
2331 2945 2519 3015 παρὼν
2548 2946 2577 2996 ό
2601 2947 2867 3013 Χριστόςο
2898 2940 2958 2999 οῦ
2981 2926 3283 3013 ἁλμαθητὴς
3310 2942 3407 3012 τὴν
3434 2942 3615 3012 κρίσιν
3638 2943 3788 2995 ἐνδιο

556 3036 724 3088 vitate
746 3030 963 3100 expellit
990 3026 1367 3088 Severianum,
1396 3034 1455 3078 ut
1495 3025 1588 3092 qui
1618 3022 2121 3091 blasphemavisset.

2224 3055 2317 3089 κον
2354 3037 2549 3088 οὑτωσὶ
2580 3036 2976 3105 ποιησάμενος,
3015 3037 3174 3111 ὲξελᾷ
3201 3035 3300 3105 τῆς
3349 3035 3555 3097 πόλεως
3600 3035 3785 3103 Σευη-

555 3125 728 3190 Quem
754 3137 899 3184 οιιιιι,
932 3135 1052 3189 quae
1081 3127 1212 3172 tunc
1241 3116 1542 3186 imperabat
1577 3115 1717 3182 (erat
1736 3121 1914 3167 autem
1936 3110 2125 3164 Eudo-

560 3213 698 3281 xia),
718 3213 830 3266 haec
843 3210 1137 3265 audivisset
1160 3223 1280 3263 esse
1298 3219 1540 3275 passum,
1561 3203 1754 3258 tollens
1771 3203 1934 3255 ﬁlium
1955 3199 2125 3254 Theo-

556 3302 773 3371 dosium
792 3302 946 3370 plane
961 3296 1432 3357 adhuclnfantem,
1462 3308 1586 3348 eum
1614 3292 1765 3363 ponit
1791 3297 1917 3346 ante
1949 3290 2122 3344 sancti
2168 3332 2171 3335 .

559 3395 744 3467 pedes,
803 3402 857 3448 et
900 3392 1149 3462 plurimis
1196 3390 1388 3443 adacto
1439 3385 1792 3442 sacramentis
1838 3381 2128 3453 persuadet

562 3485 832 3559 pontiﬁci,
865 3493 921 3539 ut
955 3498 1077 3536 cum
1108 3481 1401 3535 Severiano
1432 3480 1577 3532 ineat
1606 3476 1923 3529 amicitiam.
1960 3472 2126 3529 Seveu

568 3580 761 3632 riauus
785 3591 913 3629 vero
932 3573 1224 3627 amicitiam
1250 3568 1466 3639 quidem
1498 3569 1740 3627 simulat,
1766 3565 1998 3619 bt-lluatn
2030 3581 2124 3617 au—

567 3680 673 3722 tem
709 3660 1115 3720 inimicitiarum
1157 3662 1277 3727 agni
1317 3659 1454 3727 pelle
1486 3657 1745 3721 contegit,
1776 3664 1828 3706 et
1854 3655 2124 3710 adversus

571 3765 842 3827 pastorem
869 3753 1009 3805 facta
1052 3749 1475 3819 conspiratione,
1504 3759 1611 3798 non
1638 3744 1780 3797 leves
1801 3742 1940 3810 apud
1957 3755 2128 3811 popu-

568 3850 679 3901 lum
707 3843 966 3913 dispergit
985 3842 1312 3900 calumnias,
1337 3840 1404 3894 de
1429 3836 1671 3913 omnium
1699 3847 1885 3886 amore
1911 3832 1965 3885 in
1989 3847 2124 3901 pon-

568 3937 768 3993 tiﬁcem
825 3935 1053 3987 moliens
1100 3932 1392 4004 plurimum
1457 3925 1759 3981 detrahere.
1811 3922 1903 3977 ille
1948 3931 2128 3975 autem

565 4024 868 4083 calumnias
893 4025 1132 4094 quidem,
1161 4036 1282 4090 qua:
1304 4024 1357 4073 in
1389 4033 1512 4071 eum
1542 4016 1911 4079 struebantur,
1937 4027 2123 4082 parum

568 4128 661 4174 aut
707 4118 842 4172 nihil
877 4117 1098 4171 Omnino
1136 4113 1358 4166 curabat
1392 4126 1407 4175 ;
1450 4110 1590 4162 fama
1623 4095 1757 4162 vero
1807 4119 1917 4159 suae
1948 4103 2002 4157 in
2044 4103 2129 4155 ηε-

2228 3120 2428 3194 ριανὸῖ),
2470 3125 2543 3185 ὡς
2572 3125 2733 3192 δῆθεν
2760 3123 3238 3194 βλασφημήσαντα.
3273 3127 3369 3179 ’ον
3411 3126 3449 3193 ἡ
3481 3124 3789 3193 τηνικαῦτα

2228 3213 2498 3284 κρατοῦσα
2552 3214 2795 3284 (Εὺδοξία
2832 3214 2887 3265 δὲ
2932 3210 3045 3283 ἢν),
3072 3214 3360 3281 διαγνοῦσα
3401 3217 3622 3269 τοιαῦτα
3685 3233 3792 3267 πα-

2228 3304 2405 3366 θόντα,
2454 3303 2700 3371 ἀραμένη
2743 3303 2832 3353 τὸν
2864 3301 2977 3355 υἱὸν
3018 3300 3293 3382 Θεοδόσιον
3339 3306 3531 3372 κομιδῇ
3584 3307 3791 3375 νηπιά-

2228 3397 2406 3460 ζοντα,
2431 3393 2524 3447 τοῦ
2565 3392 2716 3460 ἁγίου
2760 3394 2870 3452 τοῖς
2898 3391 3080 3459 γόνασι
3120 3392 3308 3460 τίθησι,
3346 3394 3439 3444 καὶ
3468 3394 3654 3462 ὅρκοις
3704 3400 3789 3448 ὅτι

2229 3487 2499 3547 πλείστοις
2532 3483 2706 3537 πείθει
2750 3481 2840 3535 τὸν
2864 3482 3121 3552 ἀρχιερέα
3153 3480 3395 3550 φιλιάσαι
3438 3483 3572 3552 πρὸς
3598 3484 3792 3550 ῖευη-

2231 3575 2431 3647 ριανόν.
2475 3574 2533 3625 '0
2565 3573 2622 3627 δὲ
2663 3570 2985 3640 Σευηριανὸς
3029 3569 3125 3639 τὴν
3177 3572 3273 3639 μὲν
3311 3570 3491 3636 φιλίαν
3524 3571 3795 3645 ὑποκορί-

2231 3669 2398 3731 ζεται,
2432 3666 2491 3719 τὸ
2517 3667 2574 3720 δὲ
2605 3665 2791 3737 θηρίον
2818 3665 2916 3735 τῆς
2951 3663 3146 3734 ἔχθρας
3185 3662 3275 3716 τοῦ
3305 3663 3474 3731 ἀμνοῦ
3500 3660 3576 3733 τῷ
3604 3665 3795 3733 κωδίῳ

2231 3758 2621 3827 περικαλύπτει
2647 3774 2659 3788 ·
2692 3758 2786 3810 καὶ
2817 3756 3047 3826 φατρίαν
3081 3755 3487 3824 συστησάμενος
3524 3754 3665 3805 κατά
3691 3754 3791 3805 τοῦ

2220 3848 2505 3916 ποιμένος,
2539 3847 2598 3898 οὐ
2631 3845 2725 3908 τὰς
2750 3846 3017 3914 τυχούσας
3040 3843 3288 3904 διαϐολὰς
3314 3841 3391 3912 τῷ
3431 3841 3585 3911 δήμῳ
3619 3842 3793 3907 ἔγκα-

2226 3920 2545 4004 τασπείρέι,
2589 3936 2685 4002 τῆς
2742 3934 2877 4004 πρὸς
2920 3935 3008 3986 τὸν
3060 3935 3318 4003 ἀρχιερέα
3361 3932 3513 4000 παρὰ
3566 3931 3795 3983 πάντων

2232 4026 2448 4093 ἀγάπης
2480 4024 2539 4077 τὸ
2573 4023 2735 4075 πλέον
2771 4016 3092 4091 ὑποτέμνειν
3123 4022 3597 4091 ὲκμηχανώμενος.
3636 4022 3700 4073 ’0
3730 4019 3795 4069 δὲ

2231 4112 2339 4163 τῶν
2365 4112 2463 4179 μὲν
2490 4113 2609 4162 κατ’
2637 4109 2802 4162 αὑτοῦ
2830 4109 3088 4161 διαϐολῶν
3113 4111 3277 4178 μικρὰ
3300 4108 3407 4161 οὐδ’
3434 4109 3568 4170 ὅλως
3594 4096 3793 4175 ἐφρόνο

448 4196 451 4201 λ
534 4202 736 4271 cendo
772 4209 955 4277 glorias
996 4213 1051 4260 et
1102 4203 1324 4256 alterius
1380 4200 1649 4262 utilitatis,
1722 4196 2004 4259 eciebat,
2064 4200 2121 4248 ut

2231 4201 2375 4263 τιςεο
2400 4202 2465 4267 τῇ
2512 4198 2565 4249 δὲ
2614 4199 2739 4266 περὶ
2771 4196 2928 4248 αὐτόν
2960 4198 3114 4266 φήμῃ
3142 4197 3241 4265 τῆς
3277 4196 3370 4249 τοῦ
3417 4197 3573 4263 λόγου
3621 4196 3789 4264 δόξης

570 4306 697 4351 tota)
720 4298 970 4348 civitates
998 4302 1050 4345 et
1074 4291 1263 4344 insula.-
1279 4291 1606 4344 conlluerent
1636 4299 1690 4343 et
1746 4288 2119 4342 convenirent.

2232 4290 2323 4341 καὶ
2367 4289 2463 4355 τῆς
2506 4284 2668 4352 ἄλλης
2717 4284 3001 4347 ὠφελείας,
3053 4283 3235 4344 πόλεις
3262 4284 3387 4345 ὅλας
3431 4285 3529 4336 καὶ
3585 4287 3793 4355 νήσους

570 4384 705 4441 Nam
744 4399 843 4439 nec
877 4381 1063 4436 Romae
1088 4380 1303 4449 quidem
1350 4396 1574 4450 magnus
1622 4380 1909 4448 episcopus
1968 4375 2121 4428 Inno-

2232 4378 2528 4445 συνεισρεῖν
2559 4373 2730 4425 ἐποίει
2758 4372 2852 4423 καὶ
2882 4372 3344 4440 συνεισέρχεσθαι.
3375 4375 3510 4426 Οὐδὲ
3541 4376 3649 4445 γάρ
3679 4376 3794 4427 οὐδ’

476 4484 477 4487 “
576 4476 807 4537 centius,
844 4481 965 4527 erat
1004 4469 1270 4524 bonorum
1308 4470 1427 4537 ejus
1468 4471 1686 4536 ignarus
1722 4485 1736 4533 ;
1782 4468 1875 4520 sed
1907 4481 2029 4518 eum
2074 4465 2121 4516 in

2229 4475 2258 4524 ὀ
2304 4470 2522 4537 Ῥώμης
2589 4464 2759 4531 μέγας
2812 4461 3146 4521 Ἰννοκέντιος
3202 4463 3425 4531 ἄμοιρος
3464 4466 3591 4515 ’τῶν
3661 4469 3794 4517 τού-

579 4583 772 4638 magna
812 4563 1047 4619 habebat
1087 4560 1481 4615 existimatione
1513 4561 1575 4612 ad
1609 4550 1729 4621 eum
1770 4557 2015 4611 scribens
2046 4553 2131 4605 lit-

578 4636 725 4713 teras
752 4664 808 4711 et
837 4654 1073 4707 vicissim
1111 4651 1400 4719 accipiens.
1526 4636 1529 4639 ἢ

2230 4582 2321 4635 του
2383 4558 2597 4617 καλῶν,
2656 4554 2769 4606 ἀλλ’
2836 4554 2892 4605 ὲν
2956 4551 3166 4622 μεγάλῃ
3240 4550 3403 4620 μοίρᾳ
3469 4553 3569 4620 τὴν
3619 4554 3793 4605 αὑτοῦ

2232 4650 2496 4721 ἀποδοχὴν
2545 4648 2798 4705 ἐποιεῖτο,
2836 4643 3060 4711 γράφων
3120 4640 3269 4709 αὐτῷ
3316 4641 3408 4692 καὶ
3458 4642 3795 4712 ἀντιγραφά-

648 4858 736 4914 i5.
763 4852 899 4908 Volo
926 4837 1200 4923 paululum
1223 4848 1499 4906 immorari
1524 4849 1833 4917 injucunda
1861 4849 2130 4900 narratio—

579 4967 669 5018 ne,
713 4946 984 5019 quomodo
1030 4924 1249 4999 Pamus,
1297 4937 1388 5005 qui
1421 4944 1503 4990 est
1527 4947 1581 4989 et
1607 4947 1782 5005 mysta
1809 4945 1862 4990 et
1890 4936 2133 4990 eruditur

581 5053 904 5099 arcanorum
949 5031 1357 5104 mysteriorum,
1392 5027 1697 5096 pontiﬁcem
1741 5026 2035 5080 initiaverit
2081 5024 2135 5075 in

585 5128 879 5202 mysteriis.
910 5123 1044 5179 Cum
1073 5120 1286 5173 divinas
1316 5116 1435 5183 ejus
1460 5115 1719 5183 epistolas
1753 5129 1936 5167 earum
1970 5114 2139 5167 inter—

582 5200 706 5294 pres
724 5228 777 5272 et
801 5211 1078 5283 eapositor
1102 5212 1458 5276 percurreret,
1485 5211 1622 5263 erat,
1648 5208 1704 5252 ut
1721 5209 1803 5253 est
1827 5200 2139 5263 verisimile,

583 5288 745 5366 dubia
776 5315 830 5361 et
874 5312 1139 5372 suspensa
1169 5293 1491 5367 cogitatione
1513 5330 1528 5356 ,
1566 5291 1753 5343 dicens
1781 5306 1794 5340 :
1842 5288 1974 5353 Quis
2015 5290 2138 5349 scit,

584 5417 653 5455 an
672 5399 781 5452 Deo
796 5404 949 5466 grata
968 5404 1085 5457 mea
1102 5387 1173 5442 sit
1188 5382 1595 5453 interpretatio?
1622 5381 1741 5457 Haec
1774 5380 2036 5466 cogitans,
2059 5392 2145 5429 ro-

587 5491 744 5561 gabat
762 5462 823 5541 ut
838 5486 905 5540 de
920 5498 981 5539 ea
1010 5497 1067 5536 re
1087 5494 1117 5532 a
1140 5477 1248 5532 Deo
1273 5477 1423 5529 ﬁeret
1441 5474 1655 5545 certi0r,
1682 5470 1821 5539 quod
1851 5462 2011 5522 etiam
2039 5466 2144 5519 cito

587 5556 692 5633 hoc
723 5570 883 5631 modo
915 5575 1114 5627 factum
1152 5579 1232 5623 est
1259 5563 1489 5632 Quidam
1519 5578 1581 5615 ex
1614 5562 1678 5614 iis
1712 5560 1800 5627 qui
1837 5556 2144 5625 imperatori

590 5674 747 5725 erant
800 5660 1210 5718 familiarissimi
1239 5700 1254 5725 ,
1283 5692 1291 5707 ι
1316 5652 1535 5710 offendit
1587 5653 1962 5717 imperatorem
1989 5683 2005 5709 ,
2036 5645 2130 5713 qui

670 5754 714 5788 ⁸ο
746 5752 903 5809 Joan.
938 5768 989 5820 v,
1017 5752 1085 5805 50

2286 4758 2419 4803 ενος.

2241 4762 2396 4879 μἰζῗῖ
2432 4824 2695 4893 Βούλομαι
2728 4822 2788 4873 δὲ
2821 4818 3013 4890 μικρὸν
3052 4817 3319 4885 ἐπισχεῖν,
3342 4815 3435 4866 τοῦ
3464 4817 3668 4882 μύστου
3694 4819 3797 4870 καὶ

2239 4918 2550 4988 μυστηρίων
2578 4917 2684 4967 τῶν
2712 4914 2966 4984 ἀρρήτων
2996 4907 3206 4960 Παύλου
3237 4909 3299 4973 τῇ
3347 4906 3477 4975 πρὸς
3512 4908 3601 4960 τὸν
3652 4910 3796 4978 ἀρχ-

2240 5009 2386 5076 ιερέα
2434 5008 2629 5077 μυήσει
2677 5003 2754 5071 τῷ
2783 5002 2927 5070 λόγῳ
2957 4997 3405 5065 κατατρυφήσων.
3448 4996 3645 5049 Τούτου
3692 5003 3797 5056 τὰς

2239 5097 2384 5159 θείας
2428 5094 2710 5154 ἐπιστολάς
2754 5093 2782 5143 ό
2826 5090 3031 5142 τούτων
3079 5084 3347 5154 ἑρμηνεὺς
3382 5087 3472 5137 καὶ
3519 5087 3796 5156 ἐξηγητὴς

2239 5188 2599 5257 διερχόμενος,
2631 5186 2705 5248 ὡς
2734 5185 2898 5244 είκὸς,
2949 5178 3288 5239 ὲταλάντευε,
3323 5168 3525 5242 λ’έγων·
3554 5177 3648 5238 Τίς
3684 5179 3798 5243 ἄρα

2242 5275 2395 5345 οἶδεν,
2428 5280 2475 5329 εἰ
2503 5278 2704 5346 ἀρεστὰ
2733 5274 2810 5341 τῷ
2837 5272 2954 5341 Θεῷ
2992 5271 3091 5338 τῆς
3125 5267 3265 5336 ὲμῆς
3309 5268 3642 5337 ἑρμηνείαςς
3680 5268 3798 5318 Καὶ

2242 5366 2409 5418 ταῦτα
2440 5363 2814 5430 διανοούμενος
2856 5360 3025 5411 ἐδεῖτο
3066 5356 3216 5414 θείας
3254 5354 3397 5413 τινὸς
3429 5355 3558 5423 περὶ
3599 5353 3795 5405 τούτου

2244 5438 2645 5528 πληροφορίαςί
2679 5455 2746 5522 ἢν
2776 5452 2837 5518 δὴ
2868 5450 2970 5501 καὶ
2998 5447 3263 5515 λαμϐάνει
3292 5445 3495 5528 ταχέως
3523 5444 3670 5495 τόνδε
3702 5444 3801 5494 τὸν

2244 5550 2456 5619 τρόπον·
2508 5547 2625 5599 Τῶν
2669 5542 3014 5594 οἰκειοτάτων
3053 5555 3135 5601 τις
3183 5536 3277 5590 τοῦ
3326 5535 3589 5604 βασιλέως
3622 5550 3800 5601 προσ-

2236 5643 2420 5711 κρούει
2448 5640 2523 5709 τῷ
2551 5635 2771 5707 βασιλεῖ,
2799 5634 2891 5687 καὶ
2923 5634 3146 5687 θάνατον
3180 5629 3481 5682 ἀπειλεῖται
3503 5644 3519 5659 ·
3556 5627 3651 5679 καὶ
3674 5627 3799 5677 δια-
