3998 6312
463 332 571 396 295

1606 362 1611 369 η
1676 324 1945 386 LEONIS
1984 322 2440 387 PHILOSOPHI

3574 320 3682 383 291i

471 458 541 495 ne
571 438 774 509 peccati
796 448 957 508 opera
985 434 1219 508 amplius
1245 433 1457 501 vivant,
1486 434 1612 488 dum
1655 432 1708 487 in
1743 432 1898 487 nobis
1927 431 2019 501 ju-
2050 439 2095 496 Α
2123 431 2499 502 comparavit,
2550 431 2623 487 ita
2670 429 2836 486 etiam
2882 446 2982 489 nos
3027 443 3183 501 aequo
3231 428 3464 485 ferentes
3495 432 3683 484 animo

471 529 633 584 stitia
681 527 910 584 vixerint
948 541 1132 599 opera.
1188 524 1645 605 Misericordiam,
1699 523 1931 601 fratres,
1973 530 2027 576 et
2080 514 2084 523 ’

474 618 861 673 humanitatem
887 598 1199 687 diligamus,
1227 598 1339 670 hiee
1365 615 1506 670 enim
1528 623 1612 670 est
1639 613 1762 669 vitae
1786 598 2029 669 ctelestis

439 708 804 781 oaggregatio,
834 716 888 762 et
916 721 1012 763 eos
1050 706 1141 777 qui
1167 708 1343 777 ipsam
1375 705 1633 777 diligunt,
1674 706 1799 761 licet
1829 705 1939 761 sint
1974 704 2028 758 in

471 814 656 865 carne,
683 799 935 854 cmlestes
964 796 1129 853 cllieit
1155 815 1167 851 :
1191 795 1628 867 quandoquidem
1657 796 1821 849 etiam
1852 794 2031 867 ipsum

471 891 749 946 cmlestem
769 887 936 944 Deum
961 890 1017 942 in
1037 902 1203 943 carne
1229 885 1343 941 ﬁeri
1376 888 1490 955 ipsa
1516 884 1712 948 cll‘ecit,
1740 893 1790 939 ct
1816 898 1877 937 ea
1911 896 2034 952 quae

474 980 613 1034 inter
643 994 704 1035 se
736 979 1004 1033 immenso
1028 974 1249 1031 distanh
1274 976 1476 1044 spatio,
1510 974 1562 1028 in
1598 988 1767 1027 unum
1801 971 2034 1041 conjun-

473 1070 572 1124 xit.
606 1065 928 1131 Volutemus
959 1067 1141 1120 animo
1169 1073 1433 1133 quantum
1490 1062 1708 1117 intersit
1764 1062 1905 1115 inter
1937 1060 2033 1114 luti

477 1170 717 1212 massam
748 1162 803 1208 et
835 1154 1077 1222 ligulttm.
1120 1151 1262 1216 Quid
1297 1150 1464 1220 igitur
1490 1148 1728 1225 .ﬁgultts,
1773 1156 1829 1200 ut
1874 1146 2036 1200 faciat

478 1260 575 1302 vas
597 1244 729 1300 utile
755 1244 822 1297 ad
840 1241 1058 1312 aliquod
1083 1240 1469 1305 ministerium,
1506 1239 1738 1308 suscipit
1767 1237 1865 1292 ltiti
1892 1251 2035 1293 mas-

476 1347 619 1399 sam,
643 1340 699 1387 et
718 1331 891 1386 lutum
920 1330 1099 1400 ipsum
1126 1344 1237 1415 pou
1270 1328 1530 1397 suscipiet
1560 1328 1817 1396 scipsutn,
1850 1333 1905 1382 ct
1952 1341 2038 1382 se-

481 1425 657 1493 ipsum
690 1419 978 1490 abnegahit
1010 1419 1033 1474 ?
1062 1413 1143 1472 At
1169 1416 1441 1488 quomodo
1489 1416 1603 1470 ﬁeri
1643 1430 1803 1471 secus
1845 1413 2041 1485 poterit

481 1532 579 1572 vas
620 1504 919 1585 congruum
981 1514 1046 1568 ad
1093 1512 1312 1581 aliquod
1364 1510 1752 1571 ministerium,
1789 1510 1893 1565 nisi
1944 1523 2039 1578 per

485 1622 679 1662 manus
711 1605 857 1677 ﬁguli
889 1604 1126 1674 accipiat
1166 1601 1599 1659 benedictionem
1633 1601 1657 1654 ?
1688 1599 1842 1655 Tunc
1870 1602 2037 1665 enim,

487 1707 545 1754 ut
570 1712 635 1754 ex
678 1709 743 1751 eo
775 1693 977 1764 aliquid
1010 1693 1281 1749 formetur
1306 1693 1436 1747 utile
1468 1698 1553 1746 est
1595 1690 1793 1752 lutum,
1821 1687 2038 1758 quando

2133 520 2437 577 adinvicem
2474 522 2766 593 opprobria
2791 530 2847 578 et
2877 520 3250 587 contumelias,
3275 520 3499 590 gloriam
3523 518 3683 573 nobis

2128 624 2530 682 comparemus,
2580 612 2814 668 salutem
2863 611 3166 668 consecuti.
3201 607 3412 680 Typum
3445 609 3587 663 enim
3627 616 3685 661 et

2129 701 2407 771 exemplar
2461 701 2701 771 seipsum
2759 701 2935 761 nobis.
2971 701 3061 756 ille
3099 698 3362 763 tradidit,
3408 698 3684 767 quomodo

2130 801 2383 863 oporteat
2405 810 2564 866 Opem
2591 797 2733 853 ferre
2757 806 2812 855 et
2840 797 3119 868 suscipere
3142 794 3463 857 imbecillos,
3494 791 3584 863 qui
3614 789 3686 844 ad

2132 882 2316 937 intima
2367 892 2569 940 nostra;
2624 884 3015 941 imbecillitatis
3070 899 3193 941 cum
3253 879 3683 943 descendisset,

2133 973 2226 1042 qui
2253 984 2336 1028 est
2366 989 2530 1045 supra
2548 989 2737 1032 omnes
2764 974 3027 1032 calorum
3056 976 3306 1036 virtutes,
3326 971 3482 1029 nihili
3503 969 3691 1039 pendit

2134 1063 2315 1118 omnia
2358 1064 2726 1131 incommoda,
2768 1080 2894 1121 cum
2927 1067 3077 1121 nullo
3108 1076 3268 1137 pacto
3300 1066 3455 1120 aliter
3478 1076 3579 1119 nos
3602 1062 3691 1115 in-

2136 1151 2322 1208 ﬁrmos
2351 1155 2531 1207 sanari
2560 1153 2825 1209 licuisset.
2853 1154 2948 1209 llla
2980 1166 3250 1211 sectemur
3276 1154 3490 1209 Domini
3517 1150 3690 1206 vesti-

2136 1242 2246 1312 gia,
2285 1257 2379 1313 per
2411 1242 2871 1312 longanimitatem
2895 1256 2997 1298 nos
3027 1245 3178 1312 ipsos
3209 1244 3440 1299 humiles
3462 1240 3695 1297 redden-

2137 1342 2244 1397 tes,
2277 1342 2333 1389 et
2363 1333 2591 1387 aliorum
2622 1331 2866 1389 defectus
2887 1334 2943 1386 in
2977 1332 3260 1387 charltatis
3287 1333 3512 1388 victoria
3536 1345 3696 1399 aquo

2140 1424 2379 1481 ferentes
2407 1409 2615 1489 animo;
2638 1439 2748 1478 non
2776 1423 3096 1489 irascentes,
3124 1423 3215 1477 scd
3246 1423 3424 1492 potius
3460 1435 3557 1492 pro
3584 1422 3695 1475 illis

2142 1525 2407 1572 orantes:
2460 1515 2903 1587 quandoquidem
2944 1515 3109 1572 etiam
3148 1512 3399 1567 Christus
3446 1526 3543 1580 pro
3585 1511 3696 1565 illis

2142 1607 2335 1663 orabat
2368 1608 2461 1676 qui
2486 1621 2611 1662 eum
2645 1606 2701 1661 in
2734 1621 2900 1662 cruce
2925 1619 3023 1676 pro
3047 1619 3145 1659 sua
3178 1602 3469 1672 fragilitate
3495 1601 3699 1655 allicie-
3777 1636 3785 1647 .

2143 1694 2274 1750 bant
2312 1695 2512 1765 injuria
2555 1714 2569 1750 ε
2607 1709 2715 1750 non
2745 1692 3323 1765 enim'cognoscebaut
3362 1703 3535 1761 neque
3565 1688 3700 1760 quid

483 1790 570 1849 est
601 1787 739 1843 bene
766 1760 1091 1856 dispositum
1135 1783 1201 1838 ad
1234 1782 1380 1854 ﬁguli
1425 1782 1776 1835 voluntatem.
1833 1774 2041 1833 Efﬁcia-

2152 1760 2384 1841 l'acerent
2432 1784 2825 1856 iutelligebant,
2856 1792 2911 1840 et
2956 1760 3061 1839 hac
3107 1784 3174 1838 de
3195 1797 3357 1839 causa
3403 1760 3526 1837 eum
3567 1795 3703 1835 con-

484 1889 606 1931 mur
647 1874 1020 1957 itaqugetiam
1050 1886 1153 1953 nos
1180 1872 1316 1926 bene
1347 1868 1623 1940 dispositi,
1660 1879 1852 1922 exacta
1892 1866 2041 1922 vide-

484 1967 611 2023 licet
659 1973 714 2021 ct
766 1963 1005 2035 perfecta
1056 1978 1178 2018 cum
1237 1963 1401 2033 ﬁgulo
1428 1961 1649 2024 unione,
1682 1965 1736 2013 et
1780 1973 1847 2014 ex
1898 1957 2041 2013 bono

485 2056 692 2113 semine
731 2055 932 2109 bonum
980 2053 1214 2107 fructum
1257 2050 1566 2116 aderamus,
1607 2048 2041 2105 misericordiam

484 2146 734 2201 videlicet
764 2153 819 2201 et
845 2143 1190 2198 clementiam
1221 2158 1236 2207 ;
1268 2155 1367 2195 nec
1393 2155 1423 2194 a
1450 2140 1596 2195 bono
1628 2132 1839 2195 semine
1866 2138 2041 2192 malus

487 2237 700 2292 fructus
737 2235 985 2308 oriatur,
1038 2239 1094 2287 et
1139 2231 1281 2285 vitis-
1310 2227 1378 2283 ad
1411 2229 1648 2284 laetitiam
1697 2229 1941 2296 plantata
1988 2228 2044 2281 in

489 2326 910 2392 amaritudinem
949 2329 1324 2385 convertantur,
1368 2334 1492 2375 cum
1541 2329 1686 2376 recte
1733 2319 2045 2375 noverimus

487 2418 633 2490 quod
679 2416 889 2471 fructus
931 2413 1019 2469 ille
1041 2413 1132 2484 qui
1172 2410 1398 2468 ttun'cst
1434 2410 1638 2481 proprii
1680 2410 1903 2467 seminis
1933 2424 2048 2480 ger-

487 2524 705 2574 manus,
739 2498 1167 2562 benedictionem
1200 2518 1304 2558 non
1334 2502 1561 2568 obtinet,
1590 2502 1683 2557 sed
1710 2500 2047 2555 maledictio-
2089 2517 2097 2524 ·

489 2594 634 2663 nem,
656 2604 718 2653 et
761 2595 998 2651 laborem
1031 2593 1280 2665 agricola:
1308 2592 1555 2649 inutilem
1585 2590 1779 2657 reddit,
1813 2599 1866 2643 ct
1897 2603 2045 2658 spem

490 2687 774 2744 lctitiarin
819 2685 1131 2741 maestitiam
1163 2683 1242 2737 illi
1277 2676 1564 2753 convertit.
1600 2681 1675 2734 Ex
1710 2680 1853 2734 bono
1881 2679 2046 2749 igitur

488 2777 697 2834 semine
747 2774 983 2826 fructum
1026 2770 1302 2826 diversum
1342 2778 1398 2824 et
1427 2769 1663 2822 alienum
1710 2782 1817 2821 non
1851 2766 2045 2820 all'cra-

491 2881 634 2929 mus,
665 2878 733 2920 ne
776 2861 1091 2917 mcestitiam
1129 2860 1382 2929 agricola:
1421 2848 1860 2929 prmbcamus,'ct
1891 2856 2049 2909 ntale-

495 2954 747 3010 tlictionis
823 2949 1143 3031 sententiam
1214 2949 1575 3002 incurramus.
1661 2946 1767 3000 Sed
1848 2946 2046 3001 bonum

2144 1884 2432 1932 cusserunt
2463 1876 2555 1945 qui
2605 1884 2768 1931 terrae
2815 1874 3166 1929 fundamenta
3209 1880 3504 1929 concutere
3538 1871 3702 1927 solet.

2144 1965 2199 2020 Id
2246 1968 2409 2022 etiam
2442 1966 2599 2023 nobis
2628 1967 2948 2030 declaravit,
2985 1982 3090 2021 non
3121 1966 3295 2021 solum
3335 1981 3397 2019 ea
3450 1965 3704 2035 longani-

2145 2058 2328 2113 mitate
2383 2072 2489 2127 qua
2537 2057 2843 2128 perferebat
2890 2058 3147 2127 injurias,
3189 2072 3375 2111 verum
3417 2058 3580 2112 etiam
3630 2072 3703 2111 ex

2145 2157 2333 2202 nostra
2361 2147 2417 2201 in
2442 2159 2629 2210 carne,
2660 2160 2823 2217 quam
2854 2149 3170 2215 assumpsit,
3202 2147 3524 2204 humilitate.

2214 2233 2354 2299 Quid
2397 2235 2541 2288 enim
2589 2236 2751 2289 vilius
2804 2234 3183 2302 corruptione,
3224 2250 3389 2304 quam
3430 2234 3707 2304 caroipsa
3802 2232 3805 2235 ’

2148 2323 2480 2379 hmreditatis
2524 2324 2647 2378 loco
2698 2322 2950 2377 obtinet?
2981 2320 3341 2377 Nihilominus
3376 2322 3556 2376 nullus
3597 2324 3710 2375 ira-

2145 2415 2318 2469 scitur
2377 2412 2820 2490 itnbccilli‘parti
2883 2414 3167 2482 corporis.
3232 2411 3328 2467 sed
3379 2410 3709 2479 compat'tur

2147 2504 2325 2573 potius
2356 2503 2452 2565 illi,
2483 2501 2627 2557 fovet
2661 2502 2806 2557 illam
2843 2503 2978 2559 etei
3007 2499 3112 2556 fert
3141 2515 3321 2568 opem.
3358 2498 3414 2552 Si
3458 2500 3620 2569 igitur
3648 2500 3707 2552 in

2150 2598 2311 2649 rebus
2338 2607 2459 2665 qua:
2483 2604 2610 2649 sunt
2636 2593 2888 2649 obnoxiae
2918 2591 3255 2663 corruptiOni
3295 2591 3367 2645 ita
3401 2591 3513 2645 ﬁeri
3542 2590 3707 2655 solet,

2148 2691 2351 2750 quanto
2381 2683 2552 2753 magis
2578 2682 2631 2736 in
2664 2681 2749 2737 his
2777 2682 2938 2737 rebus
2962 2697 3081 2752 qua:
3105 2682 3454 2750 corruptione
3477 2688 3667 2734 carent
3689 2680 3705 2733 l

2148 2769 2225 2825 Ne
2256 2782 2477 2842 propter
2500 2772 2837 2842 iniquitatem
2866 2771 3033 2842 iniqui
3058 2770 3270 2837 ﬁamus,
3304 2771 3398 2826 sed
3429 2771 3711 2825 vincamus

2150 2861 2203 2913 in
2244 2861 2639 2924 misericordia,
2686 2871 2745 2916 ut
2784 2860 2893 2917 De’o
2936 2861 3065 2917 facti
3106 2863 3256 2926 boni,
3304 2860 3466 2917 etiam
3499 2876 3600 2917 nos
3638 2863 3716 2915 ab

2148 2960 2214 3000 eo
2243 2946 2555 3035 diligamur.
2584 2948 2768 3020 Neque
2806 2960 3027 3021 propter
3070 2948 3300 3027 aliorum
3339 2950 3711 3007 inﬁrmitatem

492 3057 806 3117 operemur,
830 3042 1049 3096 bonum
1085 3036 1378 3108 agricolam
1414 3052 1522 3107 prae
1552 3036 1726 3091 oculis
1768 3036 2046 3125 habentes,
2074 3065 2117 3125 ρ
2151 3035 2312 3089 etiam
2332 3050 2442 3097 nos
2470 3038 2664 3094 inﬁrmi
2689 3041 3005 3109 reddamur,
3030 3042 3125 3097 sed
3149 3043 3351 3112 potius,
3392 3042 3436 3098 si
3468 3043 3581 3097 tieri
3614 3057 3715 3112 po-

494 3147 672 3204 ncque
718 3131 917 3185 malum
960 3128 1017 3182 iu
1069 3127 1211 3182 bono
1257 3123 1703 3185 admisceamus;
1756 3135 1861 3174 non
1904 3119 2047 3174 cnim

492 3231 577 3279 est
619 3218 977 3283 credendum,
1006 3216 1133 3287 dum
1166 3230 1261 3271 rex
1305 3214 1560 3284 quiescit,
1598 3212 1861 3267 latronem
1896 3223 2047 3264 arma

493 3312 887 3384 depositurum.
920 3307 1030 3364 llac
1053 3307 1219 3379 igitur
1246 3305 1314 3361 dc
1340 3318 1502 3359 causa
1532 3304 1599 3358 ad
1627 3302 1859 3358 nobilem
1884 3300 2050 3370 Regis

494 3406 736 3464 domum,
768 3416 889 3470 quae
917 3414 1020 3455 nos
1047 3398 1151 3475 ipsi
1183 3412 1394 3461 sumus,
1446 3409 1597 3451 arma
1636 3393 1920 3449 homicidae
1961 3407 2052 3447 ca-

499 3484 832 3553 cbdzcmonis
861 3494 1166 3561 irrumpere
1209 3504 1277 3544 ne
1314 3488 1709 3557 permittamus.
1743 3486 1883 3541 Dicit
1906 3486 2050 3540 enim

496 3587 640 3642 Deus
675 3602 688 3640 :
727 3582 1049 3637 lnhabitabo
1084 3580 1227 3633 inter
1264 3580 1412 3646 ipsos
1455 3585 1511 3630 ct
1538 3576 1911 3631 deambulabo.
1944 3576 2054 3629 Ma-

498 3676 582 3730 lus
616 3687 745 3728 vero
789 3669 996 3725 dzemon
1031 3676 1083 3722 et
1129 3664 1396 3720 homicida
1437 3663 1507 3717 ab
1555 3662 1715 3717 initio
1776 3664 2051 3718 hominem

497 3765 626 3820 odio
683 3760 896 3823 habuit,
941 3774 1063 3815 cum
1100 3756 1367 3827 superbus
1400 3757 1482 3811 sit
1519 3765 1571 3810 ct
1629 3752 2004 3824 supplantator
2036 3772 2051 3816 ;

497 3866 549 3909 ct
588 3868 684 3925 per
715 3868 837 3907 etnu
873 3848 1071 3905 invidia
1103 3858 1284 3904 ortum
1316 3847 1527 3909 habuit,
1575 3854 1628 3901 ct
1663 3860 1758 3915 per
1793 3843 2052 3898 invidiam

506 3962 655 4002 tuurs
720 3942 961 4012 regnavit
1020 3943 1073 3995 in
1129 3941 1308 3993 nobis.
1382 3939 1633 3993 Christus
1689 3945 1865 3990 autem
1930 3947 2054 3987 cum

498 4036 735 4093 venisset
788 4043 1077 4104 tyrannum
1123 4030 1303 4097 cjecit,
1339 4046 1446 4098 quo
1481 4033 1653 4098 cjccto
1695 4027 1827 4082 nihil
1867 4039 2055 4079 eorum

503 4129 735 4197 amplius
761 4131 1021 4193 operatur
1048 4136 1167 4188 quae
1198 4128 1354 4173 antea
1381 4121 1432 4173 iu
1460 4122 1575 4189 ipso
1599 4119 1983 4189 opct‘abantnr.

574 4216 857 4283 Quomodo
898 4215 1061 4282 igitur
1086 4212 1456 4280 operahuutur
1480 4212 1685 4281 aliquid
1716 4220 2057 4278 quaecunque

504 4312 826 4375 potestatem
852 4300 1120 4354 habebant
1143 4309 1427 4370 antequam
1445 4309 1498 4369 ty
1512 4319 1521 4352 ι
1537 4315 1713 4353 annus
1734 4295 2059 4365 ejiceretnr?

2124 3134 2290 3209 _test,
2332 3140 2396 3180 ex
2446 3135 2631 3182 nostra
2663 3129 2813 3183 ﬁrma
2854 3133 3166 3187 valetudine
3208 3133 3415 3202 aliquid
3474 3133 3712 3189 infirmis

2151 3214 2466 3287 largiamur,
2507 3230 2566 3271 ut
2602 3217 2678 3271 illi
2710 3227 2994 3284 sanentur,
3039 3234 3139 3273 nec
3182 3222 3412 3289 amplius
3439 3222 3716 3278 claudicet

2152 3308 2244 3378 qui
2276 3307 2503 3363 claudus
2528 3318 2634 3371 est,
2672 3315 2729 3363 et
2751 3309 2957 3365 festuca
2990 3312 3057 3366 ab
3081 3312 3202 3381 ejus
3227 3313 3400 3364 oculis
3429 3328 3717 3370 removea-

2156 3411 2262 3462 tur,
2300 3408 2353 3454 et
2373 3398 2552 3453 videat
2585 3397 2749 3454 lrater
2777 3412 2965 3455 noster
2983 3416 3104 3471 qua:
3127 3401 3267 3456 bona
3290 3408 3418 3455 sunt
3445 3407 3505 3454 ct
3531 3411 3707 3460 recta.

2153 3490 2619 3558 Quemadmodum
2656 3494 2802 3546 enim
2838 3508 2932 3564 pes
2961 3508 3131 3552 sanus
3166 3510 3275 3549 non
3311 3492 3604 3559 claudicat,
3636 3497 3716 3551 ita

2154 3584 2347 3640 oculus
2375 3599 2479 3639 non
2499 3581 2826 3640 allucinatus
2843 3583 3042 3638 videbit
3065 3576 3230 3640 recta.
3250 3582 3347 3637 irae
3362 3582 3521 3637 etiam
3535 3587 3717 3643 omnis

2154 3677 2495 3730 exacerliatio
2523 3675 2698 3730 oritur
2719 3690 2784 3729 es
2816 3675 3153 3731 inﬁrmitate.
3192 3674 3248 3727 Si
3279 3688 3406 3727 vero
3453 3676 3711 3741 corporis

2157 3767 2396 3819 membra
2440 3781 2544 3820 non
2589 3766 2980 3835 percutiemus,
3021 3764 3117 3819 sed
3166 3764 3344 3833 potius
3390 3761 3715 3829 fovebimus,

2158 3870 2258 3908 cur
2293 3871 2416 3909 eum
2445 3858 2538 3925 qui
2571 3858 2865 3913 sccundmn
2897 3855 3151 3926 spiritum
3196 3854 3443 3910 inﬁrmus
3469 3861 3570 3918 est,
3604 3868 3718 3909 non

2159 3945 2560 4014 miserabimur,
2613 3948 2710 4005 sed
2767 3950 2989 4004 vulnera
3029 3948 3212 4016 potius
3248 3945 3572 4015 indigemus,
3611 3962 3721 4001 no-

2159 4042 2327 4088 stram
2354 4039 2743 4092 conscientiam
2778 4038 2980 4107 pariter
3013 4040 3362 4092 vulnerantes
3388 4038 3411 4089 ?
3446 4035 3552 4092 Sed
3583 4037 3717 4092 talia

2160 4122 2338 4178 facere
2364 4142 2470 4179 non
2501 4133 2588 4179 est
2617 4126 2766 4180 illum
2799 4127 3022 4189 imitari,
3056 4127 3147 4195 qui
3182 4142 3274 4195 per
3305 4126 3539 4181 vulnera
3561 4126 3722 4179 devi-

2159 4213 2232 4267 cit
2273 4214 2464 4268 fortem
2506 4215 2728 4267 humani
2766 4217 2979 4283 generis
3026 4217 3257 4276 hostem,
3297 4225 3349 4267 et
3378 4215 3471 4283 qui
3514 4213 3716 4267 debilia

2159 4305 2518 4359 conﬁrmavit.
2548 4303 2749 4357 Sumus
2772 4304 3001 4355 invicem
3028 4302 3269 4382 truetnbra
3297 4320 3311 4355 :
3339 4303 3721 4357 custodiamus

507 4398 565 4452 Si
610 4395 856 4451 videlicet
893 4392 1102 4448 Domini
1151 4395 1429 4449 virtoriam
1477 4394 1686 4448 irritant
1743 4388 2058 4451 reddamus,
2087 4394 2139 4454 Ι)
2167 4402 2447 4466 propterea
2477 4393 2690 4462 mystici
2715 4392 2961 4461 corporis
3001 4392 3386 4462 integritatem,
3422 4406 3490 4445 ne
3515 4392 3719 4461 ιιειοιιη-

501 4498 562 4542 ct
602 4496 887 4557 tyrannum
918 4485 1146 4551 ejectum
1168 4486 1323 4555 quasi
1357 4486 1531 4540 adhuc
1564 4488 1875 4553 regnantem
1913 4478 2059 4533 cola-

509 4594 632 4634 mus
667 4588 720 4631 et
751 4590 1089 4631 veneremur.
1122 4576 1333 4645 Cuiquc
1359 4586 1536 4630 autem
1566 4573 1697 4629 satis
1728 4576 1873 4642 patet
1897 4583 2057 4638 quam

510 4671 583 4726 sit
636 4669 737 4722 hoc
778 4663 1102 4719 damnabile.
1146 4664 1539 4719 Convertamus
1587 4662 1753 4732 igitur
1796 4659 2059 4722 adversus

510 4772 631 4813 eum
665 4767 814 4808 arma
841 4764 960 4820 quae
995 4750 1108 4818 ipse
1148 4755 1287 4804 male
1320 4753 1371 4804 in
1407 4753 1610 4806 malitia
1641 4766 1738 4806 sua
1769 4748 1871 4803 sibi
1903 4760 2059 4818 para-

512 4850 611 4911 vit,
650 4860 770 4900 eum
806 4838 1059 4894 videlicet
1090 4836 1214 4890 odio
1255 4848 1660 4905 prosequentes,
1707 4847 1760 4893 ct
1801 4837 2059 4892 invidiam

512 4944 698 4993 contra
732 4932 907 5000 ipsum
941 4934 1304 4989 assumcntcs,
1347 4926 1777 4994 quandocunque
1807 4927 1921 4995 ipse
1949 4928 2058 4996 jam

516 5027 678 5084 morti
724 5022 1026 5080 destinatus
1066 5030 1289 5072 suarum
1322 5014 1517 5068 virium
1552 5017 1846 5082 periculum
1888 5018 2069 5068 facere

515 5130 705 5177 contra
750 5130 851 5171 nos
902 5108 1139 5165 voluerit
1191 5120 1253 5159 ac
1306 5104 1352 5158 si
1389 5103 1566 5156 adhuc
1602 5104 1822 5157 viveret.
1862 5104 2067 5155 Bonum

520 5226 647 5264 vero
676 5201 960 5263 charitatis
1000 5196 1274 5251 vinculum
1311 5195 1448 5246 inter
1477 5208 1571 5245 nos
1607 5193 1905 5244 adinviccm
1953 5194 2069 5244 sine

518 5300 739 5369 querela
775 5302 1184 5351 conservemus,
1218 5286 1369 5339 illutn
1405 5286 1699 5348 imitantes,
1734 5284 1822 5352 qui
1858 5298 1957 5335 nos
1987 5282 2068 5331 di-

522 5393 673 5455 lexit,
714 5389 1021 5445 Dominum,
1052 5393 1236 5437 etnon
1269 5390 1413 5441 eum,
1446 5378 1534 5446 qui
1565 5393 1663 5430 nos
1694 5384 1773 5429 est
1801 5373 1926 5427 odio
1958 5386 2073 5439 pro-

521 5489 765 5541 sccutus,
825 5475 1125 5530 dzemoncm
1158 5455 1178 5533 ’;
1229 5466 1464 5522 ctsicut
1510 5465 1758 5519 Christus
1811 5460 2072 5513 Dominus

523 5567 838 5637 iniquitates
863 5575 1077 5620 nostras
1100 5561 1213 5631 ipse
1245 5558 1501 5628 portavit,
1524 5565 1598 5617 ct,
1625 5555 1750 5605 dum
1775 5551 1962 5605 dilexit
1980 5566 2078 5605 nos

520 5659 770 5728 indignos
814 5655 936 5710 licet
965 5654 1144 5725 aliquo
1172 5652 1395 5716 honore,
1434 5658 1698 5701 stnmnam
1728 5643 2075 5711 sibigloriam

2160 4498 2282 4540 mus
2312 4483 2711 4553 nosmetipsos:
2738 4483 2920 4537 nullus
2940 4482 3082 4537 enim
3115 4490 3325 4537 suamet
3345 4481 3518 4551 perdit
3544 4494 3722 4535 mem-

2163 4576 2277 4630 bra.
2324 4574 2381 4630 Si
2417 4588 2544 4630 vero
2570 4574 2779 4646 aliquid
2811 4575 3033 4639 amittit,
3083 4576 3185 4630 hoc
3224 4573 3443 4644 quidem
3496 4570 3720 4627 deft-cut

2164 4664 2346 4731 potius
2367 4663 2586 4719 evenire
2622 4665 2779 4729 solet,
2806 4680 2915 4720 non
2949 4673 3129 4721 autem
3154 4679 3403 4721 excessu.

2234 4753 2515 4819 Quomodo
2537 4754 2698 4824 igitur
2724 4770 2823 4809 nos
2843 4756 3094 4811 virtutem
3114 4755 3314 4825 adepti,
3335 4770 3440 4825 qua
3461 4754 3725 4810 excedere

2170 4847 2461 4913 possimus,
2494 4856 2710 4914 propter
2738 4847 2881 4901 illius
2915 4861 3201 4901 excessum
3232 4846 3469 4910 virtutis,
3493 4846 3583 4915 qui
3617 4860 3724 4898 nos

2170 4939 2363 4992 divites
2398 4938 2650 5000 reddidit,
2683 4940 2878 4992 iterum
2906 4942 2959 4994 in
2983 4940 3202 4994 dclcctu
3229 4939 3590 5001 ambulamus,
3611 4952 3725 4990 non

2175 5035 2531 5095 agnoscentes
2574 5028 2795 5084 divitias
2831 5030 3049 5083 virtutis
3095 5040 3294 5083 nostra:
3323 5031 3346 5081 ?
3376 5028 3731 5083 Perliciamus

2122 5175 2130 5182 _
2176 5119 2238 5166 ad
2282 5118 2508 5171 invicem
2548 5135 2667 5187 qurc
2698 5120 2854 5173 nobis
2896 5120 3092 5172 tlcsunt
3135 5119 3187 5171 in
3242 5115 3677 5169 miserationibus
3711 5132 3725 5165 :

2176 5209 2547 5261 custodiamus
2584 5210 2921 5262 harmoniam
2954 5208 3123 5267 illam,
3152 5206 3205 5257 in
3237 5218 3343 5272 qua
3372 5218 3469 5257 nos
3489 5203 3729 5272 Spiritus

2179 5303 2399 5347 sanctus
2416 5295 2506 5348 Dei
2527 5295 2807 5349 constituit
2832 5312 2846 5345 :
2877 5292 3071 5359 singuli
3094 5292 3157 5343 ad
3176 5289 3403 5344 invicem
3425 5294 3733 5347 communi-

2178 5392 2362 5435 cautes
2389 5400 2548 5452 quam
2580 5386 2647 5437 ab
2676 5385 2791 5451 ipso
2819 5380 3098 5435 consecuti
3138 5394 3329 5437 sumus
3368 5382 3640 5445 virtutem,
3671 5394 3733 5436 et

2177 5483 2337 5537 quam
2366 5473 2506 5541 apud
2539 5486 2637 5525 nos
2670 5470 2791 5523 licet
2814 5470 3128 5533 habeamus,
3148 5468 3235 5524 illa
3260 5477 3440 5525 tamen
3473 5470 3574 5538 ipsi
3594 5485 3729 5539 egeo

2182 5576 2339 5625 mus;
2377 5571 2430 5616 et
2462 5578 2556 5631 per
2577 5563 2755 5616 omnia
2782 5560 3111 5632 gloriﬁcetur
3130 5563 3541 5633 eaputomninm
3572 5561 3734 5615 Chri-

2183 5659 2317 5706 stus.
2344 5650 2419 5705 Ne
2449 5652 2643 5720 singuli
2676 5652 2937 5709 nobismet
2963 5652 3093 5722 ipsis
3124 5653 3260 5709 satis
3283 5667 3405 5709 esse
3433 5658 3685 5719 putemus
3714 5665 3734 5714 ;
