3998 6312
323 275 418 333 297

989 275 1266 336 omne
1299 275 1523 335 x1x.-—
1560 227 2044 332 non-Tarenta
2082 245 2180 332 At)
2216 273 2469 333 omnes
2500 273 2832 334 FlDE-LES.

3387 272 3493 336 298

322 383 493 438 mitius
515 383 658 438 enim
690 385 793 439 sibi
819 385 920 456 ipsi
950 387 1218 441 sufﬁciens
1246 395 1362 440 est:
1399 383 1494 439 sed
1533 382 1854 439 sufﬁcientia
1884 387 1932 444 Α
1960 384 2022 438 ad
2041 399 2156 438 eam
2179 400 2300 454 qua:
2326 399 2598 454 nunquam
2622 384 2820 447 deﬁcit,
2843 381 3285 453 tranquillitatem
3317 393 3494 441 trans-

325 482 502 528 nostra
533 489 595 527 ex
634 473 744 531 Deo
772 476 840 529 ad
865 476 1044 530 omnia
1078 476 1345 544 praebetur
1370 474 1582 528 abunde
1617 490 1708 542 per
1741 475 1845 526 lar-

317 566 565 634 gitionem
616 565 936 634 beneplaciti
975 566 1086 640 sui,
1122 578 1229 634 qua
1273 562 1442 631 replet
1483 562 1686 616 omnia.
1740 562 1849 617 Nos

321 656 480 708 etiam
525 655 836 724 aperiamus
874 649 1080 709 viscera
1125 661 1327 716 nostra,
1367 662 1424 706 et
1473 653 1850 722 compatientia

317 754 496 799 nostra
526 744 755 798 fratrum
791 753 1100 799 nostrorum
1140 742 1383 797 flammas
1418 742 1849 811 exstinguamus,

316 844 371 887 ut
427 835 498 888 ita
543 842 785 889 nostrum
848 836 1010 888 etiam
1074 833 1450 902 cxstinguatur
1514 831 1847 888 incendium.

317 922 677 993 Eleemosynis
724 922 865 978 enim
895 923 1186 976 remittitur
1218 930 1520 990 peccatum,
1559 930 1614 976 et
1656 919 1710 974 in
1747 920 1848 974 mi-

313 1011 667 1066 serationibus
716 1025 1014 1081 pauperum
1069 1011 1407 1079 dissipantur
1451 1010 1654 1065 divitiae
1713 1009 1852 1064 male

312 1109 496 1168 parur,
526 1114 617 1168 per
644 1114 766 1154 eum
802 1099 890 1168 qni
933 1099 984 1152 in
1016 1109 1334 1168 paupertate
1365 1099 1431 1153 ad
1475 1100 1723 1154 caelestes
1766 1097 1852 1151 di-

310 1188 459 1242 ritias
481 1201 606 1243 suas
627 1202 724 1242 nos
746 1189 974 1242 vocavit.
1007 1189 1354 1244 Ambulemus
1389 1192 1442 1243 in
1479 1189 1846 1257 simplicitate,

307 1285 357 1328 et
386 1290 489 1328 non
530 1275 584 1329 in
627 1275 753 1331 dolo
786 1284 841 1330 et
877 1277 1160 1345 iniquitate
1193 1275 1315 1332 aliis
1356 1277 1678 1340 invidentes,
1706 1278 1850 1346 quod

309 1367 404 1421 fuit
433 1365 672 1419 omnium
709 1366 975 1420 malorum
1024 1366 1175 1420 radix
1214 1375 1268 1421 et
1311 1367 1488 1436 origo,
1529 1381 1705 1436 neque
1753 1368 1853 1421 iter

307 1466 584 1509 teneamus
613 1455 746 1510 illud
790 1470 884 1524 per
927 1454 1072 1525 quod
1119 1456 1319 1510 malmn
1371 1471 1530 1510 omne
1573 1455 1629 1509 in
1667 1456 1851 1510 orbem

309 1544 563 1599 introivit.
611 1543 668 1598 Si
699 1545 844 1599 enim
875 1553 1154 1612 peceatum
1191 1559 1296 1599 non
1331 1538 1669 1614 deliquisset,
1701 1543 1851 1597 nullo

308 1643 464 1703 pacto
500 1635 635 1690 mala
681 1644 1156 1707 cognoscerentur.
1181 1633 1292 1690 Hac
1317 1633 1382 1690 de
1410 1648 1574 1690 causa
1600 1633 1780 1686 dolum
1799 1639 1853 1686 et

307 1725 639 1796 iniquitatem
669 1725 1003 1787 omittamus,
1031 1726 1290 1795 quoniam
1324 1725 1597 1794 simplices
1619 1733 1672 1777 et
1712 1722 1844 1777 recti

301 1818 594 1886 jungentur
623 1818 753 1870 Deo.
786 1816 850 1871 Et
889 1816 1012 1885 quis
1044 1830 1281 1884 unquam
1309 1817 1505 1885 poterit
1536 1816 1686 1870 illum
1721 1828 1843 1883 per-

307 1916 532 1970 vertere,
557 1906 650 1974 qui
680 1901 922 1958 omnium
949 1913 1167 1972 supcrat
1199 1903 1613 1958 rectitudinem?
1645 1900 1846 1957 Trans-

303 2009 490 2049 eamus
526 1995 690 2048 etiam
733 1997 793 2047 in
827 1993 1052 2062 spiritus
1082 1992 1430 2062 simplicitate
1466 1991 1727 2046 daemonis
1767 1991 1846 2043 la-

304 2098 496 2150 queos,
532 2098 631 2137 nec
655 2082 712 2137 in
745 2082 868 2136 illos
915 2082 1295 2151 impingamus,
1348 2097 1416 2136 ne
1457 2098 1566 2152 quo
1591 2091 1746 2153 pacto
1780 2081 1848 2136 ad

306 2175 574 2244 propriam
617 2188 800 2230 necem
831 2189 1129 2229 serventur.
1165 2173 1224 2226 Si
1257 2173 1382 2242 quis
1414 2174 1556 2226 enim
1604 2172 1850 2243 proximo

304 2279 404 2318 suo
431 2264 771 2318 machinatur
801 2264 963 2328 mala,
987 2264 1233 2333 .seipsum
1269 2263 1365 2316 alit
1390 2262 1458 2316 ad
1497 2262 1639 2316 diem
1683 2262 1848 2317 inter-

305 2358 436 2419 itus,
455 2363 510 2407 et
541 2354 806 2418 carbones
843 2359 1127 2418 coacervat
1161 2352 1228 2406 ad
1257 2351 1490 2420 seipsum
1525 2352 1848 2407 comburen-

300 2445 450 2505 dum,
468 2450 524 2497 et
542 2441 760 2498 sibimet
789 2442 973 2511 spinas
1000 2441 1229 2496 seminat
1249 2450 1308 2493 ut
1324 2440 1378 2493 in
1400 2439 1509 2494 illis
1532 2440 1846 2495 sulfocetur.

303 2533 379 2589 Ne
415 2533 598 2603 itaque
637 2535 822 2602 Spinas
851 2531 1007 2585 nobis
1037 2531 1170 2599 ipsis
1203 2543 1468 2594 seramus,
1503 2544 1564 2581 ca
1606 2529 1852 2583 videlicet

302 2625 564 2679 facientes
589 2623 712 2678 aliis
741 2638 860 2691 qua:
894 2621 1050 2676 nobis
1082 2619 1196 2674 fieri
1228 2619 1501 2674 nolumus.

365 2711 512 2777 Quid
547 2721 726 2766 autem
761 2711 807 2765 si
841 2721 897 2764 tu
926 2710 1092 2763 alium
1133 2708 1440 2778 conspicias
1478 2709 1530 2761 in
1574 2715 1715 2762 terra
1743 2722 1850 2789 sua

301 2803 441 2856 bona
480 2801 686 2857 semina
728 2811 996 2857 serentem
1040 2800 1202 2862 mala,
1245 2809 1462 2869 propter
1488 2814 1609 2854 eum
1652 2792 1850 2852 terram

299 2895 463 2947 etiam
490 2901 638 2946 tuam
687 2894 803 2961 ipse
842 2891 1080 2961 perdes?
1108 2888 1301 2943 Nullus
1335 2891 1388 2944 in
1423 2889 1686 2944 fructibus
1734 2887 1851 2942 istis

291 2983 389 3051 qui
433 2990 856 3050 corrumpuntur
880 3020 895 3044 ,
943 2981 1142 3035 ntalem
1179 2981 1469 3052 agricolam
1513 2980 1759 3033 imitatur
1791 2977 1846 3032 in
1867 3009 1917 3076 ο

303 3073 366 3125 iis
395 3084 517 3138 qua:
554 3069 822 3124 deteriora
858 3076 1025 3134 sunt;
1063 3069 1164 3123 'sed
1210 3069 1392 3138 potius
1428 3068 1712 3138 diligenter
1759 3067 1845 3120 in-

298 3162 505 3215 cmubit
554 3161 768 3214 utDeo
828 3159 1102 3214 fructuum
1156 3162 1397 3230 largitori
1441 3162 1494 3214 in
1528 3162 1710 3216 lautitia
1749 3177 1847 3232 pro

299 3251 539 3321 acceptis
576 3249 843 3305 fructibus
873 3251 1100 3320 gratiam
1141 3249 1359 3304 referat.
1407 3249 1595 3305 Omnis
1639 3252 1846 3306 fructus

300 3357 395 3410 pro
424 3358 534 3411 quo
557 3359 662 3398 non
692 3343 999 3399 referuntur
1020 3344 1354 3415 gratia},'non
1372 3354 1452 3399 est
1473 3345 1540 3397 ab
1563 3346 1680 3412 ipso
1702 3345 1844 3413 agri-

297 3433 414 3485 cola
443 3431 573 3496 Deo,
606 3449 705 3487 nee
729 3443 909 3488 ortum
933 3434 1091 3490 liabet
1120 3450 1150 3487 a
1177 3434 1536 3489 seminationc
1576 3436 1627 3485 in
1659 3433 1846 3486 divino

300 3519 506 3572 lumine
520 3520 684 3582 facta,
702 3520 796 3574 sed
817 3522 998 3589 potius
1022 3521 1088 3573 ab
1105 3518 1316 3572 occulta
1337 3519 1492 3572 nobis
1515 3520 1844 3572 zizaniorum

298 3609 825 3676 superseminatione
848 3625 861 3662 :
882 3616 937 3663 et
967 3608 1069 3660 hac
1095 3608 1161 3661 dc
1184 3621 1348 3661 causa
1380 3618 1621 3674 tempore
1652 3609 1844 3661 messis

297 3695 511 3750 fructus
544 3696 632 3749 ille
666 3695 1066 3750 comburendus
1115 3696 1364 3748 traditur.
1397 3693 1554 3760 Quis,
1600 3695 1841 3762 inquam,

297 3786 517 3840 sibimet
552 3787 726 3854 ignem
763 3784 1010 3838 accendit
1036 3785 1059 3838 ?
1092 3785 1225 3853 .qnis
1255 3798 1391 3854 opus
1413 3798 1569 3837 suum
1598 3783 1662 3834 ad
1693 3783 1844 3836 dolo-

297 3888 411 3927 rem
439 3874 544 3927 sibi
569 3882 742 3941 parat,
764 3883 817 3926 et
850 3887 957 3926 non
982 3873 1047 3925 ad
1074 3873 1518 3940 tranquillitatem
1546 3871 1570 3923 ?
1601 3872 1681 3924 vel
1701 3872 1841 3939 quis,

296 3963 426 4013 dum
473 3974 567 4012 rex
604 3960 802 4026 aliquis
844 3960 1017 4027 ipsum
1067 3959 1131 4011 ad
1173 3961 1408 4027 quietem
1461 3967 1513 4012 et
1561 3960 1841 4026 imperium

299 4048 514 4111 invitat,
543 4048 772 4101 miseria:
787 4062 950 4114 opera
967 4057 1168 4115 quaeret
1193 4046 1214 4098 ?
1242 4046 1528 4117 Fugiamus
1547 4051 1841 4112 miseriam,

294 4149 416 4203 quae
446 4143 529 4189 est
560 4136 612 4187 in
646 4135 748 4188 hoc
769 4140 970 4189 nostro
1000 4135 1210 4187 mortali
1241 4150 1486 4204 corpore,
1524 4135 1648 4189 dum
1673 4136 1841 4205 Spiri-

299 4237 408 4288 tus,
441 4225 536 4294 qni
566 4234 772 4294 regnat,
811 4238 910 4276 nos
941 4224 1128 4277 invitat
1159 4224 1222 4277 ad
1255 4241 1497 4294 regnum.

1951 487 2160 539 eamus,
2213 482 2267 529 et
2310 489 2406 544 per
2443 474 2727 544 penuriam
2771 474 2968 527 divites
3005 472 3320 536 efﬁciamur,
3354 484 3409 529 et
3441 473 3494 528 in

1950 568 2134 622 labore
2168 566 2515 636 quiescamus
2560 579 2578 620 :
2631 563 3082 635 quemadmodum
3128 565 3369 620 Lazarus
3407 566 3498 620 ille

1949 656 2287 727 evangelicus
2315 657 2336 687 ¹
2380 671 2474 727 per
2500 657 2718 716 labores
2750 656 2984 724 quietem
3027 654 3264 729 adeptus
3301 663 3408 720 est,
3443 663 3497 710 et

1951 763 2046 818 per
2089 748 2270 801 ulcera
2308 747 2362 801 in
2404 748 2528 802 sinu
2565 745 2794 809 Abrahae
2833 744 3000 801 foveri
3027 743 3241 798 meruit.
3283 742 3341 798 Si
3374 745 3495 812 quis

1949 845 2078 901 vero
2118 845 2262 887 nunc
2299 832 2515 902 quidem
2557 831 2851 885 infeliciter
2899 831 3028 900 agit,
3064 831 3304 884 futuram
3343 845 3495 886 suam

1951 922 2190 977 lanitiam
2235 922 2524 992 iniquitate
2566 921 2750 992 aliqua
2791 936 2897 975 non
2943 920 3174 975 maculet
3207 936 3222 984 ;
3259 919 3492 975 inveniet

1951 1011 2094 1067 enim
2118 1011 2191 1066 ita
2209 1028 2307 1082 pro
2322 1013 2478 1068 brevi
2506 1012 2690 1066 labore
2711 1023 2762 1067 et
2781 1012 3085 1066 calamitate
3110 1013 3493 1079 sempiternum

1950 1100 2202 1169 gaudium
2225 1110 2277 1156 et
2301 1101 2537 1154 laetitiam
2557 1117 2572 1166 ;
2592 1101 2713 1170 igne
2743 1115 2973 1170 namque
2994 1107 3253 1170 purgatur
3279 1113 3499 1164 aurum,

1951 1201 2005 1244 et
2052 1190 2228 1244 anima
2270 1193 2609 1246 miseriarum
2671 1189 2886 1244 [latnma
2950 1205 3107 1245 suum
3158 1190 3495 1260 splendorem

1953 1279 2291 1349 adipiscitur.
2327 1280 2460 1334 Cum
2505 1279 2804 1350 gratiarum
2859 1280 3073 1335 actione
3121 1295 3398 1349 speremus
3439 1279 3495 1333 in

1951 1383 2074 1424 cum
2105 1370 2194 1438 qui
2225 1369 2332 1425 sibi
2375 1371 2724 1440 complacuit,
2748 1380 2808 1424 ut
2839 1385 2932 1440 per
2971 1367 3397 1424 combustionem
3442 1369 3496 1422 in

1900 1485 1906 1492 -
1951 1475 2117 1516 carne
2155 1461 2446 1530 largiretur
2481 1461 2638 1516 nobls
2681 1461 3078 1529 probationem.
3112 1457 3228 1514 Non
3269 1458 3499 1514 tardabit

1952 1549 2044 1604 diu
2077 1564 2199 1619 spes
2229 1550 2355 1612 ista,
2388 1558 2441 1603 et
2462 1550 2708 1618 adveniet
2742 1551 3162 1618 exspectationis
3191 1557 3427 1620 tempus,
3444 1557 3498 1604 et

1955 1647 2084 1693 tunc
2103 1638 2247 1693 mani
2255 1638 2537 1694 festabitur
2551 1653 2736 1693 eorum
2753 1639 3027 1693 beatitudo
3046 1638 3137 1707 qui
3163 1638 3218 1692 in
3243 1638 3495 1707 patientia

1955 1739 2206 1798 tanquam
2229 1728 2353 1799 igne
2381 1736 2510 1783 sunt
2539 1729 2775 1795 probati:
2804 1742 2904 1782 nec
2930 1729 3035 1783 erit
3062 1727 3292 1796 amplius
3322 1727 3493 1789 labor,

1949 1831 2124 1887 neque
2168 1815 2343 1880 dolor,
2380 1817 2463 1870 vel
2496 1814 2668 1870 fames
2720 1815 2802 1869 vel
2848 1815 3041 1885 frigus,
3086 1817 3179 1870 sed
3207 1814 3414 1878 hetitia,
3441 1822 3495 1868 et

1945 1908 2101 1962 cibus
2129 1906 2393 1969 caelestis,
2413 1912 2470 1961 et
2493 1907 2732 1973 suavitas
2767 1906 3114 1975 sempiterna.
3263 1919 3302 1984 ὀ

2014 1997 2334 2068 Quicunque
2392 2011 2523 2052 vero
2564 2011 2684 2050 cum
2735 1996 3013 2062 temporali
3053 1996 3228 2064 aliqua
3270 1992 3496 2048 delecta«

1949 2094 2096 2146 tione
2136 2089 2413 2144 meliorem
2465 2088 2626 2142 vitam
2668 2086 2809 2140 nacti
2859 2100 3045 2139 smnus
3071 2099 3232 2154 quam
3271 2079 3331 2138 ut
3373 2084 3494 2153 igne

1951 2180 2263 2251 probemur,
2294 2192 2400 2230 non
2434 2185 2717 2246 prepterca
2745 2176 2812 2230 ab
2845 2175 2978 2244 ipsa"
2997 2171 3358 2229 delectatione
3396 2188 3494 2228 nos

1951 2269 2092 2324 vinci
2136 2267 2402 2332 sinamus,
2424 2274 2479 2320 et
2504 2281 2623 2334 quae
2662 2266 2818 2340 nobis
2841 2264 2966 2325 data
2996 2273 3122 2320 sunt
3154 2263 3220 2318 ad
3244 2263 3496 2331 salutem,

1949 2357 2210 2413 faciamus
2227 2365 2283 2410 ut
2301 2356 2530 2412 miseriae
2551 2355 2660 2410 sint
2685 2351 2840 2409 nobis
2862 2353 3084 2409 occasio
3107 2352 3451 2425 sempiterna
3476 2368 3491 2416 ;

1948 2448 2043 2503 sed
2087 2447 2242 2516 quasi
2290 2446 2475 2501 fideles
2532 2445 2805 2516 υττεροεὶιὶ
2850 2443 3046 2500 domus
3073 2483 3091 2511 ,
3144 2446 3494 2501 villieationis

1949 2546 2150 2591 nostrae
2175 2534 2436 2588 rationem
2477 2534 2853 2601 inculpabiiont
2878 2533 3102 2588 reddere
3121 2548 3221 2589 nos
3240 2549 3493 2604 paremus

1950 2627 2030 2680 illi
2063 2626 2158 2694 qui
2182 2638 2301 2678 eam
2333 2622 2490 2676 nobis
2517 2621 2936 2685 commendavit,
2961 2635 3060 2676 nec
3081 2623 3493 2678 comessationi-

1949 2717 2071 2780 bus,
2116 2714 2490 2776 ebrietatibus,
2540 2720 2592 2766 et
2636 2712 2994 2766 immunditiis
3031 2712 3364 2780 voluptatum
3391 2727 3491 2767 nos

1949 2805 2097 2874 ipsos
2139 2802 2430 2858 reddamus
2480 2801 2745 2856 obnoxios
2791 2818 2806 2866 ;
2867 2801 2958 2857 sed
3004 2801 3181 2871 potius
3233 2812 3493 2870 praesente

1951 2894 2206 2949 felicitate
2251 2903 2466 2948 utamur
2501 2892 2566 2945 ad
2599 2892 2894 2960 gratiarum
2936 2891 3199 2947 actionem
3229 2891 3371 2947 illius
3398 2893 3490 2961 qui

1951 2999 2050 3038 nos
2078 2983 2334 3038 discrevit
2370 2983 2423 3037 in
2464 2982 2746 3036 altinnlinc
2782 2981 3091 3052 divitiarum
3129 2995 3372 3047 suarum,
3416 2989 3491 3048 et,

1947 3090 2070 3130 cum
2101 3089 2345 3130 essemus
2385 3089 2451 3131 ex
2498 3074 2684 3127 eadem
2723 3073 2821 3126 ltiti
2853 3082 3053 3137 massa,
3081 3088 3182 3129 nos
3220 3087 3329 3143 prae
3370 3073 3489 3128 aliis

1946 3162 2264 3226 honoravit,
2302 3160 2497 3216 fratres
2541 3171 2759 3216 nostros
2794 3162 2950 3216 nobis
2993 3159 3364 3230 subiiciendo,
3419 3161 3491 3215 ita

1949 3259 2128 3303 tamen
2159 3257 2216 3301 ut
2254 3256 2308 3302 et
2335 3263 2434 3302 nos
2474 3247 2829 3315 subjiciuntur
2876 3249 2928 3301 in
2959 3257 3145 3303 sancta
3185 3249 3488 3302 humilitate

1947 3349 1998 3391 ct
2040 3335 2393 3404 subiectione,
2427 3349 2533 3387 non
2581 3336 2865 3402 imperiose
2906 3343 3189 3406 regnantes
3231 3335 3291 3386 in
3326 3331 3487 3386 animi

1945 3425 2174 3477 elatione
2229 3429 2283 3476 et
2337 3424 2667 3489 arrogantia,
2721 3423 2814 3476 sed
2868 3436 2990 3474 cum
3037 3418 3409 3474 misericordia
3432 3419 3486 3472 in

1945 3511 2245 3564 visceribus
2269 3510 2642 3578 spiritualibus
2667 3510 2787 3563 aliis
2811 3520 3062 3574 tanquam
3095 3509 3218 3562 filiis
3246 3506 3488 3562 imbecil-

1945 3600 2168 3653 lioribus
2197 3608 2450 3668 tanquam
2490 3607 2756 3668 potentes,
2788 3607 2841 3652 et
2868 3613 3054 3650 omnes
3085 3612 3206 3650 cum
3235 3597 3488 3652 omnibus

1946 3687 2367 3742 misericordiam
2402 3696 2743 3748 exercentes,
2788 3695 2845 3739 ut
2876 3688 2976 3738 hoc
3006 3692 3162 3753 pacto
3202 3698 3301 3738 nos
3338 3685 3484 3753 ipsos

1943 3776 2235 3848 lucremur,
2269 3789 2370 3828 nec
2411 3773 2557 3826 illum
2604 3782 2822 3842 propter
2856 3771 3119 3824 mundum
3155 3772 3484 3834 amittamus,

1941 3865 2030 3931 qui
2062 3865 2187 3916 vicit
2219 3863 2475 3916 mundum
2500 3903 2513 3926 ,
2549 3872 2602 3916 ct
2631 3862 2871 3940 beneficii
2907 3863 3026 3915 loco
3047 3861 3193 3930 digni
3224 3861 3350 3916 odio
3387 3861 3482 3914 Ita-

1945 3957 2185 4019 beamur,
2222 3955 2316 4010 sed
2361 3955 2648 4024 diligamur
2677 3955 2874 4024 potius,
2917 3963 3120 4009 etcum
3157 3954 3247 4008 ille
3278 3953 3482 4007 vent-rit

1943 4047 2030 4113 qui
2068 4061 2164 4099 nos
2190 4045 2396 4106 dilexit,
2436 4046 2709 4100 lucremur
2745 4055 2997 4113 praeterea
3034 4058 3131 4113 pro
3167 4043 3252 4098 bis
3281 4043 3484 4096 nostris

1946 4137 2126 4197 rebus,
2176 4150 2295 4204 qua:
2337 4135 2470 4188 nilnil
2513 4143 2660 4198 sunt,
2701 4136 2998 4208 mercedem
3048 4134 3103 4188 in
3156 4132 3322 4205 gloria
3369 4133 3483 4198 Dei,

1944 4227 2029 4280 cui
2064 4228 2179 4280 laus
2210 4234 2262 4278 et
2291 4226 2458 4279 lionor
2491 4225 2542 4278 in
2574 4225 2769 4278 saecula
2805 4218 3147 4278 sicenlorum.
3175 4225 3366 4277 Amen.

368 4315 428 4370 Si
461 4331 591 4371 vero
627 4317 787 4369 etiam
823 4304 1098 4370 molestias
1140 4317 1394 4385 patimur,
1446 4319 1547 4371 hoc
1579 4319 1680 4373 erit
1724 4335 1844 4388 pro-
1881 4335 1922 4387 ι)
2016 4314 2198 4370 Valete
2229 4317 2281 4369 in
2314 4314 2547 4384 Spriritu
2594 4324 2808 4379 sancto,
2845 4312 3213 4382 corruptionis
3255 4314 3484 4371 imbccil-

297 4419 508 4477 pterca,
538 4416 594 4460 ut
624 4401 930 4475 regnemus,
959 4422 1064 4460 non
1100 4417 1157 4460 nt
1185 4408 1488 4462 universam
1519 4410 1680 4463 vitam
1711 4425 1837 4479 aga-

298 4515 418 4555 mus
453 4501 507 4554 in
545 4495 749 4563 deliire,
776 4499 869 4553 sed
903 4510 958 4553 ut
987 4514 1079 4568 per
1117 4499 1478 4554 transitoriam
1509 4501 1834 4570 angustiam,

355 4726 376 4756 ³
413 4721 546 4775 an.
576 4725 678 4773 XVI.

1945 4407 2144 4459 litatem
2189 4401 2458 4474 patientia
2493 4413 2831 4474 superantes,
2872 4402 3479 4475 virtuteincorruptibi.

1942 4497 2107 4553 litatis
2133 4496 2433 4552 confirmati
2457 4504 2510 4552 et
2537 4495 2795 4551 roborati.
2989 4493 3010 4526 ί
3093 4492 3110 4516 ’⁷

3102 4678 3126 4687 -ι
