3998 6312
550 338 658 401 319

1762 329 2032 405 LEONIS
2070 325 2516 388 PHILOSOPHI

3654 326 3761 386 3‘20

552 454 681 510 dicit
713 451 988 506 Zacharite
1030 466 1044 505 :
1077 448 1213 520 Ecce
1253 448 1516 505 annuntio
1546 447 1642 503 tibi
1670 449 1810 518 quod
1845 453 2102 501 nascetur
2131 445 2180 502 A
2208 450 2368 510 quam
2406 442 2666 511 elegerat.
2716 436 2934 507 Accepit
2972 437 3197 491 formam
3251 436 3482 492 hominis
3518 434 3761 492 Ver-bum

552 544 649 599 tibi
696 541 864 597 Filius
897 543 1201 611 przccedens
1256 541 1485 596 Verbum
1518 537 1634 603 Dei,
1678 549 1734 593 et
1762 537 1996 592 Verbum
2034 535 2110 602 ip-

552 634 689 697 sius,
714 634 996 686 vocabitur
1032 646 1227 686 nomen
1258 635 1379 698 ejus
1412 626 1661 684 Messias.
1693 628 1966 695 Quaeritur
1996 640 2026 678 a
2057 634 2111 681 te

550 734 719 789 quare
758 719 894 775 Deus
919 720 1091 774 voluit
1109 709 1320 773 mittere
1349 714 1546 773 Filium
1575 719 1629 773 itt
1664 728 1816 772 utero
1843 716 2106 786 Virginis:

549 810 676 879 quia
700 810 1023 864 benedictus
1052 810 1191 866 Deus
1214 816 1269 864 et
1299 816 1549 864 sanctum
1573 824 1767 863 nomen
1789 808 1931 877 ejus,
1956 790 2111 860 c'rca-

564 898 637 951 rit
669 899 865 951 coelum
908 906 961 951 et
1015 906 1213 951 terram
1248 906 1301 951 et
1327 897 1507 951 omnia
1535 912 1655 965 quae
1687 895 1741 951 in
1770 896 1850 949 eis
1889 904 2034 957 sunt,
2060 900 2113 946 et

558 988 763 1041 creavit
795 988 1016 1058 angelos
1034 1003 1185 1051 suos,
1213 987 1265 1040 in
1294 987 1466 1057 prima
1491 987 1801 1040 conditione.
1831 1000 1927 1039 sua
1958 990 2114 1038 erant

559 1079 612 1133 in
648 1079 877 1133 circuitu
904 1078 1106 1132 'l'hroni
1138 1097 1151 1132 :
1190 1086 1245 1131 ct
1287 1077 1468 1130 subite
1507 1079 1787 1153 ingressus
1818 1084 1899 1129 est
1929 1076 1983 1128 in
2009 1089 2113 1127 una

559 1170 770 1238 legione
795 1167 1131 1237 angelorum,
1156 1172 1337 1218 tumor
1366 1175 1419 1219 et
1446 1166 1727 1234 superbia,
1762 1154 2020 1217 facientes
2054 1178 2115 1219 se

555 1257 666 1310 Deo
698 1256 927 1319 similes,
959 1255 1202 1309 dicentes
1235 1273 1247 1306 ε
1282 1253 1556 1310 Ponamus
1582 1254 1765 1309 sedem
1798 1256 1953 1308 nobis
1975 1255 2119 1309 sicut’

556 1354 639 1403 est
694 1347 850 1401 sedes
888 1346 1003 1407 Dei,
1059 1354 1112 1399 et
1138 1347 1539 1398 circumeamus
1585 1345 1778 1397 cmlum
1810 1357 1863 1399 et
1892 1353 2107 1411 terram,

556 1440 699 1492 sicut
748 1440 802 1490 et‘
858 1436 1019 1490 Deus.
1055 1435 1483 1502 CmnqneDeus
1542 1435 1905 1497 cogitationes
1926 1449 2111 1488 eorum

558 1527 935 1598 cognovisset,
976 1525 1200 1595 projecit
1233 1524 1487 1577 Satanam
1531 1531 1585 1577 et
1617 1538 1827 1577 omnem
1853 1522 2112 1593 legionem

558 1621 751 1687 ipsius,
776 1620 845 1673 de
877 1620 1017 1681 conlo
1051 1617 1117 1670 ad
1172 1626 1394 1679 terram,
1443 1622 1496 1669 et
1533 1604 1656 1668 iacti
1689 1623 1815 1671 sunt
1846 1615 2115 1671 daemones

559 1716 613 1764 et
639 1710 839 1764 inimici
862 1709 1094 1763 filiorum
1111 1705 1259 1761 Adae.
1292 1706 1537 1776 Cumque
1558 1706 1775 1765 iecisset
1794 1707 1932 1762 Deus
1944 1707 2113 1761 Adam

560 1801 838 1857 constituit
867 1815 989 1855 eum
1014 1800 1064 1854 in
1092 1798 1359 1868 paradiso,
1391 1798 1576 1853 dicens
1606 1797 1655 1853 ei
1706 1813 1721 1849 :
1752 1796 1970 1853 Comede
1998 1764 2190 1853 ωηο-Β

559 1893 649 1949 m'a
679 1907 1010 1963 qua'cumque
1034 1891 1295 1955 volneris;
1326 1892 1390 1944 de
1411 1890 1552 1958 !igno
1577 1904 1693 1943 vero
1712 1890 1806 1942 hoc
1834 1888 1974 1959 quod
1993 1906 2117 1958 pro.

559 1985 707 2039 Itibeo
758 1983 869 2047 tibi,
931 1999 995 2037 ne
1034 1981 1301 2046 comedas,
1349 1995 1452 2050 quo
1506 1980 1590 2034 die
1619 1980 1902 2034 comederis
1943 1996 2007 2033 ea:
2034 1995 2115 2043 eo,

560 2084 723 2129 inerte
764 2056 1049 2134 morieris;
1096 2078 1337 2125 tentatus
1380 2084 1511 2124 vero
1548 2082 1577 2122 a
1611 2070 1847 2133 diabolo,
1889 2071 2118 2123 comedit

555 2181 621 2221 cx
655 2179 742 2227 eo,
776 2173 831 2219 et
858 2163 1135 2233 projectus
1154 2169 1238 2215 est
1266 2160 1333 2214 de
1372 2159 1648 2228 paradiso,
1680 2168 1735 2213 et
1784 2157 2120 2213 haereditavit

559 2264 795 2320 mortem
819 2263 874 2307 et
898 2250 1389 2305 contradiCtionem
1410 2259 1464 2304 et
1489 2249 1746 2304 delictum
1778 2249 1832 2302 in
1861 2248 2119 2320 progenie

559 2356 681 2407 sua,
712 2348 835 2411 post
860 2354 1004 2394 eum.
1031 2337 1169 2393 Deus
1198 2351 1329 2390 vero
1356 2338 1544 2391 volens
1572 2337 1782 2406 eripere
1813 2314 2117 2391 creatur-arti

560 2445 715 2485 suam
762 2431 829 2483 de
875 2441 1042 2482 manu
1097 2426 1322 2490 diaboli,
1356 2416 1574 2480 ’direxit
1604 2424 1717 2482 Noe
1767 2428 1832 2479 ad
1863 2427 2119 2497 pepulqu

511 2505 514 2509 ’
562 2532 724 2576 suum
762 2526 820 2572 ut
851 2518 1173 2588 poeniterent
1205 2526 1257 2574 et
1273 2520 1584 2574 recederent
1609 2519 1676 2572 ab
1697 2532 1860 2587 opere
1881 2517 2116 2584 diaboli;

561 2624 799 2679 cumque
833 2609 1068 2666 venisset
1120 2609 1186 2663 ad
1224 2625 1341 2675 eos,
1377 2619 1841 2680 contempserunt,
1871 2619 1926 2666 et
1973 2624 2122 2667 men-

563 2703 906 2759 dacemeum
936 2705 1344 2773 reputavcrunt.
1372 2702 1630 2773 Prtecepit
1657 2704 1820 2773 igitur
1847 2703 1992 2759 Deus
2009 2702 2121 2762 Noe

564 2802 624 2849 ut
656 2796 858 2850 laceret
890 2808 1094 2858 aream,
1124 2804 1177 2849 et
1205 2795 1441 2850 mitteret
1467 2796 1523 2849 in
1572 2810 1634 2849 ea
1665 2795 1733 2849 de
1778 2796 1927 2850 omni
1970 2810 2119 2850 crea-

564 2893 705 2950 tura,
736 2893 788 2939 et
810 2885 1037 2941 immisit
1070 2886 1215 2939 Deus
1245 2885 1529 2939 diluvium.
1564 2885 1749 2953 Aperti
1783 2896 1910 2940 sunt
1940 2885 2120 2941 fontes

566 2974 747 3042 abyssi
776 2981 830 3037 ct
866 2980 1154 3027 cataractae
1180 2973 1330 3037 cteli,
1370 2979 1424 3027 et
1473 2971 1654 3027 cﬂusa:
1704 2983 1832 3027 sunt
1890 2986 2042 3042 aqua:
2069 2981 2123 3026 et

2215 529 2336 594 Dei,
2363 531 2630 587 inducens
2656 544 2873 585 carnem
2914 529 2980 584 de
3006 529 3189 593 Maria,
3236 543 3357 584 cum
3390 530 3564 585 anima
3590 539 3642 583 et
3674 531 3761 584 in-

2209 622 2446 676 tellectu.
2506 622 2782 677 Habitavit
2840 619 3069 676 Verbum
3118 621 3309 690 ipsius,
3356 620 3499 691 quod
3548 630 3669 674 erat
3697 637 3760 674 ex

2212 709 2339 773 Deo,
2376 709 2429 763 in
2486 710 2602 781 ipso
2627 725 2877 780 corpore,
2930 710 3048 764 sine
3077 710 3423 779 Separatione
3444 709 3512 763 ab
3548 710 3670 779 ipso
3708 710 3764 761 in

2212 808 2547 871 perpetuum.
2578 799 2638 856 Si
2662 815 2766 853 non
2790 808 2933 855 esset
2967 801 3139 870 ipsum
3169 814 3368 870 corpus
3400 799 3541 870 quod
3567 800 3765 854 indue-

2214 900 2319 956 rat,
2378 907 2536 947 nemo
2586 902 2772 962 posset
2831 892 3018 948 videre
3053 891 3287 947 Verbum
3320 890 3449 945 Dei:
3491 893 3632 946 sicut
3665 903 3762 945 net

2212 981 2422 1051 Moyses
2471 981 2708 1037 Verbum
2747 981 2839 1038 Dei
2893 982 3080 1038 videre
3130 982 3323 1052 potuit.
3377 980 3481 1036 Sed
3536 982 3769 1037 veniens

2214 1064 2448 1130 Verbum
2476 1074 2591 1140 Dei,
2625 1075 2798 1130 induit
2826 1089 3025 1144 corpus
3053 1075 3119 1129 de
3150 1074 3336 1138 Maria,
3372 1080 3426 1128 ct
3457 1074 3655 1144 eripuit
3679 1089 3772 1143 po-

2213 1164 2400 1232 pulum
2422 1164 2613 1230 ;suum
2643 1162 2708 1217 dc
2746 1171 3014 1234 potestate
3035 1162 3235 1219 diaboli
3268 1179 3283 1217 :
3314 1163 3546 1219 Verbum
3579 1162 3782 1230 utique.

2217 1250 2350 1306 illud
2408 1252 2552 1323 quod
2586 1250 2753 1305 Maria
2792 1263 3129 1323 susceperat.
3181 1252 3301 1323 Ipse
3332 1258 3417 1307 est
3458 1251 3613 1320 cujus
3667 1265 3773 1304 no-

2216 1358 2336 1397 men
2369 1351 2450 1396 est
2483 1341 2707 1401 Messias
2728 1348 2780 1395 et
2809 1339 2974 1408 Deus,
3010 1341 3157 1412 quod
3182 1349 3319 1406 erat,
3351 1349 3635 1409 antequam
3662 1353 3775 1393 an-

2217 1433 2494 1486 nuntiatio
2528 1432 2728 1487 veniret
2789 1432 2853 1487 ad
2890 1431 3134 1497 Mariam,
3198 1423 3252 1485 et
3281 1446 3481 1501 corpus
3532 1439 3778 1485 sumeret

2216 1521 2283 1576 de
2337 1516 2503 1575 Maria
2535 1539 2549 1575 :
2585 1530 2637 1577 ct
2687 1522 2801 1592 ipse
2832 1530 2915 1577 est
2951 1522 3110 1584 Deus,
3160 1529 3214 1576 et
3254 1521 3369 1576 haec
3398 1531 3481 1577 cst
3507 1521 3681 1593 caligo
3718 1521 3777 1575 in

2218 1612 2369 1667 vobis
2399 1620 2458 1666 ut
2488 1629 2595 1668 non
2626 1613 2962 1682 intelligatis.

2283 1694 2483 1758 lternft'i
2509 1702 2641 1759 mihi
2672 1702 2943 1773 scripsisti
2969 1702 3193 1758 dicens:
3222 1701 3357 1769 Quia
3384 1702 3583 1757 dixerit
3612 1700 3779 1770 ,Mls-

2217 1808 2310 1850 sus
2340 1809 2460 1849 sum
2517 1793 2583 1848 ad
2611 1809 2729 1858 vos,
2787 1800 2842 1849 et
2869 1792 3187 1857 comederit,
3228 1801 3283 1849 et
3311 1792 3531 1853 biberit,
3563 1799 3617 1846 et
3640 1792 3781 1844 don-

2216 1886 2419 1942 micrit.
2476 1884 2581 1942 Sed
2643 1900 2789 1941 nunc
2844 1886 2940 1940 tibi
2968 1883 3251 1941 ostendam
3300 1882 3445 1954 quod
3476 1881 3781 1937 iuChristo

2218 1976 2422 2033 fuerint
2448 1976 2569 2033 duae
2601 1976 2965 2047 operationes,
3010 1982 3065 2032 et
3109 1974 3228 2031 dua:
3259 1973 3563 2030 locutiones
3594 1990 3606 2026 :
3639 1987 3779 2036 una,

2217 2065 2404 2134 Verbi,
2451 2076 2506 2122 et
2529 2068 2653 2133 alia,
2685 2069 2929 2138 corporis
2961 2066 3107 2136 quod
3138 2074 3455 2137 susceperat
3489 2065 3555 2120 de
3579 2063 3779 2117 Maria.

2218 2158 2332 2215 Hoc
2363 2168 2448 2216 est
2482 2176 2682 2231 corpus
2714 2161 3035 2231 perfectum,
3061 2159 3297 2214 animam
3331 2158 3542 2212 habens
3582 2162 3635 2211 et
3681 2153 3781 2207 iu-

2221 2251 2517 2310 tellectum.
2568 2251 2826 2321 Operatio
2861 2249 3023 2304 Verbi
3077 2256 3162 2325 est
3191 2247 3412 2318 quando
3451 2262 3573 2303 cum
3614 2242 3787 2299 Patre

2218 2348 2410 2397 cuncta
2450 2344 2654 2397 creavit
2701 2359 2716 2396 :
2757 2348 2811 2396 et
2868 2353 3091 2395 manens
3157 2341 3213 2393 in
3268 2352 3517 2406 corpore,
3552 2346 3785 2406 peccata

2219 2434 2549 2499 dimittebat,
2576 2442 2631 2489 et
2674 2440 2931 2489 mortuos
2973 2431 3293 2497 suscitabat,
3324 2439 3378 2485 et
3408 2438 3600 2484 castera
3641 2429 3785 2481 talia

2226 2523 2481 2581 faciebat.
2519 2522 2627 2581 Vos
2653 2532 2852 2588 autem,
2876 2520 3245 2593 relinquentes
3268 2534 3431 2589 opera
3462 2514 3644 2581 Verbi,
3684 2529 3791 2569 se-

2220 2616 2453 2685 quimini
2505 2630 2667 2686 opera
2714 2615 2896 2670 carnis
2948 2620 3111 2684 quam
3156 2610 3450 2681 assumpsit
3477 2606 3543 2663 de
3580 2604 3786 2671 Maria,

2222 2723 2340 2778 quae
2375 2706 2475 2761 l‘uit
2502 2708 2566 2761 de
2595 2705 2765 2760 Adam
2802 2722 2817 2760 :
2845 2712 2901 2761 et
2930 2705 3052 2760 ideo
3094 2701 3273 2758 dicitis
3299 2699 3445 2770 quod
3472 2697 3666 2754 similis
3702 2697 3789 2752 sit

2223 2790 2475 2847 Christus
2537 2791 2687 2859 Adae,
2723 2788 2870 2866 quod
2913 2785 3227 2843 comedebat
3258 2795 3312 2842 et
3339 2784 3637 2842 dormiebat
3674 2799 3688 2836 :
3723 2791 3792 2837 et

2223 2885 2325 2939 iste
2347 2892 2431 2938 est
2455 2897 2634 2938 sermo
2656 2896 2845 2938 eorum
2870 2882 2964 2952 qui
2986 2877 3090 2935 non
3120 2878 3427 2948 intelligunt
3455 2876 3520 2931 de
3536 2875 3788 2935 Christo.

2224 2986 2401 3042 neque
2423 2978 2842 3042 perscrutantur
2871 2971 3041 3040 legem
3076 2965 3193 3025 Dei.
3243 2969 3311 3024 Et
3343 2967 3637 3024 secundum
3684 2983 3794 3020 vc-

567 3064 871 3131 consumpti
904 3072 1033 3117 sunt
1071 3056 1382 3116 h’abitautes
1410 3068 1633 3123 terram,
1667 3070 1721 3115 et
1766 3078 1927 3116 omne
1975 3052 2118 3131 quod
2146 3102 2191 3158 Β
2226 3071 2396 3114 strum
2418 3076 2662 3125 sensum,
2700 3058 2871 3117 Judaei
2905 3058 3267 3133 intelligentes
3299 3061 3363 3117 de
3384 3059 3621 3138 Christo,
3656 3073 3793 3129 per-

571 3161 819 3226 movetur
848 3167 1011 3220 super
1044 3165 1187 3214 eam,
1217 3161 1441 3220 excepto
1478 3147 1590 3205 Noe
1636 3153 1728 3221 qui
1760 3152 1857 3205 fuit
1892 3151 1943 3205 in
1974 3166 2118 3214 arca,

568 3249 623 3293 et
645 3252 812 3294 uxore
839 3237 977 3304 ejus,
1014 3246 1071 3292 et
1094 3239 1268 3294 tribus
1298 3238 1427 3294 [iliis
1458 3240 1576 3309 ejus
1599 3249 1653 3293 et
1696 3240 1958 3301 uxoribus
1990 3239 2126 3292 tilio-

574 3344 692 3383 rum
731 3328 871 3399 ejus.
923 3326 1055 3384 Post
1082 3328 1216 3396 haec,
1266 3330 1525 3385 misertus
1558 3330 1697 3385 Deus
1726 3346 1889 3401 super
1921 3345 1982 3385 ea
2008 3314 2139 3400 quis
2181 3314 2192 3325 ⁷

574 3421 794 3487 fecerat,
846 3420 1105 3491 praecepit
1160 3421 1318 3491 aquis
1388 3427 1446 3475 ut
1521 3426 1926 3477 reverterentur
1993 3436 2007 3472 :
2073 3425 2128 3475 et

569 3508 775 3578 egressi
809 3519 934 3564 sunt
975 3509 1042 3564 de
1072 3523 1221 3573 arca,
1256 3508 1502 3575 homines
1547 3516 1601 3563 et
1633 3510 1878 3578 jumenta
1918 3525 1932 3562 :
1960 3507 2127 3577 bene-

570 3592 812 3671 diiitque
840 3598 948 3654 illis
986 3598 1152 3663 Deus.
1188 3608 1242 3653 et
1274 3598 1410 3654 dixit
1447 3618 1462 3654 :
1499 3598 1746 3668 Crescite,
1774 3611 1824 3655 et
1865 3601 2124 3671 multipli-

570 3668 782 3753 camini,
800 3700 851 3744 et
880 3690 1067 3757 replete
1090 3698 1305 3743 terram.
1333 3690 1546 3751 Postea,
1584 3668 1883 3746 homincsti
1915 3668 2129 3749 diabolo

572 3775 783 3839 tentati,
834 3774 1414 3845 feceruntsculptiles
1468 3778 1620 3843 deos,
1654 3780 1945 3835 adorantes
2010 3797 2124 3848 eos,

574 3866 714 3920 sicut
740 3861 906 3918 Deum
937 3865 1027 3934 qui
1060 3880 1153 3920 eos
1184 3865 1406 3921 fecerat.
1432 3864 1495 3920 Et
1525 3867 1711 3924 volens
1744 3868 1885 3924 Deus
1914 3870 2128 3940 eripere

574 3953 696 4007 illos
735 3955 803 4007 de
856 3969 1016 4007 manu
1071 3954 1271 4009 diaboli
1325 3958 1415 4026 qui
1474 3972 1568 4012 eos
1604 3948 1959 4028 perverterat,
2001 3972 2126 4013 mox

574 4045 858 4101 descendit
885 4046 937 4098 in
969 4046 1207 4116 potentia
1231 4061 1393 4115 super
1423 4057 1658 4101 montem
1680 4048 1860 4116 Sinai;
1892 4058 1946 4103 et
1975 4048 2127 4102 locu-

576 4144 663 4190 tus
714 4149 874 4190 servo
908 4150 1009 4189 suo
1038 4133 1230 4203 Moysi,
1261 4134 1407 4189 dedit
1455 4138 1502 4187 ei
1528 4136 1719 4204 legem,
1760 4138 1967 4206 eligens
1990 4137 2128 4192 ﬁlios

580 4224 745 4277 Israel
774 4224 841 4276 de
868 4223 1013 4275 omni
1041 4221 1212 4288 plebe.
1244 4218 1397 4272 Tunc
1430 4221 1519 4272 lilii
1547 4219 1715 4274 lsrael
1742 4222 2127 4290 derelinquen-

577 4316 659 4362 tes
683 4322 805 4375 qua:
830 4306 1057 4358 dederat
1081 4304 1225 4356 Deus
1250 4303 1438 4373 Moysi,
1468 4304 1709 4358 fecerunt
1736 4307 1840 4359 sibi
1859 4308 2129 4376 sculptile,

2226 3157 2520 3216 sequentes
2553 3156 2607 3201 et
2639 3150 3183 3218 comprehendentes,
3216 3165 3337 3204 eum
3367 3148 3791 3224 erucilixerunt.

2226 3238 2473 3290 dicentes
2502 3237 2848 3305 blasphemia:
2876 3239 3038 3291 verba
3056 3240 3121 3292 ad
3150 3236 3370 3293 Mariam
3388 3235 3613 3293 Matrem
3633 3234 3789 3306 ejus,

2225 3326 2313 3378 cui
2378 3325 2553 3395 pudor
2602 3323 2871 3378 castitatis
2917 3324 3112 3377 inerat.
3162 3324 3361 3378 lterum
3421 3322 3576 3392 dicis,
3608 3340 3795 3393 quare

2234 3413 2527 3469 adoremus
2571 3412 2853 3467 Christum
2911 3410 3147 3466 Verbum
3191 3409 3305 3467 Dei.
3367 3411 3635 3482 Numquid
3667 3428 3792 3468 non

2226 3505 2498 3562 invenitur
2531 3505 2586 3560 in
2620 3504 2742 3575 lege
2764 3502 2858 3558 Dei
2887 3502 3032 3574 quod
3063 3503 3155 3558 lilii
3191 3502 3351 3556 Israel
3416 3502 3795 3556 adorat-erunt

2227 3615 2408 3655 arcam
2462 3612 2623 3669 quam
2659 3602 2989 3667 praeceperat
3020 3595 3161 3650 Deus
3183 3592 3352 3664 Moysi
3376 3593 3575 3657 facere,
3614 3600 3668 3645 et
3694 3601 3792 3644 ta-

2232 3707 2351 3746 men
2379 3706 2487 3746 non
2514 3690 2817 3746 adorabant
2855 3702 2954 3742 nec
2980 3685 3290 3743 serviebant
3308 3698 3446 3739 arcte
3470 3697 3570 3738 nec
3596 3683 3746 3752 ligno
3773 3701 3789 3737 :

2229 3781 2322 3837 sed
2349 3780 2650 3835 adorabant
2682 3790 2735 3833 et
2754 3777 3066 3835 serviebant
3112 3775 3213 3847 legi
3244 3784 3297 3829 et
3323 3774 3487 3829 verbo
3502 3772 3599 3847 Dei
3634 3772 3794 3841 quod

2231 3879 2345 3923 erat
2379 3870 2432 3922 in
2461 3881 2612 3933 arca,
2631 3876 2683 3923 et
2708 3876 2885 3921 tamen
2916 3881 3024 3925 non
3043 3864 3112 3920 ob
3126 3864 3229 3920 hoc
3249 3861 3581 3917 erantalieni
3604 3876 3633 3915 a
3651 3862 3792 3929 Deo,

2228 3972 2329 4013 nec
2362 3952 2573 4013 duobus
2593 3957 2699 4014 diis
2714 3957 2966 4013 ‘servisse
2992 3956 3371 4028 iudicabantur
3392 3951 3416 4010 ?
3434 3953 3671 4007 Rursum
3694 3952 3795 4006 di-

2230 4051 2309 4107 cis
2338 4053 2483 4121 quod
2532 4052 2587 4105 in
2649 4050 2764 4119 lege
2833 4058 3010 4105 vestra
3096 4042 3423 4111 inveniatur,
3474 4046 3617 4118 quod
3640 4044 3799 4101 Deus

2229 4144 2482 4216 praecepit
2512 4142 2717 4213 angelis
2736 4143 2849 4195 suis
2878 4142 3103 4195 adorare
3127 4140 3319 4195 Adam.
3344 4139 3498 4206 Quod
3524 4139 3571 4195 si
3604 4139 3680 4192 ita
3700 4146 3798 4193 est

2229 4232 2587 4291 credendum,
2619 4228 2748 4299 quid
2775 4229 3052 4283 existimas
3088 4228 3155 4283 de
3184 4224 3386 4290 Verbo,
3420 4229 3563 4297 quod
3601 4229 3797 4283 uomi-

2234 4330 2424 4375 natum
2483 4327 2567 4372 est
2600 4318 2871 4373 Messias?
2906 4317 3157 4386 Nunquid
3182 4328 3259 4373 cst
3290 4319 3483 4373 melius
3504 4332 3624 4372 eum
3652 4321 3801 4373 ado-

579 4395 873 4449 adorantes
907 4393 1034 4445 illud
1066 4393 1224 4461 quasi
1254 4392 1421 4446 Deum
1441 4394 1623 4449 vivum
1660 4410 1673 4448 :
1709 4406 1761 4449 et
1812 4397 1994 4450 statim
2028 4399 2130 4450 im-
2156 4415 2200 4470 ι)
2232 4422 2376 4471 mre,
2422 4420 2584 4476 quam
2637 4412 2845 4474 petram
2898 4402 3118 4458 surdam
3158 4419 3316 4473 quam
3377 4406 3635 4471 adoratis.
3694 4410 3796 4464 ubi

582 4483 730 4539 misit
761 4483 842 4538 eis
871 4490 1173 4551 serpentes.
1208 4489 1262 4536 et
1278 4485 1615 4556 consumpsit
1639 4494 1845 4555 partem
1876 4502 1939 4542 ex
1972 4486 2051 4542 eis
2074 4496 2129 4541 et

584 4577 837 4629 misertus
896 4583 975 4627 est
1012 4572 1112 4625 eis.
1151 4570 1280 4627 item
1312 4577 1537 4630 tcutatio
1592 4591 1621 4628 a
1651 4572 1866 4631 diabolo
1909 4577 2133 4633 immisit

580 4666 781 4736 ignem,
810 4671 863 4717 et
884 4664 1223 4730 consumpsit
1268 4679 1331 4717 ex
1363 4665 1445 4722 eis
1475 4666 1895 4730 multitudinem,
1930 4676 1983 4722 et
2032 4671 2133 4724 mi-

594 4763 794 4819 sertus,
858 4753 993 4806 iram
1049 4752 1117 4805 ab
1170 4754 1250 4807 eis
1276 4758 1523 4811 removit.
1567 4754 1696 4812 Item
1746 4757 1988 4815 fecerunt
2029 4760 2130 4816 sibi

586 4844 750 4909 idola,
812 4843 1101 4896 adorantes
1158 4842 1247 4895 illa
1290 4853 1349 4898 ut
1400 4845 1586 4909 Deum,
1624 4848 1961 4907 immolantes
1995 4852 2132 4909 ﬁlios

582 4953 710 4993 suos
731 4944 785 4990 et
804 4934 939 4988 tilias
961 4947 1089 4987 suas
1110 4934 1404 4988 daemoniis.
1430 4934 1720 4992 Suscitavit
1741 4938 1880 4995 Deus
1904 4945 2133 5013 prophe-

585 5039 667 5084 tas
719 5033 1089 5081 contestantes
1133 5037 1226 5078 eos
1252 5033 1310 5078 ut
1348 5027 1684 5095 poeniterent,
1715 5040 1768 5086 et
1801 5046 2131 5090 reverterat-

584 5131 672 5174 tur
697 5120 761 5171 ad
796 5118 989 5181 Deutu,
1028 5124 1079 5170 et
1112 5113 1424 5170 recederent
1449 5132 1478 5169 a
1509 5117 1726 5174 diabolo
1755 5137 1767 5172 :
1802 5135 2133 5193 negaverunt

583 5218 637 5265 et
662 5208 950 5283 mendaces
980 5204 1366 5269 eosdixerunt,
1400 5213 1453 5260 et
1484 5207 1747 5275 quosdam
1778 5224 1843 5263 ex
1878 5212 2011 5280 ipsis
2042 5229 2135 5267 oc-

584 5288 851 5357 ciderunt.
903 5297 1147 5368 Cumque
1193 5295 1417 5352 vidisset
1449 5295 1590 5353 Deus
1614 5299 1761 5366 quod
1819 5301 2134 5368 praevaluis-

588 5400 670 5446 set
700 5390 944 5445 diabolus
966 5390 1020 5445 in
1049 5389 1149 5451 cis.
1182 5403 1247 5443 ex
1270 5401 1374 5456 quo
1396 5386 1572 5444 factus
1602 5399 1686 5443 est
1724 5388 1891 5443 Adam
1933 5396 1986 5441 et
2028 5392 2137 5457 eje-

590 5490 709 5536 ctus
732 5495 809 5539 est
836 5498 867 5539 a
898 5482 1171 5553 paradiso.
1202 5489 1258 5536 ct
1282 5481 1426 5550 quod
1449 5481 1742 5549 prephetas
1766 5481 1857 5550 qui
1880 5491 2137 5536 venerant

592 5570 658 5621 ad
703 5584 827 5634 eos,
853 5572 1187 5641 occiderant,
1220 5571 1408 5626 volens
1436 5585 1530 5625 cos
1555 5571 1766 5637 eripere
1809 5586 1837 5622 τι
1874 5580 2137 5638 potestate

592 5656 798 5727 antiqui
855 5660 1047 5726 hostis,
1106 5661 1255 5717 misit
1312 5658 1546 5715 Verbum
1600 5673 1756 5711 suum
1806 5659 1870 5715 ad
1906 5660 2133 5717 Mariam

2245 4496 2458 4550 scimus
2492 4492 2695 4562 aliquid
2725 4493 3055 4548 remansisse
3082 4494 3148 4548 de
3182 4494 3481 4549 idololatria
3538 4498 3624 4551 illa
3679 4512 3795 4567 qua

2236 4581 2537 4637 adorabant
2564 4578 2898 4648 Jaob,‘Jaoc,
2932 4579 3159 4644 Nazara,
3191 4592 3242 4638 et
3262 4583 3409 4639 Allae
3465 4593 3520 4638 ct
3551 4585 3797 4655 Allogei,

2231 4681 2285 4729 et
2320 4673 2513 4729 Mena?
2548 4672 2777 4739 Quidam
2831 4687 2896 4726 cx
2927 4673 3006 4726 eis
3051 4682 3206 4726 erant
3238 4673 3311 4727 dii
3337 4675 3389 4728 iu
3431 4668 3798 4731 similitudine

2230 4767 2501 4828 virorum,
2528 4764 2771 4835 qumdam
2819 4762 2872 4817 in
2899 4762 3250 4817 similitudine
3278 4762 3639 4820 feminarum!
3677 4766 3801 4820 Ma-

2230 4856 2379 4925 jorcs
2409 4855 2962 4920 horum_dicehantur
2997 4844 3250 4921 Aleubre,
3312 4857 3455 4911 unde
3502 4865 3557 4910 et
3604 4873 3799 4912 sermo

2238 4950 2341 5001 iste
2366 4947 2664 5009 derivatur,
2710 4938 3019 5011 Alacuiber,
3053 4926 3193 5004 inter
3220 4962 3315 5003 vos
3342 4948 3683 5003 immolantes
3708 4952 3799 5003 eis

2233 5054 2427 5107 pecora
2455 5047 2510 5093 et
2540 5039 2776 5093 camelos
2801 5039 2855 5093 in
2885 5054 2991 5094 uno
3008 5039 3228 5111 die,pro
3249 5056 3573 5112 unoquoque
3602 5056 3795 5095 arino:

2238 5139 2293 5184 et
2325 5130 2498 5184 secuti
2533 5129 2664 5183 estis
2690 5130 3133 5183 consuetudinem
3156 5146 3484 5201 paganorum
3512 5146 3678 5203 super
3710 5133 3797 5184 la-

2238 5221 2362 5288 pide
2404 5219 2606 5284 illo,-in
2640 5217 2850 5282 Mecha,
2888 5220 2940 5271 in
2972 5221 3169 5288 angulo
3196 5220 3389 5277 domus
3412 5224 3581 5290 ipsius
3617 5221 3801 5274 idolo-

2245 5306 2437 5372 latriae,
2464 5306 2551 5360 cui
2585 5302 2857 5361 serviebat
2886 5307 3185 5374 antiquitas
3215 5322 3564 5376 paganorum,
3595 5318 3648 5360 et
3686 5308 3803 5360 im-

2244 5397 2498 5450 molabat.
2554 5394 2752 5451 lterum
2802 5395 2961 5458 dicis,
3024 5396 3167 5463 quod
3226 5394 3386 5449 simul
3437 5404 3563 5448 ante
3614 5394 3801 5449 Deum

2246 5484 2499 5540 Christus
2535 5488 2607 5542 sit
2636 5496 2691 5541 et
2721 5486 2887 5541 Adam
2921 5503 2934 5541 :
2963 5495 3014 5540 ct
3044 5486 3243 5556 ponitis
3274 5485 3535 5539 facturam
3562 5484 3628 5539 dc
3648 5485 3800 5549 luto,

2242 5590 2361 5642 qua:
2415 5578 2746 5630 contradixit
2792 5578 2900 5633 Deo
2947 5590 3065 5640 suo,
3111 5585 3165 5630 et
3188 5592 3296 5630 non
3330 5576 3621 5647 custodivit
3652 5590 3807 5646 pra--

2249 5675 2458 5733 ceptum
2487 5666 2632 5735 ejus.
2667 5667 2898 5722 similem
2951 5668 3123 5725 Verbo
3150 5668 3242 5724 Dei
3288 5678 3338 5723 et
3372 5670 3556 5725 lumini
3589 5667 3799 5737 ipsius,
