3998 6312
263 312 371 375 321

1454 271 1803 383 nrtsrom
1847 314 2316 401 anouanuu.

3366 318 3472 381 322

273 425 371 495 qui
423 437 531 483 non
559 434 645 485 est
672 426 871 499 iactus,
905 432 1000 489 sed
1029 447 1124 505 per
1167 432 1343 504 ipsum
1375 429 1518 487 facta
1547 438 1673 487 sunt
1699 442 1817 483 om-
1847 438 1891 496 Α
1919 438 2105 480 verum
2133 425 2346 480 locutus
2374 437 2435 480 es
2458 424 2706 488 nobis,et
2730 424 3053 485 testabimur
3073 427 3200 510 quia
3222 428 3471 488 Christus
3500 431 3512 442 '

274 517 389 583 nia,
414 522 467 572 et
517 517 633 588 ipse
670 528 755 577 est
780 518 1029 587 Messias,
1073 522 1231 592 cujus
1268 534 1494 591 regnum
1525 518 1819 588 sempiter-

275 621 406 661 num
438 607 674 664 exsistit.
704 608 915 676 Quaeris
940 611 1208 682 quomodo
1244 610 1382 666 Deus
1411 608 1590 679 potuit
1612 598 1820 678 ingredi

272 695 332 751 iu
364 695 623 753 ventrem
652 699 912 766 mulieris,
955 700 1302 756 tenebrosum
1340 706 1398 753 et
1433 707 1723 768 angustum
1754 702 1823 769 et

273 783 499 842 fetidum
529 803 543 838 :
574 786 681 844 sed
700 789 749 845 si
784 787 924 845 forte
945 789 1236 860 intelligas,
1264 788 1361 843 tibi
1413 786 1821 843 similitudinem

269 875 487 933 damus.
522 875 710 935 Nonne
745 877 894 934 vides
918 880 1088 936 solem
1112 878 1239 949 quia
1270 876 1512 950 graditur
1530 890 1692 949 super
1721 877 1824 932 itu-

271 967 594 1042 munditiam
622 975 676 1022 et
701 974 963 1035 stercora,
997 970 1050 1024 et
1070 967 1314 1036 ictorem,
1342 975 1399 1023 et
1431 976 1610 1025 tamen
1662 967 1823 1024 nullo

270 1057 438 1111 modo
473 1056 811 1131 inquinatur,
845 1058 939 1115 sed
970 1059 1195 1115 mundat
1221 1059 1426 1127 omnia,
1473 1069 1678 1130 quanto
1707 1071 1823 1113 ma-

270 1148 360 1218 gis
388 1145 528 1202 Deus
552 1149 646 1219 qui
670 1148 796 1205 fecit
821 1151 988 1207 solem
1010 1166 1116 1206 non
1140 1150 1459 1222 inquinetur
1478 1166 1509 1208 a
1540 1151 1823 1207 creatura?

177 1298 186 1304 _
268 1229 378 1286 Sed
437 1232 577 1288 noli.
612 1246 734 1291 esse
796 1230 1127 1295 incredulus
1158 1244 1216 1292 ut
1279 1253 1387 1294 non
1452 1238 1823 1311 ingrederetur

268 1317 417 1376 Deus
452 1318 519 1378 'ln
578 1331 792 1380 uterum
858 1326 1114 1404 Virginis,
1165 1328 1259 1400 qui
1306 1329 1585 1402 ingressus
1645 1332 1821 1387 estin

268 1411 411 1467 rubo
435 1413 527 1483 qui
549 1422 666 1471 erat
702 1412 755 1471 in
784 1425 968 1482 monte
993 1418 1168 1486 Sinai,
1199 1430 1254 1477 et
1288 1422 1506 1479 locutus
1540 1430 1626 1478 est
1665 1436 1822 1478 servo

270 1498 375 1558 suo
412 1502 603 1577 Moysi,
659 1517 719 1562 et
750 1496 924 1581 legent
947 1510 998 1566 ei
1047 1509 1218 1567 dedit.
1248 1512 1439 1570 Nonne
1486 1512 1680 1569 melius
1706 1524 1821 1569 erat

269 1606 469 1666 cerpus
498 1594 734 1671 Virginis
766 1614 932 1670 quam
962 1601 1052 1656 illa
1075 1603 1228 1674 spina
1249 1604 1369 1659 rubi
1408 1604 1608 1672 τοιωά
1639 1615 1818 1660 autem

268 1683 435 1752 dicis,
474 1687 642 1759 legem
700 1688 868 1761 Moysi
922 1706 1043 1748 esse
1104 1706 1420 1759 crematam,
1446 1697 1666 1765 etquod
1699 1710 1817 1750 eam

267 1772 473 1832 Esdras
532 1772 873 1835 memoriter}
904 1789 959 1835 et
1021 1784 1354 1840 mendaciter
1404 1784 1742 1848 memoravit,
1766 1794 1821 1838 et

265 1863 512 1919 nonfuit
559 1866 615 1921 in
646 1881 711 1921 ea
730 1876 1071 1924 (memoratus
1122 1869 1192 1925 de
1253 1872 1679 1945 resurrectione,
1727 1877 1821 1925 aut

214 2008 219 2013 .
264 1954 379 2010 vita
435 1964 654 2023 aeterna,
689 1967 782 2011 aut
843 1957 1118 2028 paradiso,
1151 1974 1296 2015 nunc
1335 1961 1455 2028 tibi,
1478 1963 1525 2018 si
1562 1961 1672 2019 Deo
1704 1961 1820 2032 pla-

265 2050 413 2108 ceat,
436 2044 742 2099 ostendam.
775 2044 1101 2104 Benedictus
1130 2046 1392 2105 Dominus
1434 2051 1817 2107 revelationem

264 2132 326 2188 in
354 2134 648 2205 prophetas
684 2149 816 2193 suos
836 2137 1009 2205 misit,
1038 2147 1094 2194 et
1116 2139 1297 2197 omnis
1324 2140 1586 2212 propheta
1608 2142 1820 2199 locutus

262 2231 353 2281 est
389 2239 488 2295 per
517 2224 900 2285 revelationem
957 2227 1053 2286 Dei
1085 2237 1182 2287 :et
1211 2229 1358 2287 dedit
1403 2229 1573 2303 Moysi
1625 2233 1819 2303 legem,

262 2313 325 2371 in
350 2328 457 2386 qua
490 2316 692 2387 scripta
717 2326 845 2375 sunt
877 2330 1144 2393 praecepta
1171 2320 1402 2379 liliorum
1432 2321 1614 2391 lsrael,
1642 2321 1822 2379 exitus

260 2417 457 2484 eorum
484 2406 555 2463 de
580 2402 839 2481 Egypto,
921 2408 1309 2478 dinumeratio,
1359 2421 1413 2468 et
1441 2413 1819 2481 contradictio,

260 2508 320 2554 et
370 2498 671 2571 indignatio
724 2498 819 2558 Dei
869 2515 1035 2573 super
1084 2518 1197 2569 eos,
1255 2510 1308 2559 et
1340 2498 1615 2574 quomodo
1640 2504 1819 2559 omnia

260 2591 473 2647 creavit
510 2609 526 2647 :
580 2594 961 2650 rememoratio
1003 2609 1217 2665 regum,
1273 2602 1327 2650 et
1362 2594 1632 2665 quomodo
1673 2595 1823 2649 exal-

263 2683 403 2737 tarit
463 2691 517 2739 et
574 2682 887 2741 humiliavit
924 2699 1040 2751 eos,
1076 2692 1131 2740 et
1163 2685 1420 2740 revelavit
1457 2684 1624 2739 David
1661 2697 1821 2740 servo

263 2786 371 2828 suo
412 2772 793 2843 psalmodiam,
833 2774 1220 2849 etﬁaiomoni
1244 2774 1591 2846 sapientiam,
1620 2781 1676 2829 et
1715 2771 1845 2829 Job.

262 2876 371 2917 suo
400 2859 595 2918 dilecto
639 2873 693 2919 et
734 2864 939 2921 Dauiell
996 2864 1339 2936 prudentiam
1370 2877 1387 2921 :
1415 2873 1469 2919 et
1514 2878 1614 2920 nos
1645 2862 1821 2919 credi—

262 2965 392 3005 mus
432 2954 913 3017 resurrectionem,
966 2963 1021 3008 et
1050 2952 1385 3024 paradisum,
1420 2962 1475 3008 et
1521 2950 1816 3017 infernum,

1928 513 2071 569 Deus
2099 527 2160 567 es
2186 531 2203 567 :
2232 512 2406 582 dirige
2435 525 2635 568 manna
2668 514 2735 571 dc
2763 515 2927 581 caelo,
2962 527 3020 569 ut
3069 518 3142 574 sit
3182 518 3339 576 nobis
3386 520 3472 577 [εν

1921 614 2068 662 stum
2098 604 2360 669 solemne,
2419 611 2474 660 et
2525 604 2763 674 posteris
2791 605 2995 661 nostris
3043 605 3259 676 signum
3279 624 3345 665 ex
3379 620 3471 667 te:
3516 625 3523 632 ·

1920 694 2035 751 haec
2071 686 2249 760 nobis
2308 691 2507 759 tribue,
2534 694 2661 763 quia
2694 702 2754 748 tu
2792 707 2857 750 es
2885 693 3045 750 dator
3086 694 3374 754 donorum.
3410 698 3475 752 Et

1922 784 2065 842 Deus
2096 784 2252 851 dixit,
2296 783 2532 854 Dirigam
2578 783 2706 839 illud
2744 784 2937 852 vobis;
2993 786 3139 857 quod
3188 798 3470 866 postquam

1921 870 2156 948 negavit,
2186 874 2564 931 cruciat-erunt
2598 887 2721 929 eum
2763 874 3102 932 crueiatione
3163 893 3272 947 qua
3310 891 3472 935 nemo

1920 968 2199 1032 cruciatus
2244 965 2367 1021 luit.
2395 965 2462 1021 Et
2487 973 2670 1020 tamen
2693 963 2747 1019 hi
2783 980 3063 1023 sermones
3091 965 3311 1025 fuerunt
3361 964 3467 1028 Ne-

1923 1058 2150 1115 storiani
2196 1056 2477 1127 cujusdam
2519 1053 2776 1123 haeretici,
2835 1070 2946 1112 non
2973 1072 3109 1115 sane
3139 1057 3207 1115 de
3242 1058 3469 1118 Christo

1923 1150 2251 1215 sentientis:
2285 1149 2378 1220 qui
2419 1162 2515 1205 vos
2543 1148 2845 1205 introduxit
2879 1150 3033 1220 quasi
3077 1159 3130 1206 ut
3170 1151 3374 1224 aliquid
3401 1155 3470 1208 de

1924 1239 2031 1296 ilde
2053 1239 2257 1296 Christi
2287 1237 2683 1308 intelligeretis,
2714 1237 2811 1294 sed
2833 1246 2897 1299 ut
2920 1249 3012 1295 est
3034 1240 3187 1294 ratio
3217 1248 3269 1296 et
3312 1242 3465 1297 .veri—

1924 1337 2010 1385 tas
2042 1330 2198 1385 vobis
2225 1326 2333 1385 non
2362 1328 2773 1385 demonstravit.

1992 1420 2145 1487 Quod
2174 1420 2242 1475 de
2286 1417 2506 1475 Christo
2563 1418 2635 1493 [ί.
2666 1423 2733 1475 de
2760 1420 2946 1493 cruce]
2991 1435 3022 1477 a
3069 1436 3155 1479 me
3201 1422 3466 1493 qumisti,

1921 1514 2183 1567 scientem
2212 1518 2264 1569 te
2309 1511 2475 1567 reddo
2511 1512 2711 1566 modo:
2746 1514 2872 1583 quia
2902 1514 2990 1569 die
3024 1527 3130 1583 qua
3178 1513 3470 1570 cruciﬁxus

1920 1610 2005 1657 est
2023 1601 2296 1667 Christus,
2320 1616 2442 1656 cum
2472 1616 2539 1656 eo
2566 1600 2674 1664 duo
2703 1602 2938 1659 latrones
2968 1602 3137 1673 (unus
3168 1604 3234 1657 ad
3256 1606 3466 1669 laevam,

1920 1693 2058 1746 alter
2087 1691 2153 1744 ad
2189 1688 2491 1757 dexteram)
2525 1689 2768 1755 luerunt,
2820 1696 2875 1746 et
2910 1704 3035 1745 mox
3084 1692 3268 1747 emisit
3314 1695 3473 1763 spiri-

1851 1761 1892 1816 Β
1923 1790 2055 1834 tum.
2117 1778 2309 1835 Statim
2364 1786 2507 1833 terra
2528 1780 2876 1845 contremuit,
2927 1786 2985 1834 et
3039 1781 3120 1835 sol
3147 1761 3469 1839 obscuratu‘s

1915 1880 2022 1938 est,
2048 1878 2105 1927 et
2129 1869 2391 1939 quosdam
2421 1868 2694 1940 principes
2734 1868 2803 1924 de
2837 1866 3064 1935 Iudaeis,
3091 1872 3184 1938 qui
3213 1873 3465 1934 aderant,
3542 1864 3547 1869 ’

1917 1961 2127 2017 validus
2164 1960 2326 2016 timor
2352 1960 2551 2017 invasit
2572 1968 2793 2029 propter
2843 1960 2991 2031 ipsas
3029 1974 3248 2017 cruces.
3281 1958 3351 2015 Et
3407 1971 3467 2014 ut

1917 2052 2227 2109 hominibus
2249 2052 2532 2108 veritatem
2575 2053 2836 2119 celarent,
2864 2065 2961 2107 eas
3008 2052 3116 2108 sub
3169 2059 3317 2109 terra
3342 2051 3468 2105 abs-

1916 2142 2239 2209 conderunt,
2276 2143 2353 2199 ita
2390 2151 2448 2198 ut
2480 2142 2572 2197 alii
2608 2146 2882 2199 nescirent
2904 2143 3009 2198 nisi
3048 2157 3227 2209 unus;
3269 2150 3324 2197 et
3365 2158 3465 2196 ne-

1920 2232 2052 2288 mini
2074 2234 2129 2289 in
2166 2232 2278 2288 vita
2303 2246 2402 2287 sua
2426 2232 2639 2288 dicebat
2664 2248 2677 2284 :
2715 2247 2838 2287 cum
2863 2241 3222 2287 autem'mors
3240 2230 3467 2287 accede-

1922 2332 2020 2392 ret,
2054 2324 2215 2381 alicui
2243 2323 2547 2395 propinquo
2596 2322 2877 2394 aperiebat
2944 2323 3128 2379 dicens
3162 2340 3176 2378 :
3215 2321 3469 2389 Quando-

1924 2427 2031 2485 que
2061 2411 2302 2482 quaestio
2339 2413 2521 2467 crucis
2578 2411 2706 2477 erit,
2757 2410 2934 2466 locum
3001 2410 3125 2465 vide
3175 2418 3229 2466 et
3307 2410 3467 2466 scito.

1925 2501 2153 2566 Quando
2184 2510 2361 2557 tamen
2384 2501 2557 2556 voluit
2598 2500 2844 2556 Christus
2909 2500 3229 2555 hominibus
3275 2500 3468 2557 conl‘u-

1919 2592 2128 2663 sionem
2164 2589 2472 2646 Iudaeorum
2516 2591 2824 2657 ostendere,
2860 2592 3223 2647 inventionem
3286 2593 3469 2647 crucis

1918 2679 2277 2734 Constantino
2317 2679 2431 2748 regi
2490 2679 2879 2741 Romanorum,
2929 2680 3023 2749 qui
3061 2680 3290 2734 necdum
3352 2694 3469 2736 erat

1916 2769 2278 2833 Christianus,
2306 2769 2536 2840 aperuit.
2557 2768 2691 2824 Cum
2718 2769 2862 2824 enim
2884 2776 3131 2838 pergeret
3159 2774 3229 2822 ad
3244 2768 3466 2831 bellum,

1917 2859 2133 2915 elevans
2181 2859 2372 2914 oculos
2428 2856 2497 2912 ad
2558 2858 2755 2913 CtBltIm
2806 2855 2985 2913 media
3030 2864 3207 2919 nocte,
3241 2856 3373 2911 vidit
3404 2858 3459 2911 in

1918 2949 2059 3005 ctelo
2088 2949 2246 3021 quasi
2293 2949 2428 3004 duas
2446 2948 2750 3015 columnas,
2800 2962 2963 3002 unam
2991 2948 3169 3018 super"
3190 2945 3349 3000 aliam
3377 2948 3462 3001 in.

263 3046 323 3093 et
354 3040 654 3096 invenimus
692 3057 756 3097 ea
790 3043 992 3125 scripta
1024 3043 1077 3099 in
1112 3041 1295 3099 Veteri
1331 3042 1681 3097 Testamento
1723 3058 1821 3113 per
1840 3048 1889 3135 ὀ
1922 3050 2122 3098 lentam
2150 3042 2203 3097 in
2234 3040 2646 3097 similitudinem
2679 3040 2876 3105 crucis,
2899 3047 2955 3097 et
2975 3038 3029 3095 iu
3050 3055 3111 3095 ea
3133 3040 3460 3109 scripturam

262 3128 499 3187 Esdram
525 3132 611 3188 cui
637 3132 777 3190 Deus
804 3119 1081 3202 revelavit,
1109 3144 1162 3192 et
1183 3134 1405 3208 scripsit
1424 3149 1497 3207 ,ea
1550 3133 1617 3190 ad
1651 3133 1822 3206 pleni.-

263 3222 530 3278 tudinem.
560 3221 625 3276 Et
653 3224 795 3279 sicut
826 3225 967 3283 Deus
997 3227 1166 3300 Moysi
1207 3229 1485 3299 prepheta:
1526 3242 1625 3285 suo
1652 3227 1820 3296 dedit,

263 3310 345 3366 ita
379 3312 576 3369 Esdras
619 3310 923 3373 declaravit
959 3324 1015 3373 et
1075 3316 1153 3372 nil
1184 3318 1551 3388 praetermisit,
1601 3320 1727 3388 quia
1766 3318 1821 3373 in

264 3404 549 3475 prophetis
598 3405 697 3462 Dei
727 3421 837 3462 non
886 3400 972 3464 est
1010 3409 1352 3465 mendacium
1385 3423 1563 3481 neque
1598 3409 1818 3475 oblivio,

260 3495 396 3568 quia
423 3496 568 3553 Deus
598 3498 658 3553 lit
677 3497 938 3555 revelatio
965 3498 1211 3557 illorum.

334 3584 616 3658 Scripsiin
642 3590 773 3646 mihi
808 3590 875 3646 de
896 3590 1172 3646 sacriﬁcio
1213 3590 1341 3660 quid
1373 3601 1538 3656 esset,
1587 3599 1641 3646 ct
1676 3591 1820 3663 quod

262 3689 379 3732 non
408 3679 678 3746 reperires
703 3693 1031 3750 quemquam
1074 3678 1143 3735 de
1173 3678 1535 3735 servientibus
1582 3678 1676 3734 Dei
1727 3679 1820 3750 qui

261 3767 525 3822 obtulerit
540 3768 890 3824 sacriﬁcium.
908 3767 1187 3833 Primitus,
1216 3769 1325 3826 duo
1374 3769 1466 3823 lilii
1514 3769 1643 3824 Adae
1666 3770 1824 3825 obtu-

260 3859 469 3924 lerunt,
491 3869 547 3915 et
570 3870 849 3932 acceptum
874 3868 959 3917 est
1007 3859 1227 3917 ahuno.
1292 3860 1633 3917 Sacrificium
1680 3860 1822 3916 veri-

260 3951 498 4005 tatisest
529 3967 696 4022 super
737 3951 1008 4015 homines,
1039 3960 1094 4006 et
1131 3960 1412 4020 acceptum
1452 3949 1582 4014 Deo,
1611 3958 1666 4005 et
1690 3949 1821 4003 trdi-

258 4039 450 4092 licatio
484 4040 533 4093 ei
583 4041 895 4111 quicunque
922 4040 1227 4094 Obtulerit:
1276 4026 1505 4107 excepto
1550 4036 1821 4091 sacriﬁcio

259 4128 409 4197 quod
442 4125 603 4181 idolis
630 4125 886 4192 odertur;
917 4128 1014 4196 qui
1032 4128 1175 4191 enim
1207 4126 1343 4181 illud
1368 4126 1626 4190 offerunt,
1653 4126 1816 4184 alieni

176 4232 177 4235 ‘
261 4224 399 4270 sunt
455 4223 510 4269 et
543 4214 759 4285 perditi.
794 4213 1048 4269 Christus
1082 4228 1233 4279 vero,
1268 4223 1428 4270 nocte
1453 4213 1543 4269 illa
1571 4218 1673 4285 qua
1703 4223 1819 4270 erat

268 4305 558 4360 inchoatio
615 4304 910 4377 passionis,
965 4305 1253 4377 discipulis
1303 4308 1439 4361 dixit
1509 4307 1638 4379 quid
1663 4307 1729 4365 de
1753 4321 1820 4364 eo

1921 3133 2080 3197 igneo
2108 3131 2318 3204 fulgore
2343 3134 2681 3195 rutilantem,
2714 3141 2766 3187 et
2785 3126 2968 3188 Graece
2997 3136 3251 3206 scriptam
3281 3148 3295 3163 ο
3327 3130 3466 3199 Quia

1920 3227 2097 3296 petisti
2145 3244 2177 3281 a
2208 3224 2316 3281 Deo
2359 3232 2445 3280 tuo
2504 3233 2563 3280 ut
2640 3223 2928 3280 ostenderet
3003 3226 3098 3278 tibi
3168 3227 3325 3295 [idem
3381 3240 3464 3297 re-

1922 3328 2083 3384 ctam,
2146 3318 2314 3386 facito
2374 3317 2469 3372 tibi
2528 3320 2730 3388 signant
2770 3315 2939 3385 regale
2974 3318 3028 3370 in
3068 3315 3463 3370 similitudinem

1921 3409 2093 3462 crucis
2118 3409 2299 3473 istius,
2329 3424 2445 3469 qum
2467 3410 2730 3477 prwcedat
2764 3418 2814 3461 te
2840 3392 3029 3464 contra
3054 3408 3292 3462 inimicos
3326 3419 3463 3473 tuos,

1920 3499 2202 3555 secundum
2256 3499 2394 3567 quod
2420 3499 2598 3553 uidisti
2640 3488 2694 3551 in
2737 3500 2886 3553 creto.
2921 3497 3041 3564 Quo
3073 3500 3232 3563 facto,
3285 3500 3464 3554 hostes

1921 3590 2139 3650 invasit,
2168 3583 2352 3659 el’per
2397 3590 2652 3643 virtutem
2695 3598 2898 3643 saneta:
2934 3589 3115 3645 crucis
3158 3589 3280 3644 illos
3318 3589 3467 3645 devi-

1906 3684 2017 3751 ,,cit.
2041 3679 2287 3752 Cumque
2315 3690 2702 3745 reverteretur,
2734 3691 2959 3738 matrem
2991 3697 3146 3737 suam
3202 3680 3458 3737 Helenam

1922 3786 2046 3827 cum
2087 3771 2326 3826 exercitu
2354 3787 2635 3843 usquequo
2662 3771 2960 3829 Jerusalem
2987 3776 3193 3828 veniret
3243 3775 3464 3835 direxit.

1922 3860 2135 3931 utquid
2169 3861 2237 3915 de
2288 3876 2451 3915 cruce
2474 3860 2677 3933 Christi
2725 3862 2925 3916 factum
2966 3874 3131 3926 esset,
3172 3879 3200 3916 a
3263 3862 3464 3920 JltdiBiS

1920 3950 2274 4020 perquireret.
2316 3948 2501 4001 Multis
2531 3959 2711 4001 autem
2758 3950 3039 4012 cruciatis,
3096 3951 3269 4003 virum
3312 3953 3463 4005 illum

1917 4041 2010 4107 qui
2033 4040 2101 4092 de
2130 4040 2274 4090 tribu
2303 4036 2422 4104 ejus
2449 4036 2626 4090 fuerat
2655 4036 2743 4090 cui
2802 4050 2891 4090 res
2924 4038 3155 4105 primum
3216 4040 3463 4093 notitica—

1917 4127 2093 4190 batur,
2124 4124 2325 4194 inquiri
2354 4124 2628 4196 pmcepit.
2651 4123 2807 4179 Illum
2842 4134 3044 4193 autem,
3069 4127 3146 4179 rei
3179 4129 3460 4184 veritatem

1916 4216 2129 4287 aperire
2162 4215 2455 4279 uolentem,
2477 4214 2529 4269 itt
2567 4224 2727 4284 puteo
2752 4215 2869 4270 sine
2890 4223 3017 4284 potu
3038 4223 3091 4271 et
3112 4217 3255 4269 victu
3286 4219 3465 4272 reclu-

1919 4312 2009 4367 sit.
2030 4310 2274 4381 Cumque
2322 4324 2381 4365 se
2416 4309 2737 4363 moriturum
2773 4308 3136 4380 cognovisset.
3191 4310 3237 4365 ei
3286 4310 3461 4365 locum

258 4394 436 4451 Judaei
466 4393 658 4452 facturi
686 4405 890 4463 essent,
921 4406 975 4452 et
1003 4381 1486 4465 resurrectionem,
1519 4409 1575 4455 et
1607 4399 1807 4469 fugam,
1846 4402 1893 4457 D
1919 4403 2187 4472 ostendit;
2212 4410 2265 4459 et
2294 4402 2419 4457 dum
2448 4399 2714 4467 foderant,
2774 4401 2954 4456 l‘umus
2983 4388 3186 4457 incensi
3218 4402 3285 4457 de
3314 4405 3462 4459 fovea

262 4497 321 4541 et
343 4487 710 4545 reversionem
739 4489 805 4544 ad
823 4505 947 4546 eum
967 4492 1339 4559 aununtiavit;
1367 4502 1421 4548 et
1446 4501 1625 4547 tamen
1643 4493 1697 4547 in
1730 4492 1827 4547 illa

259 4588 428 4637 nocte
446 4596 570 4637 cum
601 4582 887 4654 discipulis
922 4582 1238 4649 comedens,
1282 4584 1558 4654 accipiens
1622 4598 1816 4654 panem

260 4670 543 4726 benedixit
558 4678 614 4727 et
641 4670 807 4727 dixit:
842 4673 1071 4743 Accipite
1093 4682 1143 4728 et
1172 4674 1422 4729 contedits
1449 4690 1468 4728 :
1496 4674 1589 4728 hoc
1608 4683 1685 4728 est
1704 4691 1822 4728 cor-

258 4778 363 4830 pus
390 4778 556 4816 meum
585 4762 727 4831 φίοά
738 4776 834 4831 pro
857 4764 998 4817 vobis
1026 4763 1283 4817 tradetur.
1315 4763 1514 4819 lterum
1548 4767 1821 4835 accipiens

258 4844 519 4914 calicem,
554 4849 692 4904 dixit
724 4868 740 4903 :
770 4849 940 4907 Bibit:
967 4866 1031 4905 ea:
1056 4852 1150 4905 hoc
1168 4867 1377 4917 omnes;
1401 4852 1484 4907 hic
1508 4862 1585 4907 est
1606 4854 1819 4924 sanguis

259 4955 415 4995 ruens
467 4940 558 5008 qui
590 4938 817 5008 oﬂ'ertur
854 4943 911 4996 in
958 4944 1319 4997 remissionem
1368 4952 1721 5013 peccatorum.
1754 4942 1821 4995 Et

263 5029 524 5101 prazcepit
549 5030 707 5086 nobis
735 5026 989 5090 similiter
1018 5034 1156 5099 lieri,
1190 5042 1249 5087 ut
1296 5034 1368 5088 sit
1388 5036 1545 5090 nobis
1569 5032 1818 5089 remissio

263 5127 644 5187 peccatorum,
668 5123 983 5194 quicunque
1008 5124 1062 5180 in
1103 5123 1206 5179 lide
1236 5131 1291 5179 et
1313 5121 1603 5179 dilectione
1653 5121 1816 5176 obtu-
1854 5193 1861 5199 _

260 5210 513 5267 ierimus.
552 5209 686 5267 lllud
717 5214 1047 5271 sacrificium
1083 5216 1210 5271 licet
1239 5214 1482 5279 credere,
1515 5228 1625 5269 non
1684 5213 1817 5268 illud

259 5298 412 5367 quod
444 5297 499 5351 in
535 5298 651 5369 lege
679 5310 858 5356 vestra
890 5319 986 5359 vos
1011 5304 1210 5359 habere
1240 5302 1442 5357 dicitis.
1470 5301 1606 5356 Cum
1642 5290 1815 5357 disci—

258 5390 379 5461 puli
411 5386 549 5443 Filio
581 5389 671 5445 Dei
721 5391 1015 5461 dixissent,
1070 5395 1266 5450 invoca
1302 5396 1466 5449 Deum
1508 5400 1566 5446 ut
1620 5393 1820 5463 dirigat

256 5477 424 5533 nobis
446 5483 642 5530 manna
671 5478 737 5533 de
764 5482 939 5548 ctelo;
963 5492 1017 5537 et
1042 5482 1272 5541 dixisset
1301 5482 1583 5553 Christus,
1610 5478 1821 5537 Timete

258 5570 436 5625 Deum
470 5568 517 5623 si
554 5568 689 5623 estis
722 5570 927 5635 ﬁdeles,
960 5571 1215 5644 discipuli
1249 5574 1523 5636 dixerunt,
1557 5570 1820 5627 Volumus

257 5659 553 5715 comedere
586 5655 737 5733 illud,
764 5664 819 5713 et
861 5660 1144 5717 credemus
1191 5662 1289 5718 tibi
1358 5668 1410 5717 et
1436 5660 1668 5717 sciemus
1699 5661 1822 5731 quia

593 5751 856 5811 l‘s't'tton.
890 5751 1005 5811 Gn.
1044 5753 1222 5816 CVII.

1919 4497 2104 4557 exivit,
2129 4502 2238 4549 tres
2264 4506 2475 4555 cruces,
2513 4500 2636 4561 post
2664 4506 2756 4546 ccc
2801 4507 2977 4547 annos
3005 4508 3068 4546 ex
3093 4507 3197 4560 quo
3218 4493 3465 4549 Christus

1918 4582 2158 4641 venerat.
2193 4580 2503 4635 ostendens.
2531 4581 2597 4635 Et
2625 4595 2745 4633 cum
2772 4593 2896 4635 ante
2926 4582 3162 4649 reginam
3216 4584 3464 4636 nescien-

1919 4682 2026 4727 tem
2085 4685 2204 4741 quat
2254 4685 2389 4723 crux
2441 4670 2642 4723 Christi
2688 4676 2850 4730 esset,
2899 4680 3265 4736 portarentur,
3304 4688 3466 4740 super

1920 4767 2194 4822 mortuum
2252 4755 2431 4811 subito
2461 4770 2855 4821 unamcrucem
2892 4758 3099 4825 posuit;
3135 4772 3186 4813 et
3222 4774 3325 4814 non
3350 4752 3465 4814 sur-

1920 4852 2085 4914 rexit;
2125 4847 2360 4905 secunda
2390 4847 2648 4913 adhibita,
2676 4848 2750 4902 nil
2778 4851 3007 4917 proluit;
3030 4866 3153 4906 cum
3186 4867 3312 4906 vero
3353 4840 3461 4907 ter-

1920 4941 2049 4995 tiam
2074 4938 2470 5002 adhibuissent,
2488 4939 2669 4993 statim
2694 4941 2781 5009 qui
2804 4954 2919 4995 erat
2940 4950 3185 4996 mortuus
3208 4942 3461 4998 surrexit.

1920 5032 2146 5101 Regina,
2165 5029 2305 5084 facta
2330 5030 2558 5086 ecclesia
2583 5046 2745 5100 super
2774 5030 2971 5085 Christi
2992 5032 3320 5102 sepulcrum,
3339 5047 3464 5102 par-

1921 5131 2026 5176 tem
2047 5119 2115 5175 de
2146 5118 2392 5175 cruceibi
2424 5120 2663 5190 reliquit,
2693 5128 2745 5173 et
2764 5120 3024 5189 reliquam
3065 5120 3173 5174 lilio
3199 5121 3466 5175 suodetuv

1922 5210 2003 5265 lit.
2046 5209 2166 5265 llaec
2191 5219 2274 5264 est
2302 5223 2464 5264 causa
2496 5223 2662 5278 quare
2684 5222 2901 5263 crucem
2934 5208 3133 5264 Christi
3158 5210 3464 5264 adoremus.

1994 5300 2215 5371 Dictum
2230 5310 2313 5355 est
2338 5299 2467 5353 mihi
2492 5297 2636 5367 quod
2666 5313 2773 5351 non
2820 5299 3069 5354 salutatis
3105 5314 3199 5355 eos
3220 5299 3309 5369 qui
3336 5306 3467 5352 sunt

1922 5372 2321 5465 aiteriusilegis,
2354 5395 2408 5441 et
2455 5401 2551 5441 vos
2604 5386 2803 5441 habere
2846 5391 2899 5453 in
2933 5387 3048 5457 lege
3094 5396 3273 5441 vestra
3321 5386 3466 5455 quod

1924 5466 2182 5533 mulieres
2226 5477 2459 5544 alicujus
2492 5478 2613 5531 lidei
2645 5479 2798 5535 vobis
2833 5480 2989 5534 liceat
3039 5481 3092 5532 in
3132 5479 3464 5533 ceunubium

1923 5569 2122 5622 ducere
2152 5584 2164 5621 :
2190 5575 2243 5621 et
2296 5578 2567 5637 quomoao
2598 5569 2714 5624 fieri
2777 5576 2955 5639 potest
2996 5575 3053 5620 ut
3091 5565 3231 5623 Deus
3260 5567 3463 5623 homini

1925 5676 2144 5718 uxorem
2186 5660 2382 5719 ducere
2414 5660 2780 5730 przeccpisset,
2825 5658 2916 5729 qui
2958 5671 3056 5713 nec
3088 5659 3325 5714 salutare
3371 5675 3465 5713 nr-
