3998 6312
621 284 728 357 323

1394 288 1699 354 'LEONIS
1735 288 2192 352 PBILOSOPHI
2224 289 2584 353 EPISTOLA
2621 290 2720 353 AD
2756 289 3101 352 OMARUM.

3720 288 3836 349 321

626 412 735 470 quo
762 396 994 468 sepelire
1024 395 1174 454 illam
1193 396 1551 468 dignaretur?
1574 396 1860 462 Similiter,
1888 396 1937 453 si
1979 396 2047 453 de
2076 397 2181 452 alia
2208 402 2255 461 Α
2281 398 2443 468 perit,
2472 398 2683 454 adulter
2708 406 2764 455 et
2782 398 3030 455 tumultus
3046 394 3370 455 vindicetur.
3392 394 3589 450 iterum
3619 394 3695 451 dir
3712 406 3837 448 tum

629 486 734 544 Me
768 486 953 553 fuerit,
982 478 1097 544 non
1120 496 1335 558 opoth
1362 503 1527 558 super
1555 489 1862 558 sepulcrum
1890 488 2011 558 ejus
2028 495 2176 543 stare

626 585 725 632 ant
778 594 881 649 pro
927 577 1018 633 illa
1072 578 1373 649 deprecari.
1437 576 1575 633 Cum
1638 586 1822 635 autem
1847 580 2028 634 roslu
2061 577 2177 648 lego

628 672 806 724 vestra
838 666 1100 737 scriptum
1120 665 1417 723 inveniatis
1443 666 1570 738 quia
1607 666 1762 723 multi
1790 682 1857 722 es
1891 666 1978 722 his
2009 667 2176 736 quiin

623 757 738 827 lege
757 757 1000 835 qualibet
1038 764 1169 813 sunt
1196 757 1403 825 ﬁdeles,
1429 757 1573 827 apud
1598 757 1952 827 Deumsunt,
2007 768 2175 827 quam

592 859 723 918 .pro
749 860 814 901 ea
848 860 956 902 non
999 844 1399 915 depreoeminit
1430 847 1631 901 lterum
1656 846 1861 902 dictum
1894 854 1978 902 est
2019 844 2173 908 mihi,

619 936 667 990 si
720 934 850 1007 quis
880 943 1127 991 vestrum
1165 951 1395 992 uxorem
1427 952 1585 992 suam
1612 936 1853 1007 qualibet
1906 949 1974 991 ex
2007 949 2175 991 causa

619 1024 922 1099 réliquerit,
948 1040 1057 1082 non
1088 1033 1305 1096 oportet
1336 1041 1459 1080 eam
1488 1025 1554 1081 ad
1583 1041 1707 1081 eum
1742 1024 1977 1094 regredi,
2000 1024 2175 1079 donee

620 1117 758 1173 alter
781 1131 907 1174 cum
926 1131 1003 1177 ,ea
1024 1116 1336 1173 conveniat.
1367 1113 1462 1170 Sic
1484 1114 1930 1183 pravsricatores
1962 1113 2092 1184 legis
2123 1120 2176 1169 et

606 1208 911 1281 ,Erangelil
940 1207 1073 1262 lacti
1100 1205 1236 1261 estis
1263 1205 1331 1256 ³⁵.
1363 1204 1421 1258 in
1443 1204 1560 1273 lego
1574 1202 1721 1258 enim
1769 1203 2034 1272 scriptum
2067 1210 2172 1271 est,

617 1308 679 1355 ut
704 1299 753 1353 sl
788 1297 913 1367 quis
939 1310 1171 1351 uxorem
1219 1309 1373 1349 suam
1404 1293 1648 1366 qualth
1678 1307 1845 1349 causa
1887 1293 2173 1360 dimiserit,

616 1397 675 1444 et
704 1372 941 1442 voluerit
978 1384 1047 1441 ad
1088 1400 1212 1441 eum
1243 1385 1574 1456 quandoque
1620 1383 1858 1455 regredi,
1890 1382 2063 1453 ipsius
2090 1392 2172 1439 est

616 1475 739 1534 sine
778 1475 967 1541 dubio,
996 1475 1043 1531 si
1074 1482 1253 1531 tamen
1274 1474 1413 1529 alter
1439 1487 1558 1529 eam
1609 1488 1718 1527 non
1767 1470 2125 1537 sordidaverit
2155 1490 2170 1526 :

617 1566 666 1622 si
699 1576 882 1623 autem
913 1565 1051 1620 alter
1074 1578 1196 1620 eam
1242 1563 1502 1634 tetigerit,
1528 1562 1717 1616 abillo
1776 1561 1830 1618 in
1855 1567 2171 1633 perpetuum

598 1654 891 1730 prohibita
937 1666 1040 1715 est.
1068 1657 1129 1713 ln
1153 1655 1458 1727 Erangelio
1477 1663 1661 1723 tamen
1696 1669 1807 1709 non
1830 1661 1914 1709 est
1957 1652 2166 1709 licitum

615 1751 826 1808 homini
858 1764 1079 1806 uxorem
1096 1763 1263 1805 suam
1293 1748 1415 1804 sine
1453 1759 1627 1803 causa
1672 1743 2049 1800 fornicationis
2085 1745 2166 1799 di-

513 1824 523 1835 ’
614 1842 850 1908 mittere,
879 1848 933 1895 et
954 1839 1047 1911 qui
1074 1838 1356 1909 dimissam
1398 1836 1622 1895 alterius
1664 1834 1720 1891 in
1760 1849 1984 1896 uxorem
2008 1849 2166 1892 acce‘

673 2013 911 2074 uIleut.
938 2030 1033 2085 ιε,
1061 2017 1117 2074 ι.

2274 495 2359 541 est
2384 486 2539 554 mihi,
2561 487 2705 558 quod
2736 489 2791 543 in
2810 488 2928 558 lege
2945 496 3125 543 vestra
3147 484 3220 542 sit
3242 483 3525 553 scriptum,
3555 483 3837 555 quidquid

2274 575 2466 634 fecerit
2519 579 2684 636 homo
2725 581 2840 636 sive
2888 580 3091 636 bonum
3150 578 3267 633 sive
3315 576 3541 642 malum,
3575 576 3837 645 prmscri~

2275 675 2427 738 ptum
2478 678 2532 725 et
2587 670 3022 740 praedestinatum
3083 670 3156 725 sit
3205 669 3284 725 illi
3316 687 3344 722 ει
3394 666 3505 726 Deo
3532 676 3837 736 antequam

2276 766 2554 829 nascatur.
2577 760 2634 816 Si
2665 762 2738 815 ita
2759 771 2861 827 est,
2912 775 3021 815 non
3047 767 3131 817 est
3173 760 3250 813 illi
3292 758 3464 828 gratia
3511 758 3563 814 si
3617 756 3837 811 bonum

2274 857 2545 918 operetur,
2579 866 2753 921 neque
2778 856 3066 919 peccatum
3089 850 3133 905 si
3163 849 3301 902 male
3326 858 3580 918 operetur
3627 864 3642 899 :
3692 846 3837 916 quia

2274 953 2380 993 non
2417 939 2506 994 ille
2540 948 2815 1011 operatur,
2845 940 2938 1001 sed
2968 940 3110 1011 quod
3126 941 3502 1011 praescriptum
3533 946 3586 993 et
3617 951 3839 1007 praeor-

2274 1025 2519 1082 dinatum
2544 1036 2630 1085 est
2662 1029 2742 1083 illi
2772 1038 3061 1099 antequam
3090 1038 3428 1085 nasceretur.
3480 1024 3613 1082 Nam
3651 1026 3698 1080 si
3746 1027 3836 1080 ita

2277 1114 2387 1181 est,
2421 1123 2480 1170 ut
2512 1116 2732 1171 cuilibet
2763 1112 2967 1173 homini
3005 1118 3076 1174 sit
3110 1118 3485 1188 praescriptum
3528 1102 3836 1184 antequam

2275 1214 2551 1270 nascatur,
2574 1220 2705 1274 ergo
2736 1205 2874 1261 Deus
2909 1207 3071 1275 impie
3090 1208 3305 1262 videtur
3331 1208 3526 1276 egisse.
3565 1204 3670 1260 Sed
3720 1205 3839 1260 hoc

2252 1295 2416 1368 absit
2442 1309 2472 1349 a
2507 1294 2635 1358 Deo,
2666 1303 2724 1349 ut
2758 1296 2859 1350 ista
2888 1296 2942 1350 in
2973 1297 3281 1351 hominibus
3301 1306 3571 1364 operetur.
3601 1297 3742 1351 Nam
3780 1296 3837 1350 si

2273 1380 2509 1439 itaesset
2561 1384 2703 1439 sicut
2740 1378 2837 1439 iros
2888 1385 3091 1452 dicitis,
3112 1384 3375 1455 quidquid
3431 1384 3595 1440 faciat
3629 1384 3837 1447 homo.

2276 1472 2607 1539 velbonum,
2641 1480 2696 1528 et
2721 1481 2913 1529 contra
2948 1490 2963 1529 :
3012 1473 3157 1529 Deus
3201 1488 3308 1529 non
3356 1472 3649 1543 prapltetas
3692 1473 3815 1527 diri

2273 1568 2424 1636 geret
2471 1574 2529 1621 ut
2576 1567 2892 1628 hominibus
2922 1566 3192 1623 infernum
3245 1565 3711 1628 demonstrarent,
3777 1576 3837 1619 et

2271 1658 2720 1729 pertimescerent
2762 1676 2777 1713 :
2806 1656 3075 1715 sulﬁceret
3097 1656 3243 1714 enim
3271 1656 3378 1711 illis
3400 1654 3739 1725 prtecriptio.
3775 1663 3838 1707 et

2271 1748 2675 1821 praedestinatio
2712 1762 2922 1805 eorum.
2963 1746 3070 1803 Sed
3115 1745 3261 1801 absit
3307 1744 3433 1799 talis
3458 1741 3785 1799 intellectus
3816 1759 3836 1798 :

2271 1838 2420 1911 quod
2438 1838 2603 1898 homo
2626 1839 2788 1912 perit,
2818 1852 2925 1895 non
2957 1836 3098 1909 perit
3128 1836 3235 1892 nisi
3265 1834 3492 1893 arbitrio
3513 1845 3635 1888 suo.
