3998 6312
605 283 711 347 32'!
782 355 794 364 ε
1511 278 1940 343 GR/ECORUM
1980 282 2556 348 FPISCOPATUUM
2592 274 2925 340 NOTITUE
3470 304 3473 308 ι
3694 276 3805 338 328

598 394 716 449 sedi
744 390 1029 462 subjectis,
1058 399 1111 448 et
1138 390 1230 461 qui
1257 389 1495 460 episc0pi
1526 393 1721 461 quibus
1752 395 2108 464 metropolitis
2142 395 2442 450 subdantur
2468 410 2483 449 :
2518 410 2637 463 qua
2660 394 2817 462 longe
2842 391 3028 462 plures
3056 386 3397 458 metropoles,
3428 385 3803 457 archiepisco~

596 488 779 551 patus,
827 488 877 533 et
931 479 1277 547 episcopatus
1330 487 1601 543 numerat,
1632 494 1792 549 quam
1843 480 2181 545 Andronicus
2214 480 2266 534 in
2318 496 2414 535 sua
2446 481 2680 536 Ecthesi.
2730 478 2837 535 Sed
2870 478 3086 533 ubinam
3118 474 3277 532 hodie
3308 482 3392 529 tot
3424 475 3580 540 illas,
3607 482 3662 529 et
3688 482 3804 529 tam

552 636 555 639 Α
596 583 919 623 numerosas
948 567 1223 623 Ecclesias
1252 568 1496 622 invenire
1526 565 1649 622 est?
1674 565 1780 620 Aut
1805 568 2072 636 nuspiam,
2102 578 2195 620 aut
2232 566 2287 621 in
2321 566 2569 623 faucibus
2597 566 2747 633 Orci,
2787 566 2889 620 hoc
2920 572 3024 626 est,
3055 560 3348 627 haereseos,
3379 570 3432 618 et
3457 561 3802 623 schismatis,

598 656 701 711 sub
731 656 1101 721 Sarracenica,
1148 657 1434 725 plusquam
1468 654 1805 710 Pharaonica
1841 656 2131 716 servitute,
2181 652 2428 722 pauculis
2465 653 2717 724 demptis,
2745 652 2943 723 quibus
2972 654 3153 707 mitior
3186 650 3422 704 servitus
3449 646 3663 717 obtigit.
3694 644 3807 699 Eas

590 744 814 811 insuper
846 742 1001 797 sedes
1029 741 1264 812 excipio,
1291 755 1428 809 quas
1461 742 1514 795 in
1548 738 1793 794 Calabria
1822 748 1876 795 et
1898 738 2082 793 Sicilia
2105 737 2274 793 Graeci
2301 730 2622 803 erexerant,
2650 739 2735 794 vel
2757 740 2867 808 jam
2897 737 3024 793 olim
3057 743 3268 791 erectas
3299 740 3614 805 repererunt
3645 750 3659 786 :
3687 732 3809 786 ista!

588 829 733 883 enim
790 830 961 899 pulsis
1010 830 1222 885 ditione
1267 828 1470 883 Graecis
1518 824 1801 896 Cathedrae
1834 825 1979 882 Petri
2026 826 2339 891 adhaerent,
2375 826 2478 881 sub
2524 827 2749 897 imperio
2793 825 3199 882 Catholicorum
3252 837 3438 894 regum
3483 835 3547 876 ae
3597 819 3814 896 prinei-g

589 931 739 985 pum.
1878 929 1881 934 ‘

558 1032 570 1039 -
659 1004 861 1057 Inserta
887 1010 968 1056 est
990 991 1163 1056 eidéﬁi
1192 1001 1449 1055 volumini
1485 998 1637 1055 luris
1668 998 2109 1055 Caeco—Romani
2141 996 2423 1067 cujusdam
2454 998 2774 1067 patriarcha:
2799 996 3388 1067 Constantinopolitani
3423 992 3657 1054 sanetio.
3681 1006 3809 1058 quae

588 1086 778 1140 ordine
807 1086 980 1141 sessio
1004 1086 1058 1140 in
1087 1087 1361 1147 conciliis,
1380 1086 1610 1154 aliisque
1636 1087 1867 1155 publicis
1892 1084 2247 1146 conventibus
2270 1084 2441 1138 cuivis
2470 1086 2822 1155 metropolitte
2851 1095 2906 1141 et
2937 1085 3349 1155 archiepispr
3375 1089 3667 1153 competat.
3697 1080 3807 1134 Sed

588 1171 677 1225 hic
707 1172 814 1240 jam
852 1172 1006 1239 longe
1035 1172 1212 1224 minor
1243 1186 1505 1225 numerus
1532 1180 1616 1225 est
1636 1210 1652 1235 ,
1685 1186 1846 1241 quam
1897 1172 1951 1225 in
1984 1170 2412 1240 ,Constitutione
2438 1168 2655 1235 Leonis,
2687 1173 2762 1225 ita
2788 1182 2845 1225 ut
2874 1172 3019 1226 sedis
3050 1169 3659 1241 Constantinopolian
3688 1180 3808 1220 am-

588 1257 796 1322 plitudo
833 1255 1074 1323 quotidie
1104 1258 1463 1321 minueretur,
1489 1265 1543 1312 et
1576 1256 1717 1311 mala
1747 1256 2046 1310 Turcarum
2078 1272 2237 1312 manu
2266 1256 2769 1311 circumcideretur.
2811 1253 2966 1310 Libet
3002 1257 3088 1309 hic
3119 1256 3412 1326 adjungere
3449 1255 3597 1309 hunc
3620 1259 3809 1323 poste-

588 1344 789 1394 riorem
822 1341 1163 1411 Catalogum,
1196 1341 1324 1412 quia
1354 1342 1534 1399 brevis
1565 1353 1665 1407 est,
1702 1354 1755 1399 et
1790 1342 2102 1397 Andronico
2138 1346 2310 1397 lucem
2352 1341 2633 1397 accendet.

1368 1552 1731 1566 "-0——

1381 1735 1486 1823 P.
1560 1682 2070 1826 JACOBUS
2146 1722 2451 1827 GOAR
2550 1733 3097 1829 LECTORI.

658 2119 778 2188 Qua
808 2120 861 2175 in
892 2135 949 2174 re
980 2118 1211 2174 Palatini
1246 2133 1446 2181 mores,
1474 2127 1526 2170 et
1558 2118 1648 2187 qui
1683 2118 1737 2172 iu
1762 2117 1986 2174 Palatiis
2026 2119 2163 2172 ritus
2199 2118 2471 2172 observari
2505 2127 2906 2173 consueverunt
2939 2118 3036 2187 (de
3058 2120 3258 2189 quibus
3283 2122 3416 2179 satis
3440 2115 3609 2179 multa
3640 2125 3808 2196 paulo

591 2205 890 2274 superius),
924 2219 1045 2258 cum
1072 2204 1427 2273 sequentibus
1462 2204 1854 2272 metropoleon,
1881 2213 1936 2257 et
1964 2206 2373 2272 episcopatuum
2405 2204 2616 2259 notitiis
2646 2204 2994 2267 conveniant,
3031 2204 3281 2272 ignorare
3305 2223 3390 2263 me
3417 2208 3609 2279 lateor,
3635 2212 3810 2267 lector

592 2291 885 2353 benevole,
928 2289 1032 2343 nisi
1070 2288 1407 2359 suggesseris
1445 2302 1603 2357 quem
1636 2289 1839 2357 possint
1870 2288 2212 2357 interrogare
2246 2307 2259 2340 :
2290 2295 2557 2358 quotquot
2596 2287 2742 2342 enim
2780 2289 3002 2342 notitias
3031 2288 3295 2345 hactenus
3329 2296 3669 2364 cxscripsere
3692 2336 3709 2363 ,
3744 2311 3816 2352 ne

594 2378 816 2431 verbum
860 2376 1081 2446 quidem
1126 2390 1188 2430 ea
1226 2376 1293 2430 de
1322 2390 1379 2430 re
1410 2373 1671 2429 fecerunt.
1701 2373 1915 2428 Nullius
1945 2373 2201 2428 momenti
2248 2388 2334 2428 res
2364 2386 2446 2428 est
2470 2413 2486 2435 ,
2511 2373 2659 2449 unihi
2710 2374 2874 2426 lateat
2903 2381 2956 2427 et
2992 2373 3124 2439 tibi;
3157 2376 3450 2432 dummodo
3496 2382 3815 2440 notitiai-nm

595 2466 909 2532 scriptorcs,
944 2463 1025 2517 vel
1055 2463 1146 2532 qui
1181 2476 1271 2515 eas
1303 2461 1354 2514 in
1389 2461 1561 2515 lucem
1588 2461 1912 2524 eduxerunt,
1950 2462 2316 2515 innotescant.
2349 2461 2602 2515 Edidcrat
2636 2460 2981 2516 Andronicus
3011 2461 3291 2531 Augustus
3324 2465 3508 2519 senior
3539 2467 3815 2538 notitiam,

596 2566 757 2619 quam
801 2549 992 2606 Iunius
1023 2566 1121 2620 pro
1148 2549 1374 2605 arbitrio
1406 2548 1794 2621 interpretatus
1834 2548 2135 2604 Codiniano
2166 2550 2445 2617 subjunxit
2482 2549 2665 2618 operi;
2698 2562 2759 2601 ea
2797 2554 3035 2612 tantum,
3088 2563 3173 2603 me
3225 2550 3443 2619 quidem
3490 2551 3698 2620 judice,
3746 2554 3817 2607 de

595 2651 793 2704 causa,
826 2638 968 2707 quod
1000 2637 1141 2693 hanc
1167 2636 1252 2691 isti
1284 2637 1580 2691 subnexam
1617 2637 1755 2691 idem
1788 2652 1890 2693 ms.
1924 2637 2091 2691 codex
2126 2628 2502 2706 suggessisset.
2537 2634 2745 2687 Placuit
2772 2632 3025 2689 Gretsero
3066 2645 3336 2705 repertam
3372 2637 3532 2701 aliam
3584 2638 3637 2692 in
3683 2636 3821 2693 lure

599 2724 1066 2789 Graeco-Romano,
1095 2724 1189 2778 sed
1219 2723 1375 2776 titulo
1404 2732 1456 2777 et
1482 2724 1834 2792 inscriptione
1880 2731 2176 2793 expertem,
2208 2723 2370 2777 veluti
2427 2721 2617 2787 facem,
2651 2720 3085 2785 Androniciante,
3114 2736 3220 2791 qua
3248 2722 3338 2776 lux
3371 2720 3647 2793 aﬂulgeret
3675 2739 3817 2794 prae-

600 2811 810 2863 mittere
840 2829 855 2865 :
885 2826 1071 2863 verum
1113 2808 1244 2860 facis
1278 2808 1525 2859 obscura:
1557 2808 1737 2860 lumen
1769 2808 2061 2863 obscurius
2116 2808 2260 2864 ferre
2293 2826 2403 2864 non
2435 2818 2731 2881 potuerunt
2760 2809 2926 2865 oculi.
2960 2807 3287 2884 Tertiatnex
3320 2809 3599 2866 Vaticanis
3622 2810 3686 2866 P.
3709 2812 3818 2867 Ca-

600 2895 749 2947 rolus
776 2909 804 2945 a
833 2892 885 2945 S.
926 2893 1090 2945 Paulo
1122 2891 1473 2945 Abrincensis
1518 2900 1705 2959 postea
1740 2893 1938 2958 praesul
1987 2894 2156 2946 edidit
2180 2911 2351 2949 sacrae
2381 2910 2491 2949 suae
2521 2895 2862 2966 geographiae
2894 2895 3075 2950 tacitis
3100 2895 3262 2949 etiam
3297 2888 3365 2950 de
3397 2896 3617 2952 nomine
3647 2912 3817 2969 supe-

602 2978 837 3033 riorihus
872 2995 967 3032 ceu
996 2978 1264 3045 Parcrgou
1292 2978 1549 3029 insiertam
1578 3015 1593 3039 ,
1626 2986 1939 3044 quartusque
1967 2977 2123 3032 alteri
2155 2997 2315 3047 quam
2352 2980 2516 3049 Regia
2544 2982 2959 3050 suppeditarunt
2988 2984 3191 3037 sociam
3226 2981 3375 3037 fecit.
3411 2982 3667 3049 Quintam
3701 2999 3823 3039 me-

604 3080 871 3120 morarem
898 3067 1036 3117 inter
1066 3065 1226 3116 hasce
1260 3062 1487 3117 mediam
1524 3063 1576 3115 in
1603 3064 1844 3131 ejusdem
1872 3066 2121 3131 praesulis
2143 3067 2461 3121 collectione
2487 3069 2745 3134 locatam,
2782 3069 2836 3123 ni
2873 3072 3019 3139 (cum
3053 3080 3261 3125 vetusta
3287 3071 3359 3126 sit
3390 3079 3445 3126 et
3475 3072 3818 3141 imperfecta,

604 3166 813 3206 necnon
848 3151 1102 3215 Hierocli,
1132 3150 1288 3218 cujus
1320 3162 1678 3219 pcrvetttstam
1714 3149 1962 3203 notitiam
2011 3154 2341 3221 recognitum
2372 3160 2423 3204 et
2455 3154 2721 3222 integram
2768 3155 3124 3212 doctissimus
3159 3156 3471 3211 llolstenius
3504 3158 3821 3226 pollicetur,

605 3254 710 3294 non
741 3238 929 3292 leviter
960 3236 1268 3305 tribuatur)
1300 3237 1368 3291 ab
1396 3251 1456 3291 ea
1489 3250 1629 3290 nunc
1684 3235 2014 3290 rccensenda
2048 3246 2159 3292 tum
2193 3237 2370 3306 operis
2399 3237 2727 3305 antiquitas,
2762 3246 2875 3291 tum
2929 3254 3057 3308 erga
3104 3241 3265 3293 talem
3317 3240 3507 3294 virum’
3546 3253 3819 3297 vetustum

606 3341 744 3397 opus
782 3327 924 3381 velut
954 3345 983 3379 e
1018 3315 1305 3379 ruderibus
1335 3338 1552 3389 eruere,
1581 3337 1643 3377 ac
1669 3336 1779 3377 stite
1803 3324 2027 3387 puritati
2063 3326 2347 3380 restituere
2376 3323 2686 3377 molientem
2721 3324 3019 3378 retraheret
3049 3326 3374 3380 reverentia.
3398 3326 3643 3382 Praefatis
3669 3330 3823 3384 hisce

604 3427 823 3467 manum
860 3412 1141 3465 admovere
1171 3412 1429 3480 compulit
1456 3426 1607 3465 amor
1636 3414 1984 3483 integritatis,
2009 3426 2130 3481 qua:
2160 3425 2337 3465 rerqu
2369 3410 2540 3465 forma
2566 3410 2734 3465 decus
2766 3416 2853 3464 est
2880 3417 2933 3464 et
2962 3408 3241 3479 perfectio,
3270 3417 3324 3463 et
3350 3419 3613 3475 nostram,
3643 3426 3822 3481 quan-

610 3500 935 3567 tulacunque
988 3497 1097 3561 sit,
1129 3512 1345 3565 operam
1382 3498 1595 3565 publica
1632 3502 1927 3568 postulavit
1958 3500 2183 3554 utilitas.
2240 3498 2360 3563 Quo
2396 3497 2447 3551 in
2490 3497 2708 3565 negotio
2740 3496 2914 3566 Regia:
2942 3494 3281 3551 Bibliotheca:
3310 3510 3441 3551 mss.
3475 3511 3640 3563 usus,
3675 3498 3821 3566 quod

609 3586 859 3637 mutilum
887 3594 1003 3637 erat
1028 3583 1263 3649 reposui,
1287 3582 1433 3649 quod
1460 3586 1779 3652 corruptum
1817 3587 2084 3651 reparavi,
2106 3585 2249 3653 quod
2277 3586 2571 3638 obscurum
2603 3583 2893 3647 illustrari,
2921 3582 3068 3653 quod
3100 3596 3292 3653 vagum
3326 3590 3523 3645 eratet
3551 3585 3823 3639 incertum

609 3671 663 3722 in
693 3669 968 3722 meliorem
1007 3660 1247 3720 ordinem
1283 3668 1483 3734 redegi.
1516 3667 1659 3719 inter
1692 3669 1859 3721 hasce
1884 3683 2009 3722 vero
2043 3672 2192 3725 datas
2224 3672 2305 3725 vel
2344 3672 2653 3737 recognitas
2681 3685 2709 3723 a
2736 3684 2821 3726 me
2855 3670 3080 3726 notitias
3114 3669 3216 3725 ista
3248 3669 3420 3725 series
3446 3678 3530 3725 est
3553 3678 3609 3726 et
3636 3685 3822 3726 rerum

613 3765 856 3811 servatus
902 3752 1071 3817 ordo,
1102 3761 1160 3808 ut
1203 3752 1256 3805 in
1315 3754 1486 3822 prima
1534 3752 1710 3831 fronte
1750 3753 2051 3821 diatyposis
2076 3755 2273 3812 Leonis
2301 3759 2528 3829 Augusti
2580 3766 2705 3814 ante
2756 3758 3102 3831 octingentos
3129 3759 3347 3814 circiter
3383 3771 3556 3813 annos
3590 3758 3824 3829 digesta,

614 3841 858 3911 quamvis
885 3839 1169 3894 recentiori
1202 3838 1517 3894 charactere
1546 3829 1911 3906 conscriptam
1948 3845 2262 3909 repererim,
2294 3834 2637 3913 exhibeatur,
2667 3862 2830 3917 quam
2866 3829 3105 3914 si'velis,
3141 3863 3302 3919 supra
3354 3847 3570 3903 laudato
3598 3847 3826 3904 debebis

613 3928 929 3983 Abrincensi
959 3926 1172 3999 praesuli
1209 3926 1425 3997 (exstat
1451 3928 1595 3981 enim
1631 3927 1685 3982 in
1714 3932 1832 3998 ejus
1862 3944 2016 3984 sacra
2049 3932 2414 4000 geographia)
2444 3935 2529 3988 sin
2559 3937 2776 4001 minus,
2810 3951 2876 3989 ex
2918 3948 3068 4006 parte
3113 3935 3242 3989 mihi
3274 3934 3564 3992 vindicabo
3585 3976 3598 4001 ,
3628 3951 3727 3991 ceu
3757 3952 3823 3991 ex

611 4016 827 4072 diverso
856 4016 1074 4081 codice,
1117 4029 1277 4081 quem
1309 4016 1471 4070 variae
1501 4015 1758 4071 lectiones
1785 4022 2022 4087 arguunt
2054 4018 2454 4085 conscriptam,
2481 4028 2534 4073 et
2564 4022 2829 4092 integrius
2856 4038 3018 4092 quam
3055 4025 3283 4079 antehac
3304 4067 3318 4091 ,
3349 4026 3431 4078 vel
3477 4023 3665 4078 Graece
3707 4032 3828 4075 tra-

610 4102 797 4164 ditam,
824 4103 905 4156 vel
935 4099 1124 4154 Latine
1150 4103 1468 4170 expositam.
1498 4101 1554 4155 ln
1586 4101 1706 4170 ejus
1731 4112 1949 4171 aspectu
1984 4102 2157 4171 primo
2180 4106 2641 4170 patriarchatuum
2676 4112 2923 4178 splendet
2950 4110 3207 4180 dignitas,
3246 4112 3473 4167 subinde
3497 4110 3829 4179 metropolis

610 4201 729 4252 quae
760 4186 1387 4266 Constantinopolitaan
1418 4187 1529 4241 sedi
1582 4187 1951 4261 subjiciuntur
1979 4190 2215 4253 elucent,
2247 4192 2460 4245 demum
2513 4196 2877 4262 cpiscOpatus,
2909 4191 3047 4265 uuos
3101 4199 3203 4251 illae
3254 4199 3627 4266 sutl‘raganeos
3652 4210 3827 4264 agno-

614 4280 797 4334 scunt,
834 4280 1191 4325 recensentur
1227 4290 1239 4323 :
1274 4244 1482 4328 similes
1509 4258 1826 4345 dignitates,
1860 4278 2256 4344 quasthronos
2283 4289 2494 4339 vocant,
2525 4244 2981 4345 p31l'i8l‘Cll3lllilllS
3015 4283 3134 4337 aliis
3170 4244 3453 4338 Ecclesiisv
3471 4282 3597 4336 facit
3630 4244 3827 4335 auoctor

613 4357 816 4411 notitia
836 4395 850 4419 ,
887 4370 1070 4423 verum
1102 4357 1190 4410 ubi
1223 4356 1289 4412 de
1316 4357 1558 4415 Romana
1590 4362 1919 4417 mentionem
1953 4363 2147 4423 habet,
2180 4370 2325 4415 tanta
2352 4376 2403 4416 ct
2431 4364 2551 4415 talis
2584 4372 2667 4418 est
2696 4365 2749 4418 in
2782 4368 3119 4421 subditorum
3150 4370 3561 4436 episcop‘atuum
3592 4378 3826 4423 enume-

614 4444 825 4497 ratione
858 4441 1105 4505 varietas,
1137 4449 1287 4497 tauta
1310 4461 1500 4502 vocum
1526 4450 1828 4518 corruptio,
1860 4457 2009 4501 tanta
2040 4449 2272 4516 denique
2294 4447 2709 4516 appellationum
2734 4450 2983 4506 confusio
3010 4453 3294 4521 reperitur,
3317 4463 3372 4505 ut
3400 4465 3530 4520 pace
3554 4452 3653 4504 viri
3677 4452 3827 4506 litte-

615 4530 718 4583 rati
744 4529 972 4583 dixcrim
997 4569 1011 4593 ,
1048 4535 1229 4597 putem
1255 4568 1269 4593 ,
1302 4534 1385 4587 vel
1420 4536 1487 4590 ab
1516 4535 1946 4591 Occidentalium
1977 4536 2218 4591 locbrum
2250 4536 2456 4602 ignaro,
2492 4534 2569 4588 vel
2597 4536 2662 4588 ab
2691 4536 2941 4606 imperito
2964 4539 3329 4607 conscriptam
3360 4556 3371 4591 :
3402 4552 3519 4606 quae
3547 4552 3632 4590 res
3664 4537 3730 4589 ab
3761 4553 3826 4592 ea

619 4631 683 4669 cx
719 4618 931 4683 integro
969 4616 1311 4670 restituenda
1346 4636 1430 4675 me
1463 4624 1741 4691 prohibuit
1789 4626 1881 4690 (ut
1916 4624 1982 4677 ab
2010 4624 2248 4691 ejusdem
2280 4625 2722 4691 interpretatione
2768 4641 2832 4679 ex
2885 4627 3093 4697 integro
3133 4626 3476 4696 suscipienda
3500 4666 3514 4692 ,
3544 4640 3825 4695 nunquam

618 4704 749 4755 satis
780 4699 1400 4761 laudandiAbrincensis
1426 4710 1700 4766 Antistitis
1734 4713 1884 4781 prius
1913 4713 2247 4765 deterruerat
2279 4726 2338 4763 ac
2368 4711 2583 4780 penitus
2610 4722 2865 4767 avocarat
2894 4716 3164 4783 mentem)
3195 4732 3207 4769 :
3234 4730 3339 4768 non
3362 4714 3504 4768 enim
3538 4728 3656 4767 eam
3690 4713 3823 4767 mihi

618 4787 935 4843 demandavi
966 4788 1297 4854 provinciam
1330 4802 1387 4845 ut
1417 4800 1715 4862 generalem
1746 4814 1967 4867 pret-sus
2001 4796 2440 4867 patriarchaliuni
2468 4800 2708 4854 omnium
2740 4801 3106 4856 Ecclesiarutn
3134 4842 3145 4866 ,
3177 4803 3269 4857 sed
3301 4802 3445 4856 illam
3477 4802 3825 4870 potissimum

617 4893 737 4945 quae
782 4874 978 4929 Leonis
1033 4875 1259 4945 Augusti
1303 4892 1498 4933 nomen
1552 4883 1769 4946 defert,
1834 4888 1917 4937 cui
1996 4883 2197 4953 aliquid
2254 4886 2556 4954 splendoris
2617 4903 2681 4942 cx
2745 4898 2932 4942 nostro
3005 4889 3236 4943 accessit
3286 4889 3498 4953 labore,
3561 4887 3823 4942 referrem

619 4963 864 5018 notitiam
899 4979 911 5012 :
948 4969 1005 5015 ut
1040 4969 1099 5014 ut
1130 4977 1187 5017 se
1213 4977 1302 5017 res
1329 4963 1489 5017 habet
1518 4968 1756 5033 praefato
1800 4973 2109 5038 imperatori
2155 4975 2444 5041 ascriptatn
2490 4976 2725 5038 rccudo;
2759 4977 2948 5044 illique
2983 4973 3279 5029 secundum
3310 4990 3372 5026 ex
3407 4974 3671 5027 Vaticano
3702 4971 3826 5026 solo

590 5050 901 5104 ‘netnorati
933 5047 1042 5117 jam
1075 5048 1274 5117 smpius
1307 5051 1547 5102 aucturis
1583 5067 1709 5103 cura
1743 5056 2149 5121 depromptum,
2184 5061 2429 5113 nonnihil
2473 5062 2765 5115 tutioribns
2796 5062 3123 5128 conjecturis
3154 5057 3532 5120 emendatam,
3567 5058 3825 5126 aduecto.

617 5136 811 5195 Tertia:
840 5151 868 5188 a
895 5134 1151 5190 Gretsero
1182 5137 1335 5204 prius
1372 5136 1508 5188 data:
1536 5138 1749 5189 titulum
1778 5154 1839 5189 cx
1878 5140 2186 5197 ﬁdelissima
2233 5157 2411 5200 textus
2458 5164 2579 5202 cum
2612 5147 2782 5217 Regio:
2820 5146 3149 5199 Bibliotheca:
3178 5156 3309 5195 mss.
3342 5142 3637 5194 collatione
3683 5158 3824 5209 prte-

618 5227 739 5291 tixi;
772 5234 962 5294 prater
993 5238 1130 5299 quas
1162 5224 1527 5294 suppeditavit
1559 5234 1612 5277 ct
1638 5224 1800 5275 aliam
1833 5223 1997 5288 llegia
2028 5228 2213 5281 eadem
2247 5247 2396 5298 gaza,
2430 5234 2586 5301 cujus
2629 5236 2839 5302 egregie
2860 5232 3102 5299 digestus
3136 5230 3268 5282 ordo
3301 5242 3498 5281 nomen
3536 5227 3829 5295 scriptoris

617 5313 911 5375 desiderat,
941 5326 1099 5379 quam
1138 5323 1189 5365 et
1216 5311 1624 5364 accuratissime
1656 5324 1775 5363 cum
1809 5313 2119 5363 memoratis
2158 5311 2240 5379 [Ε.
2267 5316 2324 5367 Ρ.
2349 5318 2475 5389 ⁸556]
2505 5318 2674 5385 Regia:
2704 5316 3039 5369 Bibliotheca:
3071 5315 3436 5369 monumentis
3466 5306 3745 5375 collatam,
3774 5322 3828 5366 ct

617 5397 763 5452 Juris
794 5398 1232 5454 Graeco-Romani
1264 5398 1592 5453 conformem
1625 5397 1919 5465 exemplari
1951 5396 2004 5449 in
2035 5410 2229 5465 quarto
2260 5400 2629 5470 dispositionis
2661 5410 2859 5455 nostrae
2887 5401 3077 5455 ordine
3103 5401 3385 5455 collocavi.
3419 5400 3675 5471 Sequitur
3707 5408 3824 5451 tum

619 5483 828 5538 dentom
856 5502 976 5556 qua:
1010 5489 1079 5541 ab
1122 5488 1435 5541 Andronico
1469 5485 1690 5540 Seniore
1724 5500 1831 5537 non
1864 5483 2018 5552 plene
2049 5485 2240 5539 dissito
2272 5503 2299 5538 a
2332 5491 2533 5543 nostris
2578 5490 2731 5541 annis
2783 5492 2978 5542 smculo
3024 5488 3165 5543 edita
3215 5498 3488 5555 censetur,
3523 5498 3581 5542 ut
3608 5487 3829 5543 scilicet

618 5570 754 5632 alite,
786 5588 901 5638 quae
932 5575 1011 5627 vel
1047 5576 1203 5628 titulo
1242 5575 1323 5628 vel
1362 5576 1599 5629 auctoris
1630 5575 1709 5627 sui
1740 5573 1957 5626 nomine
1980 5575 2268 5638 carebant,
2295 5574 2435 5627 inter
2474 5576 2794 5643 Augustales
2830 5578 3016 5645 positae
3046 5575 3165 5645 plus
3195 5574 3407 5630 roboris
3434 5582 3488 5629 et
3515 5572 3828 5643 splendoris

619 5656 909 5712 obtineant.
945 5660 1208 5715 Codinum
1238 5662 1432 5718 Junius
1464 5667 1517 5721 in
1556 5680 1648 5719 sua
1682 5662 2121 5731 interpretatione
2155 5660 2514 5734 reprehendit,
2544 5659 2760 5717 lanium
2788 5665 3037 5722 similiter
3066 5662 3118 5717 in
3151 5677 3247 5719 sua
3272 5661 3639 5721 elucidationc
3671 5664 3825 5713 notat
