3928 6304
76 284 212 348 425

1203 283 1555 348 NOVELLE
1577 282 2220 344 CONSTITUTIONES

3185 285 3287 346 426

90 396 406 466 Ῥωμαϊκῇ
450 397 767 469 ἐπικρατείᾳ
801 397 1071 462 διατάξεις
1112 397 1558 465 τεθεσπισμένας,
1590 397 1663 448 οί-

1763 393 1985 462 imperio
2006 393 2129 448 inde
2159 395 2225 448 ab
2254 394 2409 448 initio
2430 406 2601 462 usque
2623 392 2690 446 ad
2726 406 2879 448 suam
2942 400 3153 447 aetatem
3207 393 3293 445 di-

85 483 294 546 κείαις
324 485 592 556 φροντίσιν
619 489 710 538 καὶ
732 487 912 549 πόνοις
936 485 1094 556 ἔργον
1113 486 1539 557 ἀξιοθαύμαστόν
1566 484 1662 553 τὴν

86 571 223 625 τῶν
262 575 442 641 νόμων
471 571 597 644 ὃλην
651 576 1051 644 σωματοποιίαν
1095 577 1173 638 είς
1218 575 1531 642 εὐεργεσίαν
1556 573 1664 625 τῶν

92 659 376 730 ὑπηκόων
405 661 814 732 ἐφιλοτιμήσατο
845 663 1374 726 κατασκευάσασθαι,
1413 662 1505 715 καὶ
1534 661 1588 711 εί
1609 677 1661 712 τι

94 747 220 814 μὲν
262 749 578 803 ὑπεναντίον
616 751 709 804 καὶ
749 752 1083 820 ἀνάρμοστον
1123 752 1418 818 διεφαίνετο
1458 751 1661 804 ἀνακα-

91 837 310 906 Θάρας,
349 840 417 892 δι’
447 835 520 894 ὧν
558 841 614 894 δι
643 841 739 910 τὴν
777 839 1135 911 εὐαρμοστίαν
1176 838 1663 914 ἐμπολιτευομένην

91 925 256 993 ἔγνω
287 927 460 984 ταῦτα
489 931 566 988 τίς
605 929 664 979 ἓν
710 928 1147 1004 συνυφηνάμενος
1185 927 1282 979 καὶ·
1319 924 1663 995 στοιχειώσας

98 1015 213 1068 καὶ
239 1016 429 1084 ὥσπερ
453 1020 530 1080 είς
562 1017 805 1087 στάθμην
834 1017 989 1088 δίκης
1022 1018 1148 1087 μίαν
1164 1018 1661 1086 καταστησάμενος,

93 1106 206 1173 ὑφ’
229 1102 300 1176 ἧς
335 1108 398 1159 τό
424 1123 482 1158 τε
520 1107 724 1160 δίκαιον
762 1107 942 1163 καὶτὸ
992 1108 1066 1179 μὴ
1097 1107 1332 1161 τοιοῦτον
1364 1107 1424 1161 δν
1462 1105 1664 1177 διεκρί-

91 1210 256 1246 νετο.
291 1195 451 1247 Ἀλλά
496 1195 623 1264 γὰρ,
652 1195 726 1259 ὡς
773 1196 938 1262 ἔοικε,
975 1195 1244 1266 πανταχοῦ
1287 1196 1567 1249 κάλλιστον
1605 1195 1666 1247 τὸ

88 1284 306 1350 μηδὲν
333 1283 505 1353 ἄγαν.
539 1287 647 1338 Καὶ
693 1287 802 1357 γάρ
827 1287 968 1340 οὕτω
1013 1287 1194 1349 καλῶς
1229 1289 1309 1349 είς
1336 1286 1394 1339 εν
1418 1287 1575 1355 σῶμά
1605 1304 1662 1339 τε

94 1376 483 1441 ποιησάμενος
533 1377 551 1406 ⁷
598 1378 697 1444 τὴν
734 1376 1281 1446 καταμεμερισμένην
1328 1375 1438 1428 τῶν
1488 1376 1666 1442 νόμων

95 1461 436 1524 ὑπόστασιν,
470 1464 562 1514 καὶ¹
599 1463 666 1514 τὰ
695 1463 752 1529 ἐξ
789 1457 863 1517 ὧν
889 1465 949 1516 τὸ
981 1465 1292 1535 ἐναρμόνιον
1321 1463 1416 1532 τῆς
1443 1463 1668 1532 νομικῆς

92 1551 429 1620 οἰκονομίας
465 1552 720 1615 πολλάκις
759 1556 1100 1624 πρεκινεῖτο
1134 1553 1544 1622 ἑξισωσάμενος,
1577 1554 1668 1605 καὶ

95 1639 249 1704 πρὸς
288 1639 423 1706 μίαν
461 1643 776 1708 συμφωνίαν
802 1643 867 1694 ἐκ
900 1640 994 1693 τοῦ
1023 1642 1161 1710 πρὸς
1193 1644 1373 1694 ἐκεῖνα
1406 1642 1538 1709 μόνα
1572 1640 1668 1706 τὴν

98 1725 336 1778 πάντων
376 1726 770 1778 ἀπευθῦνεσθαι
795 1726 972 1794 ψῆφον
1007 1727 1128 1789 τοὺς
1159 1726 1473 1788 δικάζοντας
1503 1742 1665 1778 κατα-

97 1815 339 1884 στήσας,
367 1814 459 1866 xui.
487 1814 714 1882 ἀμάχως
741 1814 945 1882 κρίνειν
966 1813 1305 1884 συμϐιϐάσας
1321 1818 1388 1885 τῇ
1419 1816 1665 1883 είρηναίᾳ

92 1902 205 1955 καὶ
231 1902 435 1972 ἀμάχῳ
463 1903 569 1954 τῶν
593 1900 835 1971 νομίμων
873 1902 1178 1970 κεφαλαίων
1226 1902 1571 1966 καταστάσει,
1602 1903 1661 1953 οὐ

94 1992 342 2060 στέρξας
369 1989 463 2054 ἐπὶ
493 1990 719 2054 τούτοις,
764 1989 900 2044 άλλά
938 1991 1156 2059 ἄμεινόν
1181 2007 1234 2043 τι
1271 1991 1568 2060 διανοηθεὶς
1596 1993 1661 2062 τῇ

95 2080 360 2148 πολιτείᾳ
394 2080 530 2148 μετά
554 2079 723 2132 ταῦτα
753 2079 1089 2150 χαρίζεσθαι,
1127 2079 1310 2133 ἔλαθεν
1337 2075 1417 2143 οἷς
1443 2080 1664 2148 ὕστερον

95 2168 472 2237 ἐνομοθέτησε
515 2169 609 2223 καὶ
649 2169 727 2239 τῷ
767 2168 965 2241 πρώτῳ
1003 2170 1375 2240 λυμηνάμενος
1407 2170 1550 2241 ἔργῳ
1571 2169 1665 2222 καὶ
1729 2212 1742 2231 ,

92 2255 163 2308 τὸ
191 2255 447 2327 δεύτερον
475 2258 573 2310 οὐκ
601 2260 968 2329 ἐργασάμενος
1009 2261 1314 2330 ἄμεμπτον,
1362 2259 1666 2327 ἀντιλογίας

94 2345 204 2398 καὶ
227 2346 404 2417 ἔριδος
435 2351 497 2400 ὲκ
519 2349 618 2418 τῆς
657 2349 877 2426 ὕστερον
915 2351 1069 2420 αὐτῷ
1110 2351 1506 2425 margaritam;
1531 2351 1661 2404 ὕπο-

97 2436 315 2498 ῡέσεως
356 2439 454 2489 οὐκ
479 2438 661 2506 ὀλίγης
688 2437 820 2508 πρὸς
855 2439 952 2508 τὴν
983 2439 1247 2508 προτέραν
1270 2438 1664 2506 άνακεκινημὲ·

95 2539 227 2590 νης.
265 2524 360 2590 Τῷ
392 2527 490 2592 μὲν
519 2521 610 2576 οὖν
650 2525 833 2592 οίκείῳ
878 2526 1103 2593 καμάτῳ
1141 2526 1312 2586 οὕτως
1337 2526 1405 2578 δι’
1426 2526 1666 2578 ἑαυτοῦό

106 2609 493 2668 ἰουστινιανὺς
537 2610 862 2677 ἑλωσήσατο.
907 2610 981 2662 Οὐ
1048 2611 1154 2678 μὴν
1198 2609 1331 2662 ἀλλὰ
1377 2612 1663 2680 καὶμέχρι

91 2695 202 2747 τοῦ
227 2695 326 2748 νῦν
346 2696 404 2760 ἐξ
426 2696 629 2749 ἐκείνου
653 2697 746 2750 τοῦ
771 2697 961 2767 καιροῦ
986 2697 1109 2768 ἄρτι
1138 2699 1237 2769 μὲν
1266 2699 1370 2752 ὑπὸ
1387 2701 1663 2768 νεωτέρων

94 2785 500 2852 θεσπισμάτων
527 2786 650 2855 ἄρτι
673 2787 730 2839 δὲ
762 2788 864 2840 ὑπὸ
894 2787 1188 2857 πνηθειῶν
1213 2789 1550 2844 ἀθεσπίστων
1571 2790 1665 2843 καὶ

96 2876 283 2941 μόνην
308 2874 753 2945 προδαλλομένων
779 2878 930 2946 ίσχὺν
950 2877 1046 2947 τὴν
1063 2878 1171 2931 τῶν
1189 2878 1361 2949 όχλων
1377 2881 1667 2949 ἀρέσκειαν

95 2961 315 3028 πολλῆς
363 2963 751 3034 ἐπιγενομένης
789 2965 1166 3035 καινοτομίας,
1222 2967 1417 3038 μικροῦ
1459 2970 1528 3023 τὰ
1556 2969 1663 3021 τῶν

93 3052 293 3117 νόμων
319 3051 663 3120 συγκέχυται,
700 3055 794 3107 καὶ
829 3055 940 3108 ἄνω
963 3057 1070 3110 καὶ
1112 3057 1260 3110 κάτω
1303 3061 1665 3130 πεττευόμενα

95 3138 169 3191 τά
202 3139 507 3206 πράγματα
541 3142 780 3212 φέρεται.
807 3143 904 3196 Διὰ
923 3143 1096 3210 τοῦτο,
1133 3145 1290 3216 είπερ
1323 3164 1377 3199 τι
1405 3147 1550 3210 ἄλλο,
1575 3148 1666 3200 καὶ

94 3227 302 3280 τούτου
349 3230 479 3296 ήμῖν
527 3229 635 3283 τῶν
689 3231 1127 3300 ἀναγκαιοτάτων
1178 3238 1259 3298 είς
1307 3231 1368 3288 τὸ
1414 3237 1665 3305 προνοίας

97 3315 614 3389 ἀναλαμϐανούσης
652 3324 832 3392 τυχεῖν
879 3323 1029 3387 ἀξίου
1066 3325 1462 3394 πραγματείαν,
1501 3324 1665 3376 ἔτιδὲ

99 3407 204 3459 καὶ
225 3407 330 3469 τὰς
356 3409 436 3470 είς
462 3407 559 3480 τὴν
579 3409 687 3463 τῶν
713 3414 1051 3484 πραγμάτων
1081 3413 1339 3486 διοίκησιν
1367 3414 1664 3484 ’παρελθοιό⁴

99 3513 205 3558 σας
239 3497 526 3563 συνηθείας
567 3501 1008 3571 ἐπισκεψάμενοι,
1046 3503 1153 3555 τῶν
1206 3503 1305 3572 μὲν
1345 3505 1519 3570 νόμων
1565 3502 1664 3570 τὴν

98 3588 424 3654 ἀντιλογίαν
483 3591 1002 3660 ἀπεσκευασάμεθα,
1060 3593 1168 3644 πᾶν
1227 3589 1519 3644 ἀντίπαλον
1569 3592 1662 3644 καὶ

99 3679 246 3746 πρὸς
274 3677 380 3748 τὴν
417 3681 682 3748 φέρουσαν
720 3680 940 3756 ἄγωγήν
958 3680 1064 3732 τῶν
1103 3681 1434 3748 πραγμάτων
1469 3679 1662 3747 ἀθέμι-

98 3783 198 3821 τον
238 3770 343 3836 τῆς
384 3769 611 3838 νομικῆς
661 3767 815 3832 ἀξίας
863 3767 1455 3839 ἀποχειροτονήσαντες,
1494 3770 1590 3831 τὰς
1617 3769 1661 3820 δ’

98 3857 226 3908 ὅσαι
269 3855 550 3924 συνήθειαι
577 3857 637 3908 οὐ
684 3856 900 3924 φαύλως
946 3858 1158 3910 ἐδόκουν
1197 3857 1303 3908 οὐδ’
1357 3857 1661 3920 ὲπιὸλαξῶς

102 3943 400 4012 ῥυθμίζειν
446 3944 866 4015 τῖ’-πράγματα,
901 3945 1101 4007 ταύτας
1149 3947 1340 4014 μηκέτι
1380 3947 1658 4015 συνηθείας

99 4035 338 4098 ἀλόγους
360 4029 498 4084 εἶναι
528 4034 931 4096 καταλιπόντες.
959 4034 1073 4086 ἀλλ’
1099 4036 1179 4096 είς
1199 4035 1440 4098 ἐξουσίαν
1473 4037 1661 4089 θεσπί-

105 4136 322 4189 σματος
358 4123 813 4189 καταστήσαντες,
867 4122 980 4177 ἐστι
1029 4114 1073 4176 δ’
1114 4126 1243 4178 ὅπου
1295 4128 1386 4178 καὶ
1430 4128 1562 4197 πρὸς
1603 4129 1663 4180 τὸ

102 4210 320 4280 ἀπηνὲς
366 4211 460 4262 καὶ
507 4211 920 4283 ἀποτομώτερον
968 4207 1178 4290 ὁρῶντα
1221 4217 1312 4269 τὸν
1363 4219 1526 4288 νόμον
1569 4222 1662 4274 καὶ

102 4303 303 4388 ᾦσπερ
328 4299 674 4372 ἐξιστάμενον
702 4303 800 4373 τῆς
821 4303 975 4375 δίκης
1006 4307 1084 4370 είς
1112 4309 1172 4358 τὸ
1194 4309 1389 4362 οἰκεῖον
1413 4311 1505 4364 καὶ
1525 4312 1659 4383 πρέ·-

103 4408 208 4444 πον
235 4390 615 4454 συστείλαντες
652 4395 851 4464 σχῆμα,
882 4398 972 4450 καὶ
999 4399 1061 4468 τῇ
1097 4400 1416 4472 ὀφειλομένη
1441 4405 1551 4465 τοῖς
1577 4404 1660 4456 νόο

105 4499 232 4551 μοις
258 4479 575 4554 δικαιοσύνη
588 4485 632 4539 ⁸.
1065 4506 1070 4510 -

1757 482 1950 538 versis.
1980 483 2309 551 temporibus
2354 482 2525 537 editas
2569 481 2859 550 accipiens,
2907 497 3012 551 quo
3054 483 3188 537 bene
3227 481 3297 537 de

1760 571 1990 626 subditis
2013 581 2328 636 mereretur,
2363 568 2630 624 industria
2644 579 2694 622 et
2715 568 2988 623 laboribus
3017 569 3138 623 suis
3157 582 3295 638 opus

1760 658 2111 712 admiratione
2164 647 2405 727 dignum,
2435 658 2813 710 universarum
2847 670 3044 724 nempe
3111 656 3295 724 legum

1761 747 1907 802 illam
1940 747 2429 815 incorporationem
2483 746 2616 817 (14),
2646 760 2856 800 summa
2899 759 3020 799 cum
3064 755 3292 798 conten-

1759 837 1906 890 tione
1932 835 2139 889 ellicere
2168 844 2250 890 est
2274 845 2532 889 conatus.
2575 832 2632 886 Si
2680 833 2808 901 quid
2843 832 3172 886 contrarium
3198 842 3292 886 aut

1762 924 2153 978 inconveniens
2238 931 2536 992 appareret,
2588 921 2926 991 repurgavit:
2976 935 3039 974 ex
3097 922 3294 986 quibus

1762 1029 1888 1068 vero
1929 1013 2288 1083 compositum
2324 1011 2633 1079 reipublicae
2682 1024 2746 1063 ac
2809 1010 3063 1063 decorum
3095 1016 3294 1084 statum

1760 1101 2084 1155 exstiturum
2112 1101 2375 1162 crederet,
2426 1100 2538 1154 haec
2581 1101 2635 1152 in
2670 1114 2836 1153 unum
2873 1097 3168 1159 contexuit,
3211 1103 3296 1148 at.
3345 1157 3352 1160 _

1763 1205 1870 1258 que
1897 1189 2111 1245 velutin
2140 1197 2308 1244 artem
2336 1189 2567 1260 aliquam
2589 1188 2922 1250 informavit,
2951 1185 3213 1256 quasique
3239 1186 3292 1236 in

1769 1294 1874 1334 una
1913 1279 2136 1348 justitize
2180 1280 2337 1345 libra,
2393 1295 2422 1332 a
2449 1291 2554 1346 qua
2577 1277 2782 1346 justum
2811 1291 2841 1330 a
2866 1274 3080 1331 diverso
3134 1284 3187 1328 et
3218 1273 3298 1327 in-

1763 1371 1912 1439 justo
1961 1369 2376 1431 discerperetur,
2419 1368 2702 1422 constituit
2743 1375 2798 1421 et
2851 1364 3153 1420 collocavit.
3205 1363 3298 1416 At-

1765 1460 1858 1527 qui
1919 1459 2021 1524 (ut
2081 1459 2333 1523 constat)
2397 1457 2596 1527 ubique
2672 1465 2755 1512 cst
2832 1455 3298 1526 pulcherrimum,

1766 1559 1826 1601 ut
1852 1565 1912 1601 ne
1940 1550 2066 1617 quid
2095 1548 2205 1615 (l5)
2235 1547 2412 1602 nimis.
2442 1548 2576 1600 Cum
2609 1562 2839 1615 namque
2871 1547 2928 1601 in
2953 1546 3149 1600 multas
3175 1558 3300 1614 par-

1767 1645 1850 1690 tes
1893 1635 2136 1688 divisam-
2189 1636 2363 1699 legum
2401 1636 2759 1688 Substantiam
2809 1650 2873 1688 ac
2916 1634 3194 1687 materiam
3245 1635 3299 1686 in

1699 1707 1738 1759 Β
1767 1737 1933 1776 unum
1968 1737 2168 1790 corpus
2191 1723 2300 1791 (16)
2329 1732 2474 1776 tanta
2510 1739 2633 1776 cum
2667 1723 2824 1777 laude
2850 1732 3296 1790 coagmentasset,

1763 1820 2018 1881 praeterea
2068 1813 2228 1865 etiam
2258 1826 2376 1879 quae
2426 1811 2611 1880 legalis
2665 1809 2941 1880 regiminis
2963 1812 3201 1866 ordinem
3247 1819 3300 1863 et

1763 1900 2196 1954 convenientiam
2228 1915 2600 1969 sagpenumero
2647 1900 3053 1962 labefactaret“,
3087 1901 3140 1952 in
3167 1913 3299 1952 con-

1761 1989 2000 2044 cordiam
2062 1989 2397 2058 redegisset,
2435 1987 2840 2058 [itaque‘quod
2890 1990 2956 2041 ad
3011 1989 3124 2041 haec
3185 1989 3299 2043 sola

1760 2090 1948 2130 omnes
1971 2077 2250 2130 sententia
2289 2075 2521 2130 ferendae
2557 2083 2756 2138 essent,
2781 2075 2838 2130 in
2887 2091 3052 2128 unum
3073 2089 3301 2128 consen-

1761 2181 1881 2220 sum
1903 2164 2118 2234 judices
2156 2166 2532 2235 compulisset,
2562 2179 2767 2234 eosque
2800 2165 2869 2219 ad
2913 2163 3136 2233 paciﬁce
3153 2161 3300 2231 judi-

1761 2256 2018 2321 candum,
2051 2254 2313 2325 legalibus
2341 2255 2593 2324 capitulis
2615 2256 2670 2308 in
2693 2254 2980 2324 tranquillo
2997 2261 3052 2308 et
3075 2253 3142 2306 ab
3156 2252 3302 2306 omni

1762 2348 2111 2402 contentione
2145 2347 2315 2401 libero
2359 2354 2504 2401 statu
2533 2346 2868 2411 constitutis,
2913 2346 3054 2399 inter
3086 2359 3146 2400 se
3175 2357 3306 2398 con-

1767 2434 2050 2489 ciliasset:
2102 2436 2186 2489 his
2246 2435 2336 2489 ille
2370 2449 2476 2488 non
2525 2443 2811 2488 contentus
2838 2473 2854 2499 ,
2897 2433 2992 2488 sed
3046 2439 3305 2502 praestan-

1762 2523 1867 2576 tius
1886 2525 1993 2592 (17)
2012 2524 2284 2592 quidpiam
2305 2523 2360 2576 in
2384 2523 2689 2592 reipublicae
2716 2523 2941 2590 gratiam
2965 2523 3305 2592 postmodum

1761 2611 2031 2665 coniicere
2061 2613 2329 2679 cogitans,
2360 2613 2675 2680 imprudens
2707 2613 2779 2665 iis
2807 2628 2927 2680 qua:
2949 2623 3132 2681 postea
3188 2622 3302 2667 sta-

1763 2699 1867 2752 tuit
1896 2700 2128 2768 primum
2176 2714 2314 2769 opus
2340 2701 2572 2753 evertit:
2620 2714 2795 2769 neque
2828 2701 3056 2754 alterum
3100 2701 3306 2768 vitupe-

1767 2788 1969 2842 rationi
2017 2802 2124 2840 non
2179 2787 2468 2841 obnoxium
2527 2786 2675 2850 fecit,
2710 2802 2834 2842 cum
2882 2802 2948 2842 ex
3003 2785 3304 2855 posteriore

1766 2879 1942 2949 ipsius
1960 2877 2207 2932 instituto
2226 2893 2333 2931 non
2360 2893 2544 2948 pauere
2571 2878 2832 2932 adversus
2860 2878 3008 2947 prius
3032 2875 3304 2931 suscitata:

1767 2969 2230 3024 contradiCtiones
2281 2977 2336 3021 et
2400 2970 2781 3024 controversiae
2829 2968 2960 3023 sint.
3006 2968 3177 3036 Atque
3235 2965 3298 3018 ad

1767 3061 1912 3116 hunc
1937 3073 2065 3113 sane
2085 3059 2303 3113 modum
2335 3059 2449 3128 ipse
2479 3056 2820 3114 Justinianus
2849 3073 2881 3111 a
2909 3057 3088 3125 seipso
3114 3054 3300 3109 vitium

1765 3162 1960 3218 passus
1976 3155 2056 3203 est
2075 3148 2207 3216 (18).
2234 3148 2393 3202 Certe
2414 3147 2631 3216 quidem
2652 3161 2971 3220 eamusque
2995 3146 3062 3200 ad
3090 3145 3303 3200 ltodier-
3339 3169 3346 3184 -

1766 3252 1894 3290 num
1915 3237 2054 3292 diem
2073 3249 2218 3289 nunc
2244 3252 2310 3291 ex
2333 3236 2726 3291 recentioribus
2742 3238 3136 3298 sanctionibus,
3157 3247 3301 3286 nunc

1765 3341 1829 3380 ex
1852 3325 2149 3393 inscriptis,
2181 3332 2236 3377 et
2265 3339 2370 3377 non
2392 3324 2607 3378 aliunde
2622 3340 2782 3392 quam
2800 3324 2943 3392 quod
2970 3322 3296 3376 multitudini

1765 3416 2015 3484 placeant
2044 3417 2417 3468 auctoritatem
2453 3429 2566 3482 prae
2581 3428 2642 3468 se
2682 3413 2979 3467 ferentibus
3012 3420 3302 3465 consuetu-

1766 3503 2006 3566 dinibus,
2041 3502 2307 3570 permulta
2341 3503 2408 3556 ab
2438 3503 2531 3556 illo
2564 3511 2802 3571 tempore
2851 3504 3101 3556 innovata
3149 3502 3258 3555 sint
3288 3519 3310 3552 :.

1764 3605 1954 3662 parum
1984 3592 2158 3658 abest,
2181 3595 2309 3662 quin
2349 3608 2436 3646 res
2469 3593 2654 3662 legalis
2684 3608 2905 3662 prorsus
2926 3595 3139 3645 turbata
3167 3605 3300 3644 con-

1765 3686 1994 3754 tusaque
2032 3689 2138 3748 sit,
2191 3695 2253 3755 et
2293 3685 2600 3738 communis
2653 3687 2772 3738 vita:
2820 3683 3032 3753 negotia
3082 3693 3318 3738 sursum.

1761 3775 2014 3827 deorsum
2090 3773 2376 3826 subsultim
2466 3771 2725 3825 ferantur.
2788 3770 3122 3839 Quapropter
3177 3783 3318 3824 cum.

1762 3864 1809 3915 si
1840 3863 1967 3930 quid
2007 3861 2174 3923 aliud,
2213 3861 2317 3914 hoc
2365 3872 2512 3912 certe
2555 3861 2697 3927 quod
2734 3861 3076 3926 opitulatricc
3117 3868 3298 3912 nostra

1761 3948 2028 4004 industria
2061 3956 2115 4000 et
2141 3961 2273 3999 cura
2317 3945 2624 3999 necessario
2675 3945 2912 4012 potiatur
2933 3982 2948 4006 ,
2979 3946 3200 4012 dignum
3230 3945 3296 3998 sit

1763 4045 2052 4092 tractatum
2089 4037 2308 4104 insuper
2345 4043 2399 4088 et
2437 4033 2919 4088 consuetudinibus
2949 4047 3069 4100 quae
3103 4031 3170 4085 ad
3214 4047 3298 4086 re-

1764 4141 1880 4180 rum
1935 4125 2392 4205 gubernationem.
2428 4122 2808 4186 devenissent,
2860 4121 3149 4191 diligenter
3204 4136 3294 4176 ex:

1763 4218 1942 4272 cussis
1965 4218 2140 4285 legum
2171 4218 2313 4269 inter
2338 4230 2395 4269 se
2424 4211 2908 4269 contradictioném
2939 4212 3296 4268 sustulimus;

1766 4307 2025 4380 quidquid
2054 4305 2424 4362 adversarium
2449 4313 2504 4360 et
2531 4305 2596 4359 ad
2623 4315 3147 4374 prasentemrerum
3172 4317 3292 4357 con-

1767 4401 2104 4457 stitutionem
2142 4393 2514 4466 rationemque
2540 4396 2784 4450 illicitum
2808 4404 2983 4460 esset,
3008 4396 3131 4449 huic
3155 4395 3294 4464 lega-

1765 4497 1868 4548 lem
1917 4495 2294 4548 auctoritatem
2347 4492 2666 4560 abrogantes
2711 4503 2726 4540 :
2785 4503 3115 4557 quaecunque
3173 4502 3297 4540 vero

103 4575 543 4632 consuetudines
591 4592 700 4632 non
765 4582 906 4637 male
960 4597 1134 4652 neque
1176 4587 1335 4640 noxie
1391 4588 1458 4641 de
1509 4591 1672 4647 rebus
1700 4592 2031 4648 constituere
2060 4586 2393 4652 viderentur,
2427 4586 2522 4637 has
2560 4596 2666 4634 non
2722 4580 2951 4649 amplius
3010 4579 3322 4648 inscriptas.
3383 4587 3386 4590 '

107 4677 164 4720 ct
187 4669 475 4736 neglectas
497 4670 922 4727 consuetudines
952 4683 1169 4728 manere
1198 4675 1444 4739 sivimus,
1473 4679 1568 4733 sed
1603 4683 1666 4736 ad
1695 4676 1830 4749 legis
1858 4681 1964 4733 vim
1993 4691 2058 4732 ac
2107 4684 2428 4745 potestatem
2458 4673 2751 4729 extulimus
2784 4689 2797 4724 :
2857 4671 3053 4725 alicubi
3117 4681 3316 4726 autem.

1387 4881 1614 4937 VABUE
1647 4881 2044 4940 LECTIONES.

155 5009 174 5040 ⁷
206 5006 282 5062 Η.
302 5006 608 5077 Stephanus
628 5027 683 5070 et
705 5016 949 5086 Agylmus
967 5017 1164 5073 habent
1193 5023 1792 5092 σωματοποιησάμενος.
1868 5023 1889 5055 ⁸
1921 5022 2018 5078 Hic
2041 5022 2241 5093 aliquid
2271 5023 2458 5079 deesse
2479 5022 2700 5077 videtur.

1592 5195 1813 5251 NCT/1'3.

167 5321 293 5458 (ιη
321 5321 742 5390 Σωματοποιίαν.
806 5345 819 5352 ·

170 5391 270 5448 (15
331 5391 416 5458 Te,
439 5393 602 5458 μηδὲν
629 5394 789 5458 ἄγαν.

170 5391 293 5458 (15)
331 5391 418 5460 Τδ-
439 5393 602 5460 μηδὲν
629 5394 789 5459 ἄγαν.
820 5395 1106 5450 Terentius
1128 5397 1179 5448 in
1217 5395 1417 5447 Andria
1446 5407 1551 5449 act.
1595 5397 1645 5460 1,

1757 5333 1809 5384 2.
1851 5332 1906 5386 tr.
1939 5333 2164 5398 delegat.
2194 5335 2246 5385 '5.

1825 5401 1936 5471 (ιι)
1971 5395 2220 5453 Codiccm
2241 5401 2632 5455 Justinianeum
2669 5401 2907 5468 repetita:
2932 5395 3308 5465 pnnlcctiorris.

103 5477 252 5516 scen.
351 5475 370 5508 ι
397 5457 717 5535 ldtirbitror
745 5465 986 5532 apprime
1028 5465 1081 5516 in
1114 5464 1217 5517 vita
1259 5477 1380 5516 esse
1411 5464 1557 5528 utile,
1591 5457 1648 5518 ut
1755 5457 2020 5535 intelligit.

102 5549 165 5586 ne
189 5526 323 5594 quid
359 5527 540 5582 nimis.
563 5545 582 5577 ι
782 5526 794 5532 ’
818 5526 831 5532 ’
963 5568 970 5575 .

168 5598 287 5670 (ιῦ)
315 5595 500 5660 Σῶμα.
547 5594 638 5652 Sic
673 5611 868 5668 corpus
910 5599 1119 5656 Homeri
1171 5600 1386 5665 dicitur,
1421 5602 1452 5652 Ι.
1487 5600 1574 5661 92,
1618 5601 1646 5669 §

1822 5534 1949 5604 (l8)’
1973 5537 2032 5590 L.
2069 5534 2155 5598 32,
2185 5537 2212 5606 §
2251 5538 2296 5599 l,
2336 5537 2387 5591 Π.
2421 5537 2483 5590 de
2514 5537 2730 5604 legibus.
