3922 6322
172 354 283 418 649

1259 365 1615 428 NOVELLAE
1651 350 2327 437 CONSTITUTIONES.

3289 392 3393 455 65.0

169 471 268 523 καὶ
293 470 368 540 μὴ
391 471 489 540 τῆς
521 472 891 544 ταλαιπωρίας
921 473 1206 544 οἰκτείρειν
1235 476 1427 542 αὐτόνς
1456 478 1643 548 ὥσπερ
1681 480 1726 533 εἰ

1831 479 1985 546 Quod
2031 486 2255 553 perinde
2312 487 2426 561 (25)
2474 491 2569 555 sit,
2602 503 2764 563 atque
2787 498 2832 551 si
2881 499 3024 568 quis,
3079 503 3392 570 priusquam

169 577 258 624 τις
291 561 384 615 καὶ
415 560 520 632 πρὸ
543 563 642 631 μὲν
668 563 760 615 τοῦ
793 564 931 635 νόσῳ
982 564 1250 635 ληφθῆναί
1276 583 1396 621 τινα
1423 568 1533 621 δεῖν
1559 569 1730 623 οἴεται

170 651 472 722 προσάγειν
529 669 626 722 την
678 653 1018 721 ἐπιμέλειαν,
1070 657 1474 727 κατασχεθέντα
1516 660 1573 713 δὲ
1600 659 1727 730 θνὴ-

167 758 325 795 σκειν
344 745 458 812 έᾷν,
485 742 864 812 ἀπαγορεύσας
909 746 1008 813 τὴν
1054 747 1367 818 θεραπείαν.
1415 751 1575 806 Ἀλλὰ
1598 751 1758 822 γὰρ..

166 831 310 901 ὅπερ
333 826 507 895 εἷπον,
563 831 973 901 ἐπιμέμφεσθαι
1010 837 1112 904 μὲν
1151 828 1263 902 τοῖς
1289 839 1603 910 νομοθέταις
1627 843 1727 896 οὐκ

166 921 299 990 ἔχω,
333 921 620 991 σύμψηφος
645 923 703 977 δὲ
751 926 957 990 τούτοις
988 922 1128 982 εἶναι
1157 928 1353 983 πολλοῦ
1391 947 1453 998 γε
1483 931 1580 986 καὶ
1601 933 1725 997 δέω,

165 1013 266 1066 καὶ
295 1013 529 1078 μάλιστα
560 1015 770 1069 πολλῶν
798 1018 1000 1090 ἑτέρων
1023 1021 1240 1090 τρόπων
1270 1023 1403 1092 πρὸς
1434 1025 1727 1095 μνηστείας

163 1099 322 1154 λύσιν
379 1101 833 1175 διατεταγμένων,
884 1103 960 1162 ὦν
1015 1112 1189 1176 οὐδεὶς
1227 1112 1365 1182 πρὸς
1394 1114 1457 1166 τὸ
1493 1115 1726 1184 χαλεπὸν

159 1188 268 1258 τῆς
300 1191 497 1262 μανίας
555 1195 637 1260 είς
696 1198 983 1268 σύγκρισιν
1017 1201 1205 1264 ίκανδς
1234 1203 1279 1235 ⁸⁸
1311 1205 1621 1273 παρελθεῖν.
1653 1207 1728 1260 Τὸ

158 1280 274 1350 γὰρ
303 1281 392 1337 διὰ
427 1283 528 1355 τὴν
555 1285 648 1340 τοῦ
673 1290 978 1360 μνηστῆρος
1005 1291 1293 1360 ἀσωτείαν,
1323 1295 1357 1366 ἡ
1383 1295 1471 1351 διὰ
1496 1298 1554 1351 τὸ
1585 1301 1728 1355 κατὰ

157 1370 264 1442 τὴν
285 1373 471 1430 πίστιν
504 1376 781 1449 διάφορον,
813 1381 848 1452 ἡ
890 1382 980 1436 διὰ
1003 1384 1066 1439 τὸ
1088 1385 1225 1458 πρὸς
1244 1387 1458 1460 ὁμιλίαν
1483 1390 1583 1460 τήν
1620 1409 1725 1459 φυ-

161 1463 327 1534 σικὴν
350 1464 562 1538 ἄπορον
616 1469 711 1524 καὶ
756 1473 1149 1544 ἀνεπιτήδειον,
1209 1479 1304 1530 καὶ
1347 1479 1402 1532 ετ
1444 1496 1497 1533 τι
1538 1482 1726 1552 ἕτερον

158 1552 378 1618 τούτοις
398 1559 811 1628 συναριθμεῖται
835 1565 1173 1634 κεκτημένον
1196 1565 1348 1637 ίσχὺν
1374 1569 1510 1636 πρὸς
1547 1575 1724 1638 γάμου

156 1641 453 1708 διάζευξιν,
488 1639 600 1700 οἷον
625 1648 672 1700 εί
712 1650 756 1682 ⁸⁷
810 1649 1062 1720 δουλικῆς
1103 1653 1450 1724 ἀναφαίνοιτο
1494 1658 1662 1728 τύχης
1695 1661 1727 1713 ὁ

160 1735 627 1806 μνηστευόμενος,
662 1739 712 1793 εί
743 1739 853 1793 τῶν
891 1742 1283 1812 ὑπεσχημένων
1330 1747 1388 1798 έν
1418 1749 1532 1812 τοῖς
1558 1766 1725 1820 γιιμι⁹

160 1825 284 1884 κοῖς
305 1825 619 1895 συμφώνοις
635 1827 696 1894 ἐξ
716 1830 947 1898 ἀπορίας
982 1831 1059 1902 μὴ
1084 1832 1328 1904 πρόεισιν
1358 1837 1393 1906 ἡ
1425 1836 1725 1903 τελείωσις,

159 1911 340 1968 ταῦτα
363 1910 459 1968 οὖν
485 1916 582 1970 καὶ
634 1918 700 1971 τὰ
760 1920 1134 1989 παραπλήσια,
1178 1922 1215 1976 ἃ
1253 1924 1298 1957 ⁸⁸
1329 1925 1725 1998 διανενόμισται

156 2005 264 2076 τὴν
289 2006 532 2079 γαμικὴν
564 2009 848 2066 κοινωνίαν
877 2011 1134 2080 διαλύειν,
1164 2014 1269 2070 ποῦ
1298 2015 1435 2087 πρὸς
1454 2017 1552 2090 τὴν
1585 2036 1725 2088 συμ-

157 2097 340 2161 φορὰν
407 2098 508 2169 τῆς
571 2101 772 2172 μανίας
833 2101 972 2168 ὅλως
1019 2104 1119 2177 τὴν
1191 2105 1478 2179 σύγκρισιν
1535 2110 1728 2165 ἀναδέ-

156 2205 318 2257 χεται
337 2206 354 2254 ;
426 2206 438 2216 ‘

151 2347 160 2354 _
231 2281 539 2355 Τοιγαροῦν
595 2284 922 2358 θεσπίζομεν
964 2290 1126 2362 ἡμεῖς
1177 2291 1435 2364 περὶτῆς
1474 2293 1612 2366 μετὰ
1638 2294 1728 2350 τὸν

157 2370 342 2442 γάμον
392 2375 724 2448 ιπελθούσης
767 2381 1001 2449 μανίας,
1061 2382 1202 2436 ὥστε
1255 2381 1341 2453 ἐφ’
1390 2384 1533 2449 ὅλοις
1584 2385 1729 2440 ἔτεσι

157 2461 329 2516 πέντε
354 2465 483 2529 τοὺς
528 2471 966 2537 συναπτομένους
1025 2472 1102 2543 μὴ
1141 2471 1586 2542 διαζεύγνυσθαι⁶
1634 2478 1730 2531 καὶ

157 2554 276 2625 γὰρ
299 2554 490 2628 ὥσπερ
525 2559 588 2612 τὸ
642 2559 718 2630 μὴ
748 2561 836 2614 διὰ
865 2560 986 2630 βίου
1035 2562 1480 2635 θεραπευομένης
1501 2565 1604 2635 τῆς
1632 2584 1731 2636 μα-

155 2646 284 2708 νίας
312 2646 508 2701 ἄλυτον
541 2647 682 2702 εἶναι
707 2649 798 2702 τὸν
826 2649 1004 2719 γάμον
1041 2649 1216 2718 βίαιον
1253 2651 1430 2721 ὤφθη,
1457 2653 1600 2706 οὕτω
1634 2657 1729 2710 καὶ

1839 576 2028 626 morbo
2045 577 2316 645 quispiam
2333 581 2684 650 corripiatur.
2708 585 3074 644 adhibendum
3094 595 3393 647 remedium

1835 664 2126 732 existimet,
2158 665 2214 720 at
2238 669 2350 736 jam
2396 683 2706 741 correptum
2740 683 2938 746 negato
2989 681 3228 734 remedio
3257 684 3403 738 mori.

1837 753 2002 807 sinat.
2055 756 2438 814 Verumtamen
2497 760 2574 824 id,
2600 764 2745 831 quod
2804 766 2939 831 dixi,
2995 769 3396 836 reprehendere

1831 842 2255 911 juriseonsultos
2280 863 2388 904 non
2411 861 2494 906 est
2514 853 2731 907 animus
2757 869 2772 906 :
2805 863 2864 908 ut
2897 863 3078 910 tamen
3138 858 3276 927 ipsis
3304 859 3397 914 ad-

1834 936 2086 1003 stipuler.
2136 940 2464 1006 permultum
2507 942 2682 1011 abest.
2715 942 3020 1002 Praesertim
3057 963 3200 1003 ,νει-ο
3267 966 3391 1005 cum

1836 1026 1991 1080 multi
2021 1029 2112 1081 alii
2143 1031 2284 1084 modi
2310 1030 2373 1085 ad
2398 1032 2717 1088 solvendum
2747 1037 3154 1092 matrimonium
3178 1039 3391 1096 consti.

1833 1118 1935 1169 tuti
1979 1117 2111 1185 sint,
2167 1135 2397 1189 quorum
2450 1125 2632 1180 nullus
2684 1123 2797 1196 (26)
2837 1141 2961 1180 cum
3019 1127 3220 1184 furoris
3246 1132 3392 1186 malo
3473 1157 3480 1202 ;

1834 1206 2070 1261 conferri
2093 1219 2239 1262 recte
2267 1211 2461 1280 possit.
2481 1212 2764 1279 Quomodo
2789 1216 2900 1286 (‘27)
2923 1230 3158 1287 namque
3206 1222 3391 1276 mariti
3459 1243 3472 1280 ;·

1835 1294 2212 1363 prodigalitas,
2234 1306 2330 1352 aut
2358 1300 2643 1369 religionis
2675 1301 2790 1375 (28)
2823 1304 3142 1370 diversitas,
3206 1319 3300 1364 aut
3335 1309 3392 1366 in
3418 1369 3420 1372 _

1835 1384 2071 1440 naturali
2125 1377 2522 1444 consuetudine
2558 1390 2881 1460 impotentia
2924 1401 2979 1449 et
3019 1395 3391 1468 imbecillitas,

1832 1483 1928 1527 aut
1949 1475 2137 1544 siquid
2166 1477 2312 1531 aliud
2362 1479 2446 1533 his
2496 1492 2947 1549 connumeratur,
3003 1489 3149 1556 quod
3181 1489 3250 1544 ad
3279 1490 3395 1546 dis-

1833 1565 2148 1619 solvendum
2181 1568 2583 1624 matrimonium
2627 1573 2801 1628 valeat
2840 1576 3168 1646 (cujusmodi
3192 1590 3299 1646 est,
3342 1583 3390 1638 si

1832 1653 2047 1706 servilis
2071 1657 2400 1712 conditionis
2447 1661 2732 1730 coniugem
2786 1679 2909 1720 esse
2961 1678 3241 1737 appareat,
3268 1679 3321 1726 et
3342 1673 3389 1727 si

1831 1755 1957 1808 qua:
1987 1741 2100 1811 (29)
2125 1743 2180 1796 in
2206 1746 2552 1812 pactionibus
2586 1751 2920 1821 nuptialibus
2943 1758 3214 1824 promissa
3235 1769 3386 1824 sunt,

1829 1839 2434 1905 propter—paupertatem
2461 1838 2618 1908 plene
2641 1845 2882 1909 praestari
2907 1847 3223 1915 nequeant),
3251 1849 3384 1914 liam,

1827 1919 2070 1991 inquam,
2099 1930 2154 1977 et
2173 1922 2397 1990 similia,
2445 1927 2645 1996 quibus
2691 1932 3038 2000 matrimonia
3086 1936 3387 1996 dissolvere

1826 2007 1944 2079 lege
2003 2011 2269 2068 tributum
2308 2024 2411 2082 est,
2439 2018 2708 2081 quomodo
2753 2019 2967 2078 tandem
3019 2039 3143 2079 cum
3183 2024 3387 2089 furoris

1827 2099 2134 2158 calamitate
2159 2106 2468 2177 comparari
2502 2110 2764 2177 possunt?

1898 2277 2010 2336 Nos
2064 2279 2249 2352 itaque
2289 2284 2590 2349 sancimus,
2626 2295 2684 2340 ut
2715 2287 2761 2342 si
2813 2288 2966 2343 furor
3015 2297 3137 2358 post
3195 2292 3383 2346 initum

1829 2372 2235 2427 matrimOuium
2258 2376 2625 2445 superveniat,
2672 2393 2741 2434 ne
2779 2377 2921 2432 intra
2944 2381 3184 2450 quinque
3211 2397 3386 2437 annos

1828 2465 2092 2533 conjuges
2117 2465 2517 2537 disjungantur.
2535 2467 2708 2523 Ellam
2732 2469 3188 2540 quemadmodum
3214 2488 3389 2541 quan-

1827 2554 1898 2606 do
1919 2569 2014 2622 per
2033 2570 2248 2609 omnem
2284 2557 2448 2611 vitam
2473 2557 2625 2613 furor
2654 2559 2900 2627 duraret,
2930 2553 3030 2617 nec
3062 2575 3240 2618 tamen
3273 2579 3388 2620 ma.-

1830 2644 2145 2697 trimonium
2201 2645 2384 2699 dirimi
2447 2657 2650 2715 posset,
2682 2649 2733 2701 id
2762 2650 2960 2704 durum
3019 2662 3074 2707 ct
3127 2657 3384 2713 acerbum

153 2737 191 2804 ἡ
221 2736 284 2789 ἐν
315 2737 552 2807 τοσούτῳ
607 2737 783 2808 χρόνῳ
832 2740 1072 2808 ἀναμονὴ
1118 2741 1212 2793 καὶ
1255 2739 1726 2813 πῳσκαρτέρησις

1830 2746 1949 2786 esse
1973 2731 2152 2786 visum
2179 2739 2263 2787 cst
2297 2750 2312 2785 :
2361 2734 2434 2785 ita
2479 2743 2762 2803 tantopere
2810 2748 3127 2806 exspectare
3176 2753 3230 2796 et
3271 2757 3387 2811 pcr-

154 2827 439 2894 ἀναγκαία
465 2827 611 2882 ιστίν
630 2843 646 2858 ⁸
675 2829 724 2881 εί
755 2828 813 2882 δὲ
847 2829 989 2897 μετὰ
1009 2831 1232 2900 τὴν-τοῦ
1255 2832 1504 2912 τοσούτου
1535 2834 1726 2902 χρόνου

1830 2835 2080 2877 severare
2130 2838 2354 2878 necesse
2375 2831 2477 2878 est.
2509 2825 2578 2908 At
2606 2828 2652 2880 si
2693 2834 2980 2896 postquam
3013 2837 3222 2908 tantum
3246 2839 3384 2884 tem-

155 2917 416 2985 περίοδον
474 2917 550 2988 μὴ
581 2917 804 2987 γένηταί
840 2935 926 2983 τις
972 2919 1262 2990 ἀπαλλαγὴ
1283 2911 1382 2992 τῆς
1413 2922 1725 2992 δυστυχίας.

1830 2913 1977 2982 poris
2005 2913 2328 2978 decurrerit,
2382 2911 2584 2970 malum
2619 2931 2680 2972 se
2721 2932 2831 2982 ,non
2875 2917 3166 2982 remiserit,
3209 2934 3385 2988 neque

159 3006 303 3075 μηδὲ
352 3007 484 3075 πρὸς
534 3007 983 3080 ἀνασωφρόνησιν
1029 3011 1058 3061 ὁ
1105 3010 1362 3080 μεμηνὼς
1401 3011 1726 3082 κατασταίη,

1833 3004 2077 3062 furiosus
2117 3008 2451 3076 rcsipuerit:
2486 3023 2612 3063 cum
2657 3010 2907 3064 neutrius
2957 3011 3244 3064 commodo
3290 3020 3385 3066 aut

152 3095 462 3164 τηνικαῦτα
512 3095 892 3165 διατέμνεσθαι
938 3097 1039 3168 τὴν
1090 3099 1358 3169 γαμήλιον
1407 3105 1726 3169 κοινωνίαν,

1830 3095 2174 3153 incommodo
2197 3097 2507 3169 conjugium
2558 3098 2873 3154 dirimatur.
2924 3099 3102 3170 Atque
3133 3101 3246 3158 lia-c
3272 3105 3386 3171 qui.

156 3184 435 3254 μηδεμιᾶς
490 3185 616 3256 μηδ’
671 3185 846 3258 ἑτέρῳ
878 3188 1032 3258 μέρει
1063 3192 1500 3263 προσγινομένης
1541 3212 1726 3250 καινο-

1830 3186 1950 3241 dem
1978 3188 2290 3253 statuimus,
2317 3204 2425 3243 non
2455 3204 2565 3260 quo
2593 3190 2969 3260 superioribus
2987 3191 3386 3260 legislatoribus

150 3274 378 3346 τομίας.
413 3275 523 3330 Καὶ
549 3276 726 3331 ταῦτα
763 3277 862 3348 μὲν
886 3279 1190 3350 διορίζομεν
1222 3282 1282 3336 οὐ
1317 3283 1452 3350 πρὸς
1478 3285 1726 3357 διαϐολὴν

1830 3275 2194 3330 ohtrectemus
2219 3295 2232 3330 :
2260 3276 2354 3330 sed
2389 3287 2444 3330 ut
2473 3293 2638 3347 quam
2698 3279 2934 3334 subditis
2976 3294 3165 3333 curam
3222 3281 3383 3336 dube-

152 3368 270 3419 τῶν
323 3364 432 3437 πρὸ
482 3365 640 3438 ἡμῶν
691 3369 1190 3442 νομοθετησάντων,
1223 3372 1338 3427 ἀλλ’
1374 3374 1452 3437 είς
1480 3375 1726 3446 ἀποπλὴ-

1830 3376 1969 3428 Inus,
2002 3363 2417 3431 adimpleamus.
2441 3362 2562 3416 Jam
2591 3380 2720 3419 vero
2745 3366 2790 3419 si
2823 3365 2978 3419 furor
3007 3367 3120 3436 ipse
3162 3370 3384 3437 nuptia-

155 3473 333 3527 ρωσιν
370 3457 472 3527 τῆς
509 3457 640 3530 περὶ
693 3459 761 3512 τὸ.
784 3460 1022 3529 ὑπήκοον
1047 3461 1402 3532 ὀφειλομένης
1438 3465 1564 3531 ἡμῖν
1597 3481 1726 3532 προ-

1830 3466 1945 3504 rum
1996 3451 2085 3505 die
2158 3452 2667 3519 animadvertatur,
2742 3454 3038 3523 quominus
3095 3456 3383 3511 confestim

155 3549 334 3612 νοίας.
365 3549 428 3603 Ἦ
468 3549 527 3604 δέ
558 3567 622 3618 γε
656 3551 776 3606 κατ’
832 3551 1004 3622 αὐτὴν
1052 3551 1450 3617 ὲπιγνωσθεῐσα
1493 3549 1590 3619 τὴν
1631 3551 1726 3602 τοῦ

152 3643 343 3711 γάμου
387 3641 600 3712 ἡμέραν
655 3640 823 3709 μανία
882 3641 1032 3693 οὐδὲν
1080 3639 1566 3706 ὑπεναντιούμενον
1611 3639 1725 3708 ἔχει

155 3733 302 3803 πρὸς
330 3730 431 3798 τὴν
467 3731 662 3783 αὐτίκα
691 3730 955 3790 διάλυσιν,
985 3731 1034 3781 εί
1069 3728 1164 3779 καὶ
1200 3727 1473 3797 προῆλθεν
1496 3730 1540 3758 ⁸⁸
1569 3733 1601 3799 ἡ
1633 3748 1723 3784 νε-

152 3817 463 3888 νομισμένη
527 3816 708 3874 αὐτοῖς
763 3813 1052 3882 ἱερολογία,
1102 3812 1217 3865 ἀλλ’
1271 3815 1471 3883 ὁμοίως
1509 3817 1573 3885 τῇ
1617 3817 1724 3887 πρὸ

148 3910 259 3978 τῆς
287 3907 576 3977 μνηστείας
596 3905 912 3976 έγνωσμένῃ
938 3904 1072 3973 πρὸς
1085 3905 1145 3957 τὸ
1175 3901 1533 3974 ἀκοινώνητον
1555 3923 1724 3959 κατα.

152 3998 422 4064 στήσεται
447 3996 540 4047 καὶ
563 3994 922 4062 ἀνάρμοστον.
949 3994 1107 4055 Ἴσως
1136 3993 1234 4060 μὲν
1256 3989 1348 4046 οὖν
1371 4010 1478 4046 τισι
1498 3995 1636 4059 δόξει
1659 3996 1720 4050 τὸ

153 4085 304 4153 μετὰ
330 4085 429 4152 τὴν
483 4084 781 4152 ίερολογίαν
823 4081 1238 4150 διαζεύγνυσθαι
1289 4084 1517 4154 κρίσεως
1555 4084 1721 4155 ὀρθῆς

149 4173 569 4237 ἀπολείπεσθαι,
595 4171 670 4236 ὡς
702 4173 840 4235 δέον,
863 4174 986 4225 ἐπεὶ
1017 4172 1104 4226 διὰ
1146 4175 1245 4243 τῆς
1279 4175 1718 4247 συναρμοστικῆς

147 4259 384 4330 τελετῆς
409 4259 466 4314 ἒν
490 4259 648 4331 σῶμα
688 4261 964 4329 γεγόνασι,
995 4260 1072 4331 μὴ
1124 4261 1431 4332 διατέμνειν
1495 4264 1715 4329 αὐτοὺς,

145 4353 275 4408 ἀλλ’
328 4352 638 4424 ἡνωμένους
693 4353 809 4423 έᾷν,
865 4353 959 4407 καὶ
1003 4354 1241 4424 μάλιστά
1273 4370 1335 4424 γε
1385 4356 1718 4428 κυριωτέρου

1826 3541 2255 3604 matrimonium,
2280 3543 2496 3597 tametsi
2533 3545 2834 3598 sacro-ritu
2869 3543 3250 3599 confirmatum
3291 3548 3383 3610 sit,

1825 3631 2179 3693 dissolvatur,
2211 3631 2346 3686 nihil
2379 3634 2652 3688 obstiterit
2681 3653 2692 3687 :
2723 3635 3057 3706 perindeque
3088 3651 3151 3688 ac
3178 3637 3223 3691 si
3259 3646 3384 3690 ante

1825 3720 2041 3785 nuptias
2102 3719 2256 3773 furor
2311 3722 2728 3778 animadversus
2755 3729 2926 3788 esset,
2974 3724 3379 3778 matrimonium

1824 3808 1878 3859 in
1925 3808 2139 3861 irritum
2197 3810 2426 3873 recidet,
2476 3819 2636 3879 atque
2675 3811 3025 3867 distrahetnr.
3065 3812 3169 3868 Sed
3239 3815 3382 3882 quod

1821 3906 1945 3964 post
1982 3900 2448 3952 consecrationem
2494 3899 2884 3969 disjungendos
2941 3916 3062 3954 esse
3121 3903 3384 3970 conjngus

1823 3988 2045 4050 dicitur,
2074 3987 2307 4040 fortasse
2330 3988 2381 4039 id
2410 3988 2685 4040 nonnullis
2738 3997 2887 4042 recto
2911 3988 3117 4057 judicio
3157 3991 3378 4046 destitui

1819 4075 2348 4144 videliiturzquasi,
2395 4084 2742 4144 posteaquam
2787 4077 3054 4131 sacrificio
3115 4079 3294 4147 juncti
3323 4082 3378 4132 in

1820 4180 1986 4218 unum
2018 4180 2216 4234 corpus
2266 4165 2532 4230 coierunt,
2559 4180 2665 4220 non
2687 4165 2866 4221 dirimi
2893 4167 3038 4231 illos,
3071 4170 3163 4222 sed
3187 4170 3378 4224 unitos

1821 4256 1928 4313 sini
1952 4265 2218 4327 oporteat.
2255 4257 2316 4309 Et
2347 4258 2646 4327 praesertim
2669 4258 2889 4328 quidem
2918 4273 3042 4314 cum
3110 4268 3377 4329 praestan-

1821 4349 1928 4406 tius
1946 4349 2269 4413 membrum,
2303 4349 2544 4420 adeoque
2569 4358 2732 4420 caput
2757 4351 2970 4420 (ὅθ-51)
2997 4351 3224 4405 maritus
3268 4350 3376 4415 sit;

149 4418 363 4515 μέλους
379 4418 474 4496 κα)
493 4418 1083 4514 κεφαλῆς-ὑπάρχοντος
1104 4442 1196 4496 τοῦ
1219 4418 1429 4514 ἀνδρός.
1451 4418 1584 4497 ὸὺδὲ
1615 4418 1720 4515 γὰρ

1830 4457 2003 4513 neque
2036 4441 2307 4513 pracipua
2336 4441 2587 4520 corporis
2611 4441 2876 4504 membra,
2909 4441 2954 4496 si
2983 4443 3174 4495 morbo
3196 4442 3380 4509 aliquo

148 4539 212 4592 έν
239 4535 451 4604 σώματι
480 4534 548 4589 ’τὰ
567 4534 674 4588 τῶν
722 4534 900 4607 μελῶν
929 4533 1237 4606 κυριώτερα
1284 4535 1389 4587 ὑπό
1421 4551 1562 4597 τινος
1586 4553 1718 4588 κατ-

1830 4544 2179 4605 occupentur,
2233 4533 2506 4604 amputari
2569 4534 2801 4588 soleant.
2861 4533 3023 4601 Atqui
3068 4533 3191 4588 haec
3213 4535 3378 4598 ratio,

147 4627 437 4697 εσχημένα
481 4627 685 4691 πάθους
725 4626 1069 4681 ἐκκόπτεται.
1121 4625 1261 4678 Ἀλλ’
1304 4619 1458 4688 οὗτος
1505 4628 1534 4678 ὁ
1561 4625 1718 4693 λόγος

1830 4625 1950 4680 dum
1980 4640 2008 4677 a
2044 4624 2434 4693 conjunctione
2483 4632 2650 4686 stare,
2694 4633 2856 4691 atque
2896 4625 3046 4676 illam
3084 4623 3379 4679 defendere

146 4717 330 4771 δοκῶν
369 4716 506 4785 ὑπὲρ
549 4716 648 4786 τῆς
691 4716 932 4780 ένὼσεως
989 4719 1265 4782 ἵστασθαι,
1316 4716 1530 4784 ἀγνοεῖν
1576 4716 1718 4769 έοικε

1830 4729 1880 4768 se
1929 4710 2276 4784 putat,"quid
2317 4710 2418 4766 sibi
2466 4711 2767 4764 benedictio
2794 4709 2922 4763 velit
2950 4711 3200 4779 ignorare
3225 4711 3379 4765 vide.-

148 4807 260 4877 τῆς
292 4806 587 4876 ἱερολογίας
614 4809 675 4862 τὸ
711 4808 1057 4879 βούλημα.Ἦ
1083 4808 1181 4878 μὲν
1204 4808 1332 4879 γὰρ,
1366 4807 1433 4861 τὰ
1458 4806 1719 4859 κάλλιστα

1830 4814 1931 4859 tur.
1983 4802 2106 4857 llaec
2135 4802 2279 4856 enim
2335 4799 2778 4871 praestantissima
2827 4814 3056 4869 qumque
3104 4799 3379 4856 connubio

1479 4990 1710 5046 VARIIE
1755 4986 2158 5045 LECTlONES.

222 5171 479 5229 “Zuich.
519 5183 571 5228 et
607 5174 824 5231 hieerm.
863 5177 1081 5241 ἱκανῶς.
1168 5179 1210 5209 ⁸⁷
1241 5176 1403 5231 Iidem
1437 5174 1510 5228 illi
1539 5176 1585 5227 εί
1608 5175 1885 5229 omittunt.
1963 5174 2007 5206 ⁸⁸
2042 5170 2208 5227 Iidem
2233 5171 2269 5224 ἃ
2296 5186 2401 5225 non
2429 5171 2648 5225 habent.
2727 5172 2769 5201 θ’
2790 5169 2965 5226 Codd.
2992 5167 3314 5238 προσῆλθεν.

1686 5335 1914 5393 NOTAE.

1901 5494 2013 5565 (‘28)
2050 5492 2242 5565 de._l.
2272 5490 2326 5554 2,
2366 5493 2420 5545 in
2456 5491 2651 5565 tin._§.
2702 5489 2776 5545 De
2816 5487 3178 5558 sponsalibus,
3232 5489 3370 5546 adde

1825 5560 2028 5619 eum
2045 5604 2058 5623 .
2083 5562 2136 5614 2.
2156 5561 2521 5613 Nomocanon.
2554 5560 2640 5611 l3.

1897 5633 2006 5698 (ea)
2038 5629 2159 5682 Vid.
2193 5627 2325 5680 Nov.
2347 5626 2507 5698 22,c_.
2543 5627 2627 5679 l8.

1907 5692 2105 5768 (ὄσ-51)
2128 5700 2300 5766 Caput
2335 5696 2522 5750 uxoris
2552 5692 2777 5750 maritus
2808 5695 2826 5746 l
2875 5695 3002 5753 Cor.
3023 5711 3082 5762 tt,
3114 5710 3254 5753 vers.
3283 5695 3368 5750 i3.

228 5496 346 5566 (9.5)
370 5493 765 5566 Argumentum
792 5497 924 5552 satis
961 5497 1175 5552 firmum
1199 5497 1265 5550 ad
1299 5495 1463 5566 hujus
1485 5493 1716 5550 Novella:

153 5564 633 5622 ennlirtnationem
664 5565 915 5618 observa.

229 5634 348 5701 (ἐϋ)
369 5634 762 5701 Argumentum:
790 5633 933 5686 aliud
953 5633 1163 5688 firmum
1191 5637 1323 5688 satis
1341 5633 1592 5688 observa.

229 5698 346 5771 (27)
372 5698 494 5758 Viti.
521 5698 658 5756 Nov.
687 5701 778 5766 2‘2,
803 5716 922 5771 cap.
964 5705 1050 5771 15,
1082 5703 1220 5760 Nov.
1254 5705 1373 5770 H7,
1404 5719 1452 5756 c.
1480 5703 1534 5768 8,
1565 5709 1614 5759 9.
