4038 6308
660 261 724 262 ,,,

996 421 1683 578 LEONIS
1793 372 3076 573 lMPERATORIS

1716 712 2400 843 TACTICA

1701 237 3640 278 mm

1291 1067 1484 1200 ,ΒΕ
1546 1065 1687 1156 RE
1760 1065 2315 1203 MILITAllI
2399 1067 2795 1192 LIBER.

1663 1256 2001 1319 JOANNES
2033 1257 2426 1320 MEURSIUS

1252 1405 1477 1451 GIECB
1529 1406 1764 1450 ιηιικυί
1804 1406 2138 1461 νυιοηιτ,
2194 1405 2274 1449 ET
2320 1405 2519 1451 NOTAI
2551 1408 2829 1455 ADDIDIT.

1884 1509 1936 1564 ι.
1976 1495 2236 1564 Lautus

894 1640 967 1681 ιι
999 1637 1417 1682 ιιεοιυτιηιιίο
1444 1637 1636 1680 εοωεε
1658 1635 2029 1678 ιλυιιιςτιλκο
2066 1634 2307 1675 Ιυιιιιωι
2335 1635 2489 1677 ιωη

1619 1638 1636 1677 ε
1658 1635 2029 1678 ιλυιιιςτιλπο
2066 1634 2307 1675 Ιυιιιιωι
2335 1635 2628 1678 ιωηιτιτ
2667 1639 2846 1686 ιτουι
2872 1641 3157 1684 ηε-τιτιητ
3174 1636 3214 1684 ὀ

1500 1923 1980 1972 ειυςπιεεωιε
2009 1930 2086 1974 ΔΟ
2115 1930 2583 1978 νοτεκτιεεικιε

701 2026 811 2071 ω.
843 2023 1188 2071 canimus
1239 2024 1673 2071 αηειιΑιιοσο
1704 2025 2215 2073 ποιευιςυτοιιυιι
2245 2029 2296 2070 Ill

1830 2025 2215 2073 DEIATORUI
2245 2029 2452 2073 BELGII
2501 2032 2823 2089 PIOVI?€C.,
2850 2034 3094 2080 ΡΔΤΙΙΕ
3123 2037 3425 2088 ΡΔτιΙΒυΒ

1342 2125 1620 2172 δολκακβ
1648 2128 1962 2174 1181118108
2000 2128 2224 2176 ΒΒΒΙΟΟ
2279 2131 2682 2188 CONSECBOQU
2697 2137 2752 2179 Ε.

514 2338 874 2394 Illustrissimi
920 2338 1375 2426 potentissimiqne
1447 2338 1686 2403 Domini,
1723 2340 1778 2394 in
1835 2341 1999 2395 lucem
2030 2341 2238 2412 profero
2277 2339 2498 2398 Leonem
2539 2344 2928 2414 imperatorem.
2962 2364 3063 2404 sua
3095 2367 3233 2408 nunc
3262 2352 3441 2426 lingua
3488 2358 3564 2416 De
3595 2377 3654 2418 re

435 2429 667 2483 militari
695 2429 1053 2494 disserentem,
1085 2442 1203 2480 cum
1231 2425 1480 2479 ltactenus
1509 2441 1600 2493 per
1623 2427 1954 2494 interpretem
1986 2436 2191 2481 tantum
2219 2429 2277 2480 id
2296 2431 2481 2498 egerit,
2515 2439 2566 2484 et
2613 2433 2755 2484 vobis
2783 2428 2984 2500 σαργοί
3012 2425 3400 2505 Reprehendeut
3425 2444 3653 2514 fortasse

439 2514 708 2579 nonnulli,
741 2516 895 2583 quasi
922 2522 1116 2581 preter
1152 2520 1374 2580 tempus,
1396 2526 1513 2562 cum
1551 2526 1644 2577 per
1681 2511 1920 2564 inducias
1948 2529 2097 2564 arma
2123 2514 2345 2577 sileant;
2387 2515 2574 2584 quibus
2599 2518 2835 2584 equidem
2868 2521 3095 2574 rationes
3124 2539 3251 2578 suas
3279 2543 3383 2582 nou
3409 2511 3652 2588 constare

440 2601 784 2670 respondebo.
820 2599 964 2653 Nam
999 2599 1209 2666 quando
1243 2597 1321 2652 vel
1362 2599 1416 2649 in
1460 2598 1721 2650 altissima
1759 2613 1887 2665 pace
1913 2597 2247 2666 cogitandum
2285 2613 2396 2652 esse
2429 2599 2495 2651 de
2525 2599 2688 2664 bello,
2712 2603 2900 2655 scitum
2940 2605 3010 2656 sit
3046 2615 3272 2662 veterum
3311 2616 3647 2682 prudentum,

437 2691 562 2760 quis
585 2707 746 2744 sanus
778 2689 1016 2757 sepositis
1052 2688 1312 2740 duntaxat
1339 2686 1409 2739 ad
1443 2683 1496 2737 Χ
1500 2684 1526 2738 1
1533 2684 1560 2738 l
1592 2700 1756 2738 annos
1783 2686 1966 2751 armis,
1993 2702 2026 2738 a
2055 2694 2162 2737 tam
2189 2686 2326 2738 brevi
2360 2685 2692 2739 induciarum
2718 2701 2946 2758 tempore
2971 2690 3200 2745 alienam
3228 2695 3351 2750 belli
3375 2701 3651 2770 cogitatio-

439 2791 561 2828 ηεη,
588 2775 821 2828 άξανῆγ
850 2773 1003 2830 certe
1034 2774 1088 2827 in
1125 2789 1253 2842 pace
1280 2788 1434 2826 arma
1465 2770 1712 2856 discenda
1741 2782 1887 2833 sunt,
1916 2782 1973 2824 ut
2005 2787 2186 2824 eorum
2213 2772 2432 2825 scientia
2459 2773 2509 2825 in
2544 2772 2676 2826 bello
2704 2787 2943 2843 prompta
2964 2787 3120 2846 atque
3145 2781 3292 2836 utilis
3323 2800 3432 2840 esse
3455 2791 3646 2856 possit.

440 2859 710 2912 Praeterea
747 2876 846 2912 sua
875 2870 1058 2926 sponte
1098 2860 1168 2911 ad
1207 2875 1295 2912 vos
1334 2858 1419 2910 hic
1465 2855 1570 2911 Leo
1610 2857 1978 2922 contendebat,
2004 2857 2148 2911 vobis
2177 2874 2233 2911 se
2271 2858 2447 2912 deberi
2479 2859 2813 2925 existimans,
2845 2864 2933 2931 qui
2970 2866 3045 2917 rei
3088 2866 3337 2922 militaris
3369 2855 3523 2943 longo
3551 2891 3650 2930 usu

438 2947 670 2998 maxime
698 2946 872 3014 periti,
899 2946 1147 2998 ltonorem
1178 2946 1345 2998 armis
1395 2959 1675 3016 eorumque
1706 2945 2110 3015 praeceptoribus
2137 2943 2325 2999 habere
2349 2947 2574 3000 sciretis.
2605 2945 2735 3013 Quis
2755 2951 2893 3002 enim
2921 2951 3069 3006 hodie
3098 2954 3404 3010 mortalium
3439 2960 3649 3028 ignorat

439 3032 657 3094 bellum,
681 3032 819 3100 quod
851 3032 1224 3100 gravissimum
1253 3046 1346 3100 per
1372 3040 1449 3084 tot
1480 3047 1646 3086 annos
1675 3041 1877 3100 gestum
1899 3040 1996 3095 est,
2027 3032 2212 3085 vestris
2235 3033 2508 3100 auspiciis,
2530 3033 2694 3085 ductu
2724 3033 3078 3090 illustrissimi
3104 3040 3354 3109 principis
3413 3043 3648 3102 Mauritii

439 3133 469 3171 a
490 3115 720 3182 Nassau,
739 3119 888 3184 cuius
903 3126 952 3170 et
974 3118 1216 3172 virtutem
1231 3117 1387 3172 laude
1401 3117 1582 3187 quavis
1595 3119 1868 3187 majorem,
1895 3127 1946 3172 et
1966 3116 2401 3187 incomparabilia
2428 3118 2481 3171 in
2506 3119 2880 3187 rempublicam
2909 3134 3134 3176 vestram
3157 3130 3360 3191 merita.
3382 3133 3528 3186 nulla
3549 3149 3652 3188 uno

436 3221 599 3273 quam
639 3214 770 3258 tetas
799 3204 1121 3259 obliterabit.
1154 3202 1868 3258 Evolvamusllistoriarum
1898 3205 2135 3258 omnium
2169 3214 2526 3267 monumenta,
2551 3215 2843 3273 repetamus
2875 3210 3108 3262 omnium
3143 3214 3458 3269 seculorum
3489 3218 3652 3288 bella,

359 3316 362 3317 ν
439 3307 592 3344 nemo
612 3294 899 3363 quidquam
934 3295 1182 3359 inveniet,
1201 3293 1348 3362 quod
1375 3308 1493 3346 cum
1523 3293 1620 3346 Itoc
1648 3301 1818 3346 vestro
1842 3305 2147 3358 componere
2167 3290 2353 3357 possit.
2380 3289 2546 3357 Atque
2570 3292 2700 3343 adeo
2729 3292 2816 3345 vix
2837 3293 3028 3347 habere
3051 3296 3209 3363 ﬁdem
3238 3302 3522 3367 posteritas
3555 3321 3653 3374 po-

439 3380 587 3441 terit,
617 3395 735 3432 eum
765 3378 921 3450 leget,
970 3380 1047 3432 vel
1093 3379 1293 3450 optima
1331 3379 1434 3446 fide
1477 3379 1533 3432 in
1574 3381 1773 3446 scripta
1808 3377 2058 3430 relatum.
2097 3375 2464 3428 Admirabitur
2493 3374 2744 3444 populum
2774 3379 3054 3446 imbellem,
3083 3392 3134 3434 et
3160 3399 3253 3451 per
3288 3385 3652 3455 longissimam

438 3477 622 3525 parem
653 3464 860 3520 militia
885 3466 1156 3534 ignarum,
1183 3464 1436 3516 adversus
1467 3463 1883 3530 potentissimum
1914 3461 2076 3515 totius
2102 3460 2241 3512 orbis
2271 3458 2566 3514 Christiani
2597 3477 2769 3530 regem
2797 3478 2949 3518 arma
2982 3481 3211 3535 unquam
3230 3485 3437 3524 sumere
3461 3489 3653 3528 ausum

439 3551 648 3618 fuisse:
677 3551 1032 3605 admirabitur
1063 3567 1096 3604 a
1119 3563 1227 3602 tam
1258 3550 1434 3616 paruis
1466 3549 1661 3616 initiis,
1681 3547 1849 3599 animi
1868 3545 2170 3613 pleniorem,
2204 3560 2364 3613 quam
2394 3547 2503 3611 spei
2531 3547 2600 3597 ad
2635 3547 2794 3600 istam
2818 3552 3234 3618 magnitudinem
3257 3557 3577 3624 pervenisse,

1277 3634 1381 3689 Per
1417 3637 1597 3688 varios
1633 3648 1816 3696 casus,
1859 3646 1954 3701 per
1990 3639 2070 3683 tot
2107 3629 2427 3684 discrimina
2475 3646 2681 3685 rerum.

442 3721 595 3777 Inter
627 3739 745 3793 quia
781 3723 1000 3776 eminuit
1032 3736 1256 3790 semper,
1291 3730 1348 3774 ut
1385 3719 1672 3788 singularis
1717 3727 1889 3771 vestra
1921 3720 2225 3785 prudentia,
2252 3721 2329 3772 ita
2362 3734 2564 3788 quoque
2599 3720 2697 3774 illa
2738 3721 2932 3776 invicta
2961 3727 3285 3789 constantia,
3313 3743 3418 3798 qua
3454 3732 3650 3786 armati

441 3820 641 3862 rectum
671 3824 933 3876 nunquam
967 3824 1070 3862 non
1113 3809 1316 3860 clavum
1359 3806 1631 3868 tenuistis,
1664 3805 1998 3872 animumque
2022 3805 2098 3857 vel
2130 3805 2534 3863 rebugmaxime
2567 3806 2774 3876 aﬂlictis
2825 3809 3189 3864 inconcussum
3227 3813 3508 3870 habuistis.
3541 3815 3649 3871 Ni-

441 3897 636 3947 mirum
682 3895 779 3946 liae
822 3908 1023 3960 semper
1064 3895 1416 3962 eogitabatis;
1449 3906 1546 3960 pro
1579 3891 1824 3944 libertate
1857 3891 2068 3959 publica
2123 3890 2336 3961 ejusque
2375 3892 2541 3946 tutela
2569 3907 2616 3947 et
2661 3911 2814 3965 agere
2843 3905 2893 3949 et
2924 3897 3037 3964 pati
3064 3896 3250 3966 fortia.
3279 3901 3650 3967 foederatorum

440 3978 727 4046 Belgarum
766 3994 898 4032 esse.
935 3977 1128 4048 Ingens
1170 3978 1405 4047 profecto
1437 3976 1739 4046 beneﬁcium
1775 3987 1874 4041 est,
1897 3977 2034 4045 quod
2054 3992 2087 4030 a
2117 3977 2260 4032 vobis
2288 3993 2528 4046 accepere
2556 3980 2755 4034 subditi
2785 3986 2963 4048 vestri,
2990 4000 3151 4053 neque
3183 3986 3342 4054 facile
3377 3990 3653 4043 estimati-

439 4070 606 4128 dum;
642 4073 691 4118 et
713 4064 862 4118 debet
891 4063 1024 4118 illud
1052 4075 1250 4118 interno
1282 4067 1464 4134 aliqua
1491 4073 1824 4116 monumento
1853 4066 2170 4128 consecrari,
2198 4080 2260 4118 ne
2291 4069 2574 4132 posteritas
2601 4068 2821 4136 ignoret.
2857 4067 2925 4122 Id
2959 4080 3015 4124 ut
3039 4072 3159 4139 fiat,
3187 4085 3442 4141 quantum
3460 4075 3517 4128 in
3545 4091 3648 4137 nte.

442 4166 656 4216 operum
693 4151 868 4214 dabo;
900 4167 1292 4221 proponamque
1332 4151 1473 4205 brevi
1519 4151 1751 4204 omnium
1803 4149 1969 4203 oculis
2011 4150 2066 4204 in
2111 4148 2359 4206 Historia
2397 4167 2512 4206 mea
2545 4169 2566 4207 :
2597 4169 2752 4224 quam
2787 4161 2922 4223 quod
2959 4167 3124 4210 vestro
3149 4160 3303 4227 jussu
3336 4160 3556 4226 adorna,
3591 4170 3652 4216 ut

440 4238 676 4290 maximo
703 4236 832 4291 mitti
860 4241 1047 4293 honori
1075 4243 1232 4304 duco,
1263 4241 1339 4293 ita
1377 4255 1529 4308 pares
1557 4237 1759 4308 quoque
1782 4254 1842 4292 eo
1877 4239 2082 4292 nomine
2106 4240 2249 4293 vobis
2285 4241 2513 4309 agendas
2547 4256 2659 4294 esse
2690 4243 2913 4309 gratias.
2943 4242 3074 4300 Cum
3106 4255 3281 4300 autem
3320 4249 3452 4300 satis
3482 4264 3562 4302 me
3591 4251 3647 4301 id

445 4325 618 4388 [risere
653 4341 755 4377 non
798 4341 946 4393 posse
969 4325 1201 4395 judican
1221 4343 1291 4389 in,
1329 4327 1662 4396 allegandum
1691 4328 1826 4378 hunc
1864 4326 2233 4393 imperatorem
2269 4328 2457 4390 statui,
2491 4336 2548 4380 ut
2577 4331 2715 4396 quod
2746 4340 2916 4383 vestro
2945 4332 3132 4385 merito
3162 4320 3273 4386 nica
3305 4337 3531 4388 tenuitas
3559 4336 3649 4388 de-

442 4414 696 4474 traheret,
721 4413 775 4464 id
823 4417 933 4478 ipse
966 4415 1262 4468 universum
1291 4429 1387 4464 sua
1416 4413 1692 4480 majestate
1727 4413 2013 4478 suppleret.
2039 4416 2203 4482 Atque
2231 4413 2314 4465 llic
2340 4415 2542 4475 desino,
2569 4423 2817 4466 ttternunt
2847 4417 2980 4470 illud
3013 4416 3220 4471 Numen
3251 4421 3469 4488 supplex
3501 4435 3649 4474 vene-

440 4516 592 4563 τηρεε,
624 4499 1003 4564 Illustrissimi,
1037 4500 1501 4569 Potentissimique
1545 4499 1788 4562 Domini,
1819 4500 2038 4552 urvobis
2091 4501 2420 4567 consiliisque
2445 4499 2624 4551 vestris
2661 4500 2948 4567 benedicat,
2990 4514 3040 4558 et
3071 4514 3178 4558 tant
3202 4507 3460 4574 praclaro
3493 4505 3654 4575 Operi

441 4595 664 4655 émniqna
707 4611 865 4647 manu
900 4593 1233 4660 colophouem
1271 4596 1531 4660 imponat,
1566 4592 1807 4645 inducias
1866 4591 2019 4644 ltasce
2073 4607 2200 4656 pace
2235 4593 2576 4661 conﬁrmans,
2625 4591 2724 4657 ipsi
2752 4593 3008 4660 gloriosa,
3036 4596 3166 4664 reip.
3195 4606 3377 4651 vestra:
3404 4586 3649 4650 salutari.

439 4680 688 4745 Lugduni
718 4679 1044 4733 Batavorum
1069 4695 1120 4733 tv
1153 4680 1242 4732 Id.
1272 4677 1555 4732 Februarii
1583 4676 1743 4730 i672.

447 4846 3644 4874 Μ

1781 4951 2051 5007 ιεετοῐι
2086 4952 2401 5011 BENIGNE.

519 5069 696 5124 Habes
725 5068 906 5124 Leonis
932 5067 1169 5124 Tactica.
1197 5071 1407 5139 Integra
1433 5085 1496 5124 ea
1527 5068 1818 5139 prodeunt,
1845 5070 2089 5136 exceptis
2121 5073 2310 5140 paucis
2333 5070 2710 5142 paragraphis,
2735 5085 2766 5123 e
2788 5069 2966 5126 tribus
2991 5069 3269 5127 codicibus
3295 5068 3647 5140 imperfectis,

441 5178 676 5233 quorum
717 5177 828 5216 uno
870 5178 1003 5218 usus
1045 5179 1164 5218 sum
1198 5179 1228 5217 e
1262 5163 1585 5216 bibliotheca
1627 5159 1766 5227 regis
1802 5159 2101 5212 Galliarum
2123 5195 2142 5222 ,
2171 5159 2358 5212 ‘altero
2379 5157 2630 5212 electoris
2667 5156 2922 5219 Palatini,
2962 5157 3123 5210 tertio
3151 5154 3372 5208 Joannis
3403 5152 3646 5225 Pistorii,

443 5251 550 5302 Viri
581 5250 645 5301 ad
695 5250 904 5303 litteras
940 5250 1205 5318 iuvandas
1245 5247 1658 5318 promptissimi.
1699 5245 1908 5312 Regius
1938 5245 1992 5298 in
2035 5245 2302 5315 principio
2345 5253 2400 5297 et
2429 5245 2534 5296 line
2566 5243 2792 5296 mutilus
2812 5250 2961 5306 erat;
2996 5239 3275 5292 Palatinus
3306 5238 3360 5291 in
3388 5240 3570 5294 modio
3591 5254 3646 5296 et

443 5341 592 5399 line;
627 5336 966 5390 Pistoriunus
997 5348 1207 5391 tantum
1234 5339 1289 5392 in
1323 5337 1519 5391 medio.
1553 5334 1609 5388 In
1635 5331 1880 5386 Palatino
1907 5337 2064 5386 erant
2091 5332 2354 5384 duntaxat
2386 5326 2816 5381 Constitutiooes
2837 5341 2891 5379 ιι
2915 5325 3119 5394 priores
3142 5337 3266 5377 cum
3288 5337 3404 5393 ιη,
3435 5339 3526 5391 xv,
3557 5341 3646 5381 ut

507 5485 525 5501 '
557 5484 681 5541 Opp.
710 5479 931 5539 Meursii,
965 5484 1079 5528 ιυω.
1118 5479 1184 5528 Vl.
