4038 6308
212 372 326 440 737

1301 383 1629 444 TACTICA.
1663 404 1730 418 -·-·
1758 376 2254 440 CONSTITUTIO
2274 379 2406 438 'VII.

3338 383 3444 448 738

289 449 396 542 ια’.¹
431 487 527 550 εἰς
561 488 622 540 τὸ
657 490 988 562 ἐπέρχεσθαι
1031 493 1280 563 ἀλλήλοις
1302 493 1502 564 ἀνδρας
1542 491 1656 555 δύο,
1692 488 1786 543 καὶ

1957 486 2045 539 11.
2079 485 2150 541 Ut
2180 485 2436 540 invadant
2476 499 2531 540 se
2563 491 2753 552 mutuo
2777 483 2887 540 duo
2924 489 3051 552 viri,
3083 497 3132 543 et
3172 491 3448 560 recedant,

215 577 527 644 ὑποχωρεῖν
582 577 678 630 καὶ
735 580 895 634 πάλιν
936 581 1269 646 ἐπελαύνειν,
1321 583 1417 635 καὶ
1471 581 1783 646 ἐξελίσσειν,

213 665 363 717 κατά
395 662 486 715 τὸν
513 662 680 716 τύπον
707 664 801 717 τοῦ
835 665 1125 735 λεγομένου
1159 668 1617 739 παρακονταριου.

289 775 380 844 ιβ’.
403 776 565 840 de;
592 776 650 828 δὲ
679 776 856 830 αὐτῶν
889 777 1054 830 καλόν
1079 781 1194 832 ἐστι
1225 779 1318 832 καὶ
1349 780 1408 831 ἐν
1450 779 1528 848 τῷ
1577 779 1787 832 ὁδοιπο-

214 868 339 937 ρεῐν
366 867 489 930 τοὺς
517 868 853 937 στρατιώτας
890 868 1263 938 γυμνάζεσθαι
1287 869 1344 923 ἐν
1377 873 1441 941 τῇ
1481 870 1584 941 ἰδίᾳ
1611 871 1782 942 χώρᾳ,

211 958 314 1011 καὶ
346 958 682 1025 ἐπιτηδεύειν
716 959 857 1012 αὐτά
895 960 1081 1012 ἐπάνω
1108 959 1216 1012 τῶν
1257 958 1438 1013 ἵππων
1466 962 1656 1014 ποιεῖν.
1691 950 1786 1012 Ἐκ

210 1045 409 1099 τούτου
438 1047 548 1118 γὰρ
580 1048 674 1100 καὶ
714 1049 746 1118 η
771 1047 887 1110 ὁδὸς
916 1048 1304 1119 ἀνεμπόδιστος
1342 1051 1660 1115 ἐκτελεϊται,
1691 1051 1785 1104 καὶ

210 1139 264 1189 οἱ
301 1137 459 1189 ἵπποι
481 1139 541 1190 οὐ
569 1138 962 1208 συντρίϐονται.

291 1226 383 1294 ιγ’.
428 1229 553 1281 Ἐάν
589 1229 646 1282 δέ
680 1229 860 1299 συμϐῇ
901 1227 994 1284 καὶ
1023 1230 1266 1299 χρονισαι
1291 1230 1352 1284 τὸ
1380 1231 1691 1302 στράτευμα
1727 1232 1786 1286 ἐν

213 1317 505 1386 ἐξπεδίτῳ,
543 1317 709 1388 ἤγουν
780 1318 935 1378 ἔνθα,
966 1319 1253 1388 συνάγεται
1312 1320 1456 1373 κατά
1510 1321 1601 1373 τὸν
1656 1321 1786 1375 ῐδιον

210 1406 410 1476 καιρὸν
443 1407 561 1469 ὅλος
591 1406 620 1458 ό
648 1408 898 1477 στρατὸς,
937 1408 1010 1478 μὴ
1044 1409 1249 1479 ἀργοὺς
1269 1404 1409 1462 εἷναι
1437 1409 1528 1463 τὸν
1560 1409 1782 1476 καθένα,

208 1495 333 1548 ἀλλ’
364 1495 634 1559 ἐθίζεσθαι
663 1498 884 1575 αὐτοὺς,
916 1497 993 1560 ὡς
1013 1497 1245 1568 εἴρηται,
1291 1502 1492 1555 πονεῖν.
1513 1502 1621 1554 Καὶ
1652 1503 1784 1557 ποτὲ

212 1583 322 1652 μὲν
353 1582 724 1651 γυμνάζεσθαι
747 1588 928 1638 πονεῖν
954 1587 1093 1639 κατά
1121 1588 1212 1640 τὸν
1245 1590 1534 1657 εἰρημένον
1560 1591 1781 1658 τρόπον,

210 1672 349 1726 ποτέ
389 1673 446 1726 δέ
487 1674 564 1736 ώς
618 1675 675 1727 ἐν
703 1675 1001 1746 παρατάξει
1030 1676 1123 1730 καὶ
1172 1677 1230 1729 ἐν
1275 1677 1540 1746 ἀλλήλοις·
1577 1683 1705 1733 ποτέ
1726 1682 1784 1734 δέ

207 1762 296 1824 εἰς
340 1761 519 1817 ὃπλων
566 1762 827 1832 ἐργασίας
868 1763 1308 1834 ἀπασχολεῖσθαι.
1348 1764 1414 1816 Ἦ
1455 1765 1786 1842 γὰρηδάργια

207 1853 275 1906 οὗ
327 1853 487 1921 μόνον
537 1855 774 1924 νωθροὺς
848 1855 942 1907 καὶ
992 1855 1282 1924 ἀνάνδρους
1327 1859 1486 1919 ποιεῖ,
1533 1853 1668 1910 ἀλλά
1694 1858 1788 1909 καὶ

210 1943 354 1998 κενά
403 1961 525 1998 τινα
581 1945 676 1998 καὶ
731 1943 999 2015 στασιώδη
1060 1945 1287 2016 μελετᾷν
1358 1943 1784 2017 αὐτοὺςπαρα-

211 2035 469 2098 σκευάζει
501 2035 594 2089 καὶ
622 2036 940 2105 παρεξάγει.
962 2036 1365 2106 Γυμναζόμενοι
1393 2038 1450 2090 δέ
1478 2039 1614 2107 πρὸς
1658 2040 1786 2102 τοὺς

207 2124 496 2185 istoscine;
535 2125 747 2189 πόνους,
805 2124 1039 2188 εὐκόλως
1079 2123 1185 2196 ἀρα
1213 2126 1458 2189 καὶτοὺς
1502 2128 1786 2190 ἀκουσίους

210 2213 542 2267 ὕπενείκωσι
572 2253 586 2277 ,
641 2215 732 2266 καὶ
779 2215 914 2285 πρὸς
939 2214 1026 2268 ﬁsa
1065 2213 1551 2284 παραγγελλόμενα
1602 2213 1786 2278 αὐτοῖς

209 2302 515 2356 ὑπακούειν
548 2303 851 2358 ἐθισθῶσιν.

223 2479 232 2484 _
290 2414 377 2467 ιδ’.
407 2415 514 2467 Καὶ
545 2417 604 2467 οὐ
639 2415 798 2485 μόνον
837 2415 1036 2469 καθένα
1083 2415 1378 2484 γυμνάσεις
1401 2416 1620 2482 αὐτοὺς,
1649 2417 1784 2474 ἀλλά

213 2502 420 2568 ἐθίσεις
452 2505 546 2558 καὶ
592 2506 820 2559 καθόλου
856 2505 1142 2574 γινώσκειν
1169 2507 1269 2570 τὰς
1300 2508 1434 2569 ἰδίας
1456 2508 1659 2573 τάξεις,
1690 2511 1784 2562 καὶ

218 2593 408 2661 μένειν
462 2597 518 2647 ἐν
548 2597 758 2661 αὑταῖς,
787 2598 881 2649 καὶ
909 2599 1028 2657 ταῖς
1071 2595 1248 2663 ὕψεσι,
1287 2597 1380 2648 καὶ⁸
1410 2599 1521 2658 τοϊς
1553 2599 1779 2666 ὀνόμασι

215 2683 471 2753 συνήθεις
527 2684 787 2754 ἀλλήλους
839 2669 1104 2752 γίνεσθαι,
1166 2684 1262 2735 καὶ
1321 2684 1404 2746 τίς
1448 2685 1781 2755 στρατιώτης

213 2768 326 2822 ὑπὸ
379 2772 501 2824 τινα
551 2774 697 2826 ἐστὶν
746 2773 995 2844 ἄρχοντα,
1054 2773 1149 2824 καὶ
1193 2775 1250 2826 ἐν
1289 2773 1424 2843 ποίῳ
1464 2774 1657 2843 βάνδῳ,
1687 2778 1780 2828 καὶ

218 2860 360 2930 μετά
389 2862 568 2915 πόσων
590 2862 796 2935 ἀνδρῶν
823 2864 1093 2919 τάττεται.

1887 583 1942 629 ει
1973 589 2164 629 rursus
2196 575 2468 644 ingruant,
2504 585 2559 628 et
2605 573 2854 629 evolvunt
2879 587 2942 630 se
2972 575 3040 630 ad
3092 577 3313 633 modum
3354 595 3452 649 pa-

1886 663 2200 717 racontarii.

1955 752 2043 806 12.
2077 753 2218 809 Utile
2271 768 2402 808 vero
2455 762 2538 809 est
2593 752 2647 809 in
2700 755 2818 823 ipso
2847 753 3042 809 itinere
3075 754 3348 823 faciendo,
3391 767 3452 812 ut

1883 843 2102 911 quidam
2154 858 2219 898 ex
2273 844 2377 898 illis
2416 845 2531 900 suis
2562 845 2696 899 locis
2726 860 2786 901 se
2814 854 3127 907 exerceant,
3157 854 3212 900 et
3244 862 3448 902 conen-

1884 940 1973 986 tur
2025 933 2138 986 htec
2183 947 2248 987 ex
2303 934 2457 1002 equis
2505 931 2705 989 facere.
2766 932 2880 988 Hoc
2932 936 3093 990 modo
3137 935 3313 1006 ipsum
3346 942 3451 992 iter

1882 1022 2192 1092 expeditum
2219 1022 2345 1089 erit,
2374 1033 2429 1078 et
2455 1024 2581 1092 equi
2612 1024 2794 1080 minus
2816 1032 3120 1081 atterentut'

1956 1218 2046 1272 15.
2082 1217 2142 1273 Si
2174 1217 2455 1289 contingat
2505 1218 2558 1272 in
2608 1217 2859 1288 expedito
2886 1218 3211 1272 commorari
3240 1220 3449 1275 exercio

1884 1318 2019 1372 tum,
2053 1308 2107 1363 id
2155 1318 2258 1374 est,
2318 1309 2370 1362 in
2418 1322 2484 1363 eo
2532 1309 2655 1363 loco
2694 1308 2786 1363 ubi
2815 1317 3038 1364 coactus
3068 1319 3173 1373 est,
3201 1311 3347 1365 omni
3380 1326 3448 1366 eo

1885 1408 2127 1468 tempore
2182 1412 2250 1452 ne
2296 1413 2432 1454 unus
2483 1398 2700 1468 quidem
2749 1414 2816 1454 ex
2865 1399 3150 1464 militibus,
3185 1411 3447 1469 quantum

1884 1488 1997 1542 fieri
2032 1497 2230 1557 potest,
2271 1488 2477 1543 otiosus
2502 1488 2593 1553 sit,
2635 1488 2730 1543 sed
2759 1489 2826 1542 ad
2869 1488 3125 1552 laborem,
3161 1497 3220 1542 ut
3247 1489 3449 1545 dictum

1882 1588 1989 1643 est,
2048 1578 2441 1633 assuefaciendi
2495 1593 2686 1633 omnes
2736 1587 2882 1643 sunt,
2926 1590 2979 1634 et
3010 1579 3280 1634 interdum
3317 1596 3450 1650 prac-

1883 1668 2027 1722 dicto
2055 1681 2205 1721 more
2233 1666 2541 1729 exercendi,
2572 1666 2844 1748 interdum
2874 1667 2926 1720 in
2948 1668 3086 1732 acie,
3120 1677 3173 1722 et
3200 1669 3342 1722 inter
3367 1686 3446 1734 se,

1890 1757 2160 1812 interdum
2204 1758 2258 1812 in
2305 1756 2472 1811 armis
2539 1757 2654 1810 suis
2686 1755 3025 1825 detergendis
3068 1765 3120 1810 ct
3157 1757 3449 1811 nitidandis

1889 1855 2242 1916 occupentur.
2305 1845 2486 1900 Otium
2530 1846 2672 1900 enim
2727 1859 2832 1898 non
2885 1847 3062 1899 solum
3113 1846 3334 1912 ignavos
3394 1855 3448 1900 ct

1887 1935 2221 1991 en‘eminatos
2255 1935 2401 1999 facit,
2443 1934 2536 1990 sed
2569 1935 2733 1990 etiam
2762 1935 2828 1989 ad
2861 1935 3042 1989 inania
3088 1937 3334 2003 quaedam
3391 1949 3446 1990 et

1887 2026 2193 2081 turbulenta
2226 2025 2513 2095 cogitanda
2564 2025 2805 2079 animum
2849 2025 3103 2080 traducit.
3137 2024 3218 2079 Ad
3250 2025 3446 2080 volun-

1889 2115 2056 2171 tarios
2111 2115 2323 2169 labores
2370 2115 2415 2169 si
2443 2129 2500 2169 se
2536 2123 2838 2178 exerceant,
2875 2112 3032 2168 facile
3065 2115 3228 2168 etiam
3276 2118 3443 2169 coacti

1888 2207 2105 2263 labores
2137 2205 2426 2277 perferent,
2458 2215 2509 2261 et
2542 2206 2608 2261 ad
2639 2205 2900 2276 imperata
2937 2205 3183 2261 facienda
3213 2209 3446 2276 aptiores

1887 2306 2065 2352 erunt.

1957 2410 2046 2464 M.
2072 2408 2182 2465 Nec
2227 2409 2500 2479 sigillatim
2529 2407 2690 2462 modo
2721 2408 3003 2463 exercebis
3028 2423 3140 2472 eos,
3167 2409 3256 2464 sed
3287 2426 3445 2480 gene-

1889 2499 2043 2552 ratim
2073 2499 2234 2552 etiam
2263 2497 2610 2562 assuefacies,
2647 2505 2705 2549 ut
2748 2510 2872 2550 suas
2924 2497 3181 2551 stationes
3213 2497 3447 2566 perfecte

1887 2596 2231 2656 cognoscant,
2261 2596 2314 2642 et
2336 2589 2389 2640 in
2415 2587 2522 2640 illis
2557 2598 2957 2641 commorentur
2980 2629 2995 2654 ,
3026 2597 3077 2642 et
3110 2599 3354 2657 aspectu,
3393 2598 3446 2642 et

1886 2677 2102 2737 nomine
2153 2673 2490 2728 familiariter
2539 2689 2598 2727 se
2649 2687 2846 2729 mutuo
2895 2688 3208 2748 agnoscant,
3253 2689 3303 2733 et
3342 2681 3445 2732 suh

1882 2779 1990 2832 quo
2014 2761 2267 2832 przefccto
2297 2763 2450 2816 miles
2469 2765 2843 2835 unusquisque
2870 2771 2957 2830 sit,
2993 2769 3042 2821 in
3065 2783 3170 2835 qua
3199 2770 3444 2826 cohorte,

1882 2861 1936 2907 et
2006 2853 2204 2922 quibus
2277 2867 2400 2908 cum
2467 2853 2597 2908 viris
2679 2851 2733 2907 in
2799 2858 3151 2912 contubernio
3215 2860 3444 2911 colloce-

1883 2958 1989 3002 tur.

282 3034 368 3084 ιε’.
415 3030 709 3084 Γινώσκειν
762 3034 818 3086 δέ
869 3035 938 3087 τὰ
982 3035 1107 3098 ὀξέα
1159 3037 1594 3109 παραγγέλματα
1647 3040 1784 3111 μετά

1956 3036 2043 3091 15.
2078 3035 2381 3106 Cognoscat
2445 3034 2606 3089 etiam
2637 3036 2883 3091 celeriter
2936 3037 3210 3101 mandata,
3265 3051 3385 3107 quae
3415 3053 3442 3091 a

215 3116 428 3181 τάξεως
478 3122 629 3189 παρά
681 3122 788 3174 τῶν
841 3124 1115 3193 ἀρχόντων
1161 3127 1442 3198 γινόμενα.
1503 3125 1628 3184 Οἷον
1685 3130 1786 3194 τὰς

217 3207 492 3272 ἐκτάσεις,
540 3211 668 3264 εἴτε
703 3211 846 3267 κατὰ
877 3213 1099 3278 πλάτος,
1128 3214 1239 3270 εἴτε
1291 3219 1434 3272 κατά
1471 3219 1644 3288 μῆκος
1687 3222 1786 3291 τῆς

220 3299 602 3368 παρατάξεως.
647 3301 880 3372 Ὁμοίως
922 3303 980 3356 δὲ
1019 3307 1114 3359 καὶ
1155 3311 1253 3371 τὰς
1299 3309 1580 3376 συστολὰς,
1615 3312 1784 3381 ἧγουν

222 3389 470 3458 σφίγξεις
514 3392 597 3454 εἰς
645 3393 938 3449 πύκνωσιν.
994 3397 1101 3449 Καὶ
1152 3396 1251 3460 τὰς
1300 3398 1524 3468 κλίσεις,
1581 3403 1672 3454 ἐπὶ
1727 3402 1795 3454 τὰ

220 3481 508 3550 ἀριστερὰ,
547 3483 639 3534 ἐπὶ
688 3483 756 3536 τὰ
783 3483 951 3551 δεξιὰ,
1002 3488 1093 3540 καὶ
1120 3489 1218 3551 τὰς
1244 3489 1352 3542 τῶν
1377 3490 1600 3559 όρδενων
1628 3509 1695 3559 με
1707 3509 1793 3543 εα-

225 3570 496 3640 ποιήσεις,
522 3573 592 3626 τά
627 3573 969 3645 διαστήματα
1017 3576 1126 3629 τῶν
1182 3580 1420 3632 στάσεων
1467 3580 1574 3631 ἀπὸ
1603 3581 1795 3650 ἀνδρὸς

221 3661 303 3723 εις
355 3661 541 3732 ἄνδρα,
591 3665 685 3715 καὶ
724 3665 821 3727 τὰς
888 3667 1120 3734 μερικάς
1173 3667 1349 3718 αὐτῶν
1401 3668 1704 3731 πυκνώσεις
1757 3669 1790 3738 ἦ

222 3748 539 3818 ἀραοὼσεις,
577 3751 670 3803 καὶ
741 3753 838 3813 τὰς
920 3752 1251 3821 ἁδιαλλήλων
1314 3754 1657 3823 ἀπαντήσεις,
1700 3741 1796 3808 καὶ

224 3836 630 3907 ἀντιδαμισεις,
681 3840 799 3908 ἦτοι
829 3840 1135 3910 ἐρχομένων
1179 3843 1211 3911 ἢ
1249 3843 1666 3912 ἀπερχομένων,
1699 3843 1794 3897 καὶ

223 3926 324 3988 τὰς
358 3927 503 3980 κατὰ
523 3928 622 3991 τὰς
669 3928 830 3992 ἀκίας
872 3931 1037 4000 ἤγουν
1081 3932 1205 3996 τοὺς
1237 3932 1475 4000 όρδίνους
1504 3933 1795 4004 διαιρέσεις

224 4017 408 4070 αὐτῶν
462 4021 555 4072 καὶ
581 4021 931 4090 μετρισμούς.

301 4127 400 4191 ις’.
434 4131 542 4181 Καὶ
580 4132 902 4196 κατατάξεις
931 4136 1098 4203 αὐτὴν
1142 4136 1416 4204 φάλαγγα,
1470 4139 1635 4208 ἤγουν
1696 4141 1796 4210 τὴν

224 4218 360 4288 ὃλην
414 4221 734 4292 παραταγὴν
761 4262 777 4288 ,
827 4224 990 4288 ὃταν,
1052 4226 1128 4288 ὡς
1178 4229 1421 4297 εἴρηται,
1495 4231 1584 4282 ἐπὶ
1631 4232 1791 4300 βάθος

228 4308 598 4372 συστέλλεται,
630 4313 724 4363 καὶ
751 4313 877 4364 ὅταν
907 4313 998 4365 ἐπὶ
1039 4315 1209 4392 μῆκος
1233 4318 1546 4382 ἐκτείνεται,
1579 4321 1672 4371 καὶ
1694 4321 1791 4389 τὴν
1825 4350 1868 4404 υ

227 4398 526 4468 λεγομένην
555 4399 871 4469 ἀντίστομον
900 4401 1063 4471 ἤγουν
1098 4402 1346 4472 δίστομον
1394 4407 1571 4476 μάχην
1597 4447 1612 4470 ,
1666 4409 1794 4462 ὃταν

228 4489 280 4542 οἱ
319 4476 598 4560 λεγόμενοι
647 4491 890 4559 οὐραγοὶ,
966 4493 1082 4563 ἦτοι
1132 4496 1179 4546 οἱ
1233 4495 1454 4549 ὄπισθεν
1509 4499 1617 4552 τῶν
1659 4499 1796 4553 ὅλων

229 4579 429 4644 ἀκιῶν,
481 4581 905 4652 ἐπιστρέψαντες
945 4584 1080 4653 πρὸς
1120 4585 1244 4646 τοὺς
1287 4585 1615 4648 κυκλοῦντας
1652 4590 1794 4643 κατά

231 4671 520 4739 πρόσωπον
566 4672 826 4740 μάχονται
880 4673 952 4734 ώς
993 4676 1384 4741 πρωτοστάται,
1439 4677 1529 4728 καὶ
1572 4667 1792 4747 ὅτισθεν

230 4759 412 4812 αὐτῶν
475 4760 672 4827 ὁμοίως
742 4761 923 4824 αὐτοῖς
965 4763 1306 4832 ἀντιστρέφει
1362 4766 1420 4815 τὸ
1473 4768 1641 4835 ἥμισυ
1695 4767 1792 4836 τῆς

229 4849 414 4912 ἀκίας,
468 4850 560 4900 καὶ
615 4849 774 4901 πάλιν
802 4851 901 4912 τάς
951 4854 1014 4902 ἐκ
1047 4853 1153 4902 τῶν
1181 4853 1436 4906 τοιούτων
1484 4857 1792 4924 μεταῦολῶν

229 4937 559 5006 ἀνακλήσεις
588 4940 683 4993 καὶ
706 4941 1192 5003 ἀποκαταστάσεις.

307 5025 393 5090 ιζ’.
413 5027 475 5079 Οἱ
501 5028 610 5098 γὰρ
624 5029 756 5094 πρὸς
774 5029 943 5082 ταῦτα
957 5031 1129 5084 πάντα
1152 5031 1447 5100 ἐθιζόμενοι
1476 5034 1799 5104 στρατιῶται

234 5120 324 5172 διά
355 5118 568 5188 τάχους,
596 5119 668 5178 ὼς
698 5121 896 5184 εἰπεῖν,
929 5123 1021 5174 καὶ
1053 5123 1343 5191 αὐτόματοι
1372 5125 1624 5192 φέρονται
1661 5126 1798 5195 πρὶς

235 5210 336 5278 τὴν
360 5207 530 5271 τάξιν.
573 5210 637 5261 Ol
681 5208 736 5261 δὲ
765 5210 968 5263 τούτων
999 5213 1263 5265 ἀνέθιστοι
1309 5213 1399 5263 καὶ
1444 5212 1794 5277 ἀπαίδευτοι,

235 5300 324 5352 διὰ
348 5299 582 5367 ταράχου
629 5299 842 5366 πολλοῦ,
879 5303 970 5355 καὶ
1007 5303 1155 5372 μόλις
1215 5300 1668 5354 ἁποκαθίστανται
1716 5305 1794 5366 εἰς

245 5391 334 5450 τὰς
362 5391 786 5457 κατεπειγούσας
816 5392 912 5460 τῆς
936 5392 1135 5457 τάξεως
1161 5391 1364 5461 χρείας.

308 5498 397 5570 ιη’.
432 5499 761 5567 Διαμερξσας
801 5500 855 5552 δέ
903 5503 964 5553 τὸ
1013 5503 1324 5571 στράτευμα
1377 5501 1507 5570 πρὸς
1531 5498 1790 5570 ἀλλήλους

238 5587 478 5660 ἀσιδήρῳ
528 5586 673 5658 μάχῃ
706 5589 1176 5654 συμϐαλλέτωσαν,
1217 5593 1331 5660 ἦτοι
1380 5591 1463 5642 διὰ
1497 5592 1789 5659 κονταρῐων

228 5681 368 5741 ,ἄνευ
413 5679 604 5749 ξιφῶν,
650 5678 979 5748 ἧσαγιττῶν
1044 5683 1260 5751 ὁμοίως,
1303 5686 1358 5754 ἢ,
1413 5683 1487 5744 ὡς
1531 5682 1790 5752 εἴπομεν,

483 5777 756 5837 ΡΔτιιοι..
792 5775 907 5834 Gn.
944 5775 1125 5836 CVII.

1891 3127 2160 3198 praefectis
2211 3128 2422 3181 dantur.
2479 3125 2614 3181 Cum
2669 3128 2997 3198 praecipitur,
3035 3135 3100 3182 ιιι
3128 3127 3440 3182 extendatur

1841 3263 1843 3265 -
1893 3221 2039 3277 acies
2064 3220 2178 3275 slve
2207 3219 2261 3274 in
2291 3217 2695 3288 longitudinem,
2745 3219 2859 3273 sive
2888 3221 2942 3273 in
2974 3220 3334 3284 latitudinem,
3364 3219 3444 3272 vel

1894 3321 1954 3367 ut
2002 3319 2248 3380 eugatur,
2297 3318 2350 3366 et
2377 3309 2725 3364 contrahatur
2773 3309 2827 3362 in
2874 3310 3217 3373 densitatem,
3271 3310 3350 3364 vel
3389 3319 3444 3362 ut

1896 3399 2168 3453 inclinatio
2228 3396 2322 3449 flat
2365 3396 2419 3448 in
2467 3398 2729 3458 dextram,
2781 3403 2872 3447 aut
2905 3395 3179 3448 sinistram
3217 3405 3445 3463 partem,

1894 3490 1974 3543 vel
2012 3495 2071 3541 ut
2095 3486 2344 3541 ordinum
2377 3484 2745 3548 commutatio,
2769 3489 2822 3535 et
2849 3483 3124 3536 intervalla
3150 3478 3445 3538 stationum

1894 3595 1921 3631 a
1951 3579 2064 3630 viro
2101 3577 2166 3628 ad
2211 3577 2382 3627 virum
2422 3572 2572 3635 flant,
2617 3574 2697 3624 vel
2731 3581 2790 3624 ut
2825 3582 3086 3640 separatae
3109 3575 3444 3644 singulorum

1893 3667 2164 3736 agminum
2219 3661 2536 3724 densitates,
2590 3662 2674 3715 vel
2727 3662 2995 3728 raritates,
3053 3666 3139 3720 vel
3187 3673 3244 3718 ut
3273 3667 3443 3720 mutui

1893 3765 2171 3812 occursus,
2202 3758 2256 3803 et
2303 3747 2680 3812 discessiones,
2716 3751 2830 3804 sive
2864 3753 3292 3818 adventantium,
3328 3753 3442 3807 sive

1894 3825 2256 3893 recedentium
2286 3839 2415 3901 sint,
2446 3847 2500 3892 et
2522 3838 3028 3909 contuberniorum,
3059 3843 3172 3898 sive
3197 3843 3443 3896 ordinum

1894 3931 2034 3983 inter
2061 3944 2120 3984 se
2147 3927 2483 3998 partitiones,
2542 3928 2932 3995 seper-stiones,
2966 3942 3022 3986 et
3062 3932 3443 3987 instructiones

1894 4019 2042 4073 flant.

1965 4128 2051 4183 16.
2084 4127 2181 4182 Ve-
2239 4135 2301 4182 ut
2343 4127 2605 4197 phalanx,
2663 4130 2714 4183 id
2745 4135 2848 4192 est,
2885 4129 3137 4182 universa
3175 4129 3320 4184 acies
3353 4138 3440 4184 aut

1896 4219 1948 4270 in
1981 4225 2191 4271 arctum
2225 4217 2591 4277 contrahatur,
2624 4215 2792 4270 autin
2825 4213 3214 4284 longitudinem
3242 4217 3432 4286 produ-

1893 4317 2068 4371 catur,
2124 4306 2208 4360 vel
2268 4315 2327 4359 ιιι
2369 4306 2650 4371 distentos,
2703 4306 2754 4359 id
2784 4315 2887 4369 est,
2923 4317 3119 4375 anceps
3165 4306 3305 4362 acies
3333 4307 3444 4373 fiat,

1894 4401 1995 4454 hoc
2022 4411 2124 4461 est,
2155 4400 2375 4469 quando
2395 4400 2640 4468 οὐραγοὶ,
2681 4399 2732 4452 id
2763 4408 2845 4454 est
2871 4388 3125 4466 caudani,
3166 4411 3290 4470 post
3329 4402 3443 4454 uni-

1893 4506 2105 4545 versam
2154 4493 2322 4545 aciem
2370 4492 2618 4564 conversi
2661 4491 2921 4546 adversus
2975 4492 3178 4555 hostes,
3215 4494 3308 4562 qui
3342 4495 3444 4547 cir-

1891 4583 2222 4637 cumvallare
2263 4582 2558 4636 exercitum
2621 4593 2926 4647 conantur,
2975 4585 3130 4651 quasi
3186 4586 3446 4652 praestiti-5

1892 4679 2154 4741 pugnant,
2197 4682 2249 4722 et
2280 4686 2309 4724 a
2339 4679 2488 4736 tergo
2545 4671 2796 4723 similiter
2845 4672 3127 4724 dimidium
3159 4671 3445 4726 contuber-

1893 4763 2041 4816 nium
2075 4761 2149 4815 ad
2169 4762 2288 4814 illos
2321 4767 2661 4824 convertunt,
2694 4761 2774 4814 vel
2798 4770 2855 4812 ut
2879 4761 3103 4814 istarum
3141 4771 3446 4816 commuta-

1898 4852 2104 4906 tionqu
2137 4850 2506 4906 inclinationes
2545 4857 2598 4902 et
2638 4850 3006 4905 traductioncs
3047 4852 3195 4905 liant.

1972 5035 2059 5089 17.
2092 5033 2195 5099 Qui
2226 5035 2290 5089 ad
2317 5035 2417 5088 ista
2454 5031 2737 5086 assuefacti
2772 5041 2898 5085 sunt
2930 5033 3149 5095 milites,
3182 5030 3442 5092 celeriter,

1901 5131 1961 5176 ut
1991 5124 2062 5176 ita
2092 5124 2291 5186 dicam,
2313 5133 2363 5176 et
2387 5138 2480 5178 sua
2507 5130 2696 5188 sponte
2720 5120 2786 5172 ad
2811 5121 2980 5173 aciem
3015 5121 3151 5174 hanc
3175 5119 3441 5172 feruntur.

1898 5215 2001 5278 Qui
2029 5217 2253 5267 istarum
2307 5228 2485 5266 rerum
2521 5211 2716 5263 insueti
2765 5209 3031 5277 rudesque
3066 5219 3212 5270 sunt,
3249 5221 3442 5274 magno

1898 5319 2020 5356 cum
2044 5305 2258 5374 negotio
2289 5313 2342 5356 et
2388 5301 2631 5356 molestia
2661 5301 2727 5353 ad
2753 5299 3089 5354 imminentia
3125 5296 3360 5365 pericula
3389 5296 3440 5349 in

1897 5393 2011 5446 acie
2046 5393 2295 5446 constitui
2324 5400 2568 5460 possunt.

1965 5502 2049 5554 18.
2093 5499 2191 5554 Uhi
2244 5500 2535 5553 exercitum
2586 5498 2852 5558 diviseris,
2891 5497 3004 5559 sine
3050 5492 3240 5547 ferreis
3277 5495 3443 5548 armis

1896 5591 2033 5644 inter
2057 5606 2115 5645 se
2142 5589 2565 5650 committantur,
2601 5587 2682 5638 vel
2708 5600 2829 5638 cum
2865 5584 3034 5638 hastis
3062 5584 3177 5638 sine
3199 5584 3444 5652 cuspide,

1894 5682 1974 5735 vel
2004 5680 2211 5749 sagittis
2248 5678 2512 5744 similiter,
2562 5679 2665 5744 vel,
2699 5686 2755 5732 ut
2804 5677 3177 5746 praediximus,
3205 5691 3304 5750 pro
3333 5677 3446 5746 gla-

2977 5765 3052 5828 ἓξ
