4038 6308
520 277 624 340 803

1761 250 2036 330 LEONIS
2071 244 2523 312 PHILOSOPHI

3635 231 3749 296 804

592 386 684 440 40.
713 383 810 437 Sin
853 381 1032 448 hostes
1063 376 1398 439 immineant,
1443 365 1835 441 providendum
1862 371 1969 423 est,
2019 372 2086 413 ne

2260 358 2334 422 μ’.
2370 350 2495 406 Ἐὰν
2546 348 2602 404 δὲ
2635 347 2684 401 ei
2715 345 2898 418 ἐχθροὶ
2917 343 3230 414 ἑγγίζωσιν,
3253 341 3335 396 ἵνα
3365 340 3761 396 συνάπτωνταε

522 475 711 530 eodem
760 472 812 525 iu
865 469 1090 532 ambitu,
1131 464 1358 522 confuse
1394 458 1603 531 equites
1653 460 1829 510 castra
1879 453 2080 519 ponant

523 578 644 617 cum
661 559 945 630 peditibus,
965 557 1055 612 sed
1069 554 1384 624 separatim,
1400 565 1462 605 ac
1477 546 1725 604 distincte
1737 542 2052 599 consideant
2063 575 2077 590 .

592 653 681 709 41.
711 650 840 705 Belli
878 659 1121 718 tempore
1142 645 1316 700 lit-niis
1355 643 1409 696 in
1436 640 1569 694 locis
1595 645 1771 693 castra
1800 646 1996 706 ponas,
2025 637 2080 683 et

522 759 648 798 cura
682 743 775 796 tibi
809 726 1144 796 commeatus
1193 748 1483 803 rerumque
1515 727 1942 807 necessariarum
1986 735 2079 777 suo

523 832 799 902 scipienda
834 839 938 895 est,
975 841 1031 883 ut
1057 837 1170 882 tum
1223 823 1496 886 homines,
1529 830 1638 874 tum
1666 819 1910 888 iumenta
1954 827 2081 883 pau-

525 901 716 976 eorum
737 909 946 974 dierum
975 925 1358 980 commeatum,
1389 921 1606 982 propter
1631 907 1923 977 ancipitem
1951 901 2077 956 belli

522 1020 802 1073 eventura,
832 1010 1084 1063 habeant.
1140 1004 1376 1060 Maxime
1414 1010 1604 1056 autem
1639 993 2077 1068 prospiciendum

521 1112 626 1167 est,
661 1107 723 1152 ut
762 1101 816 1151 in
852 1097 1042 1168 primis
1085 1107 1283 1162 aquam
1321 1092 1590 1153 obtineas,
1623 1097 1691 1142 et.
1716 1076 1789 1139 ‘ab
1833 1081 2079 1136 hostibus

521 1188 804 1254 defendas,
834 1200 941 1256 qua
972 1185 1049 1238 illi
1073 1183 1343 1237 interdum
1377 1179 1630 1246 egebunt.
1665 1173 1722 1226 Si
1755 1184 1979 1240 campus
1997 1177 2081 1256 est

519 1276 580 1346 in
617 1290 728 1345 quo
760 1255 1093 1327 conﬂictatio
1123 1269 1246 1322 belli
1279 1266 1462 1319 futura
1491 1271 1596 1325 est,
1629 1275 1659 1313 a
1692 1269 1840 1327 tergo
1873 1257 1956 1310 vel
1982 1255 2082 1309 tiu-

523 1365 671 1419 vium
697 1363 778 1416 vel
818 1362 992 1415 lacum
1014 1358 1237 1420 habeas,
1270 1365 1365 1409 aut
1390 1354 1626 1423 aliquam
1656 1349 1866 1402 ﬁrmam
1897 1345 2079 1409 munia

526 1453 749 1506 tionem.
1395 1460 1401 1465 ‘

603 1629 692 1682 42.
726 1624 1032 1683 Fossatum.
1068 1618 1122 1674 id
1143 1625 1243 1682 est,
1279 1623 1584 1670 castrorum
1604 1608 1870 1664 ambitum
1900 1604 2079 1660 muni-

2187 444 2236 494 oi
2259 440 2608 510 καεαλλάριοι
2639 439 2752 506 τοῖς
2780 435 2984 500 πεζοῖς,
3013 435 3104 487 καὶ
3131 435 3189 486 ὲν
3224 431 3300 502 τῷ
3328 431 3440 501 ἅμα
3485 432 3753 484 dirimati—

2177 548 2332 587 ουσιν
2364 532 2422 585 ὲν
2445 533 2555 594 τοῖς
2579 529 2930 598 τεταγμένοις
2958 528 3163 589 τόποις.

2259 617 2371 694 μα’.
2412 621 2500 676 Ἑν
2532 620 2591 677 δὲ
2619 619 2698 693 τῷ
2741 618 2836 675 τοῦ
2896 617 3133 688 πολέμου
3192 617 3368 686 καιρῷ
3419 615 3541 669 δέον
3575 629 3638 666 σε
3665 615 3750 677 εἰς

2183 711 2415 782 ὀχυροὺς
2445 709 2641 772 τόπους
2666 709 2733 762 τὰ
2761 705 2999 762 ἄπλικτα
3019 709 3273 772 ἐπινοεῖν,
3307 706 3398 759 καὶ
3437 702 3750 775 φροντίζειν

2185 803 2292 856 τῶν
2340 801 2680 871 ἐπιτηδείων,
2717 800 2791 872 μὴ
2815 800 2994 868 μόνον,
3028 799 3102 863 ὡς
3125 800 3360 869 εἴρηται,
3388 797 3487 866 τῆς
3512 796 3622 849 τῶν
3651 796 3752 848 ἀνσ-

2186 892 2422 965 θρώπων
2451 891 2762 960 άποτροφῆς
2795 889 2990 960 ὀλίγων
3023 889 3266 960 ἡμερῶν,
3289 887 3402 942 ἀλλ’
3426 890 3474 940 si
3499 885 3746 956 Buvarbv,

2187 981 2280 1035 καὶ
2327 979 2434 1032 τῶν
2492 978 2735 1044 ἀλόγων,
2791 977 2877 1032 διὰ
2915 979 2977 1030 τὸ
3012 977 3201 1047 ἄδηλον
3223 975 3318 1031 τοῦ
3351 974 3610 1046 πολέμου,
3654 974 3753 1028 καὶ

2185 1065 2578 1135 ἐπιμελεῖσθαι,
2606 1065 2697 1118 καὶ
2723 1064 3056 1129 διασκοπεῖν,
3097 1065 3182 1119 ενα
3214 1063 3300 1120 διὰ
3332 1065 3549 1120 πάντων
3583 1051 3754 1117 δύναέ

2188 1173 2276 1210 σαι
2305 1156 2367 1209 τὸ
2393 1154 2537 1224 ὕδωρ
2567 1153 2822 1207 ἐκδικεῖνο
2871 1154 2930 1204 ὲν
2960 1153 3134 1222 καιρῷ
3165 1154 3273 1221 γὰρ
3305 1155 3400 1206 καὶ
3424 1155 3552 1218 τοὺς
3599 1153 3759 1206 πολε·

2189 1243 2346 1311 μίους
2375 1243 2517 1305 ἕξεις
2543 1241 2852 1311 δεομένους.
2889 1241 2996 1293 Καὶ
3019 1239 3115 1294 ἐὰν
3152 1241 3249 1309 μέν
3292 1241 3407 1296 ἔστι
3446 1242 3666 1311 κάμπος
3689 1241 3754 1293 ἐν

2185 1326 2228 1398 ᾧ
2253 1333 2285 1401 ἡ
2305 1330 2552 1401 συμϐολὴ
2581 1330 2672 1381 τοῦ
2693 1329 2928 1398 πολέμου
2954 1328 3412 1398 μέλλειζγίνεσθαι,
3435 1329 3758 1392 σπουδάζειν

2193 1420 2291 1489 μὲν
2329 1419 2470 1489 ἔχειν
2504 1420 2717 1478 πάντως
2748 1419 2827 1481 εἰς
2857 1418 2924 1471 τά
2955 1413 3129 1471 ὀπίσω
3153 1417 3186 1487 ἢ
3211 1418 3451 1487 ποταμὸν
3476 1419 3508 1487 ἢ
3531 1418 3753 1489 λίμνην,

2185 1512 2219 1580 ἦ
2248 1510 2430 1579 ἕτερον
2458 1509 2698 1562 τοιοῦτον
2719 1509 3000 1581 ὀχύρωμα.
3717 1525 3722 1529 ‘

2262 1597 2368 1670 μβ’.
2403 1599 2511 1653 Καὶ
2540 1599 2600 1652 τὸ
2629 1599 2726 1670 μὲν
2757 1600 3022 1668 φοσσάτον
3051 1600 3224 1652 ποιεῖν
3242 1599 3569 1669 ὀχυρὸν,καὶ
3591 1613 3758 1667 στρα-

525 1729 638 1772 tum
691 1714 886 1775 facias,
920 1721 972 1765 et
1010 1709 1145 1764 satis
1176 1703 1376 1759 multos
1414 1699 1489 1755 ibi
1537 1699 1834 1754 instructos
1880 1691 2080 1745 milites

2190 1691 2293 1743 ιὺνς
2323 1693 2380 1744 ὲν
2413 1687 2562 1758 αύτῷ
2595 1689 3032 1758 καταλιμπάνειν
3063 1688 3152 1742 τὸν
3187 1689 3453 1757 ἁρκοῦτα,
3485 1689 3575 1741 ἵνα
3609 1686 3689 1758 μὴ
3717 1688 3753 1740 ὁ

526 1807 823 1876 relinquas,
868 1813 930 1858 ut
971 1815 1039 1854 ne
1068 1798 1114 1852 si
1150 1794 1386 1851 hostium
1430 1791 1539 1846 dux
1571 1787 1766 1845 castris
1799 1786 1906 1842 tuis
1943 1783 2078 1838 insi-

524 1871 718 1959 dictur,
761 1907 854 1947 eos
890 1890 983 1961 qui
1027 1887 1083 1940 in
1114 1883 1310 1940 castris
1353 1889 1482 1935 sunt
1521 1890 1710 1933 omnes
1765 1871 2075 1929 interﬁciat.

525 1987 731 2042 Currus
769 1990 951 2038 autem
975 1978 1054 2034 tui
1074 1977 1244 2031 aciem
1268 1979 1592 2043 sequantur.

600 2075 690 2128 45.
719 2073 776 2126 Si
809 2070 964 2127 tortis
1004 2065 1170 2121 fuerit
1208 2065 1361 2118 locus
1401 2071 1562 2127 atque
1594 2056 1894 2124 inaequalis,
1927 2067 2078 2108 cara-

528 2179 676 2232 gum,
731 2162 783 2216 id
829 2167 931 2222 est,
974 2164 1270 2216 vecturam,
1317 2138 1630 2216 reliquaque
1677 2145 2078 2214 impedimenta,

525 2231 688 2323 atque
728 2254 1044 2320 apparatum
1083 2244 1136 2297 in
1165 2240 1370 2294 iossato
1392 2252 1512 2291 cum
1548 2233 1735 2304 paucis
1756 2231 2077 2303 quihusdam

527 2321 659 2397 viris
708 2338 990 2395 curulibus
1043 2332 1110 2406 ad
1160 2330 1376 2384 illorum
1432 2325 1732 2381 custodiam
1785 2321 2075 2389 relinques.

529 2431 688 2484 Acies
724 2437 906 2482 autem
937 2425 1204 2478 instructa
1243 2419 1436 2474 idoneo
1462 2415 1516 2469 in
1557 2415 1679 2471 loco
1711 2428 1874 2484 prope
1903 2411 2080 2469 fossa-

532 2530 644 2574 tum
666 2519 981 2574 collocetur.

594 2607 682 2663 M.
712 2605 770 2661 Si
797 2607 913 2661 loca
957 2602 1272 2660 difﬁcultate
1315 2607 1477 2670 atque
1520 2597 1808 2668 asperitate
1851 2597 2078 2663 munita,
2126 2629 2130 2638 ι

527 2707 582 2752 et
625 2700 807 2753 hostes
837 2696 1072 2751 maxima
1113 2708 1179 2748 ex
1208 2702 1358 2763 parte
1385 2690 1596 2760 equites
1641 2688 1864 2751 fuerint,
1894 2686 1960 2742 ad
1985 2686 2082 2742 de-

527 2789 828 2845 feasionem
873 2794 928 2842 et
975 2783 1460 2856 propugnationem
1519 2787 1755 2835 vectura:
1799 2792 1863 2832 ac
1913 2778 2083 2845 impe-

528 2878 886 2932 dimentorum
930 2875 1047 2944 ipsa
1082 2873 1188 2928 loci
1241 2879 1436 2925 natura
1491 2869 1619 2922 satis
1649 2869 1771 2921 erit.
1827 2865 1884 2920 Si
1936 2866 2079 2919 enim

2176 1779 2283 1832 τῶν
2336 1779 2607 1849 πολεμίων
2629 1822 2644 1852 ,_
2663 1777 2962 1848 στρατηγὸς
2990 1776 3352 1849 ἐπιϐουλεύσῃ
3387 1777 3480 1830 τὸν
3510 1777 3751 1846 χάρακα,

2177 1870 2272 1927 καὶ
2296 1870 2583 1941 διαφθείρῃ
2617 1871 2744 1933 τοὺς
2791 1870 3012 1924 ἔσωθεν.
3048 1870 3157 1934 Τὰς
3207 1870 3265 1924 δὲ
3301 1869 3515 1940 ἁμάξας
3545 1871 3753 1923 ἐπακο-

2177 1959 2394 2013 λουθεῖν
2422 1963 2482 2014 ὲν
2516 1960 2688 2024 τάξει.
3597 1949 3602 1953 ’

2253 2049 2357 2119 μγί
2390 2051 2452 2105 El.
2476 2049 2535 2102 δὲ
2572 2050 2792 2112 δυνατός
2839 2039 2983 2102 ἐστιν
3027 2051 3058 2102 ὀ
3103 2051 3263 2111 τόπος
3293 2049 3387 2103 καὶ
3433 2047 3751 2118 ἀνώμαλος,

2178 2140 2272 2195 τδν
2298 2140 2394 2210 μὲν
2447 2139 2705 2210 καραγδν,
2733 2139 2854 2208 ἦτοι
2910 2138 3008 2198 τὰς
3059 2137 3293 2206 ἁμάξας,
3340 2137 3430 2188 καὶ
3461 2137 3530 2188 τά
3583 2138 3757 2205 ὃμοια

2182 2232 2276 2284 καὶ
2323 2231 2382 2282 τὸ
2421 2229 2606 2281 λοιπὸν
2653 2227 2892 2292 τοῦλδον,
2919 2227 2976 2278 ὲν
3001 2226 3079 2295 τῷ
3127 2227 3378 2294 φοσσάτῳ
3413 2225 3757 2295 καταλιμπά-

2183 2335 2294 2372 νειν
2334 2319 2472 2388 μετὰ
2525 2318 2718 2385 ὀλίγων
2749 2315 2856 2368 τῶν
2902 2314 3267 2385 ἁμαξηλατῶν
3303 2318 3383 2380 εἰς
3433 2316 3756 2387 παραφυλα-

2183 2399 2304 2477 κὴν,
2331 2407 2427 2479 τὴν
2456 2407 2512 2460 δὲ
2542 2406 2846 2475 παράταξιν
2869 2406 3094 2476 πλησίον
3122 2405 3507 2476 τοῦμφοσσάτου
3528 2407 3756 2464 τάσσειν

2183 2501 2242 2552 ὲν
2273 2497 2565 2567 ἐπιτηδείῳ
2591 2500 2764 2566 τόπῳ.

2255 2585 2356 2658 μό’.
2395 2588 2457 2640 Ei
2489 2586 2596 2659 γάρ
2634 2587 2774 2638 εἰσιν
2807 2587 2856 2638 οἱ
2886 2584 3040 2638 τόποι
3067 2584 3342 2649 δύο-ϐάτοι,
3373 2585 3466 2639 καὶ
3509 2584 3758 2654 μάλιστα

2180 2679 2290 2732 τῶν
2321 2677 2530 2750 ἐχθρῶν
2559 2677 2728 2732 ὄντων
2755 2677 3150 2747 καϐαλλαρζων,
3179 2679 3342 2748 ἀρκεῖ
3358 2679 3422 2748 τῇ
3446 2675 3754 2745 παρατάξει

2183 2770 2261 2832 εις
2318 2769 2581 2838 ὀχύρωμα
2614 2770 2648 2835 ἡ
2679 2769 2774 2820 τοῦ
2804 2769 2967 2820 τόπου
3019 2766 3307 2835 δυσχέρεια
3329 2784 3343 2798 ν
3372 2769 3467 2818 ἐὰν
3509 2766 3632 2835 γὰρ
3689 2766 3752 2818 αἱ

2183 2859 2387 2928 ἄμαξαι
2444 2857 2808 2910 ἀκολουθῶσιν
2841 2859 2898 2908 ἐν
2925 2859 3037 2919 τοῖς
3087 2856 3345 2920 τοιούτοις
3378 2856 3592 2922 τόποις,
3650 2858 3757 2909 ἰπ-

530 2983 722 3021 eurrus
753 2943 965 3020 talibus
983 2967 1036 3018 in
1059 2963 1194 3017 locis
1212 2965 1588 3026 sequerentur,
1613 2957 1772 3011 utiles
1808 2955 2084 3009 instructa:

2190 2948 2406 3017 ωφελεῖς
2470 2945 2568 3015 μὲν
2642 2946 2754 3006 τοῖς
2777 2944 3129 3013 τασσομένοις
3163 2943 3261 2994 οὐκ
3292 2943 3450 3008 εἰσὶν,
3483 2943 3618 2998 ἀλλὰ
3660 2944 3759 2997 καὶ

530 3054 666 3108 aciei
709 3067 815 3105 non
860 3057 1064 3112 essent,
1124 3048 1220 3100 sed
1268 3044 1703 3115 perturbationes
1752 3053 1874 3096 esse
1925 3055 2083 3110 repe-

2190 3033 2572 3102 δυσμετάθετοι
2603 3033 2968 3103 εὑρίσκονται.

532 3149 794 3203 ι’ἰτθηιιιτ.

599 3231 688 3286 45.
727 3227 1049 3285 Observahis
1091 3226 1251 3282 etiam
1285 3225 1448 3280 boves
1487 3223 1791 3294 diligenter,
1827 3229 1886 3275 ut
1917 3221 2087 3275 aciem

529 3323 704 3380 sicubi
740 3329 1068 3392 sequantur,
1111 3319 1199 3372 uhi
1230 3331 1369 3387 opus
1409 3323 1493 3370 est
1532 3313 1831 3368 consistere
1859 3312 2088 3382 possint,

531 3431 598 3471 ne
637 3413 871 3469 tumultu
910 3411 1248 3465 inimicorum
1270 3447 1286 3472 ,
1319 3415 1372 3462 et
1401 3406 1716 3476 sagittarum
1751 3402 2088 3473 jaculorum-

462 3556 465 3560 .
531 3521 633 3574 quc
665 3502 1002 3574 conjectinue
1039 3499 1328 3571 exagitati,
1369 3512 1486 3552 eam
1542 3493 1836 3566 impediant
1878 3503 1929 3549 et
1966 3508 2086 3563 pcr-

531 3595 766 3674 turbent.
812 3592 916 3647 Sed
958 3592 1038 3646 vel
1085 3590 1331 3660 pedicas,
1375 3587 1458 3641 vel
1487 3586 1702 3640 vincula
1737 3583 1978 3653 injicies,
2024 3598 2091 3638 ne

531 3673 746 3756 sagittis
797 3683 961 3752 aliqui
1012 3678 1277 3733 vulnerati
1305 3678 1511 3745 pedites
1538 3675 1866 3741 perturbent.
1907 3673 2091 3741 Itaque

534 3789 599 3828 ne
629 3788 794 3844 prone
818 3773 1037 3840 quidem
1080 3767 1287 3836 pedites
1322 3765 1376 3816 in
1407 3763 1521 3815 acie
1550 3762 1956 3814 admoveantur.

607 4008 974 4087 46.-Sialicui
1007 4029 1129 4082 loco
1157 4025 1226 4080 ab
1255 4025 1502 4093 hostibus
1527 4029 1838 4094 oppugnata
1868 4032 2091 4075 suecur-
2168 4088 2171 4092 _

536 4123 786 4187 rendum,
829 4129 923 4175 aut
957 4119 1334 4189 anticipandus
1388 4113 1585 4185 aliquis
1621 4115 1772 4168 locus
1800 4125 1922 4166 cum
1955 4109 2094 4163 cele-

535 4217 695 4268 ritate
737 4210 842 4278 est,
889 4227 956 4267 ne
1001 4226 1194 4267 currus
1232 4210 1454 4284 Itardius
1488 4201 2090 4276 prooedentesimpedi-

537 4317 720 4361 mento
769 4302 874 4359 illis
926 4302 1318 4356 maturantibus
1376 4300 1520 4362 sint,
1579 4289 1916 4366 relinquendi
1966 4306 2088 4347 cum

539 4395 760 4463 reliquis
805 4390 1202 4460 impedimentis
1246 4390 1298 4442 in
1343 4390 1522 4458 aliquo
1552 4389 1671 4443 luco
1702 4389 1912 4441 munito
1943 4393 2088 4438 sunt.

539 4482 800 4554 Capiendi
828 4480 1051 4548 pedites,
1092 4478 1492 4548 capiendusque
1523 4479 1735 4532 illorum
1759 4484 2092 4532 commeatus

539 4584 657 4638 est,
701 4574 745 4626 si
787 4571 840 4624 id
869 4585 1001 4624 usus
1037 4571 1246 4641 exigat,
1284 4583 1337 4625 ct
1366 4571 1642 4626 vehendus
1679 4585 1804 4624 cum
1835 4569 1970 4633 illis,
2011 4567 2093 4620 rei

541 4661 850 4734 sagmariis,
897 4660 950 4713 id
979 4669 1062 4714 est
1092 4661 1342 4723 sarcinis,
1368 4662 1448 4715 vel
1475 4663 1627 4732 equis
1652 4662 1718 4715 ad
1747 4660 1850 4714 hoc
1869 4657 2090 4728 paratis.

541 4751 801 4822 (Iapiendi
830 4751 990 4804 etiam
1022 4751 1227 4814 tribuli,
1268 4751 1318 4803 id
1349 4761 1451 4817 est,
1482 4752 1710 4807 murices
1739 4758 1883 4812 sunt,
1909 4748 2094 4815 sicque

542 4860 666 4900 cum
691 4841 933 4897 exercitu
965 4840 1370 4896 discedendum.
1410 4893 1412 4895 ,
1716 4846 1720 4849 ’
1768 4847 1771 4849 ’

611 4933 701 4990 47.
741 4931 885 5011 Tum.
925 4929 1101 4993 enim,
1152 4929 1198 4983 si
1243 4932 1717 4998 tempus'aliquod
1769 4939 1948 4985 castra
1994 4943 2094 4998 po-

543 5027 720 5082 nenda
752 5021 950 5087 fuerit,
984 5018 1128 5074 fossa
1157 5029 1457 5088 opportune
1480 5019 1660 5083 ducta,
1689 5027 1740 5073 et
1775 5020 1986 5074 tribulis
2009 5032 2099 5072 or-

540 5119 666 5171 dine
692 5112 902 5185 positis,
937 5111 1022 5164 vel
1051 5108 1407 5164 aediﬁcatione
1435 5109 1615 5176 aliqua
1656 5108 1799 5162 intus
1834 5108 2095 5171 adhibita,

539 5209 622 5262 vel
642 5207 782 5263 vallo
797 5220 862 5260 ex
880 5203 1035 5275 lignis
1055 5189 1322 5278 confecto,
1342 5214 1494 5268 reque
1520 5200 1725 5252 tirmam
1747 5199 2099 5252 munitionem

540 5298 802 5354 fossatum
847 5294 1096 5358 habebit,
1143 5305 1205 5344 ac
1248 5289 1294 5342 si
1336 5303 1539 5357 carago
1578 5283 1842 5340 munitum
1889 5288 2101 5340 fuisset.

539 5389 801 5460 Caragum
843 5398 1024 5443 autem
1062 5381 1398 5453 appellamus
1439 5393 1631 5433 currus
1675 5389 1729 5432 et
1755 5380 2105 5432 munitionem

445 5526 450 5530 .
543 5475 730 5533 lassati
767 5493 889 5534 cum
927 5477 1048 5534 istis
1081 5473 1305 5527 iactam.
1345 5467 1349 5472 ’

610 5568 695 5622 48.
731 5570 826 5624 Sin
853 5569 924 5623 ita
963 5565 1196 5632 accidat,
1244 5572 1301 5618 ut
1335 5561 1517 5633 plures
1542 5559 1785 5629 equites,
1820 5557 2104 5627 pauciores

2259 3207 2362 3278 με’.
2408 3209 2740 3278 Ἐπινοήσεις
2787 3212 2842 3263 δὲ
2872 3212 2952 3272 εἰς
2997 3211 3124 3278 ⁴τοὺς
3184 3211 3308 3280 βόας
3353 3209 3464 3264 τῶν
3499 3210 3758 3280 ἁμαξῶν,

2191 3301 2277 3352 ἵνα
2314 3300 2440 3380 ὅταν
2474 3299 2806 3352 ἀκολουθῶσι
2831 3304 2898 3368 τῇ
2939 3296 3236 3368 παρατάξει
3261 3301 3356 3352 ἐὰν
3383 3300 3544 3370 χρεία
3595 3301 3762 3368 γένη·

2191 3408 2277 3443 ται
2317 3391 2423 3461 ἄρα
2465 3390 2558 3443 καὶ
2592 3391 2876 3458 ἀναμεῖναι
2921 3391 3018 3451 τὰς
3057 3391 3268 3458 ἁμάξας
3303 3389 3442 3442 ὥστε
3475 3389 3549 3459 μὴ
3572 3391 3764 3443 διατα-

2197 3480 2485 3551 ράςσεσθαι
2507 3479 2608 3531 ὑπὸ
2638 3477 2729 3531 τοῦ
2753 3476 2983 3548 θορύϐου
3012 3478 3118 3529 τῶν
3139 3475 3370 3545 ἐχθρῶν,
3408 3477 3512 3528 ὑπὸ
3525 3477 3656 3540 τῶν,
3681 3478 3763 3539 ὡς

2191 3572 2357 3636 εἰκὸς,
2412 3569 2751 3641 βαλλομένων
2817 3567 3103 3636 σαγιττῶν,
3149 3568 3244 3620 καὶ
3273 3569 3529 3620 ἀτακτεῖν
3551 3567 3644 3618 καὶ
3665 3569 3759 3620 ὲν-

2190 3663 2364 3730 οχλείν
2403 3664 2469 3732 τῇ
2503 3662 2822 3732 παρα-τάξει.
2873 3661 3031 3714 ’Λλλὰ
3071 3662 3101 3730 ἢ
3143 3657 3428 3712 πεδικλοῦν
3465 3657 3694 3724 ταύτας,
3721 3659 3793 3731 ἢ,

2189 3753 2424 3822 δεσμεῖν,
2451 3755 2557 3816 ἵνα,
2609 3754 2682 3814 ὡς
2711 3753 2946 3821 εἴρηται,
2972 3755 3019 3805 εξ
3059 3750 3150 3805 καί
3183 3767 3324 3814 τινες
3367 3750 3428 3814 ἐξ
3453 3751 3632 3808 αὐτῶν
3655 3750 3766 3802 ὑπὸ

2195 3842 2462 3906 σαγιττών
2514 3841 2925 3908 τιτρώσκονται,
2960 3843 3034 3911 μὴ
3065 3842 3470 3912 διαταράσσωσι
3495 3842 3623 3905 τοὺς
3656 3858 3764 3894 πε-

2196 3927 2338 3991 ζοὺς,
2373 3927 2450 3980 διὺ
2479 3927 2596 3981 οὐδὲ
2620 3929 2726 3999 χρὴ
2757 3928 2888 3981 πολὺ
2927 3931 3100 3996 ἐγγὺς
3125 3930 3420 3982 τάσσεσθαι
3457 3931 3646 3992 αὐτάς.

2266 4017 2382 4088 μς-’.
2410 4019 2469 4070 Εἰ
2497 4018 2574 4082 δὲ,
2597 4018 2672 4082 ὡς
2703 4019 2846 4080 εἰκὸς
2867 4057 2882 4082 ,
2924 4019 3141 4087 γένηται
3190 4020 3350 4090 χρεία
3394 4019 3768 4089 ἐνοχλουμένῳ

2196 4109 2456 4179 βοηθῆσαι
2499 4109 2648 4185 τόπῳ
2697 4110 2800 4161 ὑπὸ
2865 4110 3094 4180 ἐχθρῶν,
3136 4111 3166 4180 ἢ
3204 4109 3634 4182 προκαταλαόεῖν
3661 4127 3763 4164 τα-

2195 4199 2440 4269 χύτερον,
2478 4201 2570 4251 καὶ
2601 4201 2659 4250 ού
2687 4201 2974 4267 φθάξουσιν
3003 4204 3056 4256 αἱ
3082 4202 3312 4272 ἄμαξαι,
3345 4202 3431 4255 ἵνα
3459 4201 3535 4272 μὴ
3565 4201 3768 4271 βραδύ-

2196 4304 2358 4342 νωσιν
2382 4288 2435 4338 αἱ
2475 4285 2671 4357 χρεῖαι·
2707 4290 2892 4358 τὸμὲν
2911 4291 3036 4342 ἄλλο
3067 4292 3282 4344 τοῦλδον
3320 4294 3412 4344 καὶ
3447 4293 3509 4345 τὸ
3545 4293 3760 4361 φοσσά-

2196 4397 2286 4432 τον
2318 4377 2749 4447 καταλιμπάνειν
2783 4380 2841 4430 ὲν
2867 4379 3048 4447 ὀχυρῷ
3098 4383 3266 4449 τόπῳ.
3296 4383 3764 4453 Παραλαμϐάνειν

2195 4472 2251 4525 δὲ
2275 4471 2397 4532 τοὺς
2457 4470 2652 4536 πεζοὺς
2695 4469 2786 4519 καὶ
2813 4468 2910 4535 τὴν
2951 4468 3191 4537 δαπάνην
3224 4471 3422 4535 αὐτῶν,
3451 4473 3501 4522 ει
3540 4473 3770 4542 τοιαύτη

2200 4566 2418 4632 γένηται
2477 4561 2654 4631 χρεία,
2701 4560 2804 4632 καὶ,
2846 4559 3280 4627 παρασκευάζειν
3333 4559 3698 4628 βαστάζεσθαι
3735 4564 3774 4632 ἦ

2196 4655 2284 4708 διὰ
2301 4651 2630 4722 ησαγμσρὶων
2658 4651 2690 4721 ἢ
2715 4649 2804 4703 ἐπὶ
2827 4649 2999 4718 τούτῳ
3034 4648 3423 4718 ἀφωρισμένων
3444 4647 3645 4712 τππων,
3674 4653 3780 4704 καὶ

2199 4747 2295 4806 τὰς
2357 4742 2654 4813 τριϐόλους,
2715 4741 2806 4794 καὶ
2863 4739 3030 4799 οὕτως
3085 4736 3422 4808 ἀπέρχεσθαι
3483 4738 3622 4808 μετὰ
3669 4740 3777 4804 τοῦ

2115 4903 2118 4906 ,
2203 4833 2450 4903 στρατοῦ.

2272 4925 2378 4993 με’.
2407 4925 2536 4976 Τότε
2577 4923 2703 4993 γὰρ,
2738 4922 2964 4975 ὲέινκαὶ
2999 4921 3224 4990 γένηται
3254 4920 3775 4990 καιρὸςάπλίκτου,

2200 5015 2293 5068 τοῦ
2349 5015 2658 5087 ὀρύγματος
2713 5013 2853 5066 κατὰ
2888 5013 2947 5064 τὸ
2973 5012 3089 5064 δέον
3139 5012 3448 5080 γενομένου,
3504 5011 3597 5063 καὶ
3655 5011 3780 5062 τῶν

2203 5105 2462 5171 τριϐόλων
2531 5104 2939 5174 ἀποτιθεμένων
2981 5142 2994 5169 ,
3053 5101 3085 5172 ἢ
3133 5103 3417 5172 οἰκοδομῆς
3473 5099 3782 5170 γενομένης

2203 5197 2424 5259 ἔσωθεν,
2457 5197 2488 5266 ἢ
2520 5197 2757 5267 χάρακος
2785 5197 2889 5247 ἀπὸ
2914 5193 3084 5257 ξύλων
3101 5193 3474 5264 πηγνυμένου,
3509 5193 3664 5244 τοιαύ
3679 5209 3782 5261 την

2205 5289 2502 5356 ἀσφάλειαν
2545 5289 2688 5362 ἔχειν
2717 5289 2778 5340 τὸ
2809 5271 3096 5356 φοσσάτον,
3127 5286 3191 5355 ἣν
3217 5285 3418 5352 ὀφείλει
3452 5284 3596 5356 ἔχειν
3632 5285 3784 5353 μετὰ

2207 5380 2301 5431 τοῦ
2350 5380 2614 5450 καραγοῦ.
2687 5381 2944 5450 Καραγὸν
2971 5379 3027 5431 δὲ
3053 5379 3280 5446 λέγομεν
3300 5378 3399 5440 τὰς
3434 5375 3651 5446 ἁμάξας
3684 5377 3785 5429 καὶ

2210 5469 2298 5520 τὸν
2322 5469 2395 5521 δι’
2424 5470 2602 5522 αὐτῶν
2627 5470 3034 5540 περιτειχισμὸν
3069 5469 3161 5522 τοῦ
3198 5473 3489 5538 φοσσάτου.

2289 5559 2396 5628 μηδ’.
2439 5559 2564 5614 Ἐάν
2597 5559 2651 5613 δὲ
2684 5560 2819 5630 τύχῃ
2848 5561 2985 5614 ὥστε
3023 5561 3146 5624 τοὺς
3178 5559 3572 5631 καϐαλλαρεους
3595 5557 3790 5610 πλείο-
