4002 6320
435 227 545 294 899

1684 213 1953 276 LEONIS
1989 211 2449 273 PHILOSOPHI

3564 208 3672 273 900

437 335 717 404 subjectos
745 326 1100 401 benignitatis
1131 335 1236 380 tute
1262 322 1631 392 bonitatisque
1655 337 1748 391 spe
1782 320 2002 375 eilicies.
2036 367 2038 376 ι

2141 336 2204 382 ας
2245 317 2515 381 εὐπειθεῖς
2544 317 2741 387 μᾶλλον
2767 315 2859 369 καὶ
2898 317 3355 385 ὑποταττομένους
3381 334 3460 370 σοι
3489 335 3670 390 παρα-

439 424 564 478 ιιωο
602 425 698 476 abs
737 433 787 476 te
822 419 1195 476 conservanda
1234 425 1380 480 sunt,
1425 418 1513 470 ubi
1562 417 1697 470 alios
1743 414 2003 468 invadens

441 517 696 573 obsidere
723 530 816 570 eos
842 517 1070 584 cogitas.

511 779 600 833 46.
656 777 734 840 Si,
775 777 920 846 quod
967 791 1108 845 sazpe
1133 776 1420 844 contingit,
1455 775 1668 839 civitas,
1695 782 1787 828 aut
1814 774 2011 828 castel-

446 871 723 935 lum,‘aut
766 868 877 921 ulla
921 867 1025 920 alia
1061 867 1290 920 munitio
1327 875 1414 920 tua
1457 865 1525 918 ab
1570 865 1822 919 hostibus
1864 864 2012 917 obsi-

445 958 620 1011 denda
653 965 756 1020 est,
805 957 852 1011 si
902 956 1003 1010 hoc
1046 955 1258 1010 eflicere
1284 954 1598 1009 accessione
1626 963 1714 1005 tua
1747 962 1926 1021 potes,
1957 958 2015 1005 ut

447 1047 662 1100 illorum
723 1046 979 1107 consilia,
1033 1053 1372 1109 conatusque
1425 1044 1626 1106 eleves,
1686 1041 1796 1096 Deo
1828 1041 2016 1110 gratiae

450 1145 678 1206 agantur
712 1153 728 1201 ;
755 1136 838 1190 sin
871 1136 1080 1199 minus,
1113 1132 1371 1187 omnibus
1408 1134 1570 1185 rebus
1603 1144 1696 1185 eos
1726 1129 2016 1198 apparabis

453 1227 887 1294 atque-instrues
925 1225 1019 1293 qui
1049 1216 1335 1278 obsidendi
1361 1229 1512 1285 sunt,
1536 1221 1651 1275 sive
1679 1220 1796 1288 ipse
1829 1234 2017 1273 neces-

453 1315 618 1368 sitate
654 1313 888 1380 quadam
918 1310 1203 1366 adfuturus
1238 1312 1338 1374 sis,
1383 1311 1498 1364 sive
1527 1309 1668 1364 alius
1695 1307 1962 1378 quispiam
1989 1323 2021 1363 ο

454 1402 569 1457 tuis
603 1402 874 1472 przefectis
899 1402 1139 1472 prudens
1171 1410 1225 1455 et
1256 1402 1491 1471 peritus.

529 1605 617 1660 47.
671 1604 851 1658 Primo
892 1605 1053 1674 igitur
1101 1605 1278 1659 omnia
1330 1605 1392 1659 ad
1427 1615 1782 1659 commeatum
1827 1620 2020 1661 neces-

457 1697 600 1750 saria
649 1696 715 1752 iis
763 1697 857 1766 qui
902 1696 1186 1751 obsidione
1228 1696 1424 1752 inclusi
1478 1705 1628 1760 sunt,
1676 1699 2022 1767 praeparabis,

457 1791 603 1858 quod
625 1790 940 1845 satisfacere
964 1791 1070 1847 illis
1091 1783 1250 1844 omne
1271 1798 1484 1860 tempus
1501 1789 1807 1846 obsidionis
1835 1796 2025 1861 possit.

459 1881 764 1951 Przparata
802 1881 915 1951 jam
964 1896 1146 1936 rerum
1198 1881 1636 1936 necessariarum
1673 1881 2028 1948 abundantia,

459 1975 765 2040 proximum
809 1981 914 2037 est,
951 1981 1011 2025 ut
1053 1972 1298 2026 inutilem
1333 1987 1546 2027 omnem
1583 1980 1818 2037 aetatem,
1843 1973 2030 2027 mulie-

465 2076 573 2126 res,
607 2075 788 2124 senes,
817 2060 1046 2123 debiles,
1072 2074 1294 2129 pueros,
1319 2067 1444 2113 ante
1470 2059 1709 2115 hostium
1743 2061 2029 2114 adventum

463 2168 494 2206 e
534 2151 856 2229 munitione.
885 2151 1096 2218 ejicias,
1151 2159 1209 2203 ut
1242 2150 1469 2218 reliquis
1512 2152 1606 2219 qui
1641 2151 1847 2205 robusti
1877 2152 2034 2204 habi-

479 2240 667 2308 lesque
701 2247 830 2294 sunt
858 2239 1111 2294 alimenta
1137 2238 1441 2293 sufﬁciant:
1471 2246 1584 2292 tum
1610 2240 2037 2297 machinationes

466 2327 712 2397 quaedam
744 2329 811 2382 ad
841 2329 1207 2397 depulsionem
1256 2343 1647 2398 manganorum
1717 2343 1846 2384 saxa
1901 2343 2036 2383 con-

467 2417 790 2487 jicientium,
821 2418 891 2473 ab
923 2417 989 2474 iis
1013 2420 1105 2488 qui
1141 2419 1463 2474 obsidentur
1485 2420 1862 2491 comparanda:
1890 2429 2034 2474 sunt.

543 2613 643 2690 48.⁴
676 2613 995 2683 Huiusmodi
1036 2617 1466 2686 conjectionibus
1494 2617 1832 2687 objiciuntur
1861 2618 2038 2671 cilicia

474 2702 767 2773 pendentia
805 2719 836 2760 e
872 2705 1055 2774 pinnis
1102 2716 1256 2762 extra
1293 2722 1501 2772 muros,
1550 2708 1638 2762 vel
1674 2708 1916 2772 sarcinae,
1960 2707 2042 2762 vel

475 2797 633 2852 t'uncs
683 2799 940 2862 contorti,
975 2799 1055 2853 vel
1101 2801 1326 2868 pontila,
1355 2802 1437 2852 vel
1475 2801 1616 2867 ligna
1660 2800 2040 2867 prominentia.

477 2893 570 2939 aut
601 2885 859 2939 lateribus
893 2901 1055 2954 agger
1082 2894 1208 2940 ante
1262 2889 1461 2954 pinnas
1486 2895 1818 2942 exstructus.
1845 2887 2041 2940 Arieti-

2058 462 2066 467 .
2111 413 2394 477 σκευάσεις
2432 413 2518 467 διὰ
2557 413 2652 483 τὴν
2698 408 3058 480 ἐλπιζομένην
3088 410 3236 479 παρὰ
3269 410 3362 464 σοῦ
3389 411 3673 480 εὐμένειαν

2112 507 2204 559 καί
2240 505 2566 574 ἀγαθότητα.
2603 500 2788 555 Ταῦτα
2824 501 2922 570 μὲν
2966 499 3452 570 παρακελευόμεθα
3483 516 3595 563 σοι,
3628 496 3676 553 ὅ

2115 594 2406 664 στμτηγέ,
2464 593 2898 662 παραφυλάττειν
2927 628 2945 656 ,
3001 590 3130 643 ὅταν
3181 587 3344 652 αύτδς
3393 589 3676 656 πολεμίοις

2117 685 2364 739 ἐπελθὼν
2404 684 2706 753 πολιορκεῖν
2732 683 2799 736 τὰ
2829 681 3051 735 ἐκείνων
3077 680 3296 750 μέλλῃς.

2189 775 2306 846 μς’.
2346 777 2407 829 Ei
2434 776 2502 840 δ’,
2527 777 2666 844 ὅπερ
2689 776 2946 837 πολλάκις
2989 771 3300 841 συμϐαίνει,
3324 769 3477 832 πόλις
3513 774 3548 842 ἢ
3577 768 3678 822 κά-

2119 883 2298 936 στρον,
2332 867 2366 936 ἦ
2395 883 2445 918 τι
2472 866 2655 933 ἕτερον
2694 864 2954 934 ὀχύρωμα
2983 863 3088 916 ὑπὸ
3114 861 3189 913 ’σέ
3225 860 3470 931 ὑπάρχον
3497 860 3678 928 μέλλει

2120 955 2271 1024 παρὰ
2303 955 2572 1024 πολεμίοιν
2610 953 3032 1024 πολιορκεῖσθαι,
3083 953 3132 1005 εί
3172 951 3270 1020 μὲν
3299 951 3522 1004 δύνασαι
3551 952 3681 1013 τοὺς

2119 1044 2518 1114 ἐπερχομένους
2557 1041 2921 1112 ἐπιτηδεῦσαι,
2953 1041 3046 1095 καὶ
3074 1041 3353 1110 ἄπρακτον
3386 1037 3565 1091 αὐτῶν
3591 1036 3682 1092 διὰ

2121 1135 2217 1204 τῆς
2249 1134 2345 1202 σῆς
2373 1130 2676 1201 προσϐολῆς
2728 1132 2825 1200 τὴν
2876 1129 3070 1200 βουλὴν
3109 1128 3413 1192 ἀποδεῖξαι,
3446 1127 3542 1201 τῷ,
3563 1127 3683 1196 Θεῷ

2123 1225 2298 1294 χάρις’
2325 1226 2373 1276 εί
2394 1223 2452 1276 δὲ
2484 1223 2646 1292 μήγε,
2681 1222 2897 1284 πάντως
2929 1220 3366 1291 παρασκευάσας
3393 1219 3520 1281 τοὺς
3555 1219 3683 1288 μέλ-

2124 1315 2332 1378 λοντας,
2365 1312 2782 1381 πολιορκεῖσθαι·
2806 1313 2914 1365 ειτε
2942 1311 3100 1372 αὐτὸς
3133 1310 3344 1380 μέλλεις
3364 1309 3422 1374 ἐξ
3440 1310 3684 1379 ἀνάγκης

2123 1406 2267 1468 τινὸς
2300 1406 2417 1458 ἐκεῖ
2437 1405 2709 1473 παρεῖναι,
2740 1404 2848 1456 εῖτε
2889 1401 3074 1472 ἕτερός
3098 1419 3183 1464 τις
3223 1400 3330 1455 τῶν
3354 1401 3460 1455 ὑπὸ
3494 1401 3553 1454 σέ
3588 1401 3688 1470 ἀρ-

2126 1499 2326 1567 χόντων
2357 1498 2495 1567 ἀνὴρ
2525 1497 2806 1566 ἐλλόγιμος
2836 1497 2930 1548 καὶ
2960 1495 3239 1566 ἔμπειρος.

2200 1609 2308 1680 μζ’.
2354 1609 2574 1680 Πρῶτον
2614 1609 2712 1678 μὲν
2763 1609 3017 1663 ἁπάντων
3065 1607 3170 1677 χρὴ
3222 1606 3331 1659 τῶν
3373 1602 3687 1673 ἀναγκαίων

2129 1702 2207 1763 είς
2258 1699 2571 1770 ἀποτροφὴν
2623 1699 2904 1770 φροντίσαι
2950 1699 3058 1751 τῶν
3109 1696 3508 1765 ἐγκλειομένων
3562 1695 3686 1748 ὅσον

2127 1787 2273 1853 οἶδας
2303 1789 2395 1843 τδν
2417 1790 2608 1861 ἐχθρὸν
2639 1791 2890 1859 ἐξαρκεῖν
2920 1790 3012 1842 ἐπὶ
3039 1791 3107 1860 τῇ
3145 1787 3430 1858 πολιορκίᾳ
3473 1785 3685 1856 χρόνον.

2128 1884 2222 1936 καὶ
2256 1885 2303 1936 εί
2339 1882 2438 1953 μὲν
2467 1882 2692 1952 εὐπορία
2718 1881 2835 1936 ἐστὶ
2861 1881 3126 1948 τοσαύτης
3143 1879 3476 1958 ἀποτροφῖκ.
3511 1876 3691 1932 Ἐπεί-

2130 1991 2212 2026 τοι
2244 1992 2307 2042 γε
2334 1975 2431 2044 τὴν
2460 1974 2729 2045 ἄχρηστον
2768 1973 2981 2042 ἡλικίαν
3020 1971 3214 2026 ἔκϐαλε
3257 1975 3321 2024 ἐκ
3349 1971 3443 2024 τοῦ
3483 1968 3693 2040 ὀχυρώ-

2140 2080 2303 2131 ματος
2351 2063 2456 2132 πρὸ
2486 2064 2584 2131 τῆς
2614 2064 2722 2114 τῶν
2758 2062 2968 2132 ἐχθρῶν
3002 2063 3327 2130 παρουσίαςο
3357 2056 3468 2122 οἷον
3498 2061 3690 2126 γυναῖ-

2136 2169 2258 2217 κας,
2298 2152 2582 2222 γέροντας,
2605 2152 2868 2217 ἀσθενεῖς,
2909 2150 3002 2204 καὶ
3031 2150 3236 2212 παιδία,
3258 2149 3344 2202 ἵνα
3368 2151 3479 2212 τοῖς
3513 2150 3574 2204 ἐν
3599 2148 3694 2201 δυο

2136 2243 2293 2311 νὰμει
2327 2242 2474 2296 οὖσιν
2504 2243 2961 2314 ἢεὺρισκομένοις
2986 2243 3020 2312 ἡ
3049 2240 3259 2310 δαπάνη
3281 2241 3572 2310 ἐξαρκέσῃ·
3599 2240 3696 2294 καὶ

2139 2333 2224 2386 ἴνα
2253 2337 2281 2387 ὁ
2322 2334 2528 2401 μέλλων
2569 2331 2969 2402 πολιορκεῖσθαι
3014 2333 3413 2403 προευτρεπίσῃ
3446 2333 3693 2403 μηχανή-

2142 2443 2283 2496 ματα
2312 2425 2662 2494 ἀντικείμενα
2691 2425 2826 2494 πρὸς
2855 2424 2951 2495 τὴν
2989 2406 3259 2494 ἀποσοὸὴν
3288 2422 3398 2478 τῶν
3431 2425 3696 2496 “£19066-

2141 2517 2244 2569 λων
2274 2516 2567 2588 μαγγάνων
2594 2516 2702 2569 τῶν
2727 2515 2956 2587 ἐχθρῶν.

2213 2611 2328 2684 μη⁹.
2366 2611 2720 2666 Ἀντίκεινται
2751 2612 2806 2664 δὲ
2841 2613 2960 2673 ταῖς
2981 2607 3253 2672 τοιαύταις
3285 2607 3463 2676 βολαῖς
3489 2605 3700 2659 natm

2142 2699 2460 2772 κρεμάμενα
2487 2701 2683 2767 ἔξωθεν
2714 2699 2808 2753 τοῦ
2833 2701 3045 2769 τείχους
3078 2699 3216 2752 κατά
3244 2697 3368 2760 τοὺς
3399 2695 3701 2768 προμαχῶ-
3747 2750 3749 2752 ,

2142 2808 2259 2856 νας,
2299 2793 2333 2863 ἢ
2387 2791 2635 2860 σάρκινα,
2679 2792 2713 2861 ἢ
2779 2789 2986 2858 σχοινία
3041 2788 3320 2858 είλημένα,
3372 2790 3405 2861 ἢ
3452 2789 3699 2853 πόντιλα,

2145 2884 2260 2952 ἦτοι
2296 2881 2424 2945 ξύλα
2469 2880 2811 2950 κρεμάμενα,
2856 2877 2953 2936 καὶ
2995 2877 3212 2942 πλίνθος
3236 2879 3293 2931 δὲ
3325 2880 3382 2931 ἐν
3413 2879 3523 2943 τοίς
3565 2895 3704 2948 προ⁹

478 2973 584 3028 bus
619 2981 796 3024 autem
825 2973 1038 3034 telaria,
1073 2982 1129 3027 et
1157 2974 1302 3027 sacci
1341 2974 1482 3041 pleni
1517 2973 1690 3041 palea,
1727 2981 1888 3042 atque
1917 2988 2038 3029 are-

2147 2971 2389 3041 μαχῶσιν
2443 2969 2862 3041 οἰκοδομουμένη
2888 3010 2906 3037 ,
2960 2971 3054 3024 καὶ
3089 2969 3225 3040 πρὸς
3267 2969 3392 3032 τοὺς
3425 2968 3613 3039 κριοὺς
3641 2968 3704 3021 δὲ

481 3076 550 3115 na
581 3074 948 3131 opponuntur.

554 3241 647 3297 49.
685 3241 765 3296 Ad
799 3242 1099 3300 testudines
1133 3244 1398 3315 barpages
1432 3247 1763 3315 praeparandi
1813 3255 1962 3314 sunt,
1990 3248 2042 3302 id

485 3341 566 3384 est
621 3332 763 3399 ligna
815 3346 1009 3402 magna
1051 3332 1333 3401 cuspidata
1366 3335 1564 3404 picata,
1594 3343 1654 3389 ut
1689 3336 1773 3390 vel
1797 3346 2044 3392 avertant

484 3420 599 3484 ea's,
633 3421 714 3477 vel
738 3421 1002 3478 leventet
1027 3422 1235 3477 nudent
1268 3424 1555 3481 interiores
1597 3426 1883 3481 testudinis
1916 3442 2041 3496 par-

486 3517 589 3575 tes,
626 3519 679 3565 et
710 3511 763 3565 in
798 3511 920 3566 illos
950 3526 1015 3567 ex
1038 3515 1314 3582 superiore
1345 3514 1462 3569 loco
1503 3515 1734 3572 nudatos
1767 3515 2040 3572 invadant.

557 3713 648 3767 50.
698 3711 793 3765 Pix
830 3711 995 3776 adsit,
1023 3725 1129 3780 qua
1175 3712 1387 3765 nudatae
1415 3713 1714 3770 testudines
1741 3715 2045 3772 incendun-

489 3809 600 3863 tur,
624 3809 676 3854 et
724 3801 864 3869 ignis
902 3801 1213 3870 lapidesque
1251 3816 1446 3870 graves
1496 3804 1784 3859 acuminati
1826 3822 2046 3877 manga-

495 3889 580 3942 nis
611 3887 949 3957 quibusdam
1000 3903 1032 3944 e
1084 3891 1363 3958 superiore
1416 3890 1537 3946 loco
1580 3893 1664 3947 vel
1693 3892 1935 3960 funibus,
1963 3889 2048 3948 vel

494 3976 700 4031 catenis
763 3975 1017 4043 demissi,
1061 3988 1114 4033 et
1161 3979 1284 4035 aliis
1346 3980 1667 4050 quibusdam
1719 3983 2048 4052 ponderibus

496 4064 667 4118 altero
700 4064 754 4117 in
804 4063 906 4120 fine
949 4069 1204 4138 mangani
1235 4068 1301 4123 ad
1332 4068 1696 4124 sublevandos
1725 4071 1922 4124 iterum
1964 4071 2049 4124 la-

497 4154 649 4222 pides
678 4156 889 4223 positis.

567 4244 767 4298 5|.‘Ad
799 4257 976 4304 turres
1003 4249 1289 4311 abductas,
1316 4249 1494 4318 ignem
1519 4260 1572 4304 et
1603 4265 1733 4325 saxa
1779 4252 2051 4319 ejicientia

502 4332 860 4389 instrumenta
895 4340 1108 4407 aptabis
1137 4351 1168 4391 ε’
1184 4339 1267 4392 sin
1333 4340 1435 4392 hoc
1471 4340 1629 4392 modo
1683 4356 1787 4394 non
1833 4340 2051 4408 profici-

505 4431 614 4482 tur,
642 4423 778 4478 alias
807 4432 984 4482 turres
1021 4429 1109 4482 vel
1141 4443 1205 4483 ex
1232 4428 1414 4498 lignis.
1468 4430 1550 4483 vel
1580 4444 1646 4484 ex
1675 4430 1780 4483 alia
1809 4431 2060 4500 quapiam

503 4512 730 4565 materia
758 4514 965 4584 erigere
1009 4531 1127 4582 eos,
1158 4517 1250 4584 qui
1286 4517 1432 4572 intus
1465 4518 1836 4585 includuntur,
1869 4522 2059 4576 adver-

505 4614 626 4653 sum
653 4614 771 4664 eos,
802 4603 895 4672 qui
945 4605 1083 4660 foris
1128 4604 1402 4672 obsident,
1455 4610 1534 4662 vel
1574 4610 1833 4665 adversus
1893 4626 2057 4680 quas-

505 4703 720 4756 cunque
760 4691 972 4746 illorum
1005 4694 1454 4762 machinationes,
1493 4699 1627 4754 alias
1661 4715 1828 4756 novas
1869 4711 2057 4755 contra

506 4773 626 4830 illos
659 4776 836 4830 moliri
857 4789 1091 4848 oportet,
1118 4781 1568 4848 quemadmodum
1605 4786 1892 4858 diligenter
1934 4805 2056 4858 pero

507 4866 761 4920 tractanti
805 4869 989 4921 animo
1020 4867 1176 4923 facile
1207 4869 1352 4925 laetu
1389 4872 1570 4929 fuerit.

579 4954 670 5007 52.
702 4953 906 5009 Turres
935 4961 1380 5027 propugnatrices
1422 4965 1660 5020 virorum
1706 4968 1932 5022 minime
1973 4985 2060 5023 rc-

507 5049 622 5096 ctas
651 5057 772 5096 esse
803 5052 1035 5111 oportet,
1072 5054 1131 5099 ut
1163 5044 1362 5107 milites
1407 5052 1575 5108 libere
1604 5070 1671 5109 ex
1706 5069 1772 5108 eo
1803 5057 1920 5111 loco
1960 5073 2059 5126 pu-

510 5145 676 5197 gnare
710 5135 939 5201 possint,
967 5143 1022 5188 et
1046 5151 1307 5217 mangana
1338 5141 1518 5197 facilia
1555 5155 1823 5213 ponantur
1847 5156 1900 5201 et
1931 5164 2060 5202 con-

511 5217 782 5287 ﬂciantur,

584 5307 670 5362 55.
707 5309 941 5369 Portulte
999 5325 1176 5372 autem
1232 5321 1540 5390 hujusmodi
1590 5325 1644 5378 in
1704 5328 1948 5382 turribus
1997 5331 2061 5384 ad

515 5393 654 5490 latus
687 5413 943 5470 anguste,
973 5408 1214 5463 dextram
1247 5414 1297 5464 in
1349 5422 1554 5481 partem
1605 5416 2062 5490 aperiantur,‘qua

516 5480 749 5542 hostium
796 5507 1057 5566 mangana
1105 5480 1444 5570 emittuntur,
1486 5513 1542 5558 ut
1577 5480 1781 5576 pedites
1810 5525 1839 5564 ε
1875 5480 2062 5579 [ιω-ία-

2141 3059 2466 3112 ἀντίκεινται
2493 3059 2720 3129 τυλάρια
2766 3061 2861 3112 καὶ
2899 3059 3099 3112 σακκία
3138 3059 3373 3129 γέμοντα
3400 3059 3576 3128 ἄχυρα
3607 3058 3710 3110 καὶ

2142 3147 2386 3215 ψάμμον.
3236 3159 3241 3164 ’

2217 3234 2324 3305 μθ’.
2362 3235 2503 3302 Πρδς
2527 3236 2583 3287 δὲ
2611 3236 2709 3298 τὰς
2727 3237 2963 3304 χελώνας
2993 3237 3259 3305 ἅρπαγες,
3290 3240 3407 3306 ἦτοι
3450 3238 3578 3302 ξύλα
3605 3255 3704 3306 με-

2143 3330 2282 3398 γάλα
2308 3329 2493 3398 ἔχοντα
2517 3327 2644 3396 ξίφη
2663 3327 3164 3398 καὶέμπισσύμενα,
3190 3329 3329 3380 ὥστε
3352 3331 3385 3398 ἢ
3409 3329 3711 3398 ἐπιστρέψαι

2144 3417 2330 3487 αὐτὴν,
2385 3416 2420 3488 ἢ
2471 3416 2819 3485 ἀναλωιρῆσαι
2876 3419 2964 3467 καί
2993 3418 3275 3483 γυμνῶσαι
3333 3416 3457 3477 τοὺς
3506 3415 3711 3482 ἔσωθεν

2143 3510 2239 3577 τῆς
2264 3509 2522 3578 .χελῶνο;,
2559 3508 2652 3560 καὶ
2699 3505 2871 3570 οὕτως
2915 3507 3052 3560 κατὰ
3083 3505 3257 3558 αὐτῶν
3283 3501 3548 3574 ἐγχειρεῖν
3575 3506 3713 3558 ἄνω-

2146 3598 2258 3651 θεν.

2217 3687 2276 3741 ν’.
2312 3687 2470 3741 Ἀλλὰ
2524 3686 2618 3740 καὶ
2679 3687 2863 3752 πίσσα,
2914 3686 2978 3739 δι’
3013 3683 3078 3758 ἧς
3134 3686 3461 3756 κενουμένης
3491 3687 3714 3756 ἐμπρη-

2148 3777 2454 3847 σθήσονται,
2503 3779 2596 3831 καὶ
2644 3777 2754 3847 πῦρ
2824 3780 2894 3831 αἱ
2934 3779 3068 3830 λίθοι
3109 3777 3292 3848 βαρεῖς
3346 3778 3710 3845 κατακεντροι

2148 3869 2256 3921 ἀπὸ
2303 3868 2595 3939 μαγγάνων
2635 3868 2787 3936 ἄφνω
2835 3869 3136 3937 χαλώμενοι
3184 3867 3271 3918 διὰ
3311 3866 3557 3935 σχοινίων
3587 3866 3712 3934 ἢτοι

2151 3956 2414 4021 ἁλύσεων,
2445 3958 2539 4012 καὶ
2567 3956 2727 4012 πάλιν
2754 3957 3136 4028 ἀνασπώμενοι
3167 3955 3234 4010 δι’
3267 3955 3467 4025 ἐτέρων
3495 3952 3714 4008 ἀντιᾶαο

2151 4062 2222 4115 pq
2228 4049 2430 4115 μάτων.

2087 4281 2133 4338 ι)
2225 4257 2325 4303 να’.
2357 4249 2496 4321 Πρὸς
2519 4250 2574 4303 δέ
2593 4253 2714 4314 τοὺς
2743 4253 3115 4334 ἐπαγομένους
3153 4255 3394 4322 πύργους
3436 4254 3714 4324 πυροὸὄλα

2163 4339 2277 4409 εῐδη
2302 4340 2394 4392 καὶ
2419 4340 2754 4410 πετροεόλοι,
2776 4342 2809 4408 ἢ
2832 4343 2878 4392 εί
2912 4343 2986 4410 μὴ
3012 4341 3167 4392 τοῦτο
3194 4343 3440 4412 ἁντισχῇ,
3460 4342 3720 4411 ἀντιπύρ-

2161 4447 2289 4495 γους
2317 4430 2514 4500 ὁμοίως
2535 4431 2867 4499 οἰκοδομεῒνν,
2909 4430 2939 4499 ἢ
2991 4431 3079 4482 διὰ
3123 4430 3310 4494 ξύλων,
3355 4432 3390 4499 ἢ
3427 4432 3494 4484 δι’
3523 4433 3724 4501 ἐτέρας

2163 4522 2294 4590 ὕλης
2343 4523 2468 4583 τοὺς
2513 4521 2712 4573 ἔσωθεν
2770 4519 2860 4574 τοῦ
2913 4520 3160 4589 τείχους·
3201 4522 3264 4575 ἄν
3317 4537 3397 4584 τις
3429 4521 3652 4575 ἐκείνων
3683 4523 3719 4591 ἢ

2157 4611 2341 4676 ἁπλῶς
2368 4612 2442 4675 ὡς
2474 4611 2538 4665 ἂν
2567 4613 2784 4665 δυνατὸν
2812 4612 2945 4680 πρὸς
2968 4613 3064 4681 τὴν
3094 4611 3340 4681 μηχανὴν
3372 4611 3478 4663 τῶν
3521 4611 3722 4677 ἔξωθεν

2159 4703 2633 4773 ἁντιμηχανᾶσθαι
2677 4705 2797 4765 τοὺς
2855 4703 3072 4765 ἔσωθεν,
3131 4702 3310 4764 καθὼς
3339 4704 3395 4755 ἐν
3426 4701 3496 4771 τῷ
3528 4703 3721 4756 πλάτει

2163 4792 2298 4862 μετὰ
2324 4792 2516 4861 σχολῆς
2538 4793 2772 4861 ἐρευνῶν
2803 4793 3050 4862 εὑρήσεις
3085 4793 3219 4861 πρὸς
3271 4791 3506 4862 ἑκάστην
3539 4810 3722 4861 μηχα-

2161 4880 2255 4949 νὴν
2281 4881 2574 4950 ἀντεξευρη
2581 4881 2737 4950 μένα.

2231 4974 2326 5042 νβ’.
2361 4976 2680 5039 Ἀναγκαῖον
2710 4973 2765 5023 δέ
2785 4974 2900 5023 ἐστι
2927 4973 3049 5034 τοὺς
3080 4972 3318 5041 πύργους
3359 4973 3481 5034 τοὺς
3510 4973 3718 5041 ἐπιμά-

2162 5082 2287 5133 χους
2314 5047 2407 5118 ⁸ἷέοῦ
2430 5064 2639 5133 τείχους
2676 5062 2931 5121 ἀσκεπεῖς
2967 5057 3123 5124 εἶναι,
3158 5062 3295 5113 ὥστε
3323 5062 3447 5122 τοὺς
3473 5063 3688 5130 μαχομέ
3713 5095 3724 5103 -

2162 5170 2283 5217 νους
2315 5155 2605 5215 ἀκωλύτως
2626 5154 2832 5204 ἐκεῖθεν
2866 5151 3148 5219 μάχεσθαι.
3206 5153 3297 5202 καὶ
3347 5151 3416 5202 τὰ
3464 5152 3719 5218 μάγγανα

2161 5244 2402 5307 εὐκόπως
2430 5244 2668 5298 τίθεσθαι
2699 5245 2787 5293 tu).
2823 5241 3225 5308 ἐξεργάζεσθαι.
3437 5299 3441 5303 ,
3617 5312 3630 5314 _

2232 5336 2331 5402 νγ’.
2356 5337 2464 5387 Καὶ
2496 5335 2844 5404 παραπόρτιιι
2873 5336 2924 5382 (Σὲ
2953 5334 3008 5382 ἐν
3037 5337 3144 5393 τοῖς
3183 5334 3441 5394 τοιούτοις
3483 5333 3722 5402 πύργοις

2164 5426 2227 5478 ἐκ
2264 5427 2489 5490 πλαγίου
2520 5425 2680 5477 στενὰ
2711 5423 3012 5488 iuoiyrsfm:
3038 5423 3174 5475 κατὰ
3206 5424 3295 5475 τοῦ
3316 5423 3487 5488 δεξιοῦ
3519 5425 3720 5492 μέρους

2163 5514 2268 5566 τῶν
2301 5518 2720 5583 προσαγομένων
2773 5513 3060 5581 μῖγγάνων
3118 5516 3178 5565 ἐκ
3209 5515 3312 5565 τῶν
3340 5511 3566 5582 ἐχθρῶν.
3600 5511 3720 5563 Ἷνα
