4002 6320
402 398 511 458 909
1436 406 1770 470 TACTICA.
1805 431 1874 446 --
1913 411 2416 488 CONSTI'IUTIO
2452 421 2601 483 XVI.
3518 427 3626 491 910

398 508 685 590 ηγετικοὺς
708 509 875 573 κύνας
927 511 975 564 οἱ
1035 512 1258 582 κυνηγοὶ
1291 512 1384 566 τοῦ
1425 515 1790 584 θηρευομένου
1821 516 1950 580 (dior.

2068 523 2332 592 sanguine
2375 527 2620 585 inescare
2646 569 2659 594 ,
2699 530 2968 586 interdum
3013 532 3176 586 etiam
3216 533 3489 590 intestinis
3536 535 3632 587 do-

393 598 474 666 τῷ
499 599 710 668 αἵματι,
745 602 838 654 καί
882 616 1009 653 ποτε
1066 601 1159 653 καὶ
1211 604 1317 664 τοῖς
1378 604 1668 666 ὲντοσθίοις
1695 606 1950 670 δελεάζειη

2071 626 2222 674 nare,
2254 622 2311 666 ut
2342 617 2408 669 ad
2443 607 2844 688 persequendas
2876 619 3018 673 feras
3049 620 3340 676 alacriores
3370 620 3524 676 ﬂant.
3555 622 3630 674 Ita

391 685 688 755 ἀναγκαῖον
743 687 1042 749 ποιοῦνται,
1087 687 1174 740 ἵνα
1204 688 1642 760 προθυμοτέρους
1676 693 1771 745 καὶ
1803 693 1950 748 πάλιι

2070 710 2195 757 ante
2213 703 2338 759 belli
2368 685 2572 762 exitum
2603 685 2648 764 si
2683 709 3114 770 munerabantur
3147 709 3368 775 milites,
3401 712 3634 790 alacrior

390 778 472 838 είς
499 777 622 838 τοὺς
637 776 881 848 εάγῶνας
914 775 1015 859 τῆς
1069 776 1241 847 θήρας
1277 783 1595 847 ποιήσωσιν.
1638 781 1822 845 Οὕτως
1856 783 1964 855 γάρ

2073 793 2347 848 exercitus
2371 795 2434 848 ad
2460 796 2658 851 bellum
2691 800 2984 867 gerendum
3017 799 3126 852 llet.

395 869 661 939 μάλισταέ
697 868 746 920 εἶ
794 869 886 940 καὶ
931 869 1096 938 μήπω
1154 869 1304 932 τέλος
1355 870 1572 941 δέξηται
1625 874 1654 926 δ
1701 873 1955 944 πόλεμος.
1997 877 2401 953 προθυμότερος
2434 887 2461 938 ό
2496 888 2724 957 στρατὸς
2786 888 2920 956 πρὸς
2991 886 3089 949 τάς
3153 888 3329 956 μάχας
3405 888 3629 956 γενήσε-

391 975 504 1011 ται.
704 1003 720 1024 κ

460 1055 536 1116 η’.
566 1037 821 1118 Διαφέρει
885 1047 1044 1118 γάρὸ
1075 1048 1306 1119 πόλεμος
1353 1049 1454 1118 τῆς
1512 1051 1712 1128 utimr
1767 1054 1794 1106 ὁ
1861 1057 1961 1126 μὲν

394 1135 502 1206 γάρ
558 1135 788 1205 πόλεμος
851 1135 960 1189 ἀπὸ
989 1137 1164 1208 ἀρχῆς
1191 1139 1286 1192 καὶ
1337 1141 1501 1211 μέχρι
1526 1139 1712 1205 τέλους
1738 1145 1832 1196 καὶ
1862 1160 1976 1197 κα-’

392 1224 716 1289 ταπαύσεως
742 1226 848 1279 τῶν
908 1229 1232 1299 μαχομένων
1253 1228 1490 1298 λέγεται,
1527 1231 1727 1295 πολλάς
1750 1233 1807 1284 ὲν
1838 1233 1960 1286 ἑαυ-

391 1313 471 1383 τῷ
501 1317 679 1387 μάχας
727 1317 1098 1387 περιέχωνὴ
1144 1319 1200 1373 δὶ
1262 1319 1406 1390 μάχη
1469 1322 1692 1390 μερικὸς
1742 1323 1960 1389 λέγεται

393 1407 651 1476 πόλεμος,
708 1406 968 1471 πολλάκις
1022 1409 1281 1477 γινομένη
1325 1411 1382 1462 ὲν
1415 1409 1492 1479 τῷ
1523 1410 1615 1464 τοῦ
1662 1411 1785 1466 καθ’
1838 1413 1962 1466 ὅλου

393 1495 631 1564 πολέμου
684 1496 882 1567 καιρῷ,
943 1496 1038 1550 καὶ
1080 1499 1470 1568 ἀπογινομένη.
1499 1500 1573 1552 Ού
1616 1501 1723 1569 μὴν
1746 1501 1802 1552 δὲ
1833 1502 1963 1554 πάν.

389 1605 509 1642 τοτε
586 1589 735 1652 τέλος
809 1589 1086 1657 ἐπάγουσα
1146 1591 1383 1658 πολέμου
1411 1629 1426 1654 ,
1481 1591 1616 1645 ἀλλά
1675 1592 1809 1662 πρὸς
1865 1575 1964 1662 τῆν

389 1681 577 1751 χρείαν
607 1680 704 1734 καὶ
737 1680 830 1732 δύο
853 1680 947 1734 καὶ
977 1681 1095 1749 τρὶς
1122 1682 1213 1733 καὶ
1270 1679 1527 1740 πολλάκις
1554 1680 1611 1731 ἒν
1637 1679 1741 1748 ὅλῳ
1764 1678 1842 1748 τῷ
1868 1678 1961 1732 τοῦ

388 1769 628 1839 πολέμου
667 1769 842 1841 καιρῷ
878 1768 977 1833 τὰς
1010 1768 1282 1839 συμϐολὰς
1315 1769 1629 1837 ποιουμένη.

2128 1058 2178 1112 8.
2226 1057 2429 1114 Bellum
2461 1073 2492 1113 a
2530 1076 2708 1132 pugna
2750 1061 2965 1118 dill'ert:
2996 1063 3192 1118 bellum
3241 1061 3384 1116 enim
3414 1061 3484 1117 ab
3515 1063 3626 1118 ini-

2060 1147 2138 1201 tio
2163 1162 2334 1216 usque
2356 1149 2422 1202 ad
2449 1148 2608 1204 ﬁnem
2631 1161 2684 1206 et
2709 1152 2950 1205 omnium
2979 1151 3207 1206 militum
3238 1151 3624 1219 cessationem,

2060 1239 2262 1294 multas
2298 1241 2499 1295 dicitur
2528 1241 2583 1296 in
2614 1257 2673 1298 se
2698 1258 2906 1313 pugnas
2943 1244 3225 1298 continere
3255 1261 3267 1296 :
3305 1257 3487 1313 pugna
3523 1258 3623 1297 au-

2060 1339 2165 1383 tem
2221 1345 2352 1400 pars
2389 1333 2636 1400 quaedam
2684 1335 2841 1403 quasi
2890 1333 3019 1399 belli
3076 1334 3276 1389 dicitur
3315 1373 3333 1400 ,
3391 1349 3510 1403 qua:
3569 1336 3625 1389 in

2063 1417 2320 1471 universo
2357 1417 2498 1472 bello
2523 1433 2665 1489 saepe
2709 1429 2792 1476 est
2815 1459 2829 1483 ,
2878 1437 3020 1490 saepe
3056 1422 3245 1487 abest,
3285 1438 3405 1491 qua:
3439 1433 3622 1478 tamen

2064 1504 2224 1557 linem
2261 1504 2384 1558 belli
2418 1521 2526 1560 non
2558 1507 2734 1562 aﬂ‘ert.
2773 1507 2985 1564 Etenim
3025 1524 3169 1578 saepe
3200 1509 3303 1572 bis,
3333 1523 3476 1577 saepe
3515 1517 3620 1570 ter,

2045 1589 2155 1644 aut
2196 1592 2360 1646 etiam
2405 1593 2770 1663 frequentius,
2800 1612 2898 1666 pro
2922 1612 3108 1652 rerum
3133 1597 3496 1669 gerendarum
3527 1612 3626 1651 ne-

2061 1680 2333 1745 cessitate,
2368 1682 2424 1735 in
2458 1681 2657 1738 bellum
2692 1683 3018 1754 conﬂigunt.

459 1832 665 1923 8'.'T&;
696 1832 1029 1928 ﬁt'dpnarit;
1061 1832 1161 1912 οὐκ
1185 1860 1280 1910 ἐπὶ
1315 1832 1493 1928 πάσης
1521 1832 1700 1926 μάχης
1727 1857 1950 1926 λέγομεν

2127 1856 2180 1910 9.
2218 1855 2605 1910 lnsectationes
2657 1856 3051 1912 hostium.non
3101 1873 3318 1929 semper
3354 1869 3474 1930 post
3518 1877 3621 1931 pu-

387 1950 654 2017 γίνεσθαι,
681 1949 816 2001 ἀλλά
836 1949 963 2000 ποτὲ
991 1949 1110 2017 μὲν,
1138 1949 1266 2000 ποτὲ
1279 1947 1334 1999 δὲ
1361 1947 1445 2008 οὒ,
1475 1947 1655 2009 καθὼς
1671 1949 1801 2002 αὐτὸ
1820 1965 1955 2017 συμο

388 2040 552 2110 φέρον
575 2039 852 2107 ἀπαιτήσῃ
880 2037 974 2090 τοῦ
996 2037 1211 2106 καιροῦ.
1631 2028 1638 2036 ’

461 2135 509 2182 ι’.
578 2130 689 2182 Καὶ
731 2128 799 2181 τά
829 2127 927 2196 μὲν
975 2122 1299 2196 αἰχμάλωτα
1358 2126 1585 2195 σώματα
1627 2127 1954 2197 πιπράσκειν

384 2220 480 2273 τδν
541 2218 800 2291 στρατόν·
837 2218 887 2270 εί
925 2217 980 2270 δὲ
1019 2217 1315 2288 χρημάτων
1347 2218 1464 2272 ἐστὶ
1518 2218 1694 2288 χρεία,
1745 2219 1839 2270 καὶ
1863 2219 1957 2272 δα-

386 2309 564 2380 πάνης
610 2308 793 2378 κοινῆς
821 2308 916 2361 καὶ
942 2307 1206 2390 μεχάλης,
1234 2307 1408 2362 πάντα
1432 2307 1565 2378 πρὸς
1595 2308 1659 2361 σὲ
1691 2308 1957 2378 ἀναφέρε-

385 2395 511 2447 σθαι
537 2395 792 2466 κήρυξον,
855 2394 950 2447 καὶ
986 2393 1164 2449 πᾶσαν
1215 2395 1508 2464 ἐπιθυμίαν
1543 2397 1635 2449 καὶ
1667 2395 1763 2448 σοῦ
1789 2396 1954 2450 αὐτοῦ

387 2484 484 2538 καὶ
518 2484 627 2535 τῶν
669 2484 774 2535 ὑπὸ
801 2489 860 2536 σὲ
881 2483 1158 2552 ἀρχόντων
1184 2485 1292 2537 ἀπὸ
1321 2484 1430 2538 τῶν
1457 2485 1715 2538 τοιούτων
1753 2487 1954 2540 ὲπισωο

385 2573 696 2645 ρευομένων
758 2572 1054 2640 χρημάτων
1112 2573 1443 2642 χαλίνωσον,
1489 2574 1584 2626 καὶ
1636 2575 1953 2641 ἀναλογίζου

383 2661 482 2731 τὴν
512 2661 700 2731 χρείαν
735 2650 843 2713 τῶν
876 2661 1209 2728 ἀναγκαίων.
1245 2661 1351 2713 Καὶ
1380 2661 1554 2722 οὓτως
1593 2661 1820 2715 δύνασαι
1853 2663 1954 2732 τὴν

383 2750 480 2804 τοῦ
513 2749 692 2805 κοινοῦ
744 2750 990 2820 δαπάνην
1037 2750 1176 2803 κατά
1199 2750 1260 2804 τὸ
1285 2750 1510 2804 δυνατὸν
1539 2750 1835 2813 ἀναλῶσαι,
1859 2751 1954 2804 καὶ

382 2843 509 2906 τοὺς
543 2843 602 2896 ἑν
628 2845 692 2915 τῇ
729 2843 878 2913 μάχῃ
927 2840 1373 2911 ἀγωνισαμένους
1419 2839 1945 2911 παραμυθήσασθαι,

382 2934 431 2985 εί
458 2931 800 3003 μὲνδύνασαι
830 2932 918 2986 διὰ
951 2933 1270 3003 χρημάτων,
1293 2933 1341 2985 εί
1362 2931 1407 2985 δ’
1435 2918 1536 2985 ούκ
1569 2932 1821 3001 ἐπαρκεῖ,
1863 2931 1953 2984 διὰ

382 3022 566 3092 τιμῶν
592 3023 684 3076 καὶ
710 3022 1057 3092 ἀξιωμάτων.

453 3116 544 3163 ια’.
576 3111 717 3172 Τοὺς
741 3110 798 3164 δὲ
824 3109 1202 3181 αἰχμαλώτους
1253 3111 1359 3180 πρὸ
1387 3109 1480 3163 τοῦ
1525 3111 1746 3173 τελείως
1787 3127 1952 3166 κατα·
1979 3139 2022 3198 c

382 3200 587 3255 παῦσαι
637 3199 730 3254 τὸν
782 3200 1016 3270 πόλεμον
1063 3201 1138 3270 μὴ
1174 3204 1368 3265 κτεῖνε,
1408 3201 1502 3253 καὶ
1564 3201 1795 3270 μάλιστα
1825 3201 1952 3265 τοὺς

380 3288 618 3356 ἐνδόξους
652 3290 763 3344 ,καὶ
802 3289 1069 3359 μεγάλους
1127 3290 1278 3360 παρά
1309 3291 1422 3352 τοῖς
1463 3289 1742 3360 πολεμίοις
1764 3291 1948 3354 ὄντας·

378 3383 772 3455 ἀνθομούμενος
799 3385 859 3438 τὺ
889 3384 1082 3455 ἄδηλον
1118 3385 1216 3456 τῆς
1260 3384 1430 3455 τύχης
1452 3424 1469 3449 ,
1504 3387 1597 3438 καὶ
1657 3385 1719 3438 τὸ
1766 3385 1954 3437 παλίν-

353 3464 577 3547 ’τροπον
599 3475 674 3541 ώς
698 3477 790 3530 ἐπὶ
819 3476 878 3531 τὸ
905 3476 1039 3530 πολὺ
1089 3477 1190 3547 τῆς
1227 3476 1405 3548 νίκης·
1464 3475 1532 3529 ἶν’
1562 3475 1713 3545 ἔχῃς,
1757 3473 1830 3532 ,εἴ
1886 3489 1949 3540 τε

379 3566 558 3638 συμϐῇ
591 3567 622 3638 ἢ
665 3567 776 3621 τῶν
809 3567 913 3622 ὑπ’)
952 3567 1012 3621 σέ
1045 3584 1200 3630 τινας
1246 3566 1607 3634 κρατηθῆναι,
1640 3565 1674 3632 ἢ
1711 3563 1947 3629 κάστρου

377 3656 626 3725 γενεσθαι
674 3658 804 3711 ίδίου
839 3675 931 3710 σου
967 3657 1187 3719 ἅλωσιν,
1214 3654 1282 3707 δι’
1309 3653 1492 3707 αὐτῶν
1524 3651 1949 3706 ἀντικαταλλάτ-

377 3759 488 3797 τειν
541 3745 630 3798 καὶ
686 3743 1067 3802 ἀνακαλεῖσθαι
1115 3741 1204 3803 τά,
1235 3741 1311 3804 ώς
1341 3740 1510 3804 είκδς,
1566 3739 1944 3809 συμϐαίνοντα

379 3834 511 3903 ήττή
519 3847 684 3902 ματαο
702 3835 795 3887 καὶ
810 3834 929 3887 ἀντὶ
948 3811 1057 3898 τῶν
1076 3831 1351 3902 πολεμίων
1370 3831 1732 3901 αἰχμαλώτων
1747 3821 1944 3886 ἀναλά-

377 3924 478 3996 ϐῃς
505 3924 631 3988 τοὺς
657 3923 843 3993 φίλους
866 3924 958 3979 καὶ
985 3925 1318 3994 συμμάχους·
1356 3925 1406 3975 ει
1433 3921 1489 3976 δὲ
1513 3921 1642 3992 [μὴ]
1665 3921 1943 3990 βούλονται

377 4013 534 4066 τοῦτο
581 4016 753 4067 ποιεῖν
791 4015 840 4066 οἱ
881 4006 1150 4082 πολέμιοί
1194 4014 1314 4064 τότε
1342 4011 1565 4072 δικαίως
1588 4011 1728 4062 κατὰ
1748 4008 1808 4061 τὸ
1834 4010 1946 4061 ίσον

376 4103 604 4169 ἀμύνου,
634 4103 1000 4170 διαχρώμενος
1031 4101 1109 4162 ώς
1130 4100 1296 4169 βούλῃ
1322 4098 1415 4149 ἐπὶ
1467 4096 1610 4165 λύπῃ
1638 4096 1747 4150 τῶν
1784 4097 1940 4147 ὲναν-

375 4189 530 4240 τίων.

449 4273 538 4342 ιβ’.
576 4272 729 4325 Μετὰ
755 4271 811 4325 δὲ
840 4271 908 4324 τά
938 4271 1335 4341 κατορθώματα
1385 4272 1480 4326 καὶ
1534 4272 1658 4333 τοὺς
1703 4269 1936 4338 ἀγῶνας,

2057 1961 2238 2016 gnam,
2268 1946 2362 2002 sed
2394 1946 2684 2017 interdum.
2713 1945 2867 2012 (lunt,
2916 1948 3188 2003 interdum
3223 1963 3328 2004 non
3351 1989 3366 2014 ,
3413 1967 3608 2019 quem-

2055 2035 2348 2091 admodum
2379 2036 2676 2091 necessitas
2707 2036 2831 2091 belli
2858 2037 3050 2106 exigit.

2127 2127 2214 2181 10.
2256 2125 2388 2191 Quae
2428 2125 2570 2181 bello
2621 2124 2909 2195 capiuntur
2936 2126 3129 2181 vendat
3174 2126 3492 2183 exercitus:
3529 2130 3635 2184 sin,

2056 2216 2304 2290 pecuniis
2327 2223 2422 2271 aut
2444 2222 2749 2270 commeatu
2783 2227 2922 2282 opus
2943 2214 3014 2269 sit
3040 2216 3222 2269 omnia
3247 2215 3312 2271 ad
3340 2225 3389 2271 te
3414 2215 3608 2273 abduci

2053 2306 2292 2377 jubebis,
2328 2312 2583 2374 tuamque
2611 2318 2675 2358 ac
2729 2304 3061 2376 reliquorum
3104 2302 3481 2373 praefectorum
3509 2321 3613 2362 cu-

2059 2397 2338 2466 piditatem
2364 2393 2434 2450 iis
2461 2394 2707 2464 pecuniis
2731 2394 2975 2448 collectis
3003 2393 3248 2458 obstrue,
3277 2403 3332 2448 et
3361 2407 3612 2451 necessa-

2059 2487 2260 2539 riarum
2292 2498 2474 2539 rerum
2495 2483 2732 2552 inopiam
2757 2497 3143 2539 commemora.
3165 2483 3338 2553 Atque
3357 2482 3433 2538 ita
3463 2491 3618 2553 potes

2057 2592 2239 2631 rerum
2274 2575 2710 2646 necessariarum
2741 2590 2806 2630 ac
2841 2584 3182 2630 commeatus
3215 2574 3452 2644 inopiam
3482 2590 3616 2644 sup-

2057 2668 2325 2736 peditare,
2361 2681 2563 2734 eosque
2594 2668 2687 2735 qui
2722 2669 2772 2720 in
2796 2668 2986 2736 ιιι·αείἰο
3013 2669 3274 2723 dimicant
3309 2670 3616 2734 sublevare,

2053 2759 2097 2812 si
2137 2765 2310 2825 potes,
2341 2757 2589 2824 pecunia,
2623 2758 2709 2811 sin
2756 2758 2938 2814 minus
2964 2759 3066 2814 hoc
3115 2760 3248 2814 satis
3292 2759 3480 2824 fuerit,
3516 2759 3618 2814 lio-

2052 2845 2280 2901 noribus
2303 2853 2356 2899 et
2380 2844 2667 2913 dignitate.

2127 3113 2211 3166 ll.
2254 3112 2511 3180 Captivos
2551 3117 2680 3166 ante
2731 3109 2931 3165 bellum
2967 3109 3269 3164 confectum
3302 3125 3366 3164 ne
3409 3109 3613 3163 interﬂ-

2063 3207 2200 3270 cias,
2237 3206 2562 3274 nobilesque
2608 3204 2663 3259 in
2704 3205 2895 3275 primis
2940 3218 3005 3259 ac
3041 3204 3278 3259 illustres
3308 3204 3453 3258 viros
3483 3221 3495 3256 :
3530 3219 3615 3258 re-

2061 3305 2254 3368 putare
2292 3296 2438 3352 enim
2468 3295 2628 3350 debet
2660 3295 2950 3363 ancipitem
2981 3295 3106 3349 belli
3152 3295 3356 3348 exitum
3378 3334 3394 3360 ,
3437 3296 3615 3348 incer-

2056 3399 2251 3454 tesque
2277 3401 2441 3440 casus
2467 3425 2480 3450 ,
2511 3386 3038 3452 conversionemque
3072 3399 3253 3438 rerum
3287 3392 3341 3437 et
3362 3384 3614 3436 .victoriae

2051 3490 2210 3543 quam
2248 3473 2439 3527 habes.
2462 3471 2568 3525 Aut
2596 3472 2640 3526 si
2670 3472 2950 3540 contingat
3005 3472 3219 3539 aliquos
3257 3470 3324 3525 de
3352 3470 3482 3532 tuis,
3510 3480 3606 3525 aut

2052 3563 2344 3618 castellum
2367 3561 2588 3631 aliqu-od
2614 3561 2757 3629 capi,
2784 3561 2891 3615 illis
2915 3569 3221 3615 commutes
3251 3567 3304 3614 et
3335 3561 3606 3614 resarcias

2047 3653 2259 3721 objecta
2293 3651 2527 3715 damna,
2577 3657 2632 3707 et
2675 3664 2774 3721 pro
2831 3650 3081 3717 hostibus
3119 3647 3350 3717 captivis
3403 3647 3610 3701 amicos

2050 3742 2337 3814 sociosque
2354 3740 2725 3811 recuperabis.
2751 3738 2846 3794 Sin
2878 3740 3060 3794 minus
3078 3739 3187 3793 hoc
3214 3739 3397 3794 hostes
3423 3737 3616 3790 volue-'

2047 3819 2202 3899 rint,
2253 3847 2320 3888 ex
2376 3845 2533 3901 aequo
2577 3838 2693 3885 tum
2736 3840 2790 3885 et
2834 3830 2976 3885 bono
3022 3828 3144 3884 illos
3192 3826 3494 3891 ulcisceris,
3541 3826 3610 3879 ad

2049 3923 2320 3981 vexandos
2379 3924 2564 3977 hostes
2617 3922 2739 3976 illos
2800 3934 2900 3990 pro
2962 3920 3229 3976 arbitratu
3286 3927 3380 3974 tuo
3435 3916 3607 3972 truci-

2047 4015 2222 4067 dabis.
2251 4049 2253 4051 ι

2113 4267 2198 4321 l2.
2242 4267 2367 4322 Post
2404 4281 2493 4321 res
2549 4265 2756 4335 aliquot
2786 4264 2921 4319 bene
2967 4273 3152 4334 gesm
3181 4278 3237 4317 .n
3281 4263 3504 4331 praelio,
3539 4277 3602 4313 ac

373 4356 422 4418 ὦ
457 4361 747 4433 στρατηγὲ,
778 4361 872 4415 καὶ
897 4361 1031 4432 πρὸς
1063 4361 1296 4431 εὐωχίας
1323 4361 1486 4431 ἤγουν
1523 4360 1799 4430 τραπέζας
1844 4361 1939 4414 καὶ

2055 4357 2423 4413 limicationes
2453 4357 2714 4426 quasdam
2747 4353 2979 4410 feliciter
3001 4352 3279 4418 cadentes,
3314 4352 3382 4405 ad
3411 4351 3600 4418 epulas

373 4453 571 4524 ἄριστα
611 4453 918 4524 προτρέπου
973 4452 1336 4506 καθίστασθαι
1378 4452 1504 4516 τούς
1554 4469 1613 4504 τε
1645 4452 1931 4522 ἄρχοντας,

2054 4460 2094 4506 3t
2122 4448 2373 4504 convivia
2406 4456 2462 4503 et
2491 4447 2727 4502 lautiora
2755 4446 2982 4517 prandia
3021 4454 3134 4499 tum
3175 4442 3457 4512 praefectos
3485 4449 3598 4491 tum

374 4541 470 4596 καὶ
489 4540 615 4605 τούς
633 4559 724 4596 σου
749 4543 1105 4614 στρατιώτας,
1125 4543 1197 4596 τά
1225 4545 1322 4611 μὲν
1338 4544 1426 4597 διὰ
1455 4542 1548 4596 σοῦ
1570 4542 1759 4609 αὑτοῦ,
1785 4543 1854 4595 τὰ
1883 4543 1937 4596 δὲ

369 4630 461 4686 διὰ
505 4630 614 4688 τῶν
665 4632 957 4704 ἀρχόντων,
1011 4636 1082 4688 τὰ
1113 4634 1313 4688 διιδιά
1360 4634 1468 4688 τῶν
1513 4633 1935 4704 κοντουϐερνίων

373 4722 540 4791 ἰδίων,
575 4723 670 4780 καὶ
721 4725 955 4795 μάλιστα
1003 4726 1068 4779 ἐκ
1096 4723 1206 4778 τῶν
1240 4723 1609 4793 κερδηθέντων
1670 4724 1779 4778 ἀπὸ
1830 4723 1938 4776 τῶν

370 4811 663 4882 πολεμίων.
720 4813 828 4867 Καὶ
881 4812 1052 4875 οὕτως
1097 4812 1186 4865 διὰ
1226 4811 1435 4864 πολλῶν
1476 4813 1938 4882 ἀριστοποιεῖσθαι

370 4901 466 4954 καὶ
501 4901 872 4955 ἀναπαύεσθαι
926 4901 1053 4964 τοὺς
1118 4899 1448 4969 στρατιώτας
1502 4899 1887 4970 παρασκεύαζε
1915 4915 1929 4930 ο

370 4983 458 5041 ἵνα
515 4987 712 5050 εἰδότες
752 4989 877 5041 οἴων
909 4989 1192 5054 ἀξιοῦνται
1234 4993 1371 5057 μετά
1398 4988 1458 5041 τὺ
1496 4979 1780 5057 παρελθεῖν
1811 4990 1938 5051 τοὺς

373 5073 662 5144 πολεμίους
715 5075 933 5144 ἀγῶνας
976 5080 1026 5132 ot
1057 5078 1432 5148 ἀριστεύοντες
1464 5080 1558 5131 καὶ
1605 5079 1654 5131 οί
1683 5077 1939 5147 νικήσαν-

2047 4540 2244 4594 milites
2275 4538 2471 4608 partim
2511 4553 2609 4607 per
2652 4537 3044 4601 contubernia,
3089 4551 3154 4589 ex
3202 4534 3267 4587 iis
3300 4531 3600 4602 quae'bello

2045 4638 2202 4697 capta
2227 4625 2354 4684 sunt
2376 4626 2732 4697 praeparabis,
2765 4633 2926 4694 atque
2962 4625 3096 4678 adeo
3131 4621 3430 4691 prandeaut
3461 4619 3599 4671 hila-

2046 4729 2342 4787 renturque
2392 4718 2642 4771 milites:
2694 4714 2893 4771 elﬁcies
2953 4714 3096 4767 enim
3145 4719 3205 4762 ut
3250 4710 3342 4777 qui
3389 4708 3596 4761 strenui

2047 4820 2217 4871 sunt,
2251 4808 2550 4862 sentientes
2580 4798 2780 4876 quibus
2810 4804 2974 4857 rebus
3012 4816 3074 4854 ac
3124 4798 3325 4853 laetitiis
3365 4798 3596 4865 post.vi-

2043 4899 2268 4951 ctoriam
2297 4895 2547 4949 fruentur
2571 4933 2588 4958 ,
2627 4894 2916 4947 alacriores
2957 4889 3022 4942 ad
3051 4887 3230 4941 omnia
3262 4894 3389 4940 ante
3423 4886 3596 4939 victo~

2045 4989 2178 5042 riam
2204 4987 2520 5042 sustinenda
2556 4984 2797 5056 pericula
2829 4981 2960 5043 sint,
2996 4986 3051 5034 et
3079 4978 3145 5033 ad
3177 4977 3390 5033 labores
3423 4977 3594 5043 magis

2045 5078 2297 5147 prompti.
2343 5100 2346 5101 ν

322 5235 324 5237 _
369 5177 487 5232 τες,
511 5141 902 5238 προθυμότεροι
918 5141 1180 5237 γένωνται
1201 5169 1334 5238 πρὸς
1361 5169 1422 5223 τὸ
1446 5169 1736 5239 ὑπομένειν
1762 5141 1936 5223 πάντα
1964 5141 2068 5240 προ
2096 5141 2215 5220 τοῦή
2233 5167 2466 5236 νικῆσαι,
2496 5165 2589 5216 καὶ
2614 5162 2742 5231 πρὸς
2790 5161 2910 5222 τοὺς
2957 5160 3148 5223 πόνους
3213 5157 3408 5228 μᾶλλον
3450 5141 3593 5207 Ἑτοι-

414 5252 609 5309 ducet.

414 5269 501 5306 ou
571 5273 609 5309 t.

367 5270 415 5330 μ
445 5269 786 5412 ιγ’ῗοῐιρονοοῦ
807 5347 865 5400 δὲ
888 5349 1116 5418 μάλιστα
1137 5345 1229 5399 καὶ
1261 5347 1353 5414 τῆς
1373 5345 1482 5398 τῶν
1500 5346 1706 5415 νεκρῶν
1732 5352 1929 5417 ταφῆς,

343 5430 510 5502 ,μήτε
543 5435 750 5501 καιρὸν,
777 5439 907 5506 μήτε
931 5438 1097 5505 ὥραν,
1129 5437 1262 5505 μήτε
1310 5435 1493 5498 τόπον,
1543 5436 1678 5503 μήτε
1744 5437 1926 5504 φόϐον,

371 5514 858 5582 προφασιζόμενος,
885 5520 985 5572 κᾶν
999 5536 1054 5571 τε
1071 5515 1236 5572 νικῶν
1257 5519 1444 5588 τύχῃς,
1478 5517 1578 5570 κάν
1602 5535 1658 5568 τε
1677 5519 1924 5589 ἡττώμε-

2112 5341 2197 5396 15.
2239 5338 2314 5392 De
2346 5336 2668 5405 sepeliendis
2700 5337 2928 5391 mortuis
2958 5333 3246 5390 admodum
3289 5327 3587 5390 laborabis,

2035 5446 2209 5499 neque
2233 5438 2445 5496 tempus
2471 5465 2487 5493 ,
2517 5443 2691 5496 neque
2729 5427 3070 5480 occasionem
3101 5460 3114 5483 ,
3148 5433 3324 5487 neque
3365 5419 3541 5472 locum
3568 5459 3582 5480 ,

2033 5534 2207 5588 neque
2241 5519 2487 5571 timorem
2531 5531 2782 5571 causaris.
2815 5514 3128 5588 Pulchrum
3147 5509 3288 5563 enim
3326 5509 3583 5576 piumque

370 5577 505 5664 νοτίςἐ
534 5577 760 5657 πάντοτε
817 5577 914 5674 μὲν
946 5609 1049 5678 γάρ
1079 5609 1235 5660 καλὸν
1290 5577 1550 5661 ϐίαιον
1579 5609 1610 5675 ἡ
1637 5577 1768 5675 πρὸς
1797 5577 1919 5671 τοὺς

2054 5623 2150 5661 ιεεο
2185 5607 2400 5659 videtur
2424 5646 2436 5668 ,
2488 5605 2718 5657 mortuis
2751 5577 3081 5669 sepulturailn
3124 5613 3339 5667 parare.
3379 5598 3576 5650 Neccs~

369 5687 689 5764 τεθνηκότας
730 5693 976 5750 εύτίϐεια
1005 5713 1017 5727 ·
1078 5699 1347 5766 ἀναγκαία
1401 5699 1455 5749 δὲ
1501 5698 1728 5766 μάλιστα
1760 5699 1792 5764 ἡ
1827 5700 1916 5751 ἐπὶ

2055 5697 2164 5749 aria
2190 5702 2365 5749 autem
2395 5709 2513 5746 cum
2544 5694 2732 5761 primis
2756 5706 2840 5744 res
2866 5690 3027 5744 estiis
3054 5690 3143 5757 qui
3169 5688 3309 5744 bello
3345 5689 3571 5754 cadunt;
