4040 6322
560 326 701 394 1095
1785 335 2060 396 LEONIS
2097 338 2131 396 Ρ

2235 336 2557 398 LOSOPHI

3657 342 3796 409 1096

590 475 3784 521 Μ

1083 652 1273 766 AD
1353 653 1857 770 LEONIS
1931 654 2549 771 AUGUSTI
2641 657 3263 825 TACTICA

1834 891 2495 983 APPENDIX.

644 1245 936 1318 Sequentia
969 1247 1146 1321 capita
1170 1243 1572 1319 praemittuntur
1586 1239 1991 1312 Programmati
2020 1240 2332 1296 academico
2359 1239 2645 1297 Turicensi
2691 1242 2819 1295 anni
2844 1240 3004 1297 1854.
3051 1259 3072 1294 ι
3118 1241 3362 1314 Duplicis
3397 1249 3527 1298 sunt
3555 1244 3802 1315 generis,

560 1340 741 1410 inquit
783 1336 1009 1398 Editor:
1042 1349 1136 1396 aut
1187 1340 1254 1394 ad
1289 1347 1532 1396 veterum
1565 1337 1876 1394 Graecorum
1906 1334 2395 1407 Macedonumque,
2449 1348 2542 1392 aut
2571 1335 2651 1393 ad'
2679 1337 3032 1393 recentiorem
3063 1337 3483 1409 Byzantinorum
3507 1353 3622 1414 rem
3656 1339 3805 1394 mili-

569 1443 740 1486 tarem
783 1441 1052 1504 spectant.
1091 1430 1157 1484 Et
1187 1429 1279 1485 illa
1320 1429 1536 1510 quidem
1593 1429 1772 1500 (capp.
1806 1428 2003 1494 50,34,
2034 1429 2093 1484 41
2121 1436 2176 1483 et
2201 1424 2293 1491 42,
2323 1429 2464 1484 55et
2493 1428 2608 1498 54),
2651 1416 3086 1499 quamvis-plane
3123 1430 3248 1485 novi
3271 1445 3380 1486 non
3415 1431 3641 1486 multum
3665 1445 3805 1488 sane

568 1522 858 1591 praebeant,
891 1520 1034 1574 haud
1066 1519 1329 1575 inutiliter
1355 1527 1537 1576 tamen
1557 1532 1680 1574 cum
1721 1516 2107 1587 Asclepiodoti,
2132 1515 2332 1572 ΔΕιίοηὶ
2396 1524 2450 1572 et
2486 1516 2764 1588 Byzantini
2782 1517 3048 1590 Anonymi
3097 1520 3450 1594 relationibus
3479 1536 3806 1592 comparen-

505 1595 511 1600 ’
574 1621 685 1665 tur.
729 1611 864 1667 Hzec‘
887 1627 1016 1668 vero
1035 1612 1216 1683 (capp.
1240 1609 1330 1674 55,
1373 1608 1463 1678 38,
1496 1610 1587 1677 39,
1611 1607 1703 1674 43,
1729 1607 1821 1677 50)
1854 1623 2008 1680 aeque
2044 1609 2284 1664 breviter
2316 1623 2380 1662 ac
2403 1608 2640 1664 dilucide
2670 1610 2840 1677 prima
2873 1610 3183 1682 Byzantina:
3207 1613 3413 1668 militiae
3441 1612 3801 1669 fundamenta

566 1702 1063 1776 comprehendunt,
1091 1717 1213 1773 quae
1257 1700 1312 1757 in
1347 1699 1614 1765 Mauricii,
1676 1697 2019 1758 Constantini
2078 1707 2131 1753 et
2169 1697 2330 1752 editis
2372 1696 2572 1753 Leonis
2633 1697 2870 1754 Tacticis
2900 1699 3133 1782 sparsim
3174 1715 3273 1756 nec
3326 1702 3445 1757 sine
3480 1703 3801 1759 difﬁcultate

562 1804 842 1869 1eguntur.
881 1814 900 1847 ι
952 1792 1132 1850 Monet
1163 1802 1417 1862 praetcrea
1463 1789 1672 1854 Editor,
1731 1802 1790 1844 se
1834 1787 2037 1843 codicis
2067 1787 2350 1856 scriptura;
2375 1801 2588 1869 semper
2635 1786 2929 1843 adhaesisse
2981 1799 3036 1843 et
3084 1789 3218 1844 nihil
3258 1791 3562 1856 novavisse,
3600 1794 3799 1857 sedyel

562 1890 695 1945 talia
723 1888 1010 1958 reliquisse
1035 1886 1217 1958 qualia
1243 1894 1372 1943 sunt
1386 1885 1720 1948 δαιπότατοι,
1756 1881 2062 1954 χρίσαντες,
2086 1881 2131 1934 ⁷δ

2236 1897 2440 1951 νσωρες
2465 1897 2480 1946 ;
2523 1881 2648 1952 quis
2676 1896 2806 1938 vero
2833 1889 2888 1937 et
2910 1883 3062 1954 cujas
3093 1882 3165 1937 sit
3194 1883 3362 1938 codex
3396 1899 3506 1953 quo
3527 1899 3658 1940 usus
3686 1893 3796 1948 est,

566 1982 789 2038 omnino
815 1988 975 2036 tacet.
1003 1977 1506 2049 interpretationem
1532 1973 1779 2030 Latinam
1804 1973 2133 2030 addidimus.

567 2288 719 2347 CAP.
780 2283 995 2358 XXXU.
1043 2313 1116 2324 -—
1143 2282 1517 2340 Ordinatiarm
1603 2252 1799 2336 editum
1832 2279 1974 2348 apud
2002 2296 2116 2334 eos-

1195 2352 1315 2408 dem
1340 2298 1618 2424 [ϐιαίοις.
2045 2405 2050 2409 ,

2232 2277 2470 2332 ΚΕΨΑΛ.
2506 2274 2628 2330 AB’.
2651 2272 3103 2342 -Παρατάξεις
3132 2271 3321 2332 πεζῶν
3367 2275 3494 2325 κατ’
3538 2276 3788 2341 αὐτούς.

1195 2352 1315 2408 dem
1340 2352 1618 2427 [Graeca].
2045 2405 2050 2409 .

637 2442 894 2502 Peditum
929 2457 1268 2513 unaquaeque
1289 2442 1428 2513 legio
1460 2449 1694 2512 quatuor
1713 2436 2044 2513 armatorum
2073 2447 2125 2493 ct

569 2545 903 2592 scutatorum
936 2531 1173 2587 millibus
1188 2540 1240 2586 et
1251 2532 1545 2602 nonaginta
1559 2546 1651 2587 sex
1665 2531 1976 2595 constabat;
2007 2545 2128 2584 sex-

571 2627 747 2681 decim
779 2626 832 2680 in
865 2624 1072 2695 legione
1104 2622 1353 2688 ordines;
1380 2636 1550 2692 porro
1572 2622 1708 2677 ordo
1743 2622 1974 2695 quisque
2021 2626 2124 2676 du-

571 2728 856 2773 centorum
899 2723 952 2770 et
982 2712 1377 2784 quinquaginta
1407 2726 1502 2768 sex
1527 2713 1785 2768 virorum.
1810 2711 1975 2779 Quem
1997 2726 2125 2766 vero

567 2803 864 2873 perfectum
901 2801 1171 2858 vocabant
1191 2800 1509 2864 exercitum,
1558 2808 1793 2871 quatuor
1823 2800 2126 2870 legionibus

567 2894 853 2949 constabat
893 2909 907 2946 :
941 2894 1280 2948 dividebatur
1331 2903 1510 2949 autem
1557 2895 1613 2948 in
1641 2895 1886 2950 dextram
1907 2906 1958 2950 et
1986 2895 2126 2949 sini-

569 2992 738 3040 stram
771 2968 1001 3053 partem,
1021 2983 1256 3037 medium
1289 2998 1504 3053 quoque
1528 2984 1779 3039 dextrum
1809 2993 1862 3039 et
1892 2987 2124 3042 medium

569 3075 852 3129 sinistrum
881 3090 895 3124 :
932 3073 1074 3147 unde
1107 3071 1374 3125 sexdecim
1418 3071 1582 3124 millia
1611 3080 1665 3125 et
1698 3076 1926 3127 trecenti
1974 3086 2128 3129 octo-

571 3164 717 3231 ginta
782 3167 1014 3228 quatuor
1051 3160 1173 3213 viri.
1240 3159 1395 3226 Apud
1447 3160 1700 3229 antiquos
1759 3175 1922 3229 porro
1983 3165 2131 3218 utilis

571 3261 690 3307 erat
722 3251 811 3304 ille
833 3263 1118 3315 numerus,
1144 3247 1415 3318 siquidem
1439 3250 1494 3303 in
1536 3250 1671 3307 duas
1685 3251 1921 3321 aequales
1953 3262 2132 3321 partes

573 3336 988 3402 fueritdivisus,
1022 3351 1198 3406 neque
1236 3337 1354 3391 ideo
1408 3339 1665 3393 alterutra
1712 3355 1840 3410 pars
1898 3355 2131 3409 unquam

572 3418 912 3509 inunitatem
944 3427 1624 3504 desierit.~Ad.dimidium
1667 3441 1848 3488 autem
1887 3443 2125 3490 scutato-

579 3538 700 3575 rum
759 3531 916 3576 erant
947 3535 1155 3590 semper
1181 3520 1246 3573 .in
1299 3519 1608 3589 hujusmodi
1643 3523 1884 3584 exercitu
1944 3521 2134 3576 leviter

2295 2432 2415 2485 Τῶν
2441 2431 2678 2494 πεζικῶν
2699 2428 2991 2500 ταγμάτων
3020 2427 3248 2480 ἕκαστον
3275 2426 3334 2493 ἐξ
3365 2427 3572 2499 ἀνδρῶν
3599 2424 3669 2501 ἦν
3702 2447 3795 2483 τε-

2225 2523 2607 2594 τρακισχιλίων
2657 2521 3070 2591 ἑννενηκονταὲξ
3111 2520 3519 2591 συνιστάμενον,
3551 2521 3797 2575 ὁπλιτῶν

2226 2617 2480 2670 ἁπάντων
2533 2614 2626 2668 καὶ
2686 2612 3064 2681 άσπιδοφόρων
3089 2627 3105 2642 ο
3158 2607 3272 2681 εἶχε
3326 2611 3384 2663 δὲ
3436 2603 3678 2680 ὀρδίνους
3732 2613 3797 2665 τὸ

2225 2707 2410 2778 τάγμα
2440 2705 2634 2770 δεκαέξ
2660 2720 2674 2735 °
2704 2707 2733 2759 ὁ
2761 2703 2817 2758 δὲ
2838 2704 3044 2774 δρδινος
3074 2703 3133 2769 ἐξ
3163 2701 3372 2772 ἀνδρῶν
3414 2697 3480 2772 ἦν
3502 2704 3796 2757 διακοσίων

2227 2793 2646 2868 πεντηκονταέξ.
2681 2793 2748 2850 Ἦ
2797 2792 2976 2845 τοίνυν
3003 2792 3184 2845 τελεία
3227 2793 3357 2860 παρ’
3387 2791 3566 2845 αὐτῶν
3591 2792 3796 2846 καλου-

2231 2886 2368 2956 μένη
2397 2884 2703 2957 παράταξις
2750 2885 2818 2938 ὲκ
2857 2883 3156 2968 ταγμάτων
3211 2883 3496 2954 τεσσάρων
3539 2879 3609 2954 ἦν
3662 2903 3792 2939 συν..

2233 2976 2495 3046 ισταμένη
2516 2992 2530 3006 ο
2562 2974 2785 3045 διῄρητο
2813 2973 2872 3026 δι
2911 2975 2992 3037 είς
3025 2972 3196 3039 δεξιὸν
3224 2972 3321 3026 καὶ⁷
3352 2973 3662 3044 ἀριστερὸν,
3694 2974 3795 3044 μέ-

2231 3083 2323 3120 σον
2350 3066 2520 3131 δεξιὸν
2549 3067 2643 3118 καὶ
2673 3065 2841 3137 μέσον
2879 3064 3186 3135 ἀριστερὸν,
3217 3063 3293 3126 ὡς
3322 3060 3460 3118 εἶναι
3483 3065 3668 3118 λοιπὸν
3692 3069 3792 3134 τὴν

2231 3155 2530 3225 παράταξιν
2553 3155 2755 3225 ταύτην
2779 3155 2840 3218 ἐξ
2868 3154 3080 3225 ἀνδρῶν
3106 3154 3398 3208 ἑκκαίδεκα
3423 3154 3675 3224 χιλιάδων
3697 3156 3792 3208 καὶ

2231 3245 2555 3312 τριακοσίων
2598 3245 2924 3315 ὀγδοήκοντα
2981 3245 3282 3315 τεσσάρων.
3343 3246 3641 3316 Χρήσιμος
3670 3246 3731 3298 δι
3763 3247 3793 3298 ὁ

2233 3331 2462 3402 ἀριθμὸς
2489 3329 2639 3393 οὗτος
2684 3334 2743 3384 ὲν
2784 3328 2922 3393 ταῖς
2957 3335 3293 3404 παρατάξεσι
3344 3335 3646 3403 παρὰ-τοϊς
3685 3351 3789 3386 πα-

2233 3426 2402 3500 λαιοῖς
2428 3421 2517 3496 ἦν,
2544 3426 2639 3479 ὅτε
2684 3424 2749 3494 δὴ
2775 3424 2966 3477 τούτου
2995 3427 3073 3487 είς
3113 3425 3207 3478 δύο
3235 3428 3325 3479 [σα
3349 3427 3732 3498 διαιρουμένου
3771 3428 3787 3458 ⁸

2239 3519 2505 3590 μηδέποτε
2562 3518 2642 3580 είς
2704 3517 2906 3586 μονάδα
2953 3516 3263 3586 καταλῆγον
3312 3517 3538 3587 θάτερον
3572 3519 3795 3588 ιχοντος

575 3614 793 3677 armati,
830 3620 954 3668 octo
1017 3612 1184 3666 millia
1229 3611 1439 3670 scilicet
1484 3622 1538 3666 et
1583 3622 1803 3667 centum
1839 3614 2131 3682 nonaginta

2237 3610 2420 3680 μέρος.
2454 3604 2581 3687 Εἶχε
2637 3606 2694 3659 δὲ
2744 3607 2839 3659 καὶ
2894 3605 3085 3675 ψιλοὺς
3134 3606 3169 3676 ἠ
3209 3605 3513 3692 παράταξις
3540 3605 3634 3674 ἣδε
3665 3608 3794 3668 τοὺς

574 3703 683 3757 duo
714 3720 727 3754 :
761 3702 851 3771 qui
876 3701 1166 3783 separatim
1191 3715 1403 3770 semper
1432 3700 1792 3769 popebantur,
1818 3700 1875 3754 id
1910 3709 2018 3764 est,
2050 3701 2132 3755 vel

573 3807 763 3862 parum
796 3800 922 3846 ante
949 3798 1271 3855 scutatores,
1305 3790 1372 3843 ad
1391 3791 1791 3860 persequendos
1836 3792 2022 3847 hostes
2076 3792 2129 3844 in
2168 3819 2169 3822 η

576 3882 755 3951 fugam
785 3882 920 3936 forte
957 3895 1280 3954 conversos,
1331 3880 1412 3934 vel
1444 3895 1509 3935 ex
1540 3889 1770 3950 utroque
1823 3882 2010 3947 latere,
2052 3880 2136 3934 vel

576 3969 736 4023 etiam
767 3982 925 4038 pone,
964 3955 1414 4037 quemadmodum
1443 3968 1772 4036 requirebat.
1809 3970 2130 4024 necessitas.

576 4056 746 4112 Totus
796 4061 976 4127 itaque
1008 4043 1294 4136 exercitus
1328 4048 1447 4136 erat
1490 4058 1676 4128 viginti
1727 4055 1963 4128 quatuor
2014 4057 2137 4112 mil-

580 4146 710 4202 lium
735 4159 787 4204 et
817 4133 1235 4220 quingentorum
1268 4133 1608 4218 septuaginta
1631 4149 1747 4203 sex.
1771 4148 1892 4203 Alio
1920 4161 2135 4218 quoque

579 4243 738 4297 modo
771 4242 1067 4295 exercitum
1133 4241 1513 4309 disponebant.
1561 4237 1842 4292 Sexdecim
1897 4254 2135 4306 namque

589 4321 756 4385 millia
778 4339 831 4386 et
878 4337 1153 4384 trecentos
1182 4327 1456 4399 octoginta
1481 4334 1733 4394 quatuor,
1755 4341 1909 4396 quoa,
1947 4339 2004 4383 ut
2046 4329 2133 4383 di-

583 4421 779 4481 ximus,
831 4416 1127 4485 perlectum
1196 4412 1490 4468 exerCitum
1551 4415 1837 4480 vocabant,
1888 4419 1942 4471 in
1995 4419 2132 4473 duas

578 4513 768 4574 partes
853 4503 1134 4571 aequaliter
1202 4501 1531 4566 dividebant,
1612 4505 1865 4574 utrinque
1929 4509 2136 4564 scilicet

589 4599 847 4661 ponentes
867 4599 1000 4646 octo
1029 4587 1194 4645 millia
1221 4599 1274 4646 et
1314 4600 1535 4646 centum
1585 4595 1874 4662 nonaginta
1901 4596 2028 4662 duo,
2081 4609 2135 4654 et

586 4699 755 4738 cornu
775 4684 1020 4737 dextrum
1041 4681 1278 4738 dicentes
1300 4692 1352 4737 et
1373 4698 1542 4739 cornu
1577 4680 1788 4750 laevum,
1813 4692 1866 4740 et
1890 4685 2131 4742 dextram

589 4770 815 4832 frontem
852 4776 1056 4843 partem
1088 4787 1257 4828 cornu
1292 4774 1464 4828 dextri
1501 4774 1850 4842 anteriorem,
1877 4778 2132 4833 caudam-

584 4880 688 4932 que
726 4864 967 4918 dextram
1008 4873 1211 4934 partem
1270 4864 1624 4934 posteriorem
1657 4881 1671 4930 ;
1701 4879 1872 4920 cornu
1919 4881 2134 4938 quoque

2235 3704 2448 3772 ἡμίσεις
2479 3701 2566 3754 ἀεὶ
2594 3699 2704 3752 τῶν
2733 3697 3110 3769 άσπιδοιρόρων
3129 3687 3566 3766 ὀκτακισχιλίους
3596 3695 3795 3749 ἑκατὸν

2233 3793 2586 3861 ἐννενήκοντα
2649 3790 2742 3842 δύο
2797 3790 3030 3860 δηλαδή·
3089 3788 3424 3859 παρέταττον
3462 3788 3521 3841 δὲ
3570 3787 3795 3852 τούτους

2234 3871 2352 3936 καθἶ
2388 3882 2609 3944 ἑαυτοὺς
2639 3881 2726 3935 ἀεὶ
2763 3882 2856 3935 καὶ
2913 3882 3037 3953 ἰδίᾳ,
3069 3880 3102 3949 ἢ
3150 3881 3342 3951 μικρὸν
3369 3880 3478 3933 τῶν
3501 3881 3798 3950 ἀσπιδοφό-

2237 3990 2345 4042 ρων
2390 3970 2696 4039 ἔμπροσθεν
2740 3970 2874 4041 πρὸς
2939 3971 3000 4043 τὸ
3043 3970 3602 4040 διώκεινλτραπέντας
3661 3971 3798 4034 ἴσως

2235 4062 2358 4121 τοὺς
2395 4059 2680 4129 πολεμίους
2709 4061 2743 4130 ἢ
2776 4063 2869 4113 καὶ
2897 4061 3234 4132 ἑκατέρωθεν
3265 4061 3519 4131 τούτωνῆ
3544 4061 3798 4124 ὄπισθεν,

2233 4151 2309 4214 ὡς
2354 4152 2602 4204 ἀπαιτεῖν
2649 4147 2793 4219 εἶχεν
2828 4153 2862 4221 ὴ
2914 4154 3090 4223 χρεία.
3141 4153 3504 4212 Συνιποσοῦτο
3536 4154 3721 4208 τοίνυν
3760 4155 3796 4224 ἠ

2235 4241 2540 4316 παράταξις
2571 4240 2758 4294 ἅπασα
2801 4243 2881 4304 είς
2923 4244 3102 4307 ,είκοσι
3131 4246 3401 4316 τέσσαρας
3429 4243 3670 4316 χιλιάδας
3696 4246 3797 4297 καὶ

2235 4325 2545 4412 ἑξακοσρδυς
2598 4333 3050 4403 ὲϐδομηκονταέξ.
3081 4323 3505 4406 Παρέταττονδὲ
3545 4339 3638 4391 καὶ
3664 4338 3801 4409 τρό-

2235 4444 2335 4481 πον
2359 4427 2563 4496 έτιρον.
2588 4424 2724 4485 Τοὺς
2758 4423 2855 4492 μὲν
2889 4423 3207 4493 είρημένους
3225 4425 3616 4496 ἑξακισχιλίους
3650 4428 3797 4497 πρὸς

2234 4520 2358 4582 τοὺς
2391 4519 2412 4549 ³
2448 4518 2579 4570 δέκα
2633 4515 2729 4568 ,καὶ
2772 4514 3111 4583 τριακοσίους
3139 4514 3467 4583 ὀγδοήκοντα
3495 4516 3790 4585 τέσσαρας,

2234 4607 2324 4671 οὒς
2351 4607 2417 4677 δὴ
2437 4606 2527 4659 καὶ
2557 4603 2769 4657 τελείαν
2809 4602 3131 4674 παράταξιν,
3185 4601 3262 4666 ὡς
3311 4602 3544 4672 ἔφημεν,
3569 4607 3641 4656 -οι
3677 4619 3795 4656 πα-

2234 4696 2373 4750 λαιοὶ
2430 4694 2817 4765 κατωνόμαζον
2873 4694 2915 4762 ³,
2973 4697 3054 4756 είς
3108 4692 3201 4747 δύο
3261 4693 3350 4746 ῐσα
3400 4693 3639 4764 διῄρουν,
3675 4695 3798 4747 ἀνὰ

2234 4789 2645 4859 ὀκτακισχιλίων
2695 4787 2894 4858 δηλαδὴ
2959 4788 3052 4839 καὶ
3102 4785 3295 4839 ἑκατὸν
3342 4784 3799 4854 ὲννενηκονταδύο

2234 4880 2467 4950 ἀνδρῶν,
2519 4880 2612 4932 καὶ
2664 4880 2725 4930 τὸ
2765 4878 2864 4948 μὲν
2922 4876 3366 4942 δεξιὸν·ὲκάλουν’
3404 4877 3590 4948 κέρας,
3607 4875 3690 4929 "rb
3730 4876 3794 4930 δὲ

576 4956 698 5010 .lacvi
745 4964 922 5024 partes
983 4957 1223 5023 singulas
1279 4956 1394 5026 pari
1429 4957 1639 5012 ratione
1692 4956 2130 5017 denominabaut.

2236 4970 2548 5049 ἀριστερὸν,
2586 4969 2762 5035 δεξιὰν
2807 4968 2864 5021 δὲ
2923 4968 3159 5040 κεφαλὴν
3211 4970 3273 5022 τὸ
3321 4969 3431 5025 ἄνω
3471 4969 3634 5038 μέρος
3691 4965 3795 5022 τοῦ

585 5047 830 5116 Spatium
868 5061 994 5101 vero
1032 5047 1162 5101 illud
1199 5049 1484 5117 quo‘inter
1513 5061 1572 5103 se
1594 5057 1800 5102 cornua
1838 5048 2130 5117 distabant,

584 5137 678 5190 ubi
699 5139 872 5190 stabat
897 5136 1028 5198 dux,
1055 5152 1118 5190 os
1137 5147 1190 5191 et
1222 5139 1532 5191 umbilicum
1563 5138 1836 5194 exercitus
1860 5138 2130 5195 dicebant.

587 5226 887 5294 Separatim
945 5226 1105 5279 etiam
1167 5227 1354 5279 leviter
1409 5226 1648 5282 armatos
1699 5237 1825 5282 octo
1864 5228 2029 5283 millia
2078 5240 2132 5285 et

585 5324 800 5367 centum
836 5315 1122 5385 nonaginta
1157 5313 1267 5367 duo
1295 5316 1352 5367 in
1397 5315 1488 5368 illa
1550 5317 1891 5373 ordinatione
1942 5321 2127 5374 eodem

581 5421 692 5474 quo
721 5407 831 5474 jam
866 5407 1101 5460 diximus
1127 5407 1286 5460 modo
1329 5408 1618 5474 ponebant.
1665 5410 2013 5465 Intervallum
2046 5410 2130 5462 in-

2232 5058 2405 5123 δεξιοῦ
2435 5060 2680 5129 κέρατος,
2711 5059 2876 5130 οὐρὰν
2927 5059 2988 5112 δὲ
3033 5058 3290 5122 ὡσαύτως
3328 5058 3506 5124 δεξιὰν
3548 5059 3610 5112 τὺ
3638 5059 3797 5114 κάτω

2233 5147 2422 5199 τούτου
2449 5164 2462 5177 ·
2484 5148 2572 5200 τὸν
2619 5148 2779 5202 αὑτὸν
2832 5148 2889 5200 δὲ
2921 5147 3118 5217 τρόπον
3157 5149 3251 5202 καὶ
3277 5149 3346 5201 τὰ
3372 5149 3464 5203 τοῦ
3498 5149 3795 5221 ἀριστεροῦ

2235 5234 2522 5287 ἐκαλοῦντο
2557 5235 2720 5305 μέρη.
2756 5234 2831 5288 “re
2855 5234 2912 5288 δὲ
2935 5236 3137 5305 μεταξὺ
3161 5235 3270 5287 τῶν
3298 5235 3391 5288 δύο
3417 5237 3583 5290 τῶνδι
3617 5241 3794 5309 κερά-

2234 5340 2340 5375 των
2365 5323 2655 5394 διάστημα,
2688 5323 2813 5376 ἔνθα
2839 5325 2934 5377 καὶ
2967 5326 2994 5376 ὁ
3023 5325 3325 5393 στρατηγὺς
3376 5326 3578 5391 ἵστατο,
3612 5328 3795 5396 στόμα

2236 5413 2327 5465 καὶ
2348 5414 2619 5484 ὀμφαλὸνδ
2645 5417 2743 5486 τῇς
2766 5413 3116 5485 παρατάξεως
3142 5412 3343 5482 ελεγον.
3365 5414 3502 5480 Τοὺς
3527 5432 3576 5484 ,η
3603 5414 3792 5485 μέντοι

1868 5563 2093 5618 VARI/1'.
2129 5565 2528 5625 LECTIONES.

664 5690 681 5720 ¹
718 5687 907 5745 Inserit
943 5694 983 5743 Β
1027 5696 1136 5747 καί.
1216 5699 1366 5758 ’τοῖς
1399 5698 1514 5766 (sed
1547 5700 1642 5765 ita,
1703 5711 1759 5755 ut
1810 5716 1916 5756 non
1963 5701 2174 5760 diﬂ'cral
2209 5721 2236 5759 a
2266 5708 2406 5779 τοῠ;)
2439 5710 2496 5764 Β.

2603 5711 2624 5743 ³
2653 5709 3027 5778 κατανόμαζον
3056 5709 3115 5766 Β.
3192 5711 3212 5745 ⁸
3237 5711 3476 5783 δμφαλον
3501 5713 3565 5769 Β.
