4040 6322
245 301 385 370 1105

1407 311 1744 380 TACTICA.
1774 344 1846 357 -
1876 319 2284 384 ΑΡΡΕΝΟΙΧ.

3331 327 3353 392 1
3368 330 3466 394 106

243 412 449 484 παρνόν
481 429 538 508 τε
567 415 663 468 καὶ
691 415 760 470 τὰ
781 415 961 482 λοιπά,
1000 418 1138 489 πρὸς
1174 421 1395 488 τούτοις.
1411 425 1718 496 τζνικούριον
1753 427 1849 481 καὶ
1886 427 2112 498 φαλκίον
2139 431 2203 498 ,⁸⁸
2238 430 2486 499 τρισόλιά
2526 442 2585 485 τε
2647 434 2839 502 σιδηρᾶ
2879 434 2967 489 διὰ
3003 438 3110 490 τῶν
3161 437 3468 508 λεγομένων

241 506 626 599 σφηκωμρτων
683 508 1050 599 ἀποδεδομένα
1089 512 1244 584 ἥλοις
1310 517 1550 589 σιδηροῖς
1591 519 1728 588 πρὸς
1757 521 1818 574 τὺ
1855 521 2056 592 ῥᾳδίως
2078 521 2215 577 αὐτὰ
2244 522 2531 593 ῥίπτεσθαι
2589 527 2684 579 καὶ
2732 522 2887 590 αὖθις
2951 506 3314 595 συνάγεσθαι)
3371 544 3467 599 9‘s-

244 596 464 665 ριτωδέ
491 597 600 651 τῶν
643 597 868 668 ἁμαξῶν
915 599 1249 674 ἐκάστηικαὶ
1306 603 1436 671 τόξα
1477 606 1580 676 τῆς
1613 608 1803 685 χρείας
1841 609 2012 663 πλείω
2037 610 2131 663 καὶ
2159 610 2373 674 ὀϊστοὺς
2423 610 2754 683 παξαμάτας
2792 629 2851 667 τε
2890 615 2984 667 καὶ
3051 615 3285 687 κέγχρον
3337 596 3470 688 ἀλη-

241 691 510 764 λεσμένην
543 691 588 725 ⁸⁸
610 691 704 744 καὶ
727 691 827 746 ὅσα
855 691 967 746 τῶν
995 695 1196 764 χρειῶν
1223 695 1268 749 δ’
1297 697 1461 770 ἐτερα
1476 699 1609 771 ἡμῖν
1641 702 2090 772 παραλέλειπται.

242 806 491 860 ΚΕΦᾹΛ.
524 806 612 859 ΛΘ
632 835 735 858 .-
776 805 1106 879 ὀπλισμὸς
1129 812 1358 868 ἱππέων
1395 819 1524 870 κατ’
1558 819 1797 887 αὐτούς.

1908 818 2053 875 CAP.
2113 817 2354 877 XXXIX.
2394 849 2452 860 -
2522 819 2776 890 Equitum
2837 827 3116 874 armatura
3157 821 3312 889 apud
3354 838 3467 876 eos-

310 985 449 1048 Τοὺς
507 983 556 1038 δ’
609 985 796 1050 ἱππεῖς
846 986 1039 1042 τοῦτον
1090 990 1377 1046 δπλιστέον
1426 993 1517 1048 τὸν
1559 996 1760 1063 τρόπον
1782 1011 1798 1026 °

238 1074 462 1137 ἀσπίδες
492 1075 593 1144 μέν
622 1077 734 1141 τοῖς
778 1079 1183 1150 καταφράκτοις
1228 1081 1474 1137 εστωσαν
1509 1083 1802 1156 ἐπιμήκεις

240 1165 530 1236 σπιθαμῶν
566 1166 804 1238 μάλιστα
863 1170 1146 1242 τεσσάρων
1171 1172 1267 1226 καὶ⁵
1295 1173 1572 1244 ἡμισείας,
1602 1175 1804 1246 δόρατά

236 1274 298 1310 τε
323 1254 630 1328 ι’ὀκταπήχη
663 1258 1068 1329 φλαμουλίσκια
1111 1260 1304 1334 ῐχοντα
1327 1265 1421 1317 καὶ
1452 1265 1658 1336 αίχμὰς
1678 1283 1803 1321 σπι-

239 1349 548 1417 θαμιαίους,
588 1352 684 1403 καὶ
732 1351 868 1422 πρὸς
898 1350 1146 1422 θώρακες
1185 1371 1245 1407 τε
1287 1354 1606 1410 άλυσιδωτοὶ
1642 1358 1686 1389 ⁸⁷
1710 1357 1803 1411 τι-

237 1437 371 1490 λειοι
406 1438 568 1509 μεχρι
605 1439 704 1508 μὲν
760 1441 1117 1513 ἀστραγάλων
1167 1443 1468 1513 διήκοντες,
1516 1445 1799 1517 ἀνασειρό-

239 1544 394 1597 μενοι
423 1528 479 1582 δέ
503 1529 591 1582 διὰ
612 1529 825 1602 λωρίων
853 1533 948 1586 καὶ
973 1532 1241 1602 κρικόλων
1260 1534 1294 1604 ἢ
1323 1534 1574 1590 κλιϐάνια
1610 1536 1804 1606 σιδηρᾶ

237 1619 272 1686 ἢ
301 1607 685 1688 καὶ’κεράτινα
712 1621 746 1692 ἢ
788 1621 885 1675 καὶ
913 1622 1238 1694 ἐπιλωρίκια
1271 1626 1462 1696 μακρὰ
1492 1626 1629 1695 μετὰ
1643 1614 1803 1696 ’βαμο

237 1705 415 1772 σάκης
444 1753 446 1756 .
475 1707 571 1760 καὶ
630 1709 979 1763 κουκουλλίου
1008 1711 1076 1777 ⁸⁸,
1127 1711 1400 1782 σχίσματα
1430 1712 1620 1782 ἔχοντα
1674 1713 1802 1784 περὶ

236 1798 337 1860 τὰς
355 1797 582 1863 eum,
615 1797 692 1862 ῶς
735 1798 848 1854 ἄνω
889 1817 993 1853 που
1024 1801 1255 1871 ἔφημεν,
1303 1802 1717 1856 ἐπανωκλίϐανά
1743 1820 1802 1856 τε

237 1889 378 1960 πρὸς
408 1888 620 1952 τούτοις
659 1889 858 1968 τουφία
913 1893 1011 1946 εἶτ’
1071 1889 1168 1947 οὖν
1217 1892 1461 1958 λισέλους
1519 1893 1649 1962 περὶ
1675 1895 1803 1957 τοὺς

237 1978 420 2049 ὤμους
444 1979 634 2050 ῐχοντα
657 1997 674 2015 ο
719 1982 1078 2055 ἁπεωρείσθω
1102 1983 1148 2016 ⁸⁸
1187 1982 1245 2036 δέ
1271 1983 1380 2036 τῶν
1432 1983 1612 2037 αὐτῶν
1636 1982 1801 2054 ὤμων

237 2071 335 2125 καὶ
352 2071 479 2142 ξίφη
508 2071 739 2142 δίστομα
769 2072 1058 2144 σπιθαμῶν
1101 2073 1231 2128 ὄντα
1271 2075 1320 2107 ⁷⁸
1353 2073 1583 2146 μάλιστα
1613 2075 1805 2129 τεσσά-

2599 891 2740 943 dem.

1973 997 2196 1078 Equites
2235 999 2341 1055 hoc
2370 998 2532 1055 modo
2575 999 2779 1054 armari
2801 1007 3050 1069 oportet:
3085 997 3466 1067 Cataphractis

1903 1089 2014 1147 sint
2042 1097 2199 1146 scuta
2223 1088 2573 1146 dodrantium
2607 1090 2675 1144 ad
2717 1104 3016 1146 summum
3051 1097 3282 1159 quatuor
3340 1104 3464 1143 cum

1902 1177 2148 1245 dimidio,
2207 1179 2406 1235 lancea
2451 1186 2631 1235 autem
2663 1179 2970 1234 cubitorum
3019 1187 3144 1233 octo
3189 1177 3464 1232 ﬂammula

1901 1268 2162 1327 habentes
2188 1276 2244 1324 et
2287 1269 2542 1339 cuspides
2594 1268 2878 1325 dodrantis
2907 1270 3093 1334 unius,
3122 1279 3176 1324 et
3212 1268 3464 1323 thoraces

1905 1355 2082 1412 hamis
2101 1358 2242 1412 inter
2266 1371 2326 1414 se
2371 1359 2646 1412 consertis
2685 1359 2750 1411 ad
2785 1356 3084 1429 spondylos
3115 1357 3466 1414 devenientes

1904 1445 2148 1516 lorisque
2203 1455 2259 1503 et
2315 1447 2531 1502 annulis
2569 1448 2742 1517 ligati,
2796 1449 2880 1503 vel
2927 1448 3143 1502 clibana
3173 1448 3344 1504 ferrea
3376 1457 3470 1504 aut

1903 1551 2123 1601 cornea,
2151 1537 2234 1592 vel
2253 1537 2416 1592 etlam
2447 1537 2724 1606 epiloricia
2750 1538 2906 1605 longa
2961 1553 3084 1591 cum
3124 1537 3384 1592 bambace
3416 1544 3472 1593 et

1903 1625 2162 1690 cucullio,
2198 1624 2425 1682 llssuras
2483 1625 2737 1681 habentia
2767 1627 2972 1681 circum
3007 1627 3249 1691 brachia,
3293 1627 3472 1685 'sicuti

1904 1729 2074 1783 supra
2114 1712 2379 1778 diximus,
2413 1724 2580 1785 atque
2626 1715 3018 1784 epanoclibana
3061 1715 3207 1770 tufas
3267 1717 3470 1770 circum

1904 1803 2165 1858 humeros
2219 1812 2274 1860 et
2309 1805 2502 1862 libelos
2555 1805 2831 1860 habentia.
2861 1806 3280 1875 Suspendantur
3303 1808 3467 1861 simul

1904 1894 1974 1948 ab
2018 1893 2258 1949 humeris
2307 1894 2472 1965 gladii
2528 1895 2798 1965 ancipites
2821 1895 3167 1950 dodrantium
3214 1905 3272 1950 ut
3296 1897 3470 1950 maxi-

1903 2001 1991 2041 me
2012 1992 2250 2056 quatuor
2277 1986 2482 2055 absque
2508 1987 2724 2058 capulo,
2779 1988 3064 2041 minimum
3119 1995 3299 2041 autem
3333 1999 3485 2056 qua-‘

1904 2085 2030 2130 tuor
2051 2085 2176 2131 cum
2201 2076 2421 2146 capulo,
2453 2085 2506 2133 et
2534 2078 2699 2134 simul
2750 2077 2872 2133 aliis
2900 2076 3096 2148 gladiis
3127 2077 3293 2130 altera
3323 2086 3472 2146 parte

241 2178 353 2233 ρων
383 2161 484 2232 τῆς
505 2161 708 2232 κώπης
722 2165 912 2235 χωρὶς,
933 2165 1002 2219 τὰ
1021 2164 1066 2218 δ’
1089 2165 1349 2236 ἐλάχιστα
1375 2167 1646 2238 τέσσαρας
1673 2165 1808 2231 μετά

1914 2166 2113 2230 acutis,
2139 2165 2474 2234 ancipitibus
2521 2167 2860 2239 longitudine
2894 2168 3194 2237 aequalibus
3241 2169 3474 2238 pra'cin-

238 2255 338 2323 τῆς
363 2253 596 2324 κώπηςο
640 2255 735 2308 καὶ
773 2255 939 2327 ἐτερα
976 2256 1034 2311 δέ
1080 2257 1386 2328 μονόστομα
1433 2257 1560 2327 ξίφη
1589 2260 1703 2319 τοῖς
1722 2258 1803 2309 δι-

242 2346 464 2414 στόμοις
511 2347 750 2416 ἰσομήκη
802 2346 1352 2418 παραζωννύσθωσαν
1383 2350 1437 2402 oi
1474 2350 1647 2412 αὐτοὶ,
1683 2347 1718 2403 ἃ
1739 2348 1807 2420 δὴ

239 2436 337 2486 καὶ
366 2435 695 2505 παραμήρια
722 2436 995 2504 λέγονται.
1028 2441 1140 2493 Καὶ
1177 2442 1274 2502 τὰς
1305 2442 1405 2510 μέν
1434 2443 1624 2511 χεῖρας
1650 2440 1803 2493 ὁπλι-

240 2523 486 2586 ζότωσαν
518 2527 631 2587 τοῖς
675 2527 1065 2594 χειροψέλλοις,
1124 2531 1248 2589 τοὺς
1288 2530 1334 2582 δ’
1385 2529 1454 2580 αὖ
1498 2530 1664 2592 πόδας
1688 2533 1800 2593 τοῖς

242 2614 587 2684 ποδοψέλλοις
622 2615 1062 2688 ὀνομαζομένοις,
1118 2622 1213 2671 καὶ
1254 2619 1465 2681 τούτοις
1493 2619 1527 2688 ἢ
1562 2620 1809 2687 σιδηροῖς

227 2705 277 2775 -ἢ
313 2705 544 2773 ξυλίνοις
592 2704 750 2777 ῆκαὶ
810 2707 874 2760 ἐκ
934 2707 1138 2778 βύρσης
1177 2707 1556 2779 εἰργασμένοις
1597 2706 1798 2776 βοείας,

245 2796 382 2868 Περὶ
410 2798 466 2851 δέ
491 2798 590 2861 τὰς
619 2799 937 2870 ἐφεστρίδας
961 2799 1255 2871 βαρδούκια
1279 2811 1480 2862 παιηες
1509 2797 1802 2868 ἐχέτωσαν,

245 2887 350 2940 εἴτ’
400 2886 492 2941 οὖν
537 2890 582 2921 ’⁸
639 2891 1049 2963 σιδηροραύδια,
1109 2890 1204 2946 καὶ
1245 2889 1609 2960 σελοπούγγια
1671 2892 1808 2958 πρὸς

1906 2267 2120 2328 ganlur,
2149 2259 2244 2326 qui
2269 2256 2548 2312 femoralia
2572 2258 2851 2323 dicuntur,
2888 2273 3082 2312 manus
3133 2274 3260 2314 suas
3295 2260 3473 2314 chiro-

1906 2351 2110 2422 pselliis
2139 2351 2407 2414 muniant,
2434 2350 2706 2420 pedesque
2733 2348 3100 2418 podopselliis,
3133 2349 3218 2404 vel
3254 2347 3468 2416 ferreis,

1909 2443 1993 2497 vel
2023 2444 2216 2510 ligneis
2245 2449 2339 2498 aut
2363 2457 2427 2498 ex
2455 2441 2666 2496 bovinis
2716 2439 2965 2512 pellibus.
3030 2438 3243 2495 Circum
3300 2440 3466 2494 sellas

1910 2532 2094 2586 clavos
2121 2532 2302 2586 cuncti
2327 2531 2562 2586 habeant
2578 2539 2632 2584 et
2653 2528 3028 2585 sideroraudia
3043 2537 3098 2584 et
3121 2527 3267 2584 sellae
3281 2541 3472 2583 saccu-

1912 2619 1992 2675 los
2028 2621 2081 2673 in
2117 2622 2316 2688 quibus
2367 2620 2474 2673 duo
2525 2629 2618 2673 aut
2651 2620 2758 2673 tria
2800 2627 3112 2689 paxamata,
3144 2619 3229 2675 vel
3266 2619 3474 2673 milium

1909 2709 2118 2773 tritum,
2179 2708 2324 2764 sicut
2374 2709 2636 2774 vigesimo
2695 2709 2872 2777 capite
2911 2709 3089 2765 fusius
3115 2710 3374 2765 diximus.
3417 2711 3475 2764 In

1906 2797 2178 2865 capitibus
2213 2796 2397 2866 galeas
2434 2796 2636 2867 pariter
2669 2797 2877 2852 ferreas
2900 2797 3140 2867 integras
3155 2801 3314 2871 signo
3340 2802 3476 2855 insi—

1907 2889 2086 2958 gnitas
2118 2899 2172 2942 et
2205 2889 2336 2942 tutis
2397 2885 2655 2956 desuper.
2715 2883 2918 2942 Ferant
2957 2903 3174 2958 quoque
3217 2888 3323 2941 tela
3373 2889 3474 2942 tri-

242 2977 458 3040 τούτοις
484 2979 591 3034 ὰνὰ
635 2980 730 3034 δύο
765 2981 800 3050 ἢ
832 2981 926 3036 καὶ
955 2981 1127 3047 τριῶν
1176 2983 1368 3052 Ιχοντα
1401 2982 1735 3062 παξαμάτων
1775 2981 1805 3050 ἢ

1908 2979 2074 3047 ginta
2104 2985 2198 3032 aut
2249 2975 2611 3048 quadraginta
2672 2978 2724 3031 in
2759 2977 3053 3046 marsupiis
3092 2994 3106 3030 :
3138 2977 3244 3032 tela
3296 2988 3474 3032 autem

245 3067 481 3144 κέγχρου
531 3070 929 3142 ἀληλεσμένης,
978 3072 1054 3136 ῶς
1076 3073 1136 3126 ἐν
1162 3071 1241 3143 τῷ
1267 3073 1494 3143 είκοστῷ
1530 3072 1808 3143 κεφαλαίῳ

245 3155 670 3224 πλατυκὼτερον
696 3177 765 3213 πε
776 3161 829 3229 pl
871 3161 1065 3214 τούτου
1112 3163 1446 3233 εἰρήκαμεν
1474 3161 1603 3232 περὶ
1628 3161 1684 3215 δέ
1712 3162 1810 3226 τὰς

245 3248 494 3318 κεφαλάς
555 3250 794 3321 κόρυθας
836 3252 1101 3316 ὡσαύτως
1151 3254 1374 3326 σιδηρᾶς
1394 3254 1610 3318 τελείας
1647 3269 1809 3307 σεσα-

248 3344 533 3414 μιωμένας
565 3345 880 3416 τουφίακκαὶ
900 3347 1102 3413 ταύτας
1123 3349 1353 3421 ἐχούσας
1369 3350 1576 3406 ἄνωθεν
1600 3368 1617 3384 ο
1647 3353 1811 3422 φερέ-

243 3449 428 3487 τωσαν
455 3434 512 3488 δέ
533 3438 627 3491 καὶ
656 3437 928 3509 κούκουρα
953 3441 1056 3495 ἀνά
1081 3440 1124 3494 λ’
1154 3443 1187 3512 ἢ
1218 3440 1270 3512 μ’
1296 3443 1509 3504 ὀϊστοὺς
1528 3441 1811 3513 χωροῦντα

244 3522 475 3584 ἔκαστοι]
496 3543 512 3557 ·
549 3530 598 3582 at
651 3529 832 3598 μέντοι
866 3532 1036 3586 ὀϊστοὶ
1065 3532 1170 3585 ἀνὰ
1214 3531 1259 3584 θ’
1303 3531 1615 3584 παλαιστῶν
1642 3532 1810 3587 ἔστω-

247 3617 490 3670 σαν’καὶ
542 3617 617 3688 μὴ
674 3619 927 3671 ἔλαττον·
981 3618 1112 3683 τόξα
1149 3635 1211 3670 τε
1249 3618 1387 3670 πολὺ
1408 3617 1506 3686 τῆς
1523 3618 1813 3688 δυνάμεως

244 3707 638 3773 ἐλασσούμενα,
701 3705 1012 3758 παλαιστῶν
1052 3696 1146 3759 καὶ
1195 3706 1374 3759 ταῦτα
1423 3707 1616 3774 δεκαέξ
1655 3707 1688 3777 ἢ
1751 3709 1813 3761 τὸ

240 3795 475 3848 ἐλασσον
506 3802 566 3847 ιε’
597 3794 736 3864 μετὰ
783 3790 892 3848 τῶν
928 3795 1114 3866 θηκῶν
1170 3797 1380 3854 αὐτῶνθ
1413 3797 1584 3866 ἐχέτω
1613 3797 1668 3850 δέ
1691 3797 1816 3850 ἐκα-

245 3901 378 3948 στος
432 3886 513 3948 είς
550 3886 616 3938 τὰ
664 3886 775 3939 τῶν
805 3888 1119 3956 κουκούρων
1152 3886 1396 3958 ζωνάρια
1421 3886 1516 3940 καὶ
1545 3887 1690 3956 ῥίνον
1717 3888 1813 3941 καὶ

243 3975 500 4030 σουσλίον
529 3978 623 4029 καὶ
651 3979 917 4048 μαχαίρια
943 3978 1035 4030 καὶ
1056 3977 1252 4031 κόλλαν
1280 3979 1374 4030 καὶ
1392 3978 1554 4049 ῑτερα
1587 3978 1815 4032 τοιαῦτα

243 4065 362 4118 τῶν
389 4065 682 4133 χρειωδῶν.
723 4068 786 4120 Ol
839 4066 1023 4135 μέντοι
1053 4067 1235 4120 αὐτῶν
1272 4067 1430 4120 ἵπποι
1462 4059 1814 4138 προμετωπιο

241 4155 384 4215 δίοις
413 4154 518 4217 διαὶἸ
541 4155 913 4224 περιστηθίοις
945 4156 1040 4210 καὶ
1078 4158 1436 4222 κατανωτίοις
1484 4157 1810 4230 σκεπάσθωο

246 4260 356 4297 σαν
388 4243 430 4275 ’³
459 4241 493 4312 ἢ
532 4242 812 4312 λωρικίοις
841 4243 874 4316 ἢ
911 4245 1211 4312 meam,
1240 4247 1335 4302 καὶ
1358 4248 1573 4311 τούτοις
1597 4246 1631 4319 ἢ
1666 4247 1813 4319 σιδη-

249 4325 368 4406 ροῖς
393 4333 426 4403 ἦ
456 4334 552 4387 καὶ
575 4334 662 4387 διὰ
699 4336 946 4406 κεράτων
991 4337 1527 4410 συμπεπλεγμένοις.
1581 4336 1818 4403 Ὀπλιζὲο

247 4422 471 4478 σθωσαν
501 4424 576 4494 δέ,
592 4426 684 4479 καὶ
700 4428 747 4479 oi.
774 4427 1062 4501 δορυφόροι
1078 4431 1197 4494 τοῖς
1212 4431 1417 4501 ὁμοίοις
1434 4430 1617 4505 σχεδδν
1635 4428 1818 4496 ὅπλοις

243 4509 365 4567 τῶν
392 4517 819 4586 καταφράκτων,
850 4519 1234 4593 ἐλαφροτέροις
1279 4521 1460 4592 μέντοι
1489 4509 1695 4575 τούτων
1725 4519 1820 4574 καὶ

245 4597 417 4674 ἦττον
440 4608 886 4680 στεγανωτέροις,
918 4612 1016 4665 καὶ
1049 4611 1100 4665 ol
1151 4613 1310 4665 ἵπποι
1345 4612 1404 4666 δέ
1445 4612 1582 4684 πρὸς
1612 4610 1820 4674 τούτοις

1912 3085 2105 3123 novem
2139 3068 2441 3138 palmorum
2473 3065 2608 3132 sint,
2669 3081 2772 3123 nec
2797 3068 3019 3134 minus;
3051 3082 3213 3124 arcus
3242 3083 3370 3124 vero
3387 3084 3477 3124 ro-

1908 3161 2040 3215 bore
2087 3158 2259 3213 multo
2296 3155 2554 3223 minores,
2603 3157 2875 3214 sexdecim
2899 3157 3291 3212 autminimum
3317 3160 3477 3229 quin-

1909 3252 2081 3307 decim
2105 3250 2429 3321 palmorum,
2461 3262 2585 3302 cum
2617 3249 2793 3303 thecis
2817 3250 2954 3313 suis;
2979 3248 3470 3326 habeatqueunus-

1909 3341 2142 3411 quisque
2169 3339 2223 3393 in
2251 3336 2650 3408 marsuplorum
2675 3335 2916 3406 cingula,
2933 3335 3123 3403 pellem
3148 3346 3198 3388 et
3223 3336 3475 3389 subulam

1911 3441 1963 3487 et
1989 3431 2280 3487 novaeulas
2291 3438 2344 3485 et
2359 3429 2542 3499 gluten
2564 3437 2821 3483 etcztera
2843 3427 3175 3482 necessaria.
3194 3424 3328 3496 Equi
3351 3437 3479 3484 vero

1911 3533 2100 3580 earum
2132 3521 2475 3580 frontalibus.
2522 3518 2996 3590 pectoralibusque
3039 3525 3093 3572 et
3129 3516 3478 3571 dorsualibus

1911 3613 2249 3676 muniantur.
2284 3621 2377 3666 aut
2407 3611 2614 3666 loriciis
2647 3619 2741 3664 aut
2759 3609 2992 3664 clibanis
3021 3609 3134 3664 sive
3158 3606 3352 3663 ferreis
3369 3607 3483 3662 sive

1911 3703 2146 3758 corneis.
2204 3701 2469 3757 Armandi
2550 3699 2846 3771 doryphori
2896 3699 3102 3754 eisdem
3165 3698 3275 3753 fere
3320 3712 3482 3766 quam

1911 3795 2294 3862 cataphracta,
2315 3792 2409 3848 sed
2434 3793 2733 3850 levioribus
2760 3793 3022 3858 armis,'et
3049 3791 3230 3846 minus
3251 3784 3478 3855 solidis;

1912 3887 2150 3940 inermes
2176 3899 2396 3953 quoque
2408 3899 2598 3938 eorum
2618 3885 2764 3952 equi,
2795 3891 3013 3952 propter
3041 3883 3337 3952 impetuset
3355 3882 3486 3937 sub-

1912 3974 2220 4029 ductiones.
2284 3970 2410 4025 Haec
2431 3972 2500 4026 de
2540 3972 2646 4026 his.
2709 3973 2870 4026 Inter
2899 3985 2994 4025 eos
3018 3981 3199 4024 autem
3230 3972 3483 4038 quileves

1911 4072 2178 4119 vocantur
2223 4059 2852 4130 equites,jaculatorum
2911 4059 3143 4128 quisque
3188 4058 3327 4112 {erat
3374 4057 3483 4111 duo

1912 4156 1995 4210 vel
2015 4155 2121 4209 tria
2148 4153 2330 4224 jacula
2355 4151 2703 4207 dodrantium
2744 4150 3032 4206 duodecim
3066 4157 3126 4206 ut
3158 4151 3394 4207 maxime
3428 4159 3484 4204 et

1914 4247 2135 4317 insuper
2149 4235 2391 4301 lanceam
2411 4243 2719 4300 cubitorum
2738 4251 2862 4299 octo
2878 4253 2932 4296 et
2947 4242 3236 4313 oblongum
3268 4252 3484 4298 scutum

1915 4340 2261 4396 do'drantium
2289 4338 2403 4394 fere
2435 4345 2671 4409 quatuor
2702 4343 2796 4390 aut
2843 4334 3148 4391 orbiculare
3196 4333 3360 4388 trium
3383 4332 3483 4387 do-

1917 4432 2217 4497 drantium,
2247 4430 2430 4503 galeas
2473 4435 2736 4500 praeterea
2781 4427 2834 4482 in
2872 4427 3105 4483 circuitu
3149 4423 3352 4480 nudas.
3385 4423 3486 4510 sa-

1919 4524 2123 4598 gittarii
2160 4538 2291 4579 vero
2332 4520 2606 4591 marsupia
2650 4529 2704 4576 et
2745 4534 2910 4575 arcus
2947 4518 3144 4574 robore
3196 4517 3476 4580 minores;

1923 4619 1982 4667 ut
2009 4625 2177 4680 supra
2225 4609 2490 4673 diximus,
2526 4607 2596 4662 ad
2626 4606 2894 4670 tractandi
2926 4606 3243 4661 facilitatem
3282 4614 3336 4659 et
3381 4605 3487 4658 im-

245 4695 437 4751 αύτῶν
466 4699 654 4753 ἄοπλοι
698 4700 941 4756 εστωσαν
983 4703 1074 4758 διά
1112 4720 1174 4758 τε
1200 4703 1248 4736 ⁷³
1283 4705 1383 4768 τὰς
1411 4703 1698 4765 ἐπελάσεις
1725 4700 1808 4754 zeal

1921 4701 2116 4773 primis
2151 4698 2470 4769 iaculandi;
2514 4698 2794 4754 femoralia
2823 4710 3041 4765 quoque
3071 4702 3128 4750 et
3163 4695 3344 4764 galeas
3378 4711 3484 4750 non

247 4781 414 4852 αὖθις
463 4789 857 4864 ύποχωρήσείς.
909 4795 1018 4849 Καὶ
1049 4795 1221 4848 ταῦτα
1259 4793 1359 4864 μὲν
1411 4793 1539 4862 περὶ
1584 4791 1808 4845 τούτων·

1922 4794 2183 4862 integras,
2241 4790 2389 4846 sella:
2412 4788 2687 4857 marsupia
2717 4787 2876 4841 simul
2924 4800 2954 4838 a
2992 4785 3228 4839 zonariis
3279 4801 3490 4840 marsu-

246 4879 371 4934 τῶν
392 4881 448 4935 δέ
471 4881 642 4952 ψιλῶν
664 4885 1017 4955 καλουμένων
1055 4886 1266 4938 ίππέων
1293 4887 1342 4938 οί
1371 4883 1472 4954 μὲν
1501 4885 1808 4936 ἀκοντισταὶ

1922 4881 2350 4953 piorum_aliqua
2383 4879 2815 4935 necessariorum
2840 4889 3129 4945 suspensa,
3159 4883 3220 4930 ut
3234 4876 3302 4933 de
3338 4883 3486 4931 cata-

248 4971 362 5025 ἀνὰ
395 4971 488 5024 δύο
513 4974 545 5039 ἧ
582 4975 675 5025 καὶ
719 4975 887 5042 τριῶν
927 4976 1141 5044 φερέτω
1169 4977 1403 5036 ικαστος
1435 4975 1659 5027 ἀκόντια
1687 4990 1813 5026 σπι-

1927 4971 2176 5043 pbractis
2210 4971 2544 5026 disserentes
2571 4967 2840 5020 diximus.

250 5058 448 5126 θαμῶν
484 5061 720 5128 μάλιστα
757 5063 844 5130 ιβ’,
873 5063 969 5116 καὶ
1000 5064 1135 5134 πρὸς
1153 5063 1362 5125 τούτοις
1390 5051 1517 5132 δόρυ
1537 5063 1820 5132 ὀκτάπηχυ
1861 5063 1953 5116 καὶ
1973 5060 2172 5115 ἀσπίδα
2203 5061 2444 5130 ἐπιμήκη
2481 5053 2768 5124 σπιθαμῶν
2820 5056 3098 5128 τεττάρων
3163 5053 3387 5155 ἐγγιξτα
3448 5051 3482 5119 ἦ

246 5154 355 5208 καὶ
382 5159 652 5228 περιφερῆ
681 5158 1046 5228 τρισπίθαμον
1084 5160 1180 5212 καὶ
1218 5159 1456 5230 κόρυθας
1479 5160 1572 5210 ἐπὶ
1609 5159 1822 5222 τούτοις
1859 5159 2123 5220 ἀσκεπεῐς
2185 5157 2255 5210 τὰ
2321 5154 2538 5221 κύκλῳ·
2575 5153 2622 5204 οἱ
2655 5150 2710 5205 δὲ
2738 5150 2954 5218 τοξόται
2989 5148 3260 5217 κούκουρά
3286 5146 3342 5198 τε
3366 5146 3487 5214 ἐχέ-

248 5265 442 5305 τωσαν
464 5253 558 5308 καὶ
579 5251 711 5317 τόξα
735 5254 834 5324 τῆς
871 5253 1154 5324 δυνάμεως
1192 5254 1582 5326 ἐλασσούμενα,
1606 5253 1681 5316 ὡς
1714 5255 1826 5308 ἄνω
1864 5270 1967 5305 που
1992 5251 2222 5322 ἔφημεν,
2248 5249 2336 5302 διὰ
2392 5247 2456 5302 τὸ
2504 5246 2785 5317 εύάγωγόν
2815 5264 2874 5300 τε
2911 5246 3008 5300 καὶ
3071 5241 3324 5308 εὔστοχον
3382 5239 3491 5308 μά-

1541 5401 1775 5459 VARUE
1808 5401 2100 5459 LECTION
2109 5400 2211 5456 ES.

333 5518 379 5549 ⁸⁸
410 5534 606 5577 ocorr.
670 5540 734 5578 ex
785 5527 831 5580 ὼ
874 5526 926 5580 in
979 5526 1041 5579 Β.

251 5587 305 5622 ’⁸
340 5587 506 5659 ὄντων
540 5589 606 5659 Β,

255 5673 425 5719 mauu
472 5655 533 5712 Β.

1139 5527 1185 5560 ⁸⁸
1216 5524 1583 5595 ἀληθεσμένον
1621 5521 1681 5575 Β.

711 5596 750 5626 ⁷⁸
784 5597 958 5650 εῐτουν
993 5595 1082 5652 hic
1119 5594 1338 5667 quidem
1401 5594 1463 5649 Β.

1793 5523 1836 5553 ⁸⁷
1860 5517 2208 5575 ἁλυσιειδωτοὶ⁸
2235 5515 2295 5571 Β.

1597 5595 1642 5624 τ’
1675 5590 2060 5646 σκεπέσθωσαν
2117 5586 2177 5643 Β.

2411 5515 2454 5545 ⁸⁸
2470 5509 2778 5566 κουκουλίου
2803 5509 2860 5560 Β.
2972 5506 3016 5538 ⁶⁹
3046 5505 3398 5575 ἀπεωρεῖσθω
3425 5507 3480 5560 Β.

2289 5587 2332 5618 τε
2368 5585 2500 5656 πρὸς
2558 5596 2638 5644 τε,
2694 5591 2965 5648 superscr.
3039 5575 3124 5631 διά
3180 5592 3240 5628 τε
3303 5578 3487 5632 eadem
