  <div class='ocr_page' id='page_1' title='image "/cluster/home/n/w/nwhite01/storage/ocr_20150623/107/pst.000005714179/623.png"; bbox 0 0 3928 6316; ppageno 0'>
   <div class='ocr_carea' id='block_1_1' title="bbox 435 339 652 408">
    <p class='ocr_par' dir='ltr' id='par_1_1' title="bbox 435 339 652 408">
     <span class='ocr_line' id='line_1_1' title="bbox 435 339 652 408; baseline -0.018 -10"><span class='ocrx_word' id='word_1_1' title='bbox 435 339 572 398; x_wconf 77' lang='lat'><strong><em>1159</em></strong></span> <span class='ocrx_word' id='word_1_2' title='bbox 650 406 652 408; x_wconf 96' lang='lat'><em>_</em></span> 
     </span>
    </p>
   </div>
   <div class='ocr_carea' id='block_1_2' title="bbox 457 439 3429 499">
    <p class='ocr_par' dir='ltr' id='par_1_2' title="bbox 457 439 3429 499">
     <span class='ocr_line' id='line_1_2' title="bbox 457 439 3429 499; baseline -0.019 1"><span class='ocrx_word' id='word_1_3' title='bbox 457 439 3429 499; x_wconf 51' lang='lat' dir='ltr'>MM</span> 
     </span>
    </p>
   </div>
   <div class='ocr_carea' id='block_1_3' title="bbox 1833 308 2173 370">
    <p class='ocr_par' dir='ltr' id='par_1_3' title="bbox 1833 308 2173 370">
     <span class='ocr_line' id='line_1_3' title="bbox 1833 308 2173 370; baseline -0.026 1"><span class='ocrx_word' id='word_1_4' title='bbox 1833 308 2173 370; x_wconf 78' lang='grc' dir='ltr'><strong><em>ᾹΝΟΝΥΜΙ</em></strong></span> 
     </span>
    </p>
   </div>
   <div class='ocr_carea' id='block_1_4' title="bbox 3522 285 3646 348">
    <p class='ocr_par' dir='ltr' id='par_1_4' title="bbox 3522 285 3646 348">
     <span class='ocr_line' id='line_1_4' title="bbox 3522 285 3646 348; baseline -0.024 0"><span class='ocrx_word' id='word_1_5' title='bbox 3522 285 3646 348; x_wconf 81' lang='grc' dir='ltr'><strong><em>Ηὗο</em></strong></span> 
     </span>
    </p>
   </div>
   <div class='ocr_carea' id='block_1_5' title="bbox 1520 607 2558 690">
    <p class='ocr_par' dir='ltr' id='par_1_5' title="bbox 1520 607 2558 690">
     <span class='ocr_line' id='line_1_5' title="bbox 1520 607 2558 690; baseline -0.011 0"><span class='ocrx_word' id='word_1_6' title='bbox 1520 613 2021 690; x_wconf 81' lang='lat' dir='ltr'><strong><em>AUCTOBIS</em></strong></span> <span class='ocrx_word' id='word_1_7' title='bbox 2096 607 2558 686; x_wconf 70' lang='lat' dir='ltr'><strong><em>ANtiNYMl</em></strong></span> 
     </span>
    </p>
   </div>
   <div class='ocr_carea' id='block_1_6' title="bbox 1160 753 2922 844">
    <p class='ocr_par' dir='ltr' id='par_1_6' title="bbox 1160 753 2922 844">
     <span class='ocr_line' id='line_1_6' title="bbox 1160 753 2922 844; baseline -0.009 -11"><span class='ocrx_word' id='word_1_8' title='bbox 1160 786 1266 844; x_wconf 63' lang='lat' dir='ltr'><strong><em>QL&#39;I</em></strong></span> <span class='ocrx_word' id='word_1_9' title='bbox 1319 782 1634 832; x_wconf 75' lang='lat' dir='ltr'><strong><em>CREDITUB</em></strong></span> <span class='ocrx_word' id='word_1_10' title='bbox 1663 781 1813 829; x_wconf 77' lang='lat' dir='ltr'><strong><em>ESSE</em></strong></span> <span class='ocrx_word' id='word_1_11' title='bbox 1839 753 2219 827; x_wconf 71' lang='lat' dir='ltr'><strong><em>FRANCISCUS</em></strong></span> <span class='ocrx_word' id='word_1_12' title='bbox 2263 772 2591 833; x_wconf 71' lang='lat' dir='ltr'><strong><em>PATRLCIUS</em></strong></span> <span class='ocrx_word' id='word_1_13' title='bbox 2623 768 2922 819; x_wconf 69' lang='lat' dir='ltr'><strong><em>DALMATA</em></strong></span> 
     </span>
    </p>
   </div>
   <div class='ocr_carea' id='block_1_7' title="bbox 684 940 3274 1122">
    <p class='ocr_par' dir='ltr' id='par_1_7' title="bbox 684 940 3274 1122">
     <span class='ocr_line' id='line_1_7' title="bbox 684 940 3274 1122; baseline -0.007 -17"><span class='ocrx_word' id='word_1_14' title='bbox 684 1004 691 1010; x_wconf 89' lang='grc'>·</span> <span class='ocrx_word' id='word_1_15' title='bbox 830 951 1854 1104; x_wconf 81' lang='lat' dir='ltr'><strong><em>EXPOSITIO</em></strong></span> <span class='ocrx_word' id='word_1_16' title='bbox 1997 940 3274 1122; x_wconf 81' lang='lat' dir='ltr'><strong><em>ORACULORUM</em></strong></span> 
     </span>
    </p>
   </div>
   <div class='ocr_carea' id='block_1_8' title="bbox 1653 1198 2422 1270">
    <p class='ocr_par' dir='ltr' id='par_1_8' title="bbox 1653 1198 2422 1270">
     <span class='ocr_line' id='line_1_8' title="bbox 1653 1198 2422 1270; baseline -0.001 -2"><span class='ocrx_word' id='word_1_17' title='bbox 1653 1212 2120 1270; x_wconf 78' lang='lat' dir='ltr'><strong><em>IMPERATORIS</em></strong></span> <span class='ocrx_word' id='word_1_18' title='bbox 2175 1198 2422 1268; x_wconf 82' lang='lat' dir='ltr'><strong><em>LEONIS</em></strong></span> 
     </span>
    </p>
   </div>
   <div class='ocr_carea' id='block_1_9' title="bbox 439 1329 3653 1439">
    <p class='ocr_par' dir='ltr' id='par_1_9' title="bbox 439 1329 3653 1439">
     <span class='ocr_line' id='line_1_9' title="bbox 439 1329 3653 1439; baseline -0.011 -2"><span class='ocrx_word' id='word_1_19' title='bbox 439 1383 530 1437; x_wconf 80' lang='lat' dir='ltr'><strong><em>Uti</em></strong></span> <span class='ocrx_word' id='word_1_20' title='bbox 557 1397 622 1437; x_wconf 68' lang='lat' dir='ltr'><strong><em>ex</em></strong></span> <span class='ocrx_word' id='word_1_21' title='bbox 646 1381 826 1438; x_wconf 67' lang='grc' dir='ltr'><strong><em>(ἔναυε-θ</em></strong></span> <span class='ocrx_word' id='word_1_22' title='bbox 861 1381 914 1432; x_wconf 84' lang='lat' dir='ltr'><strong><em>in</em></strong></span> <span class='ocrx_word' id='word_1_23' title='bbox 953 1375 1199 1429; x_wconf 82' lang='lat' dir='ltr'><strong><em>Latinum</em></strong></span> <span class='ocrx_word' id='word_1_24' title='bbox 1225 1384 1274 1425; x_wconf 83' lang='lat' dir='ltr'><strong><em>et</em></strong></span> <span class='ocrx_word' id='word_1_25' title='bbox 1306 1372 1570 1439; x_wconf 68' lang='lat' dir='ltr'><strong><em>vulgarem</em></strong></span> <span class='ocrx_word' id='word_1_26' title='bbox 1603 1367 1801 1420; x_wconf 83' lang='lat' dir='ltr'><strong><em>Italum</em></strong></span> <span class='ocrx_word' id='word_1_27' title='bbox 1834 1381 2121 1419; x_wconf 81' lang='lat' dir='ltr'><strong><em>sermonem</em></strong></span> <span class='ocrx_word' id='word_1_28' title='bbox 2151 1365 2435 1428; x_wconf 77' lang='lat' dir='ltr'><strong><em>translata,</em></strong></span> <span class='ocrx_word' id='word_1_29' title='bbox 2458 1378 2594 1414; x_wconf 85' lang='lat' dir='ltr'><strong><em>mmo</em></strong></span> <span class='ocrx_word' id='word_1_30' title='bbox 2624 1329 2779 1428; x_wconf 60' lang='grc' dir='ltr'><strong><em>Ιῦὁϐ,</em></strong></span> <span class='ocrx_word' id='word_1_31' title='bbox 2820 1359 3015 1414; x_wconf 77' lang='lat' dir='ltr'><strong><em>Brixia:</em></strong></span> <span class='ocrx_word' id='word_1_32' title='bbox 3048 1359 3099 1410; x_wconf 84' lang='lat' dir='ltr'><strong><em>in</em></strong></span> <span class='ocrx_word' id='word_1_33' title='bbox 3133 1355 3298 1409; x_wconf 80' lang='lat' dir='ltr'><strong><em>lucem</em></strong></span> <span class='ocrx_word' id='word_1_34' title='bbox 3329 1350 3653 1420; x_wconf 76' lang='lat' dir='ltr'><strong><em>prodierunt.</em></strong></span> 
     </span>
    </p>
   </div>
   <div class='ocr_carea' id='block_1_10' title="bbox 779 1672 1676 1733">
    <p class='ocr_par' dir='ltr' id='par_1_10' title="bbox 779 1672 1676 1733">
     <span class='ocr_line' id='line_1_10' title="bbox 779 1672 1676 1733; baseline -0.008 0"><span class='ocrx_word' id='word_1_35' title='bbox 779 1673 1273 1733; x_wconf 65' lang='lat' dir='ltr'><strong><em>EPIGRMIMATA</em></strong></span> <span class='ocrx_word' id='word_1_36' title='bbox 1318 1673 1598 1728; x_wconf 61' lang='lat' dir='ltr'><strong><em>FIGURAE</em></strong></span> <span class='ocrx_word' id='word_1_37' title='bbox 1635 1672 1676 1726; x_wconf 90' lang='grc'><strong>1.</strong></span> 
     </span>
    </p>
   </div>
   <div class='ocr_carea' id='block_1_11' title="bbox 435 1760 1990 1839">
    <p class='ocr_par' dir='ltr' id='par_1_11' title="bbox 435 1760 1990 1839">
     <span class='ocr_line' id='line_1_11' title="bbox 435 1760 1990 1839; baseline -0.012 -13"><span class='ocrx_word' id='word_1_38' title='bbox 435 1776 497 1826; x_wconf 80' lang='grc' dir='ltr'><strong>Α.</strong></span> <span class='ocrx_word' id='word_1_39' title='bbox 538 1771 599 1824; x_wconf 82' lang='lat' dir='ltr'><strong><em>In</em></strong></span> <span class='ocrx_word' id='word_1_40' title='bbox 646 1773 812 1823; x_wconf 72' lang='lat' dir='ltr'><strong><em>medio</em></strong></span> <span class='ocrx_word' id='word_1_41' title='bbox 870 1774 1198 1839; x_wconf 85' lang='lat' dir='ltr'><strong><em>geminorum</em></strong></span> <span class='ocrx_word' id='word_1_42' title='bbox 1252 1781 1549 1826; x_wconf 75' lang='lat' dir='ltr'><strong><em>carrorum,</em></strong></span> <span class='ocrx_word' id='word_1_43' title='bbox 1589 1774 1638 1814; x_wconf 84' lang='lat' dir='ltr'><strong><em>et</em></strong></span> <span class='ocrx_word' id='word_1_44' title='bbox 1696 1760 1990 1814; x_wconf 75' lang='lat' dir='ltr'><strong><em>uolatilium</em></strong></span> 
     </span>
    </p>
   </div>
   <div class='ocr_carea' id='block_1_12' title="bbox 507 1841 818 1894">
    <p class='ocr_par' dir='ltr' id='par_1_12' title="bbox 507 1841 818 1894">
     <span class='ocr_line' id='line_1_12' title="bbox 507 1841 818 1894; baseline -0.01 -1"><span class='ocrx_word' id='word_1_45' title='bbox 507 1841 818 1894; x_wconf 78' lang='lat' dir='ltr'><strong><em>absumeris.</em></strong></span> 
     </span>
    </p>
   </div>
   <div class='ocr_carea' id='block_1_13' title="bbox 439 1896 1995 1972">
    <p class='ocr_par' dir='ltr' id='par_1_13' title="bbox 439 1896 1995 1972">
     <span class='ocr_line' id='line_1_13' title="bbox 439 1896 1995 1972; baseline -0.012 -11"><span class='ocrx_word' id='word_1_46' title='bbox 439 1909 496 1961; x_wconf 82' lang='grc' dir='ltr'><strong><em>Β.</em></strong></span> <span class='ocrx_word' id='word_1_47' title='bbox 531 1907 596 1961; x_wconf 83' lang='lat' dir='ltr'><strong><em>Et</em></strong></span> <span class='ocrx_word' id='word_1_48' title='bbox 638 1904 925 1960; x_wconf 72' lang='lat' dir='ltr'><strong><em>linearibus</em></strong></span> <span class='ocrx_word' id='word_1_49' title='bbox 977 1903 1162 1972; x_wconf 74' lang='lat' dir='ltr'><strong><em>figuris</em></strong></span> <span class='ocrx_word' id='word_1_50' title='bbox 1191 1909 1393 1972; x_wconf 78' lang='lat' dir='ltr'><strong><em>notans</em></strong></span> <span class='ocrx_word' id='word_1_51' title='bbox 1434 1909 1632 1962; x_wconf 82' lang='lat' dir='ltr'><strong><em>tempus</em></strong></span> <span class='ocrx_word' id='word_1_52' title='bbox 1681 1896 1868 1963; x_wconf 86' lang='lat' dir='ltr'><strong><em>quibus</em></strong></span> <span class='ocrx_word' id='word_1_53' title='bbox 1915 1908 1995 1944; x_wconf 86' lang='lat' dir='ltr'><strong><em>re-</em></strong></span> 
     </span>
    </p>
   </div>
   <div class='ocr_carea' id='block_1_14' title="bbox 505 1971 1995 2042">
    <p class='ocr_par' dir='ltr' id='par_1_14' title="bbox 505 1971 1995 2042">
     <span class='ocr_line' id='line_1_14' title="bbox 505 1971 1995 2042; baseline -0.011 -13"><span class='ocrx_word' id='word_1_54' title='bbox 505 1977 732 2030; x_wconf 83' lang='lat' dir='ltr'><strong><em>manebit</em></strong></span> <span class='ocrx_word' id='word_1_55' title='bbox 765 1971 1072 2042; x_wconf 83' lang='lat' dir='ltr'><strong><em>patrimonii</em></strong></span> <span class='ocrx_word' id='word_1_56' title='bbox 1106 1971 1250 2038; x_wconf 70' lang='lat' dir='ltr'><strong><em>linis,</em></strong></span> <span class='ocrx_word' id='word_1_57' title='bbox 1272 1985 1412 2042; x_wconf 58' lang='lat' dir='ltr'><strong><em>ursis</em></strong></span> <span class='ocrx_word' id='word_1_58' title='bbox 1437 1977 1609 2042; x_wconf 76' lang='lat' dir='ltr'><strong><em>autem</em></strong></span> <span class='ocrx_word' id='word_1_59' title='bbox 1649 1979 1854 2018; x_wconf 86' lang='lat' dir='ltr'><strong><em>eversor</em></strong></span> <span class='ocrx_word' id='word_1_60' title='bbox 1889 1978 1995 2014; x_wconf 89' lang='lat' dir='ltr'><strong><em>ser-</em></strong></span> 
     </span>
    </p>
   </div>
   <div class='ocr_carea' id='block_1_15' title="bbox 503 2034 1998 2128">
    <p class='ocr_par' dir='ltr' id='par_1_15' title="bbox 503 2034 1998 2128">
     <span class='ocr_line' id='line_1_15' title="bbox 503 2034 1998 2128; baseline -0.012 -28"><span class='ocrx_word' id='word_1_61' title='bbox 503 2063 627 2128; x_wconf 78' lang='lat' dir='ltr'><strong><em>pens</em></strong></span> <span class='ocrx_word' id='word_1_62' title='bbox 676 2034 834 2098; x_wconf 73' lang='lat' dir='ltr'><strong><em>miser</em></strong></span> <span class='ocrx_word' id='word_1_63' title='bbox 866 2045 1010 2096; x_wconf 83' lang='lat' dir='ltr'><strong><em>solus</em></strong></span> <span class='ocrx_word' id='word_1_64' title='bbox 1063 2034 1156 2094; x_wconf 44' lang='lat' dir='ltr'><strong><em>:&#39;o</em></strong></span> <span class='ocrx_word' id='word_1_65' title='bbox 1207 2037 1417 2109; x_wconf 79' lang='lat' dir='ltr'><strong><em>quando</em></strong></span> <span class='ocrx_word' id='word_1_66' title='bbox 1447 2037 1610 2106; x_wconf 78' lang='lat' dir='ltr'><strong><em>[ueris</em></strong></span> <span class='ocrx_word' id='word_1_67' title='bbox 1663 2050 1781 2088; x_wconf 87' lang='lat' dir='ltr'><strong><em>esca</em></strong></span> <span class='ocrx_word' id='word_1_68' title='bbox 1817 2034 1998 2084; x_wconf 83' lang='lat' dir='ltr'><strong><em>innua-</em></strong></span> 
     </span>
    </p>
   </div>
   <div class='ocr_carea' id='block_1_16' title="bbox 509 2129 1795 2169">
    <p class='ocr_par' dir='ltr' id='par_1_16' title="bbox 509 2129 1795 2169">
     <span class='ocr_line' id='line_1_16' title="bbox 509 2129 1795 2169; baseline -0.011 0"><span class='ocrx_word' id='word_1_69' title='bbox 509 2132 650 2169; x_wconf 82' lang='lat' dir='ltr'><strong><em>mum</em></strong></span> <span class='ocrx_word' id='word_1_70' title='bbox 686 2129 981 2168; x_wconf 76' lang='lat' dir='ltr'><strong><em>corvorum.</em></strong></span> <span class='ocrx_word' id='word_1_71' title='bbox 1789 2129 1795 2132; x_wconf 85' lang='lat'><em>‘</em></span> 
     </span>
    </p>
   </div>
   <div class='ocr_carea' id='block_1_17' title="bbox 437 2170 1996 2248">
    <p class='ocr_par' dir='ltr' id='par_1_17' title="bbox 437 2170 1996 2248">
     <span class='ocr_line' id='line_1_17' title="bbox 437 2170 1996 2248; baseline -0.014 -6"><span class='ocrx_word' id='word_1_72' title='bbox 437 2185 499 2244; x_wconf 85' lang='lat' dir='ltr'><strong><em>C.</em></strong></span> <span class='ocrx_word' id='word_1_73' title='bbox 534 2183 776 2239; x_wconf 79' lang='lat' dir='ltr'><strong><em>Secunda</em></strong></span> <span class='ocrx_word' id='word_1_74' title='bbox 811 2185 982 2248; x_wconf 85' lang='lat' dir='ltr'><strong><em>proles</em></strong></span> <span class='ocrx_word' id='word_1_75' title='bbox 1021 2181 1133 2231; x_wconf 80' lang='lat' dir='ltr'><strong><em>alia</em></strong></span> <span class='ocrx_word' id='word_1_76' title='bbox 1162 2176 1700 2248; x_wconf 61' lang='lat' dir='ltr'><strong><em>bellum-supinusque</em></strong></span> <span class='ocrx_word' id='word_1_77' title='bbox 1743 2171 1810 2223; x_wconf 85' lang='lat' dir='ltr'><strong><em>ad</em></strong></span> <span class='ocrx_word' id='word_1_78' title='bbox 1835 2170 1996 2248; x_wconf 73' lang='lat' dir='ltr'><strong><em>meri-</em></strong></span> 
     </span>
    </p>
   </div>
   <div class='ocr_carea' id='block_1_18' title="bbox 508 2240 2000 2318">
    <p class='ocr_par' dir='ltr' id='par_1_18' title="bbox 508 2240 2000 2318">
     <span class='ocr_line' id='line_1_18' title="bbox 508 2240 2000 2318; baseline -0.012 -12"><span class='ocrx_word' id='word_1_79' title='bbox 508 2252 643 2306; x_wconf 76' lang='lat' dir='ltr'><strong><em>diem</em></strong></span> <span class='ocrx_word' id='word_1_80' title='bbox 666 2240 896 2318; x_wconf 62' lang='lat' dir='ltr'><strong><em>serpens.</em></strong></span> <span class='ocrx_word' id='word_1_81' title='bbox 947 2249 1167 2318; x_wconf 79' lang='lat' dir='ltr'><strong><em>supinus</em></strong></span> <span class='ocrx_word' id='word_1_82' title='bbox 1216 2247 1388 2318; x_wconf 60' lang='lat' dir='ltr'><strong><em>nigro,</em></strong></span> <span class='ocrx_word' id='word_1_83' title='bbox 1417 2240 1646 2318; x_wconf 63' lang='lat' dir='ltr'><strong><em>etniger</em></strong></span> <span class='ocrx_word' id='word_1_84' title='bbox 1688 2251 1850 2301; x_wconf 86' lang='lat' dir='ltr'><strong><em>totus,</em></strong></span> <span class='ocrx_word' id='word_1_85' title='bbox 1887 2240 2000 2318; x_wconf 54' lang='lat' dir='ltr'><strong><em>l&#39;uce</em></strong></span> 
     </span>
    </p>
   </div>
   <div class='ocr_carea' id='block_1_19' title="bbox 507 2305 1998 2380">
    <p class='ocr_par' dir='ltr' id='par_1_19' title="bbox 507 2305 1998 2380">
     <span class='ocr_line' id='line_1_19' title="bbox 507 2305 1998 2380; baseline -0.011 -6"><span class='ocrx_word' id='word_1_86' title='bbox 507 2305 673 2374; x_wconf 77' lang='lat' dir='ltr'><strong><em>corvis</em></strong></span> <span class='ocrx_word' id='word_1_87' title='bbox 700 2305 982 2373; x_wconf 51' lang='lat' dir='ltr'><strong><em>cfudeliter</em></strong></span> <span class='ocrx_word' id='word_1_88' title='bbox 1011 2305 1298 2380; x_wconf 52' lang='lat' dir='ltr'><strong><em>&#39;adempta&#39;.</em></strong></span> <span class='ocrx_word' id='word_1_89' title='bbox 1334 2313 1541 2365; x_wconf 83' lang='lat' dir='ltr'><strong><em>Etenim</em></strong></span> <span class='ocrx_word' id='word_1_90' title='bbox 1556 2305 1757 2380; x_wconf 44' lang='grc' dir='ltr'><strong><em>’σςηυε-</em></strong></span> <span class='ocrx_word' id='word_1_91' title='bbox 1785 2322 1849 2380; x_wconf 62' lang='lat' dir='ltr'><strong><em>es:</em></strong></span> <span class='ocrx_word' id='word_1_92' title='bbox 1888 2305 1998 2359; x_wconf 84' lang='lat' dir='ltr'><strong><em>an</em></strong></span> 
     </span>
    </p>
   </div>
   <div class='ocr_carea' id='block_1_20' title="bbox 511 2375 1999 2459">
    <p class='ocr_par' dir='ltr' id='par_1_20' title="bbox 511 2375 1999 2459">
     <span class='ocr_line' id='line_1_20' title="bbox 511 2375 1999 2459; baseline -0.013 -14"><span class='ocrx_word' id='word_1_93' title='bbox 511 2391 724 2459; x_wconf 70' lang='lat' dir='ltr'><strong><em>lautitia</em></strong></span> <span class='ocrx_word' id='word_1_94' title='bbox 749 2387 943 2456; x_wconf 80' lang='lat' dir='ltr'><strong><em>infame</em></strong></span> <span class='ocrx_word' id='word_1_95' title='bbox 963 2375 1478 2459; x_wconf 58' lang='lat' dir='ltr'><strong><em>ducens_inisewbili</em></strong></span> <span class='ocrx_word' id='word_1_96' title='bbox 1504 2375 1671 2459; x_wconf 54' lang='lat' dir='ltr'><strong><em>clade.</em></strong></span> <span class='ocrx_word' id='word_1_97' title='bbox 1717 2375 1785 2429; x_wconf 87' lang='lat' dir='ltr'><strong><em>Te</em></strong></span> <span class='ocrx_word' id='word_1_98' title='bbox 1825 2377 1999 2444; x_wconf 85' lang='lat' dir='ltr'><strong><em>ipsum</em></strong></span> 
     </span>
    </p>
   </div>
   <div class='ocr_carea' id='block_1_21' title="bbox 508 2450 1998 2523">
    <p class='ocr_par' dir='ltr' id='par_1_21' title="bbox 508 2450 1998 2523">
     <span class='ocr_line' id='line_1_21' title="bbox 508 2450 1998 2523; baseline -0.012 -11"><span class='ocrx_word' id='word_1_99' title='bbox 508 2450 617 2514; x_wconf 74' lang='lat' dir='ltr'><strong><em>una</em></strong></span> <span class='ocrx_word' id='word_1_100' title='bbox 648 2475 761 2513; x_wconf 81' lang='lat' dir='ltr'><strong><em>cum</em></strong></span> <span class='ocrx_word' id='word_1_101' title='bbox 803 2450 1013 2511; x_wconf 71' lang='lat' dir='ltr'><strong><em>civitate</em></strong></span> <span class='ocrx_word' id='word_1_102' title='bbox 1041 2454 1248 2523; x_wconf 82' lang='lat' dir='ltr'><strong><em>perdes,</em></strong></span> <span class='ocrx_word' id='word_1_103' title='bbox 1275 2460 1327 2504; x_wconf 83' lang='lat' dir='ltr'><strong><em>et</em></strong></span> <span class='ocrx_word' id='word_1_104' title='bbox 1358 2450 1435 2502; x_wconf 85' lang='lat' dir='ltr'><strong><em>tui</em></strong></span> <span class='ocrx_word' id='word_1_105' title='bbox 1481 2450 1702 2516; x_wconf 79' lang='lat' dir='ltr'><strong><em>gemitus</em></strong></span> <span class='ocrx_word' id='word_1_106' title='bbox 1753 2456 1909 2498; x_wconf 71' lang='lat' dir='ltr'><strong><em>testas</em></strong></span> <span class='ocrx_word' id='word_1_107' title='bbox 1951 2452 1998 2494; x_wconf 87' lang='lat' dir='ltr'><strong><em>et</em></strong></span> 
     </span>
    </p>
   </div>
   <div class='ocr_carea' id='block_1_22' title="bbox 509 2545 1438 2665">
    <p class='ocr_par' dir='ltr' id='par_1_22' title="bbox 509 2545 1438 2665">
     <span class='ocr_line' id='line_1_22' title="bbox 509 2545 1438 2665; baseline -0.016 9"><span class='ocrx_word' id='word_1_108' title='bbox 509 2545 616 2585; x_wconf 53' lang='lat' dir='ltr'><strong><em>ur.</em></strong></span> <span class='ocrx_word' id='word_1_109' title='bbox 1008 2605 1438 2665; x_wconf 80' lang='lat' dir='ltr'><strong><em>EXPOSITIO.</em></strong></span> 
     </span>
    </p>
   </div>
   <div class='ocr_carea' id='block_1_23' title="bbox 506 2712 2002 2796">
    <p class='ocr_par' dir='ltr' id='par_1_23' title="bbox 506 2712 2002 2796">
     <span class='ocr_line' id='line_1_23' title="bbox 506 2712 2002 2796; baseline -0.015 -13"><span class='ocrx_word' id='word_1_110' title='bbox 506 2728 642 2783; x_wconf 87' lang='lat' dir='ltr'><strong><em>Cum</em></strong></span> <span class='ocrx_word' id='word_1_111' title='bbox 699 2725 1026 2796; x_wconf 82' lang='lat' dir='ltr'><strong><em>signiﬁcatio</em></strong></span> <span class='ocrx_word' id='word_1_112' title='bbox 1083 2719 1356 2789; x_wconf 87' lang='lat' dir='ltr'><strong><em>serpentis</em></strong></span> <span class='ocrx_word' id='word_1_113' title='bbox 1399 2717 1456 2771; x_wconf 87' lang='lat' dir='ltr'><strong><em>in</em></strong></span> <span class='ocrx_word' id='word_1_114' title='bbox 1509 2712 1743 2767; x_wconf 78' lang='lat' dir='ltr'><strong><em>maxima</em></strong></span> <span class='ocrx_word' id='word_1_115' title='bbox 1777 2722 2002 2765; x_wconf 79' lang='lat' dir='ltr'><strong><em>venera—</em></strong></span> 
     </span>
    </p>
   </div>
   <div class='ocr_carea' id='block_1_24' title="bbox 445 2803 2003 2882">
    <p class='ocr_par' dir='ltr' id='par_1_24' title="bbox 445 2803 2003 2882">
     <span class='ocr_line' id='line_1_24' title="bbox 445 2803 2003 2882; baseline -0.015 -8"><span class='ocrx_word' id='word_1_116' title='bbox 445 2821 589 2874; x_wconf 87' lang='lat' dir='ltr'><strong><em>tione</em></strong></span> <span class='ocrx_word' id='word_1_117' title='bbox 653 2817 839 2872; x_wconf 85' lang='lat' dir='ltr'><strong><em>habita</em></strong></span> <span class='ocrx_word' id='word_1_118' title='bbox 886 2815 1052 2870; x_wconf 79' lang='lat' dir='ltr'><strong><em>fuerit</em></strong></span> <span class='ocrx_word' id='word_1_119' title='bbox 1105 2809 1250 2882; x_wconf 90' lang='lat' dir='ltr'><strong><em>apud</em></strong></span> <span class='ocrx_word' id='word_1_120' title='bbox 1313 2809 1567 2876; x_wconf 89' lang='lat' dir='ltr'><strong><em>antiquos</em></strong></span> <span class='ocrx_word' id='word_1_121' title='bbox 1621 2803 1921 2865; x_wconf 79' lang='lat' dir='ltr'><strong><em>Romanos,</em></strong></span> <span class='ocrx_word' id='word_1_122' title='bbox 1949 2806 2003 2853; x_wconf 88' lang='lat' dir='ltr'><strong><em>et</em></strong></span> 
     </span>
    </p>
   </div>
   <div class='ocr_carea' id='block_1_25' title="bbox 443 2893 2006 2980">
    <p class='ocr_par' dir='ltr' id='par_1_25' title="bbox 443 2893 2006 2980">
     <span class='ocr_line' id='line_1_25' title="bbox 443 2893 2006 2980; baseline -0.017 -14"><span class='ocrx_word' id='word_1_123' title='bbox 443 2918 629 2980; x_wconf 87' lang='lat' dir='ltr'><strong><em>postea</em></strong></span> <span class='ocrx_word' id='word_1_124' title='bbox 664 2907 807 2979; x_wconf 86' lang='lat' dir='ltr'><strong><em>apud</em></strong></span> <span class='ocrx_word' id='word_1_125' title='bbox 865 2905 1106 2970; x_wconf 68' lang='lat' dir='ltr'><strong><em>Graecos,</em></strong></span> <span class='ocrx_word' id='word_1_126' title='bbox 1157 2912 1212 2957; x_wconf 91' lang='lat' dir='ltr'><strong><em>et</em></strong></span> <span class='ocrx_word' id='word_1_127' title='bbox 1251 2898 1584 2970; x_wconf 65' lang='lat' dir='ltr'><strong><em>Egyptios;</em></strong></span> <span class='ocrx_word' id='word_1_128' title='bbox 1623 2893 1882 2964; x_wconf 85' lang='lat' dir='ltr'><strong><em>quoniam</em></strong></span> <span class='ocrx_word' id='word_1_129' title='bbox 1908 2904 2006 2959; x_wconf 88' lang='lat' dir='ltr'><strong><em>pro</em></strong></span> 
     </span>
    </p>
   </div>
   <div class='ocr_carea' id='block_1_26' title="bbox 446 2978 2084 3072">
    <p class='ocr_par' dir='ltr' id='par_1_26' title="bbox 446 2978 2084 3072">
     <span class='ocr_line' id='line_1_26' title="bbox 446 2978 2084 3072; baseline -0.017 -15"><span class='ocrx_word' id='word_1_130' title='bbox 446 2978 711 3072; x_wconf 68' lang='lat' dir='ltr'><strong><em>serpente</em></strong></span> <span class='ocrx_word' id='word_1_131' title='bbox 747 3001 841 3053; x_wconf 89' lang='lat' dir='ltr'><strong><em>illo</em></strong></span> <span class='ocrx_word' id='word_1_132' title='bbox 874 2995 1248 3066; x_wconf 88' lang='lat' dir='ltr'><strong><em>intelligebant</em></strong></span> <span class='ocrx_word' id='word_1_133' title='bbox 1277 2992 1440 3046; x_wconf 88' lang='lat' dir='ltr'><strong><em>deum</em></strong></span> <span class='ocrx_word' id='word_1_134' title='bbox 1471 2984 1848 3054; x_wconf 68' lang='lat' dir='ltr'><strong><em>Esculapium</em></strong></span> <span class='ocrx_word' id='word_1_135' title='bbox 1879 2978 2010 3048; x_wconf 87' lang='lat' dir='ltr'><strong><em>Epi-</em></strong></span> <span class='ocrx_word' id='word_1_136' title='bbox 2043 2998 2084 3052; x_wconf 73' lang='grc' dir='ltr'><strong>Β</strong></span> 
     </span>
    </p>
   </div>
   <div class='ocr_carea' id='block_1_27' title="bbox 445 3070 2006 3152">
    <p class='ocr_par' dir='ltr' id='par_1_27' title="bbox 445 3070 2006 3152">
     <span class='ocr_line' id='line_1_27' title="bbox 445 3070 2006 3152; baseline -0.019 -1"><span class='ocrx_word' id='word_1_137' title='bbox 445 3070 678 3150; x_wconf 79' lang='lat' dir='ltr'><strong><em>daturum</em></strong></span> <span class='ocrx_word' id='word_1_138' title='bbox 711 3112 726 3148; x_wconf 89' lang='lat'><strong>:</strong></span> <span class='ocrx_word' id='word_1_139' title='bbox 754 3094 876 3147; x_wconf 91' lang='lat' dir='ltr'><strong><em>ideo</em></strong></span> <span class='ocrx_word' id='word_1_140' title='bbox 905 3090 1077 3143; x_wconf 72' lang='lat' dir='ltr'><strong><em>Graeci</em></strong></span> <span class='ocrx_word' id='word_1_141' title='bbox 1112 3085 1216 3140; x_wconf 97' lang='lat' dir='ltr'><strong><em>sub</em></strong></span> <span class='ocrx_word' id='word_1_142' title='bbox 1243 3088 1492 3152; x_wconf 74' lang='lat' dir='ltr'><strong><em>serpente</em></strong></span> <span class='ocrx_word' id='word_1_143' title='bbox 1531 3076 1734 3139; x_wconf 88' lang='lat' dir='ltr'><strong><em>coloris</em></strong></span> <span class='ocrx_word' id='word_1_144' title='bbox 1779 3070 2006 3127; x_wconf 77' lang='lat' dir='ltr'><strong><em>subﬂavi</em></strong></span> 
     </span>
    </p>
   </div>
   <div class='ocr_carea' id='block_1_28' title="bbox 449 3165 2010 3258">
    <p class='ocr_par' dir='ltr' id='par_1_28' title="bbox 449 3165 2010 3258">
     <span class='ocr_line' id='line_1_28' title="bbox 449 3165 2010 3258; baseline -0.02 -14"><span class='ocrx_word' id='word_1_145' title='bbox 449 3188 687 3258; x_wconf 88' lang='lat' dir='ltr'><strong><em>depicto,</em></strong></span> <span class='ocrx_word' id='word_1_146' title='bbox 749 3196 936 3238; x_wconf 92' lang='lat' dir='ltr'><strong><em>eorum</em></strong></span> <span class='ocrx_word' id='word_1_147' title='bbox 995 3169 1294 3231; x_wconf 80' lang='lat' dir='ltr'><strong><em>dominium</em></strong></span> <span class='ocrx_word' id='word_1_148' title='bbox 1354 3169 1641 3224; x_wconf 73' lang='lat' dir='ltr'><strong><em>ostendere</em></strong></span> <span class='ocrx_word' id='word_1_149' title='bbox 1701 3165 2010 3225; x_wconf 88' lang='lat' dir='ltr'><strong><em>voluerunt,</em></strong></span> 
     </span>
    </p>
   </div>
   <div class='ocr_carea' id='block_1_29' title="bbox 451 3251 2012 3337">
    <p class='ocr_par' dir='ltr' id='par_1_29' title="bbox 451 3251 2012 3337">
     <span class='ocr_line' id='line_1_29' title="bbox 451 3251 2012 3337; baseline -0.02 -6"><span class='ocrx_word' id='word_1_150' title='bbox 451 3251 611 3331; x_wconf 77' lang='lat' dir='ltr'><strong><em>sicuti</em></strong></span> <span class='ocrx_word' id='word_1_151' title='bbox 664 3270 764 3326; x_wconf 90' lang='lat' dir='ltr'><strong><em>sub</em></strong></span> <span class='ocrx_word' id='word_1_152' title='bbox 815 3266 996 3337; x_wconf 89' lang='lat' dir='ltr'><strong><em>aquila</em></strong></span> <span class='ocrx_word' id='word_1_153' title='bbox 1059 3263 1360 3315; x_wconf 78' lang='lat' dir='ltr'><strong><em>Romanum</em></strong></span> <span class='ocrx_word' id='word_1_154' title='bbox 1421 3255 1705 3324; x_wconf 90' lang='lat' dir='ltr'><strong><em>imperium</em></strong></span> <span class='ocrx_word' id='word_1_155' title='bbox 1773 3251 2012 3306; x_wconf 88' lang='lat' dir='ltr'><strong><em>ostendi-</em></strong></span> 
     </span>
    </p>
   </div>
   <div class='ocr_carea' id='block_1_30' title="bbox 453 3338 2011 3429">
    <p class='ocr_par' dir='ltr' id='par_1_30' title="bbox 453 3338 2011 3429">
     <span class='ocr_line' id='line_1_30' title="bbox 453 3338 2011 3429; baseline -0.019 -9"><span class='ocrx_word' id='word_1_156' title='bbox 453 3377 563 3429; x_wconf 87' lang='lat' dir='ltr'><strong><em>tur,</em></strong></span> <span class='ocrx_word' id='word_1_157' title='bbox 606 3372 659 3418; x_wconf 90' lang='lat' dir='ltr'><strong><em>et</em></strong></span> <span class='ocrx_word' id='word_1_158' title='bbox 682 3360 784 3416; x_wconf 88' lang='lat' dir='ltr'><strong><em>sub</em></strong></span> <span class='ocrx_word' id='word_1_159' title='bbox 811 3357 984 3413; x_wconf 86' lang='lat' dir='ltr'><strong><em>tribus</em></strong></span> <span class='ocrx_word' id='word_1_160' title='bbox 1011 3354 1154 3408; x_wconf 90' lang='lat' dir='ltr'><strong><em>lunis</em></strong></span> <span class='ocrx_word' id='word_1_161' title='bbox 1191 3349 1491 3403; x_wconf 85' lang='lat' dir='ltr'><strong><em>Turcarum</em></strong></span> <span class='ocrx_word' id='word_1_162' title='bbox 1523 3343 1834 3412; x_wconf 86' lang='lat' dir='ltr'><strong><em>imperium.</em></strong></span> <span class='ocrx_word' id='word_1_163' title='bbox 1867 3338 2011 3408; x_wconf 91' lang='lat' dir='ltr'><strong><em>quod</em></strong></span> 
     </span>
    </p>
   </div>
   <div class='ocr_carea' id='block_1_31' title="bbox 453 3429 2009 3524">
    <p class='ocr_par' dir='ltr' id='par_1_31' title="bbox 453 3429 2009 3524">
     <span class='ocr_line' id='line_1_31' title="bbox 453 3429 2009 3524; baseline -0.022 -12"><span class='ocrx_word' id='word_1_164' title='bbox 453 3467 536 3512; x_wconf 84' lang='lat' dir='ltr'><strong><em>est</em></strong></span> <span class='ocrx_word' id='word_1_165' title='bbox 566 3453 798 3524; x_wconf 88' lang='lat' dir='ltr'><strong><em>primum</em></strong></span> <span class='ocrx_word' id='word_1_166' title='bbox 833 3447 1048 3516; x_wconf 90' lang='lat' dir='ltr'><strong><em>signum</em></strong></span> <span class='ocrx_word' id='word_1_167' title='bbox 1084 3439 1269 3509; x_wconf 80' lang='lat' dir='ltr'><strong><em>magni</em></strong></span> <span class='ocrx_word' id='word_1_168' title='bbox 1300 3433 1602 3490; x_wconf 77' lang='lat' dir='ltr'><strong><em>Sultluanis.</em></strong></span> <span class='ocrx_word' id='word_1_169' title='bbox 1628 3431 1857 3500; x_wconf 81' lang='lat' dir='ltr'><strong><em>PrOpter</em></strong></span> <span class='ocrx_word' id='word_1_170' title='bbox 1887 3429 2009 3490; x_wconf 88' lang='lat' dir='ltr'><strong><em>hoc,</em></strong></span> 
     </span>
    </p>
   </div>
   <div class='ocr_carea' id='block_1_32' title="bbox 453 3518 2016 3616">
    <p class='ocr_par' dir='ltr' id='par_1_32' title="bbox 453 3518 2016 3616">
     <span class='ocr_line' id='line_1_32' title="bbox 453 3518 2016 3616; baseline -0.022 -15"><span class='ocrx_word' id='word_1_171' title='bbox 453 3549 509 3603; x_wconf 90' lang='lat' dir='ltr'><strong><em>in</em></strong></span> <span class='ocrx_word' id='word_1_172' title='bbox 541 3518 715 3616; x_wconf 74' lang='lat' dir='ltr'><strong><em>prima</em></strong></span> <span class='ocrx_word' id='word_1_173' title='bbox 751 3539 919 3607; x_wconf 80' lang='lat' dir='ltr'><strong><em>ﬁgura</em></strong></span> <span class='ocrx_word' id='word_1_174' title='bbox 951 3533 1042 3588; x_wconf 86' lang='lat' dir='ltr'><strong><em>ubi</em></strong></span> <span class='ocrx_word' id='word_1_175' title='bbox 1065 3529 1330 3599; x_wconf 86' lang='lat' dir='ltr'><strong><em>aspicitur</em></strong></span> <span class='ocrx_word' id='word_1_176' title='bbox 1370 3539 1619 3592; x_wconf 81' lang='lat' dir='ltr'><strong><em>serpens,</em></strong></span> <span class='ocrx_word' id='word_1_177' title='bbox 1678 3518 2016 3588; x_wconf 86' lang='lat' dir='ltr'><strong><em>signiﬁcatur</em></strong></span> 
     </span>
    </p>
   </div>
   <div class='ocr_carea' id='block_1_33' title="bbox 453 3606 2018 3694">
    <p class='ocr_par' dir='ltr' id='par_1_33' title="bbox 453 3606 2018 3694">
     <span class='ocr_line' id='line_1_33' title="bbox 453 3606 2018 3694; baseline -0.022 -2"><span class='ocrx_word' id='word_1_178' title='bbox 453 3606 657 3692; x_wconf 64' lang='lat' dir='ltr'><strong><em>Graecia</em></strong></span> <span class='ocrx_word' id='word_1_179' title='bbox 686 3606 901 3691; x_wconf 77' lang='lat' dir='ltr'><strong><em>amicta,</em></strong></span> <span class='ocrx_word' id='word_1_180' title='bbox 935 3637 1056 3694; x_wconf 69' lang='lat' dir='ltr'><strong><em>qua:</em></strong></span> <span class='ocrx_word' id='word_1_181' title='bbox 1082 3629 1203 3690; x_wconf 88' lang='lat' dir='ltr'><strong><em>post</em></strong></span> <span class='ocrx_word' id='word_1_182' title='bbox 1236 3617 1470 3671; x_wconf 89' lang='lat' dir='ltr'><strong><em>Leonem</em></strong></span> <span class='ocrx_word' id='word_1_183' title='bbox 1502 3609 1887 3678; x_wconf 82' lang='lat' dir='ltr'><strong><em>Philosophum</em></strong></span> <span class='ocrx_word' id='word_1_184' title='bbox 1919 3606 2018 3659; x_wconf 90' lang='lat' dir='ltr'><strong><em>im-</em></strong></span> 
     </span>
    </p>
   </div>
   <div class='ocr_carea' id='block_1_34' title="bbox 455 3699 2016 3798">
    <p class='ocr_par' dir='ltr' id='par_1_34' title="bbox 455 3699 2016 3798">
     <span class='ocr_line' id='line_1_34' title="bbox 455 3699 2016 3798; baseline -0.022 -16"><span class='ocrx_word' id='word_1_185' title='bbox 455 3735 760 3798; x_wconf 89' lang='lat' dir='ltr'><strong><em>peratorem</em></strong></span> <span class='ocrx_word' id='word_1_186' title='bbox 815 3710 1484 3779; x_wconf 86' lang='lat' dir='ltr'><strong><em>Constantinopolitanum</em></strong></span> <span class='ocrx_word' id='word_1_187' title='bbox 1541 3702 1694 3756; x_wconf 87' lang='lat' dir='ltr'><strong><em>valde</em></strong></span> <span class='ocrx_word' id='word_1_188' title='bbox 1746 3699 1847 3753; x_wconf 79' lang='lat' dir='ltr'><strong><em>fuit</em></strong></span> <span class='ocrx_word' id='word_1_189' title='bbox 1901 3707 2016 3750; x_wconf 91' lang='lat' dir='ltr'><strong><em>tur-</em></strong></span> 
     </span>
    </p>
   </div>
   <div class='ocr_carea' id='block_1_35' title="bbox 456 3787 2016 3882">
    <p class='ocr_par' dir='ltr' id='par_1_35' title="bbox 456 3787 2016 3882">
     <span class='ocr_line' id='line_1_35' title="bbox 456 3787 2016 3882; baseline -0.022 -9"><span class='ocrx_word' id='word_1_190' title='bbox 456 3787 606 3882; x_wconf 72' lang='lat' dir='ltr'><strong><em>bata,</em></strong></span> <span class='ocrx_word' id='word_1_191' title='bbox 640 3825 694 3869; x_wconf 91' lang='lat' dir='ltr'><strong><em>et</em></strong></span> <span class='ocrx_word' id='word_1_192' title='bbox 737 3813 805 3867; x_wconf 87' lang='lat' dir='ltr'><strong><em>ab</em></strong></span> <span class='ocrx_word' id='word_1_193' title='bbox 848 3808 1102 3870; x_wconf 85' lang='lat' dir='ltr'><strong><em>internis,</em></strong></span> <span class='ocrx_word' id='word_1_194' title='bbox 1129 3812 1184 3858; x_wconf 93' lang='lat' dir='ltr'><strong><em>et</em></strong></span> <span class='ocrx_word' id='word_1_195' title='bbox 1243 3802 1310 3855; x_wconf 90' lang='lat' dir='ltr'><strong><em>ab</em></strong></span> <span class='ocrx_word' id='word_1_196' title='bbox 1354 3795 1617 3859; x_wconf 78' lang='lat' dir='ltr'><strong><em>externis,</em></strong></span> <span class='ocrx_word' id='word_1_197' title='bbox 1648 3800 1701 3847; x_wconf 91' lang='lat' dir='ltr'><strong><em>et</em></strong></span> <span class='ocrx_word' id='word_1_198' title='bbox 1734 3806 1764 3844; x_wconf 89' lang='lat' dir='ltr'><strong><em>a</em></strong></span> <span class='ocrx_word' id='word_1_199' title='bbox 1805 3787 2016 3849; x_wconf 82' lang='lat' dir='ltr'><strong><em>vicinis,</em></strong></span> 
     </span>
    </p>
   </div>
   <div class='ocr_carea' id='block_1_36' title="bbox 456 3881 2020 3973">
    <p class='ocr_par' dir='ltr' id='par_1_36' title="bbox 456 3881 2020 3973">
     <span class='ocr_line' id='line_1_36' title="bbox 456 3881 2020 3973; baseline -0.022 -10"><span class='ocrx_word' id='word_1_200' title='bbox 456 3919 511 3963; x_wconf 88' lang='lat' dir='ltr'><strong><em>et</em></strong></span> <span class='ocrx_word' id='word_1_201' title='bbox 537 3881 642 3960; x_wconf 82' lang='lat' dir='ltr'><strong><em>hoc</em></strong></span> <span class='ocrx_word' id='word_1_202' title='bbox 678 3917 773 3973; x_wconf 88' lang='lat' dir='ltr'><strong><em>per</em></strong></span> <span class='ocrx_word' id='word_1_203' title='bbox 797 3914 972 3955; x_wconf 81' lang='lat' dir='ltr'><strong><em>annos</em></strong></span> <span class='ocrx_word' id='word_1_204' title='bbox 1007 3903 1313 3957; x_wconf 86' lang='lat' dir='ltr'><strong><em>trecentum</em></strong></span> <span class='ocrx_word' id='word_1_205' title='bbox 1343 3899 1396 3944; x_wconf 92' lang='lat' dir='ltr'><strong><em>et</em></strong></span> <span class='ocrx_word' id='word_1_206' title='bbox 1428 3896 1559 3950; x_wconf 89' lang='lat' dir='ltr'><strong><em>tres,</em></strong></span> <span class='ocrx_word' id='word_1_207' title='bbox 1580 3885 1633 3938; x_wconf 88' lang='lat' dir='ltr'><strong><em>id</em></strong></span> <span class='ocrx_word' id='word_1_208' title='bbox 1655 3893 1758 3945; x_wconf 85' lang='lat' dir='ltr'><strong><em>est,</em></strong></span> <span class='ocrx_word' id='word_1_209' title='bbox 1784 3881 1851 3934; x_wconf 89' lang='lat' dir='ltr'><strong><em>ab</em></strong></span> <span class='ocrx_word' id='word_1_210' title='bbox 1877 3891 2020 3931; x_wconf 86' lang='lat' dir='ltr'><strong><em>anno</em></strong></span> 
     </span>
    </p>
   </div>
   <div class='ocr_carea' id='block_1_37' title="bbox 462 3970 2020 4066">
    <p class='ocr_par' dir='ltr' id='par_1_37' title="bbox 462 3970 2020 4066">
     <span class='ocr_line' id='line_1_37' title="bbox 462 3970 2020 4066; baseline -0.022 -11"><span class='ocrx_word' id='word_1_211' title='bbox 462 3970 943 4066; x_wconf 80' lang='lat' dir='ltr'><strong><em>noningentesimo</em></strong></span> <span class='ocrx_word' id='word_1_212' title='bbox 986 3997 1040 4043; x_wconf 91' lang='lat' dir='ltr'><strong><em>et</em></strong></span> <span class='ocrx_word' id='word_1_213' title='bbox 1068 3988 1260 4056; x_wconf 85' lang='lat' dir='ltr'><strong><em>quinto</em></strong></span> <span class='ocrx_word' id='word_1_214' title='bbox 1289 3998 1318 4035; x_wconf 89' lang='lat' dir='ltr'><strong><em>a</em></strong></span> <span class='ocrx_word' id='word_1_215' title='bbox 1345 3981 1562 4036; x_wconf 78' lang='lat' dir='ltr'><strong><em>Christo</em></strong></span> <span class='ocrx_word' id='word_1_216' title='bbox 1593 3987 1720 4031; x_wconf 86' lang='lat' dir='ltr'><strong><em>nato</em></strong></span> <span class='ocrx_word' id='word_1_217' title='bbox 1753 3985 1925 4041; x_wconf 89' lang='lat' dir='ltr'><strong><em>usque</em></strong></span> <span class='ocrx_word' id='word_1_218' title='bbox 1954 3970 2020 4022; x_wconf 85' lang='lat' dir='ltr'><strong><em>ad</em></strong></span> 
     </span>
    </p>
   </div>
   <div class='ocr_carea' id='block_1_38' title="bbox 465 4074 2021 4145">
    <p class='ocr_par' dir='ltr' id='par_1_38' title="bbox 465 4074 2021 4145">
     <span class='ocr_line' id='line_1_38' title="bbox 465 4074 2021 4145; baseline -0.021 0"><span class='ocrx_word' id='word_1_219' title='bbox 465 4088 816 4145; x_wconf 84' lang='lat' dir='ltr'><strong><em>millesimum</em></strong></span> <span class='ocrx_word' id='word_1_220' title='bbox 850 4080 1286 4136; x_wconf 86' lang='lat' dir='ltr'><strong><em>ducentesimum</em></strong></span> <span class='ocrx_word' id='word_1_221' title='bbox 1325 4083 1600 4131; x_wconf 86' lang='lat' dir='ltr'><strong><em>octavum.</em></strong></span> <span class='ocrx_word' id='word_1_222' title='bbox 1620 4083 1728 4138; x_wconf 87' lang='lat' dir='ltr'><strong><em>quo</em></strong></span> <span class='ocrx_word' id='word_1_223' title='bbox 1758 4074 2021 4131; x_wconf 90' lang='lat' dir='ltr'><strong><em>tempore,</em></strong></span> 
     </span>
    </p>
   </div>
   <div class='ocr_carea' id='block_1_39' title="bbox 466 4151 2026 4243">
    <p class='ocr_par' dir='ltr' id='par_1_39' title="bbox 466 4151 2026 4243">
     <span class='ocr_line' id='line_1_39' title="bbox 466 4151 2026 4243; baseline -0.021 -9"><span class='ocrx_word' id='word_1_224' title='bbox 466 4192 529 4234; x_wconf 89' lang='lat' dir='ltr'><strong><em>ut</em></strong></span> <span class='ocrx_word' id='word_1_225' title='bbox 557 4177 751 4232; x_wconf 87' lang='lat' dir='ltr'><strong><em>recitat</em></strong></span> <span class='ocrx_word' id='word_1_226' title='bbox 780 4171 1068 4243; x_wconf 84' lang='lat' dir='ltr'><strong><em>Egnatius,</em></strong></span> <span class='ocrx_word' id='word_1_227' title='bbox 1097 4167 1247 4222; x_wconf 78' lang='lat' dir='ltr'><strong><em>fuere</em></strong></span> <span class='ocrx_word' id='word_1_228' title='bbox 1274 4166 1498 4236; x_wconf 73' lang='lat' dir='ltr'><strong><em>triginta</em></strong></span> <span class='ocrx_word' id='word_1_229' title='bbox 1535 4162 1909 4228; x_wconf 79' lang='lat' dir='ltr'><strong><em>imperatores,</em></strong></span> <span class='ocrx_word' id='word_1_230' title='bbox 1943 4151 2026 4203; x_wconf 82' lang='lat' dir='ltr'><strong><em>iu-</em></strong></span> 
     </span>
    </p>
   </div>
   <div class='ocr_carea' id='block_1_40' title="bbox 467 4242 2023 4339">
    <p class='ocr_par' dir='ltr' id='par_1_40' title="bbox 467 4242 2023 4339">
     <span class='ocr_line' id='line_1_40' title="bbox 467 4242 2023 4339; baseline -0.019 -17"><span class='ocrx_word' id='word_1_231' title='bbox 467 4267 722 4339; x_wconf 63' lang='lat' dir='ltr'><strong><em>nipiendo</em></strong></span> <span class='ocrx_word' id='word_1_232' title='bbox 748 4263 818 4318; x_wconf 85' lang='lat' dir='ltr'><strong><em>ab</em></strong></span> <span class='ocrx_word' id='word_1_233' title='bbox 839 4242 978 4333; x_wconf 77' lang='lat' dir='ltr'><strong><em>ipso</em></strong></span> <span class='ocrx_word' id='word_1_234' title='bbox 1005 4259 1188 4314; x_wconf 79' lang='lat' dir='ltr'><strong><em>Leone</em></strong></span> <span class='ocrx_word' id='word_1_235' title='bbox 1213 4270 1386 4323; x_wconf 84' lang='lat' dir='ltr'><strong><em>usque</em></strong></span> <span class='ocrx_word' id='word_1_236' title='bbox 1429 4255 1493 4307; x_wconf 87' lang='lat' dir='ltr'><strong><em>ad</em></strong></span> <span class='ocrx_word' id='word_1_237' title='bbox 1527 4249 1862 4306; x_wconf 80' lang='lat' dir='ltr'><strong><em>Murcililum</em></strong></span> <span class='ocrx_word' id='word_1_238' title='bbox 1898 4242 2023 4295; x_wconf 71' lang='lat' dir='ltr'><strong><em>ulti-</em></strong></span> 
     </span>
    </p>
   </div>
   <div class='ocr_carea' id='block_1_41' title="bbox 470 4328 2027 4419">
    <p class='ocr_par' dir='ltr' id='par_1_41' title="bbox 470 4328 2027 4419">
     <span class='ocr_line' id='line_1_41' title="bbox 470 4328 2027 4419; baseline -0.021 -5"><span class='ocrx_word' id='word_1_239' title='bbox 470 4374 620 4415; x_wconf 83' lang='lat' dir='ltr'><strong><em>mum</em></strong></span> <span class='ocrx_word' id='word_1_240' title='bbox 674 4328 921 4411; x_wconf 61' lang='lat' dir='ltr'><strong><em>Graecum</em></strong></span> <span class='ocrx_word' id='word_1_241' title='bbox 984 4341 1398 4419; x_wconf 78' lang='lat' dir='ltr'><strong><em>imperaiorem,</em></strong></span> <span class='ocrx_word' id='word_1_242' title='bbox 1467 4343 1520 4396; x_wconf 89' lang='lat' dir='ltr'><strong><em>in</em></strong></span> <span class='ocrx_word' id='word_1_243' title='bbox 1596 4339 1756 4394; x_wconf 82' lang='lat' dir='ltr'><strong><em>tertia</em></strong></span> <span class='ocrx_word' id='word_1_244' title='bbox 1816 4328 2027 4402; x_wconf 87' lang='lat' dir='ltr'><strong><em>imperii</em></strong></span> 
     </span>
    </p>
   </div>
   <div class='ocr_carea' id='block_1_42' title="bbox 476 4423 2030 4512">
    <p class='ocr_par' dir='ltr' id='par_1_42' title="bbox 476 4423 2030 4512">
     <span class='ocr_line' id='line_1_42' title="bbox 476 4423 2030 4512; baseline -0.021 -7"><span class='ocrx_word' id='word_1_245' title='bbox 476 4451 802 4512; x_wconf 84' lang='lat' dir='ltr'><strong><em>mutatione,</em></strong></span> <span class='ocrx_word' id='word_1_246' title='bbox 826 4446 950 4502; x_wconf 87' lang='lat' dir='ltr'><strong><em>dico</em></strong></span> <span class='ocrx_word' id='word_1_247' title='bbox 978 4441 1138 4497; x_wconf 85' lang='lat' dir='ltr'><strong><em>tertia</em></strong></span> <span class='ocrx_word' id='word_1_248' title='bbox 1171 4437 1500 4498; x_wconf 81' lang='lat' dir='ltr'><strong><em>mutatione;</em></strong></span> <span class='ocrx_word' id='word_1_249' title='bbox 1530 4433 1655 4501; x_wconf 87' lang='lat' dir='ltr'><strong><em>quia</em></strong></span> <span class='ocrx_word' id='word_1_250' title='bbox 1683 4429 1853 4498; x_wconf 86' lang='lat' dir='ltr'><strong><em>prima</em></strong></span> <span class='ocrx_word' id='word_1_251' title='bbox 1882 4423 2030 4478; x_wconf 68' lang='lat' dir='ltr'><strong><em>Grae-</em></strong></span> 
     </span>
    </p>
   </div>
   <div class='ocr_carea' id='block_1_43' title="bbox 473 4511 2031 4605">
    <p class='ocr_par' dir='ltr' id='par_1_43' title="bbox 473 4511 2031 4605">
     <span class='ocr_line' id='line_1_43' title="bbox 473 4511 2031 4605; baseline -0.019 -12"><span class='ocrx_word' id='word_1_252' title='bbox 473 4554 665 4596; x_wconf 84' lang='lat' dir='ltr'><strong><em>corum</em></strong></span> <span class='ocrx_word' id='word_1_253' title='bbox 695 4536 819 4602; x_wconf 73' lang='lat' dir='ltr'><strong><em>fuit,</em></strong></span> <span class='ocrx_word' id='word_1_254' title='bbox 850 4532 1068 4605; x_wconf 86' lang='lat' dir='ltr'><strong><em>quando</em></strong></span> <span class='ocrx_word' id='word_1_255' title='bbox 1095 4527 1402 4584; x_wconf 74' lang='lat' dir='ltr'><strong><em>Alexander</em></strong></span> <span class='ocrx_word' id='word_1_256' title='bbox 1433 4522 1658 4591; x_wconf 69' lang='lat' dir='ltr'><strong><em>Magnus</em></strong></span> <span class='ocrx_word' id='word_1_257' title='bbox 1704 4517 1756 4569; x_wconf 91' lang='lat' dir='ltr'><strong><em>in</em></strong></span> <span class='ocrx_word' id='word_1_258' title='bbox 1798 4528 1891 4568; x_wconf 86' lang='lat' dir='ltr'><strong><em>eos</em></strong></span> <span class='ocrx_word' id='word_1_259' title='bbox 1935 4511 2031 4565; x_wconf 89' lang='lat' dir='ltr'><strong><em>de-</em></strong></span> 
     </span>
    </p>
   </div>
   <div class='ocr_carea' id='block_1_44' title="bbox 475 4607 2034 4697">
    <p class='ocr_par' dir='ltr' id='par_1_44' title="bbox 475 4607 2034 4697">
     <span class='ocr_line' id='line_1_44' title="bbox 475 4607 2034 4697; baseline -0.022 -11"><span class='ocrx_word' id='word_1_260' title='bbox 475 4631 601 4690; x_wconf 79' lang='lat' dir='ltr'><strong><em>tulit</em></strong></span> <span class='ocrx_word' id='word_1_261' title='bbox 637 4628 921 4697; x_wconf 84' lang='lat' dir='ltr'><strong><em>imperium</em></strong></span> <span class='ocrx_word' id='word_1_262' title='bbox 970 4607 1114 4677; x_wconf 80' lang='lat' dir='ltr'><strong><em>anno</em></strong></span> <span class='ocrx_word' id='word_1_263' title='bbox 1160 4614 1544 4672; x_wconf 83' lang='lat' dir='ltr'><strong><em>trecentesimo</em></strong></span> <span class='ocrx_word' id='word_1_264' title='bbox 1588 4608 1850 4662; x_wconf 83' lang='lat' dir='ltr'><strong><em>vicesimo</em></strong></span> <span class='ocrx_word' id='word_1_265' title='bbox 1880 4609 2034 4656; x_wconf 75' lang='lat' dir='ltr'><strong><em>sexto</em></strong></span> 
     </span>
    </p>
   </div>
   <div class='ocr_carea' id='block_1_45' title="bbox 478 4700 2035 4779">
    <p class='ocr_par' dir='ltr' id='par_1_45' title="bbox 478 4700 2035 4779">
     <span class='ocr_line' id='line_1_45' title="bbox 478 4700 2035 4779; baseline -0.023 2"><span class='ocrx_word' id='word_1_266' title='bbox 478 4732 608 4779; x_wconf 81' lang='lat' dir='ltr'><strong><em>ante</em></strong></span> <span class='ocrx_word' id='word_1_267' title='bbox 631 4719 909 4778; x_wconf 75' lang='lat' dir='ltr'><strong><em>Christum</em></strong></span> <span class='ocrx_word' id='word_1_268' title='bbox 942 4724 1156 4775; x_wconf 86' lang='lat' dir='ltr'><strong><em>natum,</em></strong></span> <span class='ocrx_word' id='word_1_269' title='bbox 1198 4706 1340 4763; x_wconf 87' lang='lat' dir='ltr'><strong><em>unde</em></strong></span> <span class='ocrx_word' id='word_1_270' title='bbox 1379 4702 1613 4757; x_wconf 86' lang='lat' dir='ltr'><strong><em>mutatio</em></strong></span> <span class='ocrx_word' id='word_1_271' title='bbox 1636 4700 1739 4753; x_wconf 82' lang='lat' dir='ltr'><strong><em>ista</em></strong></span> <span class='ocrx_word' id='word_1_272' title='bbox 1775 4711 1879 4750; x_wconf 89' lang='lat' dir='ltr'><strong><em>una</em></strong></span> <span class='ocrx_word' id='word_1_273' title='bbox 1907 4707 2035 4747; x_wconf 88' lang='lat' dir='ltr'><strong><em>cum</em></strong></span> 
     </span>
    </p>
   </div>
   <div class='ocr_carea' id='block_1_46' title="bbox 479 4783 2041 4876">
    <p class='ocr_par' dir='ltr' id='par_1_46' title="bbox 479 4783 2041 4876">
     <span class='ocr_line' id='line_1_46' title="bbox 479 4783 2041 4876; baseline -0.022 -8"><span class='ocrx_word' id='word_1_274' title='bbox 479 4812 700 4867; x_wconf 78' lang='lat' dir='ltr'><strong><em>nomine</em></strong></span> <span class='ocrx_word' id='word_1_275' title='bbox 729 4803 1003 4876; x_wconf 74' lang='lat' dir='ltr'><strong><em>imperiali</em></strong></span> <span class='ocrx_word' id='word_1_276' title='bbox 1034 4813 1206 4868; x_wconf 88' lang='lat' dir='ltr'><strong><em>usque</em></strong></span> <span class='ocrx_word' id='word_1_277' title='bbox 1235 4795 1302 4850; x_wconf 86' lang='lat' dir='ltr'><strong><em>ad</em></strong></span> <span class='ocrx_word' id='word_1_278' title='bbox 1329 4799 1557 4846; x_wconf 90' lang='lat' dir='ltr'><strong><em>mortem</em></strong></span> <span class='ocrx_word' id='word_1_279' title='bbox 1579 4785 1811 4855; x_wconf 83' lang='lat' dir='ltr'><strong><em>Philippi</em></strong></span> <span class='ocrx_word' id='word_1_280' title='bbox 1842 4783 2041 4852; x_wconf 81' lang='lat' dir='ltr'><strong><em>perdu-</em></strong></span> 
     </span>
    </p>
   </div>
   <div class='ocr_carea' id='block_1_47' title="bbox 480 4872 2041 4964">
    <p class='ocr_par' dir='ltr' id='par_1_47' title="bbox 480 4872 2041 4964">
     <span class='ocr_line' id='line_1_47' title="bbox 480 4872 2041 4964; baseline -0.022 -7"><span class='ocrx_word' id='word_1_281' title='bbox 480 4900 645 4964; x_wconf 80' lang='lat' dir='ltr'><strong><em>ravit,</em></strong></span> <span class='ocrx_word' id='word_1_282' title='bbox 674 4872 927 4952; x_wconf 81' lang='lat' dir='ltr'><strong><em>videlicet</em></strong></span> <span class='ocrx_word' id='word_1_283' title='bbox 951 4905 1047 4961; x_wconf 84' lang='lat' dir='ltr'><strong><em>per</em></strong></span> <span class='ocrx_word' id='word_1_284' title='bbox 1092 4900 1262 4939; x_wconf 89' lang='lat' dir='ltr'><strong><em>annos</em></strong></span> <span class='ocrx_word' id='word_1_285' title='bbox 1301 4882 1595 4936; x_wconf 88' lang='lat' dir='ltr'><strong><em>ducentum</em></strong></span> <span class='ocrx_word' id='word_1_286' title='bbox 1637 4876 1857 4943; x_wconf 79' lang='lat' dir='ltr'><strong><em>triginta</em></strong></span> <span class='ocrx_word' id='word_1_287' title='bbox 1879 4872 2041 4942; x_wconf 85' lang='lat' dir='ltr'><strong><em>quin-</em></strong></span> 
     </span>
    </p>
   </div>
   <div class='ocr_carea' id='block_1_48' title="bbox 483 4965 2044 5059">
    <p class='ocr_par' dir='ltr' id='par_1_48' title="bbox 483 4965 2044 5059">
     <span class='ocr_line' id='line_1_48' title="bbox 483 4965 2044 5059; baseline -0.02 -14"><span class='ocrx_word' id='word_1_288' title='bbox 483 5005 612 5059; x_wconf 80' lang='lat' dir='ltr'><strong><em>que,</em></strong></span> <span class='ocrx_word' id='word_1_289' title='bbox 655 4999 768 5056; x_wconf 84' lang='lat' dir='ltr'><strong><em>quo</em></strong></span> <span class='ocrx_word' id='word_1_290' title='bbox 809 4991 1054 5050; x_wconf 86' lang='lat' dir='ltr'><strong><em>tempore</em></strong></span> <span class='ocrx_word' id='word_1_291' title='bbox 1105 4975 1269 5042; x_wconf 75' lang='lat' dir='ltr'><strong><em>cmpit</em></strong></span> <span class='ocrx_word' id='word_1_292' title='bbox 1307 4969 1546 5027; x_wconf 87' lang='lat' dir='ltr'><strong><em>secunda</em></strong></span> <span class='ocrx_word' id='word_1_293' title='bbox 1588 4965 1882 5035; x_wconf 89' lang='lat' dir='ltr'><strong><em>imperialis</em></strong></span> <span class='ocrx_word' id='word_1_294' title='bbox 1926 4978 2044 5016; x_wconf 90' lang='lat' dir='ltr'><strong><em>mu-</em></strong></span> 
     </span>
    </p>
   </div>
   <div class='ocr_carea' id='block_1_49' title="bbox 483 5059 2046 5136">
    <p class='ocr_par' dir='ltr' id='par_1_49' title="bbox 483 5059 2046 5136">
     <span class='ocr_line' id='line_1_49' title="bbox 483 5059 2046 5136; baseline -0.02 -1"><span class='ocrx_word' id='word_1_295' title='bbox 483 5080 618 5136; x_wconf 86' lang='lat' dir='ltr'><strong><em>tatio</em></strong></span> <span class='ocrx_word' id='word_1_296' title='bbox 709 5074 813 5129; x_wconf 84' lang='lat' dir='ltr'><strong><em>sub</em></strong></span> <span class='ocrx_word' id='word_1_297' title='bbox 875 5069 1248 5122; x_wconf 67' lang='lat' dir='ltr'><strong><em>liomanorum</em></strong></span> <span class='ocrx_word' id='word_1_298' title='bbox 1304 5059 1580 5122; x_wconf 87' lang='lat' dir='ltr'><strong><em>dominio;</em></strong></span> <span class='ocrx_word' id='word_1_299' title='bbox 1633 5069 1742 5124; x_wconf 88' lang='lat' dir='ltr'><strong><em>quo</em></strong></span> <span class='ocrx_word' id='word_1_300' title='bbox 1800 5061 2046 5120; x_wconf 87' lang='lat' dir='ltr'><strong><em>tempore</em></strong></span> 
     </span>
    </p>
   </div>
   <div class='ocr_carea' id='block_1_50' title="bbox 487 5143 2044 5239">
    <p class='ocr_par' dir='ltr' id='par_1_50' title="bbox 487 5143 2044 5239">
     <span class='ocr_line' id='line_1_50' title="bbox 487 5143 2044 5239; baseline -0.019 -16"><span class='ocrx_word' id='word_1_301' title='bbox 487 5170 715 5239; x_wconf 73' lang='lat' dir='ltr'><strong><em>Magnus</em></strong></span> <span class='ocrx_word' id='word_1_302' title='bbox 759 5158 1160 5214; x_wconf 83' lang='lat' dir='ltr'><strong><em>Constantinus</em></strong></span> <span class='ocrx_word' id='word_1_303' title='bbox 1194 5150 1510 5221; x_wconf 79' lang='lat' dir='ltr'><strong><em>Byzantium</em></strong></span> <span class='ocrx_word' id='word_1_304' title='bbox 1551 5143 1831 5200; x_wconf 83' lang='lat' dir='ltr'><strong><em>transtulit</em></strong></span> <span class='ocrx_word' id='word_1_305' title='bbox 1870 5143 2044 5209; x_wconf 79' lang='lat' dir='ltr'><strong><em>impe-</em></strong></span> 
     </span>
    </p>
   </div>
   <div class='ocr_carea' id='block_1_51' title="bbox 500 5232 2075 5313">
    <p class='ocr_par' dir='ltr' id='par_1_51' title="bbox 500 5232 2075 5313">
     <span class='ocr_line' id='line_1_51' title="bbox 500 5232 2075 5313; baseline -0.019 0"><span class='ocrx_word' id='word_1_306' title='bbox 500 5232 635 5313; x_wconf 72' lang='lat' dir='ltr'><strong><em>rium</em></strong></span> <span class='ocrx_word' id='word_1_307' title='bbox 666 5254 995 5310; x_wconf 75' lang='lat' dir='ltr'><strong><em>Romanum,</em></strong></span> <span class='ocrx_word' id='word_1_308' title='bbox 1017 5255 1072 5299; x_wconf 88' lang='lat' dir='ltr'><strong><em>et</em></strong></span> <span class='ocrx_word' id='word_1_309' title='bbox 1105 5245 1171 5298; x_wconf 88' lang='lat' dir='ltr'><strong><em>ab</em></strong></span> <span class='ocrx_word' id='word_1_310' title='bbox 1196 5245 1313 5312; x_wconf 91' lang='lat' dir='ltr'><strong><em>ipso</em></strong></span> <span class='ocrx_word' id='word_1_311' title='bbox 1346 5240 1538 5294; x_wconf 86' lang='lat' dir='ltr'><strong><em>civitas</em></strong></span> <span class='ocrx_word' id='word_1_312' title='bbox 1585 5236 1729 5290; x_wconf 86' lang='lat' dir='ltr'><strong><em>dicta</em></strong></span> <span class='ocrx_word' id='word_1_313' title='bbox 1768 5234 1868 5286; x_wconf 80' lang='lat' dir='ltr'><strong><em>fuit</em></strong></span> <span class='ocrx_word' id='word_1_314' title='bbox 1905 5232 2075 5286; x_wconf 54' lang='lat' dir='ltr'><strong><em>Con-</em></strong></span> 
     </span>
    </p>
   </div>
   <div class='ocr_carea' id='block_1_52' title="bbox 497 5325 2052 5412">
    <p class='ocr_par' dir='ltr' id='par_1_52' title="bbox 497 5325 2052 5412">
     <span class='ocr_line' id='line_1_52' title="bbox 497 5325 2052 5412; baseline -0.02 -8"><span class='ocrx_word' id='word_1_315' title='bbox 497 5340 878 5412; x_wconf 81' lang='lat' dir='ltr'><strong><em>stantinOpolis</em></strong></span> <span class='ocrx_word' id='word_1_316' title='bbox 903 5355 918 5403; x_wconf 86' lang='lat'><strong>;</strong></span> <span class='ocrx_word' id='word_1_317' title='bbox 947 5332 1318 5406; x_wconf 76' lang='lat' dir='ltr'><strong><em>perseveravit</em></strong></span> <span class='ocrx_word' id='word_1_318' title='bbox 1362 5329 1506 5385; x_wconf 88' lang='lat' dir='ltr'><strong><em>istud</em></strong></span> <span class='ocrx_word' id='word_1_319' title='bbox 1542 5327 1847 5381; x_wconf 79' lang='lat' dir='ltr'><strong><em>Romanum</em></strong></span> <span class='ocrx_word' id='word_1_320' title='bbox 1884 5325 2052 5392; x_wconf 86' lang='lat' dir='ltr'><strong><em>impe-</em></strong></span> 
     </span>
    </p>
   </div>
   <div class='ocr_carea' id='block_1_53' title="bbox 500 5414 2050 5501">
    <p class='ocr_par' dir='ltr' id='par_1_53' title="bbox 500 5414 2050 5501">
     <span class='ocr_line' id='line_1_53' title="bbox 500 5414 2050 5501; baseline -0.018 -9"><span class='ocrx_word' id='word_1_321' title='bbox 500 5439 658 5497; x_wconf 85' lang='lat' dir='ltr'><strong><em>rium,</em></strong></span> <span class='ocrx_word' id='word_1_322' title='bbox 716 5429 857 5501; x_wconf 81' lang='lat' dir='ltr'><strong><em>quod</em></strong></span> <span class='ocrx_word' id='word_1_323' title='bbox 911 5424 1130 5480; x_wconf 87' lang='lat' dir='ltr'><strong><em>tenebat</em></strong></span> <span class='ocrx_word' id='word_1_324' title='bbox 1175 5423 1399 5492; x_wconf 88' lang='lat' dir='ltr'><strong><em>gradum</em></strong></span> <span class='ocrx_word' id='word_1_325' title='bbox 1446 5418 1765 5473; x_wconf 82' lang='lat' dir='ltr'><strong><em>orientalem</em></strong></span> <span class='ocrx_word' id='word_1_326' title='bbox 1805 5423 1858 5468; x_wconf 88' lang='lat' dir='ltr'><strong><em>et</em></strong></span> <span class='ocrx_word' id='word_1_327' title='bbox 1906 5414 2050 5467; x_wconf 89' lang='lat' dir='ltr'><strong><em>occi-</em></strong></span> 
     </span>
    </p>
   </div>
   <div class='ocr_carea' id='block_1_54' title="bbox 500 5511 2054 5586">
    <p class='ocr_par' dir='ltr' id='par_1_54' title="bbox 500 5511 2054 5586">
     <span class='ocr_line' id='line_1_54' title="bbox 500 5511 2054 5586; baseline -0.018 -4"><span class='ocrx_word' id='word_1_328' title='bbox 500 5526 768 5583; x_wconf 82' lang='lat' dir='ltr'><strong><em>dentalem</em></strong></span> <span class='ocrx_word' id='word_1_329' title='bbox 796 5533 969 5586; x_wconf 84' lang='lat' dir='ltr'><strong><em>usque</em></strong></span> <span class='ocrx_word' id='word_1_330' title='bbox 996 5515 1060 5567; x_wconf 82' lang='lat' dir='ltr'><strong><em>ad</em></strong></span> <span class='ocrx_word' id='word_1_331' title='bbox 1102 5511 1471 5566; x_wconf 84' lang='lat' dir='ltr'><strong><em>Theodosium</em></strong></span> <span class='ocrx_word' id='word_1_332' title='bbox 1500 5511 1903 5577; x_wconf 78' lang='lat' dir='ltr'><strong><em>imperatorem,</em></strong></span> <span class='ocrx_word' id='word_1_333' title='bbox 1937 5513 2054 5572; x_wconf 88' lang='lat' dir='ltr'><strong><em>post</em></strong></span> 
     </span>
    </p>
   </div>
   <div class='ocr_carea' id='block_1_55' title="bbox 503 5594 2132 5691">
    <p class='ocr_par' dir='ltr' id='par_1_55' title="bbox 503 5594 2132 5691">
     <span class='ocr_line' id='line_1_55' title="bbox 503 5594 2132 5691; baseline -0.018 -17"><span class='ocrx_word' id='word_1_334' title='bbox 503 5635 665 5691; x_wconf 86' lang='lat' dir='ltr'><strong><em>quem</em></strong></span> <span class='ocrx_word' id='word_1_335' title='bbox 683 5615 917 5670; x_wconf 88' lang='lat' dir='ltr'><strong><em>divisum</em></strong></span> <span class='ocrx_word' id='word_1_336' title='bbox 951 5608 1052 5660; x_wconf 83' lang='lat' dir='ltr'><strong><em>fuit</em></strong></span> <span class='ocrx_word' id='word_1_337' title='bbox 1083 5603 1365 5672; x_wconf 89' lang='lat' dir='ltr'><strong><em>imperium</em></strong></span> <span class='ocrx_word' id='word_1_338' title='bbox 1397 5600 1717 5661; x_wconf 78' lang='lat' dir='ltr'><strong><em>Romanum,</em></strong></span> <span class='ocrx_word' id='word_1_339' title='bbox 1746 5606 1797 5651; x_wconf 90' lang='lat' dir='ltr'><strong><em>et</em></strong></span> <span class='ocrx_word' id='word_1_340' title='bbox 1827 5594 2054 5649; x_wconf 79' lang='lat' dir='ltr'><strong><em>Arcadio</em></strong></span> <span class='ocrx_word' id='word_1_341' title='bbox 2083 5632 2132 5686; x_wconf 67' lang='grc' dir='ltr'><strong>Β</strong></span> 
     </span>
    </p>
   </div>
   <div class='ocr_carea' id='block_1_56' title="bbox 505 5688 2054 5766">
    <p class='ocr_par' dir='ltr' id='par_1_56' title="bbox 505 5688 2054 5766">
     <span class='ocr_line' id='line_1_56' title="bbox 505 5688 2054 5766; baseline -0.016 -6"><span class='ocrx_word' id='word_1_342' title='bbox 505 5688 690 5766; x_wconf 78' lang='lat' dir='ltr'><strong><em>datum</em></strong></span> <span class='ocrx_word' id='word_1_343' title='bbox 738 5707 836 5760; x_wconf 78' lang='lat' dir='ltr'><strong><em>fuit</em></strong></span> <span class='ocrx_word' id='word_1_344' title='bbox 887 5696 1166 5759; x_wconf 82' lang='lat' dir='ltr'><strong><em>orientale,</em></strong></span> <span class='ocrx_word' id='word_1_345' title='bbox 1201 5703 1252 5747; x_wconf 89' lang='lat' dir='ltr'><strong><em>et</em></strong></span> <span class='ocrx_word' id='word_1_346' title='bbox 1292 5691 1487 5746; x_wconf 85' lang='lat' dir='ltr'><strong><em>divisio</em></strong></span> <span class='ocrx_word' id='word_1_347' title='bbox 1537 5692 1648 5745; x_wconf 71' lang='lat' dir='ltr'><strong><em>haec</em></strong></span> <span class='ocrx_word' id='word_1_348' title='bbox 1701 5688 1798 5741; x_wconf 78' lang='lat' dir='ltr'><strong><em>fuit</em></strong></span> <span class='ocrx_word' id='word_1_349' title='bbox 1833 5689 1885 5740; x_wconf 89' lang='lat' dir='ltr'><strong><em>in</em></strong></span> <span class='ocrx_word' id='word_1_350' title='bbox 1917 5701 2054 5738; x_wconf 84' lang='lat' dir='ltr'><strong><em>anno</em></strong></span> 
     </span>
    </p>
   </div>
   <div class='ocr_carea' id='block_1_57' title="bbox 2025 1651 3664 1728">
    <p class='ocr_par' dir='ltr' id='par_1_57' title="bbox 2025 1651 3664 1728">
     <span class='ocr_line' id='line_1_57' title="bbox 2025 1651 3664 1728; baseline -0.01 -9"><span class='ocrx_word' id='word_1_351' title='bbox 2025 1675 2066 1727; x_wconf 77' lang='grc' dir='ltr'><strong>Α</strong></span> <span class='ocrx_word' id='word_1_352' title='bbox 2099 1668 2480 1719; x_wconf 69' lang='lat' dir='ltr'><strong><em>trecentesimo</em></strong></span> <span class='ocrx_word' id='word_1_353' title='bbox 2507 1661 2859 1728; x_wconf 75' lang='lat' dir='ltr'><strong><em>nonagesimo</em></strong></span> <span class='ocrx_word' id='word_1_354' title='bbox 2897 1666 3125 1718; x_wconf 79' lang='lat' dir='ltr'><strong><em>octavo;</em></strong></span> <span class='ocrx_word' id='word_1_355' title='bbox 3161 1654 3230 1707; x_wconf 85' lang='lat' dir='ltr'><strong><em>ob</em></strong></span> <span class='ocrx_word' id='word_1_356' title='bbox 3257 1651 3310 1704; x_wconf 91' lang='lat' dir='ltr'><strong><em>id</em></strong></span> <span class='ocrx_word' id='word_1_357' title='bbox 3341 1659 3529 1718; x_wconf 83' lang='lat' dir='ltr'><strong><em>postea</em></strong></span> <span class='ocrx_word' id='word_1_358' title='bbox 3563 1651 3664 1702; x_wconf 82' lang='lat' dir='ltr'><strong><em>im-</em></strong></span> 
     </span>
    </p>
   </div>
   <div class='ocr_carea' id='block_1_58' title="bbox 2105 1737 3660 1824">
    <p class='ocr_par' dir='ltr' id='par_1_58' title="bbox 2105 1737 3660 1824">
     <span class='ocr_line' id='line_1_58' title="bbox 2105 1737 3660 1824; baseline -0.013 -16"><span class='ocrx_word' id='word_1_359' title='bbox 2105 1766 2385 1824; x_wconf 82' lang='lat' dir='ltr'><strong><em>peratores</em></strong></span> <span class='ocrx_word' id='word_1_360' title='bbox 2415 1748 3004 1816; x_wconf 79' lang='lat' dir='ltr'><strong><em>Constantinopolitani</em></strong></span> <span class='ocrx_word' id='word_1_361' title='bbox 3043 1743 3213 1797; x_wconf 87' lang='lat' dir='ltr'><strong><em>vocati</em></strong></span> <span class='ocrx_word' id='word_1_362' title='bbox 3246 1749 3374 1795; x_wconf 91' lang='lat' dir='ltr'><strong><em>sunt</em></strong></span> <span class='ocrx_word' id='word_1_363' title='bbox 3404 1737 3660 1792; x_wconf 87' lang='lat' dir='ltr'><strong><em>Orienta-</em></strong></span> 
     </span>
    </p>
   </div>
   <div class='ocr_carea' id='block_1_59' title="bbox 2103 1826 3664 1904">
    <p class='ocr_par' dir='ltr' id='par_1_59' title="bbox 2103 1826 3664 1904">
     <span class='ocr_line' id='line_1_59' title="bbox 2103 1826 3664 1904; baseline -0.014 -7"><span class='ocrx_word' id='word_1_364' title='bbox 2103 1845 2202 1904; x_wconf 85' lang='lat' dir='ltr'><strong><em>les,</em></strong></span> <span class='ocrx_word' id='word_1_365' title='bbox 2248 1841 2476 1894; x_wconf 83' lang='lat' dir='ltr'><strong><em>Romani</em></strong></span> <span class='ocrx_word' id='word_1_366' title='bbox 2531 1852 2659 1891; x_wconf 87' lang='lat' dir='ltr'><strong><em>vero</em></strong></span> <span class='ocrx_word' id='word_1_367' title='bbox 2717 1833 3116 1892; x_wconf 82' lang='lat' dir='ltr'><strong><em>Occidentales,</em></strong></span> <span class='ocrx_word' id='word_1_368' title='bbox 3165 1830 3255 1897; x_wconf 88' lang='lat' dir='ltr'><strong><em>qui</em></strong></span> <span class='ocrx_word' id='word_1_369' title='bbox 3303 1842 3398 1896; x_wconf 88' lang='lat' dir='ltr'><strong><em>per</em></strong></span> <span class='ocrx_word' id='word_1_370' title='bbox 3449 1826 3664 1893; x_wconf 86' lang='lat' dir='ltr'><strong><em>aliquod</em></strong></span> 
     </span>
    </p>
   </div>
   <div class='ocr_carea' id='block_1_60' title="bbox 2106 1912 3656 1997">
    <p class='ocr_par' dir='ltr' id='par_1_60' title="bbox 2106 1912 3656 1997">
     <span class='ocr_line' id='line_1_60' title="bbox 2106 1912 3656 1997; baseline -0.013 -15"><span class='ocrx_word' id='word_1_371' title='bbox 2106 1941 2321 1997; x_wconf 87' lang='lat' dir='ltr'><strong><em>tempus</em></strong></span> <span class='ocrx_word' id='word_1_372' title='bbox 2347 1931 2638 1982; x_wconf 86' lang='lat' dir='ltr'><strong><em>cessarunt</em></strong></span> <span class='ocrx_word' id='word_1_373' title='bbox 2667 1929 2889 1991; x_wconf 88' lang='lat' dir='ltr'><strong><em>propter</em></strong></span> <span class='ocrx_word' id='word_1_374' title='bbox 2924 1918 3220 1972; x_wconf 82' lang='lat' dir='ltr'><strong><em>Gothorum</em></strong></span> <span class='ocrx_word' id='word_1_375' title='bbox 3253 1912 3570 1973; x_wconf 82' lang='lat' dir='ltr'><strong><em>adventum,</em></strong></span> <span class='ocrx_word' id='word_1_376' title='bbox 3603 1918 3656 1963; x_wconf 88' lang='lat' dir='ltr'><strong><em>et</em></strong></span> 
     </span>
    </p>
   </div>
   <div class='ocr_carea' id='block_1_61' title="bbox 2105 2003 3663 2089">
    <p class='ocr_par' dir='ltr' id='par_1_61' title="bbox 2105 2003 3663 2089">
     <span class='ocr_line' id='line_1_61' title="bbox 2105 2003 3663 2089; baseline -0.013 -14"><span class='ocrx_word' id='word_1_377' title='bbox 2105 2021 2395 2089; x_wconf 89' lang='lat' dir='ltr'><strong><em>imperium</em></strong></span> <span class='ocrx_word' id='word_1_378' title='bbox 2440 2020 2491 2070; x_wconf 88' lang='lat' dir='ltr'><strong><em>in</em></strong></span> <span class='ocrx_word' id='word_1_379' title='bbox 2538 2015 2768 2070; x_wconf 84' lang='lat' dir='ltr'><strong><em>Galliam</em></strong></span> <span class='ocrx_word' id='word_1_380' title='bbox 2804 2013 2903 2064; x_wconf 82' lang='lat' dir='ltr'><strong><em>fuit</em></strong></span> <span class='ocrx_word' id='word_1_381' title='bbox 2933 2010 3168 2064; x_wconf 77' lang='lat' dir='ltr'><strong><em>delatum</em></strong></span> <span class='ocrx_word' id='word_1_382' title='bbox 3203 2004 3398 2061; x_wconf 88' lang='lat' dir='ltr'><strong><em>Carolo</em></strong></span> <span class='ocrx_word' id='word_1_383' title='bbox 3433 2003 3663 2072; x_wconf 81' lang='lat' dir='ltr'><strong><em>Magno;</em></strong></span> 
     </span>
    </p>
   </div>
   <div class='ocr_carea' id='block_1_62' title="bbox 2105 2094 3667 2178">
    <p class='ocr_par' dir='ltr' id='par_1_62' title="bbox 2105 2094 3667 2178">
     <span class='ocr_line' id='line_1_62' title="bbox 2105 2094 3667 2178; baseline -0.014 -12"><span class='ocrx_word' id='word_1_384' title='bbox 2105 2122 2160 2166; x_wconf 83' lang='lat' dir='ltr'><strong><em>et</em></strong></span> <span class='ocrx_word' id='word_1_385' title='bbox 2206 2113 2286 2166; x_wconf 91' lang='lat' dir='ltr'><strong><em>sic</em></strong></span> <span class='ocrx_word' id='word_1_386' title='bbox 2337 2123 2511 2178; x_wconf 88' lang='lat' dir='ltr'><strong><em>usque</em></strong></span> <span class='ocrx_word' id='word_1_387' title='bbox 2564 2105 2628 2160; x_wconf 85' lang='lat' dir='ltr'><strong><em>ad</em></strong></span> <span class='ocrx_word' id='word_1_388' title='bbox 2686 2104 2937 2158; x_wconf 82' lang='lat' dir='ltr'><strong><em>Carolum</em></strong></span> <span class='ocrx_word' id='word_1_389' title='bbox 2987 2100 3236 2168; x_wconf 78' lang='lat' dir='ltr'><strong><em>Magnum</em></strong></span> <span class='ocrx_word' id='word_1_390' title='bbox 3281 2095 3565 2163; x_wconf 77' lang='lat' dir='ltr'><strong><em>imperavit</em></strong></span> <span class='ocrx_word' id='word_1_391' title='bbox 3613 2094 3667 2145; x_wconf 90' lang='lat' dir='ltr'><strong><em>in</em></strong></span> 
     </span>
    </p>
   </div>
   <div class='ocr_carea' id='block_1_63' title="bbox 2107 2181 3661 2262">
    <p class='ocr_par' dir='ltr' id='par_1_63' title="bbox 2107 2181 3661 2262">
     <span class='ocr_line' id='line_1_63' title="bbox 2107 2181 3661 2262; baseline -0.015 -7"><span class='ocrx_word' id='word_1_392' title='bbox 2107 2200 2380 2255; x_wconf 87' lang='lat' dir='ltr'><strong><em>Orientem</em></strong></span> <span class='ocrx_word' id='word_1_393' title='bbox 2401 2205 2520 2262; x_wconf 89' lang='lat' dir='ltr'><strong><em>post</em></strong></span> <span class='ocrx_word' id='word_1_394' title='bbox 2538 2193 2900 2248; x_wconf 81' lang='lat' dir='ltr'><strong><em>Theodosium</em></strong></span> <span class='ocrx_word' id='word_1_395' title='bbox 2927 2188 3196 2257; x_wconf 75' lang='lat' dir='ltr'><strong><em>iuniorem</em></strong></span> <span class='ocrx_word' id='word_1_396' title='bbox 3211 2181 3661 2248; x_wconf 49' lang='lat' dir='ltr'><strong><em>{Valentinianum</em></strong></span> 
     </span>
    </p>
   </div>
   <div class='ocr_carea' id='block_1_64' title="bbox 2110 2269 3668 2347">
    <p class='ocr_par' dir='ltr' id='par_1_64' title="bbox 2110 2269 3668 2347">
     <span class='ocr_line' id='line_1_64' title="bbox 2110 2269 3668 2347; baseline -0.019 0"><span class='ocrx_word' id='word_1_397' title='bbox 2110 2295 2304 2347; x_wconf 87' lang='lat' dir='ltr'><strong><em>tertius</em></strong></span> <span class='ocrx_word' id='word_1_398' title='bbox 2331 2289 2528 2343; x_wconf 89' lang='lat' dir='ltr'><strong><em>deinde</em></strong></span> <span class='ocrx_word' id='word_1_399' title='bbox 2566 2285 2786 2338; x_wconf 80' lang='lat' dir='ltr'><strong><em>Flavius</em></strong></span> <span class='ocrx_word' id='word_1_400' title='bbox 2822 2278 3070 2333; x_wconf 84' lang='lat' dir='ltr'><strong><em>Valerius</em></strong></span> <span class='ocrx_word' id='word_1_401' title='bbox 3110 2274 3427 2331; x_wconf 75' lang='lat' dir='ltr'><strong><em>Martianus,</em></strong></span> <span class='ocrx_word' id='word_1_402' title='bbox 3468 2269 3520 2320; x_wconf 92' lang='lat' dir='ltr'><strong><em>in</em></strong></span> <span class='ocrx_word' id='word_1_403' title='bbox 3561 2283 3668 2335; x_wconf 88' lang='lat' dir='ltr'><strong><em>quo</em></strong></span> 
     </span>
    </p>
   </div>
   <div class='ocr_carea' id='block_1_65' title="bbox 2109 2363 3666 2452">
    <p class='ocr_par' dir='ltr' id='par_1_65' title="bbox 2109 2363 3666 2452">
     <span class='ocr_line' id='line_1_65' title="bbox 2109 2363 3666 2452; baseline -0.019 -14"><span class='ocrx_word' id='word_1_404' title='bbox 2109 2383 2269 2438; x_wconf 89' lang='lat' dir='ltr'><strong><em>desiit</em></strong></span> <span class='ocrx_word' id='word_1_405' title='bbox 2291 2381 2591 2452; x_wconf 85' lang='lat' dir='ltr'><strong><em>imperium</em></strong></span> <span class='ocrx_word' id='word_1_406' title='bbox 2615 2374 2745 2434; x_wconf 84' lang='lat' dir='ltr'><strong><em>CP.,</em></strong></span> <span class='ocrx_word' id='word_1_407' title='bbox 2770 2373 2898 2439; x_wconf 88' lang='lat' dir='ltr'><strong><em>quia</em></strong></span> <span class='ocrx_word' id='word_1_408' title='bbox 2940 2377 3058 2435; x_wconf 90' lang='lat' dir='ltr'><strong><em>post</em></strong></span> <span class='ocrx_word' id='word_1_409' title='bbox 3095 2363 3420 2416; x_wconf 78' lang='lat' dir='ltr'><strong><em>Martianum</em></strong></span> <span class='ocrx_word' id='word_1_410' title='bbox 3457 2365 3666 2411; x_wconf 84' lang='lat' dir='ltr'><strong><em>creatus</em></strong></span> 
     </span>
    </p>
   </div>
   <div class='ocr_carea' id='block_1_66' title="bbox 2108 2445 3666 2534">
    <p class='ocr_par' dir='ltr' id='par_1_66' title="bbox 2108 2445 3666 2534">
     <span class='ocr_line' id='line_1_66' title="bbox 2108 2445 3666 2534; baseline -0.018 -8"><span class='ocrx_word' id='word_1_411' title='bbox 2108 2481 2188 2527; x_wconf 91' lang='lat' dir='ltr'><strong><em>est</em></strong></span> <span class='ocrx_word' id='word_1_412' title='bbox 2238 2449 2348 2522; x_wconf 84' lang='lat' dir='ltr'><strong><em>Leo</em></strong></span> <span class='ocrx_word' id='word_1_413' title='bbox 2380 2445 2618 2534; x_wconf 41' lang='lat' dir='ltr'><strong><em>_primus</em></strong></span> <span class='ocrx_word' id='word_1_414' title='bbox 2666 2461 2734 2513; x_wconf 90' lang='lat' dir='ltr'><strong><em>de</em></strong></span> <span class='ocrx_word' id='word_1_415' title='bbox 2785 2460 2953 2524; x_wconf 87' lang='lat' dir='ltr'><strong><em>stirpe</em></strong></span> <span class='ocrx_word' id='word_1_416' title='bbox 2987 2454 3207 2516; x_wconf 64' lang='lat' dir='ltr'><strong><em>Graeca;</em></strong></span> <span class='ocrx_word' id='word_1_417' title='bbox 3258 2450 3402 2504; x_wconf 87' lang='lat' dir='ltr'><strong><em>unde.</em></strong></span> <span class='ocrx_word' id='word_1_418' title='bbox 3441 2445 3666 2501; x_wconf 86' lang='lat' dir='ltr'><strong><em>mutatio</em></strong></span> 
     </span>
    </p>
   </div>
   <div class='ocr_carea' id='block_1_67' title="bbox 2109 2537 3665 2628">
    <p class='ocr_par' dir='ltr' id='par_1_67' title="bbox 2109 2537 3665 2628">
     <span class='ocr_line' id='line_1_67' title="bbox 2109 2537 3665 2628; baseline -0.017 -15"><span class='ocrx_word' id='word_1_419' title='bbox 2109 2563 2495 2628; x_wconf 87' lang='lat' dir='ltr'><strong><em>imperatorum</em></strong></span> <span class='ocrx_word' id='word_1_420' title='bbox 2527 2549 2882 2607; x_wconf 85' lang='lat' dir='ltr'><strong><em>Orientalium</em></strong></span> <span class='ocrx_word' id='word_1_421' title='bbox 2914 2546 3278 2598; x_wconf 79' lang='lat' dir='ltr'><strong><em>Romanorum</em></strong></span> <span class='ocrx_word' id='word_1_422' title='bbox 3303 2540 3357 2592; x_wconf 86' lang='lat' dir='ltr'><strong><em>in</em></strong></span> <span class='ocrx_word' id='word_1_423' title='bbox 3399 2537 3665 2591; x_wconf 82' lang='lat' dir='ltr'><strong><em>Martiano</em></strong></span> 
     </span>
    </p>
   </div>
   <div class='ocr_carea' id='block_1_68' title="bbox 2107 2625 3666 2713">
    <p class='ocr_par' dir='ltr' id='par_1_68' title="bbox 2107 2625 3666 2713">
     <span class='ocr_line' id='line_1_68' title="bbox 2107 2625 3666 2713; baseline -0.015 -12"><span class='ocrx_word' id='word_1_424' title='bbox 2107 2625 2290 2709; x_wconf 79' lang='lat' dir='ltr'><strong><em>desiit,</em></strong></span> <span class='ocrx_word' id='word_1_425' title='bbox 2319 2653 2373 2698; x_wconf 90' lang='lat' dir='ltr'><strong><em>et</em></strong></span> <span class='ocrx_word' id='word_1_426' title='bbox 2397 2645 2498 2697; x_wconf 85' lang='lat' dir='ltr'><strong><em>hoc</em></strong></span> <span class='ocrx_word' id='word_1_427' title='bbox 2529 2650 2692 2713; x_wconf 88' lang='lat' dir='ltr'><strong><em>pacto</em></strong></span> <span class='ocrx_word' id='word_1_428' title='bbox 2727 2639 2894 2705; x_wconf 66' lang='lat' dir='ltr'><strong><em>erepit</em></strong></span> <span class='ocrx_word' id='word_1_429' title='bbox 2921 2634 3078 2689; x_wconf 89' lang='lat' dir='ltr'><strong><em>tertia</em></strong></span> <span class='ocrx_word' id='word_1_430' title='bbox 3107 2628 3337 2684; x_wconf 88' lang='lat' dir='ltr'><strong><em>mutatio</em></strong></span> <span class='ocrx_word' id='word_1_431' title='bbox 3370 2625 3666 2695; x_wconf 66' lang='lat' dir='ltr'><strong><em>iuniperialis</em></strong></span> 
     </span>
    </p>
   </div>
   <div class='ocr_carea' id='block_1_69' title="bbox 2112 2717 3669 2802">
    <p class='ocr_par' dir='ltr' id='par_1_69' title="bbox 2112 2717 3669 2802">
     <span class='ocr_line' id='line_1_69' title="bbox 2112 2717 3669 2802; baseline -0.015 -11"><span class='ocrx_word' id='word_1_432' title='bbox 2112 2739 2164 2791; x_wconf 87' lang='lat' dir='ltr'><strong><em>in</em></strong></span> <span class='ocrx_word' id='word_1_433' title='bbox 2224 2734 2415 2789; x_wconf 66' lang='lat' dir='ltr'><strong><em>Graeco</em></strong></span> <span class='ocrx_word' id='word_1_434' title='bbox 2465 2731 2731 2802; x_wconf 83' lang='lat' dir='ltr'><strong><em>sanguine</em></strong></span> <span class='ocrx_word' id='word_1_435' title='bbox 2782 2727 2926 2781; x_wconf 86' lang='lat' dir='ltr'><strong><em>circa</em></strong></span> <span class='ocrx_word' id='word_1_436' title='bbox 2973 2739 3170 2779; x_wconf 90' lang='lat' dir='ltr'><strong><em>annum</em></strong></span> <span class='ocrx_word' id='word_1_437' title='bbox 3213 2717 3669 2790; x_wconf 79' lang='lat' dir='ltr'><strong><em>quadringentesi-</em></strong></span> 
     </span>
    </p>
   </div>
   <div class='ocr_carea' id='block_1_70' title="bbox 2113 2804 3667 2890">
    <p class='ocr_par' dir='ltr' id='par_1_70' title="bbox 2113 2804 3667 2890">
     <span class='ocr_line' id='line_1_70' title="bbox 2113 2804 3667 2890; baseline -0.015 -12"><span class='ocrx_word' id='word_1_438' title='bbox 2113 2835 2258 2878; x_wconf 83' lang='lat' dir='ltr'><strong><em>mum</em></strong></span> <span class='ocrx_word' id='word_1_439' title='bbox 2303 2822 2702 2890; x_wconf 77' lang='lat' dir='ltr'><strong><em>sexagesimum</em></strong></span> <span class='ocrx_word' id='word_1_440' title='bbox 2747 2817 2800 2870; x_wconf 91' lang='lat' dir='ltr'><strong><em>in</em></strong></span> <span class='ocrx_word' id='word_1_441' title='bbox 2833 2815 3012 2869; x_wconf 86' lang='lat' dir='ltr'><strong><em>Leone</em></strong></span> <span class='ocrx_word' id='word_1_442' title='bbox 3041 2812 3238 2881; x_wconf 90' lang='lat' dir='ltr'><strong><em>primo,</em></strong></span> <span class='ocrx_word' id='word_1_443' title='bbox 3274 2817 3329 2861; x_wconf 93' lang='lat' dir='ltr'><strong><em>et</em></strong></span> <span class='ocrx_word' id='word_1_444' title='bbox 3357 2808 3434 2861; x_wconf 88' lang='lat' dir='ltr'><strong><em>sic</em></strong></span> <span class='ocrx_word' id='word_1_445' title='bbox 3459 2821 3551 2874; x_wconf 91' lang='lat' dir='ltr'><strong><em>per</em></strong></span> <span class='ocrx_word' id='word_1_446' title='bbox 3589 2804 3667 2856; x_wconf 77' lang='lat' dir='ltr'><strong><em>vi-</em></strong></span> 
     </span>
    </p>
   </div>
   <div class='ocr_carea' id='block_1_71' title="bbox 2111 2894 3668 2984">
    <p class='ocr_par' dir='ltr' id='par_1_71' title="bbox 2111 2894 3668 2984">
     <span class='ocr_line' id='line_1_71' title="bbox 2111 2894 3668 2984; baseline -0.016 -16"><span class='ocrx_word' id='word_1_447' title='bbox 2111 2914 2244 2984; x_wconf 87' lang='lat' dir='ltr'><strong><em>ginti</em></strong></span> <span class='ocrx_word' id='word_1_448' title='bbox 2276 2913 2517 2983; x_wconf 85' lang='lat' dir='ltr'><strong><em>quinque</em></strong></span> <span class='ocrx_word' id='word_1_449' title='bbox 2568 2911 2924 2978; x_wconf 85' lang='lat' dir='ltr'><strong><em>imperatores</em></strong></span> <span class='ocrx_word' id='word_1_450' title='bbox 2971 2904 3027 2956; x_wconf 91' lang='lat' dir='ltr'><strong><em>in</em></strong></span> <span class='ocrx_word' id='word_1_451' title='bbox 3088 2897 3414 2968; x_wconf 86' lang='lat' dir='ltr'><strong><em>Nicephoro.</em></strong></span> <span class='ocrx_word' id='word_1_452' title='bbox 3471 2894 3524 2947; x_wconf 89' lang='lat' dir='ltr'><strong><em>id</em></strong></span> <span class='ocrx_word' id='word_1_453' title='bbox 3567 2901 3668 2954; x_wconf 89' lang='lat' dir='ltr'><strong><em>est,</em></strong></span> 
     </span>
    </p>
   </div>
   <div class='ocr_carea' id='block_1_72' title="bbox 2117 2986 3668 3078">
    <p class='ocr_par' dir='ltr' id='par_1_72' title="bbox 2117 2986 3668 3078">
     <span class='ocr_line' id='line_1_72' title="bbox 2117 2986 3668 3078; baseline -0.019 -16"><span class='ocrx_word' id='word_1_454' title='bbox 2117 3015 2241 3078; x_wconf 83' lang='lat' dir='ltr'><strong><em>post</em></strong></span> <span class='ocrx_word' id='word_1_455' title='bbox 2267 3002 2480 3071; x_wconf 78' lang='lat' dir='ltr'><strong><em>imperii</em></strong></span> <span class='ocrx_word' id='word_1_456' title='bbox 2507 2998 2922 3052; x_wconf 78' lang='lat' dir='ltr'><strong><em>translationem</em></strong></span> <span class='ocrx_word' id='word_1_457' title='bbox 2955 2989 3022 3047; x_wconf 85' lang='lat' dir='ltr'><strong><em>in</em></strong></span> <span class='ocrx_word' id='word_1_458' title='bbox 3061 2991 3325 3050; x_wconf 83' lang='lat' dir='ltr'><strong><em>Galliam;</em></strong></span> <span class='ocrx_word' id='word_1_459' title='bbox 3361 2986 3455 3040; x_wconf 83' lang='lat' dir='ltr'><strong><em>sed</em></strong></span> <span class='ocrx_word' id='word_1_460' title='bbox 3489 2992 3668 3038; x_wconf 87' lang='lat' dir='ltr'><strong><em>secuta</em></strong></span> 
     </span>
    </p>
   </div>
   <div class='ocr_carea' id='block_1_73' title="bbox 2117 3071 3672 3158">
    <p class='ocr_par' dir='ltr' id='par_1_73' title="bbox 2117 3071 3672 3158">
     <span class='ocr_line' id='line_1_73' title="bbox 2117 3071 3672 3158; baseline -0.018 -8"><span class='ocrx_word' id='word_1_461' title='bbox 2117 3071 2200 3151; x_wconf 81' lang='lat' dir='ltr'><strong><em>est</em></strong></span> <span class='ocrx_word' id='word_1_462' title='bbox 2243 3096 2403 3148; x_wconf 86' lang='lat' dir='ltr'><strong><em>etiam</em></strong></span> <span class='ocrx_word' id='word_1_463' title='bbox 2457 3101 2588 3158; x_wconf 82' lang='lat' dir='ltr'><strong><em>post</em></strong></span> <span class='ocrx_word' id='word_1_464' title='bbox 2628 3084 2984 3153; x_wconf 74' lang='lat' dir='ltr'><strong><em>Nicephorum</em></strong></span> <span class='ocrx_word' id='word_1_465' title='bbox 3029 3080 3189 3132; x_wconf 87' lang='lat' dir='ltr'><strong><em>tertia</em></strong></span> <span class='ocrx_word' id='word_1_466' title='bbox 3240 3077 3352 3128; x_wconf 71' lang='lat' dir='ltr'><strong><em>haec</em></strong></span> <span class='ocrx_word' id='word_1_467' title='bbox 3383 3071 3672 3140; x_wconf 88' lang='lat' dir='ltr'><strong><em>imperialis</em></strong></span> 
     </span>
    </p>
   </div>
   <div class='ocr_carea' id='block_1_74' title="bbox 2115 3162 3674 3246">
    <p class='ocr_par' dir='ltr' id='par_1_74' title="bbox 2115 3162 3674 3246">
     <span class='ocr_line' id='line_1_74' title="bbox 2115 3162 3674 3246; baseline -0.019 -4"><span class='ocrx_word' id='word_1_468' title='bbox 2115 3189 2300 3242; x_wconf 70' lang='lat' dir='ltr'><strong><em>Gra-‘ca</em></strong></span> <span class='ocrx_word' id='word_1_469' title='bbox 2328 3182 2557 3237; x_wconf 90' lang='lat' dir='ltr'><strong><em>mutatio</em></strong></span> <span class='ocrx_word' id='word_1_470' title='bbox 2597 3191 2771 3246; x_wconf 88' lang='lat' dir='ltr'><strong><em>usque</em></strong></span> <span class='ocrx_word' id='word_1_471' title='bbox 2795 3174 2861 3229; x_wconf 91' lang='lat' dir='ltr'><strong><em>ad</em></strong></span> <span class='ocrx_word' id='word_1_472' title='bbox 2889 3170 3211 3227; x_wconf 82' lang='lat' dir='ltr'><strong><em>Murciiilum</em></strong></span> <span class='ocrx_word' id='word_1_473' title='bbox 3232 3165 3554 3237; x_wconf 84' lang='lat' dir='ltr'><strong><em>(secundum</em></strong></span> <span class='ocrx_word' id='word_1_474' title='bbox 3580 3162 3674 3215; x_wconf 86' lang='lat' dir='ltr'><strong><em>ali-</em></strong></span> 
     </span>
    </p>
   </div>
   <div class='ocr_carea' id='block_1_75' title="bbox 2118 3253 3675 3342">
    <p class='ocr_par' dir='ltr' id='par_1_75' title="bbox 2118 3253 3675 3342">
     <span class='ocr_line' id='line_1_75' title="bbox 2118 3253 3675 3342; baseline -0.017 -15"><span class='ocrx_word' id='word_1_475' title='bbox 2118 3277 2281 3342; x_wconf 87' lang='lat' dir='ltr'><strong><em>quos)</em></strong></span> <span class='ocrx_word' id='word_1_476' title='bbox 2315 3269 2712 3340; x_wconf 75' lang='lat' dir='ltr'><strong><em>sexagesimum</em></strong></span> <span class='ocrx_word' id='word_1_477' title='bbox 2747 3266 3126 3333; x_wconf 87' lang='lat' dir='ltr'><strong><em>imperatorem</em></strong></span> <span class='ocrx_word' id='word_1_478' title='bbox 3156 3255 3323 3323; x_wconf 86' lang='lat' dir='ltr'><strong><em>hujus</em></strong></span> <span class='ocrx_word' id='word_1_479' title='bbox 3355 3253 3527 3306; x_wconf 73' lang='lat' dir='ltr'><strong><em>tertiae</em></strong></span> <span class='ocrx_word' id='word_1_480' title='bbox 3559 3265 3675 3302; x_wconf 87' lang='lat' dir='ltr'><strong><em>mu-</em></strong></span> 
     </span>
    </p>
   </div>
   <div class='ocr_carea' id='block_1_76' title="bbox 2115 3337 3673 3423">
    <p class='ocr_par' dir='ltr' id='par_1_76' title="bbox 2115 3337 3673 3423">
     <span class='ocr_line' id='line_1_76' title="bbox 2115 3337 3673 3423; baseline -0.013 -11"><span class='ocrx_word' id='word_1_481' title='bbox 2115 3337 2340 3413; x_wconf 81' lang='lat' dir='ltr'><strong><em>tationis</em></strong></span> <span class='ocrx_word' id='word_1_482' title='bbox 2369 3362 2423 3410; x_wconf 88' lang='lat' dir='ltr'><strong><em>in</em></strong></span> <span class='ocrx_word' id='word_1_483' title='bbox 2454 3337 2720 3423; x_wconf 77' lang='lat' dir='ltr'><strong><em>sanguine</em></strong></span> <span class='ocrx_word' id='word_1_484' title='bbox 2745 3353 2954 3414; x_wconf 66' lang='lat' dir='ltr'><strong><em>Graeco,</em></strong></span> <span class='ocrx_word' id='word_1_485' title='bbox 2987 3356 3042 3403; x_wconf 90' lang='lat' dir='ltr'><strong><em>et</em></strong></span> <span class='ocrx_word' id='word_1_486' title='bbox 3064 3347 3120 3400; x_wconf 84' lang='lat' dir='ltr'><strong><em>in</em></strong></span> <span class='ocrx_word' id='word_1_487' title='bbox 3151 3346 3268 3414; x_wconf 88' lang='lat' dir='ltr'><strong><em>ipso</em></strong></span> <span class='ocrx_word' id='word_1_488' title='bbox 3301 3341 3464 3395; x_wconf 85' lang='lat' dir='ltr'><strong><em>desiit</em></strong></span> <span class='ocrx_word' id='word_1_489' title='bbox 3493 3337 3673 3406; x_wconf 86' lang='lat' dir='ltr'><strong><em>stirpis</em></strong></span> 
     </span>
    </p>
   </div>
   <div class='ocr_carea' id='block_1_77' title="bbox 2114 3428 3675 3511">
    <p class='ocr_par' dir='ltr' id='par_1_77' title="bbox 2114 3428 3675 3511">
     <span class='ocr_line' id='line_1_77' title="bbox 2114 3428 3675 3511; baseline -0.015 -9"><span class='ocrx_word' id='word_1_490' title='bbox 2114 3449 2313 3502; x_wconf 66' lang='lat' dir='ltr'><strong><em>Graecae</em></strong></span> <span class='ocrx_word' id='word_1_491' title='bbox 2347 3443 2635 3511; x_wconf 81' lang='lat' dir='ltr'><strong><em>imperium</em></strong></span> <span class='ocrx_word' id='word_1_492' title='bbox 2663 3458 2676 3504; x_wconf 91' lang='lat'>;</span> <span class='ocrx_word' id='word_1_493' title='bbox 2707 3442 2852 3493; x_wconf 89' lang='lat' dir='ltr'><strong><em>unde</em></strong></span> <span class='ocrx_word' id='word_1_494' title='bbox 2880 3441 3168 3505; x_wconf 85' lang='lat' dir='ltr'><strong><em>hucusque</em></strong></span> <span class='ocrx_word' id='word_1_495' title='bbox 3217 3430 3531 3488; x_wconf 87' lang='lat' dir='ltr'><strong><em>ostenditur</em></strong></span> <span class='ocrx_word' id='word_1_496' title='bbox 3575 3428 3675 3481; x_wconf 90' lang='lat' dir='ltr'><strong><em>im-</em></strong></span> 
     </span>
    </p>
   </div>
   <div class='ocr_carea' id='block_1_78' title="bbox 2117 3523 3677 3608">
    <p class='ocr_par' dir='ltr' id='par_1_78' title="bbox 2117 3523 3677 3608">
     <span class='ocr_line' id='line_1_78' title="bbox 2117 3523 3677 3608; baseline -0.015 -18"><span class='ocrx_word' id='word_1_497' title='bbox 2117 3538 2322 3608; x_wconf 89' lang='lat' dir='ltr'><strong><em>perium</em></strong></span> <span class='ocrx_word' id='word_1_498' title='bbox 2347 3529 2728 3585; x_wconf 71' lang='lat' dir='ltr'><strong><em>Graecumsub</em></strong></span> <span class='ocrx_word' id='word_1_499' title='bbox 2761 3528 2927 3594; x_wconf 72' lang='lat' dir='ltr'><strong><em>figura</em></strong></span> <span class='ocrx_word' id='word_1_500' title='bbox 2972 3525 3242 3590; x_wconf 85' lang='lat' dir='ltr'><strong><em>serpentis</em></strong></span> <span class='ocrx_word' id='word_1_501' title='bbox 3287 3523 3364 3589; x_wconf 93' lang='lat' dir='ltr'><strong><em>(et</em></strong></span> <span class='ocrx_word' id='word_1_502' title='bbox 3419 3526 3677 3587; x_wconf 79' lang='lat' dir='ltr'><strong><em>quantum</em></strong></span> 
     </span>
    </p>
   </div>
   <div class='ocr_carea' id='block_1_79' title="bbox 2117 3605 3680 3690">
    <p class='ocr_par' dir='ltr' id='par_1_79' title="bbox 2117 3605 3680 3690">
     <span class='ocr_line' id='line_1_79' title="bbox 2117 3605 3680 3690; baseline -0.017 -8"><span class='ocrx_word' id='word_1_503' title='bbox 2117 3605 2234 3682; x_wconf 82' lang='lat' dir='ltr'><strong><em>erat</em></strong></span> <span class='ocrx_word' id='word_1_504' title='bbox 2273 3619 2620 3690; x_wconf 89' lang='lat' dir='ltr'><strong><em>duraturum)</em></strong></span> <span class='ocrx_word' id='word_1_505' title='bbox 2676 3617 2770 3686; x_wconf 91' lang='lat' dir='ltr'><strong><em>qui</em></strong></span> <span class='ocrx_word' id='word_1_506' title='bbox 2814 3631 2843 3667; x_wconf 87' lang='lat' dir='ltr'><strong><em>a</em></strong></span> <span class='ocrx_word' id='word_1_507' title='bbox 2883 3612 3096 3666; x_wconf 86' lang='lat' dir='ltr'><strong><em>duobus</em></strong></span> <span class='ocrx_word' id='word_1_508' title='bbox 3126 3605 3460 3662; x_wconf 72' lang='lat' dir='ltr'><strong><em>volatilibus</em></strong></span> <span class='ocrx_word' id='word_1_509' title='bbox 3508 3619 3680 3660; x_wconf 66' lang='lat' dir='ltr'><strong><em>cacus</em></strong></span> 
     </span>
    </p>
   </div>
   <div class='ocr_carea' id='block_1_80' title="bbox 2119 3694 3681 3777">
    <p class='ocr_par' dir='ltr' id='par_1_80' title="bbox 2119 3694 3681 3777">
     <span class='ocr_line' id='line_1_80' title="bbox 2119 3694 3681 3777; baseline -0.017 -6"><span class='ocrx_word' id='word_1_510' title='bbox 2119 3716 2384 3772; x_wconf 84' lang='lat' dir='ltr'><strong><em>redditur.</em></strong></span> <span class='ocrx_word' id='word_1_511' title='bbox 2429 3714 2657 3777; x_wconf 89' lang='lat' dir='ltr'><strong><em>Propter</em></strong></span> <span class='ocrx_word' id='word_1_512' title='bbox 2712 3708 2816 3760; x_wconf 86' lang='lat' dir='ltr'><strong><em>hoc</em></strong></span> <span class='ocrx_word' id='word_1_513' title='bbox 2878 3704 3008 3756; x_wconf 89' lang='lat' dir='ltr'><strong><em>dicit</em></strong></span> <span class='ocrx_word' id='word_1_514' title='bbox 3084 3700 3431 3768; x_wconf 87' lang='lat' dir='ltr'><strong><em>Epigramma</em></strong></span> <span class='ocrx_word' id='word_1_515' title='bbox 3487 3697 3531 3747; x_wconf 69' lang='grc' dir='ltr'><em>Α</em></span> <span class='ocrx_word' id='word_1_516' title='bbox 3565 3712 3583 3748; x_wconf 90' lang='lat'><strong><em>:</em></strong></span> <span class='ocrx_word' id='word_1_517' title='bbox 3622 3694 3681 3746; x_wconf 84' lang='lat' dir='ltr'><strong><em>In</em></strong></span> 
     </span>
    </p>
   </div>
   <div class='ocr_carea' id='block_1_81' title="bbox 2121 3785 3680 3876">
    <p class='ocr_par' dir='ltr' id='par_1_81' title="bbox 2121 3785 3680 3876">
     <span class='ocr_line' id='line_1_81' title="bbox 2121 3785 3680 3876; baseline -0.017 -14"><span class='ocrx_word' id='word_1_518' title='bbox 2121 3809 2291 3864; x_wconf 84' lang='lat' dir='ltr'><strong><em>medio</em></strong></span> <span class='ocrx_word' id='word_1_519' title='bbox 2320 3786 2642 3876; x_wconf 85' lang='lat' dir='ltr'><strong><em>geminorum</em></strong></span> <span class='ocrx_word' id='word_1_520' title='bbox 2695 3811 2966 3851; x_wconf 78' lang='lat' dir='ltr'><strong><em>corvorum</em></strong></span> <span class='ocrx_word' id='word_1_521' title='bbox 3017 3802 3064 3846; x_wconf 87' lang='lat' dir='ltr'><strong><em>et</em></strong></span> <span class='ocrx_word' id='word_1_522' title='bbox 3112 3789 3406 3844; x_wconf 79' lang='lat' dir='ltr'><strong><em>volotilium</em></strong></span> <span class='ocrx_word' id='word_1_523' title='bbox 3445 3785 3680 3839; x_wconf 80' lang='lat' dir='ltr'><strong><em>absume-</em></strong></span> 
     </span>
    </p>
   </div>
   <div class='ocr_carea' id='block_1_82' title="bbox 2122 3875 3684 3968">
    <p class='ocr_par' dir='ltr' id='par_1_82' title="bbox 2122 3875 3684 3968">
     <span class='ocr_line' id='line_1_82' title="bbox 2122 3875 3684 3968; baseline -0.017 -14"><span class='ocrx_word' id='word_1_524' title='bbox 2122 3905 2195 3954; x_wconf 85' lang='lat' dir='ltr'><strong><em>ris</em></strong></span> <span class='ocrx_word' id='word_1_525' title='bbox 2223 3915 2241 3952; x_wconf 93' lang='lat'><strong><em>:</em></strong></span> <span class='ocrx_word' id='word_1_526' title='bbox 2270 3875 2429 3968; x_wconf 88' lang='lat' dir='ltr'><strong><em>quasi</em></strong></span> <span class='ocrx_word' id='word_1_527' title='bbox 2459 3894 2605 3947; x_wconf 88' lang='lat' dir='ltr'><strong><em>dicat</em></strong></span> <span class='ocrx_word' id='word_1_528' title='bbox 2635 3908 2646 3942; x_wconf 88' lang='lat'><strong>:</strong></span> <span class='ocrx_word' id='word_1_529' title='bbox 2681 3889 2724 3944; x_wconf 93' lang='lat'><strong>0</strong></span> <span class='ocrx_word' id='word_1_530' title='bbox 2761 3885 3046 3956; x_wconf 87' lang='lat' dir='ltr'><strong><em>imperium</em></strong></span> <span class='ocrx_word' id='word_1_531' title='bbox 3083 3881 3350 3944; x_wconf 60' lang='lat' dir='ltr'><strong><em>Grecam,</em></strong></span> <span class='ocrx_word' id='word_1_532' title='bbox 3385 3875 3684 3932; x_wconf 83' lang='lat' dir='ltr'><strong><em>absumeris</em></strong></span> 
     </span>
    </p>
   </div>
   <div class='ocr_carea' id='block_1_83' title="bbox 2126 3968 3683 4046">
    <p class='ocr_par' dir='ltr' id='par_1_83' title="bbox 2126 3968 3683 4046">
     <span class='ocr_line' id='line_1_83' title="bbox 2126 3968 3683 4046; baseline -0.017 -2"><span class='ocrx_word' id='word_1_533' title='bbox 2126 3993 2270 4044; x_wconf 88' lang='lat' dir='ltr'><strong><em>inter</em></strong></span> <span class='ocrx_word' id='word_1_534' title='bbox 2325 3988 2464 4039; x_wconf 85' lang='lat' dir='ltr'><strong><em>duos</em></strong></span> <span class='ocrx_word' id='word_1_535' title='bbox 2517 3997 2734 4046; x_wconf 86' lang='lat' dir='ltr'><strong><em>corvos,</em></strong></span> <span class='ocrx_word' id='word_1_536' title='bbox 2777 3987 2868 4032; x_wconf 89' lang='lat' dir='ltr'><strong><em>aut</em></strong></span> <span class='ocrx_word' id='word_1_537' title='bbox 2904 3970 3269 4036; x_wconf 80' lang='lat' dir='ltr'><strong><em>volatiles-,id</em></strong></span> <span class='ocrx_word' id='word_1_538' title='bbox 3319 3977 3425 4031; x_wconf 88' lang='lat' dir='ltr'><strong><em>est,</em></strong></span> <span class='ocrx_word' id='word_1_539' title='bbox 3472 3968 3683 4019; x_wconf 81' lang='lat' dir='ltr'><strong><em>alienos</em></strong></span> 
     </span>
    </p>
   </div>
   <div class='ocr_carea' id='block_1_84' title="bbox 2132 4052 3688 4149">
    <p class='ocr_par' dir='ltr' id='par_1_84' title="bbox 2132 4052 3688 4149">
     <span class='ocr_line' id='line_1_84' title="bbox 2132 4052 3688 4149; baseline -0.019 -19"><span class='ocrx_word' id='word_1_540' title='bbox 2132 4083 2447 4149; x_wconf 83' lang='lat' dir='ltr'><strong><em>potentatus</em></strong></span> <span class='ocrx_word' id='word_1_541' title='bbox 2479 4070 2572 4138; x_wconf 90' lang='lat' dir='ltr'><strong><em>qui</em></strong></span> <span class='ocrx_word' id='word_1_542' title='bbox 2619 4078 2672 4123; x_wconf 86' lang='lat' dir='ltr'><strong><em>te</em></strong></span> <span class='ocrx_word' id='word_1_543' title='bbox 2718 4065 3020 4135; x_wconf 82' lang='lat' dir='ltr'><strong><em>expellent;</em></strong></span> <span class='ocrx_word' id='word_1_544' title='bbox 3075 4065 3130 4113; x_wconf 92' lang='lat' dir='ltr'><strong><em>et</em></strong></span> <span class='ocrx_word' id='word_1_545' title='bbox 3177 4058 3252 4110; x_wconf 86' lang='lat' dir='ltr'><strong><em>ita</em></strong></span> <span class='ocrx_word' id='word_1_546' title='bbox 3312 4052 3545 4122; x_wconf 68' lang='lat' dir='ltr'><strong><em>Egyptii</em></strong></span> <span class='ocrx_word' id='word_1_547' title='bbox 3596 4064 3688 4120; x_wconf 90' lang='lat' dir='ltr'><strong><em>per</em></strong></span> 
     </span>
    </p>
   </div>
   <div class='ocr_carea' id='block_1_85' title="bbox 2131 4138 3687 4232">
    <p class='ocr_par' dir='ltr' id='par_1_85' title="bbox 2131 4138 3687 4232">
     <span class='ocr_line' id='line_1_85' title="bbox 2131 4138 3687 4232; baseline -0.017 -15"><span class='ocrx_word' id='word_1_548' title='bbox 2131 4138 2356 4232; x_wconf 58' lang='lat' dir='ltr'><strong><em>corvum</em></strong></span> <span class='ocrx_word' id='word_1_549' title='bbox 2417 4157 2786 4226; x_wconf 71' lang='lat' dir='ltr'><strong><em>intelligeliant</em></strong></span> <span class='ocrx_word' id='word_1_550' title='bbox 2839 4149 3094 4204; x_wconf 81' lang='lat' dir='ltr'><strong><em>infamem</em></strong></span> <span class='ocrx_word' id='word_1_551' title='bbox 3141 4141 3541 4212; x_wconf 77' lang='lat' dir='ltr'><strong><em>expulsionem,</em></strong></span> <span class='ocrx_word' id='word_1_552' title='bbox 3604 4138 3687 4191; x_wconf 79' lang='lat' dir='ltr'><strong><em>in-</em></strong></span> 
     </span>
    </p>
   </div>
   <div class='ocr_carea' id='block_1_86' title="bbox 2131 4226 3690 4325">
    <p class='ocr_par' dir='ltr' id='par_1_86' title="bbox 2131 4226 3690 4325">
     <span class='ocr_line' id='line_1_86' title="bbox 2131 4226 3690 4325; baseline -0.019 -18"><span class='ocrx_word' id='word_1_553' title='bbox 2131 4228 2269 4325; x_wconf 81' lang='lat' dir='ltr'><strong><em>quit,</em></strong></span> <span class='ocrx_word' id='word_1_554' title='bbox 2297 4249 2444 4321; x_wconf 88' lang='lat' dir='ltr'><strong><em>quod</em></strong></span> <span class='ocrx_word' id='word_1_555' title='bbox 2475 4247 2722 4317; x_wconf 79' lang='lat' dir='ltr'><strong><em>expulsio</em></strong></span> <span class='ocrx_word' id='word_1_556' title='bbox 2760 4244 2865 4298; x_wconf 89' lang='lat' dir='ltr'><strong><em>erit</em></strong></span> <span class='ocrx_word' id='word_1_557' title='bbox 2918 4241 3149 4294; x_wconf 90' lang='lat' dir='ltr'><strong><em>duorum</em></strong></span> <span class='ocrx_word' id='word_1_558' title='bbox 3178 4244 3466 4287; x_wconf 77' lang='lat' dir='ltr'><strong><em>corvorum</em></strong></span> <span class='ocrx_word' id='word_1_559' title='bbox 3493 4245 3506 4280; x_wconf 93' lang='lat'>:</span> <span class='ocrx_word' id='word_1_560' title='bbox 3533 4235 3586 4282; x_wconf 89' lang='lat' dir='ltr'><strong><em>et</em></strong></span> <span class='ocrx_word' id='word_1_561' title='bbox 3615 4226 3690 4278; x_wconf 85' lang='lat' dir='ltr'><strong><em>ita</em></strong></span> 
     </span>
    </p>
   </div>
   <div class='ocr_carea' id='block_1_87' title="bbox 2133 4315 3691 4409">
    <p class='ocr_par' dir='ltr' id='par_1_87' title="bbox 2133 4315 3691 4409">
     <span class='ocr_line' id='line_1_87' title="bbox 2133 4315 3691 4409; baseline -0.02 -10"><span class='ocrx_word' id='word_1_562' title='bbox 2133 4315 2286 4408; x_wconf 30' lang='lat' dir='ltr'><strong><em>l&#39;uuit&#39;;</em></strong></span> <span class='ocrx_word' id='word_1_563' title='bbox 2315 4315 2597 4409; x_wconf 76' lang='lat' dir='ltr'><strong><em>quoniam</em></strong></span> <span class='ocrx_word' id='word_1_564' title='bbox 2632 4335 2767 4388; x_wconf 86' lang='lat' dir='ltr'><strong><em>alter</em></strong></span> <span class='ocrx_word' id='word_1_565' title='bbox 2817 4345 3005 4385; x_wconf 90' lang='lat' dir='ltr'><strong><em>eorum</em></strong></span> <span class='ocrx_word' id='word_1_566' title='bbox 3063 4324 3164 4378; x_wconf 80' lang='lat' dir='ltr'><strong><em>fuit</em></strong></span> <span class='ocrx_word' id='word_1_567' title='bbox 3210 4318 3552 4382; x_wconf 68' lang='lat' dir='ltr'><strong><em>lurciﬂlus,</em></strong></span> <span class='ocrx_word' id='word_1_568' title='bbox 3600 4315 3691 4387; x_wconf 86' lang='lat' dir='ltr'><strong><em>qui</em></strong></span> 
     </span>
    </p>
   </div>
   <div class='ocr_carea' id='block_1_88' title="bbox 2136 4405 3694 4491">
    <p class='ocr_par' dir='ltr' id='par_1_88' title="bbox 2136 4405 3694 4491">
     <span class='ocr_line' id='line_1_88' title="bbox 2136 4405 3694 4491; baseline -0.022 -1"><span class='ocrx_word' id='word_1_569' title='bbox 2136 4434 2367 4490; x_wconf 83' lang='lat' dir='ltr'><strong><em>credens</em></strong></span> <span class='ocrx_word' id='word_1_570' title='bbox 2400 4429 2649 4484; x_wconf 66' lang='lat' dir='ltr'><strong><em>Graecum</em></strong></span> <span class='ocrx_word' id='word_1_571' title='bbox 2686 4421 2973 4491; x_wconf 88' lang='lat' dir='ltr'><strong><em>imperium</em></strong></span> <span class='ocrx_word' id='word_1_572' title='bbox 3003 4427 3294 4482; x_wconf 87' lang='lat' dir='ltr'><strong><em>occupare,</em></strong></span> <span class='ocrx_word' id='word_1_573' title='bbox 3335 4409 3578 4463; x_wconf 77' lang='lat' dir='ltr'><strong><em>Alexium</em></strong></span> <span class='ocrx_word' id='word_1_574' title='bbox 3604 4405 3694 4473; x_wconf 82' lang='lat' dir='ltr'><strong><em>ju-</em></strong></span> 
     </span>
    </p>
   </div>
   <div class='ocr_carea' id='block_1_89' title="bbox 2135 4498 3693 4588">
    <p class='ocr_par' dir='ltr' id='par_1_89' title="bbox 2135 4498 3693 4588">
     <span class='ocr_line' id='line_1_89' title="bbox 2135 4498 3693 4588; baseline -0.02 -7"><span class='ocrx_word' id='word_1_575' title='bbox 2135 4539 2327 4581; x_wconf 86' lang='lat' dir='ltr'><strong><em>venem</em></strong></span> <span class='ocrx_word' id='word_1_576' title='bbox 2410 4522 2791 4588; x_wconf 82' lang='lat' dir='ltr'><strong><em>imperatorem</em></strong></span> <span class='ocrx_word' id='word_1_577' title='bbox 2867 4509 3099 4571; x_wconf 87' lang='lat' dir='ltr'><strong><em>occidit;</em></strong></span> <span class='ocrx_word' id='word_1_578' title='bbox 3173 4501 3268 4559; x_wconf 87' lang='lat' dir='ltr'><strong><em>sed</em></strong></span> <span class='ocrx_word' id='word_1_579' title='bbox 3339 4502 3455 4572; x_wconf 85' lang='lat' dir='ltr'><strong><em>ipse</em></strong></span> <span class='ocrx_word' id='word_1_580' title='bbox 3512 4498 3693 4552; x_wconf 83' lang='lat' dir='ltr'><strong><em>statim</em></strong></span> 
     </span>
    </p>
   </div>
   <div class='ocr_carea' id='block_1_90' title="bbox 2137 4587 3693 4688">
    <p class='ocr_par' dir='ltr' id='par_1_90' title="bbox 2137 4587 3693 4688">
     <span class='ocr_line' id='line_1_90' title="bbox 2137 4587 3693 4688; baseline -0.022 -15"><span class='ocrx_word' id='word_1_581' title='bbox 2137 4627 2336 4688; x_wconf 86' lang='lat' dir='ltr'><strong><em>captus</em></strong></span> <span class='ocrx_word' id='word_1_582' title='bbox 2378 4587 2500 4666; x_wconf 13' lang='lat' dir='ltr'><strong><em>fuit,</em></strong></span> <span class='ocrx_word' id='word_1_583' title='bbox 2527 4624 2556 4661; x_wconf 91' lang='lat' dir='ltr'><strong><em>a</em></strong></span> <span class='ocrx_word' id='word_1_584' title='bbox 2585 4604 2800 4661; x_wconf 84' lang='lat' dir='ltr'><strong><em>Venetis</em></strong></span> <span class='ocrx_word' id='word_1_585' title='bbox 2824 4608 2878 4655; x_wconf 90' lang='lat' dir='ltr'><strong><em>et</em></strong></span> <span class='ocrx_word' id='word_1_586' title='bbox 2911 4597 3102 4661; x_wconf 87' lang='lat' dir='ltr'><strong><em>Gallis,</em></strong></span> <span class='ocrx_word' id='word_1_587' title='bbox 3142 4604 3197 4648; x_wconf 91' lang='lat' dir='ltr'><strong><em>et</em></strong></span> <span class='ocrx_word' id='word_1_588' title='bbox 3245 4589 3564 4662; x_wconf 79' lang='lat' dir='ltr'><strong><em>Byzantium</em></strong></span> <span class='ocrx_word' id='word_1_589' title='bbox 3595 4587 3693 4640; x_wconf 86' lang='lat' dir='ltr'><strong><em>du-</em></strong></span> 
     </span>
    </p>
   </div>
   <div class='ocr_carea' id='block_1_91' title="bbox 2137 4680 3698 4772">
    <p class='ocr_par' dir='ltr' id='par_1_91' title="bbox 2137 4680 3698 4772">
     <span class='ocr_line' id='line_1_91' title="bbox 2137 4680 3698 4772; baseline -0.022 -6"><span class='ocrx_word' id='word_1_590' title='bbox 2137 4680 2283 4772; x_wconf 78' lang='lat' dir='ltr'><strong><em>ctus,</em></strong></span> <span class='ocrx_word' id='word_1_591' title='bbox 2341 4704 2510 4758; x_wconf 83' lang='lat' dir='ltr'><strong><em>variis</em></strong></span> <span class='ocrx_word' id='word_1_592' title='bbox 2558 4694 2893 4753; x_wconf 83' lang='lat' dir='ltr'><strong><em>cruciatibus</em></strong></span> <span class='ocrx_word' id='word_1_593' title='bbox 2952 4695 3235 4750; x_wconf 87' lang='lat' dir='ltr'><strong><em>mortuus,</em></strong></span> <span class='ocrx_word' id='word_1_594' title='bbox 3292 4692 3349 4738; x_wconf 90' lang='lat' dir='ltr'><strong><em>et</em></strong></span> <span class='ocrx_word' id='word_1_595' title='bbox 3405 4680 3698 4749; x_wconf 84' lang='lat' dir='ltr'><strong><em>castigatus</em></strong></span> 
     </span>
    </p>
   </div>
   <div class='ocr_carea' id='block_1_92' title="bbox 2140 4771 3700 4852">
    <p class='ocr_par' dir='ltr' id='par_1_92' title="bbox 2140 4771 3700 4852">
     <span class='ocr_line' id='line_1_92' title="bbox 2140 4771 3700 4852; baseline -0.023 1"><span class='ocrx_word' id='word_1_596' title='bbox 2140 4771 2352 4852; x_wconf 86' lang='lat' dir='ltr'><strong><em>acerbe.</em></strong></span> <span class='ocrx_word' id='word_1_597' title='bbox 2386 4789 2492 4845; x_wconf 87' lang='lat' dir='ltr'><strong><em>Sed</em></strong></span> <span class='ocrx_word' id='word_1_598' title='bbox 2535 4784 2750 4840; x_wconf 89' lang='lat' dir='ltr'><strong><em>interim</em></strong></span> <span class='ocrx_word' id='word_1_599' title='bbox 2796 4776 2942 4848; x_wconf 89' lang='lat' dir='ltr'><strong><em>quod</em></strong></span> <span class='ocrx_word' id='word_1_600' title='bbox 2976 4772 3282 4829; x_wconf 81' lang='lat' dir='ltr'><strong><em>Murciﬁlns</em></strong></span> <span class='ocrx_word' id='word_1_601' title='bbox 3327 4771 3509 4839; x_wconf 79' lang='lat' dir='ltr'><strong><em>fugam</em></strong></span> <span class='ocrx_word' id='word_1_602' title='bbox 3544 4781 3700 4835; x_wconf 84' lang='lat' dir='ltr'><strong><em>cepe-</em></strong></span> 
     </span>
    </p>
   </div>
   <div class='ocr_carea' id='block_1_93' title="bbox 2142 4855 3703 4952">
    <p class='ocr_par' dir='ltr' id='par_1_93' title="bbox 2142 4855 3703 4952">
     <span class='ocr_line' id='line_1_93' title="bbox 2142 4855 3703 4952; baseline -0.023 -9"><span class='ocrx_word' id='word_1_603' title='bbox 2142 4897 2246 4952; x_wconf 88' lang='lat' dir='ltr'><strong><em>rat,</em></strong></span> <span class='ocrx_word' id='word_1_604' title='bbox 2278 4899 2404 4939; x_wconf 90' lang='lat' dir='ltr'><strong><em>ecce</em></strong></span> <span class='ocrx_word' id='word_1_605' title='bbox 2439 4875 2717 4935; x_wconf 86' lang='lat' dir='ltr'><strong><em>secundus</em></strong></span> <span class='ocrx_word' id='word_1_606' title='bbox 2739 4885 2963 4934; x_wconf 89' lang='lat' dir='ltr'><strong><em>corvus,</em></strong></span> <span class='ocrx_word' id='word_1_607' title='bbox 2993 4866 3049 4921; x_wconf 89' lang='lat' dir='ltr'><strong><em>id</em></strong></span> <span class='ocrx_word' id='word_1_608' title='bbox 3087 4873 3190 4929; x_wconf 86' lang='lat' dir='ltr'><strong><em>est,</em></strong></span> <span class='ocrx_word' id='word_1_609' title='bbox 3225 4861 3530 4916; x_wconf 87' lang='lat' dir='ltr'><strong><em>Balduinus</em></strong></span> <span class='ocrx_word' id='word_1_610' title='bbox 3551 4855 3703 4909; x_wconf 83' lang='lat' dir='ltr'><strong><em>Flau-</em></strong></span> 
     </span>
    </p>
   </div>
   <div class='ocr_carea' id='block_1_94' title="bbox 2144 4949 3702 5038">
    <p class='ocr_par' dir='ltr' id='par_1_94' title="bbox 2144 4949 3702 5038">
     <span class='ocr_line' id='line_1_94' title="bbox 2144 4949 3702 5038; baseline -0.023 -3"><span class='ocrx_word' id='word_1_611' title='bbox 2144 4949 2274 5036; x_wconf 68' lang='grc' dir='ltr'><strong><em>ὼ·ἰέ</em></strong></span> <span class='ocrx_word' id='word_1_612' title='bbox 2305 4987 2509 5036; x_wconf 80' lang='lat' dir='ltr'><strong><em>comes,</em></strong></span> <span class='ocrx_word' id='word_1_613' title='bbox 2560 4967 2650 5038; x_wconf 89' lang='lat' dir='ltr'><strong><em>qui</em></strong></span> <span class='ocrx_word' id='word_1_614' title='bbox 2687 4963 2991 5020; x_wconf 88' lang='lat' dir='ltr'><strong><em>dominium</em></strong></span> <span class='ocrx_word' id='word_1_615' title='bbox 3021 4967 3077 5012; x_wconf 90' lang='lat' dir='ltr'><strong><em>et</em></strong></span> <span class='ocrx_word' id='word_1_616' title='bbox 3119 4957 3306 5011; x_wconf 89' lang='lat' dir='ltr'><strong><em>urbem</em></strong></span> <span class='ocrx_word' id='word_1_617' title='bbox 3339 4955 3504 5022; x_wconf 85' lang='lat' dir='ltr'><strong><em>cepit,</em></strong></span> <span class='ocrx_word' id='word_1_618' title='bbox 3535 4959 3587 5004; x_wconf 85' lang='lat' dir='ltr'><strong><em>et</em></strong></span> <span class='ocrx_word' id='word_1_619' title='bbox 3626 4949 3702 5001; x_wconf 86' lang='lat' dir='ltr'><strong><em>sic</em></strong></span> 
     </span>
    </p>
   </div>
   <div class='ocr_carea' id='block_1_95' title="bbox 2149 5039 3637 5133">
    <p class='ocr_par' dir='ltr' id='par_1_95' title="bbox 2149 5039 3637 5133">
     <span class='ocr_line' id='line_1_95' title="bbox 2149 5039 3637 5133; baseline -0.023 -9"><span class='ocrx_word' id='word_1_620' title='bbox 2149 5071 2248 5124; x_wconf 81' lang='lat' dir='ltr'><strong><em>fuit</em></strong></span> <span class='ocrx_word' id='word_1_621' title='bbox 2278 5069 2572 5133; x_wconf 86' lang='lat' dir='ltr'><strong><em>imperator</em></strong></span> <span class='ocrx_word' id='word_1_622' title='bbox 2601 5063 2842 5117; x_wconf 84' lang='lat' dir='ltr'><strong><em>creatus,</em></strong></span> <span class='ocrx_word' id='word_1_623' title='bbox 2884 5059 2943 5105; x_wconf 90' lang='lat' dir='ltr'><strong><em>ut</em></strong></span> <span class='ocrx_word' id='word_1_624' title='bbox 2970 5049 3103 5104; x_wconf 86' lang='lat' dir='ltr'><strong><em>dicit</em></strong></span> <span class='ocrx_word' id='word_1_625' title='bbox 3130 5045 3419 5115; x_wconf 84' lang='lat' dir='ltr'><strong><em>Egnatius,</em></strong></span> <span class='ocrx_word' id='word_1_626' title='bbox 3447 5053 3500 5097; x_wconf 89' lang='lat' dir='ltr'><strong><em>et</em></strong></span> <span class='ocrx_word' id='word_1_627' title='bbox 3523 5039 3637 5093; x_wconf 82' lang='lat' dir='ltr'><strong><em>alii.</em></strong></span> 
     </span>
    </p>
   </div>
   <div class='ocr_carea' id='block_1_96' title="bbox 2478 5171 3405 5243">
    <p class='ocr_par' dir='ltr' id='par_1_96' title="bbox 2478 5171 3405 5243">
     <span class='ocr_line' id='line_1_96' title="bbox 2478 5171 3405 5243; baseline -0.016 0"><span class='ocrx_word' id='word_1_628' title='bbox 2478 5181 2976 5243; x_wconf 72' lang='lat' dir='ltr'><strong><em>EPIGRAMMATA</em></strong></span> <span class='ocrx_word' id='word_1_629' title='bbox 3015 5173 3296 5233; x_wconf 63' lang='lat' dir='ltr'><strong><em>FIGURAE</em></strong></span> <span class='ocrx_word' id='word_1_630' title='bbox 3339 5171 3405 5228; x_wconf 90' lang='lat' dir='ltr'><strong><em>ll.</em></strong></span> 
     </span>
    </p>
   </div>
   <div class='ocr_carea' id='block_1_97' title="bbox 2153 5271 3704 5374">
    <p class='ocr_par' dir='ltr' id='par_1_97' title="bbox 2153 5271 3704 5374">
     <span class='ocr_line' id='line_1_97' title="bbox 2153 5271 3704 5374; baseline -0.026 -10"><span class='ocrx_word' id='word_1_631' title='bbox 2153 5316 2213 5364; x_wconf 74' lang='grc' dir='ltr'><strong><em>Α.</em></strong></span> <span class='ocrx_word' id='word_1_632' title='bbox 2249 5305 2473 5374; x_wconf 72' lang='lat' dir='ltr'><strong><em>Duplex,</em></strong></span> <span class='ocrx_word' id='word_1_633' title='bbox 2525 5298 2731 5362; x_wconf 73' lang='lat' dir='ltr'><strong><em>triplex,</em></strong></span> <span class='ocrx_word' id='word_1_634' title='bbox 2783 5294 2971 5349; x_wconf 86' lang='lat' dir='ltr'><strong><em>etenim</em></strong></span> <span class='ocrx_word' id='word_1_635' title='bbox 2998 5291 3129 5372; x_wconf 37' lang='lat' dir='ltr'><strong><em>.avis</em></strong></span> <span class='ocrx_word' id='word_1_636' title='bbox 3172 5299 3322 5341; x_wconf 82' lang='lat' dir='ltr'><strong><em>eaues</em></strong></span> <span class='ocrx_word' id='word_1_637' title='bbox 3377 5271 3704 5345; x_wconf 72' lang='lat' dir='ltr'><strong><em>crucigeruls</em></strong></span> 
     </span>
    </p>
   </div>
   <div class='ocr_carea' id='block_1_98' title="bbox 2220 5374 3179 5441">
    <p class='ocr_par' dir='ltr' id='par_1_98' title="bbox 2220 5374 3179 5441">
     <span class='ocr_line' id='line_1_98' title="bbox 2220 5374 3179 5441; baseline -0.022 -11"><span class='ocrx_word' id='word_1_638' title='bbox 2220 5379 2327 5430; x_wconf 83' lang='lat' dir='ltr'><strong><em>uvis</em></strong></span> <span class='ocrx_word' id='word_1_639' title='bbox 2357 5385 2613 5441; x_wconf 87' lang='lat' dir='ltr'><strong><em>equusque</em></strong></span> <span class='ocrx_word' id='word_1_640' title='bbox 2647 5382 2829 5418; x_wconf 81' lang='lat' dir='ltr'><strong><em>rursus</em></strong></span> <span class='ocrx_word' id='word_1_641' title='bbox 2865 5375 3119 5428; x_wconf 77' lang='lat' dir='ltr'><strong><em>corniger.</em></strong></span> <span class='ocrx_word' id='word_1_642' title='bbox 3174 5374 3179 5378; x_wconf 74' lang='grc'><strong>”</strong></span> 
     </span>
    </p>
   </div>
   <div class='ocr_carea' id='block_1_99' title="bbox 2157 5431 3708 5522">
    <p class='ocr_par' dir='ltr' id='par_1_99' title="bbox 2157 5431 3708 5522">
     <span class='ocr_line' id='line_1_99' title="bbox 2157 5431 3708 5522; baseline -0.024 -4"><span class='ocrx_word' id='word_1_643' title='bbox 2157 5468 2214 5519; x_wconf 82' lang='grc' dir='ltr'><strong><em>Β.</em></strong></span> <span class='ocrx_word' id='word_1_644' title='bbox 2251 5464 2536 5522; x_wconf 74' lang='lat' dir='ltr'><strong><em>Maximus,</em></strong></span> <span class='ocrx_word' id='word_1_645' title='bbox 2591 5457 2866 5522; x_wconf 83' lang='lat' dir='ltr'><strong><em>aviumque</em></strong></span> <span class='ocrx_word' id='word_1_646' title='bbox 2920 5465 3012 5502; x_wconf 69' lang='lat' dir='ltr'><strong><em>res</em></strong></span> <span class='ocrx_word' id='word_1_647' title='bbox 3044 5448 3222 5522; x_wconf 70' lang='lat' dir='ltr'><strong><em>solus,</em></strong></span> <span class='ocrx_word' id='word_1_648' title='bbox 3259 5438 3343 5494; x_wconf 83' lang='lat' dir='ltr'><strong><em>hic</em></strong></span> <span class='ocrx_word' id='word_1_649' title='bbox 3382 5431 3708 5522; x_wconf 66' lang='lat' dir='ltr'><strong><em>certe__acci-</em></strong></span> 
     </span>
    </p>
   </div>
   <div class='ocr_carea' id='block_1_100' title="bbox 2229 5509 3712 5603">
    <p class='ocr_par' dir='ltr' id='par_1_100' title="bbox 2229 5509 3712 5603">
     <span class='ocr_line' id='line_1_100' title="bbox 2229 5509 3712 5603; baseline -0.02 -22"><span class='ocrx_word' id='word_1_650' title='bbox 2229 5537 2371 5603; x_wconf 81' lang='lat' dir='ltr'><strong><em>piens</em></strong></span> <span class='ocrx_word' id='word_1_651' title='bbox 2430 5509 2679 5603; x_wconf 50' lang='lat' dir='ltr'><strong><em>regnum,</em></strong></span> <span class='ocrx_word' id='word_1_652' title='bbox 2716 5541 2742 5575; x_wconf 89' lang='lat' dir='ltr'><strong><em>e</em></strong></span> <span class='ocrx_word' id='word_1_653' title='bbox 2781 5509 3090 5603; x_wconf 43' lang='lat' dir='ltr'><strong><em>ine-ridienitt</em></strong></span> <span class='ocrx_word' id='word_1_654' title='bbox 3137 5527 3265 5583; x_wconf 81' lang='lat' dir='ltr'><strong><em>equo</em></strong></span> <span class='ocrx_word' id='word_1_655' title='bbox 3307 5509 3712 5603; x_wconf 46' lang='lat' dir='ltr'><strong><em>quieter-ii</em></strong></span> 
     </span>
    </p>
   </div>
   <div class='ocr_carea' id='block_1_101' title="bbox 2230 5571 3707 5669">
    <p class='ocr_par' dir='ltr' id='par_1_101' title="bbox 2230 5571 3707 5669">
     <span class='ocr_line' id='line_1_101' title="bbox 2230 5571 3707 5669; baseline -0.024 -14"><span class='ocrx_word' id='word_1_656' title='bbox 2230 5571 2427 5669; x_wconf 61' lang='lat' dir='ltr'><strong><em>iiigero,</em></strong></span> <span class='ocrx_word' id='word_1_657' title='bbox 2477 5571 2576 5649; x_wconf 49' lang='lat' dir='ltr'><strong><em>tino</em></strong></span> <span class='ocrx_word' id='word_1_658' title='bbox 2627 5571 2731 5657; x_wconf 54' lang='lat' dir='ltr'><strong><em>d&#39;ie,</em></strong></span> <span class='ocrx_word' id='word_1_659' title='bbox 2786 5593 2955 5646; x_wconf 82' lang='lat' dir='ltr'><strong><em>sidere</em></strong></span> <span class='ocrx_word' id='word_1_660' title='bbox 2977 5571 3080 5641; x_wconf 81' lang='lat' dir='ltr'><strong><em>diei</em></strong></span> <span class='ocrx_word' id='word_1_661' title='bbox 3114 5571 3444 5652; x_wconf 52' lang='lat' dir='ltr'><strong><em>pe&#39;rcens&#39;eute</em></strong></span> <span class='ocrx_word' id='word_1_662' title='bbox 3485 5571 3707 5624; x_wconf 65' lang='lat' dir='ltr'><strong><em>medium</em></strong></span> 
     </span>
    </p>
   </div>
   <div class='ocr_carea' id='block_1_102' title="bbox 2231 5672 2355 5740">
    <p class='ocr_par' dir='ltr' id='par_1_102' title="bbox 2231 5672 2355 5740">
     <span class='ocr_line' id='line_1_102' title="bbox 2231 5672 2355 5740; baseline -0.024 -17"><span class='ocrx_word' id='word_1_663' title='bbox 2231 5672 2355 5740; x_wconf 78' lang='lat' dir='ltr'><strong><em>poli.</em></strong></span> 
     </span>
    </p>
   </div>
  </div>
