4040 6322
269 369 402 434 1161

1210 353 1732 435 oaJtCULoauu
1779 372 2050 434 LEONIS
2128 371 2551 432 EXPOSITIO.

3379 374 3509 438 1162

264 479 329 535 C.
375 478 600 553 Monade
643 479 869 546 duplicis
913 438 1310 546 appellationis,
1361 478 1475 532 sola
1519 480 1692 546 prima
1745 495 1828 530 τα·
1866 483 1912 540 Δ
1945 488 2125 536 ratore
2180 488 2305 550 post
2334 458 2653 535 Michaelem
2701 479 3064 553 Palaeologum
3107 481 3507 538 Viterbiensem

335 552 519 601 mentis
568 561 934 610 numerorum,
973 557 1178 614 postero
1199 552 1466 615 rtempore,
1505 557 1561 600 ut
1612 557 1664 602 et
1694 554 1830 599 bona

331 632 455 686 pars
493 616 1071 686 .temporisﬂexsistis,
1144 619 1358 686 quando
1408 617 1602 669 tenebis
1664 617 1832 668 crucis

334 685 617 753 imaginem
672 685 920 748 mediam,
972 692 1023 738 et
1065 685 1245 737 audax
1290 701 1454 753 quam
1499 687 1745 746 maxime,
1782 691 1833 753 et

331 751 466 808 ceter
491 770 566 816 es,
594 764 643 806 et
672 753 741 806 ad
770 754 904 806 bella
937 766 1229 822 promptus.
1269 751 1314 807 0
1345 753 1505 822 Byza:
1542 770 1721 822 genus,
1743 751 1833 808 sed

332 822 401 876 ad
436 833 727 876 extremum
757 825 966 875 occasio
993 821 1153 888 fama:
1180 821 1589 891 lucrunrfaciet.

848 907 1197 963 EXPOSITI
1207 913 1269 963 Ο.

250 1048 254 1049 κ
333 1002 530 1073 Aquila
569 1017 694 1056 cum
730 1015 894 1054 cruce
920 1015 1120 1054 novum
1157 1000 1539 1070 imperatorem
1581 1000 1828 1066 denotat,

265 1090 320 1147 id
350 1099 456 1153 est,
488 1089 810 1144 Balduinum
853 1089 1250 1158 supradictum,
1291 1090 1381 1159 qui
1431 1090 1579 1143 circa
1628 1104 1830 1143 annum

264 1180 614 1250 millesimum
662 1178 1102 1232 ducentesimum
1145 1189 1421 1241 octavum,
1472 1179 1679 1233 auxilio
1727 1177 1835 1232 γε.

267 1281 520 1325 notorum
551 1278 605 1323 et
635 1267 913 1335 Gallorum
945 1276 1166 1322 creatus
1208 1276 1292 1321 est
1346 1268 1493 1321 illius
1524 1267 1629 1321 loci
1661 1267 1832 1336 impe-

265 1365 438 1423 rator,
486 1358 745 1428 quoniam
777 1357 920 1411 inter
969 1357 1118 1427 ipsos
1165 1355 1271 1410 fuit
1319 1365 1562 1426 pactum,
1603 1357 1649 1410 si
1691 1353 1842 1410 Galli-

265 1454 522 1502 crearent
585 1444 873 1500 Dominum
923 1447 1301 1529 temporalem,
1345 1445 1536 1500 Veneti
1582 1453 1831 1500 crearent

266 1533 554 1591 Dominum
599 1535 975 1605 spiritualem;
1021 1535 1167 1588 unde
1212 1533 1352 1588 Galli
1411 1545 1670 1589 crearunt
1714 1533 1833 1588 Bal-

265 1625 501 1682 duinum’
529 1640 595 1680 es
634 1624 913 1680 Gallorum
942 1625 1111 1695 stirpe
1157 1626 1535 1694 imperatorem
1566 1626 1834 1681 Constan-

264 1716 706 1786 tinopolitauum,
747 1715 936 1771 Veneti
965 1731 1092 1772 vero
1133 1715 1399 1772 Thomam
1446 1717 1830 1772 Maurocenum
1862 1802 1903 1820 ἢ

265 1804 414 1860 illius
460 1805 699 1860 civitatis
751 1806 1120 1875 patriarcham
1177 1805 1446 1861 fecerunt.
1496 1805 1601 1860 Ista
1660 1807 1830 1875 ligura
1862 1802 1904 1855 Β

262 1895 502 1950 ostendit
522 1903 738 1966 tempus
764 1895 926 1964 hujus
952 1897 1164 1964 imperil
1218 1896 1271 1948 in
1306 1905 1531 1950 externa
1559 1896 1726 1964 stirpe
1773 1896 1828 1948 in

265 1983 374 2039 illis
416 1983 596 2040 verbis
643 1985 1051 2053 epigrammatis
1081 1985 1143 2046 A,
1178 1985 1374 2054 duplex
1422 1986 1637 2054 triplex,
1670 1993 1820 2050 etc.;

263 2076 420 2144 quasi
443 2075 624 2131 dicere
660 2077 807 2141 velit,
839 2076 1038 2144 duplex
1076 2077 1290 2145 triplex,
1325 2077 1428 2130 ho:
1458 2085 1566 2141 est,
1598 2091 1690 2130 ses
1729 2077 1832 2129 im.

257 2158 547 2236 .peratores
573 2180 696 2220 cum
734 2167 893 2234 signo
924 2165 1119 2236 aquila
1159 2180 1377 2221 crucem
1410 2166 1635 2222 ferentis
1670 2175 1829 2223 erunt

263 2258 320 2310 in
355 2256 604 2326 imperio.
644 2255 711 2310 Et
759 2256 833 2311 ita
879 2255 1002 2322 l‘uit,
1040 2257 1301 2328 quoniam
1353 2260 1456 2313 sub
1498 2259 1681 2329 aquila
1727 2261 1831 2314 ista

262 2347 625 2416 crucigerula,
647 2361 768 2417 quae
799 2363 894 2402 ses
925 2361 1134 2417 pennas
1187 2349 1326 2418 gerit
1354 2350 1409 2403 in
1458 2350 1616 2414 collo,
1648 2358 1832 2404 osten-

262 2438 467 2490 duntur
491 2451 587 2492 ses
615 2432 994 2505 imperatores,
1047 2437 1101 2490 id
1149 2447 1256 2500 est,
1291 2438 1612 2504 Balduinus,
1640 2438 1832 2493 Henri-

261 2541 384 2591 cus,
417 2525 634 2591 Petrus,
678 2517 975 2593 Rubertus,
1020 2533 1076 2580 et
1109 2523 1346 2579 Joannes
1386 2527 1657 2582 Brennius
1683 2537 1831 2582 tutor

262 2632 392 2670 cum
424 2616 691 2671 Balduino
724 2615 1025 2672 secundum
1067 2616 1380 2680 nonnullos,
1421 2625 1477 2672 et
1505 2618 1598 2687 qui
1634 2629 1820 2687 postea

262 2703 560 2760 succedere
585 2704 829 2771 deberet,
859 2705 1074 2758 videtur
1110 2703 1164 2759 in
1201 2705 1590 2775 epigrammate
1629 2706 1692 2771 B,
1723 2707 1816 2762 ubi

263 2795 467 2850 dicitur
497 2812 510 2849 :
544 2793 830 2848 Maximus
866 2795 1139 2864 aviumque
1175 2810 1269 2849 rea:
1300 2794 1468 2858 satus,
1496 2806 1627 2861 ctc.;
1669 2800 1827 2867 quasi

260 2884 613 2938 dicere‘velit
647 2902 662 2938 :
706 2883 931 2952 Magnus
957 2893 1010 2937 et
1046 2884 1199 2938 solus
1231 2885 1410 2937 avium
1446 2900 1540 2939 rex
1573 2887 1677 2940 erit
1715 2887 1825 2951 ilie,

260 2972 355 3043 qui
383 2973 564 3044 capiet
594 2972 897 3028 dominium
922 2971 1193 3040 Graecum,
1243 2975 1338 3029 sed
1390 2982 1670 3030 transacto
1709 2990 1825 3032 me-

259 3063 422 3129 ridie,
463 3063 518 3117 id
539 3073 641 3129 est,
673 3079 767 3134 per
797 3064 943 3118 aliud
999 3080 1224 3134 parvum
1251 3074 1465 3135 tempus
1497 3069 1744 3136 quiescet
1768 3069 1822 3122 in

260 3168 406 3224 equo
425 3154 731 3222 cornigero,
759 3161 814 3208 et
847 3154 920 3206 ita
969 3153 1094 3218 fuit,
1125 3155 1381 3221 quoniam
1416 3157 1609 3227 Aquila
1637 3175 1822 3214 cessa-

261 3243 338 3298 vit
365 3243 421 3298 in
448 3243 715 3299 Balduino
738 3245 1003 3300 secundo.

546 3352 1064 3440 ‘EPIGBAMMATA
1119 3354 1404 3411 FIGUBE
1445 3355 1531 3412 Ill.

260 3464 325 3516 Α.
350 3461 643 3517 Sutthanus
669 3463 1034 3532 Hecltemetes,
1079 3468 1124 3520 is
1178 3469 1269 3535 qui
1301 3465 1821 3535 Constantinopolim

329 3543 583 3598 capturus
607 3544 704 3587 est.

257 3600 321 3652 Β.
364 3599 434 3654 In
486 3602 613 3655 locis
663 3603 914 3664 humidis,
945 3611 994 3654 et
1039 3612 1232 3668 praeter
1275 3619 1417 3671 spem
1464 3604 1658 3669 cades;
1685 3607 1736 3658 in
1770 3615 1818 3658 te

328 3671 468 3723 enim
511 3672 719 3723 initium
749 3679 798 3722 et
828 3671 948 3735 finis
977 3686 1138 3722 cornu
1166 3681 1264 3726 est.

255 3735 320 3790 C.
352 3737 519 3790 Fama
564 3735 953 3806 vulgatnm‘est,
986 3739 1122 3806 quod
1155 3755 1306 3793 aures
1347 3739 1543 3804 habes;
1575 3752 1623 3794 et
1645 3742 1819 3795 [tinnis

306 3807 462 3857 .citra
481 3803 722 3870 amorem
756 3803 1100 3872 habenarum,
1139 3809 1192 3860 id
1222 3819 1319 3875 est,
1348 3803 1544 3864 laxatis
1575 3811 1815 3865 habenis.

826 3893 1243 3960 Exeosrrro.

327 3979 625 4036 Videbatur
652 3981 797 4051 quod
823 3982 1032 4038 Graecia
1062 3986 1374 4055 relinquens
1395 3987 1692 4042 dominium
1723 4004 1819 4042 ex-

255 4080 472 4126 ternum
502 4073 713 4141 Aquila:
752 4074 806 4126 in
838 4071 1104 4128 Balduino
1151 4079 1410 4141 secundo,
1443 4086 1497 4132 et
1536 4079 1702 4132 alium
1726 4097 1819 4133 no-

252 4173 383 4211 vum
425 4166 480 4210 et
509 4147 770 4222 nativum.
801 4161 1078 4229 accipiens
1127 4163 1427 4220 dominium
1459 4167 1511 4219 in
1563 4165 1820 4223 Michaele

253 4245 558 4318 Palzoiogo
585 4247 702 4318 (sed
730 4246 1056 4306 intermedio
1092 4254 1361 4323 imperiali
1398 4261 1696 4313 secundum
1720 4261 1820 4313 ali-

255 4352 398 4408 quos
421 4337 624 4405 'Alesii,
679 4334 894 4410 Angeli,
957 4341 1457 4414 Theodorilascori,
1489 4361 1543 4404 et
1590 4348 1819 4406 Joannis

1934 587 2078 627 anno
2107 571 2318 628 Domini
2343 572 2638 628 millesimo
2673 573 3214 644 quadringentesimo
3239 575 3511 646 quinqua-

1935 664 2150 736 gesimo'
2170 664 2352 729 tertio,
2384 670 2440 718 et
2479 663 2585 718 ista
2616 665 2988 732 perseverabit
3016 681 3112 734 per
3157 663 3367 734 septem
3403 667 3508 718 im-

1930 759 2212 822 peratores
2243 750 2672 806 Maucmetanos.
2708 752 2994 818 Quomodo
3026 749 3206 807 autem
3243 768 3508 820 pervene-

1929 844 2002 898 rit
2046 843 2327 914 imperium
2369 844 2514 899 istud
2569 844 2622 898 in
2658 844 2981 912 Mechemet,
3011 846 3201 901 dicunt
3251 846 3506 902 Historiae

1931 934 2366 1000 Ottomanorum,
2396 945 2452 990 et
2497 937 2822 1000 Turcarum,
2870 946 2924 992 et
2985 936 3318 996 Graecorum.
3355 937 3504 1005 quod

1933 1023 2155 1078 Michael
2191 1024 2527 1095 Palaeologus
2555 1028 2775 1097 reliquit
2805 1027 3203 1090 Andronicum,
3231 1023 3321 1096 qui
3367 1025 3504 1081 duos

1934 1118 2317 1180 tilioshahens,
2365 1116 2744 1185 Caiojanncm,
2798 1129 2850 1173 et
2904 1116 3333 1180 Ennnanueiem,
3379 1116 3504 1169 reli-

1933 1208 2049 1276 quit
2087 1214 2321 1260 tutorem
2368 1204 2632 1259 Joannem
2680 1207 3143 1271 Cantacuzenum,
3194 1206 3286 1274 qui
3347 1193 3506 1260 Calo-

1927 1297 2080 1365 janni
2123 1297 2286 1350 tiliam
2323 1296 2378 1350 in
2422 1297 2825 1351 matrimonium
2880 1297 3168 1351 collocavit
3207 1313 3220 1360 ;
3257 1298 3351 1351 sed
3384 1306 3504 1350 orta

1933 1387 2280 1442 dissensione
2317 1388 2461 1466 inter
2491 1388 2927 1443 Cantacuzenum
2962 1394 3016 1440 et
3051 1403 3332 1456 generum,
3364 1387 3504 1440 Cau-

1935 1487 2229 1532 tacuzenus
2276 1493 2534 1547 generum
2585 1480 2816 1548 expulit,
2867 1493 2928 1533 se
2985 1479 3368 1548 imperatorem
3400 1474 3502 1532 't'a-

1933 1571 2117 1634 ciens;
2145 1574 2241 1626 sed
2264 1570 2590 1638 Calojannes
2636 1571 2689 1624 in
2741 1581 2940 1624 statum
2973 1567 3508 1635 reSIitutus,.Canta-

1934 1680 2199 1719 cuzenum
2232 1665 2479 1720 multavit
2504 1665 2718 1728 exsilio,
2748 1666 2838 1736 qui
2881 1681 2939 1720 se
2978 1667 3301 1720 monachum
3350 1664 3498 1720 fecit.

2432 1755 2838 1813 Emmanuelem
2892 1755 3099 1821 habuit,
3141 1757 3231 1825 qui
3265 1763 3385 1824 post
3414 1771 3509 1823 pa-

1933 1851 2070 1897 trem
2131 1845 2305 1898 tenuit
2359 1845 2666 1918 imperium,
2709 1853 2762 1898 et
2824 1855 3031 1913 septem
3095 1845 3286 1898 habuit
3338 1845 3503 1906 ﬁlios.

1927 1929 2230 1995 Joannem,
2279 1930 2680 1995 Andronicum,
2747 1930 3132 1990 Theodorum.
3189 1932 3505 1986 Constanti-

1930 2034 2080 2078 num,
2104 2017 2455 2084 Demetrium,
2475 2017 2761 2083 Thomam,
2786 2032 2838 2073 et
2876 2018 3217 2076 Michaclem.
3239 2018 3506 2087 Tempore

1932 2107 2090 2163 istius
2118 2108 2486 2162 Emmanuelis
2513 2109 2862 2178 imperatoris
2895 2111 3095 2165 accidit
3117 2111 3259 2177 quod
3301 2110 3509 2166 Mechc-

1933 2199 2361 2255 metTurcarum
2395 2201 2714 2271 imperator,
2755 2213 3034 2271 postquam
3054 2219 3088 2286 κε
3123 2201 3340 2258 Venetis
3368 2205 3502 2256 mari

1932 2291 2244 2362 proﬂigatus
2293 2300 2462 2357 esset,
2513 2305 2564 2346 et
2611 2309 2730 2348 cum
2764 2294 2898 2364 ipsis
2938 2293 3132 2348 deinde
3185 2308 3366 2362 pacem
3409 2294 3504 2346 ha-

1929 2383 2103 2446 beret,
2132 2391 2243 2436 uta
2276 2380 2446 2438 fratre
2477 2383 2719 2438 Mustal’a:
2752 2384 3278 2454 aggrederetur,'qni
3314 2396 3499 2451 postea

1935 2471 2248 2524 Salonicum
2316 2472 2527 2541 aufugit
2564 2491 2578 2527 :
2626 2475 2767 2542 quod
2793 2470 2795 2472 ’
2825 2474 3131 2544 intelligens
3183 2473 3498 2538 Mechemet,

1936 2576 2058 2616 cum
2096 2563 2340 2616 exercitu
2377 2564 2594 2631 petebat
2636 2554 2880 2619 Mustal'ae
2911 2565 3366 2633 gubernatorem;
3405 2567 3498 2635 qui

1937 2665 2062 2704 cum
2091 2650 2425 2706 Emmanueli
2449 2650 2637 2707 Graeco
2668 2655 2985 2719 imperatori
3012 2657 3077 2709 de
3114 2658 3214 2709 hoc
3249 2658 3500 2724 scripsis-

1932 2749 2038 2803 set,
2073 2755 2390 2811 responsum
2447 2741 2569 2795 tulit
2606 2742 2956 2808 huiusmodi:
2996 2744 3136 2812 qttod
3177 2743 3495 2798 Emmanuel

1931 2837 1986 2883 et
2019 2830 2374 2887 Mecbemeles
2422 2832 2723 2888 concordes
2765 2832 2949 2899 fuere;
2996 2845 3050 2888 et
3097 2835 3346 2902 promisit
3387 2835 3498 2888 Mu-

1933 2920 2127 2974 slafam
2160 2936 2381 2976 carcere
2419 2924 2788 2989 detenturum,
2827 2927 2880 2978 in
2911 2942 3037 2996 ‘quo
3068 2927 3365 2996 permansit
3414 2944 3498 2986 us-

1926 3026 2032 3080 que
2079 3014 2144 3066 a'd
2192 3024 2417 3069 mortem
2453 3014 2805 3070 Mechemetis
2835 3018 3019 3094 primi.
3065 3017 3290 3088 Propter
3327 3018 3491 3074 istam
3585 3008 3589 3012 ”

1848 3134 1893 3195 C
1927 3100 2236 3195 graecorum
2295 3105 2564 3158 actionem
2617 3115 2826 3160 tantum
2879 3103 3068 3163 auctus
3111 3116 3193 3172 est
3232 3122 3384 3162 amor
3439 3108 3496 3164 in
3542 3182 3546 3187 1

1933 3188 2332 3255 hit-cliemetem,
2366 3202 2423 3246 ut
2455 3193 2601 3245 omni
2635 3207 2823 3247 eorum
2857 3194 3106 3261 petitioni
3141 3196 3437 3251 assentiret
3471 3214 3486 3250 :
3515 3235 3517 3238 ‹

1929 3282 2067 3334 unde
2096 3289 2204 3332 tam
2235 3281 2392 3334 valde
2431 3281 2617 3334 ﬂoruit
2643 3279 2928 3337 Graecisin
2957 3283 3045 3337 illa
3082 3286 3492 3353 tranquillitate.

1926 3377 1984 3420 ut
2016 3378 2268 3438 tanquam
2300 3385 2433 3423 nova
2459 3385 2658 3439 sponsa
2695 3371 2750 3425 in
2780 3373 2891 3428 otio
2913 3382 2971 3428 et
2992 3373 3173 3444 quiete
3205 3391 3493 3445 permane-

1925 3461 2029 3517 ret,
2071 3455 2174 3508 nisi
2223 3453 2538 3523 Emmanuel
2580 3456 2878 3528 imperator
2919 3453 3040 3514 lilii's
3078 3477 3300 3530 regnum
3352 3465 3492 3518 divi"-

1922 3546 2104 3610 sissct,
2143 3561 2370 3616 quorum
2418 3547 2791 3606 dissensiones
2833 3567 2996 3606 causa
3028 3551 3180 3610 fuere
3218 3552 3506 3623 augmenth

1923 3635 2354 3703 Ottomanorum,
2403 3647 2457 3691 et
2516 3642 2749 3708 propriae
2804 3642 3178 3710 perditionis:
3230 3643 3485 3714 quoniam

1921 3722 2178 3778 defuncto
2205 3722 2578 3789 Emmanuele,
2614 3726 2852 3784 Jommes
2907 3732 3299 3800 primogenitus
3347 3733 3491 3801 cepit
3526 3740 3529 3742 ’

1923 3812 2248 3881 imperium;
2285 3825 2338 3867 et
2368 3825 2484 3881 post
2521 3815 2693 3881 ipsum
2720 3834 2843 3872 cum
2870 3820 3260 3877 Constantinus
3299 3823 3350 3876 in
3388 3840 3486 3893 pit-

1919 3901 2075 3954 citico
2101 3900 2341 3954 dominio
2370 3914 2512 3956 esset
2548 3905 2895 3971 constitutus,
2935 3917 2987 3960 et
3021 3909 3191 3964 Graeci
3221 3927 3341 3966 cum
3375 3899 3486 3966 Mc-

1919 3988 2164 4042 chemete
2219 3990 2456 4042 secundo
2512 3990 2688 4045 tmdns
2737 3997 3160 4061 percussisseut,
3226 4013 3333 4053 non
3387 4000 3481 4056 diu

1921 4081 2218 4146 permansit
2273 4081 2325 4134 iu
2359 4083 2450 4135 illa
2507 4085 2915 4152 tranquillitate,
2948 4087 3072 4154 quia
3119 4086 3483 4146 Mechemetes

1921 4173 2189 4240 superbus
2225 4185 2277 4227 et
2311 4175 2542 4242 invidus,
2591 4177 2792 4232 hedera
2837 4194 2945 4234 non
2991 4180 3290 4247 respiciens
3315 4223 3332 4249 ,
3373 4184 3506 4240 imo7

1919 4261 2027 4315 illis
2078 4265 2388 4332 postpositis
2437 4285 2541 4323 una
2609 4288 2730 4325 cum
2785 4272 2989 4341 legibus
3039 4281 3094 4327 et
3133 4273 3481 4342 iuramentis.

1920 4357 2382 4424 propugnaculum
2407 4362 2604 4424 erexit,
2632 4364 2774 4433 quod
2820 4365 3116 4419 vocabatur
3155 4364 3486 4436 Bogasator,

253 4428 649 4530 Deplobatarii)
675 4441 823 4488 esset
862 4441 1118 4530 tanquam
1167 4452 1306 4492 nova
1342 4455 1560 4508 sponsa,
1594 4454 1812 4496 ostensa
1847 4474 1892 4530 ο
1920 4457 2029 4512 quo
2050 4445 2339 4512 completo,
2367 4462 2425 4502 se
2451 4428 2763 4506 Graecorum
2791 4452 3001 4509 hostem
3030 4428 3288 4509 detexit':
3315 4454 3489 4525 coepit

254 4532 356 4588 per
389 4518 535 4572 illam
570 4520 919 4589 juveneulam
943 4522 1254 4579 Graecorum
1282 4543 1433 4582 more
1468 4530 1733 4594 indutam,
1762 4542 1816 4586 et

247 4607 460 4676 iustam;
487 4610 580 4664 sed
627 4610 719 4664 illa
748 4611 932 4666 laetitia
959 4629 992 4666 ι
1043 4617 1267 4669 meridie
1295 4619 1510 4674 sublata
1537 4608 1670 4689 iuit,
1707 4623 1816 4678 sic-

250 4699 334 4751 uti
375 4698 581 4753 dictum
614 4710 699 4757 est
728 4703 798 4755 ab
840 4717 984 4771 equo
1020 4705 1329 4775 cornigero,
1362 4725 1391 4763 a
1423 4728 1532 4780 quo
1559 4716 1815 4784 depressa

250 4788 406 4841 (uit:
461 4805 630 4857 quare
677 4791 1010 4861 epigramma
1075 4792 1121 4846 Β
1170 4795 1479 4864 juvenculae
1531 4805 1667 4858 dicit
1705 4824 1719 4859 :
1752 4806 1815 4860 In

253 4877 386 4931 locis
408 4875 658 4944 humidis,
681 4891 730 4935 et
777 4893 969 4950 printer
996 4900 1136 4953 spem
1162 4887 1338 4952 cades,
1362 4901 1468 4945 etc.
1494 4909 1510 4957 ;
1540 4900 1696 4962 quasi
1730 4897 1814 4950 di-

249 4981 379 5021 cere
409 4967 612 5024 vellet:
654 4969 713 5024 In
737 4970 876 5027 locis
914 4973 1176 5040 humidis,
1211 4978 1313 5032 hoc
1347 4990 1452 5046 est,
1487 4984 1544 5035 in
1586 4983 1813 5041 teliciori

247 5065 495 5129 tempore
525 5060 606 5114 tui
634 5059 885 5127 dominii,
915 5077 948 5118 o
978 5063 1207 5132 Graecia,
1243 5084 1364 5138 qua:
1391 5080 1599 5127 tantum
1632 5084 1685 5128 te
1712 5091 1812 5130 ex-

249 5147 421 5216 tollis,
463 5151 661 5218 cades;
699 5151 798 5207 sed
846 5156 1010 5223 scias,
1042 5160 1184 5227 quod
1219 5160 1274 5216 in
1306 5173 1358 5218 te
1399 5165 1724 5238 principium
1756 5180 1813 5225 et

245 5238 374 5292 tlnis
403 5248 488 5295 est
518 5255 714 5307 cornu,
742 5243 846 5300 hoc
875 5256 979 5311 est,
1013 5249 1157 5318 quod
1187 5252 1239 5306 in
1266 5261 1319 5308 te
1352 5253 1453 5309 fuit
1483 5257 1810 5327 principium

246 5340 444 5392 cornu,
481 5329 534 5383 id
580 5341 701 5400 est,,
720 5334 1044 5403 dominium,
1103 5342 1158 5393 in
1213 5352 1265 5398 te
1295 5346 1461 5399 etiam
1511 5349 1620 5402 erit
1658 5349 1805 5406 linis.

243 5413 360 5509 ξωΔ
384 5417 507 5484 quis
531 5418 745 5475 fuitnrus
773 5423 920 5480 esset
958 5426 1047 5482 hic
1094 5430 1303 5498 primus
1333 5438 1584 5506 corniger
1609 5457 1805 5509 equus,

241 5504 483 5561 declarat
523 5510 850 5578 epigramma
879 5514 944 5578 Α,
981 5517 1171 5574 dicens
1209 5538 1224 5574 :
1268 5504 1563 5581 Sultlmniss
1595 5504 1803 5585 Hec/te;

243 5603 404 5648 metes
437 5598 526 5665 qui
557 5600 725 5665 capiet
754 5599 1283 5678 Constantinopolim,
1332 5614 1383 5667 id
1437 5627 1540 5680 est,
1584 5619 1802 5675 Sultha-

255 5700 356 5739 nus
401 5683 757 5745 Mechcmctes
790 5699 893 5749 erit
951 5697 1060 5757 ille,
1100 5703 1190 5766 qui
1238 5703 1520 5772 imperium
1553 5708 1796 5767 Graecum

241 5779 550 5845 occupabit,
583 5783 672 5862 qui
715 5784 876 5841 desiit
915 5789 964 5842 in
1014 5789 1369 5851 COnstantino
1405 5802 1594 5866 quinto
1625 5803 1794 5873 impc-

1919 4535 2062 4594 enim
2084 4539 2372 4611 ‘regionem
2417 4542 3073 4614 Constantinopolitanam
3111 4550 3308 4602 damno
3366 4550 3478 4602 allia

1917 4641 2074 4694 cere;
2110 4639 2165 4684 et
2196 4648 2319 4706 cum
2360 4635 2592 4688 maximo
2612 4638 2854 4690 exercitu
2886 4637 3165 4691 civitatem
3197 4637 3478 4712 obsidione

1918 4724 2122 4770 teneret
2173 4729 2336 4788 atque
2380 4724 2590 4792 magnis
2641 4725 2974 4788 bombardis,
3011 4742 3154 4781 anno
3190 4726 3474 4782 millesimo

1911 4799 2450 4875 quadringentesimo
2470 4817 2935 4885 'quinquagesimo
2985 4818 3146 4870 tertio
3200 4818 3471 4873 civitatem

1915 4903 1969 4947 ct
1988 4894 2284 4949 dominium
2337 4898 2524 4954 habuit
2556 4922 2568 4955 :
2616 4914 2731 4957 erat
2773 4907 2969 4974 quippe
3002 4904 3355 4961 Mecltemetes
3389 4902 3471 4955 vir

1916 4977 2310 5046 fraudulentus,
2343 4992 2398 5036 et
2431 4987 2704 5056 deceptor,
2752 4991 2894 5058 quod
2925 4991 3158 5054 diceret,
3192 4990 3347 5044 tidem
3378 5003 3472 5042 so.

1914 5065 2023 5118 lum
2057 5082 2086 5119 a
2129 5069 2518 5124 mercatoribus
2543 5076 2889 5137 servandam,
2929 5090 3037 5129 non
3069 5090 3097 5128 a
3137 5073 3472 5143 principibus

1911 5155 2256 5221 cupientibus
2295 5171 2521 5224 magnos
2576 5158 2692 5212 ﬁeri
2733 5179 2748 5214 :
2793 5171 2914 5215 erat
2938 5163 3099 5216 etiam
3147 5161 3229 5212 vir
3281 5173 3469 5226 sagax,

1913 5241 2248 5312 ingeniosus,
2284 5254 2338 5300 et
2361 5245 2799 5303 Christianorum
2838 5244 3021 5306 hostis
3041 5250 3360 5305 acerrimus.

2214 5381 2712 5439 EPIGRAMMATA
2760 5385 3038 5441 FIGURAE
3075 5383 3164 5437 IV.

1907 5493 1972 5562 ᾼ.
2004 5492 2290 5548 δαιιΙιαηιω
2312 5496 2579 5552 Pazaites.
3225 5559 3228 5562 .

1908 5558 1968 5614 Β.
2003 5562 2422 5636 δεεᾳῃάιηίὺοε,
2460 5579 2507 5620 et
2535 5568 2657 5636 ﬁnis
2707 5569 3059 5634 .1rctotroplti,
3089 5568 3142 5619 id
3184 5559 3283 5634 est,
3330 5585 3470 5627 una

1979 5633 2220 5694 nutricis,
2258 5635 2430 5702 ﬁgura
2457 5633 2680 5689 ostendit
2712 5639 2881 5688 locum
2913 5633 2960 5690 et
2995 5653 3185 5694 mores.

2461 5723 2884 5780 EXPOSITIO.

1974 5811 2205 5868 Dcnotat
2248 5825 2437 5884 quarta
2481 5817 2649 5887 tigura
2682 5834 3056 5882 successorem
3091 5823 3464 5889 Mechcmctis,
