3940 6346
2613 272 3195 284 ...φο-*αὴ-
3208 276 3217 280 -

1808 273 1811 275 “
2613 275 2643 282 --
2649 273 3195 284 ,ιο-*αὴ-
3208 276 3217 280 ι

832 424 839 432 ’
1044 580 1049 591 ῃ
1350 452 1627 589 ,ΑΒ
1719 407 2173 563 OPERA

504 690 537 997 χ
649 721 923 921 B.‘
1030 705 1982 914 BABANI
2135 701 2977 913 MAUBI

1047 1228 1052 1234 η
1109 1047 2529 1200 pnonneommu.

583 1378 686 1480 Β.
764 1387 1188 1481 RABANI
1262 1334 1635 1476 MAURI
1708 1384 2245 1478 ELOGIUM
2316 1377 3060 1476 HISTORICUM

1348 1572 1716 1637 AUCTORE
1756 1572 2271 1635 MABILLONIO.

613 1913 619 1920 ,
726 1832 951 1906 CAPUT
984 1832 1265 1903 PRIMUM.

257 1936 468 2002 Robusti
490 1942 718 2008 nomina,
732 1942 925 2010 patria,
949 1947 1203 2009 parentes,
1220 1937 1497 1990 nativitatis
1518 1946 1735 2005 tempus.

300 2034 632 2097 LRABANUS,
657 2033 833 2101 patrio
859 2030 1078 2084 nomine
1102 2028 1180 2082 sic
1207 2026 1399 2091 dictus,
1424 2025 1563 2079 aliud
1580 2040 1771 2079 nomen

222 2114 451 2178 Msunus
484 2119 688 2188 accepit
714 2118 781 2172 ab
805 2116 1029 2170 Alcuino
1056 2122 1381 2183 praeceptore
1407 2128 1523 2176 suo,
1556 2113 1631 2165 uti
1663 2113 1775 2181 ipse

224 2212 283 2265 in
330 2207 639 2280 pralatione
678 2202 1075 2263 commentariis
1123 2201 1323 2271 Regum
1369 2201 1584 2269 prmﬁxa
1624 2201 1775 2254 testis

222 2308 333 2365 est,
368 2299 458 2353 ubi
487 2297 561 2351 ait
599 2310 659 2351 se
699 2296 753 2349 in
800 2294 867 2349 iis
893 2293 1025 2348 locis
1050 2306 1167 2360 qua:
1203 2306 1299 2361 per
1338 2305 1397 2345 se
1423 2290 1660 2360 exponit,
1708 2289 1775 2343 ad

226 2386 528 2457 marginem
561 2402 580 2434 ι
610 2389 935 2453 pramolasse
975 2380 1025 2435 Μ
1070 2380 1323 2444 litteram,
1362 2367 1531 2432 liiauri
1580 2391 1774 2431 nomen

222 2476 618 2546 exprimentem
662 2490 676 2526 :
721 2470 861 2542 quod
896 2469 1166 2539 magister,
1199 2468 1387 2537 inquit.
1419 2482 1569 2521 meus
1610 2467 1777 2520 beatae

224 2561 507 2618 memoriae
536 2559 760 2627 Albinus
783 2558 914 2613 milii
936 2556 1143 2612 indidit.
1175 2572 1193 2608 ι
1228 2555 1486 2609 Nimirum
1525 2556 1630 2610 isto
1663 2549 1777 2609 aevo

225 2668 353 2708 mos
378 2650 677 2706 invaluerat
704 2648 843 2719 apud
868 2648 1134 2702 litteratos
1160 2645 1304 2700 viros
1332 2644 1385 2698 in
1428 2644 1512 2699 bis
1535 2644 1778 2713 partibus

226 2741 514 2811 degentes,
561 2745 619 2791 ut
658 2743 853 2810 praeter
878 2734 1196 2804 gentilitium
1239 2746 1454 2797 nomen,
1480 2732 1621 2802 quod
1660 2732 1778 2802 ple-

225 2841 465 2895 rumque
492 2839 624 2881 sono
647 2821 1010 2887 duriusculum
1035 2827 1172 2886 erat,
1216 2818 1359 2873 aliud
1383 2834 1413 2872 a
1442 2818 1647 2872 Latinis
1685 2826 1779 2874 aut

222 2916 457 2981 Gmcis,
482 2916 658 2969 rarius
678 2914 747 2971 ab
769 2912 1007 2967 Hebraeis
1025 2911 1365 2975 asciscerent,
1386 2908 1645 2979 politioris
1666 2923 1780 2964 ser-

224 3006 414 3060 monis
440 3004 712 3060 lenitatem
747 3001 1071 3059 aii‘ectantes.
1116 3000 1251 3055 Hinc
1278 3007 1463 3055 sancto
1499 2999 1779 3056 Fricborio

225 3096 579 3160 Hadrianus;
606 3094 830 3164 Biscopo
855 3106 1166 3163 cognomen,
1197 3090 1251 3145 id
1289 3097 1371 3144 est
1405 3090 1630 3169 alterum
1679 3106 1778 3146 no-

1799 1852 1922 1909 A‘ct
1962 1845 2243 1914 poematiis
2274 1845 2339 1898 ad
2386 1842 2531 1899 illum
2563 1846 2796 1914 scriptis.
2828 1843 2928 1911 Qui
2970 1845 3049 1900 sic
3096 1845 3289 1915 duplici
3332 1864 3425 1903 no.

1874 1934 2018 1987 mine
2063 1931 2237 1987 ali‘ecti
2276 1942 2450 1997 erant,
2510 1934 2830 1989 alterutrum
2888 1934 3149 1989 duntaxat
3202 1940 3427 1994 seorsim

1874 2021 2221 2091 usurpabant,
2250 2037 2373 2076 raro
2401 2030 2687 2092 utrumque
2716 2023 2904 2089 simul;
2937 2025 3095 2094 idque
3119 2025 3238 2081 aliis
3267 2029 3430 2083 etiam

1871 2111 2159 2165 observare
2208 2127 2323 2166 mos
2368 2119 2515 2178 erat;
2549 2114 2763 2167 tametsi
2792 2131 2844 2167 in
2890 2115 3113 2184 epistola
3151 2115 3433 2174 Ilumberti

1876 2200 2353 2271 Wirtziburgensis
2382 2204 2618 2273 episcopi
2649 2205 2714 2259 ad
2752 2205 3047 2269 Rabanum,
3093 2208 3433 2265 Commenta-

1875 2290 1969 2343 riis
2020 2290 2071 2343 in
2124 2288 2368 2345 Judicum
2427 2300 2481 2345 et
2529 2292 2674 2346 Ruth
2726 2293 2889 2349 libros
2937 2298 3265 2365 praemissam
3315 2299 3435 2370 lego

1876 2378 2016 2432 hanc
2054 2379 2455 2447 inscriptionem
2487 2399 2498 2433 :
2543 2380 2747 2434 Illustri
2787 2384 2894 2436 riro
2925 2386 3204 2454 meritoque
3243 2387 3436 2456 insig‘ni

1877 2482 1940 2519 ac
1973 2469 2402 2536 prwstantissimo
2458 2467 2608 2521 Patri
2644 2467 2917 2525 llRabano
2948 2472 3136 2526 Mauro
3176 2472 3437 2528 Han-iber-

1878 2566 1984 2621 tus,
2017 2570 2137 2624 quae
2186 2557 2464 2611 nominum
2501 2558 2808 2627 conjunctio
2857 2560 3041 2614 itidem
3094 2562 3146 2615 in
3195 2562 3437 2619 Lotharii

1880 2636 2219 2715 imperatoris
2253 2647 2475 2721 epistola
2518 2648 2841 2717 expositioni
2891 2649 3188 2705 Elecliielis
3230 2668 3440 2722 prmpu-

1880 2736 1988 2792 sita
2027 2737 2318 2794 invenitur.
2359 2737 2597 2807 Denique
2635 2754 2887 2809 agnomen
2925 2754 3078 2807 suum
3134 2732 3443 2795 HRabanus

1880 2832 2039 2881 Vocat
2076 2822 2129 2879 in
2154 2825 2469 2894 prmfatione
2512 2828 2577 2880 ad
2605 2827 2837 2881 Matthmi
2867 2828 3233 2898 Evangelium.
3276 2830 3438 2885 Joan—

1879 2928 1978 2972 nes
2001 2915 2326 2971 Trithemius
2373 2915 2652 2970 Babanum
2686 2918 2884 2986 passim
2930 2920 3270 2988 cognominat
3316 2920 3437 2988 Ma—

1879 3007 2143 3079 gnentium
2179 3021 2210 3058 a
2245 3005 2618 3076 Magnentiana
2655 3006 2874 3071 familia,
2910 3020 2973 3059 ex
3014 3023 3119 3076 qua
3162 3021 3285 3062 eum
3312 3025 3427 3079 pro-

1881 3093 2111 3151 cessisse
2159 3096 2407 3170 gredidit.
2465 3095 2813 3151 Ex-vetustis
2867 3097 3217 3166 scriptoribus
3265 3099 3442 3152 nullus

226 3203 360 3242 men
417 3186 770 3251 Benedictus;
798 3182 1143 3240 Willibrordo
1187 3180 1462 3248 Clemens;
1516 3182 1783 3239 Winfrido
1808 3185 1866 3252 Β·
1886 3187 2067 3258 (quem
2109 3184 2297 3255 sciam)
2334 3187 2437 3240 hoc
2475 3201 2768 3255 cognomen
2819 3186 3041 3241 Rabano
3087 3187 3275 3243 tribuit
3317 3182 3471 3243 ante,

220 3277 573 3347 Bonifacius;
601 3272 803 3346 Arnoni
847 3272 1243 3343 Saltzburgensi
1285 3273 1534 3342 episcopo
1560 3272 1780 3343 Aquila;

220 3367 464 3427 Alcuino
482 3364 708 3419 Albinus
741 3362 993 3427 Flaccus;
1016 3361 1208 3418 Carolo
1228 3361 1415 3431 Magno
1437 3361 1607 3416 David
1621 3379 1640 3427 ς
1668 3363 1780 3417 An-

222 3455 469 3525 gilberto
500 3451 786 3515 Hwnerus;
817 3449 1319 3525 Ricull’oDarnmta;
1345 3448 1649 3504 Adalhardo
1670 3449 1782 3505 An-

225 3524 445 3606 tonius;
474 3541 639 3597 Wala:
659 3533 925 3614 Arsenius,
954 3548 1009 3595 et
1027 3524 1345 3603 Hieremias;
1371 3538 1629 3594 Ratberto
1650 3539 1783 3593 Pas-

226 3638 481 3701 chasists;
527 3635 759 3690 Warino
792 3633 1031 3689 Corbeiae
1065 3622 1230 3687 Nova:
1254 3630 1433 3687 abbati
1482 3629 1782 3695 Placidius;

221 3726 353 3779 aliis
376 3724 481 3777 alia
528 3722 780 3777 vocabula
825 3722 1095 3791 supposita
1128 3728 1267 3775 sunt.
1302 3718 1522 3775 Barium
1550 3721 1785 3774 chrono—

158 3868 161 3869 ν
220 3816 425 3887 grapbi
456 3812 788 3869 Centulensis
814 3812 879 3866 de
912 3819 1097 3866 sancto
1139 3810 1331 3865 Fricho
1363 3810 1415 3863 io
1442 3810 1647 3879 agentis
1682 3824 1782 3862 no-

221 3907 397 3961 tanda
441 3916 567 3959 sunt
598 3904 757 3958 verba
803 3904 856 3956 in
882 3902 975 3955 lib.
1009 3917 1047 3965 ι,
1083 3916 1201 3970 cap.
1230 3901 1304 3956 6:
1358 3919 1376 3951 ι
1410 3899 1643 3953 Alterius
1683 3914 1783 3953 no-

218 4013 380 4059 men,
436 4010 502 4049 eo
548 3995 691 4063 quod
732 3995 871 4048 rictu
911 3992 1102 4063 lingua!
1137 3992 1381 4047 barbarae
1423 3992 1660 4060 ineptum
1706 3991 1787 4043 vi—

216 4104 354 4144 sum
384 4096 491 4152 est,
522 4102 551 4139 a
581 4086 849 4156 prioribus
887 4069 1150 4139 mutatum
1185 4091 1424 4148 vocatur,
1454 4091 1509 4136 et
1534 4083 1786 4137 scribitur

216 4177 569 4229 Hadrianus.
604 4195 622 4226 ι
656 4157 801 4229 Adeo
825 4188 951 4228 vero
983 4171 1253 4227 lenitatem
1280 4173 1418 4226 hanc
1448 4173 1786 4227 sectabantur

182 4269 379 4322 illius
422 4265 677 4334 temporis
698 4264 961 4329 homines,
996 4269 1055 4316 ut
1091 4261 1347 4329 ejusmodi
1388 4260 1661 4331 popularia
1687 4275 1786 4314 no-

211 4358 405 4420 mina,
439 4350 591 4424 quasi
636 4354 898 4417 barbara,
946 4354 1287 4422 pronuntiare
1322 4351 1433 4405 fere
1479 4366 1585 4404 non
1626 4351 1787 4406 aude«

210 4454 373 4509 rent,
415 4444 519 4498 nisi
546 4444 711 4514 petita
734 4443 890 4498 venia
918 4441 1193 4497 lectorum.
1225 4441 1337 4496 iluc
1363 4450 1567 4510 spectat
1594 4441 1785 4495 Serva-

1884 3276 2209 3334 Ademarum
2247 3273 2662 3338 Ecolismensen)
2704 3275 3024 3328 monachum
3070 3274 3125 3328 in
3176 3275 3442 3332 Chronico

1881 3367 1949 3420 ab
1978 3366 2134 3419 annis
2173 3352 2441 3419 sexcentis
2478 3372 2719 3428 exarato,
2763 3373 2817 3417 et
2853 3363 3190 3433 Sigebertum
3233 3363 3283 3419 ei
3312 3379 3444 3434 sup»

1880 3469 2068 3527 parem
2120 3453 2174 3507 in
2214 3453 2310 3506 lib.
2357 3454 2422 3506 de
2463 3452 2829 3520 Scriptoribus
2866 3452 3271 3518 ecclesiasticis,
3320 3469 3441 3524 cap.

1880 3543 1971 3607 89,
2004 3543 2103 3597 ubi
2132 3541 2406 3605 Rabanus,
2439 3541 2543 3595 alio
2564 3543 2778 3595 nomine
2806 3542 3025 3618 Maurus
3057 3545 3161 3597 sive
3192 3544 3447 3615 Magnen-

1880 3634 1984 3685 tius
2007 3632 2322 3701 appellatur.
2340 3624 2659 3695 Hliabanus,
2680 3633 2771 3699 qui
2800 3632 2919 3686 aliis
2948 3631 3201 3688 Babanus
3225 3643 3280 3689 et
3302 3634 3445 3689 Rha-

1884 3724 2055 3778 banus
2100 3722 2170 3776 ita
2218 3737 2412 3776 nomen
2440 3736 2595 3775 suum
2625 3722 2844 3791 pingere
2873 3735 3019 3777 amat
3058 3739 3179 3778 cum
3207 3726 3445 3794 aspirata

1882 3813 2100 3880 praevia,
2156 3811 2611 3876 ut'llLudovicus,
2668 3812 3020 3879 ilLotharius,
3051 3827 3151 3883 pro
3181 3830 3341 3871 more
3378 3817 3443 3869 il—

1884 3898 1986 3953 lius
2012 3900 2206 3953 aetatis.

1953 3989 2007 4042 2.
2050 3989 2270 4046 Rabano
2298 3990 2529 4057 patriam
2572 3991 2701 4053 alii,
2734 3990 2890 4045 aliam
2916 4000 3034 4061 .pro-
3062 3993 3237 4049 studio
3291 3995 3445 4065 quis-

1885 4092 1996 4145 que,
2017 4092 2113 4130 suo
2160 4077 2453 4144 adﬁngunt,
2486 4078 2539 4131 hi
2568 4078 2851 4147 Angliam,
2885 4079 3121 4134 Scotiam
3167 4078 3278 4135 isti.
3325 4081 3445 4137 Non

1884 4175 2039 4218 vacat
2068 4165 2319 4236 refellere
2341 4167 2471 4220 istas
2501 4183 2688 4237 nugas.
2723 4167 2987 4222 Francum
3019 4186 3139 4223 eum
3170 4170 3353 4234 fuisse,
3388 4174 3442 4227 id

1885 4266 1966 4309 est
1994 4257 2046 4309 in
2072 4255 2300 4310 Francia
2322 4256 2569 4311 orientali
2602 4265 2800 4321 ortum,
2831 4268 3062 4323 constat,
3101 4274 3203 4315 non
3226 4260 3449 4329 quidem

1884 4350 2083 4415 Fuldae,
2114 4351 2206 4405 sed
2247 4351 2545 4420 Magontiae.
2574 4349 2710 4404 Audi
2738 4350 3015 4403 Rabanum
3045 4351 3217 4420 ipsum
3247 4353 3301 4406 in
3344 4353 3443 4408 Al-

1886 4439 2029 4494 cuini
2063 4454 2289 4508 persona
2326 4439 2490 4493 libros
2515 4438 2579 4493 de
2601 4438 2770 4493 Cruce
2797 4454 2922 4493 suos
2942 4437 3251 4494 oll‘erentem
3274 4456 3445 4510 papae,

209 4548 309 4592 tus
349 4537 542 4606 Lupus
587 4536 642 4589 in
682 4533 993 4605 praefatione
1021 4534 1088 4588 ad
1120 4532 1312 4587 librum
1342 4534 1407 4587 de
1450 4532 1569 4587 Vita
1609 4533 1782 4587 sancti
1809 4528 1853 4589 C
1884 4536 1939 4583 et
1974 4529 2053 4583 sic
2089 4529 2156 4583 de
2192 4543 2249 4582 se
2276 4528 2580 4595 loquentem
2614 4547 2625 4580 :

204 4624 504 4696 Wigberti
541 4623 746 4678 abbatis
772 4642 783 4675 :
805 4641 841 4673 τι
870 4622 926 4677 id
954 4629 1129 4676 autem
1157 4638 1195 4674 a'
1223 4622 1379 4691 periti
1418 4621 1785 4676 benevolentia

207 4715 458 4770 lectoris
494 4713 840 4777 obtinuerim,
870 4720 933 4767 ut
949 4711 1126 4767 sicubi
1157 4712 1328 4765 Latini
1358 4713 1619 4767 sermonis
1648 4713 1785 4767 leni-

206 4794 309 4859 tas‘
333 4802 620 4860 hominum
646 4802 951 4857 locorumve
972 4800 1299 4857 Germanica:
1318 4802 1509 4871 lingua;
1530 4816 1778 4857 vernacu-

204 4898 281 4951 lis
312 4902 631 4963 asperatur,
664 4892 871 4947 modice
917 4891 1072 4954 ferat,
1104 4907 1166 4946 ac
1195 4892 1495 4945 meminerit
1523 4906 1628 4945 non
1665 4907 1784 4946 car-

203 5002 348 5042 men
381 4998 476 5038 me
511 4984 765 5047 scribere,
810 4983 900 5037 ubi
924 4984 1130 5050 poetica
1159 4981 1369 5036 licentia
1408 4998 1783 5050 nonnunquam

203 5074 455 5130 nomina
480 5072 810 5135 mutilantur,
841 5078 1000 5139 atque
1020 5070 1083 5124 ad
1100 5072 1441 5125 sonoritatem
1465 5050 1686 5127 Remani
1703 5073 1785 5125 di-

206 5168 487 5233 riguntur
517 5162 731 5229 eloquii,
758 5162 841 5215 vel
868 5161 1078 5230 penitus
1102 5163 1467 5224 immutantur,
1497 5162 1586 5215 sed
1613 5162 1783 5216 histo-

205 5258 365 5310 riam
401 5266 525 5321 qua:
559 5266 617 5304 se
662 5251 936 5305 obscurari
982 5250 1215 5305 colorum
1252 5250 1647 5318 obliquitatibus
1695 5266 1785 5304 re-

200 5345 362 5401 nuit.
412 5361 435 5393 s
470 5339 595 5395 Hac
619 5341 779 5410 igitur
808 5355 967 5395 causa
1006 5348 1089 5394 est
1111 5340 1180 5394 ob
1204 5346 1364 5409 quam
1391 5339 1647 5395 Alcuinus
1671 5341 1780 5394 Ra-

199 5434 369 5489 ωηο
434 5436 843 5500 cognomentum
880 5442 972 5482 seu
1018 5428 1244 5482 alterum
1282 5442 1475 5481 nomen
1530 5429 1782 5497 imposuit

202 5521 447 5581 Mauro,
490 5532 601 5587 quo
636 5518 849 5570 nomine
877 5530 994 5569 eum
1028 5517 1257 5571 salutare
1284 5516 1418 5571 solet
1447 5518 1500 5571 in
1544 5520 1779 5588 epistolis

573 5609 829 5669 Parnm.
875 5606 1044 5665 CVII.

2013 4621 2122 4683 Ipse
2147 4620 2349 4728 quidem.
2366 4620 2575 4668 Francus
2598 4633 2785 4681 genere
2812 4627 2903 4682 est,
2922 4627 3069 4682 atque
3093 4621 3245 4671 incola
3264 4621 3398 4671 silva;
3446 4666 3447 4671 η

2072 4682 2166 4729 Hoc
2204 4692 2344 4729 0mm.
2366 4688 2461 4727 etc.

2113 4692 2344 4741 ocnomm,
2366 4692 2461 4727 etc.

1890 4760 2071 4814 Fuldaa
2106 4759 2324 4827 quippe,
2380 4759 2520 4827 quod
2559 4759 2808 4826 oppidum
2864 4760 2918 4812 in
2960 4759 3229 4813 Bocbonia
3281 4761 3443 4814 situm

1891 4857 2005 4912 est,
2052 4847 2345 4902 monachus
2382 4857 2497 4900 erat
2552 4867 2564 4899 :
2614 4863 2715 4901 non
2761 4856 2937 4901 tamen
2983 4864 3048 4902 eo
3090 4849 3191 4904 loci
3247 4859 3439 4914 natus,

1892 4939 1984 4992 sed
2023 4938 2073 4990 in
2137 4937 2267 4991 urbe
2305 4935 2587 5004 Magontia,
2630 4945 2686 4989 ut
2726 4937 2836 5004 ipse
2876 4938 3025 5010 canit
3068 4938 3120 4990 in
3169 4938 3445 5007 epitaphio

1886 5043 1982 5083 SUO
2015 5046 2026 5079 ἰ

2010 5115 2139 5163 Urbe
2156 5114 2347 5174 quidem
2369 5114 2456 5161 Iisc
2476 5115 2674 5174 genitus
2689 5125 2813 5174 sum,
2834 5127 2889 5163 ac
2904 5127 3037 5163 sacro
3055 5116 3186 5164 fonte
3208 5122 3405 5165 renatus
3424 5127 3438 5165 ;

2069 5175 2122 5223 In
2148 5175 2294 5222 Fule
2319 5183 2425 5234 post
2452 5176 2552 5222 haec
2574 5176 2744 5234 dogma
2767 5186 2953 5222 sacrum
2977 5176 3137 5225 didici.

1886 5253 1996 5307 Nec
2017 5253 2261 5307 audiendi
2287 5260 2412 5305 sunt
2437 5253 2527 5320 qui
2557 5253 3036 5320 interpunctionem
3062 5262 3185 5322 post
3210 5252 3443 5309 vocabit-

1884 5344 1993 5397 lum
2036 5343 2096 5395 in
2146 5341 2321 5394 Fulda
2370 5341 2565 5395 locant.
2630 5328 2881 5397 Rabanus
2917 5332 3066 5396 enim'
3114 5342 3438 5411 sepulturam

1883 5446 2033 5485 suam
2067 5431 2436 5501 designaverat
2474 5430 2752 5499 Magontire
2784 5433 2835 5485 in
2887 5434 3208 5486 monasterio
3252 5430 3437 5487 Sancti

1880 5522 2090 5586 Albani,
2116 5536 2177 5576 ac
2204 5522 2419 5591 proinde
2447 5524 2605 5577 verba
2639 5522 2744 5585 illa,
2772 5523 2909 5577 Ir'rbe
2945 5524 3150 5591 quidem
3173 5524 3269 5576 huc
3296 5523 3437 5592 geni-
