3940 6380
536 317 591 369 11
1636 311 1724 365 All
1763 310 1985 365 OPERA
2025 312 2077 365 Il.

2179 312 2369 367 :XBA’NI
2410 315 2617 372 MAUl‘ul
3660 327 3714 384 η

532 437 614 481 tua
639 441 774 489 sum,
820 425 885 479 de
929 423 1193 495 Magontia
1234 423 1500 493 explicare
1528 427 1753 489 oportet,
1784 428 1839 472 et
1868 418 2079 487 quidem
2111 424 2156 482 Α
2184 417 2560 476 Gundramnus
2583 463 2596 486 ,
2627 425 2717 492 qui
2741 433 2795 478 et
2826 425 3126 497 iugemiscit
3152 444 3208 483 se
3233 430 3282 483 vi
3312 431 3377 484 de
3410 441 3718 494 monasterio

530 518 609 569 sic
635 514 922 584 explicavit
946 523 1100 568 vetus
1124 513 1341 583 quidam
1377 511 1692 579 Anonymus
1717 546 1732 574 ,
1766 508 1919 575 cujus
1960 524 2084 563 sen—

531 606 753 660 tentiam
792 604 1082 659 referemus
1104 602 1239 657 infra
1267 615 1412 654 num.
1439 598 1526 653 59.

596 693 650 747 5.
690 692 910 746 Rabano
956 698 1225 761 parentes,
1263 706 1282 739 ε
1321 687 1656 747 Ruthardum
1707 686 2082 758 Magnentiana

530 778 735 834 familia
766 790 959 844 satum,
977 780 1149 832 virum
1166 775 1386 831 divitem
1410 785 1464 831 et
1487 784 1776 844 potentem,
1800 777 1892 845 qui
1915 777 2083 830 multo

529 878 774 940 tempore
800 869 898 923 sub
923 867 1249 941 Francorum
1276 867 1607 937 principibus
1637 876 1856 922 strenue
1879 868 2082 922 milita-

530 959 704 1023 verit;
752 947 1192 1026 etAldegundem
1239 955 1630 1027 honestissimae
1657 958 2082 1012 conversationis

538 1040 835 1114 mulierem,
872 1066 890 1099 ι
923 1047 1107 1112 tribuit
1130 1047 1363 1102 Joannes
1387 1047 1731 1103 Trithemius.
1764 1047 1870 1104 Sed
1895 1048 1984 1118 qui
2006 1048 2083 1103 la-

468 1173 472 1176 ~
530 1127 662 1211 psus
684 1147 767 1194 est
807 1139 860 1193 in
893 1138 1011 1194 loco
1044 1138 1337 1193 nativitatis
1379 1139 1497 1209 ejus
1523 1139 1869 1210 designando,
1895 1153 2085 1194 vereor

463 1269 467 1273 ι
531 1240 588 1286 ut
616 1230 665 1285 ei
709 1237 820 1284 tute
859 1230 1110 1283 credatur
1140 1229 1205 1283 de
1238 1229 1542 1284 nominibus
1591 1237 1647 1284 et
1686 1230 1948 1300 dignitate
1984 1246 2083 1300 pa-

531 1307 758 1389 rentum,
806 1338 1032 1394 quorum
1073 1323 1219 1377 nulla
1258 1322 1457 1378 mentio
1501 1322 1641 1391 apud
1683 1323 1949 1390 antiquos.
1979 1321 2083 1377 Ve-

527 1421 827 1467 rumtamen
852 1420 1056 1466 certum
1078 1420 1160 1466 cst
1179 1411 1453 1466 Rabannm
1479 1411 1670 1466 illustri
1694 1427 1885 1482 genere
1905 1419 2080 1465 ortum

532 1501 712 1565 fuisse,
740 1511 800 1556 ut
823 1502 910 1569 qui
957 1500 1177 1555 fratrem
1228 1500 1413 1554 habuit
1443 1500 1717 1565 Tutinum,
1762 1500 1933 1553 virum
1959 1513 2080 1554 eum

529 1593 715 1661 primis
743 1592 994 1655 nobilem,
1027 1597 1254 1645 testante
1284 1589 1510 1645 Rabano
1535 1590 1589 1643 in
1619 1590 1734 1659 eius
1777 1589 2076 1659 epitaphio;

527 1691 582 1735 et
625 1689 869 1750 nepotem
916 1679 1318 1735 Gundramnum
1370 1679 1639 1741 Levitam,
1699 1664 1844 1733 cellae
1898 1677 2080 1733 Sancti

2180 506 2347 562 fuisse
2367 509 2623 574 ablatum,
2656 529 2673 562 ι
2708 521 2762 565 et
2784 513 2834 566 in
2859 515 3212 581 palatinorum
3228 533 3448 573 numero
3466 536 3718 592 nuncupa-

2135 628 2142 639 -
2183 611 2314 657 tum.
2358 624 2376 656 ι
2409 605 2561 661 Alius
2585 622 2746 676 porro
2777 609 2905 662 mihi
2929 611 3137 665 videtur
3161 611 3537 669 Gundramnus
3562 616 3654 671 iste
3690 628 3718 669 a

2180 693 2542 755 Gundramno.
2575 697 2748 765 cujus,
2774 701 2850 754 uti
2875 709 2930 755 et
2966 702 3218 758 Otdrudis
3255 705 3369 773 ejus
3390 709 3595 773 uxoris,
3616 709 3717 778 epi-

2183 782 2420 850 tapliium
2444 785 2614 838 texuit
2643 786 2914 855 Rabanus,
2944 805 3065 844 cum
3089 791 3294 860 primus
3329 793 3514 847 Levita
3547 794 3713 858 fuerit,

2181 871 2316 926 alter
2351 871 2682 944 conjugatus.
2729 875 2854 932 Haec
2887 876 2953 932 de
2993 878 3200 932 Rabani
3229 881 3568 950 parentibus,
3598 891 3730 950 quos

2181 962 2355 1018 claros
2389 964 2555 1021 fuisse
2573 981 2638 1021 ex
2657 965 2771 1034 jam
2797 967 2952 1023 dictis
2977 968 3449 1025 manifestum-est.

2248 1051 2302 1104 ι.
2343 1051 2650 1108 Natalitium
2691 1053 2807 1122 ejus
2839 1057 2978 1110 diem
3005 1064 3064 1110 et
3104 1072 3302 1111 annum
3343 1061 3719 1114 asseverantius

2181 1136 2367 1219 deﬁnit
2403 1137 2727 1201 Tritbemins
2769 1159 2791 1192 ‹
2830 1151 3019 1211 quarto
3058 1158 3226 1197 nonas
3252 1144 3547 1208 Februarii,
3592 1161 3721 1200 anno

2180 1229 2650 1299 septingentesimo
2688 1232 3016 1302 octogesimo
3053 1242 3260 1287 octavo.
3309 1252 3326 1284 ι
3367 1235 3516 1288 Diem
3550 1235 3721 1289 nescio

2179 1311 2320 1393 unde
2347 1316 2631 1384 acceperit,
2657 1332 2853 1371 annum
2883 1327 3102 1386 propter
3133 1332 3296 1388 prope
3319 1320 3512 1389 attigit.
3557 1321 3719 1374 Raba-

2180 1419 2281 1458 nus
2305 1405 2373 1458 ad
2408 1404 2724 1460 diaconatus
2749 1408 2968 1477 gradum
2999 1416 3273 1477 promotus
3302 1419 3383 1464 est
3423 1425 3563 1464 anno
3583 1409 3723 1465 Cbri-
3791 1475 3794 1478 ἢ

2180 1482 2248 1546 sti
2286 1493 2727 1563 octingentesimo
2755 1496 2946 1564 primo,
2980 1505 3038 1549 ut
3081 1495 3304 1551 inferius
3339 1500 3631 1554 ostendam.
3671 1489 3740 1553 Si

2181 1580 2436 1636 Ecclesia:
2459 1590 2666 1636 veteres
2689 1582 2830 1650 leges
2860 1598 2923 1637 ac
2953 1583 3162 1652 regulas
3189 1584 3288 1637 hac
3310 1586 3361 1637 in
3393 1601 3450 1638 re
3478 1588 3721 1657 servavit,

2182 1678 2312 1726 tunc
2349 1679 2509 1726 natus
2547 1679 2665 1726 erat
2703 1687 2872 1727 annos
2915 1673 3192 1726 minimum
3247 1674 3432 1744 viginti
3478 1675 3721 1753 quinque.

531 1773 638 1829 50p
673 1773 1050 1842 praepositum,
1090 1780 1146 1825 ει
1181 1754 1431 1825 ιυάάνίοί
1466 1770 1768 1825 Germania;
1802 1769 1944 1840 regis
1983 1785 2077 1824 ca-
2106 1753 2151 1810 B
2179 1758 2330 1813 Hanc
2366 1761 2508 1814 enim
2533 1769 2743 1814 retatem
2767 1761 2986 1830 exigunt
3011 1761 3173 1830 prisci
3199 1776 3453 1827 canones,
3496 1764 3596 1817 nisi
3626 1763 3727 1818 dis-

525 1862 810 1930 pellanum.
852 1860 1034 1914 Tutini
1060 1859 1386 1930 epitaphium
1411 1857 1670 1927 ejusmodi
1694 1867 1776 1914 est
1805 1877 1818 1912 :

649 1991 742 2054 Ηῑς
764 1995 886 2054 jacet
913 1992 1114 2054 insignis
1139 1992 1204 2039 \ir
1229 1991 1419 2039 nomine
1443 1991 1583 2039 Tutin
1607 1984 1882 2054 humatus,‘

710 2051 964 2111 (Zumpleus
985 2051 1284 2100 communem
1305 2059 1436 2099 sorte
1460 2058 1659 2099 vocante
1680 2051 1827 2100 diem.

649 2112 752 2160 Alta
776 2112 1009 2160 clarorum
1033 2113 1111 2173 qui
1142 2118 1278 2158 natus
1299 2113 1449 2173 stirpe
1476 2118 1724 2173 parentum
1747 2147 1762 2168 ,

711 2173 844 2223 More
867 2173 992 2220 omni
1016 2171 1245 2231 proceres
1266 2171 1578 2231 azqiitpararit
1599 2183 1727 2231 avos.

646 2231 868 2296 ingenio,
897 2229 1172 2296 probitate,
1187 2229 1304 2296 fide,
1327 2229 1561 2296 verbique
1579 2230 1760 2296 decore
1785 2267 1799 2291 ,

732 2300 838 2342 nter
856 2291 1055 2352 regales
1077 2291 1395 2352 vialtbonore
1420 2293 1562 2339 viros.

647 2353 799 2410 Ouem
824 2351 1048 2413 juvenem
1072 2351 1243 2413 mediis
1261 2351 1490 2400 cecidisse
1509 2351 1710 2401 viriliter
1731 2351 1893 2409 armis,

707 2412 879 2463 Effecit
901 2412 1077 2459 domini
1102 2412 1253 2470 gratia
1271 2423 1442 2471 magna
1468 2413 1560 2460 sui.

649 2472 823 2523 Frater
849 2472 1083 2534 pontittcis
1106 2471 1307 2534 futtilis
1322 2470 1607 2534 celerrimus
1628 2471 1776 2521 amis

709 2535 798 2593 Qui
820 2531 915 2584 huc
938 2534 1155 2594 germani
1178 2531 1350 2594 detulit
1370 2543 1476 2594 ossa
1499 2534 1594 2594 sui.

645 2591 817 2656 Flecte
839 2591 968 2655 genu
989 2593 1266 2656 palmasque
1287 2591 1564 2656 lera,b_one
1583 2591 1753 2656 iactor,
1774 2594 1827 2641 et
1843 2602 1986 2641 orans

709 2655 815 2715 Dic,
839 2651 1030 2716 precor,
1051 2651 1283 2702 ambobus
1303 2652 1560 2714 pr0pitiare
1583 2651 1731 2702 Deus.

522 2758 655 2813 Nam
681 2765 742 2813 ut
762 2758 816 2812 id
840 2757 906 2811 de
924 2756 1145 2811 Rabano
1166 2754 1442 2826 pontiﬁce,
1471 2771 1579 2810 non
1603 2757 1668 2811 de
1693 2756 1798 2811 alio
1819 2746 2079 2828 interpre-

533 2858 633 2914 ter,
665 2847 812 2914 facit,
865 2847 1005 2915 quod
1050 2846 1354 2917 pontificem
1393 2861 1499 2903 non
1541 2847 1803 2913 nominat,
1848 2855 1904 2903 et
1935 2849 2077 2918 quod

521 2952 621 3008 pro
656 2936 902 2991 ambobus
933 2936 1202 3007 germanis
1229 2936 1464 3005 postulat
1489 2951 1696 3006 preces.
1730 2938 1883 3004 Quod
1915 2938 1960 2992 si
1988 2938 2076 2994 cui

2179 1849 2424 1918 pensatio
2442 1850 2777 1904 accessisset.
2807 1849 2946 1920 Ergo
2971 1850 3023 1904 in
3041 1850 3220 1924 lucem
3244 1851 3418 1905 editus
3447 1859 3530 1905 est
3556 1850 3722 1904 Raba-

2177 1954 2279 1994 nus
2313 1953 2454 1992 anno
2493 1937 2606 1992 fere
2655 1937 2775 1993 776.
2813 1938 2971 1994 Certe
3016 1940 3181 1995 libros
3206 1940 3338 1995 duos
3376 1941 3440 1994 de
3488 1941 3724 1995 laudibus

2177 2036 2375 2082 sancta:
2406 2028 2580 2082 crucis
2617 2028 2851 2083 scribere
2898 2044 3182 2099 aggressus
3227 2038 3308 2084 est
3339 2016 3480 2084 ante
3532 2045 3725 2084 annum

2175 2115 2296 2180 810,
2322 2115 2411 2171 ubi
2434 2131 2526 2170 sea:
2549 2114 2732 2182 lustra,
2763 2117 2814 2172 id
2847 2127 2932 2173 est
2957 2119 3176 2189 triginta
3199 2135 3386 2184 annos,
3413 2121 3670 2190 implevit.

2719 2273 2722 2276 .
2791 2227 3016 2285 CAPUT
3052 2230 3114 2284 li.

2177 2312 2467 2369 Honostica
2477 2316 2730 2386 professio
2750 2327 2798 2371 et
2822 2317 3150 2388 diaconatus,
3177 2321 3349 2375 studia
3370 2321 3463 2374 sub
3489 2321 3723 2388 Alcuino,

2779 2387 3136 2457 condiscipuli.
3275 2390 3277 2392 ’

2245 2473 2297 2526 5.
2339 2490 2360 2523 ι
2399 2471 2580 2528 Fuldae
2609 2475 2904 2530 monachus
2929 2490 2960 2530 a
3000 2491 3168 2546 puero
3194 2475 3315 2544 fuit,
3356 2499 3376 2532 ι
3419 2483 3554 2535 teste
3581 2480 3723 2535 Ano-

2176 2576 2335 2631 nymo
2359 2561 2582 2617 inferius
2605 2562 2935 2630 adducenda,
2961 2565 3177 2636 id~quod
3198 2567 3358 2621 etiam
3379 2569 3512 2624 satis
3533 2569 3727 2624 indicat

2178 2652 2233 2705 in
2257 2667 2355 2706 suo
2377 2650 2542 2721 ipsius
2579 2653 2871 2722 epitaphio,
2887 2654 2988 2723 ubi
3011 2663 3401 2724 consequenter
3432 2665 3553 2726 post
3575 2672 3727 2712 acce-

2175 2748 2323 2810 ptum
2345 2742 2667 2812 baptismum
2683 2755 2745 2796 se
2767 2732 2955 2796 Fnldar
2969 2743 3157 2814 dogma
3177 2759 3403 2808 sacrum,
3427 2745 3480 2800 id
3501 2753 3585 2799 est
3609 2745 3729 2813 vitae

2177 2829 2495 2885 Christiana:
2516 2838 2571 2885 et
2607 2831 2917 2886 monasticae
2957 2831 3101 2902 leges
3129 2831 3378 2887 didicisse
3402 2832 3646 2888 aﬂirmat.
3668 2833 3731 2887 lu

2177 2919 2500 2989 pervetustis
2539 2919 2834 2978 Annalibus
2884 2920 3254 2984 Fuldensibus,
3286 2923 3376 2990 qui
3421 2921 3476 2975 in
3523 2937 3664 2978 anno
3689 2923 3723 2976 ι

523 3041 630 3082 non
656 3026 790 3082 satis
812 3025 1147 3094 exploratum
1169 3027 1434 3093 videatur,
1474 3027 1662 3083 saltem
1691 3028 1950 3084 concedat
1986 3040 2077 3084 ne-

2179 3011 2386 3081 imperii
2427 3009 2680 3067 Ludovici
2708 3011 2788 3066 Pii
2815 3011 3087 3076 desinunt,
3124 3012 3264 3082 apud
3294 3013 3639 3067 Lambecium
3672 3014 3727 3067 in

527 3079 679 3173 ;,,',.;
726 3079 1285 3181 eg.'c‘u;,d,,m;,;;
1299 3079 2071 3187 Qﬁm‘giﬁigugﬂbgi
2099 3079 2143 3142 C
2175 3079 2321 3157 temo
2345 3102 2385 3155 il
2409 3100 2667 3158 Caesarea:
2690 3102 3055 3168 Bibliothecaa,
3083 3079 3264 3156 Italian
3286 3103 3537 3158 diaconus
3559 3104 3729 3172 [actas

476 3268 483 3275 ,
521 3205 689 3261 fuisse
723 3212 991 3276 nepotem.
1037 3203 1204 3274 Hujus
1246 3206 1324 3261 rei
1351 3215 1556 3262 certum
1595 3206 1853 3263 habemus
1886 3216 2072 3263 aucto-

525 3311 661 3360 rem,
695 3311 801 3351 non
849 3294 1020 3350 solum
1057 3295 1429 3350 Ermanricum
1467 3294 1584 3364 ejus
1623 3296 1879 3365 aequalem
1910 3297 1964 3351 in
2003 3297 2070 3351 ii-

522 3385 621 3438 bro
663 3383 726 3437 de
769 3383 933 3453 gestis
961 3385 1130 3438 sancti
1174 3383 1304 3450 Soli,
1345 3385 1440 3439 sed
1464 3386 1626 3439 etiam
1669 3385 2074 3440 Gundramnnm

527 3477 727 3542 ipsum,
755 3474 846 3542 qui
875 3482 932 3528 ut
960 3473 1334 3530 Ermanricum
1369 3476 1437 3530 ad
1461 3476 1797 3532 scribendam
1833 3476 1947 3533 Soli
1986 3479 2075 3533 Vi-

525 3574 632 3618 tam
655 3566 963 3630 adduceret,
994 3565 1189 3618 domini
1219 3565 1438 3633 abbatis,
1480 3569 1678 3637 patrui,
1721 3569 1914 3638 inquit,
1942 3571 2072 3634 mei,

523 3654 784 3708 licentiam
807 3654 995 3709 defert.
1026 3640 1156 3721 Quis
1185 3655 1284 3708 istc
1311 3656 1476 3710 abbas
1500 3656 1954 3724 fuerit,~~declarat
1972 3659 2072 3712 Er-

527 3743 798 3796 manricus
840 3743 892 3797 in
918 3741 1074 3797 dictae
1100 3743 1233 3798 Vitm
1258 3759 1377 3813 cap.
1415 3743 1467 3809 6,
1513 3746 1767 3800 nimirum
1792 3745 2074 3800 Fuldensis

525 3833 874 3886 monasterii:
921 3851 940 3883 ‹
981 3831 1068 3886 ubi
1111 3833 1220 3887 Deo
1251 3834 1563 3902 providente
1600 3835 1759 3890 modo
1796 3836 2099 3890 sanctissi-.

523 3937 642 3977 mus
680 3937 744 3976 ac
789 3923 840 3975 in
888 3918 1050 3977 omni
1079 3931 1194 3978 arte
1241 3924 1598 3992 peritissimus
1650 3925 1900 3980 dominus
1937 3926 2072 3980 abba

526 4013 775 4068 [tabanus
822 4014 1200 4083 perspicaciter
1237 4013 1422 4084 fulget.
1465 4014 1865 4071 Gundramnum
1897 4018 2074 4074 diaco-

524 4118 649 4156 num
679 4103 1050 4157 charissimam
1077 4118 1229 4158 suum
1251 4103 1453 4158 cellulae
1480 4103 1660 4160 Sancti
1691 4105 1801 4160 Soli
1822 4106 2072 4160 aedituum

526 4209 590 4248 ac
640 4195 780 4264 regis
813 4193 1142 4262 capellanum
1198 4212 1218 4245 ι
1261 4193 1605 4249 Ermanricus
1647 4195 1722 4249 ita
1767 4196 2103 4265 loquentem-

468 4339 476 4346 ,
523 4284 729 4337 inducit
761 4298 876 4351 cap.
911 4283 976 4336 10
1006 4301 1018 4334 :
1063 4300 1082 4332 ι
1117 4283 1228 4353 Ego
1250 4298 1498 4353 namque,
1533 4283 1701 4339 frater
1734 4271 2069 4350 charissime,

524 4375 820 4444 imperante
861 4374 1075 4428 domino
1119 4389 1240 4430 meo
1285 4388 1428 4444 rege,
1458 4389 1524 4429 ex
1553 4375 1853 4429 obedientia
1890 4377 2066 4446 patrui
2094 4409 2146 4467 Β

2174 3203 2503 3249 memoratur
2525 3208 2662 3248 anno
2689 3192 2758 3248 53
2786 3193 2933 3262 regni
2963 3192 3140 3249 Caroli
3177 3192 3375 3265 Magni,
3405 3194 3458 3248 id
3484 3202 3568 3249 est
3588 3210 3730 3250 anno

2175 3281 2374 3336 Christi
2396 3281 2518 3337 801.
3491 3324 3493 3326 .
3722 3265 3728 3272 ’

2245 3370 2296 3424 6.
2318 3369 2724 3425 Adolescentem
2741 3370 2876 3440 jam,
2896 3379 2950 3426 et
2976 3371 3170 3425 litteris
3184 3379 3450 3441 utcunque
3469 3370 3731 3426 imbutum

2175 3455 2462 3527 Ratgarius
2514 3457 2793 3513 Fuldensis
2837 3459 3002 3512 abbas
3049 3459 3116 3513 ab
3160 3468 3302 3512 anno
3343 3458 3437 3513 811
3475 3458 3529 3511 in
3562 3473 3730 3512 annos

2174 3546 2463 3611 sexdecim,
2498 3565 2514 3597 ι
2547 3546 2825 3602 Rabanum
2851 3563 2953 3600 una
2982 3562 3101 3601 cum
3139 3546 3365 3601 Hattone
3390 3547 3619 3602 Turonis
3650 3547 3731 3600 di-

2176 3635 2314 3690 rexit
2341 3635 2408 3689 ad
2447 3635 2696 3689 Albinum
2745 3636 3060 3705 magistrum
3107 3637 3278 3706 gratia
3328 3635 3574 3691 liberales
3621 3635 3734 3691 dis-

2175 3724 2326 3777 cendi
2381 3733 2562 3787 artes,
2602 3743 2619 3774 ι
2678 3731 2735 3778 ut
2785 3739 2852 3778 ex
2895 3733 3200 3794 pervetusto
3255 3726 3434 3780 codice
3479 3725 3732 3779 Fuldensi

2176 3810 2339 3867 refert
2351 3813 2633 3869 Browerus
2657 3814 2712 3866 in'
2726 3815 2875 3868 notis
2888 3815 2952 3868 ad
2966 3814 3169 3868 Rabani
3196 3828 3386 3881 poema
3412 3813 3496 3867 15.
3513 3813 3731 3883 ,Βειθίι-

2177 3902 2258 3958 rio
2287 3902 2340 3957 id
2370 3913 2648 3972 acceptum
2670 3904 2873 3958 referre
2900 3905 3113 3958 videtur
3141 3903 3254 3971 ipse
3278 3903 3533 3957 Rabanus
3554 3904 3608 3957 in
3649 3902 3733 3956 di-

2175 4000 2262 4048 cto
2288 3999 2548 4063 poemate,
2597 3992 2650 4045 iii
2685 4007 2790 4060 quo
2816 3990 2978 4060 aliqui
3010 4005 3196 4046 versus
3225 3991 3328 4046 hoc
3364 3990 3482 4046 loco
3506 3991 3736 4046 veniunt

2173 4079 2511 4136 observandi.

2296 4190 2402 4254 1am
2426 4192 2543 4240 mihi
2566 4193 2800 4240 concessit
2821 4190 3010 4254 bonitas
3033 4199 3112 4238 tua
3128 4189 3318 4254 discere
3339 4188 3489 4239 libros
3511 4201 3526 4235 :

2355 4251 2454 4300 Sed
2477 4265 2554 4299 me
2575 4259 2829 4312 paupertas
2850 4250 3050 4312 suifcat
3071 4250 3266 4309 ingenii.

2297 4311 2376 4360 Me
2399 4314 2506 4372 quia
2531 4310 2831 4373 quaecunque
2854 4311 3120 4359 docuerunt
3142 4322 3228 4373 ore
3253 4310 3465 4373 magistri
3488 4344 3503 4371 ,

2360 4370 2432 4421 se
2461 4370 2579 4434 vaga
2606 4384 2742 4421 mens
2765 4374 2953 4433 perdat,
2977 4378 3144 4419 uincta
3167 4370 3279 4420 dedi
3303 4371 3447 4419 foliis.

519 4479 586 4518 ac
614 4464 810 4518 domini
840 4463 942 4517 mei
972 4463 1275 4517 eharissimi
1306 4475 1359 4518 et
1385 4463 1608 4517 fratrum
1654 4463 1769 4531 ejus
1806 4464 1897 4532 qui
1943 4476 2063 4518 cum
2094 4463 2133 4467 ⁷
2173 4475 2309 4530 Hinc
2349 4475 2597 4529 Albinum
2628 4489 2721 4528 seu
2766 4473 3046 4528 Alcuinum
3076 4483 3453 4543 praeceptorem
3484 4489 3638 4528 suum
3672 4474 3728 4528 in

522 4568 586 4607 eo
613 4552 982 4607 emnohiaiiter
1000 4553 1205 4617 vivunt,
1230 4551 1317 4606 hic
1344 4566 1483 4615 sum,
1514 4552 1790 4614 ut-‘cernis,
1807 4552 1858 4604 in
1878 4545 2067 4606 arctis-4

523 4645 718 4698 simum
757 4650 810 4695 et
836 4640 1280 4695 sterilemJocum
1323 4640 1607 4708 deputatus
1650 4641 1909 4694 minister.
1946 4660 1965 4692 ι
2012 4640 2070 4696 id

523 4734 586 4787 de
608 4731 751 4786 nullo
775 4731 880 4784 alio
905 4729 1120 4800 intelligi
1149 4738 1325 4798 potest
1349 4744 1508 4808 quam
1535 4730 1600 4783 de
1629 4729 1850 4784 Rabano
1875 4729 2070 4784 abbate

525 4821 800 4874 Fuldensis
835 4819 1162 4881 monasterii,
1195 4833 1224 4871 a
1260 4833 1366 4886 quo
1409 4819 1674 4886 pendebat
1706 4818 1857 4873 cella.
1881 4816 2067 4872 Sancti

523 4912 652 4965 Soli.
687 4910 864 4980 Pergit
898 4910 1080 4963 dicere
1112 4907 1532 4963 Gundramnus:
1569 4925 1588 4959 ι
1615 4909 1696 4962 Ad
1736 4910 1852 4963 hare
1878 4915 1932 4962 et
1970 4908 2073 4971 hoc

526 5008 760 5054 mentem
792 4998 1108 5066 smpiuscule
1134 5007 1333 5061 movet,
1362 4996 1489 5065 quid
1528 4997 1582 5050 in
1611 5012 1696 5051 me
1738 4998 1864 5052 boni
1900 4998 2070 5051 domi-

522 5103 624 5141 nus
656 5103 748 5141 rex
794 5087 1052 5156 potuisset
1103 5087 1362 5151 nancisci,
1395 5086 1536 5153 quod
1581 5086 1856 5139 servitium
1897 5102 2075 5140 meum

524 5178 770 5247 dignatus
802 5182 885 5229 est
915 5183 1190 5244 appetere,
1215 5174 1298 5226 vel
1324 5189 1420 5227 cur
1450 5174 1706 5232 voluisset
1735 5188 1820 5226 me
1853 5187 1882 5225 a
1923 5173 2071 5240 quie-

526 5263 729 5317 tissima
764 5262 994 5316 οωηοῦἰί
1027 5263 1156 5326 vita,
1195 5262 1438 5329 quamvis
1477 5261 1730 5314 hactenus
1777 5275 1882 5313 non
1931 5259 2067 5329 liga-

522 5363 657 5410 tum.
685 5353 738 5405 in
777 5363 841 5404 ea
877 5351 1123 5414 educere,
1151 5351 1288 5403 etin
1331 5351 1444 5403 haec
1476 5350 1769 5418 asperrima
1805 5349 2068 5402 montium

522 5441 644 5510 iuga
671 5437 923 5525 statuere;
957 5459 979 5492 ›
1006 5441 1264 5493 Nimirum
1307 5454 1472 5508 prope
1511 5438 1699 5493 cellam
1745 5437 1927 5493 Sancti
1955 5438 2063 5494 Soli

525 5530 644 5584 vitia
683 5545 777 5584 seu
801 5530 988 5606 donius
1020 5531 1165 5598 regia
1191 5539 1331 5593 erat,
1372 5538 1430 5583 ut
1452 5538 1597 5598 patet
1633 5545 1698 5584 ex
1739 5546 2065 5599 consequen-

527 5619 665 5674 tibus
708 5617 1041 5676 Gundramni
1087 5619 1285 5685 verbis,
1331 5622 1416 5674 cui
1453 5622 1590 5676 villa:
1627 5621 1907 5690 prmfectus
1951 5633 2066 5677 erat

2173 4564 2406 4619 carmine
2434 4563 2586 4618 libris
2614 4564 2678 4618 de
2709 4571 2894 4617 sancta
2923 4561 3092 4641 Cruce
3134 4563 3352 4631 prchixo
3378 4563 3597 4628 inducit,
3629 4577 3730 4630 pro

2172 4670 2230 4710 se
2253 4655 2326 4708 ita
2354 4663 2544 4707 sancto
2570 4652 2796 4708 Martino
2817 4652 3199 4721 supplicantem
3231 4670 3243 4705 :

2297 4769 2465 4831 Sancte
2491 4770 2581 4817 Dei
2611 4767 2799 4831 praesul,
2816 4770 3012 4831 meritis
3041 4771 3087 4816 in
3111 4769 3282 4817 secula
3306 4771 3506 4831 vivens,

2355 4828 2548 4878 Causam
2573 4841 2711 4888 quant
2739 4827 2954 4889 feritnus,
2979 4832 3167 4889 suscipe
3190 4838 3354 4877 mente
3379 4832 3473 4888 pia.

2293 4888 2481 4950 Nempe
2498 4901 2596 4950 ego
2611 4902 2724 4950 cum
2749 4888 3112 4938 fueram’custos
3129 4890 3420 4950 humilisque
3441 4888 3665 4937 minister

2355 4949 2500 4999 istius
2523 4949 2759 5016 ecclesma,
2779 4952 3152 5016 «togmata_sacra
3176 4949 3385 5016 legens;

2295 5009 2432 5058 Hunc
2456 5021 2652 5068 puerum
2677 5011 2810 5057 docui
2831 5011 2972 5056 divini
2996 5009 3168 5058 famine
3196 5009 3330 5058 verbi

2358 5068 2538 5117 Ethicse
2561 5071 2750 5116 monitis
2772 5078 2822 5116 et
2843 5071 3019 5129 sophia
3042 5068 3232 5118 studiis.

2298 5128 2406 5189 ipse
2430 5131 2621 5189 quidem
2651 5129 2859 5177 Francus
2879 5127 3063 5188 genere
3090 5138 3179 5184 est,
3197 5138 3341 5191 atque
3366 5127 3518 5176 incola
3540 5127 3678 5176 silva

2358 5191 2395 5238 Β
2424 5193 2593 5246 ceniai,‘
2621 5191 2699 5236 hic
2722 5191 2894 5237 missus
2915 5192 3104 5238 discere
3131 5189 3272 5236 verba
3301 5189 3406 5237 Dei.

2296 5251 2454 5297 Ahhas
2478 5263 2681 5308 namque
2703 5262 2834 5303 suus.
2869 5249 3119 5298 Fuldensis
3143 5257 3301 5297 rector
3325 5250 3463 5297 ovilis
3485 5287 3499 5308 ,

2361 5310 2493 5357 illum
2524 5311 2615 5368 huc
2635 5311 2814 5356 direxit
2848 5310 2904 5356 ad
2934 5320 3011 5357 tua
3037 5318 3184 5366 tecta,
3212 5309 3393 5356 Pater:

2296 5371 2401 5429 Quo
2423 5382 2608 5416 mecum
2635 5369 2827 5429 legeret
2850 5375 2990 5418 metri
3011 5369 3317 5417 scholasticus
3340 5377 3495 5417 artem
3519 5406 3532 5428 ,

2359 5423 2649 5485 Scripturam
2671 5423 2721 5477 ἐι
2743 5441 2923 5476 sacram
2946 5431 3036 5478 rite
3063 5437 3255 5488 pararet
3279 5442 3441 5477 orans.

2173 5530 2266 5584 llis
2295 5530 2535 5584 versibus
2576 5529 2828 5597 deceptus
2857 5539 2938 5583 est
2976 5529 3297 5583 Trithemius
3322 5538 3376 5584 et
3410 5531 3518 5595 alii,
3552 5539 3611 5583 ut
3635 5528 3730 5584 di-

2172 5633 2351 5677 cerent
2378 5663 2392 5689 ,
2425 5623 2699 5676 Rabanum
2722 5622 2944 5677 Alcuine
2990 5608 3314 5692 praeceptore
3351 5623 3541 5678 litteris
3590 5634 3742 5692 ope-
