3940 6356
238 229 300 302 l3
1575 254 2090 311 mommsens.
3360 264 3421 320 it

235 374 346 426 ram
399 360 614 414 dedisse
659 353 871 425 Romae;
924 362 1026 415 rati
1056 363 1157 416 hoc
1202 377 1438 431 carmen,
1485 368 1626 433 quod
1660 381 1783 420 san-
1814 373 1860 429 Α

234 456 324 500 eto
355 445 579 501 Martino
608 448 903 503 Turonensi
933 449 1157 503 antistiti
1189 450 1453 519 dirigitur,
1487 452 1784 522 intelligen-

233 533 361 588 dum
400 550 520 589 esse
547 536 613 609 de
638 536 888 605 pontiﬁce
916 537 1177 603 Romano,
1213 536 1384 606 deque
1415 539 1653 595 Romana
1681 542 1783 595 Ec-

233 625 420 686 clesia,
452 626 504 679 in
536 641 640 694 qua
669 626 877 687 litteras
900 620 1177 697 professus
1206 627 1279 681 sit
1300 627 1578 682 Alcuinus.

305 715 358 768 7.
399 712 705 770 Studiorum
733 717 1006 771 socios-in
1033 714 1328 770 Turonensi
1378 715 1648 770 academia
1681 716 1786 768 Ra-

233 803 406 857 banus
432 804 618 859 habuit
638 805 918 859 Hattonem
949 821 1016 860 ex
1036 807 1212 870 dictis,
1234 806 1351 876 ejus
1390 817 1574 874 postea
1614 807 1668 859 in
1696 808 1788 860 ab-

234 879 418 944 batiali
471 892 727 961 dignitate
770 907 1166 958 successorem;
1218 900 1273 946 et
1316 893 1659 948 Hemmonem
1693 909 1786 947 seu

233 979 549 1035 Hannonem
581 1021 595 1046 ,
641 979 762 1036 dein
809 982 1117 1051 episcopum
1169 979 1690 1046 Halbcrstatensem;
1734 980 1787 1034 id

231 1071 377 1123 enim
409 1070 676 1140 colligitur
723 1085 788 1124 ex
831 1070 1144 1139 praefatione
1199 1071 1380 1139 operis
1430 1070 1496 1125 de
1526 1071 1787 1125 Uuiverso

202 1156 516 1225 ,llemmoni
556 1157 716 1214 dicati
756 1159 808 1212 in
836 1156 951 1212 haec
977 1158 1172 1219 verba:
1211 1177 1228 1208 ‹
1273 1154 1474 1212 Memor
1516 1172 1632 1210 sum
1658 1157 1782 1212 boni

233 1245 396 1298 studii
438 1247 546 1310 tui,
581 1255 765 1300 sancte
809 1246 989 1311 Pater,
1038 1248 1179 1316 quod
1233 1247 1464 1301 habuisti
1519 1247 1572 1300 in
1598 1246 1787 1316 puerili

235 1343 397 1402 atque
418 1333 642 1401 juvenili
666 1341 821 1388 aetate
851 1335 904 1388 in
933 1335 1228 1389 litterarum
1252 1335 1511 1390 exercitio
1532 1343 1585 1388 et
1610 1349 1789 1388 sacra-

237 1440 358 1478 rum
386 1424 685 1478 litterarum
721 1426 1079 1487 meditatione,
1109 1426 1322 1494 quando
1351 1440 1556 1480 mecum
1579 1424 1790 1494 legebas

237 1527 344 1565 non
367 1512 538 1565 solum
567 1510 774 1566 divinos
794 1513 960 1567 libros
985 1520 1038 1567 et
1055 1522 1360 1569 sanctorum
1389 1513 1606 1568 Patrum
1631 1529 1790 1582 super

233 1613 328 1653 eos
353 1599 734 1668 expositiones,
765 1597 857 1655 sed
885 1601 1047 1654 etiam
1077 1602 1232 1671 hujus
1259 1602 1441 1656 mundi
1469 1602 1784 1671 sapientium

2011 364 2142 432 Quod
2164 364 2398 432 quondam
2430 365 2589 418 docuit
2606 367 2806 432 Albinus
2828 372 2917 420 rite
2940 375 3166 432 magister
3193 362 3228 432 ,-

2067 425 2167 474 Hoc
2186 425 2359 486 pectus
2381 433 2549 477 teneat
2569 465 2581 488 ,
2616 428 2703 476 hoc
2726 443 2844 492 opus
2864 425 3217 495 omne'prubet'.

1884 525 2016 578 Cum
2037 522 2386 580 Fuldcnsibus
2423 517 2618 582 scholis
2643 539 2894 596 prmessct
2930 531 3196 598 Rahazius,
3245 533 3427 592 Gildas

1887 615 2151 670 ilibernus
2179 618 2342 685 ipsius
2364 628 2550 688 rogatu
2581 619 2772 673 librum
2800 621 2864 674 de
2898 619 3155 692 Computo
3179 627 3428 695 capitulis

1887 703 1955 757 99
2014 705 2195 768 edidit,
2262 705 2539 774 eidemque
2591 709 2930 778 nuncupavit.
2976 709 3420 782 Nuncupatoriam

1887 790 2160 857 epistolam
2206 809 2270 845 ex
2315 793 2627 847 Cottoniana
2657 795 2976 852 bibliotheca
3019 801 3251 870 vulgavit
3285 804 3424 859 inter

1888 874 2198 934 llibernicas
2223 878 2483 937 llsserius.
2522 885 2593 936 Ea
2623 885 2675 938 in
2702 883 2920 954 epistola
2953 891 3127 959 operis
3146 907 3426 963 argumen-

1888 977 2001 1021 tum
2047 968 2229 1024 Gildas
2253 971 2501 1042 explicat,
2538 977 2738 1044 gratias
2771 993 2931 1048 agens
2982 979 3107 1046 Deo,
3137 1001 3155 1033 i
3187 985 3276 1052 qui
3307 986 3423 1051 tilti,

1887 1057 2077 1126 inquit,
2101 1057 2216 1126 ejus
2243 1073 2475 1115 amorem
2504 1063 2797 1132 inspiravit,
2829 1075 2985 1136 teque
3005 1071 3178 1124 reddit
3202 1088 3298 1128 suo
3322 1071 3424 1128 luis

1887 1160 2012 1214 gere
2042 1146 2449 1214 decoratumuet
2475 1152 2730 1218 proximis
2756 1155 2860 1208 tuis
2883 1158 3293 1224 profectuosum.
3321 1180 3352 1213 's
3414 1186 3418 1190 ι

1957 1235 2041 1287 11.
2083 1236 2378 1306 Discipulos
2399 1238 2594 1293 habuit
2622 1243 2931 1310 permultos",
2976 1248 3026 1300 in
3066 1250 3148 1303 bis
3173 1250 3428 1306 Walal‘ri-

1887 1322 2011 1376 dum
2028 1322 2295 1386 Strabum,
2319 1324 2597 1382 Servatum
2625 1329 2849 1398 Lupum,
2879 1333 3180 1401 Rudoli‘um,
3207 1354 3431 1408 sequen-

1890 1413 1958 1468 tis
1991 1412 2120 1467 Vita:
2167 1417 2503 1485 scriptorem,
2533 1427 2587 1473 et
2617 1418 2903 1488 Otfridum,
2934 1425 2998 1478 de
3027 1428 3218 1494 quibus
3262 1442 3430 1497 pauca

1887 1503 1972 1556 hic
1993 1504 2312 1558 adnotanda.
2359 1505 2681 1564 Walafriilus
2727 1508 2968 1577 Strabus,
3005 1516 3094 1583 qui
3119 1527 3305 1584 postea
3333 1518 3434 1573 fuit

1886 1592 2066 1661 Augiae
2094 1594 2277 1658 abbas,
2309 1612 2365 1649 se
2393 1598 2504 1666 ipse
2547 1599 2686 1652 inter
2715 1599 2919 1655 Rabani
2956 1603 3243 1673 discipulos
3269 1609 3435 1662 adnu-

225 1689 299 1744 (ιθ
330 1705 508 1744 rerum
542 1691 748 1745 naturis
777 1690 1003 1746 solm-tes
1046 1691 1438 1760 inquisitiones,
1470 1707 1602 1760 quas
1644 1675 1698 1745 iii
1721 1690 1788 1745 Ii-
1817 1697 1864 1755 B
1893 1691 2062 1737 merat
2088 1684 2138 1737 in
2169 1687 2407 1741 carmine
2435 1687 2634 1757 scripto
2662 1689 2728 1742 ad
2774 1688 3103 1746 IIRabanum
3132 1696 3434 1764 magistrum

228 1779 494 1833 beralium
535 1780 732 1832 artium
779 1780 1132 1848 descriptione
1167 1787 1221 1834 et
1265 1789 1575 1834 caatcrarum
1605 1794 1782 1834 rerum

225 1865 637 1938 investigatione
652 1875 1080 1937 composuerunt.
1107 1886 1125 1918 ι
1145 1866 1390 1922 Sodalem
1413 1869 1570 1922 etiam
1604 1869 1787 1922 habuit

225 1955 560 2023 Samuelem,
589 1967 649 2012 ut
661 1959 863 2028 patebit
882 1973 958 2012 es
977 1974 1122 2012 num.
1154 1958 1238 2013 1Ο.
1266 1958 1342 2013 De
1362 1959 1478 2012 aliis
1499 1959 1612 2028 ejus
1627 1959 1788 2014 sociis

227 2048 484 2104 hariolari
511 2064 615 2104 non
639 2049 803 2103 lubet.

841 2157 1066 2215 CAPUT
1103 2153 1186 2213 III.

229 2247 514 2307 Fuldensis
534 2253 723 2307 scholre
739 2254 982 2323 regimen,
1007 2251 1298 2323 celebritas,
1322 2250 1413 2323 alii
1427 2257 1784 2323 praceptores,

404 2322 602 2376 Rabani
628 2319 890 2392 discipuli,
919 2331 968 2375 et
997 2336 1258 2375 successor
1282 2321 1336 2374 in
1357 2319 1605 2373 docendo.

299 2411 352 2465 8.
394 2412 623 2466 Turonis
668 2425 934 2476 reversus,
977 2409 1328 2484 Fuldensibus
1371 2408 1654 2478 praefectus
1705 2408 1788 2462 est

222 2498 428 2553 scholis
449 2497 702 2569 Ratgario
731 2497 944 2562 abbate,
986 2497 1075 2566 qui
1105 2511 1293 2566 parum
1338 2510 1521 2564 aequus
1549 2495 1602 2548 in
1645 2493 1787 2548 litte—

223 2603 322 2641 ras
343 2603 409 2642 ae
436 2587 697 2642 litteratos
714 2586 832 2641 fuit.
861 2585 1021 2641 lstam
1035 2586 1363 2656 provinciam
1392 2586 1445 2638 in
1468 2598 1526 2637 se
1553 2583 1788 2652 suscepit

222 2675 506 2742 Rabanus,
558 2679 768 2733 vivente
805 2678 965 2732 etiam
1015 2684 1142 2731 tunc
1175 2677 1423 2741 Alcuino,
1455 2675 1546 2745 qui
1582 2675 1634 2728 in
1676 2689 1788 2744 ept-

221 2767 366 2823 stola
394 2768 483 2832 55,
512 2767 776 2822 benedicta
799 2768 970 2822 sancti
999 2766 1268 2820 Benedicti
1309 2781 1470 2836 puero
1494 2764 1702 2830 Mauro,
1734 2762 1788 2818 id

218 2865 304 2912 εει
336 2857 574 2919 Rabano,
595 2856 871 2926 inscripta,
893 2870 1014 2911 eum
1043 2855 1210 2911 valere
1237 2855 1455 2925 feliciter
1477 2853 1593 2908 cum
1615 2853 1786 2924 pueris

218 2948 341 3003 suis
369 2948 540 3018 jubet.
579 2949 760 3017 Itaque
808 2948 852 3002 si
912 2948 1216 3002 Rabanusa
1265 2945 1520 3014 Ratgario
1570 2945 1782 3009 abbate,

1885 1783 2078 1827 suum.’
2111 1775 2289 1843 Lupus
2343 1777 2397 1830 in
2445 1778 2674 1847 cpistola”
2711 1779 2734 1832 l
2783 1781 2969 1834 scribit
3003 1796 3059 1835 se
3097 1783 3163 1838 ab
3220 1783 3436 1840 Aldrico

1886 1866 2306 1932 metropolitano
2321 1881 2416 1921 suo
2447 1868 2706 1923 directum
2733 1869 2896 1925 fuisse
2927 1890 2945 1921 ι
2981 1873 3048 1926 ad
3075 1875 3432 1929 venerabilem

1887 1949 2233 2018 llRabanum,
2266 1958 2342 2010 uti
2369 1958 2436 2011 ab
2475 1973 2539 2012 eo
2569 1961 2865 2028 ingressum
2899 1972 3112 2030 caperet
3137 1964 3436 2018 divinarum
3470 1962 3472 1964 ’

1887 2045 2304 2114 Scripturarum.
2339 2066 2356 2097 ι
2383 2046 2566 2102 Eidem
2612 2051 3014 2103 reverentissimo
3042 2048 3193 2104 Patri
3220 2052 3437 2106 eximio-

1883 2151 1980 2204 que
2007 2137 2308 2205 prwceptori
2336 2151 2434 2191 suo
2462 2127 2707 2190 inscribit
2735 2137 3012 2207 epistolam
3039 2138 3129 2203 40,
3159 2137 3248 2206 qui
3278 2138 3437 2193 vicis—

1885 2225 1986 2278 sim
2008 2225 2156 2295 Lupo
2185 2234 2304 2294 post
2332 2227 2445 2293 ejus
2470 2229 2536 2282 ab
2566 2243 2623 2281 se
2650 2228 2943 2282 discessum
2973 2229 3236 2284 dedicavit
3260 2231 3436 2285 Colle-

1885 2315 2114 2368 ctarium
2161 2316 2212 2368 iu
2246 2315 2510 2384 Epistolas
2538 2316 2709 2370 Pauli.
2741 2317 3002 2373 Rudoll‘us
3030 2317 3309 2373 Rabanum
3349 2320 3436 2374 iti-

1885 2405 2006 2460 dem
2048 2399 2409 2476 prteCeptorem
2456 2423 2519 2462 ac
2545 2406 2847 2478 magistrum
2882 2427 3034 2464 suum
3081 2420 3238 2466 vocat
3271 2412 3324 2466 in
3351 2427 3438 2467 sc-

1886 2502 2068 2562 quent.
2106 2494 2243 2548 Vita.
2295 2493 2533 2549 Otfridus
2569 2512 2695 2550 vero
2729 2499 3098 2568 presbytcr‘ct
3146 2501 3438 2555 monachus

1887 2583 2378 2654 Wissenburgensis
2405 2585 2542 2653 apud
2573 2581 2784 2653 Spiram
2804 2582 3103 2652 Nemetum,
3141 2578 3193 2642 in
3214 2587 3436 2658 cpistola

1883 2670 2170 2729 Liudberto
2187 2673 2490 2743 Maguntino
2510 2673 2908 2744 archiepiscopo
2921 2673 3116 2745 scripta
3138 2691 3235 2746 pro
3265 2685 3435 2732 trans-

1885 2761 2082 2817 latione
2118 2763 2186 2817 ab
2227 2778 2286 2818 se
2320 2763 2459 2817 facta
2489 2764 2884 2835 evangeliorum
2913 2765 2966 2819 in
2994 2762 3227 2836 linguam
3256 2752 3436 2822 Theo-

1886 2853 2092 2917 tiscam,
2125 2870 2144 2904 i
2182 2852 2333 2907 Hunc
2364 2850 2527 2923 igitur
2551 2852 2744 2928 librum
2765 2892 2782 2919 ,
2824 2851 3013 2923 inquit,
3044 2863 3238 2909 vestrae
3258 2855 3434 2926 sagaci

1887 2946 2183 3014 prudentiae
2211 2943 2541 3014 probandum
2585 2945 2767 2998 curavi
2810 2945 3200 2999 transmittere:
3230 2952 3283 2999 et
3309 2947 3435 3015 quia

218 3027 389 3106 quem
411 3052 551 3090 anno
593 3037 698 3092 802
741 3036 924 3091 Fulda:
968 3037 1203 3108 regimen
1234 3036 1418 3090 iniisse
1458 3042 1685 3100 constat,
1716 3033 1782 3088 ad
1809 3023 1852 3083 C
1884 3050 1912 3088 a
1952 3031 2168 3088 Rabano
2198 3030 2514 3087 venerandae
2564 3032 2856 3097 memoriae,
2885 3031 3046 3103 digno
3076 3041 3266 3086 vestrm
3292 3033 3435 3088 sedis

217 3124 442 3180 Aleuini
478 3125 717 3179 scholam
745 3125 943 3179 missus
965 3132 1078 3188 est;
1107 3123 1151 3178 si
1179 3123 1341 3178 etiam
1369 3122 1626 3177 Alcuinus
1645 3134 1783 3175 anno

217 3213 357 3277 80‘,
375 3229 561 3268 mense
582 3213 742 3279 Maio,
768 3213 947 3268 vivere
969 3212 1144 3278 desiit,
1175 3212 1426 3280 Rabanus
1446 3212 1638 3283 exiguo
1659 3220 1786 3266 tem-
1812 3263 1822 3281 ξ

218 3309 362 3375 pore
383 3303 613 3358 Turonis
640 3303 924 3358 Alcuinum
947 3310 1333 3373 praeceptorem
1354 3297 1689 3357 ausetiltavit.

177 3393 182 3398 ’
293 3392 352 3447 9.
390 3390 611 3446 Rabano
634 3391 841 3446 litteras
865 3392 1172 3462 proﬁtente,
1212 3407 1406 3462 magna
1438 3389 1538 3444 fuit
1563 3390 1785 3446 celebri-

218 3493 308 3538 tas
332 3483 614 3538 Fuldensis
640 3483 951 3547 academiaa,
979 3497 1098 3552 quae
1120 3481 1359 3535 omnium
1381 3479 1778 3550 disciplinarum

216 3576 380 3632 libris
410 3583 520 3628 tum
562 3573 892 3636 abundavit,
922 3582 975 3627 et
998 3572 1283 3642 prmclaros
1326 3571 1440 3625 orbi
1481 3570 1784 3626 Christiano

215 3671 478 3724 doctores
496 3668 730 3741 peperit.~
741 3665 910 3733 Quam
931 3664 1106 3734 ampla
1131 3663 1291 3717 fuerit
1308 3662 1643 3718 bibliotheca:
1661 3661 1786 3714 Ful-

211 3761 408 3815 densis
457 3759 712 3830 supellex,
747 3761 901 3814 docet
923 3772 1032 3831 nos
1056 3753 1308 3810 Rabanus
1345 3755 1401 3808 in
1424 3754 1662 3809 carmine
1697 3753 1783 3819 16,

208 3848 613 3904 adGerhohum
639 3849 1030 3918 presbyterum,
1052 3845 1138 3899 cui
1158 3843 1442 3898 commissa
1468 3850 1604 3908 erat,
1627 3857 1784 3910 quem

211 3940 431 3994 idcirco
457 3939 842 4008 clauipotentem
863 3937 1077 4006 fratrem
1101 3933 1359 4004 appellat:

350 4050 528 4097 Dicere
557 4048 666 4110 quid
693 4059 881 4105 possum
905 4047 967 4094 de
990 4059 1159 4110 magna
1187 4044 1327 4091 Lude
1351 4043 1581 4110 librorum
1601 4079 1615 4102 ,

411 4117 542 4166 Quos
564 4104 654 4156 sub
675 4104 810 4156 clave
834 4115 994 4164 tenes,
1013 4104 1092 4153 ira?
1104 4119 1158 4153 er
1174 4113 1348 4162 amate,
1372 4113 1450 4151 tua
1475 4104 1498 4153 ‘l

347 4165 586 4229 Quidquid
608 4172 665 4228 at)
690 4180 800 4216 arce
827 4168 958 4215 Deus
980 4167 1088 4215 coeli
1114 4167 1361 4229 direxitin
1385 4165 1552 4214 ozhem

307 4275 311 4278 .
372 4227 379 4228 7
411 4227 667 4286 Scriptura;
690 4235 868 4276 sanctae
894 4241 981 4285 per
1003 4229 1080 4288 pia
1103 4228 1248 4274 verba
1274 4227 1388 4288 viris
1409 4235 1424 4285 ;

1885 3123 2150 3194 quondam
2184 3121 2428 3192 prmsule,
2477 3122 2699 3177 educata
2739 3136 2858 3177 mea
2898 3123 3136 3191 parvitas
3167 3130 3268 3186 est,
3295 3137 3433 3192 prae-

1886 3217 2091 3271 sulatus
2141 3216 2307 3271 vestri
2357 3216 2602 3286 dignitati
2630 3215 3009 3286 sapientiaeque
3057 3213 3470 3271 'commendare'

1885 3309 2088 3363 curavi.
2122 3327 2139 3359 ι
3071 3297 3079 3301 ’

1954 3397 2041 3452 12.
2065 3398 2243 3453 Abbas
2271 3394 2444 3453 factus
2481 3398 2566 3452 vir
2597 3404 2813 3453 sanctus
2836 3413 3018 3454 curam
3048 3397 3271 3453 docendi
3305 3397 3436 3455 libe-
3459 3455 3482 3461 ..

1885 3486 2024 3545 rales
2047 3499 2189 3544 artes
2212 3490 2327 3544 aliis
2353 3480 2639 3553 commisit,
2664 3498 2937 3544 reservato
2952 3489 3051 3543 sibi
3072 3488 3244 3544 cilicio
3271 3488 3433 3543 inter-

1885 3581 2122 3650 pretandi
2148 3579 2450 3648 Scripturas
2463 3593 2663 3642 sacras;
2682 3593 2806 3632 nam
2830 3577 2894 3630 ad
2910 3592 3031 3632 eum
3049 3575 3162 3645 jam
3190 3577 3433 3653 abbatem

1886 3671 2078 3725 missus
2098 3677 2180 3723 est
2201 3668 2400 3737 Lupus,
2417 3669 2494 3721 uti
2515 3669 2581 3721 ah
2605 3682 2668 3722 eo
2688 3668 2940 3736 praeludia
2965 3667 3118 3722 istius
3143 3664 3435 3734 disciplima

1885 3761 2111 3814 disceret
2150 3774 2214 3812 ex
2252 3758 2427 3811 dictis.
2482 3755 2559 3811 Eo
2611 3757 2801 3811 abbate
2837 3757 3181 3811 humaniores
3226 3757 3433 3810 litteras

1885 3848 2217 3902 seholaribus
2247 3848 2464 3901 tradidit
2496 3847 2763 3901 Candidus
2793 3848 3105 3910 monachus,
3139 3844 3290 3915 cuius
3320 3847 3432 3900 haec

1885 3939 2044 3992 verba
2075 3947 2199 3992 sunt
2233 3939 2385 3991 initio
2421 3937 2579 3991 libelli
2610 3952 2767 4005 quem
2814 3939 2878 3990 dc
2913 3934 3032 3991 Vita
3058 3933 3241 4006 Eigilis
3263 3935 3431 3989 abba-

1885 4034 1953 4086 tis
1984 4033 2283 4101 composuit
2312 4050 2324 4082 :
2357 4050 2374 4080 ‹
2414 4032 2486 4084 De
2507 4039 2698 4084 cmtero
2723 4044 2934 4100 quoque
2960 4037 3141 4082 notum
3172 4025 3309 4082 facio
3330 4034 3432 4081 ttae

1885 4120 2133 4174 charitati
2178 4119 2319 4187 quod
2364 4133 2504 4172 anno
2533 4118 2803 4187 prmtcrito
2831 4117 3057 4172 domnus
3085 4117 3246 4171 abbas
3279 4114 3432 4169 illia-

1884 4209 2074 4271 banus,
2100 4223 2222 4262 cum
2251 4207 2324 4260 illi
2359 4208 2622 4276 querebar
2663 4207 2785 4275 quia
2817 4221 2919 4260 non
2953 4205 3216 4274 haberem.
3248 4219 3430 4273 quem-

349 4291 453 4341 Illic
477 4285 716 4344 invenies,
739 4288 966 4348 quidquid
983 4285 1218 4348 sapientia
1243 4285 1403 4334 mundi

581 4292 1416 4366 guigSLQPjtfggiq{igt’jtfyﬂfﬂg'fﬁi
1887 4313 2045 4366 quam
2077 4311 2283 4351 mecum
2306 4296 2673 4350 consociorum
2703 4308 2821 4349 cum
2845 4310 2951 4363 quo
2973 4294 3023 4348 in
3051 4293 3228 4347 divina
3251 4292 3432 4347 lectio-

409 4351 617 4400 Protulit
641 4351 688 4398 in
709 4350 934 4397 mundum
960 4350 1253 4408 temporibus
1278 4350 1432 4395 variis.
1608 4397 1614 4402 ,
1806 4371 1856 4428 D

1884 4403 1948 4441 ne
1979 4387 2294 4456 disputando
2320 4395 2374 4438 et
2421 4383 2642 4454 legendo
2677 4385 2933 4453 prolicere
2961 4383 3272 4452 potuissem,
3324 4381 3430 4435 tale

1885 4479 2012 4532 mihi
2043 4493 2352 4545 responsum
2393 4475 2700 4529 referebat:
2746 4475 2969 4536 Exerce,
3007 4472 3199 4540 inquit,
3246 4480 3427 4523 temet-

1883 4572 2049 4639 ipsum
2066 4570 2296 4638 legendo,
2320 4579 2366 4621 et
2381 4570 2580 4638 aliquid
2594 4567 2828 4620 utilitatis
2850 4567 2983 4619 adde
3006 4566 3267 4619 dictando.
3287 4565 3426 4617 Nam

1882 4660 2005 4712 dum
2042 4676 2132 4727 ego
2189 4658 2397 4722 ibidem,
2430 4658 2516 4710 ubi
2560 4658 2695 4709 nunc
2722 4653 2826 4724 ipse
2864 4656 3105 4717 moraris,
3143 4669 3430 4706 commone-

1883 4763 2013 4812 rent,
2034 4747 2218 4800 librum
2245 4763 2400 4815 prosa
2428 4757 2474 4799 et
2500 4744 2802 4799 versibus-in
2824 4743 3028 4795 laudem
3049 4754 3240 4795 sancta
3260 4742 3430 4793 crucis

1867 4838 2057 4891 divina
2090 4838 2260 4907 gratia
2301 4838 2584 4906 inspirante
2627 4835 2824 4904 incapi.
2864 4853 2882 4885 ι
2915 4833 3075 4902 Atqui
3116 4831 3252 4885 istud
3297 4845 3433 4899 opus

1883 4941 2168 4997 aggressus
2197 4935 2278 4980 est
2301 4925 2569 4988 Rabanus,
2602 4926 2726 4978 dum
2759 4923 3094 4977 humaniores
3123 4920 3430 4988 disciplinas

1883 5017 2100 5071 doceret
2124 5017 2177 5069 in
2213 5016 2392 5070 schola
2427 5015 2748 5076 monasterii,
2782 5013 2834 5066 in
2865 5027 2968 5080 qua
2996 5011 3215 5081 proinde
3236 5008 3429 5064 Candi-

1884 5105 1981 5158 dus
2011 5113 2142 5167 tum,
2176 5119 2295 5157 cum
2323 5103 2505 5171 Eigilis
2547 5103 2721 5156 Vitam
2754 5101 3041 5163 scribebat,
3088 5097 3431 5167 prmecptoris

1882 5195 2155 5249 obtinebat
2182 5192 2431 5247 otlicium.

2478 5283 2702 5338 CAPUT
2749 5281 2837 5334 ιγ.
3238 5336 3241 5339 1

2006 5374 2384 5436 Sacerdotium,
2415 5373 2632 5433 vexatio,
2669 5373 2766 5424 iter
2789 5367 3298 5437 Jerosolymitanum.

1954 5465 2037 5518 l5.
2074 5463 2288 5518 Ordinis
2325 5458 2668 5514 sacerdotalis
2695 5458 2916 5527 gradum
2951 5455 3182 5522 suscepit
3209 5455 3275 5508 ab
3303 5452 3428 5506 Hui-

1884 5557 2043 5611 stulfo
2090 5539 2491 5619 archiepiscopo
2520 5545 2838 5614 Moguntino,
2866 5546 3003 5616 quod
3053 5545 3165 5613 ipse
3207 5553 3430 5599 testatur

285 4460 385 4514 10.
426 4455 542 4510 Non
573 4453 716 4509 solus
743 4461 921 4506 tamen
951 4451 1002 4505 in
1029 4451 1148 4504 istis
1191 4449 1387 4504 scholis
1421 4448 1644 4502 docebat
1673 4447 1779 4499 Ra-

199 4553 417 4611 banus,
454 4545 664 4600 tametsi
693 4543 991 4612 przecipuus
1017 4542 1269 4611 magister
1308 4547 1440 4592 erat.
1471 4537 1777 4605 Adjutorem

198 4634 766 4705 sodalemqueliabuit
792 4632 1108 4693 Samuelem,
1125 4638 1306 4699 postea
1334 4625 1776 4682 Wormatiensem

196 4730 575 4798 episcopum,
616 4737 774 4790 quem
830 4720 990 4798 etiam
1026 4717 1125 4772 sub
1176 4717 1402 4770 Aleuiuo
1453 4721 1778 4782 praeceptore

197 4797 649 4885 condiscipulum
691 4797 968 4869 habuerat.
1003 4808 1298 4878 Utrumque
1333 4815 1545 4862 constat
1569 4819 1632 4858 ex
1660 4819 1777 4857 car-

197 4911 366 4963 mine
399 4904 459 4960 2i
501 4925 512 4958 :
609 4906 624 4914 ’

341 5017 596 5076 Quondam
624 5026 833 5076 namque,
849 5026 1009 5060 meum
1034 5010 1301 5076 gaudebam
1326 5017 1375 5056 te
1404 5020 1512 5057 esse
1537 5004 1743 5054 sodalem

412 5079 545 5126 inter
569 5070 793 5131 lectores,
815 5075 963 5122 frater
990 5080 1165 5137 amate,
1188 5070 1319 5137 mihi.
1527 5132 1534 5137 .
1567 5134 1576 5137 Α
1612 5127 1621 5137 θ

340 5139 487 5199 Eone
512 5149 704 5199 quaeue
727 5144 776 5184 te
802 5136 1010 5199 gratulor
1045 5136 1260 5199 retinere
1271 5133 1387 5199 jura
1411 5132 1624 5189 magistri

409 5191 644 5250 (‘Ieshere
671 5191 869 5252 virtut'e,
895 5193 1041 5255 patris
1065 5194 1247 5239 habere
1271 5191 1442 5238 locum.

187 5296 956 5372 Quibusversibnssigniticat
979 5293 1280 5347 Samnelem
1297 5305 1481 5344 secum
1501 5287 1783 5356 aliquando

189 5394 456 5469 gessisse
491 5388 731 5459 magistri
758 5402 849 5440 seu
881 5384 1096 5439 lectoris
1118 5382 1370 5444 cilicium,
1410 5379 1549 5446 quod
1578 5378 1784 5445 episco-
1872 5379 1879 5390 ’

188 5467 314 5560 pus
341 5491 566 5538 creatus
587 5478 866 5532 retinebat.
892 5474 1050 5530 Addit
1078 5481 1198 5542 post
1225 5471 1359 5560 duos
1382 5483 1586 5560 versus,
1610 5467 1781 5520 eidem

188 5557 390 5631 ctiam
419 5581 758 5624 communem
784 5572 1164 5634 praeceptorem
1196 5559 1358 5612 fuisse
1387 5557 1656 5610 Albinum.
