3940 6392
513 387 576 444 15
921 354 924 357 ’
1557 358 1570 422 ὲ
1622 381 1709 435 an
1744 379 1967 436 oratu
2005 379 2064 437 Β.

2163 377 2349 431 \BANI
2392 378 2606 434 MAURI
3641 384 3694 438 l6

510 507 562 560 in
607 501 827 573 epistola
857 499 924 554 ad
968 467 1216 553 eumdem
1258 491 1772 566 ﬂaistulfum'initio
1802 493 2059 572 librorum
2089 496 2136 552 Α
2165 490 2412 544 servilem
2441 506 2568 545 suos
2605 493 2837 563 adigere,
2892 494 3076 562 eisque
3129 492 3292 549 libros
3320 504 3374 551 et
3419 497 3696 554 studiorum

509 595 575 648 de
624 569 962 648 Institutione
1012 586 1347 648 clericorum,
1388 584 1440 637 iu
1487 583 1604 636 hazc
1631 569 1840 638 verba:
1888 602 1906 633 ι
1948 581 2061 636 Tuo

408 739 413 746 ,
457 697 460 704 ’
510 683 652 750 enim
682 679 990 752 magisterio
1010 673 1170 744 super
1200 689 1286 727 me
1321 672 1492 727 libens
1521 672 1769 735 subdam,
1793 685 1823 724 ε
1848 685 1956 740 qna
1984 673 2081 724 t_e_.

508 769 704 825 cordor
731 784 833 830 me
887 766 1154 834 accepisse
1200 760 1515 831 dignitatem
1563 758 2003 823 ecclesiasticam,
2035 778 2055 809 i

510 861 563 916 id
596 868 679 914 est
731 854 1112 913 sacerdotalem
1155 841 1566 907 ordinationem.
1600 843 2061 902 Scribebat'hanc

510 949 782 1020 epistolam
820 940 1069 999 [tabanus
1118 955 1256 995 anno
1301 939 1426 1005 8l9,
1471 939 1682 1009 signato
1722 937 1777 991 in
1819 935 2061 1010 versibus

509 1035 770 1094 Haistull‘o
792 1032 1063 1102 inscriptis
1093 1030 1147 1084 in
1172 1029 1356 1097 limine
1379 1028 1606 1083 istorum
1645 1025 1922 1090 librorum,
1952 1042 2060 1096 quo

508 1141 649 1196 anno
672 1125 813 1180 facta
836 1131 918 1179 est
945 1121 1224 1176 Fuldensis
1266 1118 1497 1180 basilica:
1516 1117 1802 1182 dedicatio,
1838 1106 1924 1172 cui
1957 1115 2060 1172 Ra-

504 1219 676 1273 banus
703 1212 941 1270 interfuit
963 1209 1402 1282 jam'presbyter,
1432 1217 1570 1265 teste
1597 1204 1838 1263 Caridido
1864 1208 1918 1262 in
1938 1207 2058 1263 Vita

506 1304 673 1360 sancti
699 1301 904 1374 Eigilis.
934 1300 1093 1367 Atqui
1132 1296 1425 1353 Haistullus
1453 1298 1636 1353 sedem
1663 1295 2060 1367 Mogontiaccn-

506 1411 617 1451 sem
664 1409 804 1449 anno
853 1393 957 1448 8-15
986 1392 1169 1446 iniisse
1215 1389 1412 1445 dicitur
1457 1391 1599 1459 apud
1650 1387 1948 1462 Serarium,
1995 1402 2060 1441 ac

505 1485 730 1560 proinde
753 1485 940 1540 eodem
984 1483 1094 1537 lere
1120 1494 1261 1534 anno
1299 1479 1580 1534 ordinatus
1620 1477 1689 1532 ab
1739 1492 1807 1532 eo
1835 1485 1920 1531 est
1956 1474 2060 1530 Ra-

507 1572 709 1632 banus.‘
729 1575 883 1630 Certe
916 1574 1137 1629 verbum
1161 1571 1424 1635 recordor,
1446 1585 1553 1639 quo
1591 1585 1722 1625 usus
1738 1576 1823 1625 est
1850 1570 1902 1624 in
1922 1584 2062 1639 pra:-

502 1665 662 1735 ci‘tata
685 1662 929 1735 epistola,
961 1662 1236 1718 ωηο-819
1264 1661 1344 1732 (ut
1374 1653 1505 1734 dixi)
1546 1657 1809 1714 Baistnllo
1833 1648 2055 1723 directa,

459 1807 464 1812 _
502 1755 635 1811 satis
677 1747 851 1809 innuit
884 1754 994 1824 jam
1034 1753 1364 1823 aliquantum
1409 1750 1684 1806 ellluxisse.
1717 1751 1973 1821 temporis
2023 1764 2053 1803 a

501 1858 598 1900 sua
643 1842 999 1900 ordinatione.
1027 1842 1218 1898 Postea
1268 1856 1430 1911 quam
1482 1842 1596 1895 haec
1622 1841 2052 1904 obse'rvaveram,
2085 1838 2132 1896 Β

501 1932 684 1989 incidit
714 1933 764 1987 in
798 1947 988 1987 manus
1027 1946 1174 1998 meas
1201 1938 1378 2005 tomus
1409 1929 1674 1984 secundus
1713 1919 2057 1985 Bibliotheca!

499 2022 889 2086 Lambecianaa,
921 2022 974 2075 in
999 2035 1106 2090 quo
1141 2018 1412 2074 veterrimi
1461 2018 1726 2073 habentur
1766 2017 2058 2089 Fuldenses

502 2110 735 2165 Annales
753 2111 864 2181 jam
895 2109 1114 2175 laudati,
1147 2099 1236 2162 ubi
1274 2109 1342 2163 de
1366 2107 1576 2162 Bahani
1615 2108 1917 2163 sacerdotio
1946 2109 2059 2161 haec

499 2202 660 2272 lego:
694 2201 842 2254 Anno
882 2201 906 2253 1
946 2199 1195 2254 Ludovici
1243 2195 1332 2251 Pii
1385 2195 1621 2249 HRaban
1671 2196 1944 2249 ordinatur
1988 2194 2058 2248 ad

497 2294 845 2362 presbyterum
861 2307 893 2344 ι
911 2289 1034 2343 Kal.
1056 2288 1304 2344 Januarii
1316 2288 1379 2341 ab
1395 2286 1654 2356 Heistolfo
1673 2287 2056 2357 archiepiscopo

501 2379 928 2450 Mogontiacenai.
961 2377 1101 2449 Ergo
1126 2369 1264 2431 anno
1300 2375 1404 2432 8M
1424 2375 1724 2440 desinente,
1750 2389 1856 2444 quo
1880 2369 2060 2444 proin-

500 2465 567 2518 de
596 2479 736 2518 anno
762 2459 1052 2518 Heistull‘us
1072 2460 1312 2518 ecclesiae
1333 2459 1749 2530 Mogontiacensi
1766 2457 1878 2526 jam
1915 2474 2055 2529 prae-

497 2551 723 2606 sidebat.

575 2641 663 2695 id.
702 2640 845 2696 Inter
864 2655 927 2697 ea
943 2648 1118 2695 motus
1143 2649 1197 2694 et
1220 2620 1519 2716 simultates
1542 2639 1847 2694 excitantur
1869 2639 1922 2692 in
1945 2653 2058 2692 mo-
2126 2644 2128 2647 '

498 2730 995 2806 hasterioFuldensi
1024 2748 1035 2784 :
1061 2729 1182 2787 dira
1203 2731 1390 2799 pestis,
1414 2745 1518 2800 qua
1539 2745 1645 2785 non
1675 2729 1841 2785 semel
1863 2725 2057 2784 amicta

498 2831 580 2878 est
613 2821 698 2876 illa
723 2821 1087 2892 congregatio,
1103 2822 1330 2892 primum
1346 2821 1560 2892 quidem
1585 2820 1822 2875 Sturmio
1839 2819 2054 2885 abbate,

502 2926 616 2972 tum
646 2915 808 2971 etiam
853 2914 871 2987 (
901 2923 962 2970 ut
987 2911 1254 2985 conjicio)
1289 2921 1507 2984 regente
1552 2911 1829 2981 Baugull’o,
1869 2911 1961 2980 qui
1989 2911 2057 2965 ob

499 3007 552 3061 id
577 3005 837 3078 regimine
861 3004 1086 3060 cessisse
1108 3002 1317 3059 videtur
1351 3020 1363 3054 :
1397 3003 1520 3057 dein
1548 3003 1646 3056 sub
1670 3001 1948 3072 Ratgario,
1967 3000 2056 3082 qui

495 3094 647 3163 jussu
679 3092 928 3148 Ludovici
972 3091 1196 3163 Augusti
1222 3088 1465 3158 abiectus
1493 3099 1606 3157 est;
1638 3106 1703 3145 ac
1725 3091 1938 3145 demum
1972 3090 2060 3142 iti-

500 3181 622 3235 dem
653 3180 749 3235 sub
776 3178 1014 3245 Rabano,
1045 3193 1204 3248 quem
1236 3177 1621 3243 monachorum
1649 3193 1867 3232 suorum
1896 3177 2057 3231 factio
2085 3173 2128 3232 C

497 3267 726 3324 abbatis:
749 3259 994 3322 nuntium
1015 3267 1289 3323 remittere
1316 3268 1509 3338 coegit.
1528 3265 1818 3333 S'turmius,
1837 3265 2056 3336 jubente

497 3358 743 3429 Pippino,
777 3349 830 3412 in
852 3347 1096 3414 exsilium
1124 3358 1320 3413 missus
1340 3365 1422 3412 est
1446 3377 1463 3410 ι
1497 3358 1568 3413 a'd
1591 3373 1841 3427 magnum
1877 3359 2057 3412 cteno~

502 3450 669 3514 bium,
699 3449 841 3517 quod
885 3449 1079 3504 dicitur
1104 3447 1395 3513 Unnedica,
1427 3456 1485 3502 ut
1513 3448 1566 3501 in
1591 3448 1757 3516 ipsius
1780 3445 1898 3501 Vita
1929 3447 2060 3518 legi-

503 3548 606 3595 tur.
625 3541 925 3604 Bruwerus,
946 3539 1153 3609 primus
1173 3538 1309 3595 Vitze
1326 3538 1521 3604 editor,
1547 3545 1849 3607 suSpectam
1873 3530 2060 3598 habuit

499 3645 687 3685 vocem
713 3628 998 3708 Unncdica,
1020 3617 1191 3684 ubi-Vl.
1209 3626 1279 3683 "C.
1305 3627 1608 3708 Hadrianus
1630 3628 2060 3701 Valesiuslegen-

449 3707 456 3713 ’
506 3719 629 3773 dum
650 3706 811 3786 putat
838 3703 1128 3782 Geniedico,
1150 3717 1403 3787 Jumiége’,
1421 3717 1562 3786 quod
1585 3703 1940 3782 Gemcdicum‘,
1964 3713 2062 3771 Ce-

501 3809 763 3870 meticum,
790 3815 843 3861 et
868 3804 1170 3861 Gimcticum
1194 3816 1406 3871 vocant,
1435 3808 1597 3861 situm
1623 3808 1674 3861 in
1701 3824 1836 3879 pago
1861 3808 2059 3864 Rotho—

503 3897 742 3967 magensi
777 3897 844 3950 ad
896 3894 1215 3968 sequanam.
1247 3897 1404 3952 Certe
1444 3898 1700 3967 proclivis
1726 3907 1810 3953 est
1838 3899 2061 3954 mutatio

504 3992 695 4044 litterae
727 3987 768 4043 G
799 3991 850 4044 in
883 3989 926 4043 V
959 3990 1096 4070 apud
1135 3989 1402 4046 Teutones
1431 3999 1485 4046 et
1516 3991 1793 4045 Francos:
1829 3993 1966 4046 adeo
2001 4001 2062 4046 ut

505 4096 606 4149 pro
627 4077 888 4134 Gimedico
903 4074 1160 4148 Scriptum
1181 4080 1254 4134 sit
1282 4081 1334 4134 in
1355 4077 1581 4135 Sturmii
1602 4080 1754 4140 Actis
1781 4080 2057 4147 Vimcdico,

506 4168 658 4236 cujus
677 4168 792 4222 loco
816 4167 1099 4223 Browerus
1118 4168 1304 4238 legerit
1334 4166 1614 4225 Unnedico.
1634 4164 1818 4240 Itaque
1839 4169 2061 4225 Sturmii

507 4260 679 4314 exsilii
729 4261 905 4323 locum
941 4269 1059 4313 esse
1111 4257 1443 4313 Gemeticum
1472 4258 1833 4313 indubitanter
1882 4260 2062 4314 existi-
2115 4294 2122 4302 ι

508 4362 667 4402 mem.
697 4349 761 4402 Et
795 4348 1008 4416 quidem
1055 4347 1236 4415 iniqua
1268 4345 1366 4400 fuit
1395 4347 1448 4400 in
1475 4347 1770 4406 Sturmium
1805 4358 1858 4403 et
1883 4348 2063 4418 Raba-

508 4453 634 4491 num
680 4434 963 4491 commotio
1019 4437 1438 4503 monachorum;
1478 4438 1530 4490 in
1573 4439 1881 4508 Ratgarium
1933 4455 2062 4494 vero

505 4526 669 4594 justa,
699 4525 973 4580 moderata
996 4535 1051 4578 et
1086 4526 1407 4579 necessaria.
1433 4526 1717 4600 Ratgarius
1752 4527 1950 4598 quippe
1970 4529 2057 4582 ubi
2087 4515 2138 4572 D

508 4616 737 4685 primum
761 4617 878 4669 iniit
900 4616 1218 4685 pastoralem
1246 4631 1450 4680 curam,
1481 4631 1603 4672 mox
1627 4624 1795 4670 totum
1821 4616 1932 4672 fere
1950 4634 2062 4671 mo-

510 4705 731 4758 nasterii
761 4705 1052 4774 disciplinae
1079 4705 1358 4759 Fuldensis
1384 4713 1580 4758 statum
1605 4706 1864 4774 pervertit
1889 4692 2063 4771 ,alio-

511 4810 628 4848 rum
644 4795 1105 4859 monasteriorum,
1122 4796 1313 4849 nedum
1333 4795 1432 4856 sui,
1453 4806 1628 4848 mores
1643 4795 2058 4862 reprehendens,

519 4906 535 4936 ‹
570 4886 721 4955 quasi
776 4886 1087 4955 regulariter
1121 4878 1224 4940 non
1255 4887 1511 4941 viverent.
1549 4905 1566 4935 1
1599 4885 1891 4940 Monachos
1938 4899 2062 4939 suos

517 4970 675 5029 rebus
710 4975 1025 5031 necessariis
1051 4975 1303 5044 spoliatos
1330 4977 1395 5029 ad
1435 4975 1667 5029 laborem
1693 4989 1944 5027 manuum
1973 4989 2059 5028 as-

514 5063 726 5115 siduum
744 5061 1011 5137 adigebat,
1028 5065 1296 5133 abrogatis
1320 5063 1488 5117 solitis
1509 5064 1778 5132 precibus,
1801 5062 2066 5131 frequenti

518 5152 798 5218 missarum
827 5151 1203 5219 celebratione,
1238 5162 1291 5207 et
1333 5152 1484 5207 festis
1509 5153 1696 5206 diebus
1726 5169 1831 5206 non
1857 5155 2060 5223 paucis.

452 5265 456 5268 ν
520 5235 651 5291 Hinc
715 5240 947 5307 querelae
1004 5241 1142 5310 apud
1197 5241 1442 5296 Carolum
1511 5241 1757 5310 Magnum
1812 5244 2062 5310 depositae

519 5346 547 5380 ιι
579 5331 871 5394 monachis,
903 5346 1127 5398 quorum
1172 5332 1460 5400 supplicem
1499 5328 1600 5384 hac
1643 5332 1707 5385 de
1738 5347 1796 5385 re
1828 5331 2061 5385 libellum

519 5419 675 5472 retuli
717 5429 835 5487 post
879 5420 1052 5474 Vitam
1111 5423 1280 5475 sancti
1330 5422 1511 5491 Eigilis
1556 5421 1762 5476 abbatis
1828 5421 2061 5476 Fulden-

522 5507 596 5561 sis
624 5520 668 5559 ει.
698 5508 871 5561 Caroli
911 5508 1060 5578 jussu
1114 5526 1357 5579 repressa
1410 5508 1649 5580 Ratgarii
1685 5512 1958 5575 severitas,
1999 5527 2064 5566 eo

521 5607 730 5651 mortuo
782 5614 967 5653 rursus
1019 5599 1262 5665 fervere,
1322 5603 1388 5656 ad
1435 5601 1669 5657 laborem
1729 5602 1849 5671 plus
1898 5619 2057 5672 quam

587 5695 616 5724 ι
644 5686 770 5740 Vide
797 5686 1108 5757 Patrologiac
1140 5697 1266 5743 tom.
1301 5689 1405 5743 CV.
1826 5698 1833 5704 '

2162 594 2293 634 usus
2321 580 2662 635 interdicere.
2695 581 2758 635 Hi
2794 583 3042 650 precibus
3083 585 3314 652 primum
3363 587 3503 655 apud
3540 587 3696 657 ipsum

2161 672 2490 755 reuragu'nt,
2539 670 2605 724 ad
2631 685 2799 739 genua
2847 673 3260 739 procumbentes
3312 675 3613 744 supplicant
3646 686 3699 732 ut

2160 757 2345 811 mitius
2387 773 2512 812 cum
2533 759 2613 813 eis
2639 768 2846 829 agatur.
2879 759 3130 816 [tabanus
3153 761 3268 831 ipse
3287 803 3302 826 ,
3331 764 3417 818 cui
3455 764 3697 820 librorum

2160 863 2322 918 parva
2357 851 2592 920 supellex
2623 853 2870 922 adempta
2915 852 3112 919 fuerat,
3165 855 3355 910 durum
3383 866 3438 912 et
3480 856 3697 913 ferocem

2159 936 2370 992 abbatis
2399 939 2635 993 animum
2657 939 2881 995 delinire
2902 947 3073 995 tentat
3099 942 3182 997 his
3205 943 3468 1022 versibus.

2220 1035 2469 1117 τεθεω-
2481 1035 2626 1117 alme,
2639 1051 2820 1117 virum,
2831 1051 3170 1117 monachorum
3184 1059 3331 1116 atque
3345 1057 3522 1116 optime
3535 1063 3698 1117 pastor,

2281 1109 2454 1159 invoco
2480 1109 2734 1170 propitium
2757 1113 2862 1172 ipse
2885 1111 2998 1162 tuas
3019 1111 3222 1161 famulus
3243 1109 3264 1164 ἶ
3377 1109 3390 1116 ’
3535 1109 3547 1116 ’
3604 1124 3606 1126 ⁷

2223 1169 2389 1238 υιιίῳ
2415 1182 2540 1238 nunc
2564 1169 2720 1231 pietas
2741 1169 3068 1238 aiiserumrne
3090 1177 3316 1226 exaudiat
3337 1174 3458 1224 alma
3477 1212 3493 1238 ,

2260 1230 2350 1280 Ad
2379 1237 2431 1296 te
2453 1230 2760 1296 clamantem,
2782 1242 2940 1296 rector
2964 1236 3146 1296 ubique
3170 1238 3288 1296 pius.

2220 1288 2323 1338 Jam
2349 1288 2468 1341 mihi
2491 1295 2729 1342 concessit
2745 1288 2939 1343 bonitas
2963 1299 3043 1343 tua
3066 1288 3260 1345 discere
3285 1297 3457 1345 libros:

2278 1351 2377 1411 Sed
2397 1365 2476 1401 me
2500 1363 2754 1413 paupertas
2776 1354 2974 1404 sutrocat
2998 1357 3194 1413 ingenii.

2219 1411 2433 1479 leuata
2452 1411 2754 1476 «insecutique
2775 1411 3148 1479 docuerunt'ore
3172 1418 3380 1479 magistri
3405 1457 3419 1479 ,

2282 1473 2355 1522 ne
2378 1484 2497 1536 vaga
2521 1488 2657 1531 meus
2673 1473 2868 1537 perdat,
2893 1485 3059 1525 cuncta
3079 1478 3190 1526 dedi
3215 1473 3353 1527 foliis.

2223 1531 2350 1603 Hinc
2366 1531 2560 1594 quoque
2597 1531 2723 1603 nunc
2743 1531 2960 1603 constant
2984 1537 3178 1599 glossaa,
3199 1542 3427 1603 parvique
3447 1537 3592 1589 libelli
3613 1574 3632 1603 ,

2281 1596 2411 1658 Quos
2433 1596 2822 1658 precorgindigno
2845 1596 3052 1645 reddere
3077 1596 3347 1656 praecipias.

2221 1653 2364 1719 Servi
2389 1653 2617 1717 quidquid
2643 1653 2839 1714 habret,
2862 1653 3159 1706 dominorum
3180 1653 3290 1719 jure
3316 1668 3533 1710 tenetur.

2278 1715 2364 1764 Sic
2383 1728 2479 1779 ego
2500 1715 2610 1777 qua:
2632 1720 2817 1779 scripsi,
2844 1721 2999 1779 omnia
3018 1720 3126 1776 jure
3150 1715 3310 1769 tenes.

2278 1728 2364 1764 me
2500 1729 2610 1777 qua:
2632 1728 2817 1784 scripsi,
2844 1729 2999 1766 omnia
3018 1728 3126 1776 jure
3150 1728 3310 1769 tenes.

2217 1772 2321 1844 Nec
2341 1789 2406 1844 mi
2485 1789 2576 1844 ceu
2600 1779 2792 1840 propria
2815 1778 3162 1844 petulansharc
3185 1781 3371 1830 vindico
3391 1784 3560 1844 scripta
3586 1797 3598 1831 :

2279 1835 2462 1904 Defero
2484 1839 2578 1904 sed
2601 1835 2767 1904 vestro
2785 1835 2945 1904 omnia
2967 1839 3168 1900 judicio.

2186 1895 2459 1965 ~.Se.l_l‘n:tt'!i
2484 1900 2588 1946 haec
2613 1901 2811 1965 tribuas,
2837 1895 3042 1965 section
3062 1913 3076 1962 ;
3094 1908 3264 1965 tamen
3302 1901 3651 1965 Omnipotcntis

2145 1981 2148 1985 -
2178 2009 2180 2011 ,
2231 2011 2260 2019 γλ
2281 1956 2514 2009 Diviuitas
2533 1970 2728 2019 semper
2748 1956 2833 2008 det
2856 1962 2943 2008 tibi
2969 1956 3135 2010 cuncta
3158 1965 3278 2010 bona
3300 1976 3314 2013 :

2210 2011 2574 2085 certamenque
2594 2011 2770 2073 bonum
2792 2033 2935 2070 cursu
2959 2030 3256 2071 consummet
3277 2011 3483 2085 honesto
3504 2062 3518 2085 ,

2277 2078 2393 2129 Cum
2417 2078 2601 2129 Christo
2625 2085 2680 2129 ut
2698 2092 3110 2142 maneasaemper
3137 2097 3181 2130 Ill
3202 2096 3312 2134 arce
3337 2084 3450 2146 poli.

2159 2199 2411 2256 Movisset
2435 2201 2668 2284 ferreum
2694 2214 2879 2274 pectus
2921 2214 3030 2259 tam
3049 2205 3192 2273 justi
3223 2191 3438 2278 tamque
3479 2211 3709 2265 modesta

2156 2293 2332 2347 oratio
2357 2310 2372 2346 :
2400 2301 2456 2346 at
2474 2309 2630 2348 osaxo
2665 2304 2881 2350 cantum
2930 2306 3034 2351 est.
3073 2296 3209 2352 Hinc
3264 2299 3462 2359 malum
3507 2300 3709 2371 ingens,

2157 2383 2390 2437 secessio
2419 2390 2474 2437 et
2520 2383 2708 2436 exsilia
2747 2386 3152 2451 monachorum,
3181 2395 3236 2442 et
3273 2388 3500 2444 solitudo
3549 2389 3600 2443 in
3629 2404 3713 2444 so-

2159 2470 2379 2525 litudine
2424 2472 2556 2540 ipsa.
2593 2471 2890 2542 Lugubrem
2937 2475 3079 2529 hunc
3100 2476 3280 2530 Fuldae
3308 2485 3503 2532 statum
3529 2481 3712 2547 pathe-

2159 2561 2307 2617 ucss
2333 2562 2587 2616 describit
2628 2564 2880 2619 Rabanus
2912 2566 2963 2635 in
3020 2568 3257 2622 carmine
3285 2553 3374 2634 δέ),
3423 2569 3490 2624 ad
3527 2585 3710 2644 quem-

2156 2655 2278 2708 dam
2308 2653 2624 2709 Fuldensem
2655 2659 2977 2712 monachum
3019 2646 3407 2726 exsultantem;
3441 2660 3581 2730 quod
3609 2677 3712 2716 non

2158 2748 2226 2802 ab
2271 2763 2330 2802 re
2355 2748 2459 2804 erit
2492 2749 2596 2804 huc
2649 2751 2874 2818 referre,
2916 2761 2978 2807 ut
2999 2762 3248 2823 pastores
3283 2756 3498 2810 demum
3523 2755 3714 2810 intelli-

2158 2844 2304 2904 gant,
2331 2848 2588 2906 quantum
2615 2841 2812 2896 malum
2840 2844 3016 2912 pariat
3052 2844 3400 2900 immoderata
3430 2823 3707 2902 severitas.

2326 2966 2548 3037 .Cnrrens
2569 2968 2728 3037 charta
2754 2971 3109 3037 procul_nuntia
3137 2977 3271 3034 porta

2280 3027 2648 3093 Dilectogravia
2673 3027 2875 3093 munera
2905 3032 3060 3083 Fratri
3088 3073 3102 3093 ,

2281 3083 2396 3154 υυφ
2421 3083 2623 3154 infausta
2650 3090 2828 3140 tulerat
2852 3083 3233 3154 temporis'hora.

2341 3151 2496 3212 Quem
2520 3151 2696 3199 duzlum
2723 3155 2900 3212 eripuit
2918 3151 3050 3203 sorte
3079 3155 3280 3206 nefanda

2279 3208 2419 3278 βοῦς,
2445 3210 2574 3260 fraus
2596 3219 2741 3278 atque
2764 3208 2917 3277 do‘0r,
2937 3222 2988 3264 et
3008 3215 3137 3268 labor
3163 3218 3333 3278 ingens

2282 3269 2473 3335 Lupgas
2493 3269 2790 3335 compulerat
2812 3269 3038 3335 quaerere
3061 3269 3230 3325 terras'.

2342 3330 2462 3397 Pirs
2491 3334 2647 3397 ablata
2672 3335 2777 3391 fuit,
2804 3330 3004 3397 parsque
3031 3341 3258 3387 remansit
3285 3351 3300 3385 :

2282 3392 2397 3458 Cum
2418 3393 2594 3458 divisus
2622 3394 2759 3443 homo
2783 3392 3108 3456 (proh'dolor!
3134 3401 3146 3453 i
3173 3414 3293 3447 1111118

2268 3452 2358 3517 Est
2376 3455 2482 3502 voto
2503 3463 2648 3516 atque
2677 3452 2828 3504 aninia
2848 3469 3046 3517 corpore
3072 3452 3196 3505 bino.

2346 3514 2601 3575 Postquam
2625 3523 2672 3564 tu
2699 3514 2953 3581 unanimis,
2981 3519 3148 3579 frater,
3174 3522 3335 3581 abisti,

2208 3604 2212 3630 ρ
2267 3576 2366 3642 Ast
2389 3588 2498 3626 mox
2524 3589 2609 3636 per
2634 3580 2790 3642 varius
2815 3576 2969 3627 torsus
3002 3576 3182 3642 ubique

2283 3637 2396 3689 Sum
2416 3648 2566 3699 casus,
2591 3637 2712 3685 odiis
2735 3637 2874 3699 laesus
2892 3646 2942 3687 et
2967 3645 3098 3688 atris.

2214 3697 2216 3700 ’
2289 3757 2323 3759 η
2345 3695 2440 3759 sed
2466 3710 2646 3746 nunc...
2673 3696 2813 3759 doleo
2837 3708 3033 3759 pectore
3061 3703 3180 3749 tristi

2285 3757 2483 3806 Multum
2507 3770 2647 3823 posse
2671 3757 2864 3815 malum,
2888 3759 2982 3823 heu
3004 3762 3014 3808 ε
3041 3763 3274 3820 generale
3292 3799 3307 3823 ,

2284 3823 2432 3876 Quam
2455 3819 2540 3866 soli
2568 3819 2780 3866 mihimet
2805 3821 3013 3869 condere
3037 3819 3276 3870 damnum.

2343 3879 2414 3928 Ex
2439 3891 2533 3938 quo
2555 3880 2727 3927 seditio
2752 3883 2891 3927 no\ia
2914 3881 3089 3930 dudum

2284 3938 2414 3988 lnter
2437 3951 2521 3986 nos
2542 3951 2642 3988 orta
2666 3948 2759 3999 est,
2786 3953 2926 3989 nemo
2953 3943 3139 3992 valebat

2284 4001 2461 4061 Lenire
2487 4000 2608 4048 hanc
2634 4001 2873 4061 precibus,
2913 4016 3003 4050 nec
3023 4005 3138 4054 dare
3160 4004 3341 4054 tinem.”

2347 4059 2580 4129 crescens
2603 4059 2686 4109 sed
2712 4059 2906 4129 nimium
2932 4070 3147 4129 tempore
3173 4069 3321 4116 multo
3339 4105 3354 4129 ,

2285 4121 2434 4188 i_\_ucta
2459 4130 2533 4188 est
2559 4134 2740 4188 perque
2760 4125 2866 4188 dies
2887 4133 3019 4188 sorte
3032 4121 3249 4188 fmuligna
3273 4165 3286 4187 ,

2291 4181 2748 4242 VastavitpOpulum
2771 4183 2926 4232 Patris
2948 4186 3012 4231 ob
3032 4181 3169 4236 iram:

2349 4242 2674 4309 Durescitgui
2696 4246 2853 4290 animo
2877 4245 3132 4309 et_cedere
3157 4251 3308 4297 nescit
3336 4285 3349 4309 ,

2285 4302 2414 4352 Trux
2440 4303 2664 4351 deturbat
2687 4315 2822 4360 oves,
2848 4305 2980 4352 caede
3003 4316 3224 4358 cruentat
3248 4324 3260 4358 :

2285 4362 2471 4411 Nullius
2493 4365 2707 4424 miseret,
2735 4366 2870 4412 smvit
2894 4369 2940 4411 in
2962 4374 3147 4416 omnes.

2346 4423 2432 4489 llis
2453 4432 2681 4489 commota
2706 4426 2839 4489 malis
2858 4426 2998 4489 turba
3023 4429 3222 4489 reliquit

2286 4485 2542 4548 Antiquam
2563 4484 2798 4548 stabulum
2828 4487 2910 4535 :llt
2930 4484 3213 4548 peregrina.

2292 4546 2439 4615 La_:_sis
2461 4557 2554 4615 una
2577 4546 2705 4592 salus
2729 4546 2938 4615 pergere
2963 4546 3101 4610 longa
3126 4551 3202 4609 [ι.
3221 4551 3387 4615 longe]
3407 4559 3498 4603 est.

2353 4607 2490 4672 Venit
2518 4618 2696 4654 summa
2720 4607 2843 4662 dies,
2865 4607 3278 4668 tempus'amarum
3302 4607 3317 4672 ζ

2291 4666 2725 4733 Quandoextrema
2750 4673 2843 4733 pati
2870 4666 3007 4717 turba
3030 4681 3191 4733 coacta
3213 4666 3314 4733 est;

2293 4727 2349 4775 Et
2369 4730 2581 4789 convicta
2602 4727 2982 4789 malis’liuquere
3004 4731 3164 4779 sedes.

2348 4788 2511 4853 cuncti
2537 4790 2825 4853 conveniunt
2847 4788 3058 4849 undique
3080 4791 3252 4840 fratres
3271 4830 3285 4853 ,

2293 4847 2440 4915 Queis
2460 4861 2598 4895 mens
2622 4862 2713 4895 una
2737 4847 3041 4915 luit,parque
3068 4847 3315 4915 voluntas,

2293 4908 2526 4956 lmmitem
2551 4916 2602 4955 ut
2625 4908 2852 4967 precibus
2869 4908 3066 4960 ﬂectere
3091 4921 3296 4963 certent.

2353 4968 2562 5036 I_)uratus
2588 4970 2668 5036 qui
2693 4973 2851 5036 animo
2873 4981 3123 5036 spreverat
3139 4974 3461 5036 [praisprevit]
3482 4987 3656 5025 omnes
3674 5013 3690 5036 ,

2353 4989 2562 5016 uuratus
2588 4989 2668 5028 qur
2693 4989 2851 5017 unum
2873 4989 3123 5029 spreverat
3197 4989 3248 5023 ro
3263 4989 3441 5034 sprevrt

2293 5026 2486 5095 lrritans
2509 5029 2731 5095 populum
2739 5031 3047 5095 lmopactios]
3074 4989 3205 5093 peigt
3224 5035 3284 5082 ab
3302 5036 3406 5084 aede
3429 5073 3441 5093 ,

2289 5087 2561 5151 Desperare
2576 5087 2713 5139 dedit
2736 5089 2889 5137 Patris
2912 5087 3139 5142 amorem.

2350 5147 2547 5200 Diverso
2572 5152 2698 5196 inter
2719 5162 2776 5197 ea
2800 5153 2971 5199 mtenia
3006 5153 3133 5201 luctu

2289 5209 2548 5276 !i3c_entur
2570 5224 2580 5257 :
2605 5220 2828 5276 resonant
2852 5213 3058 5271 cymbala
3081 5225 3285 5274 cumque
3306 5246 3324 5276 ,

2285 5268 2346 5318 Et
2368 5273 2558 5330 signum
2585 5269 2796 5330 ecclesia:
2822 5268 3048 5320 convocat
3070 5268 3255 5324 omnes.

2347 5329 2610 5377 Accurrunt
2633 5329 2813 5395 tumulo
2825 5332 3060 5395 martyris
3082 5337 3188 5382 almi
3211 5372 3225 5395 ,
3263 5333 3268 5336 ’

2290 5388 2397 5452 Eiet
2418 5395 2552 5437 mista
2569 5392 2769 5440 senibus
2792 5393 2928 5452 plebs
2947 5388 3184 5452 juniorum
3209 5388 3222 5452 ξ

2287 5449 2358 5514 gx
2384 5453 2477 5514 imo
2501 5453 2709 5514 gemitus
2732 5449 2928 5512 pectOre
2948 5449 3126 5502 ducunt
3148 5493 3159 5510 .

2284 5508 2666 5571 Expandu'utque
2690 5508 2854 5560 manus
2874 5524 2980 5560 cum
3004 5508 3288 5574 prece‘fusa.

2164 5611 2255 5670 Sic
2275 5613 2471 5668 desinit
2504 5614 2720 5669 mutilus
2743 5616 2928 5680 codex,
2954 5630 3020 5669 ex
3046 5632 3150 5686 quo
3175 5618 3305 5673 satis
3332 5620 3488 5690 hujus
3513 5630 3721 5696 τεθεω-
