3940 6354
146 458 154 465 .
244 389 301 443 n
371 442 377 451 ,
1558 386 1804 440 ritum:

1907 383 2081 437 IENA.
3381 381 3441 436 IS

238 506 338 561 dite
391 505 553 577 tinem
597 504 871 559 discimus.
903 502 1085 557 Delata
1132 515 1218 555 res
1247 508 1328 555 est
1355 501 1421 553 ad
1459 500 1781 554 Ludovicum
1811 498 1862 555 Λ
1956 497 2043 550 18.
2071 494 2206 562 Quid
2232 494 2284 548 iu
2307 502 2614 550 sanctorum
2643 494 2895 565 reliquias
2918 503 2973 549 et
2992 494 3108 549 loca
3135 508 3285 547 sacra
3310 508 3440 560 prie.

239 598 553 666 Augustum,
569 597 660 664 qui
675 593 945 649 monachis
964 591 1313 646 Fuldensibus
1326 589 1629 644 facultatem
1644 589 1790 643 dedit

237 684 461 753 eligendi
476 683 637 736 alium
654 682 911 737 abbatem.
929 680 1067 744 Mox,
1083 679 1292 748 abjecto
1304 679 1575 749 Ratgario,
1590 679 1789 735 electus

234 784 317 829 est
344 789 487 829 anno
511 774 612 830 ενι
632 772 766 842 Eigil
789 772 1052 834 abbas,’i1t
1080 770 1132 823 in
1168 770 1282 839 ejus
1303 770 1424 823 Vita
1454 768 1656 821 dictum
1684 779 1785 821 est.

236 864 312 919 Eo
335 863 529 919 abbate
556 863 714 916 rediit
764 869 939 931 optata
968 859 1228 931 serenitas
1254 898 1267 923 ,
1293 857 1505 911 'collecti
1536 857 1709 911 denuo
1734 857 1787 909 in

236 970 399 1007 unum
432 952 676 1009 monachi
726 949 1022 1019 regularem
1051 948 1382 1017 disciplinam
1405 955 1457 1001 et
1491 947 1789 1001 studiorum

234 1058 391 1097 usum
430 1047 749 1095 revocarunt
774 1039 995 1093 Rabano
1019 1036 1250 1091 maxime
1270 1044 1618 1104 przeceptore.

308 1130 393 1183 15.
426 1129 529 1183 Per
556 1143 676 1182 eam
712 1126 950 1197 Ratgarii
982 1132 1352 1193 tempestatem
1394 1122 1652 1177 accidisse
1696 1137 1787 1174 ar-

235 1217 411 1272 bitror
441 1224 499 1271 ut
526 1216 779 1271 Rabanus
808 1216 924 1270 loco
965 1214 1155 1269 cedere
1181 1212 1485 1281 compulsus
1521 1211 1713 1265 abierit
1736 1211 1789 1263 in

235 1310 354 1363 loea
375 1317 554 1364 sancta
575 1326 588 1361 :
613 1306 762 1373 cujus
776 1303 1225 1375 peregrinationis
1248 1302 1509 1357 hactenus
1532 1302 1789 1371 ignoratae

235 1400 485 1455 meminit
528 1399 641 1468 ipse
684 1398 739 1451 in
808 1411 938 1450 mss.
994 1393 1393 1449 commentariis
1438 1392 1560 1446 libri
1605 1390 1787 1456 Iosue,

233 1508 357 1562 cap.
391 1492 479 1558 11,
508 1505 664 1545 versu
688 1490 741 1553 8,
766 1489 854 1543 ubi
883 1489 946 1543 de
971 1486 1167 1543 Sidone
1197 1487 1323 1557 agit.
1363 1504 1381 1536 ‹
1412 1485 1521 1554 Ego
1550 1482 1787 1552 quidem,

233 1583 431 1653 inquit,
482 1596 603 1637 cum
641 1581 694 1634 in
740 1579 870 1634 locis
920 1577 1134 1632 Sidonis
1172 1575 1453 1644 aliquoties
1484 1573 1791 1627 demoratus

140 1697 147 1702 -
233 1674 362 1736 sim,
403 1686 670 1740 nunquam
709 1668 945 1738 comperi
988 1669 1121 1722 duas
1160 1681 1278 1720 esse
1327 1664 1575 1728 SidOnas,
1627 1677 1790 1715 unam

235 1775 484 1829 magnam
518 1768 573 1819 et
604 1759 781 1812 aliam.
808 1772 1025 1825 parvam
1052 1796 1066 1820 ,
1099 1763 1357 1825 quantum
1406 1754 1472 1807 ad
1520 1755 1793 1807 terrenum

1892 585 2074 639 stitum
2116 584 2183 639 ab
2210 599 2274 639 eo
2302 584 2390 649 sit,
2425 585 2632 639 abunde
2669 600 2767 640 nos
2792 586 2946 641 docet
2975 581 3227 639 Rudolfus
3254 583 3272 653 (
3294 582 3446 651 Infra

1889 675 1943 726 in
1974 674 2091 727 Vita
2123 672 2388 745 Rabani),
2435 676 2534 729 nisi
2562 676 2703 744 quod
2746 676 2946 730 omittit
2990 662 3151 742 jacta'
3182 688 3279 745 per
3322 688 3445 727 eum

1889 767 2052 821 fuisse
2076 766 2415 821 fundamenta
2443 767 2828 823 Ilersfeldensis
2853 768 3112 833 ecclesiae,
3138 775 3273 821 teste
3298 765 3450 820 Lam-

1888 853 2041 907 berto
2066 853 2222 922 hujus
2251 855 2354 910 loci
2398 858 2678 919 monacho,
2719 855 2867 932 cujus
2896 857 3010 910 haec
3035 855 3216 911 verba.
3255 874 3270 904 ι
3293 852 3449 909 Anno

1888 944 1986 999 85!
2028 946 2169 999 Brun
2194 954 2248 1000 et
2276 946 2462 1001 Raban
2501 948 2722 1003 abbates
2763 947 3163 1002 fundamentum
3209 947 3447 1002 ecclesia:

1891 1030 2073 1087 Sancti
2125 1034 2387 1105 Wigberti
2432 1035 2677 1091 foderunt
2720 1053 2772 1090 vr
2828 1037 2949 1091 Idus
2989 1036 3133 1102 Julii,
3184 1037 3313 1092 feria
3360 1051 3449 1091 δρα

1890 1123 2079 1189 eunda,
2116 1142 2134 1174 ι
2165 1141 2324 1193 quam
2370 1126 2623 1181 Rabanus
2663 1137 2783 1196 post
2813 1127 2977 1183 Bruni
3012 1136 3238 1183 mortem
3272 1127 3452 1183 absol-

1890 1213 1985 1276 vit,
2026 1220 2080 1267 et
2123 1227 2264 1268 anno
2310 1213 2734 1270 850-~dedieavit
2761 1234 2773 1268 :
2803 1217 2953 1286 cujus
3002 1220 3077 1271 rei
3133 1216 3455 1285 memoriam,

1892 1301 2132 1355 versibus
2161 1308 2293 1356 testa
2302 1310 2409 1356 tam
2440 1303 2675 1372 reliquit.
2981 1295 2985 1300 ’

1960 1390 2044 1443 19.
2074 1389 2312 1445 Fuerunt
2340 1406 2404 1445 eo
2434 1400 2692 1461 tempore,
2722 1394 3032 1464 Meginfrido
3072 1397 3211 1469 apud
3239 1396 3453 1452 Tritbe-

1890 1479 2054 1532 mium
2080 1488 2329 1545 testante,
2358 1480 2411 1535 in
2437 1484 2682 1538 eoenobio
2708 1483 2956 1539 Fuldensi
2985 1487 3222 1539 monachi
3242 1497 3446 1540 centum

1890 1570 2259 1638 quinquaginta
2284 1611 2299 1634 ,
2333 1585 2468 1639 quos
2498 1569 2717 1645 illeﬁnon
2754 1573 2931 1628 minus
2960 1574 3244 1629 virtutibus
3287 1590 3450 1643 quam

1892 1659 2192 1714 litterarum
2216 1660 2405 1714 studiis
2435 1648 2776 1716 informabat.
2808 1663 3024 1717 Famam
3052 1663 3167 1731 ejus
3198 1665 3452 1719 doctrina:

1891 1751 2082 1821 probat
2108 1750 2308 1805 factum
2337 1751 2493 1819 Lupi,
2525 1753 2615 1820 qui
2650 1752 2760 1820 jam
2790 1752 2899 1818 vir,
2933 1755 3137 1825 magnis
3164 1756 3323 1810 rebus
3357 1770 3451 1809 oc-

232 1850 469 1918 pertinet
516 1848 709 1903 locum.
751 1866 769 1897 ι
805 1846 986 1915 Neque
1032 1846 1174 1900 enim
1212 1844 1314 1898 iter
1364 1843 1505 1897 istud
1550 1842 1793 1897 revocari
1824 1829 1865 1883 Β
1896 1849 2139 1910 cupatus,
2189 1837 2536 1908 excultusque
2574 1842 2796 1906 litteris,
2835 1842 3039 1896 Rabani
3078 1850 3253 1897 tamen
3297 1844 3457 1898 disci—

233 1948 413 2007 polest
452 1940 519 1993 ad
559 1947 766 2008 tempus
808 1937 1098 1993 intermissi
1154 1936 1429 2005 regimiuis
1476 1932 1789 1995 abbatialis;

235 2030 501 2098 siquidem
556 2030 650 2084 bos
696 2029 1108 2083 commentarios
1146 2026 1471 2095 nuncupavit
1514 2024 1794 2079 Fridurico

236 2117 469 2186 TrajcCti
489 2119 555 2173 a'd
576 2118 815 2173 Rhenum
832 2119 1101 2188 episcopo,
1119 2118 1210 2185 qui
1226 2131 1366 2171 anno
1383 2114 1485 2171 854
1499 2130 1671 2170 cmsus
1690 2122 1790 2177 est,

236 2216 364 2261 ante
391 2222 561 2261 annos
584 2217 706 2262 octo
734 2222 894 2276 quam
933 2207 1188 2262 Rabanus
1233 2207 1468 2276 regimen
1498 2205 1791 2260 abdicaret.

867 2335 1091 2391 CAPUT
1120 2336 1183 2390 V.

334 2450 549 2502 Abbatis
573 2465 783 2511 manus,
819 2465 895 2502 res
922 2458 1096 2518 gestw,
1122 2450 1381 2518 regiminis
1405 2449 1686 2502 abdicatio.

314 2561 411 2631 16.
442 2562 596 2631 Eigili
649 2562 827 2616 abbati
859 2562 952 2625 ita,
986 2569 1043 2614 ut
1082 2546 1213 2625 dixi,
1261 2560 1524 2625 instituto,
1573 2576 1636 2615 ac
1678 2569 1800 2629 post

235 2651 666 2720 quinquennium
692 2657 925 2713 mortuo,
949 2651 1208 2705 successit
1232 2642 1483 2704 Rabanus
1504 2666 1643 2704 anno
1673 2648 1796 2715 89.2,

239 2753 431 2793 mense
451 2739 689 2810 Augusto
714 2738 801 2806 vel.
825 2725 1147 2808 Septembri,
1192 2746 1250 2792 ut
1279 2738 1471 2807 colligo
1498 2754 1563 2793 ex
1594 2739 1801 2793 duabus

235 2812 447 2882 chartis
477 2842 505 2881 a
531 2827 757 2881 Pistorio
799 2827 978 2893 editis,
1007 2842 1234 2898 quarum
1269 2843 1371 2881 una
1404 2827 1570 2898 Eigile
1610 2827 1801 2883 abbate

236 2916 366 2971 data
383 2924 478 2991 jest
502 2931 554 2969 vi
582 2914 763 2970 Nonas
788 2916 1024 2987 Augusti,
1057 2932 1177 2987 pag.
1214 2917 1338 2981 528,
1361 2916 1461 2971 alia
1510 2916 1798 2982 HRabano,

235 3021 418 3073 mense
467 3003 696 3070 Octobri,
733 3022 767 3059 ι
812 3004 1079 3060 Kalendas
1130 3006 1456 3071 Novembris,
1490 3023 1611 3079 pag.
1663 3006 1798 3073 553;

237 3101 472 3163 utraque
498 3093 746 3148 Ludovici
778 3094 1103 3165 imperatoris
1132 3112 1268 3148 anno
1296 3112 1451 3149 nono.

1893 1931 2049 2000 plinm
2074 1931 2420 1985 erudiendum
2448 1948 2505 1985 se
2531 1932 2773 1986 submisit
2795 1922 2966 2000 paulo
2994 1940 3114 1986 ante
3142 1946 3450 1987 concessam

1895 2020 1995 2074 sibi
2045 2019 2403 2074 Ferrariensis
2446 2020 2753 2074 monasterii
2795 2020 3341 2084 administrationem,
3396 2028 3455 2075 ut

1894 2119 2041 2180 patet
2075 2127 2141 2166 ex
2176 2112 2341 2182 ipsius
2378 2112 2601 2181 epistola
2650 2112 2701 2166 5.
2738 2112 2880 2167 Idem
2910 2110 3021 2179 jam
3060 2112 3223 2167 abbas
3258 2126 3456 2183 praece-

1895 2204 2031 2273 ptori
2054 2203 2255 2273 gratias
2281 2204 2393 2274 agit
2420 2204 2643 2272 epistola
2676 2202 2763 2257 40.
2793 2203 2929 2270 Quid
2952 2204 3029 2258 rei
3056 2206 3226 2276 egerit
3251 2204 3303 2259 in
3331 2204 3459 2258 Ful-

1896 2291 2049 2346 densi
2077 2291 2348 2345 academia
2377 2293 2476 2346 sub
2498 2292 2739 2357 Rabano,
2762 2292 2997 2347 declarat
3025 2293 3137 2362 ipse
3157 2294 3209 2347 in
3232 2293 3456 2363 epistola

1898 2381 2139 2449 sequenti
2176 2379 2244 2433 ad
2278 2379 2568 2435 Immonem
2600 2370 2906 2450 episcopum
2945 2379 3417 2453 Noviomagensem
3445 2401 3457 2435 :

1902 2489 1922 2522 ι
1950 2469 2059 2524 Cur
2086 2474 2265 2524 autem
2306 2469 2455 2524 vobis
2497 2469 3084 2549 significaripetieritis
3130 2486 3264 2540 quos
3300 2471 3463 2527 libros

1900 2560 1954 2614 in
1980 2559 2266 2615 Germania
2290 2560 2594 2631 scripserim
2623 2561 2707 2615 vel
2741 2560 2981 2631 legerim,
3012 2550 3302 2617 demiratus
3323 2577 3459 2627 sum,

1899 2666 2002 2705 nec
2037 2651 2166 2705 satis
2209 2664 2429 2705 causam
2472 2650 2923 2718 comprehendere
2965 2650 3133 2719 potui,
3180 2650 3283 2705 nisi
3326 2649 3464 2705 forte

1901 2743 2007 2798 mei
2060 2743 2485 2811 experimentum
2529 2749 2717 2812 argute
2759 2755 2950 2811 capere
2985 2740 3227 2796 voluistis
3274 2756 3465 2812 propo-

1903 2832 2264 2906 sitisduabus
2320 2833 2519 2888 rebus:
2549 2846 2777 2901 quarum
2824 2830 3023 2897 altera,
3072 2832 3116 2886 si
3158 2831 3463 2896 cessissem,

1904 2923 2075 2978 videri
2138 2930 2348 2993 poterat
2398 2921 2806 2987 ostentationis;
2871 2921 3036 2977 altera
3094 2919 3464 2990 imprudentia:

1905 3014 2147 3085 puerilis.
2212 3014 2397 3083 Itaque
2450 3013 2767 3082 simpliciter
2816 3013 2967 3068 vobis
3029 3013 3212 3082 aperio
3255 3010 3457 3081 princi-

1908 3119 2029 3175 pem
2058 3119 2275 3173 operam
2305 3118 2391 3157 me
2413 3102 2517 3158 illic
2547 3103 2843 3158 destinasse
2878 3101 3113 3167 lectioni;
3138 3109 3192 3157 et
3218 3101 3284 3157 ad
3327 3101 3464 3156 obli-

316 3184 403 3237 17.
442 3185 731 3241 Prteclaras
760 3201 848 3241 res
878 3203 908 3240 a
933 3195 1085 3242 tanto
1114 3187 1309 3242 abbate
1335 3197 1512 3259 gestas
1540 3190 1808 3260 explicare
1834 3158 1878 3219 C
1908 3158 2415 3252 .vionis‘remedium
2464 3193 2871 3249 ct'eruditionis
2917 3200 3259 3264 augmentum
3304 3192 3467 3248 libros

237 3289 435 3330 omnes
459 3273 669 3330 diﬂicile
687 3284 787 3331 est.
823 3276 905 3330 Ah
930 3293 995 3332 eo
1020 3278 1279 3348 siquidem
1306 3289 1452 3335 sarta
1478 3289 1617 3338 tecta
1642 3282 1809 3353 viguit

238 3365 541 3421 menastica
571 3366 881 3436 disciplina;
935 3378 1089 3423 aucta
1120 3378 1312 3439 praeter
1340 3373 1554 3427 modum
1578 3373 1809 3428 cmnobii

241 3456 577 3529 existimatio
605 3465 659 3511 et
684 3457 847 3524 fama,
878 3460 954 3513 uti
978 3468 1031 3514 et
1054 3463 1439 3523 monachorum
1462 3465 1672 3535 religio;
1694 3467 1810 3535 plu-

241 3546 444 3599 rimum
494 3548 799 3623 temporalis
846 3551 1109 3606 commodi
1162 3552 1459 3622 adjectum;
1513 3556 1809 3610 litterarum

242 3636 427 3688 studia
479 3636 704 3692 miriﬁce
760 3639 999 3705 exculta;
1058 3657 1241 3712 regum
1300 3652 1360 3716 et.
1407 3636 1808 3716 imperatorum,

239 3728 445 3807 quibus
494 3728 828 3797 gratissimus
879 3740 932 3785 et
978 3735 1381 3801 acceptissimus
1436 3752 1646 3806 semper
1691 3739 1809 3803 fuit,

242 3818 536 3872 conciliata
580 3820 982 3886 benevolentia;
1014 3831 1068 3876 et
1102 3828 1118 3893 (
1142 3826 1279 3893 quod
1327 3827 1477 3894 prius
1502 3828 1699 3884 dixisse
1724 3831 1814 3885 dc-

240 3909 504 3977 bueram)
528 3910 777 3976 basilicis,
803 3914 971 3967 sacris
994 3916 1121 3979 aris,
1148 3931 1209 3969 ac
1243 3926 1549 3973 sanctorum
1578 3921 1816 3991 reliquiis

240 3996 428 4050 cultus
454 3998 827 4067 ampliﬁcatus.
856 4002 1163 4058 Audiendus
1189 4005 1291 4059 hoc
1312 4006 1429 4061 loco
1456 4008 1808 4065 Tritliemius:

246 4110 266 4138 ιι
311 4088 426 4142 Sub
475 4089 589 4158 ejus
639 4091 896 4161 regimine
936 4096 1315 4151 monasterium
1362 4090 1817 4156 Fuldenserebus

242 4185 417 4246 atque
453 4180 693 4249 persoan
734 4181 1177 4252 crevitquotidic,
1234 4194 1287 4240 et
1336 4186 1477 4242 fama
1520 4190 1817 4245 sanctitatis

242 4266 635 4320 monachorum
676 4269 805 4337 ejus.
834 4285 927 4339 per
953 4278 1122 4325 totum
1152 4288 1211 4328 se
1238 4289 1457 4344 regnum
1490 4275 1817 4331 Francorum

241 4353 486 4419 diffudit,
547 4356 810 4425 praecipue
864 4367 1042 4413 tamen
1092 4361 1297 4415 abbatis
1344 4361 1597 4417 IIRabani
1641 4366 1819 4434 opinio

240 4443 513 4498 doctrina:
530 4451 584 4497 et
608 4446 970 4501 sanctimonia:
1001 4448 1050 4501 in
1084 4464 1177 4503 ore
1208 4448 1308 4503 fuit
1329 4434 1575 4525 omnium.
1593 4451 1816 4508 celebris

241 4542 307 4587 et
327 4533 586 4603 gloriosa,
614 4551 717 4590 non
752 4532 922 4591 solum
946 4540 1083 4608 apud
1111 4540 1408 4597 Germania:
1436 4542 1692 4609 Francos,
1721 4545 1815 4599 sed

242 4621 397 4691 apud
439 4620 738 4679 Gallicanos
764 4641 975 4695 quoque
1018 4636 1072 4682 et
1107 4628 1261 4683 Italos
1291 4648 1303 4682 :
1335 4628 1485 4697 cujus
1532 4630 1629 4686 viri
1674 4630 1814 4686 fama

244 4727 417 4781 reges
451 4720 505 4766 et
541 4713 827 4785 principes,
873 4717 1150 4786 episcopos
1179 4726 1232 4773 et
1262 4720 1505 4776 doctores
1529 4722 1811 4791 quoslibet,

239 4804 422 4857 etiam
456 4802 661 4874 longius
707 4807 985 4874 distantes,
1035 4810 1088 4862 in
1120 4810 1232 4883 ejus
1265 4813 1663 4877 venerationem
1702 4830 1819 4884 per-

238 4894 447 4949 movit.
478 4894 555 4948 Ex
586 4898 731 4951 omni
777 4913 938 4968 regno
966 4899 1292 4958 Francorum
1312 4942 1326 4966 ,
1359 4904 1498 4971 quod
1540 4912 1666 4959 tunc
1699 4912 1817 4959 erat

240 4998 449 5047 unum,
480 4982 757 5041 Germanis
778 4995 832 5041 et
868 4986 1052 5053 Gallis,
1083 4990 1149 5045 ad
1180 4992 1498 5046 audiendum
1526 4994 1671 5047 illum
1702 5010 1819 5048 cer-

239 5072 770 5130 latim-confluebant
799 5078 899 5131 viri
942 5079 1229 5133 multarum
1274 5080 1585 5136 facultatum
1627 5083 1813 5153 periti;

234 5171 303 5215 et
331 5176 398 5214 se
428 5161 540 5217 fore
568 5164 751 5219 beatos
786 5167 1181 5241 existimabant,
1221 5170 1311 5239 qui
1341 5170 1406 5224 ad
1435 5172 1548 5239 ejus
1592 5170 1818 5227 fuissent

239 5251 681 5311 familiaritatem
712 5252 949 5314 admissi.
982 5260 1129 5315 Multi
1169 5278 1381 5331 quoque
1406 5264 1694 5333 principes,
1724 5280 1819 5319 no-

239 5344 398 5399 biles
426 5355 481 5398 et
512 5346 657 5403 cives
695 5348 943 5405 IIRabani
987 5353 1294 5423 magisterio
1340 5354 1477 5409 ﬁlios
1514 5370 1639 5410 suos
1672 5371 1818 5410 com-

237 5434 526 5490 miserunt
556 5436 886 5506 imbuendos,
914 5443 1077 5497 variis
1105 5451 1263 5513 atque
1296 5444 1591 5514 magnificis
1614 5460 1815 5514 praece-

231 5535 472 5597 ptorem
519 5528 677 5583 donis
712 5538 767 5584 et
800 5534 1105 5589 muneribus
1153 5536 1516 5589 honorantes:
1549 5549 1682 5603 quos
1733 5535 1819 5589 ille

235 5625 410 5672 tanta
458 5618 749 5675 sedulitate
792 5623 994 5688 docuit,
1044 5641 1148 5696 qua
1192 5626 1362 5696 major
1402 5627 1687 5697 excogitari
1729 5626 1815 5679 vix

229 5705 540 5777 potuisset;
579 5727 597 5757 ι

1854 3298 1873 3315 ·“
1908 3289 2166 3360 pauculos
2201 3288 2472 3357 paravisse
2504 3304 2517 3340 :
2550 3302 2650 3341 nec
2673 3286 3004 3341 Germanica:
3038 3285 3227 3354 lingua:
3255 3289 3465 3353 captum

1911 3393 2113 3442 amore,
2144 3386 2200 3431 ut
2228 3376 2556 3446 ineptissime
2585 3375 2801 3444 quidam
2816 3375 3176 3444 iactaverunt.
3202 3370 3466 3427 sarcinam

1912 3468 2139 3539 subiisse
2164 3467 2299 3521 tanti
2329 3465 2811 3535 tamquediuturni
2840 3462 3056 3518 laboris.
3098 3481 3114 3514 ι

1978 3559 2067 3615 20.
2099 3560 2242 3614 Inter
2283 3574 2382 3624 ea,
2429 3557 2683 3613 Ludovici
2732 3558 2953 3628 Augusti
3004 3556 3125 3611 (iliis
3172 3556 3224 3609 in
3262 3563 3465 3625 patrem

1911 3648 2361 3718 conspirantibus,
2395 3655 2501 3701 tam
2528 3649 2820 3716 prudenter
2847 3653 2901 3700 et
2942 3645 3185 3716 religiose
3222 3659 3279 3698 se
3303 3644 3469 3715 gessit

1910 3740 2184 3803 Bahanus,
2214 3745 2274 3791 ut
2298 3744 2352 3791 et
2384 3737 2552 3806 patris
2576 3744 2630 3791 et
2667 3736 2895 3791 filiorum
2919 3734 3341 3790 benevolentiam
3365 3734 3468 3788 sibi

1912 3829 2220 3893 retinuerit,
2269 3826 2535 3896 fueritque
2570 3827 2707 3897 apud
2741 3841 2833 3881 eos
2863 3834 3140 3895 sequester
3173 3824 3469 3880 concordia'

1912 3928 1966 3975 et
1984 3920 2151 3989 pacis,
2173 3919 2317 3974 edito
2337 3915 2476 3973 libro
2499 3918 2561 3972 de
2580 3916 2881 3971 Reverentia
2896 3916 3123 3985 ﬁliorum
3145 3932 3263 3985 erga
3278 3924 3468 3985 patres,

1910 4019 1959 4062 et
1988 4008 2308 4062 subditorum
2353 4026 2475 4079 erga
2521 4024 2680 4077 reges,
2737 4006 2789 4059 in
2833 4005 2981 4073 cujus
3012 4004 3114 4058 fine
3142 4004 3464 4059 Ludovicum

1917 4097 2289 4165 imperatorem
2319 4097 2384 4150 ad
2411 4094 2786 4166 indulgendum
2816 4092 2922 4146 ﬁlio
2948 4101 3004 4147 et
3026 4092 3143 4146 aliis
3167 4093 3430 4147 hortatur.

1983 4186 2072 4239 21.
2106 4185 2243 4252 Quid
2272 4186 2350 4240 rei
2379 4185 2654 4241 familiaris
2683 4184 2927 4239 coenobio
2952 4183 3202 4239 Fuldensi
3230 4197 3326 4252 per
3349 4198 3469 4238 eum

1917 4278 2220 4342 accesserit,
2252 4285 2417 4333 testes
2443 4285 2566 4332 sunt
2604 4276 2794 4330 litte‘ree
2819 4272 3160 4335 donationum
3187 4289 3218 4329 a
3242 4274 3471 4334 Pis‘torio

1914 4367 2240 4423 ctBrovvero
2269 4368 2444 4422 editas.
2477 4365 2861 4422 Observatione
2886 4366 3042 4435 digna
3070 4371 3152 4419 est
3182 4364 3471 4435 Eginhardi

1918 4457 2137 4526 epistola
2169 4458 2254 4525 16,
2294 4448 2699 4512 reverentissimo
2739 4454 2931 4510 Christi
2957 4456 3153 4525 famqu
3198 4448 3472 4510 HRabauo

1917 4546 2195 4600 venerabili
2235 4546 2408 4599 abbati
2435 4546 2689 4616 inscripta
2706 4585 2721 4610 ,
2749 4560 2855 4614 qua
2882 4544 3251 4599 Gundhartum
3280 4560 3469 4614 quem-

1918 4635 2037 4690 dam
2066 4635 2181 4705 ejus
2204 4635 2473 4690 hominem
2509 4651 2540 4689 a
2569 4634 2783 4688 militari
2813 4634 2953 4688 illius
2980 4634 3105 4689 anni
3135 4635 3471 4703 expeditione

1917 4733 2225 4779 excusatum
2252 4724 2436 4779 haberi
2472 4731 2643 4795 rogat.
2662 4723 2929 4779 Fuldeuse
2954 4724 3149 4793 quippe
3170 4723 3469 4779 emnobium

1916 4822 2035 4869 erat
2072 4830 2136 4870 ex
2175 4814 2386 4869 illorum
2417 4830 2640 4871 numero
2679 4814 2770 4883 qui
2813 4815 2924 4885 regi
2964 4814 3104 4869 dona
3133 4823 3187 4870 et
3227 4814 3468 4870 militiam

1917 4902 2027 4972 (sic
2070 4904 2254 4976 aiunt)
2294 4905 2574 4959 debebant.
2613 4902 2694 4959 Ad
2720 4904 2835 4958 hare
2855 4905 3124 4974 egregium
3158 4918 3188 4957 a
3214 4902 3473 4974 Gregorio

1918 5007 2051 5061 papa
2090 5000 2283 5061 quarto
2325 4992 2558 5061 diploma
2584 4992 2877 5047 obtinuisse
2912 4992 3126 5060 dicitur,
3158 5008 3263 5063 quo
3299 4995 3472 5063 ponti-

1918 5083 2004 5140 fex
2047 5099 2141 5139 sex
2182 5084 2457 5155 privilegia
2492 5083 2842 5139 Fuldensibus
2873 5084 3133 5139 concedit.
3176 5085 3226 5137 1.
3268 5085 3471 5141 Confir-

1914 5182 2026 5228 mat
2054 5173 2363 5229 monasterii
2405 5174 2804 5242 patrimonium.
2853 5174 2907 5227 2.
2945 5172 3197 5244 Assignat
3246 5172 3468 5229 Rabano

1895 5264 2135 5333 ejusque
2162 5262 2563 5317 successoribus
2591 5262 2910 5317 domicilium
2940 5261 3124 5316 Romae
3142 5302 3155 5327 ,
3194 5270 3321 5331 puta
3359 5277 3472 5316 mo-

1919 5355 2213 5411 nasterium
2244 5353 2428 5407 Sancti
2466 5350 2711 5417 Andreae,
2750 5352 2946 5405 dictum
2982 5350 3281 5416 Exavilum,
3317 5350 3472 5419 juxta

1918 5443 2199 5498 ecclesiam
2228 5441 2438 5496 Sanctae
2463 5440 2641 5495 Maria:
2665 5440 2731 5495 ad
2752 5439 3013 5509 Praesepe.
3036 5440 3089 5494 3.
3114 5439 3271 5495 Vetat
3295 5438 3474 5507 cujus-

1919 5536 1999 5589 vis
2012 5534 2216 5589 ordinis
2241 5531 2569 5587 antistitibus
2584 5547 2653 5586 ne
2678 5530 2980 5586 sacrificent
2998 5531 3051 5586 in
3072 5530 3350 5585 Fuldensis
3372 5531 3466 5583 ba-

1919 5624 2082 5678 silica:
2101 5637 2194 5676 ara
2225 5619 2499 5691 primaria.
2532 5618 2584 5673 4.
2608 5617 2863 5673 Concedit
2888 5617 3208 5686 pradicandi
3250 5615 3488 5694 faculta:

1923 5723 2049 5779 tem,
2102 5710 2402 5782 proedriam
2451 5718 2507 5764 et
2556 5706 2840 5778 primatum
2878 5707 3094 5763 sedendi
3144 5707 3197 5762 in
3243 5704 3473 5777 publicis
