  <div class='ocr_page' id='page_1' title='image "/cluster/home/n/w/nwhite01/storage/ocr_20150623/107/uva.x000827064/015.png"; bbox 0 0 3940 6354; ppageno 0'>
   <div class='ocr_carea' id='block_1_1' title="bbox 526 396 3707 468">
    <p class='ocr_par' dir='ltr' id='par_1_1' title="bbox 526 396 3707 468">
     <span class='ocr_line' id='line_1_1' title="bbox 526 396 3707 468; baseline -0.002 -11"><span class='ocrx_word' id='word_1_1' title='bbox 526 402 590 458; x_wconf 74' lang='grc'><strong>19</strong></span> <span class='ocrx_word' id='word_1_2' title='bbox 1617 396 1726 460; x_wconf 75' lang='lat' dir='ltr'><strong>,AD</strong></span> <span class='ocrx_word' id='word_1_3' title='bbox 1762 397 1984 455; x_wconf 80' lang='lat' dir='ltr'><strong>OPERA</strong></span> <span class='ocrx_word' id='word_1_4' title='bbox 2024 398 2083 452; x_wconf 86' lang='grc' dir='ltr'><strong>Β.</strong></span> <span class='ocrx_word' id='word_1_5' title='bbox 2125 396 2374 453; x_wconf 78' lang='lat' dir='ltr'><strong>RABANI</strong></span> <span class='ocrx_word' id='word_1_6' title='bbox 2410 398 2623 454; x_wconf 74' lang='lat' dir='ltr'><strong>MAURI</strong></span> <span class='ocrx_word' id='word_1_7' title='bbox 3644 413 3707 468; x_wconf 68' lang='lat' dir='ltr'><strong>go</strong></span> 
     </span>
    </p>
   </div>
   <div class='ocr_carea' id='block_1_2' title="bbox 515 494 3707 598">
    <p class='ocr_par' dir='ltr' id='par_1_2' title="bbox 515 494 3707 598">
     <span class='ocr_line' id='line_1_2' title="bbox 515 494 3707 598; baseline 0.001 -23"><span class='ocrx_word' id='word_1_8' title='bbox 515 517 871 582; x_wconf 77' lang='lat' dir='ltr'><strong>musessihns,</strong></span> <span class='ocrx_word' id='word_1_9' title='bbox 914 525 1036 570; x_wconf 86' lang='lat' dir='ltr'><strong>ante</strong></span> <span class='ocrx_word' id='word_1_10' title='bbox 1064 530 1246 569; x_wconf 83' lang='lat' dir='ltr'><strong>omnes</strong></span> <span class='ocrx_word' id='word_1_11' title='bbox 1270 511 1448 567; x_wconf 55' lang='lat' dir='ltr'><strong>Gallia</strong></span> <span class='ocrx_word' id='word_1_12' title='bbox 1492 520 1545 566; x_wconf 92' lang='lat' dir='ltr'><strong>et</strong></span> <span class='ocrx_word' id='word_1_13' title='bbox 1571 511 1867 566; x_wconf 81' lang='lat' dir='ltr'><strong>Germaniae</strong></span> <span class='ocrx_word' id='word_1_14' title='bbox 1903 502 2069 566; x_wconf 86' lang='lat' dir='ltr'><strong>abba-</strong></span> <span class='ocrx_word' id='word_1_15' title='bbox 2095 517 2147 576; x_wconf 78' lang='grc' dir='ltr'>Α</span> <span class='ocrx_word' id='word_1_16' title='bbox 2170 526 2445 566; x_wconf 88' lang='lat' dir='ltr'><strong>manorum</strong></span> <span class='ocrx_word' id='word_1_17' title='bbox 2480 527 2593 578; x_wconf 79' lang='lat' dir='ltr'><strong>rex,</strong></span> <span class='ocrx_word' id='word_1_18' title='bbox 2620 511 2785 583; x_wconf 89' lang='lat' dir='ltr'><strong>frater</strong></span> <span class='ocrx_word' id='word_1_19' title='bbox 2822 494 3061 575; x_wconf 82' lang='lat' dir='ltr'><strong>Lotharii</strong></span> <span class='ocrx_word' id='word_1_20' title='bbox 3100 515 3436 586; x_wconf 65' lang='lat' dir='ltr'><strong>imperatoris</strong></span> <span class='ocrx_word' id='word_1_21' title='bbox 3474 537 3538 578; x_wconf 88' lang='lat' dir='ltr'><strong>ac</strong></span> <span class='ocrx_word' id='word_1_22' title='bbox 3576 526 3707 598; x_wconf 71' lang='lat' dir='ltr'><strong>regis</strong></span> 
     </span>
    </p>
   </div>
   <div class='ocr_carea' id='block_1_3' title="bbox 517 601 2065 671">
    <p class='ocr_par' dir='ltr' id='par_1_3' title="bbox 517 601 2065 671">
     <span class='ocr_line' id='line_1_3' title="bbox 517 601 2065 671; baseline -0.004 -9"><span class='ocrx_word' id='word_1_23' title='bbox 517 617 616 664; x_wconf 88' lang='lat' dir='ltr'><strong>tes.</strong></span> <span class='ocrx_word' id='word_1_24' title='bbox 638 609 688 663; x_wconf 83' lang='lat'><strong>5.</strong></span> <span class='ocrx_word' id='word_1_25' title='bbox 727 607 889 663; x_wconf 84' lang='lat' dir='ltr'><strong>Usum</strong></span> <span class='ocrx_word' id='word_1_26' title='bbox 928 605 1244 666; x_wconf 76' lang='lat' dir='ltr'><strong>dalmaticzn,</strong></span> <span class='ocrx_word' id='word_1_27' title='bbox 1268 602 1562 671; x_wconf 83' lang='lat' dir='ltr'><strong>caligarum</strong></span> <span class='ocrx_word' id='word_1_28' title='bbox 1591 610 1645 655; x_wconf 91' lang='lat' dir='ltr'><strong>et</strong></span> <span class='ocrx_word' id='word_1_29' title='bbox 1686 601 2065 656; x_wconf 88' lang='lat' dir='ltr'><strong>sandaliorum.</strong></span> 
     </span>
    </p>
   </div>
   <div class='ocr_carea' id='block_1_4' title="bbox 514 693 2068 764">
    <p class='ocr_par' dir='ltr' id='par_1_4' title="bbox 514 693 2068 764">
     <span class='ocr_line' id='line_1_4' title="bbox 514 693 2068 764; baseline -0.007 -6"><span class='ocrx_word' id='word_1_30' title='bbox 514 702 570 759; x_wconf 86' lang='lat'><strong>6.</strong></span> <span class='ocrx_word' id='word_1_31' title='bbox 604 702 676 756; x_wconf 91' lang='lat' dir='ltr'><strong>Ut</strong></span> <span class='ocrx_word' id='word_1_32' title='bbox 713 699 988 754; x_wconf 86' lang='lat' dir='ltr'><strong>Fuldensis</strong></span> <span class='ocrx_word' id='word_1_33' title='bbox 1023 697 1248 750; x_wconf 88' lang='lat' dir='ltr'><strong>antistes</strong></span> <span class='ocrx_word' id='word_1_34' title='bbox 1291 697 1502 750; x_wconf 86' lang='lat' dir='ltr'><strong>nonnisi</strong></span> <span class='ocrx_word' id='word_1_35' title='bbox 1526 697 1592 751; x_wconf 91' lang='lat' dir='ltr'><strong>ab</strong></span> <span class='ocrx_word' id='word_1_36' title='bbox 1627 694 1916 764; x_wconf 67' lang='lat' dir='ltr'><strong>apostolica</strong></span> <span class='ocrx_word' id='word_1_37' title='bbox 1944 693 2068 748; x_wconf 89' lang='lat' dir='ltr'><strong>sede</strong></span> 
     </span>
    </p>
   </div>
   <div class='ocr_carea' id='block_1_5' title="bbox 516 783 2068 853">
    <p class='ocr_par' dir='ltr' id='par_1_5' title="bbox 516 783 2068 853">
     <span class='ocr_line' id='line_1_5' title="bbox 516 783 2068 853; baseline -0.006 -7"><span class='ocrx_word' id='word_1_38' title='bbox 516 791 862 846; x_wconf 82' lang='lat' dir='ltr'><strong>benedicatur</strong></span> <span class='ocrx_word' id='word_1_39' title='bbox 889 795 975 840; x_wconf 91' lang='lat' dir='ltr'><strong>aut</strong></span> <span class='ocrx_word' id='word_1_40' title='bbox 995 784 1358 840; x_wconf 67' lang='lat' dir='ltr'><strong>confirmetur.</strong></span> <span class='ocrx_word' id='word_1_41' title='bbox 1409 783 1733 847; x_wconf 70' lang='lat' dir='ltr'><strong>ldibusMaii</strong></span> <span class='ocrx_word' id='word_1_42' title='bbox 1757 799 1851 853; x_wconf 87' lang='lat' dir='ltr'><strong>per</strong></span> <span class='ocrx_word' id='word_1_43' title='bbox 1877 797 2068 837; x_wconf 90' lang='lat' dir='ltr'><strong>manus</strong></span> 
     </span>
    </p>
   </div>
   <div class='ocr_carea' id='block_1_6' title="bbox 516 872 2069 938">
    <p class='ocr_par' dir='ltr' id='par_1_6' title="bbox 516 872 2069 938">
     <span class='ocr_line' id='line_1_6' title="bbox 516 872 2069 938; baseline -0.005 -4"><span class='ocrx_word' id='word_1_44' title='bbox 516 878 785 934; x_wconf 85' lang='lat' dir='ltr'><strong>Benedicti</strong></span> <span class='ocrx_word' id='word_1_45' title='bbox 830 875 1020 929; x_wconf 86' lang='lat' dir='ltr'><strong>notarii</strong></span> <span class='ocrx_word' id='word_1_46' title='bbox 1067 883 1120 929; x_wconf 91' lang='lat' dir='ltr'><strong>et</strong></span> <span class='ocrx_word' id='word_1_47' title='bbox 1174 872 1470 938; x_wconf 88' lang='lat' dir='ltr'><strong>scriniarii,</strong></span> <span class='ocrx_word' id='word_1_48' title='bbox 1525 875 1705 928; x_wconf 90' lang='lat' dir='ltr'><strong>indict.</strong></span> <span class='ocrx_word' id='word_1_49' title='bbox 1758 873 1843 936; x_wconf 77' lang='grc'><strong>14,</strong></span> <span class='ocrx_word' id='word_1_50' title='bbox 1898 874 1951 929; x_wconf 90' lang='lat' dir='ltr'><strong>id</strong></span> <span class='ocrx_word' id='word_1_51' title='bbox 1985 880 2069 930; x_wconf 89' lang='lat' dir='ltr'><strong>est</strong></span> 
     </span>
    </p>
   </div>
   <div class='ocr_carea' id='block_1_7' title="bbox 516 961 2066 1032">
    <p class='ocr_par' dir='ltr' id='par_1_7' title="bbox 516 961 2066 1032">
     <span class='ocr_line' id='line_1_7' title="bbox 516 961 2066 1032; baseline -0.004 -9"><span class='ocrx_word' id='word_1_52' title='bbox 516 983 656 1024; x_wconf 89' lang='lat' dir='ltr'><strong>anno</strong></span> <span class='ocrx_word' id='word_1_53' title='bbox 696 965 826 1028; x_wconf 82' lang='lat'><strong>836;</strong></span> <span class='ocrx_word' id='word_1_54' title='bbox 878 965 1017 1032; x_wconf 89' lang='lat' dir='ltr'><strong>quod</strong></span> <span class='ocrx_word' id='word_1_55' title='bbox 1056 963 1298 1032; x_wconf 86' lang='lat' dir='ltr'><strong>.diploma</strong></span> <span class='ocrx_word' id='word_1_56' title='bbox 1342 963 1623 1017; x_wconf 89' lang='lat' dir='ltr'><strong>Gretserus</strong></span> <span class='ocrx_word' id='word_1_57' title='bbox 1661 977 1728 1015; x_wconf 81' lang='lat' dir='ltr'><strong>ex</strong></span> <span class='ocrx_word' id='word_1_58' title='bbox 1774 961 2066 1023; x_wconf 79' lang='lat' dir='ltr'><strong>.Viennensi</strong></span> 
     </span>
    </p>
   </div>
   <div class='ocr_carea' id='block_1_8' title="bbox 514 1053 2063 1123">
    <p class='ocr_par' dir='ltr' id='par_1_8' title="bbox 514 1053 2063 1123">
     <span class='ocr_line' id='line_1_8' title="bbox 514 1053 2063 1123; baseline -0.003 -11"><span class='ocrx_word' id='word_1_59' title='bbox 514 1058 831 1113; x_wconf 82' lang='lat' dir='ltr'><strong>bibliotheca</strong></span> <span class='ocrx_word' id='word_1_60' title='bbox 865 1055 1174 1123; x_wconf 79' lang='lat' dir='ltr'><strong>publicavit,</strong></span> <span class='ocrx_word' id='word_1_61' title='bbox 1217 1063 1350 1107; x_wconf 88' lang='lat' dir='ltr'><strong>teste</strong></span> <span class='ocrx_word' id='word_1_62' title='bbox 1381 1053 1632 1108; x_wconf 84' lang='lat' dir='ltr'><strong>Brovvero</strong></span> <span class='ocrx_word' id='word_1_63' title='bbox 1661 1053 1714 1106; x_wconf 91' lang='lat' dir='ltr'><strong>in</strong></span> <span class='ocrx_word' id='word_1_64' title='bbox 1756 1054 2063 1108; x_wconf 87' lang='lat' dir='ltr'><strong>relectioni-</strong></span> 
     </span>
    </p>
   </div>
   <div class='ocr_carea' id='block_1_9' title="bbox 444 1140 2063 1214">
    <p class='ocr_par' dir='ltr' id='par_1_9' title="bbox 444 1140 2063 1214">
     <span class='ocr_line' id='line_1_9' title="bbox 444 1140 2063 1214; baseline -0.004 -12"><span class='ocrx_word' id='word_1_65' title='bbox 444 1172 445 1175; x_wconf 51' lang='grc' dir='ltr'><strong>η</strong></span> <span class='ocrx_word' id='word_1_66' title='bbox 509 1145 612 1201; x_wconf 88' lang='lat' dir='ltr'><strong>bus</strong></span> <span class='ocrx_word' id='word_1_67' title='bbox 654 1145 722 1199; x_wconf 87' lang='lat' dir='ltr'><strong>ad</strong></span> <span class='ocrx_word' id='word_1_68' title='bbox 764 1144 1106 1214; x_wconf 76' lang='lat' dir='ltr'><strong>Antiquitates</strong></span> <span class='ocrx_word' id='word_1_69' title='bbox 1146 1140 1431 1195; x_wconf 78' lang='lat' dir='ltr'><strong>Fuldenses</strong></span> <span class='ocrx_word' id='word_1_70' title='bbox 1462 1158 1480 1194; x_wconf 91' lang='lat'><strong><em>:</em></strong></span> <span class='ocrx_word' id='word_1_71' title='bbox 1507 1143 1648 1210; x_wconf 87' lang='lat' dir='ltr'><strong>quod</strong></span> <span class='ocrx_word' id='word_1_72' title='bbox 1696 1142 1946 1212; x_wconf 86' lang='lat' dir='ltr'><strong>diploma,</strong></span> <span class='ocrx_word' id='word_1_73' title='bbox 1979 1143 2063 1196; x_wconf 86' lang='lat' dir='ltr'><strong>in-</strong></span> 
     </span>
    </p>
   </div>
   <div class='ocr_carea' id='block_1_10' title="bbox 509 1231 2060 1306">
    <p class='ocr_par' dir='ltr' id='par_1_10' title="bbox 509 1231 2060 1306">
     <span class='ocr_line' id='line_1_10' title="bbox 509 1231 2060 1306; baseline 0.002 -17"><span class='ocrx_word' id='word_1_74' title='bbox 509 1236 645 1306; x_wconf 87' lang='lat' dir='ltr'><strong>quit,</strong></span> <span class='ocrx_word' id='word_1_75' title='bbox 698 1236 740 1289; x_wconf 90' lang='lat' dir='ltr'><strong>si</strong></span> <span class='ocrx_word' id='word_1_76' title='bbox 796 1235 1078 1304; x_wconf 87' lang='lat' dir='ltr'><strong>genuinum</strong></span> <span class='ocrx_word' id='word_1_77' title='bbox 1121 1241 1220 1295; x_wconf 91' lang='lat' dir='ltr'><strong>est,</strong></span> <span class='ocrx_word' id='word_1_78' title='bbox 1259 1247 1446 1300; x_wconf 85' lang='lat' dir='ltr'><strong>magna</strong></span> <span class='ocrx_word' id='word_1_79' title='bbox 1486 1231 1704 1288; x_wconf 83' lang='lat' dir='ltr'><strong>Rabano</strong></span> <span class='ocrx_word' id='word_1_80' title='bbox 1751 1247 2060 1292; x_wconf 60' lang='lat' dir='ltr'><strong>ornamus!</strong></span> 
     </span>
    </p>
   </div>
   <div class='ocr_carea' id='block_1_11' title="bbox 506 1327 774 1384">
    <p class='ocr_par' dir='ltr' id='par_1_11' title="bbox 506 1327 774 1384">
     <span class='ocr_line' id='line_1_11' title="bbox 506 1327 774 1384; baseline -0.026 1"><span class='ocrx_word' id='word_1_81' title='bbox 506 1327 774 1384; x_wconf 81' lang='lat' dir='ltr'><strong>conciliat.</strong></span> 
     </span>
    </p>
   </div>
   <div class='ocr_carea' id='block_1_12' title="bbox 578 1403 2061 1484">
    <p class='ocr_par' dir='ltr' id='par_1_12' title="bbox 578 1403 2061 1484">
     <span class='ocr_line' id='line_1_12' title="bbox 578 1403 2061 1484; baseline -0.001 -13"><span class='ocrx_word' id='word_1_82' title='bbox 578 1417 666 1472; x_wconf 73' lang='lat'><strong>22.</strong></span> <span class='ocrx_word' id='word_1_83' title='bbox 695 1417 787 1471; x_wconf 84' lang='lat' dir='ltr'><strong>liis</strong></span> <span class='ocrx_word' id='word_1_84' title='bbox 817 1417 961 1470; x_wconf 88' lang='lat' dir='ltr'><strong>addit</strong></span> <span class='ocrx_word' id='word_1_85' title='bbox 988 1414 1329 1478; x_wconf 88' lang='lat' dir='ltr'><strong>Trithemius,</strong></span> <span class='ocrx_word' id='word_1_86' title='bbox 1368 1403 1646 1468; x_wconf 77' lang='lat' dir='ltr'><strong>Rabanum</strong></span> <span class='ocrx_word' id='word_1_87' title='bbox 1681 1414 1734 1468; x_wconf 90' lang='lat' dir='ltr'><strong>in</strong></span> <span class='ocrx_word' id='word_1_88' title='bbox 1778 1429 2061 1484; x_wconf 83' lang='lat' dir='ltr'><strong>pauperes,</strong></span> 
     </span>
    </p>
   </div>
   <div class='ocr_carea' id='block_1_13' title="bbox 508 1503 2061 1572">
    <p class='ocr_par' dir='ltr' id='par_1_13' title="bbox 508 1503 2061 1572">
     <span class='ocr_line' id='line_1_13' title="bbox 508 1503 2061 1572; baseline 0 -11"><span class='ocrx_word' id='word_1_89' title='bbox 508 1522 614 1561; x_wconf 90' lang='lat' dir='ltr'><strong>non</strong></span> <span class='ocrx_word' id='word_1_90' title='bbox 652 1508 770 1565; x_wconf 87' lang='lat' dir='ltr'><strong>sine</strong></span> <span class='ocrx_word' id='word_1_91' title='bbox 809 1521 1022 1559; x_wconf 89' lang='lat' dir='ltr'><strong>suorum</strong></span> <span class='ocrx_word' id='word_1_92' title='bbox 1064 1504 1331 1572; x_wconf 86' lang='lat' dir='ltr'><strong>ohloquio,</strong></span> <span class='ocrx_word' id='word_1_93' title='bbox 1372 1503 1642 1559; x_wconf 86' lang='lat' dir='ltr'><strong>liberalem</strong></span> <span class='ocrx_word' id='word_1_94' title='bbox 1678 1503 1872 1572; x_wconf 85' lang='lat' dir='ltr'><strong>fuisse;</strong></span> <span class='ocrx_word' id='word_1_95' title='bbox 1914 1514 1969 1560; x_wconf 87' lang='lat' dir='ltr'><strong>et</strong></span> <span class='ocrx_word' id='word_1_96' title='bbox 2007 1508 2061 1561; x_wconf 88' lang='lat' dir='ltr'><strong>in</strong></span> 
     </span>
    </p>
   </div>
   <div class='ocr_carea' id='block_1_14' title="bbox 507 1594 2057 1666">
    <p class='ocr_par' dir='ltr' id='par_1_14' title="bbox 507 1594 2057 1666">
     <span class='ocr_line' id='line_1_14' title="bbox 507 1594 2057 1666; baseline -0.001 -14"><span class='ocrx_word' id='word_1_97' title='bbox 507 1597 842 1666; x_wconf 78' lang='lat' dir='ltr'><strong>refrigerium</strong></span> <span class='ocrx_word' id='word_1_98' title='bbox 866 1595 1236 1650; x_wconf 88' lang='lat' dir='ltr'><strong>defunctorum</strong></span> <span class='ocrx_word' id='word_1_99' title='bbox 1259 1594 1622 1665; x_wconf 85' lang='lat' dir='ltr'><strong>eleemosynas</strong></span> <span class='ocrx_word' id='word_1_100' title='bbox 1645 1597 1771 1650; x_wconf 89' lang='lat' dir='ltr'><strong>dare</strong></span> <span class='ocrx_word' id='word_1_101' title='bbox 1801 1597 2014 1653; x_wconf 79' lang='lat' dir='ltr'><strong>Solitum</strong></span> <span class='ocrx_word' id='word_1_102' title='bbox 2044 1615 2057 1650; x_wconf 85' lang='lat'><strong>:</strong></span> 
     </span>
    </p>
   </div>
   <div class='ocr_carea' id='block_1_15' title="bbox 506 1683 2059 1757">
    <p class='ocr_par' dir='ltr' id='par_1_15' title="bbox 506 1683 2059 1757">
     <span class='ocr_line' id='line_1_15' title="bbox 506 1683 2059 1757; baseline 0.001 -17"><span class='ocrx_word' id='word_1_103' title='bbox 506 1703 639 1757; x_wconf 89' lang='lat' dir='ltr'><strong>quas</strong></span> <span class='ocrx_word' id='word_1_104' title='bbox 691 1701 810 1740; x_wconf 91' lang='lat' dir='ltr'><strong>cum</strong></span> <span class='ocrx_word' id='word_1_105' title='bbox 858 1683 1190 1738; x_wconf 84' lang='lat' dir='ltr'><strong>Adelhardus</strong></span> <span class='ocrx_word' id='word_1_106' title='bbox 1238 1684 1552 1749; x_wconf 80' lang='lat' dir='ltr'><strong>monachus,</strong></span> <span class='ocrx_word' id='word_1_107' title='bbox 1602 1684 1763 1740; x_wconf 91' lang='lat' dir='ltr'><strong>homo</strong></span> <span class='ocrx_word' id='word_1_108' title='bbox 1798 1685 2059 1752; x_wconf 85' lang='lat' dir='ltr'><strong>Francus,</strong></span> 
     </span>
    </p>
   </div>
   <div class='ocr_carea' id='block_1_16' title="bbox 507 1769 2059 1844">
    <p class='ocr_par' dir='ltr' id='par_1_16' title="bbox 507 1769 2059 1844">
     <span class='ocr_line' id='line_1_16' title="bbox 507 1769 2059 1844; baseline -0.002 -13"><span class='ocrx_word' id='word_1_109' title='bbox 507 1777 665 1831; x_wconf 89' lang='lat' dir='ltr'><strong>nimis</strong></span> <span class='ocrx_word' id='word_1_110' title='bbox 692 1789 852 1844; x_wconf 85' lang='lat' dir='ltr'><strong>quam</strong></span> <span class='ocrx_word' id='word_1_111' title='bbox 880 1789 1070 1827; x_wconf 86' lang='lat' dir='ltr'><strong>avarus</strong></span> <span class='ocrx_word' id='word_1_112' title='bbox 1096 1773 1400 1827; x_wconf 62' lang='lat' dir='ltr'><strong>domestica?</strong></span> <span class='ocrx_word' id='word_1_113' title='bbox 1434 1774 1513 1826; x_wconf 87' lang='lat' dir='ltr'><strong>rei</strong></span> <span class='ocrx_word' id='word_1_114' title='bbox 1532 1769 1904 1841; x_wconf 87' lang='lat' dir='ltr'><strong>dispensator,</strong></span> <span class='ocrx_word' id='word_1_115' title='bbox 1959 1774 2059 1828; x_wconf 86' lang='lat' dir='ltr'><strong>ali-</strong></span> 
     </span>
    </p>
   </div>
   <div class='ocr_carea' id='block_1_17' title="bbox 503 1860 2059 1936">
    <p class='ocr_par' dir='ltr' id='par_1_17' title="bbox 503 1860 2059 1936">
     <span class='ocr_line' id='line_1_17' title="bbox 503 1860 2059 1936; baseline -0.001 -17"><span class='ocrx_word' id='word_1_116' title='bbox 503 1867 714 1936; x_wconf 87' lang='lat' dir='ltr'><strong>quando</strong></span> <span class='ocrx_word' id='word_1_117' title='bbox 734 1864 1064 1926; x_wconf 88' lang='lat' dir='ltr'><strong>frandasset,</strong></span> <span class='ocrx_word' id='word_1_118' title='bbox 1090 1863 1300 1932; x_wconf 76' lang='lat' dir='ltr'><strong>egregie</strong></span> <span class='ocrx_word' id='word_1_119' title='bbox 1318 1862 1637 1930; x_wconf 86' lang='lat' dir='ltr'><strong>castigatum</strong></span> <span class='ocrx_word' id='word_1_120' title='bbox 1664 1861 1873 1916; x_wconf 67' lang='lat' dir='ltr'><strong>coalitus</strong></span> <span class='ocrx_word' id='word_1_121' title='bbox 1893 1860 2059 1917; x_wconf 90' lang='lat' dir='ltr'><strong>fuisse</strong></span> 
     </span>
    </p>
   </div>
   <div class='ocr_carea' id='block_1_18' title="bbox 502 1952 2060 2023">
    <p class='ocr_par' dir='ltr' id='par_1_18' title="bbox 502 1952 2060 2023">
     <span class='ocr_line' id='line_1_18' title="bbox 502 1952 2060 2023; baseline -0.003 -13"><span class='ocrx_word' id='word_1_122' title='bbox 502 1972 642 2010; x_wconf 87' lang='lat' dir='ltr'><strong>anno</strong></span> <span class='ocrx_word' id='word_1_123' title='bbox 657 1955 778 2011; x_wconf 78' lang='lat'><strong>837.</strong></span> <span class='ocrx_word' id='word_1_124' title='bbox 801 1954 857 2009; x_wconf 87' lang='lat' dir='ltr'><strong>Id</strong></span> <span class='ocrx_word' id='word_1_125' title='bbox 882 1969 1004 2009; x_wconf 89' lang='lat' dir='ltr'><strong>cum</strong></span> <span class='ocrx_word' id='word_1_126' title='bbox 1044 1952 1169 2023; x_wconf 85' lang='lat' dir='ltr'><strong>legi,</strong></span> <span class='ocrx_word' id='word_1_127' title='bbox 1201 1953 1349 2007; x_wconf 81' lang='lat' dir='ltr'><strong>venit</strong></span> <span class='ocrx_word' id='word_1_128' title='bbox 1376 1952 1430 2006; x_wconf 89' lang='lat' dir='ltr'><strong>in</strong></span> <span class='ocrx_word' id='word_1_129' title='bbox 1458 1961 1690 2006; x_wconf 84' lang='lat' dir='ltr'><strong>mentem</strong></span> <span class='ocrx_word' id='word_1_130' title='bbox 1723 1952 1865 2007; x_wconf 88' lang='lat' dir='ltr'><strong>illius</strong></span> <span class='ocrx_word' id='word_1_131' title='bbox 1900 1952 2060 2006; x_wconf 80' lang='lat' dir='ltr'><strong>Adal-</strong></span> 
     </span>
    </p>
   </div>
   <div class='ocr_carea' id='block_1_19' title="bbox 501 2042 2061 2113">
    <p class='ocr_par' dir='ltr' id='par_1_19' title="bbox 501 2042 2061 2113">
     <span class='ocr_line' id='line_1_19' title="bbox 501 2042 2061 2113; baseline -0.001 -16"><span class='ocrx_word' id='word_1_132' title='bbox 501 2045 652 2098; x_wconf 78' lang='lat' dir='ltr'><strong>Iiardi</strong></span> <span class='ocrx_word' id='word_1_133' title='bbox 680 2043 891 2109; x_wconf 77' lang='lat' dir='ltr'><strong>inclusi,</strong></span> <span class='ocrx_word' id='word_1_134' title='bbox 933 2043 1083 2112; x_wconf 87' lang='lat' dir='ltr'><strong>cujus</strong></span> <span class='ocrx_word' id='word_1_135' title='bbox 1111 2043 1438 2113; x_wconf 84' lang='lat' dir='ltr'><strong>epitaphium</strong></span> <span class='ocrx_word' id='word_1_136' title='bbox 1479 2045 1656 2096; x_wconf 80' lang='lat' dir='ltr'><strong>exstat</strong></span> <span class='ocrx_word' id='word_1_137' title='bbox 1680 2042 1734 2096; x_wconf 89' lang='lat' dir='ltr'><strong>in</strong></span> <span class='ocrx_word' id='word_1_138' title='bbox 1778 2044 2061 2110; x_wconf 89' lang='lat' dir='ltr'><strong>poematiis</strong></span> 
     </span>
    </p>
   </div>
   <div class='ocr_carea' id='block_1_20' title="bbox 502 2133 2060 2208">
    <p class='ocr_par' dir='ltr' id='par_1_20' title="bbox 502 2133 2060 2208">
     <span class='ocr_line' id='line_1_20' title="bbox 502 2133 2060 2208; baseline -0.001 -18"><span class='ocrx_word' id='word_1_139' title='bbox 502 2137 726 2190; x_wconf 85' lang='lat' dir='ltr'><strong>Rabani.</strong></span> <span class='ocrx_word' id='word_1_140' title='bbox 776 2134 925 2202; x_wconf 90' lang='lat' dir='ltr'><strong>Quod</strong></span> <span class='ocrx_word' id='word_1_141' title='bbox 972 2150 1099 2190; x_wconf 88' lang='lat' dir='ltr'><strong>vero</strong></span> <span class='ocrx_word' id='word_1_142' title='bbox 1142 2135 1320 2208; x_wconf 72' lang='lat' dir='ltr'><strong>subdit</strong></span> <span class='ocrx_word' id='word_1_143' title='bbox 1361 2133 1705 2199; x_wconf 88' lang='lat' dir='ltr'><strong>Trithemius,</strong></span> <span class='ocrx_word' id='word_1_144' title='bbox 1758 2149 1879 2188; x_wconf 90' lang='lat' dir='ltr'><strong>eum</strong></span> <span class='ocrx_word' id='word_1_145' title='bbox 1937 2135 2060 2190; x_wconf 90' lang='lat' dir='ltr'><strong>data</strong></span> 
     </span>
    </p>
   </div>
   <div class='ocr_carea' id='block_1_21' title="bbox 499 2216 2057 2294">
    <p class='ocr_par' dir='ltr' id='par_1_21' title="bbox 499 2216 2057 2294">
     <span class='ocr_line' id='line_1_21' title="bbox 499 2216 2057 2294; baseline 0 -15"><span class='ocrx_word' id='word_1_146' title='bbox 499 2224 617 2294; x_wconf 86' lang='lat' dir='ltr'><strong>lege</strong></span> <span class='ocrx_word' id='word_1_147' title='bbox 645 2224 934 2278; x_wconf 87' lang='lat' dir='ltr'><strong>removisse</strong></span> <span class='ocrx_word' id='word_1_148' title='bbox 966 2216 1190 2278; x_wconf 82' lang='lat' dir='ltr'><strong>feminas</strong></span> <span class='ocrx_word' id='word_1_149' title='bbox 1220 2222 1288 2278; x_wconf 86' lang='lat' dir='ltr'><strong>ab</strong></span> <span class='ocrx_word' id='word_1_150' title='bbox 1312 2223 1555 2294; x_wconf 87' lang='lat' dir='ltr'><strong>ingressu</strong></span> <span class='ocrx_word' id='word_1_151' title='bbox 1580 2221 1862 2279; x_wconf 87' lang='lat' dir='ltr'><strong>Fuldensis</strong></span> <span class='ocrx_word' id='word_1_152' title='bbox 1884 2224 2057 2280; x_wconf 75' lang='lat' dir='ltr'><strong>eccle-</strong></span> 
     </span>
    </p>
   </div>
   <div class='ocr_carea' id='block_1_22' title="bbox 499 2315 2059 2386">
    <p class='ocr_par' dir='ltr' id='par_1_22' title="bbox 499 2315 2059 2386">
     <span class='ocr_line' id='line_1_22' title="bbox 499 2315 2059 2386; baseline -0.001 -13"><span class='ocrx_word' id='word_1_153' title='bbox 499 2319 613 2380; x_wconf 56' lang='lat' dir='ltr'><strong>siae,</strong></span> <span class='ocrx_word' id='word_1_154' title='bbox 639 2317 692 2371; x_wconf 88' lang='lat' dir='ltr'><strong>id</strong></span> <span class='ocrx_word' id='word_1_155' title='bbox 729 2317 794 2370; x_wconf 89' lang='lat' dir='ltr'><strong>ab</strong></span> <span class='ocrx_word' id='word_1_156' title='bbox 820 2315 972 2370; x_wconf 90' lang='lat' dir='ltr'><strong>initio</strong></span> <span class='ocrx_word' id='word_1_157' title='bbox 999 2323 1214 2370; x_wconf 91' lang='lat' dir='ltr'><strong>cautum</strong></span> <span class='ocrx_word' id='word_1_158' title='bbox 1240 2329 1306 2370; x_wconf 90' lang='lat' dir='ltr'><strong>eo</strong></span> <span class='ocrx_word' id='word_1_159' title='bbox 1331 2316 1387 2370; x_wconf 88' lang='lat' dir='ltr'><strong>in</strong></span> <span class='ocrx_word' id='word_1_160' title='bbox 1413 2315 1555 2382; x_wconf 87' lang='lat' dir='ltr'><strong>loco,</strong></span> <span class='ocrx_word' id='word_1_161' title='bbox 1584 2333 1648 2372; x_wconf 75' lang='lat' dir='ltr'><strong>ea:</strong></span> <span class='ocrx_word' id='word_1_162' title='bbox 1689 2333 1790 2386; x_wconf 80' lang='lat' dir='ltr'><strong>quo</strong></span> <span class='ocrx_word' id='word_1_163' title='bbox 1815 2334 1848 2371; x_wconf 88' lang='lat' dir='ltr'><strong>a</strong></span> <span class='ocrx_word' id='word_1_164' title='bbox 1871 2316 2059 2372; x_wconf 73' lang='lat' dir='ltr'><strong>mona-</strong></span> 
     </span>
    </p>
   </div>
   <div class='ocr_carea' id='block_1_23' title="bbox 500 2398 2060 2476">
    <p class='ocr_par' dir='ltr' id='par_1_23' title="bbox 500 2398 2060 2476">
     <span class='ocr_line' id='line_1_23' title="bbox 500 2398 2060 2476; baseline 0.001 -15"><span class='ocrx_word' id='word_1_165' title='bbox 500 2407 608 2462; x_wconf 70' lang='lat' dir='ltr'><strong>chis</strong></span> <span class='ocrx_word' id='word_1_166' title='bbox 630 2406 854 2460; x_wconf 78' lang='lat' dir='ltr'><strong>habitari</strong></span> <span class='ocrx_word' id='word_1_167' title='bbox 880 2415 1069 2476; x_wconf 72' lang='lat' dir='ltr'><strong>emptu:</strong></span> <span class='ocrx_word' id='word_1_168' title='bbox 1096 2415 1193 2472; x_wconf 74' lang='lat' dir='ltr'><strong>est,</strong></span> <span class='ocrx_word' id='word_1_169' title='bbox 1226 2415 1419 2463; x_wconf 85' lang='lat' dir='ltr'><strong>auctor</strong></span> <span class='ocrx_word' id='word_1_170' title='bbox 1442 2413 1526 2461; x_wconf 87' lang='lat' dir='ltr'><strong>est</strong></span> <span class='ocrx_word' id='word_1_171' title='bbox 1558 2406 1817 2462; x_wconf 80' lang='lat' dir='ltr'><strong>Rudolfus</strong></span> <span class='ocrx_word' id='word_1_172' title='bbox 1842 2407 1898 2464; x_wconf 89' lang='lat' dir='ltr'><strong>in</strong></span> <span class='ocrx_word' id='word_1_173' title='bbox 1918 2398 2060 2463; x_wconf 84' lang='lat' dir='ltr'><strong>libro</strong></span> 
     </span>
    </p>
   </div>
   <div class='ocr_carea' id='block_1_24' title="bbox 500 2494 2059 2562">
    <p class='ocr_par' dir='ltr' id='par_1_24' title="bbox 500 2494 2059 2562">
     <span class='ocr_line' id='line_1_24' title="bbox 500 2494 2059 2562; baseline 0.002 -13"><span class='ocrx_word' id='word_1_174' title='bbox 500 2496 569 2551; x_wconf 91' lang='lat' dir='ltr'><strong>de</strong></span> <span class='ocrx_word' id='word_1_175' title='bbox 605 2494 725 2549; x_wconf 79' lang='lat' dir='ltr'><strong>Vita</strong></span> <span class='ocrx_word' id='word_1_176' title='bbox 773 2503 969 2549; x_wconf 65' lang='lat' dir='ltr'><strong>sanctae</strong></span> <span class='ocrx_word' id='word_1_177' title='bbox 1007 2494 1188 2551; x_wconf 77' lang='lat' dir='ltr'><strong>Liobze</strong></span> <span class='ocrx_word' id='word_1_178' title='bbox 1231 2495 1532 2550; x_wconf 72' lang='lat' dir='ltr'><strong>abbatissae.</strong></span> <span class='ocrx_word' id='word_1_179' title='bbox 1578 2495 1844 2562; x_wconf 83' lang='lat' dir='ltr'><strong>Quiddam</strong></span> <span class='ocrx_word' id='word_1_180' title='bbox 1891 2497 2059 2552; x_wconf 85' lang='lat' dir='ltr'><strong>nihilo</strong></span> 
     </span>
    </p>
   </div>
   <div class='ocr_carea' id='block_1_25' title="bbox 501 2581 2058 2641">
    <p class='ocr_par' dir='ltr' id='par_1_25' title="bbox 501 2581 2058 2641">
     <span class='ocr_line' id='line_1_25' title="bbox 501 2581 2058 2641; baseline 0.001 -2"><span class='ocrx_word' id='word_1_181' title='bbox 501 2585 680 2639; x_wconf 87' lang='lat' dir='ltr'><strong>minus</strong></span> <span class='ocrx_word' id='word_1_182' title='bbox 702 2585 988 2638; x_wconf 88' lang='lat' dir='ltr'><strong>notandum</strong></span> <span class='ocrx_word' id='word_1_183' title='bbox 1015 2592 1097 2638; x_wconf 90' lang='lat' dir='ltr'><strong>est</strong></span> <span class='ocrx_word' id='word_1_184' title='bbox 1128 2584 1184 2638; x_wconf 90' lang='lat' dir='ltr'><strong>in</strong></span> <span class='ocrx_word' id='word_1_185' title='bbox 1207 2583 1292 2639; x_wconf 87' lang='lat' dir='ltr'><strong>his</strong></span> <span class='ocrx_word' id='word_1_186' title='bbox 1317 2581 1596 2640; x_wconf 88' lang='lat' dir='ltr'><strong>Trithemii</strong></span> <span class='ocrx_word' id='word_1_187' title='bbox 1623 2584 1799 2640; x_wconf 80' lang='lat' dir='ltr'><strong>verbis</strong></span> <span class='ocrx_word' id='word_1_188' title='bbox 1824 2602 1838 2638; x_wconf 94' lang='lat'><strong>:</strong></span> <span class='ocrx_word' id='word_1_189' title='bbox 1865 2603 1884 2636; x_wconf 73' lang='grc' dir='ltr'>ι</span> <span class='ocrx_word' id='word_1_190' title='bbox 1900 2581 2058 2641; x_wconf 79' lang='lat' dir='ltr'><strong>Fecit</strong></span> 
     </span>
    </p>
   </div>
   <div class='ocr_carea' id='block_1_26' title="bbox 502 2675 2058 2732">
    <p class='ocr_par' dir='ltr' id='par_1_26' title="bbox 502 2675 2058 2732">
     <span class='ocr_line' id='line_1_26' title="bbox 502 2675 2058 2732; baseline 0.001 -1"><span class='ocrx_word' id='word_1_191' title='bbox 502 2683 556 2731; x_wconf 91' lang='lat' dir='ltr'><strong>et</strong></span> <span class='ocrx_word' id='word_1_192' title='bbox 594 2675 753 2730; x_wconf 90' lang='lat' dir='ltr'><strong>aliam</strong></span> <span class='ocrx_word' id='word_1_193' title='bbox 788 2675 942 2730; x_wconf 83' lang='lat' dir='ltr'><strong>valde</strong></span> <span class='ocrx_word' id='word_1_194' title='bbox 984 2675 1346 2730; x_wconf 88' lang='lat' dir='ltr'><strong>necessariam</strong></span> <span class='ocrx_word' id='word_1_195' title='bbox 1394 2675 1831 2732; x_wconf 85' lang='lat' dir='ltr'><strong>constitutionem</strong></span> <span class='ocrx_word' id='word_1_196' title='bbox 1869 2675 2058 2732; x_wconf 87' lang='lat' dir='ltr'><strong>beatus</strong></span> 
     </span>
    </p>
   </div>
   <div class='ocr_carea' id='block_1_27' title="bbox 501 2766 2056 2838">
    <p class='ocr_par' dir='ltr' id='par_1_27' title="bbox 501 2766 2056 2838">
     <span class='ocr_line' id='line_1_27' title="bbox 501 2766 2056 2838; baseline 0.003 -19"><span class='ocrx_word' id='word_1_197' title='bbox 501 2766 668 2822; x_wconf 87' lang='lat' dir='ltr'><strong>abbas</strong></span> <span class='ocrx_word' id='word_1_198' title='bbox 692 2766 963 2828; x_wconf 78' lang='lat' dir='ltr'><strong>Rabanus,</strong></span> <span class='ocrx_word' id='word_1_199' title='bbox 984 2781 1103 2835; x_wconf 69' lang='lat' dir='ltr'><strong>qua:</strong></span> <span class='ocrx_word' id='word_1_200' title='bbox 1122 2766 1212 2838; x_wconf 91' lang='lat' dir='ltr'><strong>(ut</strong></span> <span class='ocrx_word' id='word_1_201' title='bbox 1237 2766 1436 2837; x_wconf 85' lang='lat' dir='ltr'><strong>fertur)</strong></span> <span class='ocrx_word' id='word_1_202' title='bbox 1466 2781 1633 2838; x_wconf 86' lang='lat' dir='ltr'><strong>usque</strong></span> <span class='ocrx_word' id='word_1_203' title='bbox 1661 2767 1717 2821; x_wconf 91' lang='lat' dir='ltr'><strong>in</strong></span> <span class='ocrx_word' id='word_1_204' title='bbox 1737 2776 2056 2837; x_wconf 55' lang='lat' dir='ltr'><strong>praesentem</strong></span> 
     </span>
    </p>
   </div>
   <div class='ocr_carea' id='block_1_28' title="bbox 501 2857 2058 2928">
    <p class='ocr_par' dir='ltr' id='par_1_28' title="bbox 501 2857 2058 2928">
     <span class='ocr_line' id='line_1_28' title="bbox 501 2857 2058 2928; baseline 0.001 -16"><span class='ocrx_word' id='word_1_205' title='bbox 501 2857 641 2912; x_wconf 81' lang='lat' dir='ltr'><strong>diem</strong></span> <span class='ocrx_word' id='word_1_206' title='bbox 672 2857 724 2911; x_wconf 92' lang='lat' dir='ltr'><strong>in</strong></span> <span class='ocrx_word' id='word_1_207' title='bbox 755 2857 1080 2911; x_wconf 86' lang='lat' dir='ltr'><strong>monasterio</strong></span> <span class='ocrx_word' id='word_1_208' title='bbox 1106 2864 1366 2912; x_wconf 86' lang='lat' dir='ltr'><strong>servatur.</strong></span> <span class='ocrx_word' id='word_1_209' title='bbox 1411 2857 1601 2913; x_wconf 86' lang='lat' dir='ltr'><strong>Sciens</strong></span> <span class='ocrx_word' id='word_1_210' title='bbox 1628 2857 1771 2914; x_wconf 90' lang='lat' dir='ltr'><strong>enim</strong></span> <span class='ocrx_word' id='word_1_211' title='bbox 1797 2873 1959 2928; x_wconf 83' lang='lat' dir='ltr'><strong>quam</strong></span> <span class='ocrx_word' id='word_1_212' title='bbox 1987 2861 2058 2914; x_wconf 87' lang='lat' dir='ltr'><strong>sit</strong></span> 
     </span>
    </p>
   </div>
   <div class='ocr_carea' id='block_1_29' title="bbox 502 2936 2060 3016">
    <p class='ocr_par' dir='ltr' id='par_1_29' title="bbox 502 2936 2060 3016">
     <span class='ocr_line' id='line_1_29' title="bbox 502 2936 2060 3016; baseline 0.001 -16"><span class='ocrx_word' id='word_1_213' title='bbox 502 2936 796 3002; x_wconf 86' lang='lat' dir='ltr'><strong>monachis</strong></span> <span class='ocrx_word' id='word_1_214' title='bbox 823 2944 1075 3016; x_wconf 87' lang='lat' dir='ltr'><strong>frequens</strong></span> <span class='ocrx_word' id='word_1_215' title='bbox 1113 2954 1430 3016; x_wconf 89' lang='lat' dir='ltr'><strong>conspectus</strong></span> <span class='ocrx_word' id='word_1_216' title='bbox 1475 2948 1758 3002; x_wconf 88' lang='lat' dir='ltr'><strong>mulierum</strong></span> <span class='ocrx_word' id='word_1_217' title='bbox 1795 2948 2060 3016; x_wconf 78' lang='lat' dir='ltr'><strong>periculo-</strong></span> 
     </span>
    </p>
   </div>
   <div class='ocr_carea' id='block_1_30' title="bbox 501 3037 2054 3108">
    <p class='ocr_par' dir='ltr' id='par_1_30' title="bbox 501 3037 2054 3108">
     <span class='ocr_line' id='line_1_30' title="bbox 501 3037 2054 3108; baseline 0.002 -17"><span class='ocrx_word' id='word_1_218' title='bbox 501 3053 614 3104; x_wconf 91' lang='lat' dir='ltr'><strong>sus,</strong></span> <span class='ocrx_word' id='word_1_219' title='bbox 641 3037 742 3092; x_wconf 89' lang='lat' dir='ltr'><strong>illis</strong></span> <span class='ocrx_word' id='word_1_220' title='bbox 771 3038 1002 3092; x_wconf 80' lang='lat' dir='ltr'><strong>maxime</strong></span> <span class='ocrx_word' id='word_1_221' title='bbox 1034 3038 1124 3107; x_wconf 86' lang='lat' dir='ltr'><strong>qui</strong></span> <span class='ocrx_word' id='word_1_222' title='bbox 1163 3037 1401 3107; x_wconf 88' lang='lat' dir='ltr'><strong>juniores</strong></span> <span class='ocrx_word' id='word_1_223' title='bbox 1425 3046 1581 3093; x_wconf 71' lang='lat' dir='ltr'><strong>aetate</strong></span> <span class='ocrx_word' id='word_1_224' title='bbox 1625 3040 1679 3093; x_wconf 90' lang='lat' dir='ltr'><strong>in</strong></span> <span class='ocrx_word' id='word_1_225' title='bbox 1723 3039 1915 3094; x_wconf 90' lang='lat' dir='ltr'><strong>timore</strong></span> <span class='ocrx_word' id='word_1_226' title='bbox 1942 3039 2054 3108; x_wconf 85' lang='lat' dir='ltr'><strong>Do-</strong></span> 
     </span>
    </p>
   </div>
   <div class='ocr_carea' id='block_1_31' title="bbox 2165 601 3707 673">
    <p class='ocr_par' dir='ltr' id='par_1_31' title="bbox 2165 601 3707 673">
     <span class='ocr_line' id='line_1_31' title="bbox 2165 601 3707 673; baseline 0.009 -16"><span class='ocrx_word' id='word_1_227' title='bbox 2165 601 2351 669; x_wconf 73' lang='lat' dir='ltr'><strong>ltalite,</strong></span> <span class='ocrx_word' id='word_1_228' title='bbox 2382 603 2521 660; x_wconf 81' lang='lat' dir='ltr'><strong>filius</strong></span> <span class='ocrx_word' id='word_1_229' title='bbox 2541 601 2792 659; x_wconf 86' lang='lat' dir='ltr'><strong>Ludovici</strong></span> <span class='ocrx_word' id='word_1_230' title='bbox 2817 605 2999 673; x_wconf 90' lang='lat' dir='ltr'><strong>primi,</strong></span> <span class='ocrx_word' id='word_1_231' title='bbox 3032 607 3208 662; x_wconf 89' lang='lat' dir='ltr'><strong>missis</strong></span> <span class='ocrx_word' id='word_1_232' title='bbox 3233 607 3301 663; x_wconf 90' lang='lat' dir='ltr'><strong>ad</strong></span> <span class='ocrx_word' id='word_1_233' title='bbox 3324 610 3546 668; x_wconf 83' lang='lat' dir='ltr'><strong>Fuldam</strong></span> <span class='ocrx_word' id='word_1_234' title='bbox 3575 623 3707 671; x_wconf 83' lang='lat' dir='ltr'><strong>nun-</strong></span> 
     </span>
    </p>
   </div>
   <div class='ocr_carea' id='block_1_32' title="bbox 2168 692 3707 763">
    <p class='ocr_par' dir='ltr' id='par_1_32' title="bbox 2168 692 3707 763">
     <span class='ocr_line' id='line_1_32' title="bbox 2168 692 3707 763; baseline 0.011 -17"><span class='ocrx_word' id='word_1_235' title='bbox 2168 692 2256 748; x_wconf 91' lang='lat' dir='ltr'><strong>tiis</strong></span> <span class='ocrx_word' id='word_1_236' title='bbox 2283 693 2606 748; x_wconf 70' lang='lat' dir='ltr'><strong>Hﬁabanum</strong></span> <span class='ocrx_word' id='word_1_237' title='bbox 2637 694 2704 749; x_wconf 88' lang='lat' dir='ltr'><strong>ad</strong></span> <span class='ocrx_word' id='word_1_238' title='bbox 2731 708 2789 749; x_wconf 83' lang='lat' dir='ltr'><strong>se</strong></span> <span class='ocrx_word' id='word_1_239' title='bbox 2814 695 3025 751; x_wconf 87' lang='lat' dir='ltr'><strong>vocavit</strong></span> <span class='ocrx_word' id='word_1_240' title='bbox 3053 698 3316 763; x_wconf 87' lang='lat' dir='ltr'><strong>abbatem,</strong></span> <span class='ocrx_word' id='word_1_241' title='bbox 3349 708 3403 755; x_wconf 91' lang='lat' dir='ltr'><strong>et</strong></span> <span class='ocrx_word' id='word_1_242' title='bbox 3424 705 3707 762; x_wconf 73' lang='lat' dir='ltr'><strong>monacho-</strong></span> 
     </span>
    </p>
   </div>
   <div class='ocr_carea' id='block_1_33' title="bbox 2166 785 3710 863">
    <p class='ocr_par' dir='ltr' id='par_1_33' title="bbox 2166 785 3710 863">
     <span class='ocr_line' id='line_1_33' title="bbox 2166 785 3710 863; baseline 0.01 -26"><span class='ocrx_word' id='word_1_243' title='bbox 2166 800 2285 849; x_wconf 77' lang='lat' dir='ltr'><strong>rum</strong></span> <span class='ocrx_word' id='word_1_244' title='bbox 2315 785 2664 840; x_wconf 88' lang='lat' dir='ltr'><strong>temeritatem</strong></span> <span class='ocrx_word' id='word_1_245' title='bbox 2689 785 2851 856; x_wconf 84' lang='lat' dir='ltr'><strong>regali</strong></span> <span class='ocrx_word' id='word_1_246' title='bbox 2885 788 3200 843; x_wconf 86' lang='lat' dir='ltr'><strong>auctoritate</strong></span> <span class='ocrx_word' id='word_1_247' title='bbox 3241 795 3586 863; x_wconf 87' lang='lat' dir='ltr'><strong>compescuit,</strong></span> <span class='ocrx_word' id='word_1_248' title='bbox 3621 811 3710 853; x_wconf 77' lang='lat' dir='ltr'><strong>ve-</strong></span> 
     </span>
    </p>
   </div>
   <div class='ocr_carea' id='block_1_34' title="bbox 2164 875 3733 946">
    <p class='ocr_par' dir='ltr' id='par_1_34' title="bbox 2164 875 3733 946">
     <span class='ocr_line' id='line_1_34' title="bbox 2164 875 3733 946; baseline 0.008 -18"><span class='ocrx_word' id='word_1_249' title='bbox 2164 875 2506 944; x_wconf 86' lang='lat' dir='ltr'><strong>nientemque</strong></span> <span class='ocrx_word' id='word_1_250' title='bbox 2528 890 2650 929; x_wconf 88' lang='lat' dir='ltr'><strong>cum</strong></span> <span class='ocrx_word' id='word_1_251' title='bbox 2688 876 2889 930; x_wconf 91' lang='lat' dir='ltr'><strong>honore</strong></span> <span class='ocrx_word' id='word_1_252' title='bbox 2921 878 3175 946; x_wconf 88' lang='lat' dir='ltr'><strong>suscepit,</strong></span> <span class='ocrx_word' id='word_1_253' title='bbox 3204 885 3259 932; x_wconf 86' lang='lat' dir='ltr'><strong>et</strong></span> <span class='ocrx_word' id='word_1_254' title='bbox 3295 879 3511 936; x_wconf 90' lang='lat' dir='ltr'><strong>biennio</strong></span> <span class='ocrx_word' id='word_1_255' title='bbox 3550 880 3733 940; x_wconf 75' lang='lat' dir='ltr'><strong>ferme</strong></span> 
     </span>
    </p>
   </div>
   <div class='ocr_carea' id='block_1_35' title="bbox 2126 965 3710 1036">
    <p class='ocr_par' dir='ltr' id='par_1_35' title="bbox 2126 965 3710 1036">
     <span class='ocr_line' id='line_1_35' title="bbox 2126 965 3710 1036; baseline 0.003 -12"><span class='ocrx_word' id='word_1_256' title='bbox 2126 991 2127 994; x_wconf 48' lang='grc' dir='ltr'><strong>η</strong></span> <span class='ocrx_word' id='word_1_257' title='bbox 2165 983 2346 1023; x_wconf 88' lang='lat' dir='ltr'><strong>secum</strong></span> <span class='ocrx_word' id='word_1_258' title='bbox 2367 968 2420 1022; x_wconf 92' lang='lat' dir='ltr'><strong>in</strong></span> <span class='ocrx_word' id='word_1_259' title='bbox 2444 967 2590 1022; x_wconf 89' lang='lat' dir='ltr'><strong>curia</strong></span> <span class='ocrx_word' id='word_1_260' title='bbox 2610 967 2772 1036; x_wconf 80' lang='lat' dir='ltr'><strong>regali</strong></span> <span class='ocrx_word' id='word_1_261' title='bbox 2803 968 3044 1022; x_wconf 87' lang='lat' dir='ltr'><strong>detinuit.</strong></span> <span class='ocrx_word' id='word_1_262' title='bbox 3075 969 3281 1024; x_wconf 86' lang='lat' dir='ltr'><strong>interea</strong></span> <span class='ocrx_word' id='word_1_263' title='bbox 3306 965 3551 1026; x_wconf 82' lang='lat' dir='ltr'><strong>monachi</strong></span> <span class='ocrx_word' id='word_1_264' title='bbox 3590 974 3710 1028; x_wconf 81' lang='lat' dir='ltr'><strong>Ful-</strong></span> 
     </span>
    </p>
   </div>
   <div class='ocr_carea' id='block_1_36' title="bbox 2165 1056 3713 1126">
    <p class='ocr_par' dir='ltr' id='par_1_36' title="bbox 2165 1056 3713 1126">
     <span class='ocr_line' id='line_1_36' title="bbox 2165 1056 3713 1126; baseline 0 -14"><span class='ocrx_word' id='word_1_265' title='bbox 2165 1057 2375 1122; x_wconf 90' lang='lat' dir='ltr'><strong>denses,</strong></span> <span class='ocrx_word' id='word_1_266' title='bbox 2405 1057 2717 1126; x_wconf 62' lang='lat' dir='ltr'><strong>poenitentia</strong></span> <span class='ocrx_word' id='word_1_267' title='bbox 2760 1056 2924 1122; x_wconf 86' lang='lat' dir='ltr'><strong>ducti,</strong></span> <span class='ocrx_word' id='word_1_268' title='bbox 2962 1066 3201 1112; x_wconf 87' lang='lat' dir='ltr'><strong>oratores</strong></span> <span class='ocrx_word' id='word_1_269' title='bbox 3239 1059 3587 1121; x_wconf 59' lang='lat' dir='ltr'><strong>miserunt“</strong></span> <span class='ocrx_word' id='word_1_270' title='bbox 3616 1072 3713 1117; x_wconf 71' lang='grc' dir='ltr'><strong>’τε-</strong></span> 
     </span>
    </p>
   </div>
   <div class='ocr_carea' id='block_1_37' title="bbox 2164 1147 3710 1218">
    <p class='ocr_par' dir='ltr' id='par_1_37' title="bbox 2164 1147 3710 1218">
     <span class='ocr_line' id='line_1_37' title="bbox 2164 1147 3710 1218; baseline 0.005 -18"><span class='ocrx_word' id='word_1_271' title='bbox 2164 1151 2302 1218; x_wconf 86' lang='lat' dir='ltr'><strong>gem,</strong></span> <span class='ocrx_word' id='word_1_272' title='bbox 2334 1147 2519 1200; x_wconf 89' lang='lat' dir='ltr'><strong>humili</strong></span> <span class='ocrx_word' id='word_1_273' title='bbox 2549 1147 2931 1215; x_wconf 82' lang='lat' dir='ltr'><strong>supplicatione</strong></span> <span class='ocrx_word' id='word_1_274' title='bbox 2967 1155 3215 1218; x_wconf 78' lang='lat' dir='ltr'><strong>rogantes</strong></span> <span class='ocrx_word' id='word_1_275' title='bbox 3254 1157 3312 1202; x_wconf 88' lang='lat' dir='ltr'><strong>ut</strong></span> <span class='ocrx_word' id='word_1_276' title='bbox 3338 1148 3570 1205; x_wconf 84' lang='lat' dir='ltr'><strong>ablatum</strong></span> <span class='ocrx_word' id='word_1_277' title='bbox 3610 1152 3710 1208; x_wconf 83' lang='lat' dir='ltr'><strong>sibi</strong></span> 
     </span>
    </p>
   </div>
   <div class='ocr_carea' id='block_1_38' title="bbox 2163 1234 3713 1307">
    <p class='ocr_par' dir='ltr' id='par_1_38' title="bbox 2163 1234 3713 1307">
     <span class='ocr_line' id='line_1_38' title="bbox 2163 1234 3713 1307; baseline 0.005 -19"><span class='ocrx_word' id='word_1_278' title='bbox 2163 1234 2446 1288; x_wconf 88' lang='lat' dir='ltr'><strong>redonaret</strong></span> <span class='ocrx_word' id='word_1_279' title='bbox 2473 1235 2713 1290; x_wconf 85' lang='lat' dir='ltr'><strong>abbatem</strong></span> <span class='ocrx_word' id='word_1_280' title='bbox 2739 1253 2753 1288; x_wconf 87' lang='lat'>:</span> <span class='ocrx_word' id='word_1_281' title='bbox 2782 1236 2923 1304; x_wconf 87' lang='lat' dir='ltr'><strong>quod</strong></span> <span class='ocrx_word' id='word_1_282' title='bbox 2956 1244 3130 1289; x_wconf 91' lang='lat' dir='ltr'><strong>tamen</strong></span> <span class='ocrx_word' id='word_1_283' title='bbox 3161 1235 3338 1290; x_wconf 84' lang='lat' dir='ltr'><strong>facere</strong></span> <span class='ocrx_word' id='word_1_284' title='bbox 3358 1237 3572 1307; x_wconf 82' lang='lat' dir='ltr'><strong>propter</strong></span> <span class='ocrx_word' id='word_1_285' title='bbox 3591 1256 3713 1295; x_wconf 83' lang='lat' dir='ltr'><strong>cau-</strong></span> 
     </span>
    </p>
   </div>
   <div class='ocr_carea' id='block_1_39' title="bbox 2163 1325 3716 1396">
    <p class='ocr_par' dir='ltr' id='par_1_39' title="bbox 2163 1325 3716 1396">
     <span class='ocr_line' id='line_1_39' title="bbox 2163 1325 3716 1396; baseline 0.002 -15"><span class='ocrx_word' id='word_1_286' title='bbox 2163 1340 2276 1381; x_wconf 85' lang='lat' dir='ltr'><strong>sam</strong></span> <span class='ocrx_word' id='word_1_287' title='bbox 2315 1325 2682 1380; x_wconf 88' lang='lat' dir='ltr'><strong>rationabilem</strong></span> <span class='ocrx_word' id='word_1_288' title='bbox 2710 1335 2766 1379; x_wconf 89' lang='lat' dir='ltr'><strong>et</strong></span> <span class='ocrx_word' id='word_1_289' title='bbox 2786 1327 2950 1380; x_wconf 89' lang='lat' dir='ltr'><strong>abbas</strong></span> <span class='ocrx_word' id='word_1_290' title='bbox 2977 1325 3090 1396; x_wconf 89' lang='lat' dir='ltr'><strong>ipse</strong></span> <span class='ocrx_word' id='word_1_291' title='bbox 3123 1326 3296 1381; x_wconf 88' lang='lat' dir='ltr'><strong>renuit</strong></span> <span class='ocrx_word' id='word_1_292' title='bbox 3317 1337 3370 1381; x_wconf 90' lang='lat' dir='ltr'><strong>et</strong></span> <span class='ocrx_word' id='word_1_293' title='bbox 3404 1343 3500 1382; x_wconf 80' lang='lat' dir='ltr'><strong>rex</strong></span> <span class='ocrx_word' id='word_1_294' title='bbox 3527 1329 3716 1384; x_wconf 86' lang='lat' dir='ltr'><strong>admit-</strong></span> 
     </span>
    </p>
   </div>
   <div class='ocr_carea' id='block_1_40' title="bbox 2164 1402 3714 1487">
    <p class='ocr_par' dir='ltr' id='par_1_40' title="bbox 2164 1402 3714 1487">
     <span class='ocr_line' id='line_1_40' title="bbox 2164 1402 3714 1487; baseline 0.003 -19"><span class='ocrx_word' id='word_1_295' title='bbox 2164 1422 2276 1476; x_wconf 82' lang='lat' dir='ltr'><strong>tere</strong></span> <span class='ocrx_word' id='word_1_296' title='bbox 2315 1414 2619 1470; x_wconf 87' lang='lat' dir='ltr'><strong>nullatenus</strong></span> <span class='ocrx_word' id='word_1_297' title='bbox 2640 1415 2925 1469; x_wconf 88' lang='lat' dir='ltr'><strong>consensit.</strong></span> <span class='ocrx_word' id='word_1_298' title='bbox 2961 1413 3154 1469; x_wconf 73' lang='lat' dir='ltr'><strong>Mansit</strong></span> <span class='ocrx_word' id='word_1_299' title='bbox 3179 1431 3307 1485; x_wconf 86' lang='lat' dir='ltr'><strong>ergo</strong></span> <span class='ocrx_word' id='word_1_300' title='bbox 3339 1402 3394 1470; x_wconf 76' lang='lat' dir='ltr'><strong>in</strong></span> <span class='ocrx_word' id='word_1_301' title='bbox 3419 1415 3540 1472; x_wconf 80' lang='lat' dir='ltr'><strong>aula</strong></span> <span class='ocrx_word' id='word_1_302' title='bbox 3570 1418 3714 1487; x_wconf 83' lang='lat' dir='ltr'><strong>regia</strong></span> 
     </span>
    </p>
   </div>
   <div class='ocr_carea' id='block_1_41' title="bbox 2160 1496 3712 1575">
    <p class='ocr_par' dir='ltr' id='par_1_41' title="bbox 2160 1496 3712 1575">
     <span class='ocr_line' id='line_1_41' title="bbox 2160 1496 3712 1575; baseline 0.002 -16"><span class='ocrx_word' id='word_1_303' title='bbox 2160 1504 2348 1559; x_wconf 87' lang='lat' dir='ltr'><strong>beatus</strong></span> <span class='ocrx_word' id='word_1_304' title='bbox 2375 1505 2539 1559; x_wconf 88' lang='lat' dir='ltr'><strong>abbas</strong></span> <span class='ocrx_word' id='word_1_305' title='bbox 2563 1504 2865 1557; x_wconf 79' lang='lat' dir='ltr'><strong>HBabanus</strong></span> <span class='ocrx_word' id='word_1_306' title='bbox 2892 1496 3126 1569; x_wconf 86' lang='lat' dir='ltr'><strong>biennio,</strong></span> <span class='ocrx_word' id='word_1_307' title='bbox 3165 1507 3334 1575; x_wconf 85' lang='lat' dir='ltr'><strong>usque</strong></span> <span class='ocrx_word' id='word_1_308' title='bbox 3379 1503 3449 1562; x_wconf 74' lang='lat' dir='ltr'><strong>ad</strong></span> <span class='ocrx_word' id='word_1_309' title='bbox 3488 1513 3712 1564; x_wconf 78' lang='lat' dir='ltr'><strong>mortem</strong></span> 
     </span>
    </p>
   </div>
   <div class='ocr_carea' id='block_1_42' title="bbox 2161 1592 3711 1669">
    <p class='ocr_par' dir='ltr' id='par_1_42' title="bbox 2161 1592 3711 1669">
     <span class='ocr_line' id='line_1_42' title="bbox 2161 1592 3711 1669; baseline -0.001 -15"><span class='ocrx_word' id='word_1_310' title='bbox 2161 1598 2367 1669; x_wconf 89' lang='lat' dir='ltr'><strong>Otgarii</strong></span> <span class='ocrx_word' id='word_1_311' title='bbox 2397 1597 2807 1667; x_wconf 55' lang='lat' dir='ltr'><strong>archiepisc0pi,</strong></span> <span class='ocrx_word' id='word_1_312' title='bbox 2833 1595 3147 1665; x_wconf 84' lang='lat' dir='ltr'><strong>Moguntini,</strong></span> <span class='ocrx_word' id='word_1_313' title='bbox 3190 1597 3465 1652; x_wconf 83' lang='lat' dir='ltr'><strong>monachis</strong></span> <span class='ocrx_word' id='word_1_314' title='bbox 3501 1592 3711 1654; x_wconf 80' lang='lat' dir='ltr'><strong>interim</strong></span> 
     </span>
    </p>
   </div>
   <div class='ocr_carea' id='block_1_43' title="bbox 2161 1685 3762 1757">
    <p class='ocr_par' dir='ltr' id='par_1_43' title="bbox 2161 1685 3762 1757">
     <span class='ocr_line' id='line_1_43' title="bbox 2161 1685 3762 1757; baseline 0.002 -17"><span class='ocrx_word' id='word_1_315' title='bbox 2161 1687 2572 1755; x_wconf 87' lang='lat' dir='ltr'><strong>lamentantibus</strong></span> <span class='ocrx_word' id='word_1_316' title='bbox 2599 1705 2617 1738; x_wconf 84' lang='grc'><strong>›</strong></span> <span class='ocrx_word' id='word_1_317' title='bbox 2644 1685 2743 1739; x_wconf 85' lang='lat' dir='ltr'><strong>Hic</strong></span> <span class='ocrx_word' id='word_1_318' title='bbox 2759 1685 2951 1754; x_wconf 80' lang='lat' dir='ltr'><strong>duplex</strong></span> <span class='ocrx_word' id='word_1_319' title='bbox 2979 1695 3235 1753; x_wconf 85' lang='lat' dir='ltr'><strong>erratum,</strong></span> <span class='ocrx_word' id='word_1_320' title='bbox 3278 1695 3336 1741; x_wconf 84' lang='lat' dir='ltr'><strong>et</strong></span> <span class='ocrx_word' id='word_1_321' title='bbox 3368 1689 3512 1757; x_wconf 76' lang='lat' dir='ltr'><strong>quod</strong></span> <span class='ocrx_word' id='word_1_322' title='bbox 3535 1687 3710 1743; x_wconf 73' lang='lat' dir='ltr'><strong>Raba-</strong></span> <span class='ocrx_word' id='word_1_323' title='bbox 3749 1719 3762 1723; x_wconf 54' lang='grc' dir='ltr'><em>ι</em></span> 
     </span>
    </p>
   </div>
   <div class='ocr_carea' id='block_1_44' title="bbox 2161 1775 3714 1849">
    <p class='ocr_par' dir='ltr' id='par_1_44' title="bbox 2161 1775 3714 1849">
     <span class='ocr_line' id='line_1_44' title="bbox 2161 1775 3714 1849; baseline 0.003 -19"><span class='ocrx_word' id='word_1_324' title='bbox 2161 1793 2262 1831; x_wconf 89' lang='lat' dir='ltr'><strong>nus</strong></span> <span class='ocrx_word' id='word_1_325' title='bbox 2289 1776 2504 1831; x_wconf 90' lang='lat' dir='ltr'><strong>biennio</strong></span> <span class='ocrx_word' id='word_1_326' title='bbox 2550 1776 2604 1829; x_wconf 89' lang='lat' dir='ltr'><strong>in</strong></span> <span class='ocrx_word' id='word_1_327' title='bbox 2640 1775 2761 1829; x_wconf 91' lang='lat' dir='ltr'><strong>aula</strong></span> <span class='ocrx_word' id='word_1_328' title='bbox 2805 1775 3062 1832; x_wconf 87' lang='lat' dir='ltr'><strong>mansisse</strong></span> <span class='ocrx_word' id='word_1_329' title='bbox 3097 1783 3223 1846; x_wconf 84' lang='lat' dir='ltr'><strong>post</strong></span> <span class='ocrx_word' id='word_1_330' title='bbox 3265 1776 3535 1833; x_wconf 77' lang='lat' dir='ltr'><strong>dimissam</strong></span> <span class='ocrx_word' id='word_1_331' title='bbox 3578 1793 3714 1849; x_wconf 71' lang='lat' dir='ltr'><strong>pm-</strong></span> 
     </span>
    </p>
   </div>
   <div class='ocr_carea' id='block_1_45' title="bbox 2087 1837 3708 1939">
    <p class='ocr_par' dir='ltr' id='par_1_45' title="bbox 2087 1837 3708 1939">
     <span class='ocr_line' id='line_1_45' title="bbox 2087 1837 3708 1939; baseline 0.001 -19"><span class='ocrx_word' id='word_1_332' title='bbox 2087 1837 2132 1896; x_wconf 80' lang='lat' dir='ltr'><strong>B</strong></span> <span class='ocrx_word' id='word_1_333' title='bbox 2160 1865 2443 1932; x_wconf 80' lang='lat' dir='ltr'><strong>fecturam,</strong></span> <span class='ocrx_word' id='word_1_334' title='bbox 2468 1874 2533 1922; x_wconf 66' lang='lat' dir='ltr'><strong>&#39;et</strong></span> <span class='ocrx_word' id='word_1_335' title='bbox 2560 1867 2702 1936; x_wconf 89' lang='lat' dir='ltr'><strong>quod</strong></span> <span class='ocrx_word' id='word_1_336' title='bbox 2746 1873 2935 1922; x_wconf 79' lang='lat' dir='ltr'><strong>exacto</strong></span> <span class='ocrx_word' id='word_1_337' title='bbox 2961 1865 3049 1920; x_wconf 90' lang='lat' dir='ltr'><strong>illo</strong></span> <span class='ocrx_word' id='word_1_338' title='bbox 3087 1837 3305 1926; x_wconf 77' lang='lat' dir='ltr'><strong>biennio</strong></span> <span class='ocrx_word' id='word_1_339' title='bbox 3328 1869 3442 1923; x_wconf 78' lang='lat' dir='ltr'><strong>sedi</strong></span> <span class='ocrx_word' id='word_1_340' title='bbox 3489 1837 3708 1939; x_wconf 67' lang='lat' dir='ltr'><strong>Mogun-</strong></span> 
     </span>
    </p>
   </div>
   <div class='ocr_carea' id='block_1_46' title="bbox 2163 1955 3716 2036">
    <p class='ocr_par' dir='ltr' id='par_1_46' title="bbox 2163 1955 3716 2036">
     <span class='ocr_line' id='line_1_46' title="bbox 2163 1955 3716 2036; baseline 0.001 -24"><span class='ocrx_word' id='word_1_341' title='bbox 2163 1957 2284 2013; x_wconf 64' lang='lat' dir='ltr'><strong>tiliae</strong></span> <span class='ocrx_word' id='word_1_342' title='bbox 2321 1957 2569 2012; x_wconf 86' lang='lat' dir='ltr'><strong>admotus</strong></span> <span class='ocrx_word' id='word_1_343' title='bbox 2596 1957 2809 2011; x_wconf 89' lang='lat' dir='ltr'><strong>dicitur.</strong></span> <span class='ocrx_word' id='word_1_344' title='bbox 2862 1956 2996 2011; x_wconf 83' lang='lat' dir='ltr'><strong>Nam</strong></span> <span class='ocrx_word' id='word_1_345' title='bbox 3040 1965 3151 2013; x_wconf 84' lang='lat' dir='ltr'><strong>toto</strong></span> <span class='ocrx_word' id='word_1_346' title='bbox 3194 1957 3308 2014; x_wconf 84' lang='lat' dir='ltr'><strong>fere</strong></span> <span class='ocrx_word' id='word_1_347' title='bbox 3352 1955 3716 2036; x_wconf 69' lang='lat' dir='ltr'><strong>quinquennio</strong></span> 
     </span>
    </p>
   </div>
   <div class='ocr_carea' id='block_1_47' title="bbox 2157 2039 3711 2118">
    <p class='ocr_par' dir='ltr' id='par_1_47' title="bbox 2157 2039 3711 2118">
     <span class='ocr_line' id='line_1_47' title="bbox 2157 2039 3711 2118; baseline 0.001 -18"><span class='ocrx_word' id='word_1_348' title='bbox 2157 2049 2396 2116; x_wconf 88' lang='lat' dir='ltr'><strong>privatus</strong></span> <span class='ocrx_word' id='word_1_349' title='bbox 2439 2045 2493 2101; x_wconf 88' lang='lat' dir='ltr'><strong>in</strong></span> <span class='ocrx_word' id='word_1_350' title='bbox 2536 2046 2665 2102; x_wconf 87' lang='lat' dir='ltr'><strong>cella</strong></span> <span class='ocrx_word' id='word_1_351' title='bbox 2711 2053 2916 2102; x_wconf 82' lang='lat' dir='ltr'><strong>remota</strong></span> <span class='ocrx_word' id='word_1_352' title='bbox 2953 2047 3157 2118; x_wconf 84' lang='lat' dir='ltr'><strong>deguit,</strong></span> <span class='ocrx_word' id='word_1_353' title='bbox 3203 2047 3272 2102; x_wconf 90' lang='lat' dir='ltr'><strong>ab</strong></span> <span class='ocrx_word' id='word_1_354' title='bbox 3315 2061 3474 2102; x_wconf 84' lang='lat' dir='ltr'><strong>anno.</strong></span> <span class='ocrx_word' id='word_1_355' title='bbox 3507 2039 3711 2108; x_wconf 84' lang='lat' dir='ltr'><strong>scilicet</strong></span> 
     </span>
    </p>
   </div>
   <div class='ocr_carea' id='block_1_48' title="bbox 2158 2135 3713 2207">
    <p class='ocr_par' dir='ltr' id='par_1_48' title="bbox 2158 2135 3713 2207">
     <span class='ocr_line' id='line_1_48' title="bbox 2158 2135 3713 2207; baseline -0.001 -15"><span class='ocrx_word' id='word_1_356' title='bbox 2158 2136 2261 2192; x_wconf 70' lang='grc'><strong>842</strong></span> <span class='ocrx_word' id='word_1_357' title='bbox 2285 2137 2462 2202; x_wconf 66' lang='lat' dir='ltr'><strong>ad“,</strong></span> <span class='ocrx_word' id='word_1_358' title='bbox 2477 2151 2583 2207; x_wconf 87' lang='lat' dir='ltr'><strong>quo</strong></span> <span class='ocrx_word' id='word_1_359' title='bbox 2606 2136 2864 2195; x_wconf 87' lang='lat' dir='ltr'><strong>successit</strong></span> <span class='ocrx_word' id='word_1_360' title='bbox 2883 2135 3121 2207; x_wconf 85' lang='lat' dir='ltr'><strong>Otgario.</strong></span> <span class='ocrx_word' id='word_1_361' title='bbox 3154 2135 3285 2190; x_wconf 84' lang='lat' dir='ltr'><strong>Rem</strong></span> <span class='ocrx_word' id='word_1_362' title='bbox 3314 2135 3505 2191; x_wconf 90' lang='lat' dir='ltr'><strong>melius</strong></span> <span class='ocrx_word' id='word_1_363' title='bbox 3527 2135 3713 2190; x_wconf 89' lang='lat' dir='ltr'><strong>distin-</strong></span> 
     </span>
    </p>
   </div>
   <div class='ocr_carea' id='block_1_49' title="bbox 2156 2223 3706 2295">
    <p class='ocr_par' dir='ltr' id='par_1_49' title="bbox 2156 2223 3706 2295">
     <span class='ocr_line' id='line_1_49' title="bbox 2156 2223 3706 2295; baseline 0.003 -17"><span class='ocrx_word' id='word_1_364' title='bbox 2156 2231 2325 2295; x_wconf 83' lang='lat' dir='ltr'><strong>guunt</strong></span> <span class='ocrx_word' id='word_1_365' title='bbox 2350 2225 2600 2289; x_wconf 79' lang='lat' dir='ltr'><strong>abbatum</strong></span> <span class='ocrx_word' id='word_1_366' title='bbox 2632 2223 2977 2282; x_wconf 83' lang='lat' dir='ltr'><strong>Fuldensium</strong></span> <span class='ocrx_word' id='word_1_367' title='bbox 3005 2225 3140 2281; x_wconf 81' lang='lat' dir='ltr'><strong>Acta</strong></span> <span class='ocrx_word' id='word_1_368' title='bbox 3172 2235 3352 2282; x_wconf 85' lang='lat' dir='ltr'><strong>vetera</strong></span> <span class='ocrx_word' id='word_1_369' title='bbox 3389 2240 3422 2281; x_wconf 84' lang='lat' dir='ltr'><strong>a</strong></span> <span class='ocrx_word' id='word_1_370' title='bbox 3455 2226 3706 2282; x_wconf 82' lang='lat' dir='ltr'><strong>Browero</strong></span> 
     </span>
    </p>
   </div>
   <div class='ocr_carea' id='block_1_50' title="bbox 2157 2313 3715 2384">
    <p class='ocr_par' dir='ltr' id='par_1_50' title="bbox 2157 2313 3715 2384">
     <span class='ocr_line' id='line_1_50' title="bbox 2157 2313 3715 2384; baseline 0 -14"><span class='ocrx_word' id='word_1_371' title='bbox 2157 2315 2322 2370; x_wconf 89' lang='lat' dir='ltr'><strong>citata</strong></span> <span class='ocrx_word' id='word_1_372' title='bbox 2351 2315 2405 2372; x_wconf 89' lang='lat' dir='ltr'><strong>in</strong></span> <span class='ocrx_word' id='word_1_373' title='bbox 2427 2313 2565 2369; x_wconf 89' lang='lat' dir='ltr'><strong>libro</strong></span> <span class='ocrx_word' id='word_1_374' title='bbox 2589 2329 2644 2369; x_wconf 80' lang='lat' dir='ltr'><strong>tv</strong></span> <span class='ocrx_word' id='word_1_375' title='bbox 2661 2314 3056 2384; x_wconf 79' lang='lat' dir='ltr'><strong>Antiquitatmn</strong></span> <span class='ocrx_word' id='word_1_376' title='bbox 3086 2315 3428 2371; x_wconf 67' lang='lat' dir='ltr'><strong>r&#39;uldensium</strong></span> <span class='ocrx_word' id='word_1_377' title='bbox 3456 2333 3469 2368; x_wconf 91' lang='lat'>:</span> <span class='ocrx_word' id='word_1_378' title='bbox 3509 2335 3528 2367; x_wconf 76' lang='grc' dir='ltr'>ι</span> <span class='ocrx_word' id='word_1_379' title='bbox 3559 2314 3715 2370; x_wconf 68' lang='lat' dir='ltr'><strong>lilia-</strong></span> 
     </span>
    </p>
   </div>
   <div class='ocr_carea' id='block_1_51' title="bbox 2155 2403 3714 2476">
    <p class='ocr_par' dir='ltr' id='par_1_51' title="bbox 2155 2403 3714 2476">
     <span class='ocr_line' id='line_1_51' title="bbox 2155 2403 3714 2476; baseline 0.001 -18"><span class='ocrx_word' id='word_1_380' title='bbox 2155 2403 2326 2460; x_wconf 87' lang='lat' dir='ltr'><strong>banus</strong></span> <span class='ocrx_word' id='word_1_381' title='bbox 2361 2411 2641 2476; x_wconf 80' lang='lat' dir='ltr'><strong>postquam</strong></span> <span class='ocrx_word' id='word_1_382' title='bbox 2688 2404 2972 2463; x_wconf 81' lang='lat' dir='ltr'><strong>ecclesiam</strong></span> <span class='ocrx_word' id='word_1_383' title='bbox 3017 2404 3337 2460; x_wconf 86' lang='lat' dir='ltr'><strong>Fuldensem</strong></span> <span class='ocrx_word' id='word_1_384' title='bbox 3381 2421 3478 2475; x_wconf 87' lang='lat' dir='ltr'><strong>per</strong></span> <span class='ocrx_word' id='word_1_385' title='bbox 3525 2405 3714 2476; x_wconf 82' lang='lat' dir='ltr'><strong>viginti</strong></span> 
     </span>
    </p>
   </div>
   <div class='ocr_carea' id='block_1_52' title="bbox 2156 2493 3713 2569">
    <p class='ocr_par' dir='ltr' id='par_1_52' title="bbox 2156 2493 3713 2569">
     <span class='ocr_line' id='line_1_52' title="bbox 2156 2493 3713 2569; baseline 0 -16"><span class='ocrx_word' id='word_1_386' title='bbox 2156 2513 2326 2556; x_wconf 88' lang='lat' dir='ltr'><strong>annos</strong></span> <span class='ocrx_word' id='word_1_387' title='bbox 2372 2493 2586 2569; x_wconf 74' lang='lat' dir='ltr'><strong>egregie</strong></span> <span class='ocrx_word' id='word_1_388' title='bbox 2632 2498 2891 2563; x_wconf 77' lang='lat' dir='ltr'><strong>rexisset,</strong></span> <span class='ocrx_word' id='word_1_389' title='bbox 2925 2497 3120 2558; x_wconf 84' lang='lat' dir='ltr'><strong>relicta</strong></span> <span class='ocrx_word' id='word_1_390' title='bbox 3149 2511 3309 2566; x_wconf 89' lang='lat' dir='ltr'><strong>quam</strong></span> <span class='ocrx_word' id='word_1_391' title='bbox 3351 2496 3539 2551; x_wconf 87' lang='lat' dir='ltr'><strong>habuit</strong></span> <span class='ocrx_word' id='word_1_392' title='bbox 3565 2505 3713 2565; x_wconf 87' lang='lat' dir='ltr'><strong>pote-</strong></span> 
     </span>
    </p>
   </div>
   <div class='ocr_carea' id='block_1_53' title="bbox 2154 2581 3716 2656">
    <p class='ocr_par' dir='ltr' id='par_1_53' title="bbox 2154 2581 3716 2656">
     <span class='ocr_line' id='line_1_53' title="bbox 2154 2581 3716 2656; baseline -0.003 -12"><span class='ocrx_word' id='word_1_393' title='bbox 2154 2597 2293 2645; x_wconf 86' lang='lat' dir='ltr'><strong>state</strong></span> <span class='ocrx_word' id='word_1_394' title='bbox 2319 2589 2462 2643; x_wconf 82' lang='lat' dir='ltr'><strong>ultra</strong></span> <span class='ocrx_word' id='word_1_395' title='bbox 2487 2588 2735 2643; x_wconf 79' lang='lat' dir='ltr'><strong>Rhenum</strong></span> <span class='ocrx_word' id='word_1_396' title='bbox 2760 2585 2999 2652; x_wconf 80' lang='lat' dir='ltr'><strong>ﬂuvium,</strong></span> <span class='ocrx_word' id='word_1_397' title='bbox 3040 2586 3095 2640; x_wconf 93' lang='lat' dir='ltr'><strong>in</strong></span> <span class='ocrx_word' id='word_1_398' title='bbox 3118 2600 3342 2656; x_wconf 87' lang='lat' dir='ltr'><strong>regnum</strong></span> <span class='ocrx_word' id='word_1_399' title='bbox 3373 2581 3610 2641; x_wconf 82' lang='lat' dir='ltr'><strong>Lotbarii</strong></span> <span class='ocrx_word' id='word_1_400' title='bbox 3655 2599 3716 2640; x_wconf 87' lang='lat' dir='ltr'><strong>se</strong></span> 
     </span>
    </p>
   </div>
   <div class='ocr_carea' id='block_1_54' title="bbox 2155 2671 3715 2747">
    <p class='ocr_par' dir='ltr' id='par_1_54' title="bbox 2155 2671 3715 2747">
     <span class='ocr_line' id='line_1_54' title="bbox 2155 2671 3715 2747; baseline -0.003 -12"><span class='ocrx_word' id='word_1_401' title='bbox 2155 2677 2399 2735; x_wconf 88' lang='lat' dir='ltr'><strong>contulit.</strong></span> <span class='ocrx_word' id='word_1_402' title='bbox 2427 2675 2557 2733; x_wconf 86' lang='lat' dir='ltr'><strong>Post</strong></span> <span class='ocrx_word' id='word_1_403' title='bbox 2597 2690 2754 2746; x_wconf 77' lang='lat' dir='ltr'><strong>quem</strong></span> <span class='ocrx_word' id='word_1_404' title='bbox 2775 2675 2993 2747; x_wconf 87' lang='lat' dir='ltr'><strong>quidam</strong></span> <span class='ocrx_word' id='word_1_405' title='bbox 3024 2675 3089 2729; x_wconf 90' lang='lat' dir='ltr'><strong>de</strong></span> <span class='ocrx_word' id='word_1_406' title='bbox 3126 2671 3407 2728; x_wconf 80' lang='lat' dir='ltr'><strong>Fratribus</strong></span> <span class='ocrx_word' id='word_1_407' title='bbox 3451 2671 3715 2730; x_wconf 64' lang='lat' dir='ltr'><strong>Monaste-</strong></span> 
     </span>
    </p>
   </div>
   <div class='ocr_carea' id='block_1_55' title="bbox 2155 2752 3714 2838">
    <p class='ocr_par' dir='ltr' id='par_1_55' title="bbox 2155 2752 3714 2838">
     <span class='ocr_line' id='line_1_55' title="bbox 2155 2752 3714 2838; baseline -0.006 -13"><span class='ocrx_word' id='word_1_408' title='bbox 2155 2770 2246 2835; x_wconf 89' lang='lat' dir='ltr'><strong>rii,</strong></span> <span class='ocrx_word' id='word_1_409' title='bbox 2277 2769 2326 2826; x_wconf 87' lang='lat' dir='ltr'><strong>si</strong></span> <span class='ocrx_word' id='word_1_410' title='bbox 2363 2782 2471 2838; x_wconf 86' lang='lat' dir='ltr'><strong>quo</strong></span> <span class='ocrx_word' id='word_1_411' title='bbox 2493 2767 2653 2823; x_wconf 91' lang='lat' dir='ltr'><strong>modo</strong></span> <span class='ocrx_word' id='word_1_412' title='bbox 2689 2780 2812 2822; x_wconf 81' lang='lat' dir='ltr'><strong>eum</strong></span> <span class='ocrx_word' id='word_1_413' title='bbox 2837 2752 3092 2822; x_wconf 70' lang='lat' dir='ltr'><strong>revocare</strong></span> <span class='ocrx_word' id='word_1_414' title='bbox 3117 2769 3359 2834; x_wconf 84' lang='lat' dir='ltr'><strong>possent,</strong></span> <span class='ocrx_word' id='word_1_415' title='bbox 3385 2762 3714 2827; x_wconf 87' lang='lat' dir='ltr'><strong>mittuntur.</strong></span> 
     </span>
    </p>
   </div>
   <div class='ocr_carea' id='block_1_56' title="bbox 2153 2839 3717 2938">
    <p class='ocr_par' dir='ltr' id='par_1_56' title="bbox 2153 2839 3717 2938">
     <span class='ocr_line' id='line_1_56' title="bbox 2153 2839 3717 2938; baseline -0.003 -23"><span class='ocrx_word' id='word_1_416' title='bbox 2153 2839 2246 2915; x_wconf 80' lang='lat' dir='ltr'><strong>illo</strong></span> <span class='ocrx_word' id='word_1_417' title='bbox 2274 2873 2404 2914; x_wconf 91' lang='lat' dir='ltr'><strong>vero</strong></span> <span class='ocrx_word' id='word_1_418' title='bbox 2428 2863 2708 2922; x_wconf 86' lang='lat' dir='ltr'><strong>renuente,</strong></span> <span class='ocrx_word' id='word_1_419' title='bbox 2739 2854 3024 2938; x_wconf 79' lang='lat' dir='ltr'><strong>Battonem</strong></span> <span class='ocrx_word' id='word_1_420' title='bbox 3051 2869 3215 2923; x_wconf 84' lang='lat' dir='ltr'><strong>super</strong></span> <span class='ocrx_word' id='word_1_421' title='bbox 3234 2867 3294 2925; x_wconf 82' lang='lat' dir='ltr'><strong>se</strong></span> <span class='ocrx_word' id='word_1_422' title='bbox 3318 2849 3564 2907; x_wconf 88' lang='lat' dir='ltr'><strong>abbatem</strong></span> <span class='ocrx_word' id='word_1_423' title='bbox 3592 2866 3717 2910; x_wconf 82' lang='lat' dir='ltr'><strong>oon-</strong></span> 
     </span>
    </p>
   </div>
   <div class='ocr_carea' id='block_1_57' title="bbox 2152 2941 3717 3015">
    <p class='ocr_par' dir='ltr' id='par_1_57' title="bbox 2152 2941 3717 3015">
     <span class='ocr_line' id='line_1_57' title="bbox 2152 2941 3717 3015; baseline -0.006 -10"><span class='ocrx_word' id='word_1_424' title='bbox 2152 2952 2458 3014; x_wconf 82' lang='lat' dir='ltr'><strong>stituernnt.</strong></span> <span class='ocrx_word' id='word_1_425' title='bbox 2507 2947 2809 3003; x_wconf 74' lang='lat' dir='ltr'><strong>Hltabanus</strong></span> <span class='ocrx_word' id='word_1_426' title='bbox 2857 2951 3034 3000; x_wconf 87' lang='lat' dir='ltr'><strong>autem</strong></span> <span class='ocrx_word' id='word_1_427' title='bbox 3079 2952 3202 3015; x_wconf 88' lang='lat' dir='ltr'><strong>post</strong></span> <span class='ocrx_word' id='word_1_428' title='bbox 3245 2941 3360 2998; x_wconf 88' lang='lat' dir='ltr'><strong>dies</strong></span> <span class='ocrx_word' id='word_1_429' title='bbox 3408 2955 3606 3013; x_wconf 86' lang='lat' dir='ltr'><strong>paucos</strong></span> <span class='ocrx_word' id='word_1_430' title='bbox 3647 2942 3717 2998; x_wconf 89' lang='lat' dir='ltr'><strong>ad</strong></span> 
     </span>
    </p>
   </div>
   <div class='ocr_carea' id='block_1_58' title="bbox 2154 3031 3722 3105">
    <p class='ocr_par' dir='ltr' id='par_1_58' title="bbox 2154 3031 3722 3105">
     <span class='ocr_line' id='line_1_58' title="bbox 2154 3031 3722 3105; baseline -0.004 -10"><span class='ocrx_word' id='word_1_431' title='bbox 2154 3039 2538 3095; x_wconf 88' lang='lat' dir='ltr'><strong>monasterium</strong></span> <span class='ocrx_word' id='word_1_432' title='bbox 2589 3037 2810 3093; x_wconf 89' lang='lat' dir='ltr'><strong>veniens</strong></span> <span class='ocrx_word' id='word_1_433' title='bbox 2830 3075 2846 3100; x_wconf 94' lang='lat'><strong>,</strong></span> <span class='ocrx_word' id='word_1_434' title='bbox 2900 3044 3024 3105; x_wconf 74' lang='lat' dir='ltr'><strong>cum</strong></span> <span class='ocrx_word' id='word_1_435' title='bbox 3081 3031 3366 3090; x_wconf 87' lang='lat' dir='ltr'><strong>concordia</strong></span> <span class='ocrx_word' id='word_1_436' title='bbox 3414 3031 3622 3088; x_wconf 87' lang='lat' dir='ltr'><strong>abbatis</strong></span> <span class='ocrx_word' id='word_1_437' title='bbox 3663 3039 3722 3088; x_wconf 85' lang='lat' dir='ltr'><strong>et</strong></span> 
     </span>
    </p>
   </div>
   <div class='ocr_carea' id='block_1_59' title="bbox 503 3121 3720 3229">
    <p class='ocr_par' dir='ltr' id='par_1_59' title="bbox 503 3121 3720 3229">
     <span class='ocr_line' id='line_1_59' title="bbox 503 3121 3720 3229; baseline -0.002 -46"><span class='ocrx_word' id='word_1_438' title='bbox 503 3130 633 3183; x_wconf 89' lang='lat' dir='ltr'><strong>mini</strong></span> <span class='ocrx_word' id='word_1_439' title='bbox 677 3121 848 3188; x_wconf 87' lang='lat' dir='ltr'><strong>adhuc</strong></span> <span class='ocrx_word' id='word_1_440' title='bbox 879 3128 1070 3184; x_wconf 88' lang='lat' dir='ltr'><strong>minus</strong></span> <span class='ocrx_word' id='word_1_441' title='bbox 1115 3129 1437 3184; x_wconf 83' lang='lat' dir='ltr'><strong>exercitatos</strong></span> <span class='ocrx_word' id='word_1_442' title='bbox 1484 3130 1681 3186; x_wconf 89' lang='lat' dir='ltr'><strong>habent</strong></span> <span class='ocrx_word' id='word_1_443' title='bbox 1729 3145 1936 3197; x_wconf 85' lang='lat' dir='ltr'><strong>sensus,</strong></span> <span class='ocrx_word' id='word_1_444' title='bbox 1986 3131 2054 3187; x_wconf 88' lang='lat' dir='ltr'><strong>de</strong></span> <span class='ocrx_word' id='word_1_445' title='bbox 2080 3167 2127 3229; x_wconf 62' lang='grc' dir='ltr'>Ο</span> <span class='ocrx_word' id='word_1_446' title='bbox 2155 3129 2383 3184; x_wconf 82' lang='lat' dir='ltr'><strong>fratrum</strong></span> <span class='ocrx_word' id='word_1_447' title='bbox 2409 3125 2527 3200; x_wconf 84' lang='lat' dir='ltr'><strong>ejus</strong></span> <span class='ocrx_word' id='word_1_448' title='bbox 2549 3128 2616 3183; x_wconf 89' lang='lat' dir='ltr'><strong>ad</strong></span> <span class='ocrx_word' id='word_1_449' title='bbox 2639 3125 2952 3185; x_wconf 74' lang='lat' dir='ltr'><strong>orientalem</strong></span> <span class='ocrx_word' id='word_1_450' title='bbox 2979 3125 3188 3196; x_wconf 75' lang='lat' dir='ltr'><strong>plagam</strong></span> <span class='ocrx_word' id='word_1_451' title='bbox 3214 3123 3526 3180; x_wconf 86' lang='lat' dir='ltr'><strong>monasterii</strong></span> <span class='ocrx_word' id='word_1_452' title='bbox 3566 3135 3720 3222; x_wconf 74' lang='lat' dir='ltr'><strong>mon-</strong></span> 
     </span>
    </p>
   </div>
   <div class='ocr_carea' id='block_1_60' title="bbox 502 3219 2058 3291">
    <p class='ocr_par' dir='ltr' id='par_1_60' title="bbox 502 3219 2058 3291">
     <span class='ocr_line' id='line_1_60' title="bbox 502 3219 2058 3291; baseline -0.002 -13"><span class='ocrx_word' id='word_1_453' title='bbox 502 3221 722 3278; x_wconf 87' lang='lat' dir='ltr'><strong>consilio</strong></span> <span class='ocrx_word' id='word_1_454' title='bbox 746 3220 1020 3275; x_wconf 84' lang='lat' dir='ltr'><strong>duodecim</strong></span> <span class='ocrx_word' id='word_1_455' title='bbox 1045 3220 1315 3276; x_wconf 90' lang='lat' dir='ltr'><strong>seniorum</strong></span> <span class='ocrx_word' id='word_1_456' title='bbox 1337 3221 1545 3275; x_wconf 89' lang='lat' dir='ltr'><strong>cunctis</strong></span> <span class='ocrx_word' id='word_1_457' title='bbox 1572 3228 1832 3291; x_wconf 89' lang='lat' dir='ltr'><strong>perpetuo</strong></span> <span class='ocrx_word' id='word_1_458' title='bbox 1868 3219 2058 3276; x_wconf 84' lang='lat' dir='ltr'><strong>mulie-</strong></span> 
     </span>
    </p>
   </div>
   <div class='ocr_carea' id='block_1_61' title="bbox 506 3310 2059 3392">
    <p class='ocr_par' dir='ltr' id='par_1_61' title="bbox 506 3310 2059 3378">
     <span class='ocr_line' id='line_1_61' title="bbox 506 3310 2059 3378; baseline -0.001 -11"><span class='ocrx_word' id='word_1_459' title='bbox 506 3313 651 3367; x_wconf 84' lang='lat' dir='ltr'><strong>ribus</strong></span> <span class='ocrx_word' id='word_1_460' title='bbox 698 3312 765 3366; x_wconf 87' lang='lat' dir='ltr'><strong>ad</strong></span> <span class='ocrx_word' id='word_1_461' title='bbox 817 3311 1194 3365; x_wconf 86' lang='lat' dir='ltr'><strong>monasterium</strong></span> <span class='ocrx_word' id='word_1_462' title='bbox 1254 3310 1528 3366; x_wconf 82' lang='lat' dir='ltr'><strong>interdixit</strong></span> <span class='ocrx_word' id='word_1_463' title='bbox 1575 3327 1871 3367; x_wconf 89' lang='lat' dir='ltr'><strong>accessum.</strong></span> <span class='ocrx_word' id='word_1_464' title='bbox 1929 3310 2059 3378; x_wconf 64' lang='lat' dir='ltr'><strong>Quae</strong></span> 
     </span>
    </p>
   </div>
   <div class='ocr_carea' id='block_1_62' title="bbox 506 3403 2056 3475">
    <p class='ocr_par' dir='ltr' id='par_1_62' title="bbox 506 3403 2056 3475">
     <span class='ocr_line' id='line_1_62' title="bbox 506 3403 2056 3475; baseline 0 -17"><span class='ocrx_word' id='word_1_465' title='bbox 506 3414 686 3458; x_wconf 85' lang='lat' dir='ltr'><strong>sancta</strong></span> <span class='ocrx_word' id='word_1_466' title='bbox 733 3403 1042 3457; x_wconf 90' lang='lat' dir='ltr'><strong>constitutio</strong></span> <span class='ocrx_word' id='word_1_467' title='bbox 1088 3411 1146 3456; x_wconf 90' lang='lat' dir='ltr'><strong>ut</strong></span> <span class='ocrx_word' id='word_1_468' title='bbox 1193 3403 1354 3457; x_wconf 87' lang='lat' dir='ltr'><strong>robur</strong></span> <span class='ocrx_word' id='word_1_469' title='bbox 1405 3404 1674 3459; x_wconf 89' lang='lat' dir='ltr'><strong>obtineret</strong></span> <span class='ocrx_word' id='word_1_470' title='bbox 1716 3412 2056 3475; x_wconf 87' lang='lat' dir='ltr'><strong>perpetuum,</strong></span> 
     </span>
    </p>
   </div>
   <div class='ocr_carea' id='block_1_63' title="bbox 431 3492 2107 3567">
    <p class='ocr_par' dir='ltr' id='par_1_63' title="bbox 431 3492 2107 3567">
     <span class='ocr_line' id='line_1_63' title="bbox 431 3492 2107 3567; baseline 0.001 -21"><span class='ocrx_word' id='word_1_471' title='bbox 431 3554 433 3557; x_wconf 22' lang='lat' dir='ltr'>l</span> <span class='ocrx_word' id='word_1_472' title='bbox 508 3493 787 3546; x_wconf 86' lang='lat' dir='ltr'><strong>transitum</strong></span> <span class='ocrx_word' id='word_1_473' title='bbox 814 3492 1042 3546; x_wconf 87' lang='lat' dir='ltr'><strong>femineo</strong></span> <span class='ocrx_word' id='word_1_474' title='bbox 1073 3492 1222 3567; x_wconf 71' lang='lat' dir='ltr'><strong>sexui</strong></span> <span class='ocrx_word' id='word_1_475' title='bbox 1246 3507 1341 3561; x_wconf 90' lang='lat' dir='ltr'><strong>per</strong></span> <span class='ocrx_word' id='word_1_476' title='bbox 1365 3493 1731 3562; x_wconf 90' lang='lat' dir='ltr'><strong>aquilonarem</strong></span> <span class='ocrx_word' id='word_1_477' title='bbox 1765 3493 1912 3548; x_wconf 89' lang='lat' dir='ltr'><strong>urbis</strong></span> <span class='ocrx_word' id='word_1_478' title='bbox 1931 3507 2060 3562; x_wconf 90' lang='lat' dir='ltr'><strong>por-</strong></span> <span class='ocrx_word' id='word_1_479' title='bbox 2102 3521 2107 3526; x_wconf 68' lang='grc' dir='ltr'><em>ι</em></span> 
     </span>
    </p>
   </div>
   <div class='ocr_carea' id='block_1_64' title="bbox 507 3583 2060 3653">
    <p class='ocr_par' dir='ltr' id='par_1_64' title="bbox 507 3583 2060 3653">
     <span class='ocr_line' id='line_1_64' title="bbox 507 3583 2060 3653; baseline 0.001 -16"><span class='ocrx_word' id='word_1_480' title='bbox 507 3593 636 3648; x_wconf 85' lang='lat' dir='ltr'><strong>tam,</strong></span> <span class='ocrx_word' id='word_1_481' title='bbox 679 3591 828 3635; x_wconf 77' lang='lat' dir='ltr'><strong>extra</strong></span> <span class='ocrx_word' id='word_1_482' title='bbox 863 3598 1021 3652; x_wconf 88' lang='lat' dir='ltr'><strong>quam</strong></span> <span class='ocrx_word' id='word_1_483' title='bbox 1052 3583 1210 3639; x_wconf 84' lang='lat' dir='ltr'><strong>situm</strong></span> <span class='ocrx_word' id='word_1_484' title='bbox 1242 3591 1323 3638; x_wconf 86' lang='lat' dir='ltr'><strong>est</strong></span> <span class='ocrx_word' id='word_1_485' title='bbox 1357 3583 1764 3648; x_wconf 88' lang='lat' dir='ltr'><strong>monasterium,</strong></span> <span class='ocrx_word' id='word_1_486' title='bbox 1806 3592 2060 3653; x_wconf 87' lang='lat' dir='ltr'><strong>perpetua</strong></span> 
     </span>
    </p>
   </div>
   <div class='ocr_carea' id='block_1_65' title="bbox 507 3666 2060 3743">
    <p class='ocr_par' dir='ltr' id='par_1_65' title="bbox 507 3666 2060 3743">
     <span class='ocr_line' id='line_1_65' title="bbox 507 3666 2060 3743; baseline 0.002 -17"><span class='ocrx_word' id='word_1_487' title='bbox 507 3673 776 3726; x_wconf 82' lang='lat' dir='ltr'><strong>sanctione</strong></span> <span class='ocrx_word' id='word_1_488' title='bbox 813 3666 1086 3740; x_wconf 83' lang='lat' dir='ltr'><strong>prohibuit</strong></span> <span class='ocrx_word' id='word_1_489' title='bbox 1123 3683 1178 3727; x_wconf 84' lang='lat' dir='ltr'><strong>et</strong></span> <span class='ocrx_word' id='word_1_490' title='bbox 1223 3674 1455 3743; x_wconf 80' lang='lat' dir='ltr'><strong>negavit.</strong></span> <span class='ocrx_word' id='word_1_491' title='bbox 1490 3694 1510 3726; x_wconf 86' lang='grc'><strong>›</strong></span> <span class='ocrx_word' id='word_1_492' title='bbox 1561 3673 1715 3742; x_wconf 85' lang='lat' dir='ltr'><strong>Quod</strong></span> <span class='ocrx_word' id='word_1_493' title='bbox 1766 3673 1948 3728; x_wconf 88' lang='lat' dir='ltr'><strong>forsan</strong></span> <span class='ocrx_word' id='word_1_494' title='bbox 1995 3674 2060 3729; x_wconf 90' lang='lat' dir='ltr'><strong>de</strong></span> 
     </span>
    </p>
   </div>
   <div class='ocr_carea' id='block_1_66' title="bbox 507 3761 2062 3833">
    <p class='ocr_par' dir='ltr' id='par_1_66' title="bbox 507 3761 2062 3833">
     <span class='ocr_line' id='line_1_66' title="bbox 507 3761 2062 3833; baseline 0.001 -18"><span class='ocrx_word' id='word_1_495' title='bbox 507 3762 693 3832; x_wconf 78' lang='lat' dir='ltr'><strong>priscae</strong></span> <span class='ocrx_word' id='word_1_496' title='bbox 745 3761 1143 3816; x_wconf 84' lang='lat' dir='ltr'><strong>consuetudinis</strong></span> <span class='ocrx_word' id='word_1_497' title='bbox 1205 3763 1604 3818; x_wconf 85' lang='lat' dir='ltr'><strong>confirmatione</strong></span> <span class='ocrx_word' id='word_1_498' title='bbox 1662 3761 2062 3833; x_wconf 85' lang='lat' dir='ltr'><strong>intelligendum</strong></span> 
     </span>
    </p>
   </div>
   <div class='ocr_carea' id='block_1_67' title="bbox 507 3839 2062 3920">
    <p class='ocr_par' dir='ltr' id='par_1_67' title="bbox 507 3839 2062 3920">
     <span class='ocr_line' id='line_1_67' title="bbox 507 3839 2062 3920; baseline 0.001 -16"><span class='ocrx_word' id='word_1_499' title='bbox 507 3857 606 3905; x_wconf 89' lang='lat' dir='ltr'><strong>est.</strong></span> <span class='ocrx_word' id='word_1_500' title='bbox 638 3849 898 3905; x_wconf 81' lang='lat' dir='ltr'><strong>Caeterum</strong></span> <span class='ocrx_word' id='word_1_501' title='bbox 921 3851 1063 3920; x_wconf 92' lang='lat' dir='ltr'><strong>quod</strong></span> <span class='ocrx_word' id='word_1_502' title='bbox 1087 3839 1173 3906; x_wconf 83' lang='lat' dir='ltr'><strong>ait</strong></span> <span class='ocrx_word' id='word_1_503' title='bbox 1199 3849 1542 3918; x_wconf 85' lang='lat' dir='ltr'><strong>Trithemius,</strong></span> <span class='ocrx_word' id='word_1_504' title='bbox 1570 3852 1731 3913; x_wconf 87' lang='lat' dir='ltr'><strong>istum</strong></span> <span class='ocrx_word' id='word_1_505' title='bbox 1762 3866 1967 3907; x_wconf 89' lang='lat' dir='ltr'><strong>morem</strong></span> <span class='ocrx_word' id='word_1_506' title='bbox 1995 3853 2062 3906; x_wconf 90' lang='lat' dir='ltr'><strong>ad</strong></span> 
     </span>
    </p>
   </div>
   <div class='ocr_carea' id='block_1_68' title="bbox 510 3940 2061 4010">
    <p class='ocr_par' dir='ltr' id='par_1_68' title="bbox 510 3940 2061 4010">
     <span class='ocr_line' id='line_1_68' title="bbox 510 3940 2061 4010; baseline 0.003 -17"><span class='ocrx_word' id='word_1_507' title='bbox 510 3954 661 3993; x_wconf 87' lang='lat' dir='ltr'><strong>suum</strong></span> <span class='ocrx_word' id='word_1_508' title='bbox 690 3955 853 4008; x_wconf 80' lang='lat' dir='ltr'><strong>usque</strong></span> <span class='ocrx_word' id='word_1_509' title='bbox 883 3947 1089 4008; x_wconf 81' lang='lat' dir='ltr'><strong>tempus</strong></span> <span class='ocrx_word' id='word_1_510' title='bbox 1109 3947 1376 3994; x_wconf 90' lang='lat' dir='ltr'><strong>servatum</strong></span> <span class='ocrx_word' id='word_1_511' title='bbox 1398 3940 1581 4006; x_wconf 89' lang='lat' dir='ltr'><strong>fuisse,</strong></span> <span class='ocrx_word' id='word_1_512' title='bbox 1608 3941 1844 4010; x_wconf 82' lang='lat' dir='ltr'><strong>excipias</strong></span> <span class='ocrx_word' id='word_1_513' title='bbox 1866 3940 2061 3997; x_wconf 88' lang='lat' dir='ltr'><strong>festum</strong></span> 
     </span>
    </p>
   </div>
   <div class='ocr_carea' id='block_1_69' title="bbox 509 4028 2064 4100">
    <p class='ocr_par' dir='ltr' id='par_1_69' title="bbox 509 4028 2064 4100">
     <span class='ocr_line' id='line_1_69' title="bbox 509 4028 2064 4100; baseline 0.003 -16"><span class='ocrx_word' id='word_1_514' title='bbox 509 4031 680 4084; x_wconf 86' lang='lat' dir='ltr'><strong>sancti</strong></span> <span class='ocrx_word' id='word_1_515' title='bbox 733 4028 985 4084; x_wconf 85' lang='lat' dir='ltr'><strong>Bonifacii</strong></span> <span class='ocrx_word' id='word_1_516' title='bbox 1024 4040 1080 4084; x_wconf 89' lang='lat' dir='ltr'><strong>et</strong></span> <span class='ocrx_word' id='word_1_517' title='bbox 1130 4031 1387 4099; x_wconf 88' lang='lat' dir='ltr'><strong>quosdam</strong></span> <span class='ocrx_word' id='word_1_518' title='bbox 1439 4032 1574 4088; x_wconf 87' lang='lat' dir='ltr'><strong>alios</strong></span> <span class='ocrx_word' id='word_1_519' title='bbox 1623 4031 1787 4088; x_wconf 88' lang='lat' dir='ltr'><strong>festos</strong></span> <span class='ocrx_word' id='word_1_520' title='bbox 1816 4033 1964 4100; x_wconf 82' lang='lat' dir='ltr'><strong>dies,</strong></span> <span class='ocrx_word' id='word_1_521' title='bbox 2009 4033 2064 4088; x_wconf 91' lang='lat' dir='ltr'><strong>in</strong></span> 
     </span>
    </p>
   </div>
   <div class='ocr_carea' id='block_1_70' title="bbox 511 4110 2062 4189">
    <p class='ocr_par' dir='ltr' id='par_1_70' title="bbox 511 4110 2062 4189">
     <span class='ocr_line' id='line_1_70' title="bbox 511 4110 2062 4189; baseline 0.002 -15"><span class='ocrx_word' id='word_1_522' title='bbox 511 4120 704 4189; x_wconf 87' lang='lat' dir='ltr'><strong>quibus</strong></span> <span class='ocrx_word' id='word_1_523' title='bbox 746 4119 956 4174; x_wconf 89' lang='lat' dir='ltr'><strong>feminis</strong></span> <span class='ocrx_word' id='word_1_524' title='bbox 991 4121 1204 4188; x_wconf 87' lang='lat' dir='ltr'><strong>patebat</strong></span> <span class='ocrx_word' id='word_1_525' title='bbox 1237 4121 1505 4188; x_wconf 84' lang='lat' dir='ltr'><strong>ingressus</strong></span> <span class='ocrx_word' id='word_1_526' title='bbox 1545 4122 1784 4177; x_wconf 75' lang='lat' dir='ltr'><strong>ecclesia:</strong></span> <span class='ocrx_word' id='word_1_527' title='bbox 1829 4121 1894 4177; x_wconf 91' lang='lat' dir='ltr'><strong>de</strong></span> <span class='ocrx_word' id='word_1_528' title='bbox 1932 4110 2062 4178; x_wconf 88' lang='lat' dir='ltr'><strong>con-</strong></span> 
     </span>
    </p>
   </div>
   <div class='ocr_carea' id='block_1_71' title="bbox 511 4210 2064 4279">
    <p class='ocr_par' dir='ltr' id='par_1_71' title="bbox 511 4210 2064 4279">
     <span class='ocr_line' id='line_1_71' title="bbox 511 4210 2064 4279; baseline 0.003 -15"><span class='ocrx_word' id='word_1_529' title='bbox 511 4225 661 4265; x_wconf 89' lang='lat' dir='ltr'><strong>cessu</strong></span> <span class='ocrx_word' id='word_1_530' title='bbox 688 4210 952 4279; x_wconf 79' lang='lat' dir='ltr'><strong>pontificis</strong></span> <span class='ocrx_word' id='word_1_531' title='bbox 982 4210 1208 4268; x_wconf 77' lang='lat' dir='ltr'><strong>Romani</strong></span> <span class='ocrx_word' id='word_1_532' title='bbox 1239 4228 1251 4264; x_wconf 88' lang='lat'><strong>:</strong></span> <span class='ocrx_word' id='word_1_533' title='bbox 1280 4213 1489 4266; x_wconf 89' lang='lat' dir='ltr'><strong>tametsi</strong></span> <span class='ocrx_word' id='word_1_534' title='bbox 1526 4212 1866 4268; x_wconf 89' lang='lat' dir='ltr'><strong>observatum</strong></span> <span class='ocrx_word' id='word_1_535' title='bbox 1894 4228 1926 4266; x_wconf 89' lang='lat' dir='ltr'><strong>a</strong></span> <span class='ocrx_word' id='word_1_536' title='bbox 1954 4228 2064 4268; x_wconf 86' lang='lat' dir='ltr'><strong>ma-</strong></span> 
     </span>
    </p>
   </div>
   <div class='ocr_carea' id='block_1_72' title="bbox 511 4301 2069 4376">
    <p class='ocr_par' dir='ltr' id='par_1_72' title="bbox 511 4301 2069 4376">
     <span class='ocr_line' id='line_1_72' title="bbox 511 4301 2069 4376; baseline 0.004 -21"><span class='ocrx_word' id='word_1_537' title='bbox 511 4301 715 4370; x_wconf 76' lang='lat' dir='ltr'><strong>joribus</strong></span> <span class='ocrx_word' id='word_1_538' title='bbox 734 4310 842 4366; x_wconf 78' lang='lat' dir='ltr'><strong>est,</strong></span> <span class='ocrx_word' id='word_1_539' title='bbox 883 4301 1054 4370; x_wconf 84' lang='lat' dir='ltr'><strong>prima</strong></span> <span class='ocrx_word' id='word_1_540' title='bbox 1075 4304 1194 4357; x_wconf 87' lang='lat' dir='ltr'><strong>vice</strong></span> <span class='ocrx_word' id='word_1_541' title='bbox 1220 4317 1322 4372; x_wconf 88' lang='lat' dir='ltr'><strong>qua</strong></span> <span class='ocrx_word' id='word_1_542' title='bbox 1352 4305 1544 4373; x_wconf 89' lang='lat' dir='ltr'><strong>patuit,</strong></span> <span class='ocrx_word' id='word_1_543' title='bbox 1572 4305 1851 4360; x_wconf 88' lang='lat' dir='ltr'><strong>ecclesiam</strong></span> <span class='ocrx_word' id='word_1_544' title='bbox 1877 4308 2069 4376; x_wconf 84' lang='lat' dir='ltr'><strong>postri-</strong></span> 
     </span>
    </p>
   </div>
   <div class='ocr_carea' id='block_1_73' title="bbox 514 4393 1545 4464">
    <p class='ocr_par' dir='ltr' id='par_1_73' title="bbox 514 4393 1545 4464">
     <span class='ocr_line' id='line_1_73' title="bbox 514 4393 1545 4464; baseline -0.002 -15"><span class='ocrx_word' id='word_1_545' title='bbox 514 4393 600 4449; x_wconf 87' lang='lat' dir='ltr'><strong>die</strong></span> <span class='ocrx_word' id='word_1_546' title='bbox 629 4393 695 4447; x_wconf 85' lang='lat' dir='ltr'><strong>de</strong></span> <span class='ocrx_word' id='word_1_547' title='bbox 725 4393 857 4447; x_wconf 66' lang='lat' dir='ltr'><strong>coelo</strong></span> <span class='ocrx_word' id='word_1_548' title='bbox 889 4401 1082 4447; x_wconf 87' lang='lat' dir='ltr'><strong>tactam</strong></span> <span class='ocrx_word' id='word_1_549' title='bbox 1108 4393 1481 4464; x_wconf 84' lang='lat' dir='ltr'><strong>conflagrasse.</strong></span> <span class='ocrx_word' id='word_1_550' title='bbox 1542 4451 1545 4456; x_wconf 89' lang='lat'><strong><em>_</em></strong></span> 
     </span>
    </p>
   </div>
   <div class='ocr_carea' id='block_1_74' title="bbox 2097 3210 3753 3298">
    <p class='ocr_par' dir='ltr' id='par_1_74' title="bbox 2097 3210 3753 3298">
     <span class='ocr_line' id='line_1_74' title="bbox 2097 3210 3753 3298; baseline -0.005 -23"><span class='ocrx_word' id='word_1_551' title='bbox 2097 3210 2127 3298; x_wconf 47' lang='grc' dir='ltr'><strong>θ’</strong></span> <span class='ocrx_word' id='word_1_552' title='bbox 2162 3228 2318 3275; x_wconf 89' lang='lat' dir='ltr'><strong>tanus</strong></span> <span class='ocrx_word' id='word_1_553' title='bbox 2363 3216 2605 3272; x_wconf 82' lang='lat' dir='ltr'><strong>efﬁcitur.</strong></span> <span class='ocrx_word' id='word_1_554' title='bbox 2637 3237 2676 3298; x_wconf 22' lang='grc' dir='ltr'><strong>»ι</strong></span> <span class='ocrx_word' id='word_1_555' title='bbox 2706 3216 2774 3271; x_wconf 90' lang='lat' dir='ltr'><strong>Id-</strong></span> <span class='ocrx_word' id='word_1_556' title='bbox 2790 3223 2873 3270; x_wconf 90' lang='lat' dir='ltr'><strong>est</strong></span> <span class='ocrx_word' id='word_1_557' title='bbox 2917 3213 3156 3270; x_wconf 87' lang='lat' dir='ltr'><strong>reclusus</strong></span> <span class='ocrx_word' id='word_1_558' title='bbox 3199 3214 3256 3268; x_wconf 89' lang='lat' dir='ltr'><strong>in</strong></span> <span class='ocrx_word' id='word_1_559' title='bbox 3305 3211 3468 3275; x_wconf 90' lang='lat' dir='ltr'><strong>cella,</strong></span> <span class='ocrx_word' id='word_1_560' title='bbox 3515 3226 3634 3280; x_wconf 74' lang='lat' dir='ltr'><strong>qua:</strong></span> <span class='ocrx_word' id='word_1_561' title='bbox 3664 3210 3717 3265; x_wconf 91' lang='lat' dir='ltr'><strong>in</strong></span> <span class='ocrx_word' id='word_1_562' title='bbox 3749 3261 3753 3266; x_wconf 89' lang='lat'><strong>.</strong></span> 
     </span>
    </p>
   </div>
   <div class='ocr_carea' id='block_1_75' title="bbox 2160 3294 3721 3382">
    <p class='ocr_par' dir='ltr' id='par_1_75' title="bbox 2160 3294 3721 3382">
     <span class='ocr_line' id='line_1_75' title="bbox 2160 3294 3721 3382; baseline -0.008 -18"><span class='ocrx_word' id='word_1_563' title='bbox 2160 3297 2341 3365; x_wconf 88' lang='lat' dir='ltr'><strong>monte</strong></span> <span class='ocrx_word' id='word_1_564' title='bbox 2368 3306 2552 3382; x_wconf 84' lang='lat' dir='ltr'><strong>Sancti</strong></span> <span class='ocrx_word' id='word_1_565' title='bbox 2582 3294 2728 3361; x_wconf 82' lang='lat' dir='ltr'><strong>Petri</strong></span> <span class='ocrx_word' id='word_1_566' title='bbox 2759 3306 2860 3360; x_wconf 87' lang='lat' dir='ltr'><strong>sita</strong></span> <span class='ocrx_word' id='word_1_567' title='bbox 2889 3311 2990 3371; x_wconf 89' lang='lat' dir='ltr'><strong>est,</strong></span> <span class='ocrx_word' id='word_1_568' title='bbox 3031 3302 3311 3358; x_wconf 84' lang='lat' dir='ltr'><strong>duodecim</strong></span> <span class='ocrx_word' id='word_1_569' title='bbox 3343 3299 3663 3356; x_wconf 83' lang='lat' dir='ltr'><strong>ferestadiis</strong></span> <span class='ocrx_word' id='word_1_570' title='bbox 3688 3312 3721 3351; x_wconf 87' lang='lat' dir='ltr'><strong>a</strong></span> 
     </span>
    </p>
   </div>
   <div class='ocr_carea' id='block_1_76' title="bbox 2135 3383 3717 3462">
    <p class='ocr_par' dir='ltr' id='par_1_76' title="bbox 2135 3383 3717 3462">
     <span class='ocr_line' id='line_1_76' title="bbox 2135 3383 3717 3462; baseline -0.008 -7"><span class='ocrx_word' id='word_1_571' title='bbox 2135 3397 2489 3455; x_wconf 75' lang='lat' dir='ltr'><strong>~m0na5terio</strong></span> <span class='ocrx_word' id='word_1_572' title='bbox 2518 3416 2531 3451; x_wconf 90' lang='lat'><strong>:</strong></span> <span class='ocrx_word' id='word_1_573' title='bbox 2558 3383 2654 3454; x_wconf 86' lang='lat' dir='ltr'><strong>ubi</strong></span> <span class='ocrx_word' id='word_1_574' title='bbox 2693 3417 2710 3448; x_wconf 86' lang='grc'><strong>‹</strong></span> <span class='ocrx_word' id='word_1_575' title='bbox 2739 3397 2849 3451; x_wconf 90' lang='lat' dir='ltr'><strong>Deo</strong></span> <span class='ocrx_word' id='word_1_576' title='bbox 2891 3396 3129 3452; x_wconf 86' lang='lat' dir='ltr'><strong>serviens</strong></span> <span class='ocrx_word' id='word_1_577' title='bbox 3154 3435 3168 3458; x_wconf 95' lang='lat'><strong>,</strong></span> <span class='ocrx_word' id='word_1_578' title='bbox 3219 3392 3392 3462; x_wconf 85' lang='lat' dir='ltr'><strong>inquit</strong></span> <span class='ocrx_word' id='word_1_579' title='bbox 3437 3389 3717 3454; x_wconf 77' lang='lat' dir='ltr'><strong>Rudoll’us,</strong></span> 
     </span>
    </p>
   </div>
   <div class='ocr_carea' id='block_1_77' title="bbox 2159 3483 3724 3559">
    <p class='ocr_par' dir='ltr' id='par_1_77' title="bbox 2159 3483 3724 3559">
     <span class='ocr_line' id='line_1_77' title="bbox 2159 3483 3724 3559; baseline -0.009 -13"><span class='ocrx_word' id='word_1_580' title='bbox 2159 3491 2373 3547; x_wconf 69' lang='lat' dir='ltr'><strong>ctelesti</strong></span> <span class='ocrx_word' id='word_1_581' title='bbox 2422 3488 2697 3559; x_wconf 70' lang='lat' dir='ltr'><strong>sapientiae</strong></span> <span class='ocrx_word' id='word_1_582' title='bbox 2749 3487 2992 3542; x_wconf 88' lang='lat' dir='ltr'><strong>vacabat.</strong></span> <span class='ocrx_word' id='word_1_583' title='bbox 3025 3505 3043 3538; x_wconf 76' lang='grc' dir='ltr'><strong><em>ι</em></strong></span> <span class='ocrx_word' id='word_1_584' title='bbox 3100 3483 3181 3538; x_wconf 88' lang='lat' dir='ltr'><strong>De</strong></span> <span class='ocrx_word' id='word_1_585' title='bbox 3223 3484 3324 3538; x_wconf 87' lang='lat' dir='ltr'><strong>hoc</strong></span> <span class='ocrx_word' id='word_1_586' title='bbox 3367 3495 3581 3536; x_wconf 86' lang='lat' dir='ltr'><strong>secessu</strong></span> <span class='ocrx_word' id='word_1_587' title='bbox 3630 3495 3724 3533; x_wconf 78' lang='lat' dir='ltr'><strong>ex-</strong></span> 
     </span>
    </p>
   </div>
   <div class='ocr_carea' id='block_1_78' title="bbox 2158 3569 3726 3651">
    <p class='ocr_par' dir='ltr' id='par_1_78' title="bbox 2158 3569 3726 3651">
     <span class='ocr_line' id='line_1_78' title="bbox 2158 3569 3726 3651; baseline -0.007 -17"><span class='ocrx_word' id='word_1_588' title='bbox 2158 3580 2409 3651; x_wconf 85' lang='lat' dir='ltr'><strong>plicanda</strong></span> <span class='ocrx_word' id='word_1_589' title='bbox 2439 3589 2521 3638; x_wconf 86' lang='lat' dir='ltr'><strong>est</strong></span> <span class='ocrx_word' id='word_1_590' title='bbox 2553 3578 2794 3634; x_wconf 88' lang='lat' dir='ltr'><strong>Lotbarii</strong></span> <span class='ocrx_word' id='word_1_591' title='bbox 2833 3577 3056 3648; x_wconf 79' lang='lat' dir='ltr'><strong>Augusti</strong></span> <span class='ocrx_word' id='word_1_592' title='bbox 3088 3574 3311 3645; x_wconf 86' lang='lat' dir='ltr'><strong>epistola</strong></span> <span class='ocrx_word' id='word_1_593' title='bbox 3341 3570 3617 3637; x_wconf 79' lang='lat' dir='ltr'><strong>HRabano</strong></span> <span class='ocrx_word' id='word_1_594' title='bbox 3640 3569 3726 3624; x_wconf 91' lang='lat' dir='ltr'><strong>in-</strong></span> 
     </span>
    </p>
   </div>
   <div class='ocr_carea' id='block_1_79' title="bbox 2161 3661 3727 3743">
    <p class='ocr_par' dir='ltr' id='par_1_79' title="bbox 2161 3661 3727 3743">
     <span class='ocr_line' id='line_1_79' title="bbox 2161 3661 3727 3743; baseline -0.008 -17"><span class='ocrx_word' id='word_1_595' title='bbox 2161 3671 2359 3740; x_wconf 88' lang='lat' dir='ltr'><strong>scripta</strong></span> <span class='ocrx_word' id='word_1_596' title='bbox 2385 3671 2536 3724; x_wconf 90' lang='lat' dir='ltr'><strong>initio</strong></span> <span class='ocrx_word' id='word_1_597' title='bbox 2562 3668 2946 3725; x_wconf 85' lang='lat' dir='ltr'><strong>Commentarii</strong></span> <span class='ocrx_word' id='word_1_598' title='bbox 2969 3668 3022 3721; x_wconf 92' lang='lat' dir='ltr'><strong>in</strong></span> <span class='ocrx_word' id='word_1_599' title='bbox 3045 3666 3382 3722; x_wconf 80' lang='lat' dir='ltr'><strong>Ezechielem</strong></span> <span class='ocrx_word' id='word_1_600' title='bbox 3415 3680 3429 3716; x_wconf 92' lang='lat'>:</span> <span class='ocrx_word' id='word_1_601' title='bbox 3453 3681 3482 3743; x_wconf 64' lang='grc' dir='ltr'><strong>Δι</strong></span> <span class='ocrx_word' id='word_1_602' title='bbox 3516 3661 3727 3727; x_wconf 81' lang='lat' dir='ltr'><strong>Placet,</strong></span> 
     </span>
    </p>
   </div>
   <div class='ocr_carea' id='block_1_80' title="bbox 2161 3753 3725 3831">
    <p class='ocr_par' dir='ltr' id='par_1_80' title="bbox 2161 3753 3725 3831">
     <span class='ocr_line' id='line_1_80' title="bbox 2161 3753 3725 3831; baseline -0.003 -21"><span class='ocrx_word' id='word_1_603' title='bbox 2161 3755 2394 3831; x_wconf 87' lang='lat' dir='ltr'><strong>inquam,</strong></span> <span class='ocrx_word' id='word_1_604' title='bbox 2449 3756 2540 3813; x_wconf 86' lang='lat' dir='ltr'><strong>tua</strong></span> <span class='ocrx_word' id='word_1_605' title='bbox 2577 3759 2834 3814; x_wconf 88' lang='lat' dir='ltr'><strong>habitatio</strong></span> <span class='ocrx_word' id='word_1_606' title='bbox 2882 3758 3058 3824; x_wconf 84' lang='lat' dir='ltr'><strong>nobis,</strong></span> <span class='ocrx_word' id='word_1_607' title='bbox 3107 3756 3151 3812; x_wconf 91' lang='lat' dir='ltr'><strong>si</strong></span> <span class='ocrx_word' id='word_1_608' title='bbox 3187 3755 3427 3811; x_wconf 73' lang='lat' dir='ltr'><strong>Creditur</strong></span> <span class='ocrx_word' id='word_1_609' title='bbox 3474 3753 3541 3808; x_wconf 90' lang='lat' dir='ltr'><strong>ab</strong></span> <span class='ocrx_word' id='word_1_610' title='bbox 3573 3753 3725 3808; x_wconf 89' lang='lat' dir='ltr'><strong>omni</strong></span> 
     </span>
    </p>
   </div>
   <div class='ocr_carea' id='block_1_81' title="bbox 2157 3836 3725 3925">
    <p class='ocr_par' dir='ltr' id='par_1_81' title="bbox 2157 3836 3725 3925">
     <span class='ocr_line' id='line_1_81' title="bbox 2157 3836 3725 3925; baseline -0.008 -17"><span class='ocrx_word' id='word_1_611' title='bbox 2157 3836 2416 3925; x_wconf 77' lang='lat' dir='ltr'><strong>iactantia</strong></span> <span class='ocrx_word' id='word_1_612' title='bbox 2469 3851 2663 3905; x_wconf 89' lang='lat' dir='ltr'><strong>aliena.</strong></span> <span class='ocrx_word' id='word_1_613' title='bbox 2715 3847 2841 3915; x_wconf 71' lang='lat' dir='ltr'><strong>Plus</strong></span> <span class='ocrx_word' id='word_1_614' title='bbox 2888 3849 3029 3904; x_wconf 91' lang='lat' dir='ltr'><strong>enim</strong></span> <span class='ocrx_word' id='word_1_615' title='bbox 3089 3844 3396 3902; x_wconf 83' lang='lat' dir='ltr'><strong>interiorem</strong></span> <span class='ocrx_word' id='word_1_616' title='bbox 3450 3844 3725 3898; x_wconf 88' lang='lat' dir='ltr'><strong>hominem</strong></span> 
     </span>
    </p>
   </div>
   <div class='ocr_carea' id='block_1_82' title="bbox 2162 3932 3730 4009">
    <p class='ocr_par' dir='ltr' id='par_1_82' title="bbox 2162 3932 3730 4009">
     <span class='ocr_line' id='line_1_82' title="bbox 2162 3932 3730 4009; baseline -0.009 -9"><span class='ocrx_word' id='word_1_617' title='bbox 2162 3944 2361 4001; x_wconf 88' lang='lat' dir='ltr'><strong>rustica</strong></span> <span class='ocrx_word' id='word_1_618' title='bbox 2389 3944 2647 3998; x_wconf 89' lang='lat' dir='ltr'><strong>montium</strong></span> <span class='ocrx_word' id='word_1_619' title='bbox 2682 3941 2932 4005; x_wconf 84' lang='lat' dir='ltr'><strong>solitudo,</strong></span> <span class='ocrx_word' id='word_1_620' title='bbox 2959 3955 3118 4009; x_wconf 89' lang='lat' dir='ltr'><strong>quam</strong></span> <span class='ocrx_word' id='word_1_621' title='bbox 3144 3937 3338 4006; x_wconf 78' lang='lat' dir='ltr'><strong>regalis</strong></span> <span class='ocrx_word' id='word_1_622' title='bbox 3360 3932 3571 3989; x_wconf 77' lang='lat' dir='ltr'><strong>urbium</strong></span> <span class='ocrx_word' id='word_1_623' title='bbox 3610 3934 3730 4004; x_wconf 85' lang='lat' dir='ltr'><strong>pul-</strong></span> 
     </span>
    </p>
   </div>
   <div class='ocr_carea' id='block_1_83' title="bbox 2162 4022 3725 4096">
    <p class='ocr_par' dir='ltr' id='par_1_83' title="bbox 2162 4022 3725 4096">
     <span class='ocr_line' id='line_1_83' title="bbox 2162 4022 3725 4096; baseline -0.01 -4"><span class='ocrx_word' id='word_1_624' title='bbox 2162 4035 2408 4092; x_wconf 87' lang='lat' dir='ltr'><strong>chritudo</strong></span> <span class='ocrx_word' id='word_1_625' title='bbox 2450 4022 2698 4096; x_wconf 85' lang='lat' dir='ltr'><strong>delectat,</strong></span> <span class='ocrx_word' id='word_1_626' title='bbox 2748 4032 2837 4085; x_wconf 83' lang='lat' dir='ltr'><strong>tibi</strong></span> <span class='ocrx_word' id='word_1_627' title='bbox 2881 4031 3022 4084; x_wconf 89' lang='lat' dir='ltr'><strong>nulla</strong></span> <span class='ocrx_word' id='word_1_628' title='bbox 3073 4028 3285 4082; x_wconf 87' lang='lat' dir='ltr'><strong>liventis</strong></span> <span class='ocrx_word' id='word_1_629' title='bbox 3324 4026 3522 4081; x_wconf 77' lang='lat' dir='ltr'><strong>invidia</strong></span> <span class='ocrx_word' id='word_1_630' title='bbox 3574 4032 3725 4086; x_wconf 81' lang='lat' dir='ltr'><strong>tran-</strong></span> 
     </span>
    </p>
   </div>
   <div class='ocr_carea' id='block_1_84' title="bbox 2167 4103 3728 4195">
    <p class='ocr_par' dir='ltr' id='par_1_84' title="bbox 2167 4103 3728 4195">
     <span class='ocr_line' id='line_1_84' title="bbox 2167 4103 3728 4195; baseline -0.01 -17"><span class='ocrx_word' id='word_1_631' title='bbox 2167 4124 2387 4195; x_wconf 89' lang='lat' dir='ltr'><strong>quillum</strong></span> <span class='ocrx_word' id='word_1_632' title='bbox 2418 4128 2609 4192; x_wconf 82' lang='lat' dir='ltr'><strong>peetus</strong></span> <span class='ocrx_word' id='word_1_633' title='bbox 2639 4103 2796 4175; x_wconf 87' lang='lat' dir='ltr'><strong>hilari</strong></span> <span class='ocrx_word' id='word_1_634' title='bbox 2846 4118 3104 4172; x_wconf 88' lang='lat' dir='ltr'><strong>mentitur</strong></span> <span class='ocrx_word' id='word_1_635' title='bbox 3153 4115 3372 4178; x_wconf 88' lang='lat' dir='ltr'><strong>intuitu,</strong></span> <span class='ocrx_word' id='word_1_636' title='bbox 3409 4129 3508 4168; x_wconf 91' lang='lat' dir='ltr'><strong>nec</strong></span> <span class='ocrx_word' id='word_1_637' title='bbox 3557 4109 3728 4165; x_wconf 78' lang='lat' dir='ltr'><strong>fucati</strong></span> 
     </span>
    </p>
   </div>
   <div class='ocr_carea' id='block_1_85' title="bbox 2165 4203 3728 4272">
    <p class='ocr_par' dir='ltr' id='par_1_85' title="bbox 2165 4203 3728 4272">
     <span class='ocr_line' id='line_1_85' title="bbox 2165 4203 3728 4272; baseline -0.01 0"><span class='ocrx_word' id='word_1_638' title='bbox 2165 4216 2430 4272; x_wconf 87' lang='lat' dir='ltr'><strong>sermonis</strong></span> <span class='ocrx_word' id='word_1_639' title='bbox 2462 4212 2775 4268; x_wconf 87' lang='lat' dir='ltr'><strong>adumbrata</strong></span> <span class='ocrx_word' id='word_1_640' title='bbox 2799 4209 3074 4265; x_wconf 89' lang='lat' dir='ltr'><strong>blanditiis</strong></span> <span class='ocrx_word' id='word_1_641' title='bbox 3099 4207 3294 4262; x_wconf 81' lang='lat' dir='ltr'><strong>artifici</strong></span> <span class='ocrx_word' id='word_1_642' title='bbox 3317 4203 3518 4261; x_wconf 89' lang='lat' dir='ltr'><strong>scelere</strong></span> <span class='ocrx_word' id='word_1_643' title='bbox 3539 4210 3728 4258; x_wconf 88' lang='lat' dir='ltr'><strong>mutua</strong></span> 
     </span>
    </p>
   </div>
   <div class='ocr_carea' id='block_1_86' title="bbox 2167 4296 3730 4367">
    <p class='ocr_par' dir='ltr' id='par_1_86' title="bbox 2167 4296 3730 4367">
     <span class='ocr_line' id='line_1_86' title="bbox 2167 4296 3730 4367; baseline -0.01 -6"><span class='ocrx_word' id='word_1_644' title='bbox 2167 4307 2462 4363; x_wconf 87' lang='lat' dir='ltr'><strong>fabricatur</strong></span> <span class='ocrx_word' id='word_1_645' title='bbox 2505 4303 2720 4359; x_wconf 85' lang='lat' dir='ltr'><strong>astutia.</strong></span> <span class='ocrx_word' id='word_1_646' title='bbox 2758 4323 2775 4353; x_wconf 69' lang='grc' dir='ltr'><strong><em>ι</em></strong></span> <span class='ocrx_word' id='word_1_647' title='bbox 2811 4301 2940 4354; x_wconf 89' lang='lat' dir='ltr'><strong>Data</strong></span> <span class='ocrx_word' id='word_1_648' title='bbox 2969 4307 3050 4354; x_wconf 91' lang='lat' dir='ltr'><strong>est</strong></span> <span class='ocrx_word' id='word_1_649' title='bbox 3079 4301 3194 4354; x_wconf 68' lang='lat' dir='ltr'><strong>haec</strong></span> <span class='ocrx_word' id='word_1_650' title='bbox 3221 4296 3442 4367; x_wconf 88' lang='lat' dir='ltr'><strong>epistola</strong></span> <span class='ocrx_word' id='word_1_651' title='bbox 3480 4310 3545 4350; x_wconf 93' lang='lat' dir='ltr'><strong>eo</strong></span> <span class='ocrx_word' id='word_1_652' title='bbox 3591 4302 3730 4348; x_wconf 88' lang='lat' dir='ltr'><strong>tem-</strong></span> 
     </span>
    </p>
   </div>
   <div class='ocr_carea' id='block_1_87' title="bbox 2168 4385 3729 4470">
    <p class='ocr_par' dir='ltr' id='par_1_87' title="bbox 2168 4385 3729 4470">
     <span class='ocr_line' id='line_1_87' title="bbox 2168 4385 3729 4470; baseline -0.012 -15"><span class='ocrx_word' id='word_1_653' title='bbox 2168 4413 2298 4470; x_wconf 89' lang='lat' dir='ltr'><strong>pore</strong></span> <span class='ocrx_word' id='word_1_654' title='bbox 2345 4413 2452 4468; x_wconf 91' lang='lat' dir='ltr'><strong>quo</strong></span> <span class='ocrx_word' id='word_1_655' title='bbox 2479 4395 2736 4451; x_wconf 81' lang='lat' dir='ltr'><strong>bellorum</strong></span> <span class='ocrx_word' id='word_1_656' title='bbox 2782 4392 3039 4446; x_wconf 82' lang='lat' dir='ltr'><strong>tumultus</strong></span> <span class='ocrx_word' id='word_1_657' title='bbox 3067 4391 3379 4467; x_wconf 84' lang='lat' dir='ltr'><strong>Lotharium</strong></span> <span class='ocrx_word' id='word_1_658' title='bbox 3426 4393 3483 4442; x_wconf 89' lang='lat' dir='ltr'><strong>et</strong></span> <span class='ocrx_word' id='word_1_659' title='bbox 3528 4385 3729 4438; x_wconf 85' lang='lat' dir='ltr'><strong>fratres</strong></span> 
     </span>
    </p>
   </div>
   <div class='ocr_carea' id='block_1_88' title="bbox 583 4464 3729 4568">
    <p class='ocr_par' dir='ltr' id='par_1_88' title="bbox 583 4464 3729 4568">
     <span class='ocr_line' id='line_1_88' title="bbox 583 4464 3729 4568; baseline -0.003 -32"><span class='ocrx_word' id='word_1_660' title='bbox 583 4482 670 4536; x_wconf 76' lang='lat'><strong>9.5.</strong></span> <span class='ocrx_word' id='word_1_661' title='bbox 703 4481 850 4547; x_wconf 87' lang='lat' dir='ltr'><strong>Quod</strong></span> <span class='ocrx_word' id='word_1_662' title='bbox 893 4492 1152 4550; x_wconf 88' lang='lat' dir='ltr'><strong>superest,</strong></span> <span class='ocrx_word' id='word_1_663' title='bbox 1186 4482 1437 4539; x_wconf 84' lang='lat' dir='ltr'><strong>Rabanus</strong></span> <span class='ocrx_word' id='word_1_664' title='bbox 1466 4485 1630 4541; x_wconf 89' lang='lat' dir='ltr'><strong>abbas</strong></span> <span class='ocrx_word' id='word_1_665' title='bbox 1650 4501 1791 4542; x_wconf 89' lang='lat' dir='ltr'><strong>anno</strong></span> <span class='ocrx_word' id='word_1_666' title='bbox 1810 4488 1912 4543; x_wconf 78' lang='lat'><strong>858</strong></span> <span class='ocrx_word' id='word_1_667' title='bbox 1942 4487 2144 4568; x_wconf 81' lang='lat' dir='ltr'><strong>Hir-.D</strong></span> <span class='ocrx_word' id='word_1_668' title='bbox 2169 4464 2283 4556; x_wconf 79' lang='lat' dir='ltr'><strong>ejus</strong></span> <span class='ocrx_word' id='word_1_669' title='bbox 2308 4464 2381 4542; x_wconf 76' lang='lat' dir='ltr'><strong>de</strong></span> <span class='ocrx_word' id='word_1_670' title='bbox 2394 4501 2556 4556; x_wconf 88' lang='lat' dir='ltr'><strong>regno</strong></span> <span class='ocrx_word' id='word_1_671' title='bbox 2583 4484 2942 4552; x_wconf 89' lang='lat' dir='ltr'><strong>disceptantes</strong></span> <span class='ocrx_word' id='word_1_672' title='bbox 2962 4464 3213 4552; x_wconf 84' lang='lat' dir='ltr'><strong>agitabat,</strong></span> <span class='ocrx_word' id='word_1_673' title='bbox 3232 4487 3290 4533; x_wconf 90' lang='lat' dir='ltr'><strong>ut</strong></span> <span class='ocrx_word' id='word_1_674' title='bbox 3316 4473 3729 4568; x_wconf 33' lang='lat' dir='ltr'><strong>mitidiepistoltc</strong></span> 
     </span>
    </p>
   </div>
   <div class='ocr_carea' id='block_1_89' title="bbox 518 4571 2067 4645">
    <p class='ocr_par' dir='ltr' id='par_1_89' title="bbox 518 4571 2067 4645">
     <span class='ocr_line' id='line_1_89' title="bbox 518 4571 2067 4645; baseline 0.003 -19"><span class='ocrx_word' id='word_1_675' title='bbox 518 4571 753 4640; x_wconf 82' lang='lat' dir='ltr'><strong>saugiam</strong></span> <span class='ocrx_word' id='word_1_676' title='bbox 779 4571 921 4624; x_wconf 89' lang='lat' dir='ltr'><strong>misit</strong></span> <span class='ocrx_word' id='word_1_677' title='bbox 945 4571 1206 4625; x_wconf 90' lang='lat' dir='ltr'><strong>coloniam</strong></span> <span class='ocrx_word' id='word_1_678' title='bbox 1231 4575 1634 4639; x_wconf 89' lang='lat' dir='ltr'><strong>monachorum,</strong></span> <span class='ocrx_word' id='word_1_679' title='bbox 1649 4577 1740 4645; x_wconf 89' lang='lat' dir='ltr'><strong>qui</strong></span> <span class='ocrx_word' id='word_1_680' title='bbox 1764 4578 2067 4633; x_wconf 69' lang='lat' dir='ltr'><strong>caanobium</strong></span> 
     </span>
    </p>
   </div>
   <div class='ocr_carea' id='block_1_90' title="bbox 520 4659 2070 4738">
    <p class='ocr_par' dir='ltr' id='par_1_90' title="bbox 520 4659 2070 4738">
     <span class='ocr_line' id='line_1_90' title="bbox 520 4659 2070 4738; baseline 0.006 -25"><span class='ocrx_word' id='word_1_681' title='bbox 520 4661 584 4714; x_wconf 85' lang='lat' dir='ltr'><strong>ab</strong></span> <span class='ocrx_word' id='word_1_682' title='bbox 615 4659 874 4715; x_wconf 86' lang='lat' dir='ltr'><strong>Erlafrido</strong></span> <span class='ocrx_word' id='word_1_683' title='bbox 921 4663 1112 4716; x_wconf 90' lang='lat' dir='ltr'><strong>comite</strong></span> <span class='ocrx_word' id='word_1_684' title='bbox 1153 4663 1469 4717; x_wconf 87' lang='lat' dir='ltr'><strong>instructum</strong></span> <span class='ocrx_word' id='word_1_685' title='bbox 1507 4665 1817 4732; x_wconf 82' lang='lat' dir='ltr'><strong>incolerent,</strong></span> <span class='ocrx_word' id='word_1_686' title='bbox 1863 4683 2070 4738; x_wconf 67' lang='lat' dir='ltr'><strong>praepo-</strong></span> 
     </span>
    </p>
   </div>
   <div class='ocr_carea' id='block_1_91' title="bbox 519 4750 2071 4820">
    <p class='ocr_par' dir='ltr' id='par_1_91' title="bbox 519 4750 2071 4820">
     <span class='ocr_line' id='line_1_91' title="bbox 519 4750 2071 4820; baseline 0.003 -15"><span class='ocrx_word' id='word_1_687' title='bbox 519 4752 621 4805; x_wconf 90' lang='lat' dir='ltr'><strong>sito</strong></span> <span class='ocrx_word' id='word_1_688' title='bbox 650 4751 726 4804; x_wconf 92' lang='lat' dir='ltr'><strong>eis</strong></span> <span class='ocrx_word' id='word_1_689' title='bbox 755 4750 1010 4819; x_wconf 90' lang='lat' dir='ltr'><strong>discipulo</strong></span> <span class='ocrx_word' id='word_1_690' title='bbox 1048 4766 1144 4805; x_wconf 90' lang='lat' dir='ltr'><strong>suo</strong></span> <span class='ocrx_word' id='word_1_691' title='bbox 1179 4750 1453 4808; x_wconf 87' lang='lat' dir='ltr'><strong>Liutberto</strong></span> <span class='ocrx_word' id='word_1_692' title='bbox 1498 4755 1710 4820; x_wconf 84' lang='lat' dir='ltr'><strong>abbate,</strong></span> <span class='ocrx_word' id='word_1_693' title='bbox 1755 4757 1831 4810; x_wconf 89' lang='lat' dir='ltr'><strong>uti</strong></span> <span class='ocrx_word' id='word_1_694' title='bbox 1863 4756 2071 4811; x_wconf 77' lang='lat' dir='ltr'><strong>Trithe—</strong></span> 
     </span>
    </p>
   </div>
   <div class='ocr_carea' id='block_1_92' title="bbox 522 4842 1750 4912">
    <p class='ocr_par' dir='ltr' id='par_1_92' title="bbox 522 4842 1750 4912">
     <span class='ocr_line' id='line_1_92' title="bbox 522 4842 1750 4912; baseline 0.002 -15"><span class='ocrx_word' id='word_1_695' title='bbox 522 4844 659 4897; x_wconf 86' lang='lat' dir='ltr'><strong>mius</strong></span> <span class='ocrx_word' id='word_1_696' title='bbox 691 4843 741 4895; x_wconf 89' lang='lat' dir='ltr'><strong>in</strong></span> <span class='ocrx_word' id='word_1_697' title='bbox 764 4842 991 4897; x_wconf 87' lang='lat' dir='ltr'><strong>Historia</strong></span> <span class='ocrx_word' id='word_1_698' title='bbox 1015 4843 1376 4912; x_wconf 84' lang='lat' dir='ltr'><strong>llirsaugiensi</strong></span> <span class='ocrx_word' id='word_1_699' title='bbox 1405 4842 1571 4899; x_wconf 88' lang='lat' dir='ltr'><strong>fusius</strong></span> <span class='ocrx_word' id='word_1_700' title='bbox 1595 4846 1750 4900; x_wconf 90' lang='lat' dir='ltr'><strong>docet</strong></span> 
     </span>
    </p>
   </div>
   <div class='ocr_carea' id='block_1_93' title="bbox 590 4932 2071 5006">
    <p class='ocr_par' dir='ltr' id='par_1_93' title="bbox 590 4932 2071 5006">
     <span class='ocr_line' id='line_1_93' title="bbox 590 4932 2071 5006; baseline 0.005 -20"><span class='ocrx_word' id='word_1_701' title='bbox 590 4933 676 4986; x_wconf 69' lang='lat'><strong>‘24.</strong></span> <span class='ocrx_word' id='word_1_702' title='bbox 708 4951 724 4982; x_wconf 84' lang='grc'><em>‹</em></span> <span class='ocrx_word' id='word_1_703' title='bbox 760 4934 911 4987; x_wconf 79' lang='lat' dir='ltr'><strong>Anno</strong></span> <span class='ocrx_word' id='word_1_704' title='bbox 938 4933 1059 4998; x_wconf 74' lang='grc'><strong>842,</strong></span> <span class='ocrx_word' id='word_1_705' title='bbox 1107 4933 1280 5002; x_wconf 88' lang='lat' dir='ltr'><strong>inquit</strong></span> <span class='ocrx_word' id='word_1_706' title='bbox 1305 4932 1619 4988; x_wconf 86' lang='lat' dir='ltr'><strong>Lambertus</strong></span> <span class='ocrx_word' id='word_1_707' title='bbox 1647 4933 2071 5006; x_wconf 81' lang='lat' dir='ltr'><strong>Scafnaburgen-</strong></span> 
     </span>
    </p>
   </div>
   <div class='ocr_carea' id='block_1_94' title="bbox 524 5020 2072 5090">
    <p class='ocr_par' dir='ltr' id='par_1_94' title="bbox 524 5020 2072 5090">
     <span class='ocr_line' id='line_1_94' title="bbox 524 5020 2072 5090; baseline 0.004 -16"><span class='ocrx_word' id='word_1_708' title='bbox 524 5021 616 5084; x_wconf 91' lang='lat' dir='ltr'><strong>sis,</strong></span> <span class='ocrx_word' id='word_1_709' title='bbox 661 5020 963 5074; x_wconf 87' lang='lat' dir='ltr'><strong>Liutharius</strong></span> <span class='ocrx_word' id='word_1_710' title='bbox 995 5021 1244 5089; x_wconf 70' lang='lat' dir='ltr'><strong>expulsus</strong></span> <span class='ocrx_word' id='word_1_711' title='bbox 1280 5031 1363 5075; x_wconf 90' lang='lat' dir='ltr'><strong>est</strong></span> <span class='ocrx_word' id='word_1_712' title='bbox 1402 5037 1432 5074; x_wconf 89' lang='lat' dir='ltr'><strong>a</strong></span> <span class='ocrx_word' id='word_1_713' title='bbox 1459 5037 1654 5090; x_wconf 65' lang='lat' dir='ltr'><strong>regno.</strong></span> <span class='ocrx_word' id='word_1_714' title='bbox 1679 5033 1735 5078; x_wconf 92' lang='lat' dir='ltr'><strong>et</strong></span> <span class='ocrx_word' id='word_1_715' title='bbox 1763 5024 1947 5080; x_wconf 79' lang='lat' dir='ltr'><strong>Raban</strong></span> <span class='ocrx_word' id='word_1_716' title='bbox 1979 5027 2072 5080; x_wconf 88' lang='lat' dir='ltr'><strong>ab-</strong></span> 
     </span>
    </p>
   </div>
   <div class='ocr_carea' id='block_1_95' title="bbox 525 5110 2074 5186">
    <p class='ocr_par' dir='ltr' id='par_1_95' title="bbox 525 5110 2074 5186">
     <span class='ocr_line' id='line_1_95' title="bbox 525 5110 2074 5186; baseline 0.005 -24"><span class='ocrx_word' id='word_1_717' title='bbox 525 5112 622 5163; x_wconf 84' lang='lat' dir='ltr'><strong>bas</strong></span> <span class='ocrx_word' id='word_1_718' title='bbox 640 5111 702 5163; x_wconf 90' lang='lat' dir='ltr'><strong>de</strong></span> <span class='ocrx_word' id='word_1_719' title='bbox 734 5111 1073 5175; x_wconf 89' lang='lat' dir='ltr'><strong>monasterio,</strong></span> <span class='ocrx_word' id='word_1_720' title='bbox 1119 5126 1239 5164; x_wconf 92' lang='lat' dir='ltr'><strong>cum</strong></span> <span class='ocrx_word' id='word_1_721' title='bbox 1283 5110 1407 5171; x_wconf 87' lang='lat' dir='ltr'><strong>illud</strong></span> <span class='ocrx_word' id='word_1_722' title='bbox 1436 5127 1531 5181; x_wconf 90' lang='lat' dir='ltr'><strong>per</strong></span> <span class='ocrx_word' id='word_1_723' title='bbox 1559 5129 1727 5169; x_wconf 90' lang='lat' dir='ltr'><strong>annos</strong></span> <span class='ocrx_word' id='word_1_724' title='bbox 1759 5116 1946 5186; x_wconf 86' lang='lat' dir='ltr'><strong>viginti</strong></span> <span class='ocrx_word' id='word_1_725' title='bbox 1978 5132 2074 5170; x_wconf 88' lang='lat' dir='ltr'><strong>no-</strong></span> 
     </span>
    </p>
   </div>
   <div class='ocr_carea' id='block_1_96' title="bbox 526 5202 2074 5268">
    <p class='ocr_par' dir='ltr' id='par_1_96' title="bbox 526 5202 2074 5268">
     <span class='ocr_line' id='line_1_96' title="bbox 526 5202 2074 5268; baseline 0.005 -13"><span class='ocrx_word' id='word_1_726' title='bbox 526 5204 701 5256; x_wconf 87' lang='lat' dir='ltr'><strong>biliter</strong></span> <span class='ocrx_word' id='word_1_727' title='bbox 738 5205 981 5268; x_wconf 80' lang='lat' dir='ltr'><strong>rexisset,</strong></span> <span class='ocrx_word' id='word_1_728' title='bbox 1014 5223 1030 5254; x_wconf 75' lang='grc' dir='ltr'><strong><em>ι</em></strong></span> <span class='ocrx_word' id='word_1_729' title='bbox 1058 5217 1122 5256; x_wconf 80' lang='lat' dir='ltr'><strong>ex</strong></span> <span class='ocrx_word' id='word_1_730' title='bbox 1149 5202 1390 5258; x_wconf 80' lang='lat' dir='ltr'><strong>Rudolfo.</strong></span> <span class='ocrx_word' id='word_1_731' title='bbox 1432 5204 1486 5258; x_wconf 88' lang='lat' dir='ltr'><strong>Id</strong></span> <span class='ocrx_word' id='word_1_732' title='bbox 1517 5204 1715 5259; x_wconf 89' lang='lat' dir='ltr'><strong>factum</strong></span> <span class='ocrx_word' id='word_1_733' title='bbox 1745 5207 2074 5262; x_wconf 89' lang='lat' dir='ltr'><strong>dissensione</strong></span> 
     </span>
    </p>
   </div>
   <div class='ocr_carea' id='block_1_97' title="bbox 523 5294 2071 5365">
    <p class='ocr_par' dir='ltr' id='par_1_97' title="bbox 523 5294 2071 5365">
     <span class='ocr_line' id='line_1_97' title="bbox 523 5294 2071 5365; baseline 0.001 -17"><span class='ocrx_word' id='word_1_734' title='bbox 523 5295 903 5348; x_wconf 78' lang='lat' dir='ltr'><strong>monachorum</strong></span> <span class='ocrx_word' id='word_1_735' title='bbox 967 5294 1295 5348; x_wconf 88' lang='lat' dir='ltr'><strong>Trithemius</strong></span> <span class='ocrx_word' id='word_1_736' title='bbox 1359 5309 1421 5348; x_wconf 84' lang='lat' dir='ltr'><strong>ex</strong></span> <span class='ocrx_word' id='word_1_737' title='bbox 1499 5294 1812 5365; x_wconf 78' lang='lat' dir='ltr'><strong>Meginfrido</strong></span> <span class='ocrx_word' id='word_1_738' title='bbox 1867 5298 2071 5351; x_wconf 87' lang='lat' dir='ltr'><strong>tradit:</strong></span> 
     </span>
    </p>
   </div>
   <div class='ocr_carea' id='block_1_98' title="bbox 531 5380 2076 5452">
    <p class='ocr_par' dir='ltr' id='par_1_98' title="bbox 531 5380 2076 5452">
     <span class='ocr_line' id='line_1_98' title="bbox 531 5380 2076 5452; baseline 0.003 -19"><span class='ocrx_word' id='word_1_739' title='bbox 531 5399 549 5433; x_wconf 78' lang='grc' dir='ltr'><strong><em>ι</em></strong></span> <span class='ocrx_word' id='word_1_740' title='bbox 577 5380 732 5434; x_wconf 80' lang='lat' dir='ltr'><strong>Anno</strong></span> <span class='ocrx_word' id='word_1_741' title='bbox 767 5383 1056 5436; x_wconf 90' lang='lat' dir='ltr'><strong>nativitatis</strong></span> <span class='ocrx_word' id='word_1_742' title='bbox 1107 5381 1222 5451; x_wconf 86' lang='lat' dir='ltr'><strong>ejus</strong></span> <span class='ocrx_word' id='word_1_743' title='bbox 1263 5382 1701 5451; x_wconf 86' lang='lat' dir='ltr'><strong>quinquagesimo</strong></span> <span class='ocrx_word' id='word_1_744' title='bbox 1738 5383 1985 5452; x_wconf 88' lang='lat' dir='ltr'><strong>septimo,</strong></span> <span class='ocrx_word' id='word_1_745' title='bbox 2015 5391 2076 5438; x_wconf 88' lang='lat' dir='ltr'><strong>ut</strong></span> 
     </span>
    </p>
   </div>
   <div class='ocr_carea' id='block_1_99' title="bbox 529 5462 2068 5540">
    <p class='ocr_par' dir='ltr' id='par_1_99' title="bbox 529 5462 2068 5540">
     <span class='ocr_line' id='line_1_99' title="bbox 529 5462 2068 5540; baseline 0.001 -16"><span class='ocrx_word' id='word_1_746' title='bbox 529 5469 867 5540; x_wconf 76' lang='lat' dir='ltr'><strong>Meginfridus</strong></span> <span class='ocrx_word' id='word_1_747' title='bbox 924 5470 1102 5524; x_wconf 65' lang='lat' dir='ltr'><strong>Fuldte</strong></span> <span class='ocrx_word' id='word_1_748' title='bbox 1155 5483 1336 5539; x_wconf 90' lang='lat' dir='ltr'><strong>postea</strong></span> <span class='ocrx_word' id='word_1_749' title='bbox 1391 5462 1682 5526; x_wconf 75' lang='lat' dir='ltr'><strong>mbnachus</strong></span> <span class='ocrx_word' id='word_1_750' title='bbox 1727 5481 1810 5528; x_wconf 88' lang='lat' dir='ltr'><strong>est</strong></span> <span class='ocrx_word' id='word_1_751' title='bbox 1860 5462 2068 5537; x_wconf 84' lang='lat' dir='ltr'><strong>auctor,</strong></span> 
     </span>
    </p>
   </div>
   <div class='ocr_carea' id='block_1_100' title="bbox 429 5559 2076 5632">
    <p class='ocr_par' dir='ltr' id='par_1_100' title="bbox 429 5559 2076 5632">
     <span class='ocr_line' id='line_1_100' title="bbox 429 5559 2076 5632; baseline 0.002 -18"><span class='ocrx_word' id='word_1_752' title='bbox 429 5629 433 5631; x_wconf 13' lang='grc' dir='ltr'><strong>Α</strong></span> <span class='ocrx_word' id='word_1_753' title='bbox 526 5559 664 5614; x_wconf 77' lang='lat' dir='ltr'><strong>facta</strong></span> <span class='ocrx_word' id='word_1_754' title='bbox 713 5567 796 5614; x_wconf 88' lang='lat' dir='ltr'><strong>est</strong></span> <span class='ocrx_word' id='word_1_755' title='bbox 837 5561 975 5613; x_wconf 91' lang='lat' dir='ltr'><strong>inter</strong></span> <span class='ocrx_word' id='word_1_756' title='bbox 1002 5575 1120 5614; x_wconf 91' lang='lat' dir='ltr'><strong>eum</strong></span> <span class='ocrx_word' id='word_1_757' title='bbox 1168 5570 1221 5615; x_wconf 91' lang='lat' dir='ltr'><strong>et</strong></span> <span class='ocrx_word' id='word_1_758' title='bbox 1269 5561 1552 5616; x_wconf 84' lang='lat' dir='ltr'><strong>Monachus</strong></span> <span class='ocrx_word' id='word_1_759' title='bbox 1597 5564 1733 5632; x_wconf 76' lang='lat' dir='ltr'><strong>ejus,-</strong></span> <span class='ocrx_word' id='word_1_760' title='bbox 1759 5561 2076 5618; x_wconf 86' lang='lat' dir='ltr'><strong>sollicitante</strong></span> 
     </span>
    </p>
   </div>
   <div class='ocr_carea' id='block_1_101' title="bbox 532 5653 2075 5725">
    <p class='ocr_par' dir='ltr' id='par_1_101' title="bbox 532 5653 2075 5725">
     <span class='ocr_line' id='line_1_101' title="bbox 532 5653 2075 5725; baseline 0.002 -20"><span class='ocrx_word' id='word_1_761' title='bbox 532 5653 755 5715; x_wconf 73' lang='lat' dir='ltr'><strong>diabolo,</strong></span> <span class='ocrx_word' id='word_1_762' title='bbox 783 5653 959 5721; x_wconf 82' lang='lat' dir='ltr'><strong>gravis</strong></span> <span class='ocrx_word' id='word_1_763' title='bbox 1007 5653 1243 5725; x_wconf 73' lang='lat' dir='ltr'><strong>qumdam</strong></span> <span class='ocrx_word' id='word_1_764' title='bbox 1279 5661 1334 5707; x_wconf 91' lang='lat' dir='ltr'><strong>ct</strong></span> <span class='ocrx_word' id='word_1_765' title='bbox 1376 5654 1563 5708; x_wconf 88' lang='lat' dir='ltr'><strong>nociva</strong></span> <span class='ocrx_word' id='word_1_766' title='bbox 1597 5655 1877 5718; x_wconf 82' lang='lat' dir='ltr'><strong>dissensio,</strong></span> <span class='ocrx_word' id='word_1_767' title='bbox 1925 5653 2075 5722; x_wconf 87' lang='lat' dir='ltr'><strong>cujus</strong></span> 
     </span>
    </p>
   </div>
   <div class='ocr_carea' id='block_1_102' title="bbox 530 5745 2074 5815">
    <p class='ocr_par' dir='ltr' id='par_1_102' title="bbox 530 5745 2074 5815">
     <span class='ocr_line' id='line_1_102' title="bbox 530 5745 2074 5815; baseline 0 -15"><span class='ocrx_word' id='word_1_768' title='bbox 530 5753 705 5800; x_wconf 76' lang='lat' dir='ltr'><strong>tamen</strong></span> <span class='ocrx_word' id='word_1_769' title='bbox 737 5760 953 5801; x_wconf 87' lang='lat' dir='ltr'><strong>causam</strong></span> <span class='ocrx_word' id='word_1_770' title='bbox 984 5764 1088 5802; x_wconf 88' lang='lat' dir='ltr'><strong>non</strong></span> <span class='ocrx_word' id='word_1_771' title='bbox 1116 5747 1393 5815; x_wconf 76' lang='lat' dir='ltr'><strong>expressit.</strong></span> <span class='ocrx_word' id='word_1_772' title='bbox 1417 5745 1587 5812; x_wconf 86' lang='lat' dir='ltr'><strong>Quam</strong></span> <span class='ocrx_word' id='word_1_773' title='bbox 1626 5747 1924 5805; x_wconf 86' lang='lat' dir='ltr'><strong>Ludovicus</strong></span> <span class='ocrx_word' id='word_1_774' title='bbox 1943 5745 2074 5801; x_wconf 87' lang='lat' dir='ltr'><strong>Ger-</strong></span> 
     </span>
    </p>
   </div>
   <div class='ocr_carea' id='block_1_103' title="bbox 2167 4563 3732 4645">
    <p class='ocr_par' dir='ltr' id='par_1_103' title="bbox 2167 4563 3732 4645">
     <span class='ocr_line' id='line_1_103' title="bbox 2167 4563 3732 4645; baseline -0.012 -11"><span class='ocrx_word' id='word_1_775' title='bbox 2167 4578 2453 4634; x_wconf 86' lang='lat' dir='ltr'><strong>Lotharius</strong></span> <span class='ocrx_word' id='word_1_776' title='bbox 2486 4573 2770 4645; x_wconf 85' lang='lat' dir='ltr'><strong>significat.</strong></span> <span class='ocrx_word' id='word_1_777' title='bbox 2795 4573 3039 4642; x_wconf 73' lang='lat' dir='ltr'><strong>&#39;Tempus</strong></span> <span class='ocrx_word' id='word_1_778' title='bbox 3078 4570 3284 4624; x_wconf 91' lang='lat' dir='ltr'><strong>dimissi</strong></span> <span class='ocrx_word' id='word_1_779' title='bbox 3330 4565 3604 4637; x_wconf 87' lang='lat' dir='ltr'><strong>regiminis</strong></span> <span class='ocrx_word' id='word_1_780' title='bbox 3644 4563 3732 4616; x_wconf 90' lang='lat' dir='ltr'><strong>vir</strong></span> 
     </span>
    </p>
   </div>
   <div class='ocr_carea' id='block_1_104' title="bbox 2168 4654 3732 4740">
    <p class='ocr_par' dir='ltr' id='par_1_104' title="bbox 2168 4654 3732 4740">
     <span class='ocr_line' id='line_1_104' title="bbox 2168 4654 3732 4740; baseline -0.012 -15"><span class='ocrx_word' id='word_1_781' title='bbox 2168 4684 2374 4740; x_wconf 72' lang='lat' dir='ltr'><strong>magna:</strong></span> <span class='ocrx_word' id='word_1_782' title='bbox 2398 4667 2712 4722; x_wconf 88' lang='lat' dir='ltr'><strong>eruditionis</strong></span> <span class='ocrx_word' id='word_1_783' title='bbox 2737 4662 3038 4733; x_wconf 87' lang='lat' dir='ltr'><strong>Stephanus</strong></span> <span class='ocrx_word' id='word_1_784' title='bbox 3075 4661 3319 4715; x_wconf 86' lang='lat' dir='ltr'><strong>Baluzius</strong></span> <span class='ocrx_word' id='word_1_785' title='bbox 3359 4665 3504 4712; x_wconf 88' lang='lat' dir='ltr'><strong>recte</strong></span> <span class='ocrx_word' id='word_1_786' title='bbox 3539 4654 3732 4710; x_wconf 88' lang='lat' dir='ltr'><strong>statuit</strong></span> 
     </span>
    </p>
   </div>
   <div class='ocr_carea' id='block_1_105' title="bbox 2170 4746 3734 4826">
    <p class='ocr_par' dir='ltr' id='par_1_105' title="bbox 2170 4746 3734 4826">
     <span class='ocr_line' id='line_1_105' title="bbox 2170 4746 3734 4826; baseline -0.012 -10"><span class='ocrx_word' id='word_1_787' title='bbox 2170 4763 2222 4816; x_wconf 90' lang='lat' dir='ltr'><strong>in</strong></span> <span class='ocrx_word' id='word_1_788' title='bbox 2248 4761 2386 4815; x_wconf 88' lang='lat' dir='ltr'><strong>notis</strong></span> <span class='ocrx_word' id='word_1_789' title='bbox 2407 4759 2474 4812; x_wconf 90' lang='lat' dir='ltr'><strong>ad</strong></span> <span class='ocrx_word' id='word_1_790' title='bbox 2501 4757 2636 4826; x_wconf 90' lang='lat' dir='ltr'><strong>Lupi</strong></span> <span class='ocrx_word' id='word_1_791' title='bbox 2657 4754 2935 4824; x_wconf 90' lang='lat' dir='ltr'><strong>epistolam</strong></span> <span class='ocrx_word' id='word_1_792' title='bbox 2962 4752 3050 4817; x_wconf 70' lang='lat'><strong>40,</strong></span> <span class='ocrx_word' id='word_1_793' title='bbox 3074 4761 3186 4806; x_wconf 90' lang='lat' dir='ltr'><strong>tum</strong></span> <span class='ocrx_word' id='word_1_794' title='bbox 3215 4765 3280 4805; x_wconf 64' lang='lat' dir='ltr'><strong>ex</strong></span> <span class='ocrx_word' id='word_1_795' title='bbox 3307 4764 3444 4802; x_wconf 86' lang='lat' dir='ltr'><strong>anno</strong></span> <span class='ocrx_word' id='word_1_796' title='bbox 3466 4746 3588 4811; x_wconf 72' lang='lat'><strong>822,</strong></span> <span class='ocrx_word' id='word_1_797' title='bbox 3619 4759 3734 4814; x_wconf 85' lang='lat' dir='ltr'><strong>quo</strong></span> 
     </span>
    </p>
   </div>
   <div class='ocr_carea' id='block_1_106' title="bbox 2168 4835 3730 4916">
    <p class='ocr_par' dir='ltr' id='par_1_106' title="bbox 2168 4835 3730 4916">
     <span class='ocr_line' id='line_1_106' title="bbox 2168 4835 3730 4916; baseline -0.012 -9"><span class='ocrx_word' id='word_1_798' title='bbox 2168 4853 2355 4908; x_wconf 90' lang='lat' dir='ltr'><strong>initam</strong></span> <span class='ocrx_word' id='word_1_799' title='bbox 2381 4867 2410 4904; x_wconf 93' lang='lat' dir='ltr'><strong>a</strong></span> <span class='ocrx_word' id='word_1_800' title='bbox 2436 4850 2657 4903; x_wconf 78' lang='lat' dir='ltr'><strong>Rabano</strong></span> <span class='ocrx_word' id='word_1_801' title='bbox 2683 4846 2994 4916; x_wconf 86' lang='lat' dir='ltr'><strong>dignitatem</strong></span> <span class='ocrx_word' id='word_1_802' title='bbox 3025 4841 3345 4897; x_wconf 89' lang='lat' dir='ltr'><strong>abhatialem</strong></span> <span class='ocrx_word' id='word_1_803' title='bbox 3383 4841 3575 4893; x_wconf 87' lang='lat' dir='ltr'><strong>docent</strong></span> <span class='ocrx_word' id='word_1_804' title='bbox 3611 4835 3730 4889; x_wconf 86' lang='lat' dir='ltr'><strong>An-</strong></span> 
     </span>
    </p>
   </div>
   <div class='ocr_carea' id='block_1_107' title="bbox 2171 4921 3734 5003">
    <p class='ocr_par' dir='ltr' id='par_1_107' title="bbox 2171 4921 3734 5003">
     <span class='ocr_line' id='line_1_107' title="bbox 2171 4921 3734 5003; baseline -0.013 -5"><span class='ocrx_word' id='word_1_805' title='bbox 2171 4942 2317 4998; x_wconf 87' lang='lat' dir='ltr'><strong>nales</strong></span> <span class='ocrx_word' id='word_1_806' title='bbox 2342 4941 2653 5003; x_wconf 87' lang='lat' dir='ltr'><strong>Fuldenses,</strong></span> <span class='ocrx_word' id='word_1_807' title='bbox 2697 4946 2807 4992; x_wconf 90' lang='lat' dir='ltr'><strong>tum</strong></span> <span class='ocrx_word' id='word_1_808' title='bbox 2839 4953 2904 4991; x_wconf 81' lang='lat' dir='ltr'><strong>ex</strong></span> <span class='ocrx_word' id='word_1_809' title='bbox 2931 4934 3103 5003; x_wconf 89' lang='lat' dir='ltr'><strong>spatio</strong></span> <span class='ocrx_word' id='word_1_810' title='bbox 3141 4931 3325 5000; x_wconf 87' lang='lat' dir='ltr'><strong>viginti</strong></span> <span class='ocrx_word' id='word_1_811' title='bbox 3338 4921 3612 4983; x_wconf 37' lang='lat' dir='ltr'><strong>‘annorum</strong></span> <span class='ocrx_word' id='word_1_812' title='bbox 3645 4941 3734 4979; x_wconf 85' lang='lat' dir='ltr'><strong>re-</strong></span> 
     </span>
    </p>
   </div>
   <div class='ocr_carea' id='block_1_108' title="bbox 2172 5015 3735 5103">
    <p class='ocr_par' dir='ltr' id='par_1_108' title="bbox 2172 5015 3735 5103">
     <span class='ocr_line' id='line_1_108' title="bbox 2172 5015 3735 5103; baseline -0.013 -17"><span class='ocrx_word' id='word_1_813' title='bbox 2172 5018 2565 5103; x_wconf 33' lang='lat' dir='ltr'><strong>giminisfquos</strong></span> <span class='ocrx_word' id='word_1_814' title='bbox 2587 5028 2685 5097; x_wconf 90' lang='lat' dir='ltr'><strong>ipsi</strong></span> <span class='ocrx_word' id='word_1_815' title='bbox 2719 5024 2972 5079; x_wconf 81' lang='lat' dir='ltr'><strong>Rudolfus</strong></span> <span class='ocrx_word' id='word_1_816' title='bbox 3000 5024 3234 5090; x_wconf 85' lang='lat' dir='ltr'><strong>assignat</strong></span> <span class='ocrx_word' id='word_1_817' title='bbox 3269 5033 3438 5088; x_wconf 86' lang='lat' dir='ltr'><strong>usque</strong></span> <span class='ocrx_word' id='word_1_818' title='bbox 3472 5017 3536 5070; x_wconf 91' lang='lat' dir='ltr'><strong>ad</strong></span> <span class='ocrx_word' id='word_1_819' title='bbox 3565 5015 3735 5082; x_wconf 84' lang='lat' dir='ltr'><strong>depo-</strong></span> 
     </span>
    </p>
   </div>
   <div class='ocr_carea' id='block_1_109' title="bbox 2173 5104 3737 5187">
    <p class='ocr_par' dir='ltr' id='par_1_109' title="bbox 2173 5104 3737 5187">
     <span class='ocr_line' id='line_1_109' title="bbox 2173 5104 3737 5187; baseline -0.013 -12"><span class='ocrx_word' id='word_1_820' title='bbox 2173 5122 2420 5176; x_wconf 84' lang='lat' dir='ltr'><strong>sitionem</strong></span> <span class='ocrx_word' id='word_1_821' title='bbox 2452 5133 2592 5173; x_wconf 71' lang='lat' dir='ltr'><strong>cum</strong></span> <span class='ocrx_word' id='word_1_822' title='bbox 2620 5116 2920 5187; x_wconf 89' lang='lat' dir='ltr'><strong>pastoralis.</strong></span> <span class='ocrx_word' id='word_1_823' title='bbox 2961 5104 3276 5182; x_wconf 80' lang='lat' dir='ltr'><strong>Repugnare</strong></span> <span class='ocrx_word' id='word_1_824' title='bbox 3306 5117 3480 5162; x_wconf 88' lang='lat' dir='ltr'><strong>tamen</strong></span> <span class='ocrx_word' id='word_1_825' title='bbox 3515 5105 3737 5158; x_wconf 82' lang='lat' dir='ltr'><strong>videtur</strong></span> 
     </span>
    </p>
   </div>
   <div class='ocr_carea' id='block_1_110' title="bbox 2171 5195 3738 5270">
    <p class='ocr_par' dir='ltr' id='par_1_110' title="bbox 2171 5195 3738 5270">
     <span class='ocr_line' id='line_1_110' title="bbox 2171 5195 3738 5270; baseline -0.011 -7"><span class='ocrx_word' id='word_1_826' title='bbox 2171 5219 2326 5265; x_wconf 90' lang='lat' dir='ltr'><strong>vetus</strong></span> <span class='ocrx_word' id='word_1_827' title='bbox 2354 5208 2601 5262; x_wconf 89' lang='lat' dir='ltr'><strong>abbatum</strong></span> <span class='ocrx_word' id='word_1_828' title='bbox 2636 5204 2981 5259; x_wconf 86' lang='lat' dir='ltr'><strong>Fuldensium</strong></span> <span class='ocrx_word' id='word_1_829' title='bbox 3014 5201 3285 5270; x_wconf 89' lang='lat' dir='ltr'><strong>catalogus</strong></span> <span class='ocrx_word' id='word_1_830' title='bbox 3331 5212 3489 5250; x_wconf 91' lang='lat' dir='ltr'><strong>manu</strong></span> <span class='ocrx_word' id='word_1_831' title='bbox 3527 5195 3738 5248; x_wconf 77' lang='lat' dir='ltr'><strong>descri~</strong></span> 
     </span>
    </p>
   </div>
   <div class='ocr_carea' id='block_1_111' title="bbox 2171 5286 3735 5368">
    <p class='ocr_par' dir='ltr' id='par_1_111' title="bbox 2171 5286 3735 5368">
     <span class='ocr_line' id='line_1_111' title="bbox 2171 5286 3735 5368; baseline -0.012 -15"><span class='ocrx_word' id='word_1_832' title='bbox 2171 5307 2316 5368; x_wconf 85' lang='lat' dir='ltr'><strong>plus,</strong></span> <span class='ocrx_word' id='word_1_833' title='bbox 2356 5297 2549 5351; x_wconf 90' lang='lat' dir='ltr'><strong>citatus</strong></span> <span class='ocrx_word' id='word_1_834' title='bbox 2582 5310 2612 5348; x_wconf 89' lang='lat' dir='ltr'><strong>a</strong></span> <span class='ocrx_word' id='word_1_835' title='bbox 2641 5295 2890 5348; x_wconf 84' lang='lat' dir='ltr'><strong>Browero</strong></span> <span class='ocrx_word' id='word_1_836' title='bbox 2917 5293 2968 5345; x_wconf 90' lang='lat' dir='ltr'><strong>in</strong></span> <span class='ocrx_word' id='word_1_837' title='bbox 3011 5291 3154 5344; x_wconf 90' lang='lat' dir='ltr'><strong>notis</strong></span> <span class='ocrx_word' id='word_1_838' title='bbox 3188 5289 3254 5342; x_wconf 90' lang='lat' dir='ltr'><strong>ad</strong></span> <span class='ocrx_word' id='word_1_839' title='bbox 3282 5286 3484 5340; x_wconf 80' lang='lat' dir='ltr'><strong>Rabani</strong></span> <span class='ocrx_word' id='word_1_840' title='bbox 3534 5299 3735 5353; x_wconf 87' lang='lat' dir='ltr'><strong>poema</strong></span> 
     </span>
    </p>
   </div>
   <div class='ocr_carea' id='block_1_112' title="bbox 2174 5373 3737 5454">
    <p class='ocr_par' dir='ltr' id='par_1_112' title="bbox 2174 5373 3737 5454">
     <span class='ocr_line' id='line_1_112' title="bbox 2174 5373 3737 5454; baseline -0.012 -13"><span class='ocrx_word' id='word_1_841' title='bbox 2174 5388 2274 5453; x_wconf 76' lang='lat'><strong>28;</strong></span> <span class='ocrx_word' id='word_1_842' title='bbox 2304 5402 2408 5454; x_wconf 90' lang='lat' dir='ltr'><strong>quo</strong></span> <span class='ocrx_word' id='word_1_843' title='bbox 2437 5386 2489 5438; x_wconf 90' lang='lat' dir='ltr'><strong>in</strong></span> <span class='ocrx_word' id='word_1_844' title='bbox 2515 5383 2752 5452; x_wconf 87' lang='lat' dir='ltr'><strong>catalogo</strong></span> <span class='ocrx_word' id='word_1_845' title='bbox 2782 5401 2799 5432; x_wconf 74' lang='grc' dir='ltr'><strong>ε</strong></span> <span class='ocrx_word' id='word_1_846' title='bbox 2831 5382 3010 5443; x_wconf 82' lang='lat' dir='ltr'><strong>Hatto,</strong></span> <span class='ocrx_word' id='word_1_847' title='bbox 3056 5380 3295 5433; x_wconf 88' lang='lat' dir='ltr'><strong>Bonosus</strong></span> <span class='ocrx_word' id='word_1_848' title='bbox 3333 5376 3526 5437; x_wconf 87' lang='lat' dir='ltr'><strong>dictus,</strong></span> <span class='ocrx_word' id='word_1_849' title='bbox 3557 5392 3577 5426; x_wconf 72' lang='grc' dir='ltr'><strong><em>ι</em></strong></span> <span class='ocrx_word' id='word_1_850' title='bbox 3624 5373 3737 5425; x_wconf 66' lang='grc' dir='ltr'><strong>Βε-</strong></span> 
     </span>
    </p>
   </div>
   <div class='ocr_carea' id='block_1_113' title="bbox 2176 5461 3738 5538">
    <p class='ocr_par' dir='ltr' id='par_1_113' title="bbox 2176 5461 3738 5538">
     <span class='ocr_line' id='line_1_113' title="bbox 2176 5461 3738 5538; baseline -0.01 -7"><span class='ocrx_word' id='word_1_851' title='bbox 2176 5477 2299 5531; x_wconf 92' lang='lat' dir='ltr'><strong>bani</strong></span> <span class='ocrx_word' id='word_1_852' title='bbox 2334 5489 2624 5536; x_wconf 90' lang='lat' dir='ltr'><strong>successor,</strong></span> <span class='ocrx_word' id='word_1_853' title='bbox 2655 5489 2673 5522; x_wconf 72' lang='grc' dir='ltr'>ί</span> <span class='ocrx_word' id='word_1_854' title='bbox 2705 5471 2998 5538; x_wconf 87' lang='lat' dir='ltr'><strong>suscepisse</strong></span> <span class='ocrx_word' id='word_1_855' title='bbox 3047 5466 3458 5537; x_wconf 88' lang='lat' dir='ltr'><strong>gubernaculum</strong></span> <span class='ocrx_word' id='word_1_856' title='bbox 3500 5461 3738 5516; x_wconf 74' lang='lat' dir='ltr'><strong>abbatiu:</strong></span> 
     </span>
    </p>
   </div>
   <div class='ocr_carea' id='block_1_114' title="bbox 2178 5549 3737 5627">
    <p class='ocr_par' dir='ltr' id='par_1_114' title="bbox 2178 5549 3737 5627">
     <span class='ocr_line' id='line_1_114' title="bbox 2178 5549 3737 5627; baseline -0.012 -8"><span class='ocrx_word' id='word_1_857' title='bbox 2178 5579 2316 5619; x_wconf 89' lang='lat' dir='ltr'><strong>anno</strong></span> <span class='ocrx_word' id='word_1_858' title='bbox 2350 5561 2554 5615; x_wconf 87' lang='lat' dir='ltr'><strong>Domini</strong></span> <span class='ocrx_word' id='word_1_859' title='bbox 2575 5560 2706 5615; x_wconf 69' lang='grc'><strong>841»</strong></span> <span class='ocrx_word' id='word_1_860' title='bbox 2736 5559 3063 5627; x_wconf 89' lang='lat' dir='ltr'><strong>perhibetur.</strong></span> <span class='ocrx_word' id='word_1_861' title='bbox 3092 5555 3243 5621; x_wconf 81' lang='lat' dir='ltr'><strong>Quod</strong></span> <span class='ocrx_word' id='word_1_862' title='bbox 3269 5549 3737 5622; x_wconf 86' lang='lat' dir='ltr'><strong>interpretandum</strong></span> 
     </span>
    </p>
   </div>
   <div class='ocr_carea' id='block_1_115' title="bbox 2177 5626 3735 5724">
    <p class='ocr_par' dir='ltr' id='par_1_115' title="bbox 2177 5626 3735 5724">
     <span class='ocr_line' id='line_1_115' title="bbox 2177 5626 3735 5724; baseline -0.015 -15"><span class='ocrx_word' id='word_1_863' title='bbox 2177 5662 2304 5724; x_wconf 89' lang='lat' dir='ltr'><strong>puto</strong></span> <span class='ocrx_word' id='word_1_864' title='bbox 2333 5652 2397 5706; x_wconf 91' lang='lat' dir='ltr'><strong>de</strong></span> <span class='ocrx_word' id='word_1_865' title='bbox 2439 5649 2542 5703; x_wconf 86' lang='lat' dir='ltr'><strong>ﬁne</strong></span> <span class='ocrx_word' id='word_1_866' title='bbox 2567 5647 2690 5701; x_wconf 87' lang='lat' dir='ltr'><strong>anni</strong></span> <span class='ocrx_word' id='word_1_867' title='bbox 2720 5626 2814 5701; x_wconf 53' lang='lat'><strong>8“</strong></span> <span class='ocrx_word' id='word_1_868' title='bbox 2845 5645 3133 5699; x_wconf 88' lang='lat' dir='ltr'><strong>secundum</strong></span> <span class='ocrx_word' id='word_1_869' title='bbox 3162 5651 3397 5696; x_wconf 87' lang='lat' dir='ltr'><strong>veterem</strong></span> <span class='ocrx_word' id='word_1_870' title='bbox 3441 5635 3735 5698; x_wconf 88' lang='lat' dir='ltr'><strong>calculum,</strong></span> 
     </span>
    </p>
   </div>
   <div class='ocr_carea' id='block_1_116' title="bbox 2180 5727 3767 5801">
    <p class='ocr_par' dir='ltr' id='par_1_116' title="bbox 2180 5727 3767 5801">
     <span class='ocr_line' id='line_1_116' title="bbox 2180 5727 3767 5801; baseline -0.013 -3"><span class='ocrx_word' id='word_1_871' title='bbox 2180 5751 2234 5798; x_wconf 89' lang='lat' dir='ltr'><strong>at</strong></span> <span class='ocrx_word' id='word_1_872' title='bbox 2270 5743 2332 5797; x_wconf 89' lang='lat' dir='ltr'><strong>de</strong></span> <span class='ocrx_word' id='word_1_873' title='bbox 2371 5739 2521 5795; x_wconf 89' lang='lat' dir='ltr'><strong>initio</strong></span> <span class='ocrx_word' id='word_1_874' title='bbox 2562 5737 2682 5792; x_wconf 90' lang='lat' dir='ltr'><strong>anni</strong></span> <span class='ocrx_word' id='word_1_875' title='bbox 2728 5735 2829 5790; x_wconf 66' lang='lat'><strong>84?.</strong></span> <span class='ocrx_word' id='word_1_876' title='bbox 2869 5736 3157 5791; x_wconf 86' lang='lat' dir='ltr'><strong>secundum</strong></span> <span class='ocrx_word' id='word_1_877' title='bbox 3203 5747 3258 5801; x_wconf 71' lang='lat' dir='ltr'><strong>nt</strong></span> <span class='ocrx_word' id='word_1_878' title='bbox 3275 5746 3418 5786; x_wconf 89' lang='lat' dir='ltr'><strong>vum.</strong></span> <span class='ocrx_word' id='word_1_879' title='bbox 3472 5727 3767 5782; x_wconf 76' lang='lat' dir='ltr'><strong>Rabanus.</strong></span> 
     </span>
    </p>
   </div>
  </div>
