3940 6322
261 353 322 407 2|
1594 351 2118 407 PROLEGOMENA.
3411 360 3480 412 2-2

261 470 406 526 enim
457 469 609 540 Eigili
658 469 915 525 successit
967 471 1064 523 sub
1109 468 1266 522 linem
1313 468 1436 520 anni
1468 463 1592 530 89.2,
1645 465 1696 518 id
1741 473 1823 519 est
1851 469 1899 525 Λ
1927 473 2032 529 tur,
2063 465 2279 519 absente
2307 466 2392 520 diu
2423 475 2473 521 et
2515 469 2699 536 procul
2725 480 2965 524 iarsanze
2995 484 3089 523 suo
3115 477 3347 539 pastore.
3379 488 3394 519 ›
3422 469 3476 522 ιιι

259 571 451 613 mense
479 557 801 627 Septembri,
830 572 896 612 ex
924 555 1117 627 dictis;
1147 555 1401 625 dignitate
1428 552 1614 615 cessit,
1649 569 1665 600 (
1700 567 1820 604 cum

257 625 642 700 monasterium
673 646 895 699 rexisset
919 658 1013 720 per
1046 625 1214 696 annos
1254 643 1460 711 viginti,
1498 648 1525 689 ι’
1548 648 1682 693 teste
1714 639 1821 691 ltu-

258 733 431 799 doll‘o,
475 750 538 788 ac
561 736 786 804 proinde
809 735 923 804 ejus
945 734 1207 788 abdicatio
1247 733 1466 802 contigit
1503 731 1652 784 initio
1695 732 1820 784 anni

256 824 387 891 842,
410 827 552 895 quod
576 825 825 880 nonnulli
865 826 927 880 ad
967 825 1315 894 praecedentis
1343 824 1466 877 anni
1497 821 1653 874 tinem
1686 821 1819 876 refe-

238 917 474 978 rebant.
521 914 673 968 Hunc
699 914 957 970 calculum
1001 913 1282 983 praevalide
1328 913 1508 966 ﬁrmat
1552 911 1681 980 Lupi
1711 912 1822 980 cpi-

259 1004 397 1058 stola
420 1003 507 1068 41,
535 1002 624 1058 ubi
651 1003 728 1058 ait
754 1019 810 1059 se
842 1002 1094 1072 sospitem
1124 1017 1395 1056 reversum
1419 1016 1487 1054 ex
1513 999 1816 1066 Germania,

258 1109 356 1155 seu
386 1109 453 1148 ex
481 1091 729 1148 Fuldensl
769 1092 1054 1154 academia,
1096 1091 1396 1160 perculsum
1425 1089 1591 1143 fuisse
1635 1091 1822 1144 nuntio

257 1181 452 1236 mortis
494 1179 693 1234 Aldrici
745 1177 1066 1232 Senonensis
1114 1179 1346 1245 episcopi
1394 1177 1676 1231 nutritoris
1716 1178 1816 1241 sui,

256 1284 418 1340 quem
449 1269 548 1324 sub
585 1268 742 1321 linem
781 1267 904 1320 anni
953 1265 1073 1330 840,
1108 1267 1358 1319 nimirum
1398 1282 1450 1320 vr
1497 1266 1620 1320 ldus
1663 1265 1822 1320 Octo-

254 1354 390 1420 bris,
422 1357 618 1411 abiisse
645 1355 696 1409 in
737 1356 852 1425 ejus
883 1355 1001 1408 Vita
1038 1355 1244 1409 ostendi
1274 1368 1318 1407 ο.
1355 1354 1518 1424 Atqui
1569 1355 1819 1409 Rabanus

257 1456 393 1510 tum,
419 1461 540 1501 cum
565 1445 744 1515 Lupus
783 1446 848 1500 ab
878 1459 940 1498 eo
977 1444 1238 1508 discessit,
1273 1446 1482 1500 abbatis
1509 1459 1703 1498 munus
1731 1445 1818 1498 ab-

254 1535 550 1600 dicaverat,
588 1543 648 1589 ut
674 1534 987 1604 intelligitur
1014 1550 1078 1588 ex
1121 1533 1253 1603 Lupi
1290 1535 1514 1604 epistola
1542 1532 1613 1587 40
1649 1534 1714 1587 ad
1746 1534 1820 1602 ip-

234 1642 404 1692 1um,
433 1627 489 1680 in
517 1641 619 1695 qua
641 1623 752 1695 jam
784 1626 839 1679 in
878 1625 1102 1679 Galliam
1144 1640 1389 1678 reversus
1418 1625 1606 1679 scribit
1639 1638 1697 1677 se
1726 1639 1820 1676 au-

253 1719 453 1774 divisse
494 1718 771 1773 Rabanum
809 1717 1112 1785 deposuisse
1158 1717 1422 1770 sarcinam
1477 1715 1818 1770 administra-

1922 563 2099 608 autcm
2130 564 2410 624 propterea
2450 566 2576 611 uoto
2610 559 2748 625 quod
2779 559 2974 610 millam
3007 559 3119 627 ejus
3154 559 3230 613 rei
3258 560 3477 612 mentio-

1920 659 2040 697 nem
2084 643 2212 698 facit
2254 643 2500 699 Serarius
2541 646 2594 698 in
2633 646 2865 700 Historia
2911 648 3266 718 Moguntiaca.
3313 647 3361 701 ls
3397 654 3482 701 est

1920 732 2170 802 Otgarius
2194 737 2278 787 cui
2312 735 2559 789 [labamus
2584 752 2678 805 pro
2709 739 3045 793 ordinatione
3075 739 3339 798 Werdrici
3370 738 3482 794 dia-

1920 823 2040 877 coni
2062 824 2294 894 scripsit,
2320 826 2577 893 probante
2597 827 2885 892 Eginhardi
2911 829 3132 897 epistola
3145 829 3196 883 4.

2532 935 2755 991 CAPUT
2786 936 2871 991 Vl.

2013 1001 2478 1073 Archiepiscopalis
2514 1006 2739 1074 dignitas
2771 1047 2785 1071 ,
2817 1008 3188 1078 archiepiswpi
3222 1020 3383 1078 gesta.

1990 1093 2076 1147 26.
2137 1112 2153 1144 ι
2184 1094 2336 1148 Anno
2380 1095 2501 1160 847,
2541 1116 2559 1147 ι
2615 1096 2811 1150 habent
2869 1096 3103 1153 Annales
3151 1099 3476 1163 Fuldenses.

1926 1203 1943 1235 ι
1971 1185 2218 1254 Otgarius
2268 1177 2711 1256 Mogbntiacensis
2763 1188 3044 1256 episcopus
3094 1205 3148 1242 ιιι
3194 1189 3311 1243 Kal.
3359 1190 3480 1244 Maii

1919 1277 2078 1340 obiit;
2111 1277 2167 1337 in,
2190 1277 2339 1344 cujus
2370 1277 2543 1330 locum
2567 1277 2868 1332 HRabanus
2895 1281 3170 1333 ordinatus
3192 1288 3270 1335 est
3308 1297 3336 1332 v
3363 1282 3476 1335 Kal.

1918 1362 2060 1416 Julii.
2101 1382 2116 1414 ι
2180 1364 2294 1418 Huc
2334 1366 2640 1432 scrupulum
2694 1375 2872 1420 movet
2922 1367 3112 1424 Petrus
3165 1368 3484 1423 Franciscus

1919 1453 2232 1518 Chiilletius,
2256 1456 2497 1509 eruditus
2519 1458 2802 1525 presbyter
2830 1457 3100 1512 societatis
3141 1457 3286 1518 Jesu,
3309 1461 3397 1526 qui
3431 1459 3482 1511 in

1918 1541 2258 1612 Prml‘atione
2288 1544 2354 1597 ad
2390 1544 2584 1597 librum
2627 1554 2812 1599 contra
2855 1544 3085 1609 Judmos,
3136 1545 3234 1600 sub
3279 1546 3481 1599 Rabani

1919 1633 2134 1687 nomine
2167 1633 2234 1686 ab
2270 1648 2327 1686 se
2369 1634 2673 1703 vulgatum,
2708 1642 2890 1688 censet
2941 1634 3153 1688 Rabani.
3195 1635 3483 1689 ordinatio~

1920 1739 2043 1778 nem
2096 1722 2290 1778 factam
2338 1738 2456 1778 esse
2503 1723 3034 1793 annopraecedente,
3077 1723 3328 1777 nimirum
3372 1731 3481 1778 tum

253 1808 439 1872 tionis,
466 1821 529 1860 ac
563 1807 785 1875 proinde
815 1807 867 1861 id
894 1808 1112 1876 contigit
1139 1808 1311 1862 solum
1342 1808 1494 1863 initio
1533 1807 1657 1860 anni
1688 1806 1810 1870 842,
1845 1794 1888 1852 Β
1915 1819 2134 1881 propter
2161 1812 2301 1866 diem
2338 1804 2690 1879 Dominicam,
2724 1813 2778 1894 ip
2808 1827 2913 1882 qua
2944 1814 3314 1883 episcoporum
3341 1815 3484 1869 ordi-

249 1911 362 1968 quo
394 1906 625 1966 tempore
661 1897 942 1951 Lotharius
971 1912 1089 1951 cum
1120 1897 1373 1952 fratribus
1411 1899 1523 1952 suis
1555 1899 1619 1951 de
1650 1912 1814 1968 regno

247 1987 421 2042 armis
451 1987 808 2056 disceptabat,
861 1996 917 2040 ut
959 1988 1160 2042 dictum
1186 1996 1268 2042 est
1293 2002 1472 2056 supra.
1503 1987 1617 2043 Huc
1661 2003 1814 2044 acce-

246 2074 388 2158 dunt
428 2064 671 2144 quasdam
720 2077 920 2131 charta:
966 2076 1307 2132 donationum
1349 2078 1488 2147 apud
1525 2077 1810 2132 Pistorium

246 2180 375 2236 pag.
425 2165 528 2220 J84
566 2174 621 2220 et
645 2164 766 2230 558,
798 2181 1024 2234 quarum
1050 2182 1153 2220 una
1183 2165 1404 2221 Rabano
1448 2167 1627 2222 abbati
1671 2167 1811 2223 facta

246 2253 452 2310 dicitur
495 2269 634 2308 anno
677 2255 902 2307 secundo
952 2254 1205 2309 Ludharii
1263 2255 1620 2326 gloriosissimi
1679 2258 1811 2328 regis

246 2341 615 2409 Francorum,
645 2355 829 2413 quarto
859 2343 914 2397 Ν
917 2361 1043 2398 anas
1065 2344 1258 2415 Aprilis
1276 2387 1289 2411 ,
1313 2346 1364 2400 id
1393 2355 1477 2401 est
1503 2362 1644 2402 anno
1666 2348 1770 2404 842
1795 2366 1808 2414 ;

245 2435 356 2490 alia
386 2435 600 2489 Hatteni
624 2435 1024 2505 abbatiquarto'
1047 2434 1227 2490 Nonas
1259 2436 1468 2505 Aprilis,
1501 2454 1638 2491 anno
1666 2439 1813 2493 tertio

244 2521 503 2577 Ludovici
547 2523 679 2594 regis
709 2522 1041 2577 orientalium
1087 2521 1434 2589 Francorum,
1463 2525 1517 2580 id
1553 2535 1634 2579 est
1671 2541 1814 2581 anno

243 2615 578 2683 insequenti.
629 2613 757 2680 Quae
803 2613 964 2669 fuerit
1022 2614 1178 2683 hujus
1227 2615 1578 2669 abdicationis
1630 2631 1810 2682 causa,

245 2705 356 2761 sibi
403 2705 697 2760 renuntiari
727 2713 892 2773 optat
918 2705 1098 2774 Lupus
1123 2704 1175 2758 in
1201 2704 1340 2759 dicta
1370 2705 1592 2774 epistola“
1633 2705 1702 2760 40
1731 2707 1815 2761 his

242 2794 430 2850 verbis
461 2812 474 2847 :
505 2813 523 2845 ι
558 2793 821 2849 Caeterum
859 2792 1033 2848 audivi
1077 2794 1344 2848 sarcinam
1386 2795 1809 2849 administratio-

245 2884 338 2938 nis
366 2892 558 2940 vestrae
595 2898 687 2938 vos
715 2883 1042 2953 deposuisse,
1083 2891 1136 2937 et
1179 2884 1337 2938 rebus
1374 2884 1566 2939 divinis
1609 2884 1811 2940 solum-

202 3007 207 3011 ς
246 2975 412 3028 modo
450 2989 591 3028 nunc
635 2988 753 3028 esse
794 2974 1055 3040 intentos;
1095 2974 1312 3029 Hattoni
1360 2990 1485 3030 vero
1513 2984 1698 3031 nostro
1723 2992 1814 3030 cu-

247 3076 372 3116 ram
406 3061 619 3140 sudoris
669 3063 878 3132 plenam
920 3062 1202 3132 reliquisse
1229 3082 1243 3138 ξ
1275 3064 1426 3133 cujus
1467 3066 1542 3120 rei
1573 3065 1814 3120 ordinem

244 3152 519 3225 simulque
565 3141 688 3219 alia,
721 3167 1048 3224 quaecunque
1074 3150 1414 3221 videbuntur,
1463 3155 1812 3212 beatitudinis

244 3253 444 3304 vestrae
493 3244 688 3300 litteris
733 3246 931 3314 optabo
963 3231 1319 3316 cognoscere.
1378 3264 1396 3296 ι
1436 3243 1633 3300 Verum
1683 3230 1812 3324 quid

242 3335 400 3407 Lupo
423 3337 739 3406 rescriptum
767 3337 870 3391 hac
891 3337 956 3391 de
979 3352 1038 3391 re
1064 3337 1133 3390 sit
1161 3337 1487 3408 ignoramus.
1668 3342 1669 3346 ‘

316 3425 631 3498 95.~-ﬂujus
656 3429 954 3484 vacationis
995 3436 1233 3499 tempore
1272 3429 1370 3505 vir
1398 3428 1519 3498 pius
1549 3435 1813 3484 totum~se

244 3518 478 3594 contulit
525 3517 592 3573 ad
644 3520 821 3573 studia
875 3534 1147 3574 sacrarum
1204 3519 1501 3574 litterarum
1544 3538 1559 3580 ;
1595 3528 1814 3589 tumque

243 3623 386 3676 opus
412 3623 568 3662 suum
601 3609 664 3676 de
689 3607 935 3662 Universo
961 3609 1223 3663 dedicavit
1251 3608 1529 3663 Hemmoni
1559 3608 1810 3677 episcopo

244 3690 803 3763 llalberstatensi,"ad
818 3712 976 3766 quem
1001 3699 1115 3752 haec
1149 3699 1309 3753 verba
1342 3697 1470 3752 facit
1504 3698 1558 3751 in
1589 3697 1812 3767 epistola

246 3790 640 3859 nuncupatoria
677 3805 691 3842 :
729 3807 748 3839 ι
784 3789 1072 3858 Postquam
1117 3805 1203 3844 me
1253 3788 1430 3843 divina
1480 3788 1812 3858 providentia

244 3880 319 3933 ab
353 3880 679 3952 (interiorum
731 3880 1062 3948 negotiorum
1097 3894 1226 3933 cura
1277 3878 1519 3942 absolvit,
1557 3885 1714 3947 teque
1759 3878 1812 3931 in

244 3969 535 4039 pastoralis
562 3984 703 4024 cura:
738 3965 967 4022 cilicium
1003 3967 1324 4032 sublimavit,
1363 3967 1660 4034 cogitabam
1687 3965 1812 4035 quid

246 4070 358 4117 tua:
383 4059 655 4113 sanctitati
678 4065 889 4128 gratum
918 4065 973 4112 et
995 4057 1122 4110 utile
1152 4057 1204 4109 in
1239 4056 1518 4110 scribendo
1548 4054 1814 4109 coniicere

242 4164 524 4220 possem.)
549 4141 757 4218 Prmter
777 4163 838 4203 ea
864 4167 882 4199 ι
903 4162 1042 4201 anno
1067 4146 1188 4212 844,
1216 4165 1233 4197 ι
1254 4154 1311 4199 ut
1341 4145 1558 4199 tradunt
1579 4144 1814 4199 Annales

241 4225 575 4301 Fnldenses,
624 4257 642 4289 ι
669 4237 969 4296 HRabanus
1008 4237 1275 4304 sophista,
1311 4255 1330 4289 ι
1363 4235 1416 4290 id
1449 4242 1533 4290 est
1577 4235 1809 4303 sapiens,

248 4335 352 4382 «et
371 4327 454 4380 sui
497 4327 748 4395 temporis
797 4334 1075 4396 poetarum
1107 4325 1231 4378 nulli
1281 4323 1576 4389 secundus,
1615 4323 1812 4377 librum

242 4431 411 4486 quem
454 4417 517 4471 de
557 4416 710 4470 laude
742 4423 938 4470 sanctae
967 4415 1141 4469 crucis
1181 4413 1375 4469 Christi
1408 4413 1695 4483 ﬁgurarum
1719 4429 1812 4468 va-

242 4510 442 4562 rietate
471 4506 776 4560 distinctum
813 4503 1006 4560 difﬁcili
1037 4512 1089 4558 et
1122 4505 1362 4558 mirando
1389 4511 1636 4573 poemate
1663 4519 1810 4558 com-

239 4598 451 4667 posuit,
499 4611 597 4666 per
629 4597 945 4651 Asehricum
992 4603 1046 4649 et
1076 4594 1484 4650 HRuodbertum
1515 4595 1810 4654 monachos

240 4689 566 4757 monasterii
605 4688 882 4742 Fuldensis
910 4687 1096 4758 Sergio
1121 4700 1270 4756 papae
1294 4693 1476 4740 sancto
1499 4686 1655 4740 Petro
1681 4684 1810 4740 olfe-

243 4780 478 4835 rendum
515 4778 825 4833 transmisit.
861 4796 879 4829 ›
915 4777 989 4832 De
1029 4777 1247 4847 reliquis
1282 4776 1398 4846 ejus
1433 4776 1682 4845 operibus
1715 4790 1811 4844 per

240 4871 301 4925 id
330 4878 542 4940 tempus
576 4868 730 4923 editis
770 4874 954 4936 postea
992 4867 1243 4921 dicemus.
1274 4864 1330 4918 ln
1358 4865 1441 4920 his
1483 4871 1808 4927 commenta-

241 4964 366 5020 rios
391 4978 517 5017 suos
539 4963 591 5016 in
621 4961 948 5030 Sapientiam
971 4969 1024 5016 et
1054 4961 1105 5013 in
1135 4960 1562 5015 Ecclesiasticum
1590 4973 1711 5013 cum
1745 4958 1807 5011 li-

239 5055 351 5110 bro
379 5050 727 5122 poenitentiali
775 5050 1098 5119 nuncupavit
1136 5048 1352 5119 Otgario
1393 5047 1807 5117 Mogontiacensi

240 5142 502 5206 antistiti,
529 5141 794 5195 decessori
820 5154 919 5193 suo
948 5155 963 5193 :
990 5139 1053 5192 de
1087 5152 1192 5206 quo
1217 5124 1525 5206 esplicanda
1569 5145 1652 5191 est
1678 5136 1806 5190 cleri

242 5232 546 5301 Moguntini
609 5231 828 5300 epistola
890 5229 1256 5283 reclamatoria
1321 5229 1460 5296 apud
1517 5227 1804 5282 Chesnium

240 5321 399 5379 edita
427 5331 571 5373 tomo
599 5317 640 5375 ll
684 5318 928 5378 Historia
965 5316 1314 5382 Francorum,
1355 5317 1440 5370 ubi
1479 5315 1684 5386 Otgarii
1714 5332 1808 5371 seu

238 5409 436 5481 Otgeri
466 5409 691 5462 reditum
719 5408 773 5461 in
799 5407 976 5461 sedem
1007 5421 1156 5460 suam
1195 5406 1262 5459 ab
1289 5405 1555 5460 Ludovico
1585 5407 1811 5477 impera-

242 5510 373 5559 tore
396 5498 640 5569 ﬂagitant
679 5497 1132 5567 Mogontiacenses
1158 5515 1175 5547 ι
1208 5504 1423 5564 propter
1454 5499 1672 5551 nimiam
1712 5512 1806 5551 ne-

242 5591 587 5650 cessitatem,
614 5592 729 5655 qua:
751 5587 983 5655 quotidie
1023 5587 1073 5639 in
1101 5587 1214 5653 ipsa
1258 5588 1505 5655 parochia
1534 5587 1810 5655 grassaba-

327 5691 351 5717 ἰ
393 5676 528 5733 Vide
559 5673 880 5742 Patrologim
901 5684 1025 5730 tom.
1055 5675 1161 5730 CV.

1916 1904 2160 1958 nationes
2189 1904 2299 1957 fieri
2333 1907 2527 1959 debent
2561 1921 2626 1960 ex
2662 1909 2880 1975 antiquo
2909 1921 3078 1972 more,
3109 1922 3174 1962 eo
3199 1923 3341 1963 anno
3375 1909 3426 1962 in
3451 1925 3483 1960 v

1915 1996 2032 2052 Kal.
2065 1994 2192 2051 Julii
2238 1992 2559 2053 incidentem
2593 2017 2604 2051 :
2633 2005 2743 2052 tum
2770 2008 2989 2068 propter
3033 2002 3261 2070 spatium
3293 2018 3481 2058 novem

1911 2100 2174 2141 annorum
2203 2088 2478 2157 regiminis
2521 2075 2642 2143 cum
2677 2104 2782 2144 uno
2827 2105 3011 2150 mense
3040 2100 3095 2145 et
3121 2093 3307 2147 diebus
3350 2110 3483 2162 qua-

1913 2185 2055 2242 tuor,
2088 2178 2179 2246 qui
2209 2178 2430 2234 Rabano
2459 2180 2767 2235 tribuuntur
2793 2182 2846 2235 in
2872 2183 3142 2250 praedictis
3161 2185 3478 2250 Annalibus,

1911 2266 2001 2320 ubi
2032 2265 2319 2335 morsejus
2344 2267 2578 2324 refertur
2600 2271 2667 2324 ad
2711 2285 2907 2324 annum
2936 2271 3058 2338 856,
3087 2272 3257 2340 pridie
3303 2265 3482 2330 Nonas

1912 2359 2210 2422 Februarii,
2235 2375 2359 2413 nam
2385 2375 2414 2413 a
2432 2360 2596 2416 vKal.
2622 2359 2744 2438 Julii
2775 2363 3096 2419 anni847ad
3113 2365 3254 2418 hunc
3282 2380 3480 2421 annum

1911 2466 2018 2506 non
2047 2452 2269 2520 reperiri
2304 2451 2569 2521 integrum
2607 2456 2957 2509 novennium.
2992 2453 3328 2526 Quapropter
3365 2459 3480 2512 cxi-

1913 2541 2097 2597 stimat
2136 2557 2334 2596 annum
2377 2541 2478 2597 847
2513 2542 2566 2595 in
2595 2543 2712 2598 istis
2740 2543 3033 2599 Annalibus
3070 2547 3367 2614 computari
3398 2563 3483 2602 se-

1913 2630 2142 2684 cundum
2172 2639 2408 2685 veterem
2433 2631 2718 2698 calculum,
2770 2632 2860 2700 qui
2886 2648 3058 2688 annus
3083 2632 3152 2688 sit
3172 2635 3482 2704 praecedens

1914 2722 2211 2776 secundum
2261 2737 2475 2781 novum.
2534 2723 2599 2777 Et
2648 2723 2861 2793 quidem
2908 2723 3072 2794 proba
3125 2734 3207 2780 est
3256 2735 3483 2796 utraque

1913 2811 2160 2866 Chiﬂletii
2201 2813 2358 2879 ratio,
2409 2813 2502 2868 sed
2547 2813 2670 2868 nodi
2719 2815 2996 2884 utriusque
3031 2817 3222 2871 solutio
3271 2816 3482 2872 aliunde
3520 2809 3524 2813 ”

1913 2906 2221 2973 repetenda.
2265 2904 2460 2960 Mensis
2506 2907 2648 2960 enim
2672 2904 2880 2972 Junius,
2912 2908 2964 2961 in
3011 2906 3171 2976 cujus.
3191 2909 3275 2964 die
3305 2925 3332 2964 v
3360 2909 3474 2962 Kal.

1913 2993 2036 3048 Julii
2066 2992 2335 3049 Ordinatio
2372 2995 2578 3050 Rabani
2621 2994 2762 3050 facta
2798 2996 3020 3063 dicitur,
3055 2999 3192 3053 trahi
3237 3014 3343 3052 non
3381 3013 3474 3068 po-

1905 3096 2020 3143 test
2061 3087 2115 3141 in
2141 3089 2380 3143 diversos
2414 3104 2584 3151 annos
2611 3104 2709 3160 pro
2739 3090 2948 3146 diverso
2978 3091 3206 3158 calculo;
3243 3094 3335 3148 sed
3364 3101 3480 3149 tan-

1863 3176 1883 3198 ‘
1916 3188 2028 3234 tum
2052 3188 2167 3234 tres
2185 3195 2416 3247 .menses
2441 3181 2600 3250 primi
2641 3196 2761 3236 serae
2785 3190 2981 3236 nostrae
3005 3183 3259 3253 vulgaris,
3306 3197 3480 3254 neque

1914 3269 2168 3339 praecedit
2187 3276 2341 3324 vetus
2380 3271 2722 3338 computandi
2753 3271 2907 3337 ratio,
2939 3272 3032 3326 sed
3072 3271 3391 3343 Dionysiana
3420 3281 3475 3328 et

1911 3366 2280 3437 nostranova.
2309 3357 2399 3413 Sic
2424 3357 2729 3425 Ianuarius,
2773 3361 3123 3427 Februarius,
3164 3369 3217 3416 et
3255 3361 3474 3416 Martius

1912 3447 1980 3501 ad
2026 3447 2236 3502 Pascha
2277 3451 2760 3523 usque‘pertinent
2793 3449 2858 3502 ad
2902 3448 3060 3502 linem
3111 3450 3236 3502 anni
3264 3449 3366 3505 847
3393 3465 3503 3504 δοε-

1912 3537 2144 3590 cundum
2167 3544 2321 3591 vetus
2341 3547 2677 3606 computum;
2727 3537 2793 3591 ad
2823 3538 3032 3594 initium
3072 3553 3198 3592 vero
3227 3541 3348 3592 anni
3397 3540 3476 3592 in-

1912 3627 2184 3694 sequentis
2221 3627 2510 3681 secundum
2554 3627 2953 3697 Dionysianum,
3006 3628 3146 3696 quod
3192 3641 3364 3686 annos
3399 3629 3479 3681 in-

1912 3715 2071 3769 choat
2119 3730 2150 3767 a
2197 3714 2399 3769 Christi
2443 3717 2752 3780 nativitate;
2803 3726 2857 3770 et
2903 3718 3189 3772 secundum
3234 3731 3472 3772 nosu'um

1857 3855 1864 3863 .
1912 3823 2129 3871 novum,
2184 3809 2326 3876 quod
2369 3822 2400 3861 a
2442 3822 2625 3862 mense
2668 3807 2940 3861 Januario.
2991 3807 3112 3862 Scio
3149 3808 3340 3863 alicubi
3388 3825 3479 3864 va-

1912 3897 2079 3950 riasse
2108 3897 2250 3950 hunc
2278 3911 2454 3962 usum,
2499 3897 2573 3950 ita
2603 3906 2660 3950 ut
2685 3911 2898 3951 menses
2923 3912 3141 3962 novem,
3166 3899 3233 3953 ab
3264 3914 3476 3952 annun-

1913 3987 2133 4040 tiatione
2167 4001 2260 4042 seu
2287 4001 2316 4038 a
2357 3985 2541 4040 mense
2570 3986 2760 4040 Martio
2794 3987 2858 4040 ad
2883 3985 3068 4040 Natale
3094 3989 3321 4053 Domini,
3374 4004 3476 4042 uno

1913 4091 2052 4130 anno
2075 4077 2443 4145 prteverterint
2476 4077 2760 4144 aliquando
2783 4093 2904 4130 eum
2943 4077 3225 4142 calculum,
3270 4079 3358 4146 qui
3381 4095 3474 4132 an-

1912 4161 2010 4220 nos
2039 4163 2382 4235 computabat
2410 4182 2441 4220 a
2472 4165 2758 4221 Nativitate
2778 4207 2791 4232 ,
2837 4182 2942 4221 non
2973 4167 3470 4233 ablncarnatione;

1910 4269 2138 4324 eumque
2171 4270 2396 4321 morem,
2448 4263 2584 4310 teste
2611 4257 2956 4321 Covarruvia,
3003 4257 3299 4311 obtinuisse
3323 4259 3472 4326 .apud

1912 4343 2153 4399 Pisanos.
2190 4343 2260 4398 At
2289 4345 2725 4408 rarissimugfuit
2759 4347 2860 4400 iste
2888 4346 3225 4414 computandi
3259 4348 3467 4403 modus.

1911 4435 2161 4500 Proinde,
2193 4444 2250 4489 ut
2292 4434 2423 4500 dixi,
2474 4434 2836 4503 hujuscemodi
2895 4452 2926 4489 a
2975 4435 3238 4490 Cliiﬂietio
3284 4451 3471 4506 propo-

1913 4527 2000 4581 siti
2031 4526 2222 4598 solutio
2251 4526 2534 4596 repetenda
2566 4535 2648 4581 est
2687 4527 2917 4581 aliunde.
2959 4526 3148 4598 Negari
3194 4535 3338 4581 certe
3367 4541 3470 4582 non

1912 4625 2090 4688 potest
2123 4596 2265 4686 {quin
2317 4617 2689 4686 episcoporum
2743 4596 3109 4674 ordinationes
3159 4631 3255 4686 pro
3305 4619 3471 4670 veteri

1913 4722 2062 4762 more
2106 4707 2220 4762 ﬁeri
2263 4708 2435 4761 solitae
2466 4708 2574 4762 sint
2604 4707 2698 4766 die,
2734 4707 3029 4770 Dominica,
3059 4707 3152 4760 sed
3195 4720 3297 4759 non
3334 4720 3470 4760 sem-

1910 4811 2036 4864 per;
2069 4811 2192 4849 nam
2221 4797 2388 4849 sancti
2417 4795 2794 4852 Willibrordus
2831 4803 2884 4849 et
2909 4794 3214 4849 Bonifacius
3240 4781 3479 4849 ordinati

1898 4893 2037 4938 sunt
2082 4885 2300 4950 Romm,
2345 4885 2432 4938 hic
2461 4884 2634 4953 pridie
2668 4883 2783 4938 Kal.
2818 4882 3125 4936 Decembris
3171 4883 3296 4936 anni
3344 4881 3468 4944 8%,

1912 4976 2003 5043 qui
2023 4975 2138 5028 dies
2165 4982 2274 5027 tum
2299 4975 2351 5027 in
2376 4972 2563 5027 feriam
2591 4972 2800 5026 tertiam
2833 4971 3044 5035 incidit;
3076 4970 3162 5025 ille
3188 4986 3329 5025 anno
3348 4970 3465 5035 696,

1911 5066 1996 5120 die.
2020 5073 2217 5120 sancta:
2238 5065 2481 5130 Caecilia},
2507 5065 2596 5134 qui
2623 5065 2676 5122 in
2703 5062 2892 5124 feriam
2920 5071 3181 5131 quartam.
3213 5062 3471 5116 Existimo

1914 5164 2088 5210 tamen
2132 5155 2336 5214 Rabaui
2382 5151 2770 5213 ordinationem
2815 5153 3103 5228 contigisse
3154 5153 3239 5206 die
3287 5152 3467 5206 Domi—

1910 5243 2030 5297 nica
2063 5262 2074 5297 :
2109 5244 2201 5298 sed
2227 5244 2369 5315 quia,
2391 5300 2400 5309 ,
2420 5243 2739 5298 testantibus
2765 5241 3056 5295 Annalibus
3094 5239 3463 5300 Fuldensibus.

1909 5331 2445 5398 Franco-Saxonieis,
2494 5341 2549 5388 et
2577 5333 2879 5386 Hermanno
2926 5331 3189 5384 monacho
3213 5329 3352 5384 facta
3387 5339 3468 5384 est

1910 5439 2052 5480 anno
2074 5424 2198 5488 847,
2226 5423 2499 5479 fatendum
2535 5432 2617 5478 est
2644 5421 2895 5477 mendum
2937 5421 3215 5490 irrepsisse
3242 5421 3293 5473 in
3323 5419 3461 5472 diem

1909 5515 2046 5582 apud
2087 5513 2320 5567 Annales
2366 5513 2681 5578 Fnldenses,
2711 5519 2766 5565 et
2794 5525 2890 5580 pro
2918 5527 2949 5563 v
2975 5508 3097 5563 Kal.
3141 5507 3272 5562 Julii
3307 5523 3462 5576 repo-

1910 5604 2139 5658 nendum
2189 5618 2308 5657 esse
2348 5619 2399 5657 v1
2449 5600 2572 5655 Kal.
2621 5600 2774 5667 Julii,
2826 5602 2904 5656 uti
2949 5600 3076 5671 legit
3120 5589 3460 5653 Trithemius.
