3940 6338
462 346 530 397 25
1573 337 1663 393 AD
1701 339 1925 394 OPERA
1965 339 2026 390 Β.

2133 337 2314 391 tam
2357 337 2568 395 suum
3175 329 3184 337 ’
3586 345 3660 400 at

458 450 770 516 Quanquam
819 447 1310 504 Franeo-Saxoniei
1355 450 1588 504 Annales
1631 464 1761 503 mss.
1799 448 2012 517 optimas
2038 457 2088 514 Α
2114 447 2482 502 summationis
2527 446 2702 501 saeculi
2733 445 2890 510 diem,
2927 447 3135 515 aliaque
3184 433 3431 517 perplura
3464 451 3656 506 divini-

458 548 616 604 notzc,
647 540 738 607 qui
781 548 971 593 caetera
1002 540 1104 594 hoc
1137 539 1254 595 loco
1295 557 1415 595 cum
1447 539 1796 594 Fuldensibus
1823 552 2015 593 conve-

459 629 630 691 niunt,
658 628 863 682 Rabani
891 629 1278 683 ordinatiohcm
1311 638 1572 697 reponunt
1593 643 1686 680 vnt
1709 625 1834 680 Kal.
1857 625 2011 691 Julii,

460 718 512 772 id
539 726 621 770 est
645 718 731 771 die
758 715 921 769 natali
963 719 1133 771 sancti
1158 717 1376 771 Joannis
1406 716 1677 784 Baptistae,
1713 729 1817 782 qua
1839 714 1925 769 die
1946 713 2014 768 ob

459 806 583 861 feSti
609 805 974 859 celebritatem
997 845 1010 868 ,
1057 804 1269 859 tametsi
1307 803 1578 858 Dominica
1605 818 1709 856 non
1740 802 1875 866 erat,
1912 801 2016 854 Ra-

459 896 584 950 bani
612 897 878 950 ordinatio
906 896 1062 950 facile
1081 897 1202 949 fieri
1227 897 1418 965 potuit.
1447 896 1603 948 Aliud
1631 895 1876 964 Chiflletii
1903 896 2018 948 [ηδ-ν

462 992 698 1037 mentum
732 984 953 1038 inferius
1004 985 1305 1039 diluendum
1333 992 1434 1046 est,
1481 983 1569 1036 ubi
1600 982 1802 1036 Rabani
1851 996 2018 1035 annos

460 1073 802 1142 pontificatus
855 1075 1232 1143 expendemus.
1307 1073 1526 1135 Interim
1581 1086 1771 1125 moneo
1821 1069 2015 1124 librum

462 1179 552 1217 seu
599 1163 876 1232 epistolam
920 1172 1106 1218 contra
1134 1161 1364 1228 Iudaeos,
1413 1164 1512 1216 sub
1561 1163 1774 1216 nomine
1814 1161 2017 1215 Rabani

460 1253 766 1323 vulgatam,
819 1269 885 1310 ex
941 1269 1043 1326 qua
1088 1255 1412 1322 praecipuum
1468 1254 1743 1307 sententiae
1793 1269 1902 1307 sua:
1953 1252 2019 1304 de

461 1359 602 1396 anno
658 1343 885 1397 ordinati
959 1343 1162 1404 Rabani
1222 1342 1624 1397 fundamentum
1696 1341 2022 1411 deprompsit

461 1431 753 1488 Chilﬂetius
773 1474 789 1498 ,
832 1449 942 1487 non
965 1449 1082 1488 esse
1112 1435 1235 1498 huic
1258 1435 1495 1503 pontifici
1538 1435 1895 1499 tribuendam,
1927 1433 2020 1486 sed

460 1520 728 1586 Amoloni,
755 1530 808 1575 ut
831 1531 1015 1594 postea
1039 1523 1435 1578 demonstrabo.
1465 1523 1615 1578 Nunc
1642 1539 1727 1576 res
1748 1539 1778 1575 a
1804 1523 2022 1576 Rabano

465 1612 865 1682 archiepiscopo
890 1621 1051 1682 gesta:
1079 1614 1263 1682 paucis
1285 1614 1612 1682 explicandae
1638 1621 1782 1667 sunt.

532 1693 620 1752 27.
658 1700 857 1754 Eodem
903 1702 1252 1756 ordinationis
1305 1717 1412 1756 suae
1452 1718 1614 1767 anno,
1649 1717 1714 1756 ex
1755 1699 2023 1769 pratdictis

2113 546 2199 590 tus
2228 537 2326 590 sibi
2371 536 2620 590 revelata.
2651 534 2773 590 litec
2816 536 2875 589 in
2907 545 3240 605 pmsentiam
3287 541 3658 608 episcoporum

2113 626 2250 695 apud
2281 625 2533 679 Sanctum
2561 625 2821 679 Albanum
2856 626 3100 687 adducta,
3132 626 3355 694 publicis
3397 642 3532 683 caesa
3559 627 3658 682 ﬂa-

2114 714 2282 785 gellis,
2315 713 2667 766 ministerium
2710 705 3103 781 praedicationis
3148 714 3288 782 quod
3317 715 3658 772 irrationabi-

2112 803 2237 859 liter
2263 805 2507 873 arripuit,
2542 819 2663 858 cum
2691 804 2949 858 dedecore
2994 805 3192 868 amisit,
3231 824 3250 856 ι
3284 815 3343 858 ιιι
3368 804 3538 860 fusius
3578 807 3659 860 le‘

2115 895 2258 963 gitur
2290 911 2341 948 tn
2375 893 2484 961 jam
2513 893 2670 947 dictis
2693 892 3003 958 Annalibus,
3032 908 3093 947 ex
3134 894 3325 962 quibus
3350 897 3510 949 etiam
3538 897 3664 951 sub-

2109 983 2250 1051 jecta
2270 982 2524 1036 emimus.

2187 1071 2274 1124 28.
2311 1089 2328 1121 ε
2370 1072 2522 1123 Anno
2545 1069 2646 1125 848
2675 1090 2692 1122 ›
2723 1069 3021 1124 Ludovicus
3059 1071 3358 1128 Germaniae
3388 1091 3480 1129 rex
3515 1093 3532 1123 ‹
3566 1076 3663 1128 ho-

2117 1161 2289 1213 mines
2328 1160 2579 1214 HRabani
2610 1160 2838 1229 episcopi
2889 1161 3144 1215 adversus
3192 1163 3459 1216 dominum
3507 1179 3664 1217 suum

2119 1253 2500 1319 conspirantes,
2547 1252 2759 1318 publice
2791 1251 3062 1304 convictos
3097 1267 3216 1322 cum
3260 1268 3323 1306 eo
3365 1253 3664 1321 pacili'c‘avit

2119 1342 2256 1409 apud
2271 1341 2675 1410 Mogontiacum.
2699 1340 3039 1394 Gotescalcus
3061 1356 3269 1410 quoque
3292 1343 3503 1410 quidam
3518 1358 3666 1412 pres-

2117 1431 2181 1501 by
2193 1439 2293 1494 ter,
2317 1451 2334 1482 ι
2357 1433 2646 1484 monachus
2687 1431 2912 1486 ccenobii
2941 1431 3259 1488 Orbacensis
3288 1436 3386 1488 sub
3415 1434 3666 1501 parochia

2119 1532 2174 1577 et
2221 1524 2420 1577 ditione
2469 1523 2853 1593 archiepiscopi
2902 1522 3242 1589 Rhemensis,
3287 1526 3381 1578 sed
3423 1524 3676 1578 ditecesis

2121 1613 2542 1678 Suessionensis,
2579 1633 2598 1665 ‹
2641 1606 3210 1683 ὀάρηεάθειὶηειὶοηθ
3246 1616 3338 1668 Dei
3367 1630 3529 1684 prave
3552 1629 3671 1668 sen-

2121 1705 2280 1769 tiens,
2316 1712 2369 1758 et
2410 1713 2514 1757 tam
2542 1705 2707 1758 bonos
2733 1705 2798 1757 ad
2823 1705 3007 1766 vitam,
3033 1719 3193 1772 quam
3219 1703 3389 1760 malos
3427 1703 3493 1757 ad
3528 1718 3671 1756 mor—

463 1789 779 1854 Annalibus,
815 1807 832 1840 t
862 1790 1086 1860 jubente
1109 1789 1443 1846 HLudowico
1474 1806 1599 1861 rege
1639 1791 1776 1859 apud
1805 1789 2022 1860 Μῦθον·
2048 1798 2101 1876 Β.
2125 1803 2230 1849 tem
2268 1804 2580 1865 perpetuam
2622 1795 3000 1849 inevitabiliter
3033 1811 3063 1848 a
3114 1796 3222 1848 Deo
3271 1795 3674 1863 praadestinatos

402 1900 405 1904 ·
466 1877 664 1931 tiacum
689 1877 948 1947 synodum
970 1879 1155 1935 habuit
1185 1880 1327 1934 circa
1349 1880 1468 1934 Kal.
1497 1879 1772 1943 Octobris,
1807 1898 1826 1932 ι
1859 1879 2018 1932 nimi-

466 1983 586 2022 rum
643 1968 696 2021 in
752 1968 1077 2027 monasterio
1117 1967 1299 2025 Sancti
1349 1969 1559 2024 Albani.
1597 1968 1820 2024 Occasio
1865 1966 2022 2036 huius

466 2057 652 2128 synodi
681 2059 864 2112 eadem
903 2057 1002 2111 fuit
1029 2074 1148 2127 qua:
1185 2059 1469 2129 Meldensis
1515 2059 1746 2123 concilii,
1777 2067 1843 2114 ut.
1863 2058 2026 2112 Baro-

465 2151 587 2209 nius
612 2149 931 2204 observavit.
970 2148 1102 2203 Cum
1154 2150 1296 2204 enim
1345 2165 1376 2202 a
1403 2149 1554 2207 laicis
1599 2150 1736 2203 bona
1768 2146 2023 2212 ecclesia-

466 2255 605 2304 rum,
632 2232 751 2309 jura
789 2239 992 2308 pariter
1040 2247 1096 2294 et
1128 2251 1376 2309 persona)
1416 2241 1820 2303 invaderentur,
1855 2239 2027 2304 deque

467 2331 552 2388 his
593 2329 899 2399 frequentes
941 2329 1082 2406 apud
1124 2345 1304 2398 regem
1343 2331 1572 2398 querelae
1602 2331 2025 2400 deponerentur;

469 2423 603 2489 ipse,
635 2428 696 2473 ut
725 2419 808 2472 his
831 2418 992 2472 malis
1020 2419 1342 2483 mederetur,
1395 2419 1528 2473 satis
1552 2419 1660 2487 egit
1681 2427 1739 2472 ut
1769 2414 2028 2484 ejusmodi

331 2509 369 2540 ”
467 2515 797 2588 provinciale
846 2514 1128 2569 concilium
1179 2510 1538 2578 colligeretur,
1584 2525 1602 2558 ‹
1639 2507 1724 2561 cui
1768 2505 2027 2573 archiepio

469 2623 662 2678 scapus
683 2606 954 2669 Rabanus,
985 2605 1067 2658 vir
1093 2602 1333 2656 doctrina
1356 2598 1509 2652 valde
1533 2597 1784 2668 insignis,‘
1798 2609 2029 2668 praeesse

469 2698 688 2753 deberet
748 2708 907 2764 quem
947 2692 1108 2746 sciret
1132 2690 1396 2764 probitate
1442 2695 1600 2754 atque
1638 2685 1862 2744 scientia
1897 2683 2028 2738 nulli

469 2785 780 2848 secundum,
827 2803 846 2836 ι
881 2783 1053 2851 inquit
1094 2779 1374 2834 Baronius.
1433 2775 1574 2842 Quot
1623 2789 1752 2829 vero
1793 2772 2028 2843 episcopi

372 2932 373 2935 η
469 2867 838 2943 interfuerint',
869 2887 1054 2944 quazve
1083 2871 1409 2934 definierint,
1449 2869 1606 2922 docet
1632 2865 1840 2921 Rabani
1870 2879 2029 2935 syno-

472 2968 607 3022 dalis
648 2965 872 3035 epistola
893 2963 960 3018 ad
983 2962 1306 3017 Ludovicum
1347 2972 1526 3028 regem
1552 2957 1715 3012 missa
1743 2971 1862 3010 cum
1886 2955 2028 3023 capi-

473 3057 599 3111 tulis
631 3055 824 3110 ibidem
853 3052 1180 3115 constitutis,
1221 3065 1339 3119 qua:
1373 3055 1585 3103 exstant
1617 3050 1670 3101 in
1717 3044 2030 3099 collectione

2119 1898 2238 1940 esse
2266 1883 2554 1958 affirmans,
2593 1885 2646 1938 in
2672 1893 2931 1939 conventu
2946 1885 3315 1956 episcoporum
3346 1884 3673 1938 rationabili-

2125 1983 2206 2030 ter
2235 1973 2316 2046 (ut
2333 1974 2576 2045 plurimis
2597 1975 2768 2029 visum
2796 1975 2897 2045 est)
2921 1976 3217 2039 convictus,
3233 1983 3288 2029 ct
3314 1973 3378 2027 ad
3401 1974 3672 2043 praprium

2122 2069 2428 2137 episcopum
2451 2067 2750 2138 lgumarum
2780 2066 3000 2120 Rhemis
3031 2066 3376 2120 transmissus
3400 2073 3502 2127 est,
3524 2065 3673 2132 prius

2125 2168 2302 2215 tamen
2326 2159 2629 2228 juramento
2665 2157 2986 2213 confirmans
3016 2172 3082 2211 ne
3109 2158 3163 2210 in
3197 2171 3415 2226 regnum
3454 2153 3682 2208 HLudo-a

2124 2250 2246 2304 vvici
2270 2248 2410 2326 ultra
2454 2248 2667 2302 rediret.
2702 2267 2720 2298 ›
2752 2246 2988 2300 Meminit
3021 2245 3174 2300 istius
3208 2245 3392 2315 synodi
3421 2242 3674 2297 llincma-

2126 2355 2218 2396 rus
2264 2355 2382 2395 cum
2414 2339 2577 2393 variis
2619 2338 2670 2391 in
2718 2337 2870 2400 locis,
2899 2345 3012 2389 tum
3055 2335 3286 2388 maxime
3314 2334 3369 2387 in
3397 2333 3571 2401 capite
3612 2332 3670 2384 ll

2127 2429 2441 2500 posterioris
2515 2429 2692 2498 Operis
2766 2427 3021 2479 adversus
3094 2422 3522 2484 Gothescalcum,
3585 2421 3677 2472 ubi

2128 2521 2430 2592 synodalem
2456 2517 2730 2588 epistolam
2751 2516 2954 2585 profert
2983 2529 3012 2566 a
3038 2513 3257 2567 Rabano
3282 2511 3348 2565 ad
3377 2526 3432 2565 se
3462 2510 3675 2562 missam

2128 2611 2192 2666 de
2212 2609 2584 2674 Gotheseaieo,
2611 2622 2727 2676 quae
2760 2612 2931 2661 exstat
2958 2603 3013 2658 in
3052 2610 3197 2658 tomo
3223 2601 3288 2656 lli
3321 2599 3679 2658 Coneiliorum

2127 2696 2329 2758 Galliae.
2362 2700 2612 2754 Rabanus
2639 2699 2855 2768 insuper
2881 2707 2990 2752 tres
3033 2698 3133 2750 hac
3160 2695 3226 2749 de
3248 2710 3308 2749 re
3331 2693 3545 2762 scripsit
3569 2691 3678 2759 epi-

2130 2791 2292 2846 stolas
2315 2789 2379 2843 ad
2407 2788 2748 2842 Hincmarum
2777 2786 3150 2847 Rhemensem,
3173 2783 3238 2836 ad
3262 2782 3546 2852 Notingum
3577 2780 3679 2833 Vc-

2131 2869 2411 2934 ronensem
2436 2877 2733 2947 episcopos,
2762 2885 2816 2930 et
2845 2877 2910 2929 ad
2956 2873 3317 2928 Heh‘erardum
3349 2872 3596 2926 comitem
3626 2870 3681 2923 in

2128 2969 2298 3031 Italia,
2330 2983 2461 3036 quas
2489 2967 2626 3036 typis
2654 2966 2887 3036 vulgavit
2915 2962 3146 3018 Iacobus
3194 2961 3510 3016 Sirmondus
3540 2975 3687 3013 anno

2133 3060 2288 3115 1647.
2340 3059 2480 3112 Duas
2525 3058 2824 3127 superiores
2876 3056 3105 3126 synodos
3137 3054 3189 3106 in
3218 3067 3380 3106 unam
3433 3049 3684 3105 conﬂavit

473 3145 851 3203 concmomm-
877 3143 936 3196 ιη
981 3157 1043 3196 ea
1089 3139 1312 3211 epismla
1355 3136 1740 3194 COHSidemnda
1768 3143 1892 3191 sum
1916 3134 2029 3189 hac
2057 3127 2100 3189 (ἶ
2135 3149 2460 3204 Trithemius
2481 3148 2531 3200 in
2561 3146 2823 3201 Chronico
2852 3143 3236 3214 llirsaugiensi,
3261 3141 3351 3195 ubi
3377 3140 3441 3195 de
3472 3141 3572 3194 hac
3597 3153 3684 3208 sy-

475 3235 637 3289 verba
667 3253 678 3288 :
719 3252 737 3286 ‹
773 3232 1117 3287 Decrevimus
1144 3238 1202 3284 ut
1243 3223 1763 3298 singulis,.parochiis
1795 3240 1892 3297 per
1909 3225 2027 3294 epi-

479 3340 666 3394 scopos
695 3333 750 3378 et
793 3323 1036 3387 clericos,
1064 3335 1161 3392 per
1188 3320 1408 3375 abbates
1457 3327 1511 3374 et
1542 3318 1830 3377 monachos
1859 3316 2032 3370 oratio

475 3433 574 3488 pro
625 3417 790 3478 vobis,
843 3421 898 3468 et
947 3429 1044 3481 pro
1079 3420 1252 3466 vestra
1305 3411 1546 3479 conjuge,
1587 3408 1848 3477 simulque
1884 3405 2032 3476 prole

479 3490 807 3562 nobilissima
837 3504 1011 3568 fieret,
1053 3500 1202 3569 cujus
1235 3501 1493 3554 orationis
1538 3511 1746 3551 summa
1771 3503 1871 3560 est,
1898 3496 2030 3550 mis-

479 3614 657 3655 samm
706 3598 808 3651 tria
848 3581 1125 3649 millia‘et
1177 3593 1502 3661 'quingentze,
1551 3598 1608 3643 et
1654 3589 2032 3657 psalteriorum

398 3734 406 3739 .
481 3688 622 3748 mille
657 3689 1009 3756 septingenta,
1071 3701 1088 3735 ι
1149 3691 1201 3737 et
1224 3681 1358 3735 infra
1393 3698 1406 3734 ε
1443 3699 1460 3730 ‹
1497 3680 1647 3733 Tunc
1689 3694 1816 3734 vero
1859 3678 2034 3732 consi-

479 3783 668 3836 dentes
692 3782 743 3834 in
773 3781 1005 3834 claustro
1039 3777 1209 3832 sancti
1234 3775 1421 3830 Albani
1445 3773 1715 3843 martyris,
1744 3771 2031 3826 secundum

481 3888 684 3927 morem
733 3871 880 3925 illum
932 3885 1035 3938 quo
1073 3868 1264 3938 priscis
1313 3865 1638 3936 temporibus
1693 3866 1791 3918 sub
1843 3861 2033 3938 Carolo
2075 3851 2086 3861 ’

479 3964 803 4031 imperatore
853 3959 1194 4017 Hildebaldus
1242 3964 1295 4011 et
1361 3952 1598 4008 lticolfus
1652 3968 1773 4006 cum
1829 3950 2036 4004 caeteris

481 4052 746 4122 episcopis
767 4038 836 4103 et
862 4040 1143 4102 abbatibus
1163 4039 1284 4100 illuc
1307 4043 1745 4100 convenientibus
1769 4041 2036 4105 fecerunt,

482 4141 740 4212 cepimus
782 4140 835 4192 in
878 4138 972 4192 Dei
1003 4137 1235 4200 nomine,
1276 4135 1546 4195 communi
1574 4148 1837 4188 consensu
1860 4139 1914 4185 et
1943 4147 2037 4185 vo-

483 4233 704 4293 luntate,
755 4235 985 4283 tractare
1020 4226 1222 4295 pariter
1264 4224 1330 4279 de
1373 4231 1515 4278 statu
1569 4237 1709 4296 vene
1743 4219 2034 4290 religionis,

485 4331 644 4389 atque
690 4319 918 4372 utilitate
955 4323 1012 4373 et
1051 4312 1290 4384 profectu
1330 4313 1646 4368 Christianae
1681 4311 1868 4378 plebis.
1906 4308 2039 4363 Con-

485 4410 630 4464 venit
665 4410 801 4462 inter
838 4421 936 4461 nos
967 4406 1031 4460 de
1059 4411 1241 4458 nostro
1268 4402 1534 4457 communi
1573 4399 1794 4468 collegio
1818 4399 2030 4454 clerico

2132 3242 2275 3296 nodo
2301 3255 2462 3310 agens
2510 3237 2671 3291 multa
2715 3243 2897 3305 peccat
2941 3252 2953 3287 :
2984 3241 3095 3286 tum
3123 3233 3242 3302 quia
3274 3247 3393 3285 eam
3424 3231 3681 3301 synodum

2127 3333 2276 3403 jussu
2327 3329 2561 3385 Lotharii
2604 3335 2839 3382 coactam
2886 3325 3047 3378 fuisse
3073 3324 3221 3387 dicit,
3251 3338 3370 3377 cum
3415 3320 3684 3376 Ludovico

2133 3435 2258 3492 rege
2287 3427 2605 3488 procurante
2658 3417 2710 3470 id
2757 3415 2951 3468 factum
2993 3414 3094 3475 sit;
3152 3419 3262 3464 tum
3319 3411 3442 3479 quia
3501 3409 3690 3463 Patres

2135 3509 2318 3580 synodi
2343 3521 2642 3570 recensens,
2671 3510 2932 3558 memorat
2954 3498 3238 3553 Altfridum
3261 3498 3684 3552 Hildesheimen-

2134 3618 2246 3658 sem
2282 3601 2608 3671 episcopum,
2645 3597 2732 3666 qui
2768 3612 2908 3650 anno
2935 3595 3192 3648 duntaxat
3225 3593 3323 3647 851
3357 3609 3475 3646 eam
3505 3591 3686 3648 sedem

2137 3688 2290 3750 iniit;
2323 3687 2466 3741 lletti
2494 3686 2950 3754 archiepisc0pum
2990 3681 3384 3744 Trevirensem,
3421 3677 3686 3733 llildebol-

2139 3779 2264 3832 dum
2309 3776 2699 3838 Coloniensem,
2734 3771 3049 3832 Ludericum
3097 3769 3440 3823 Bremensem
3479 3769 3687 3835 episco-
3730 3820 3734 3825 .

2135 3881 2281 3936 pum,
2312 3875 2366 3919 et
2401 3863 2757 3933 Eginhardum
2794 3860 3036 3913 abbatem
3070 3857 3571 3926 Segensteltensem,
3595 3857 3689 3924 qui

2137 3963 2292 4008 antea
2343 3969 2373 4007 e
2425 3951 2577 4017 vivis,
2615 3951 2875 4014 abierant,
2940 3957 2995 4002 et
3046 3947 3381 4016 Radulphum
3442 3947 3685 4000 abbatem

2140 4044 2196 4101 S.
2229 4042 2459 4098 Medardi
2510 4038 2926 4100 Suessionensis,
2973 4047 3147 4106 postea
3196 4035 3566 4089 Bituricensem
3600 4049 3688 4085 arb

2138 4135 2530 4204 chiepiscopum,
2565 4131 2654 4200 qui
2696 4131 2833 4184 hanc
2856 4127 3166 4197 dignitatem
3190 4125 3300 4193 jam
3326 4125 3521 4178 dudum
3543 4131 3686 4185 ante,

2141 4226 2193 4280 id
2239 4232 2320 4280 est
2367 4223 2433 4276 ab
2483 4236 2622 4275 anno
2668 4219 2788 4286 840,
2819 4217 3140 4272 obtinuerat.
3176 4213 3318 4285 Lege
3369 4212 3694 4268 Henschenii

2139 4313 2606 4374 Commentarium,
2629 4324 2773 4362 num.
2798 4307 2856 4360 5i
2872 4346 2884 4359 .
3438 4353 3440 4355 ,

2208 4404 2297 4458 29.
2341 4422 2359 4454 ‹
2388 4407 2541 4456 Anno
2569 4399 2691 4464 850,
2727 4417 2746 4449 ι
2780 4413 2843 4451 ex
2869 4395 3054 4449 iisdem
3089 4391 3382 4446 Annalibus
3413 4388 3689 4443 Fuldensi-

490 4516 607 4560 rum
639 4508 693 4553 et
721 4495 1094 4552 monachorum
1145 4492 1321 4546 facere
1363 4491 1496 4545 duas
1546 4501 1769 4552 turmas,
1803 4488 1941 4540 sicut
1986 4478 2119 4549 etD
2142 4495 2261 4558 δας,
2299 4511 2317 4544 (
2351 4490 2659 4561 gravissima
2697 4487 2860 4541 fames
2900 4483 3202 4540 Germanias,
3228 4480 3450 4550 populos
3473 4492 3690 4548 oppres.
3726 4512 3728 4515 .

489 4575 745 4653 fecimus;
799 4590 870 4641 ita
907 4594 966 4640 ut
993 4587 1047 4638 in
1074 4599 1178 4638 una
1223 4591 1397 4636 turma
1436 4579 1776 4634 considerent
1807 4576 2039 4645 episcopi

491 4696 610 4736 cum
625 4679 909 4733 notariis...
937 4677 989 4730 in
1012 4675 1114 4728 alia
1133 4688 1260 4728 vero
1285 4684 1456 4725 turma
1482 4670 1733 4724 sederunt
1751 4667 1970 4721 abhates
1990 4674 2044 4720 et

493 4769 700 4840 probati
729 4766 996 4830 monachi,
1028 4762 1283 4832 Regulam
1311 4760 1483 4815 sancti
1509 4757 1774 4811 Benedicti
1805 4756 2042 4824 legentes

494 4867 656 4926 atque
697 4862 986 4909 tractantes
1033 4847 1335 4919 diligenter;
1385 4848 1612 4917 qualiter
1659 4847 2042 4900 monachorum

414 5009 416 5012 ,
494 4950 654 5002 vitam
678 4948 730 5000 in
752 4945 1019 4999 meliorem
1051 4949 1246 4995 statum
1273 4950 1432 5009 atque
1459 4948 1798 5008 augmentum
1823 4952 1919 5004 per
1946 4934 2042 4988 Dei

497 5043 719 5116 gratiam
768 5037 1058 5108 perducere
1101 5040 1355 5104 possent:
1388 5039 1442 5085 et
1483 5031 1784 5099 ubicunque
1829 5043 1924 5108 per
1955 5041 2047 5082 ne-

497 5133 800 5206 gligentiam
829 5137 988 5195 atque
1015 5124 1270 5179 desidiam
1317 5131 1581 5176 rectorum
1630 5121 1885 5190 regularis
1914 5120 2044 5174 ordo

495 5223 731 5290 dilapsus
773 5217 977 5279 fuisset,
1022 5227 1230 5266 rursum
1271 5211 1559 5265 secundum
1590 5224 1833 5262 normam
1873 5209 2046 5263 sancti

496 5309 769 5367 Benedicti
800 5307 1187 5361 restitueretur.
1225 5322 1241 5354 ι
1278 5303 1335 5355 ln
1362 5301 1448 5353 illa
1481 5300 1642 5353 etiam
1680 5299 1881 5368 synodo
1919 5313 2050 5351 ven—

500 5404 646 5461 tilata
687 5407 769 5455 est
805 5412 964 5451 causa
1012 5394 1284 5462 cujusdam
1343 5410 1360 5442 ι
1397 5388 1946 5459 pseudoprophetissm
1985 5384 2050 5441 de

495 5491 826 5546 Alamanniae
863 5485 1124 5555 partibus,
1161 5484 1373 5537 nomine
1419 5480 1637 5541 'fhiotaa,
1671 5495 1789 5547 qua:
1811 5477 2050 5531 Salomo-

503 5585 584 5636 nis
613 5580 842 5648 episcopi
876 5573 1336 5646 (Constantiensis)
1380 5569 1686 5638 parochiam
1730 5569 1840 5621 suis
1865 5568 2049 5621 vatici-

509 5675 608 5726 niis
631 5687 732 5724 non
760 5667 977 5722 minime
1006 5665 1334 5729 turbaverat,
1374 5660 1889 5746 assercndocertum
1916 5674 2049 5712 con--

2142 4583 2234 4648 sit,
2261 4581 2489 4634 maxime
2517 4579 2659 4633 circa
2703 4575 2943 4645 Rhenum
2992 4570 3347 4632 habitantes;
3393 4584 3517 4623 nam
3551 4579 3693 4621 unus

2144 4670 2351 4725 modius
2380 4667 2446 4722 de
2481 4667 2746 4720 frumento
2788 4661 3104 4734 Mogontiaci
3146 4659 3474 4721 vendebatur
3500 4659 3693 4713 decem

2143 4759 2288 4816 siclis
2317 4757 2540 4826 argenti.
2581 4752 2884 4809 Morabatur
2912 4760 3087 4805 autem
3119 4765 3183 4803 eo
3208 4758 3442 4818 tempore
3470 4746 3692 4800 HRaba-

2143 4865 2244 4903 nus
2285 4846 2711 4914 archiepiscopus
2741 4844 2791 4895 in
2831 4841 3060 4911 quadam
3101 4839 3222 4892 villa
3268 4839 3533 4908 parochias
3560 4851 3690 4902 suae,

2149 4939 2232 4994 cui
2261 4935 2572 4990 vocabulum
2611 4941 2692 4987 est
2724 4929 3013 4994 Winzella;
3052 4938 3106 4983 et
3138 4943 3397 4997 pauperes
3427 4929 3492 4982 de
3520 4927 3694 4981 diver-

2149 5028 2223 5082 sis
2265 5026 2395 5079 locis
2428 5024 2701 5078 venientes
2731 5020 3040 5088 suscipiens,
3098 5016 3333 5085 quotidie
3369 5016 3485 5084 plus
3531 5029 3692 5083 quam

2149 5125 2418 5172 trecentos
2447 5114 2695 5166 alimento
2741 5106 3088 5169 sustentabat,
3133 5105 3367 5174 exceptis
3410 5105 3492 5158 his
3520 5103 3608 5172 qui
3637 5104 3692 5157 in

2150 5206 2432 5280 praesentia
2463 5204 2600 5257 illius
2626 5201 2977 5254 vescebantur
3000 5197 3229 5251 assidue.
3256 5215 3272 5245 ι
3305 5195 3422 5248 Jam
3449 5193 3695 5262 superius

2152 5317 2214 5354 ex
2247 5295 2540 5352 Trithemio
2565 5299 2805 5345 notatum
2831 5299 2911 5344 est
2944 5295 3155 5356 quanta!
3180 5286 3454 5339 charitatis
3492 5285 3542 5336 in
3565 5298 3695 5352 pau-

2148 5379 2305 5455 peres
2353 5382 2512 5436 fuerit
2554 5379 2736 5433 abbas.
2800 5377 2873 5431 De
2923 5373 3180 5428 Winzclla
3227 5388 3402 5426 sermo
3457 5379 3697 5425 recurret

2152 5491 2297 5530 num.
2334 5474 2421 5528 '58.
2457 5471 2651 5524 Eodem
2685 5482 2822 5520 anno
2859 5466 2980 5528 850,
3010 5472 3063 5519 et
3089 5464 3298 5531 quidem
3326 5482 3344 5512 (
3375 5479 3405 5514 v
3437 5463 3552 5516 Kal.
3591 5463 3696 5515 No-

2153 5546 2401 5625 vembris,
2453 5557 2679 5614 ecclesia
2727 5556 2909 5609 Sancti
2962 5553 3218 5620 Wigberti
3277 5573 3294 5603 ι
3344 5553 3398 5606 in
3451 5553 3696 5607 cmnobio

2152 5649 2530 5714 Fritislariensi
2563 5665 2580 5695 ι
2605 5646 2841 5700 dedicata
2864 5651 2945 5697 est
2967 5658 2995 5695 a
3018 5641 3235 5696 Rabano
3260 5641 3696 5718 Mogontiaccusis
