3940 6320
251 353 310 408 9-5
343 308 348 312 ι
1596 350 2116 406 PROLI'ICOMEN'A.

3376 361 3452 422 Si?

253 461 488 519 ecclesia:
520 461 936 530 archiepiscopo,
977 479 993 511 ι
1026 475 1090 513 ex
1119 460 1382 514 Chronico
1427 460 1791 515 llildencshei-
1821 461 1868 518 Α
1895 461 2082 525 fectus,
2116 463 2320 517 tametsi
2351 473 2564 518 vacaret
2597 461 2928 530 regularibus
2971 470 3241 540 exercitiis
3270 482 3324 526 et
3361 472 3449 527 ib-

254 567 441 606 lllEllSl.

321 641 406 693 50.
440 657 459 690 ι
493 641 643 693 Anno
672 640 773 695 852
803 641 983 694 habita
1026 647 1108 693 est
1158 639 1389 708 synodus
1434 655 1498 693 ex
1525 639 1793 693 voluntate

253 741 411 798 alque
455 738 719 798 praecepto
748 727 1060 782 landowici
1088 727 1412 780 serenissimi
1452 727 1704 795 principis
1738 727 1791 778 in

252 821 468 872 civitate
512 817 771 886 Mogontia
813 817 1085 885 metmpoli
1120 816 1434 878 Ger-munire,
1477 815 1792 883 praesidente

252 906 522 960 llRabano
564 905 846 958 venerabili
881 905 1112 974 ejusdem
1169 905 1316 958 urbis
1371 904 1788 971 archiepiscopo,

252 1009 370 1048 cum
422 995 666 1046 omnibus
690 993 946 1062 episcopis
993 1001 1149 1060 atque
1195 993 1471 1046 abbatibus
1520 993 1792 1069 orientalis

251 1084 509 1144 Francius,
560 1083 811 1150 Bajoarize
839 1091 890 1136 et
943 1082 1208 1136 Saxonizc.
1263 1083 1326 1135 Et
1365 1083 1436 1135 illi
1476 1084 1684 1151 quidem
1729 1084 1791 1136 de

252 1174 584 1227 absolvendis
642 1173 1019 1240 qumstionibus
1077 1174 1435 1250 ecclesiastice
1508 1182 1790 1226 tractatum

250 1264 531 1316 habebant.
586 1263 695 1316 Rex
732 1279 855 1316 vero
891 1279 1009 1317 cum
1058 1264 1386 1332 principibus
1427 1271 1480 1316 et
1528 1263 1791 1331 prtefectis

246 1353 634 1420 provinciarum
662 1352 882 1418 publicis
911 1353 1083 1404 causis
1105 1351 1390 1418 litibusque
1416 1350 1790 1418 componendis

248 1443 519 1505 insistens,
544 1451 816 1510 postquam
846 1441 1114 1510 synodalia
1143 1456 1325 1494 eorum
1352 1440 1564 1495 decreta
1594 1455 1690 1493 suo
1712 1440 1794 1507 ju-

247 1530 386 1583 dicio
431 1529 812 1597 comprobavit,
867 1529 1164 1599 Bajoariam
1209 1545 1453 1583 reversus
1500 1525 1599 1583 est.
1650 1547 1667 1579 ι
1714 1527 1790 1583 De

245 1618 510 1685 episcopis
547 1617 634 1683 qui
687 1617 808 1671 huic
845 1617 1066 1670 concilio
1102 1616 1452 1670 interfuerunt
1499 1617 1606 1685 agit
1642 1615 1787 1668 Hen-

245 1705 494 1758 scbenius
542 1705 593 1757 in
629 1703 1007 1758 Commentarii
1054 1719 1200 1755 num.
1255 1703 1344 1766 51,
1399 1704 1490 1756 ubi
1538 1704 1778 1770 quadam

246 1794 524 1848 Trithemii
550 1802 724 1846 errata
761 1794 979 1861 corrigit
1004 1810 1016 1844 :
1041 1792 1274 1861 assignat
1292 1791 1454 1845 etiam
1495 1806 1644 1846 suam
1671 1792 1784 1846 cui-
1819 1775 1862 1831 B

244 1897 348 1950 que
371 1883 544 1936 sedem
592 1882 868 1949 episcopis,
921 1882 1010 1948 qui
1074 1882 1248 1949 primo
1306 1880 1508 1933 Rabani
1565 1880 1788 1934 concilio

244 1979 533 2039 praesentes
572 1969 805 2032 fuerunt,
839 1985 983 2022 num.
1039 1969 1124 2022 49.
1156 1970 1307 2022 Αηηο
1336 1969 1439 2022 855
1485 1969 1662 2021 habita
1709 1962 1823 2022 est.

243 2063 478 2131 synodus
507 2079 525 2110 ‹
558 2061 609 2113 in
636 2061 831 2128 palatio
858 2060 1002 2128 regio
1028 2057 1445 2120 Franconoford,
1484 2076 1502 2106 ι
1529 2067 1788 2125 przesente

241 2147 510 2201 Ludovico
552 2146 848 2201 Germanice
894 2160 1038 2212 rege,
1093 2146 1146 2198 in
1199 2160 1302 2213 qua
1352 2145 1476 2212 quid
1511 2145 1787 2199 ‘Gozberto

241 2237 664 2306 Osnahruggensi
697 2237 944 2304 episcopo
990 2238 1040 2289 in
1069 2235 1461 2288 llerifordensis
1501 2235 1789 2302 partheno-

241 2328 327 2380 nis
354 2327 606 2380 ecclesias
624 2334 922 2394 competere
943 2326 1178 2388 deberet,
1201 2323 1476 2377 definitum
1497 2332 1579 2376 est
1606 2337 1786 2377 coram

239 2411 508 2464 Ludovico
546 2425 666 2477 rege
713 2428 730 2460 ‹
780 2421 833 2463 et
862 2410 1262 2478 archiepiscopo
1293 2409 1582 2472 IlRabano,
1630 2417 1788 2462 caste-

239 2502 422 2569 risque
469 2517 590 2554 cum
635 2516 699 2555 eo
724 2501 776 2554 in
806 2501 1003 2570 synodo
1032 2501 1328 2567 agentibus.
1369 2520 1386 2552 ι
1423 2499 1550 2569 Ejus
1598 2500 1674 2554 rei
1710 2500 1789 2554 di-

236 2591 417 2658 ploma
470 2590 607 2642 idem
663 2604 776 2667 rex‘
829 2590 1111 2652 concessit,
1175 2590 1416 2657 superius
1469 2589 1668 2643 editum
1699 2653 1703 2656 λ
1733 2591 1786 2644 ἰη

236 2677 708 2732 Observationibus
735 2678 944 2746 praeviis
981 2678 1046 2730 ad
1092 2677 1370 2738 historiam
1418 2677 1786 2732 translationis

236 2768 295 2821 S.
332 2769 437 2820 Viti
471 2780 518 2821 ⁸.

304 2852 397 2906 51.
429 2851 516 2906 Sic
539 2861 827 2922 occupatus
848 2853 900 2905 in
935 2852 1170 2905 muneris
1200 2852 1281 2904 sui
1309 2849 1492 2905 olliciis
1516 2853 1786 2920 piissimus

233 2946 485 3023 antistes,
509 2945 593 2998 vix
620 2945 988 3013 interspirandi
1020 2953 1229 3012 tempus
1249 2944 1501 2997 habebat.
1528 2945 1694 3012 Quam
1715 2947 1783 3001 ob

211 3048 348 3091 rem
387 3051 417 3088 a
469 3033 709 3088 Freculfo
743 3035 1053 3088 Lexoviensi
1092 3035 1664 3109 episcopoinstigatus
1714 3038 1780 3090 ad

231 3126 546 3183 scribendos
571 3127 976 3180 commentarios
1006 3126 1057 3179 in
1084 3107 1363 3190 Genesim,
1397 3126 1468 3180 ita
1495 3127 1742 3200 rescribit
1767 3146 1777 3180 :
1809 3100 1852 3172 (δ

235 3235 254 3265 ι
287 3215 567 3284 Injunxisti
620 3225 676 3268 ut
705 3215 1187 3269 Pentateuchum...
1224 3215 1536 3284 digererem.
1585 3216 1780 3269 Verum

229 3306 346 3358 hmc
374 3313 630 3374 quantum
656 3320 823 3358 meam
852 3305 1258 3374 possibilitatem
1285 3306 1562 3370 excedant,
1592 3315 1644 3360 tu
1672 3318 1783 3367 me-

228 3397 334 3453 lius
385 3379 546 3461 nosti,
592 3411 710 3450 cum
782 3398 835 3449 in
887 3396 1190 3450 difficillimo
1261 3397 1378 3452 loco
1435 3413 1778 3463 conversaris,

229 3493 452 3557 propter
502 3502 682 3540 curam
724 3487 894 3556 gregis
945 3488 1225 3551 Dominici,
1273 3504 1340 3541 ne
1379 3489 1425 3542 ei
1479 3490 1779 3542 necessaria

229 3577 427 3636 desint,
463 3586 665 3629 tantum
695 3585 979 3644 occupatus
1007 3577 1127 3639 sim,
1155 3584 1211 3630 ut
1248 3564 1346 3631 nec
1392 3577 1615 3632 aliorum
1640 3569 1779 3633 diéta

227 3667 526 3736 perlegere,
557 3680 655 3718 nec
677 3665 887 3734 propria
916 3667 1216 3729 excogitare
1243 3665 1420 3720 liceat.
1456 3685 1474 3716 ι

825 3775 1046 3828 CAPUT
1086 3774 1190 3828 VII.

375 3845 646 3901 Scribendi
674 3845 918 3907 studium,
964 3845 1242 3897 reverentia
1266 3850 1402 3912 'erga
1433 3843 1638 3901 Patres.

295 3937 390 3990 52.
424 3937 624 3990 Tantus
650 3945 765 3990 erat
793 3934 906 4002 ejus
956 3950 1104 3989 amor
1138 3935 1190 3988 in
1223 3934 1447 3999 litteras,
1477 3945 1536 3988 ut
1561 3951 1679 3989 eum
1713 3936 1780 3989 ab

224 4027 504 4081 scribendi
533 4026 706 4102 studio
735 4039 836 4078 non
865 4025 1085 4085 docendi
1122 4024 1271 4080 labor
1295 4033 1347 4078 et
1377 4026 1497 4079 vita:
1524 4025 1781 4095 regularis

222 4113 427 4176 cilicia,
457 4127 560 4165 non
596 4113 1179 4180 varizepccupationes,
1209 4128 1313 4166 non
1348 4113 1575 4181 denique
1610 4113 1779 4168 morbi

221 4208 567 4259 revocarent.
608 4199 800 4284 Facjlis
830 4203 1024 4269 quippe
1052 4201 1342 4254 amicorum
1382 4216 1569 4268 parere
1595 4201 1780 4256 volun-

221 4290 344 4352 tati,
380 4287 437 4341 id
466 4303 625 4340 unum
656 4288 894 4350 curabat,
937 4296 995 4340 ut
1025 4287 1221 4342 Christi
1251 4287 1501 4342 Ecclesia:
1531 4287 1780 4344 aliorum-

218 4393 326 4448 que
356 4376 520 4430 saluti
547 4358 795 4446 prodesse
819 4385 1014 4445 posset.
1043 4376 1154 4431 Hoc
1181 4378 1370 4445 probat
1403 4379 1516 4447 ejus
1540 4377 1774 4446 praefatio

216 4467 270 4520 in
316 4466 522 4519 librum
558 4448 831 4528 .luidicum,
871 4463 1162 4519 Humberto
1186 4465 1628 4535 Wirtziburgeusi
1665 4467 1776 4535 epi-

215 4571 386 4624 scOpo
416 4555 692 4623 inscripta,
725 4554 874 4620 cujus
902 4556 1015 4609 haec
1051 4556 1216 4609 verba
1241 4572 1253 4606 :
1285 4573 1303 4604 ι
1335 4555 1497 4624 Igitur
1528 4557 1650 4625 quia
1676 4543 1799 4626 pa-~

215 4647 460 4700 ternitas
497 4653 582 4698 tua
623 4661 652 4698 a
698 4657 878 4699 nostra
924 4646 1212 4716 exiguitate
1253 4647 1318 4700 ad
1344 4649 1444 4702 hoe
1479 4649 1776 4716 aliquantu-

214 4736 326 4789 lum
373 4735 598 4802 dignata
626 4746 708 4787 est
732 4749 972 4802 qumrere
998 4736 1275 4802 solatium;
1301 4745 1520 4806 propter
1540 4753 1773 4792 amorem

214 4825 310 4876 Dei
350 4830 411 4875 et
459 4831 688 4875 vestram
732 4823 891 4876 etiam
944 4824 1196 4878 humilem
1242 4827 1294 4879 in
1324 4841 1387 4880 eo
1417 4827 1771 4892 dilectionem,

215 4913 489 4971 humilem
528 4911 579 4963 in
609 4911 706 4964 hoc
732 4927 894 4980 opere
918 4911 1167 4980 profiteor
1195 4927 1278 4967 me
1309 4914 1461 4967 vobis
1499 4929 1617 4968 esse
1641 4915 1773 4968 velle

212 5002 566 5062 servitorem,
616 5009 670 5054 et
696 5001 818 5055 boni
867 5001 1056 5065 studii,
1099 5011 1352 5070 quantum
1391 5002 1566 5056 divina
1601 5004 1764 5072 grati:

213 5093 500 5156 annuerit,
532 5093 844 5146 benevolum
873 5092 1184 5160 adjutorem.
1224 5113 1242 5145 ι
1276 5094 1338 5147 Εῑ
1377 5094 1428 5147 in
1456 5094 1676 5162 epistola
1706 5096 1771 5147 ad

217 5181 557 5235 Ludovicum
587 5195 764 5249 regem
794 5181 944 5235 initio
979 5179 1491 5235 Commentariorum
1529 5182 1580 5236 in
1611 5181 1772 5235 libros

217 5269 657 5323 Machabarorum
691 5284 704 5320 :
743 5286 760 5318 ι
802 5268 1062 5334 Quandiu,
1103 5270 1291 5337 inquit,
1348 5271 1398 5322 in
1430 5271 1528 5324 hoc
1555 5285 1772 5339 cerpus-

215 5357 340 5411 culo
388 5357 620 5418 vixero,
659 5356 712 5408 in
749 5355 944 5409 Christi
1015 5357 1260 5420 servitio,
1317 5366 1472 5425 prout
1526 5359 1775 5425 possibile

215 5446 404 5508 fuerit,
433 5445 679 5497 laborare
704 5445 981 5498 contendo.
1013 5465 1032 5496 ι
1061 5437 1304 5498 Fuldensi
1334 5448 1619 5500 acadcmizc
1641 5461 1774 5512 prae-

289 5571 314 5597 ει
349 5558 490 5611 Vide
538 5557 848 5626 Patrologite
877 5564 1001 5610 tom.
1047 5556 1176 5622 CIV,
1223 5558 1360 5611 inter
1408 5559 1653 5613 Ludovici
1691 5557 1766 5610 Pii

213 5627 546 5702 Diplomata.

1800 4428 1852 4486 D

1892 551 2154 603 struendae
2181 550 2474 619 juventuti;
2528 569 2633 606 non
2673 564 2847 609 tamen
2879 558 3167 612 desistebat
3215 577 3243 614 a
3271 565 3444 616 conli—

1891 638 2091 691 ciendis
2105 643 2500 695 commentariis
2515 657 2580 695 ex
2599 645 2874 699 sententiis
2885 645 3124 711 Patrum,
3141 656 3200 700 ut
3216 656 3447 704 testatur

1890 725 2005 792 ejus
2030 728 2248 794 epistola
2278 731 2341 782 ad
2368 730 2681 784 Haistulfum
2716 733 3194 804 Mogontiacensem
3227 741 3436 806 episco-

1888 829 2011 882 pum
2044 832 2138 884 pro
2163 820 2490 886 expositione
2524 822 2577 873 in
2625 821 2928 875 Matthmum
2973 842 2985 876 ε
3023 841 3041 874 ι
3071 824 3270 878 Horum
3313 842 3446 895 ergo

1843 979 1846 981 Δ
1889 902 2101 957 lectioni
2135 907 2390 970 intentus,
2432 917 2688 976 quantum
2719 912 2846 965 mihi
2866 927 2976 980 pra:
3002 914 3294 970 innumeris
3321 933 3436 970 mo-

1891 997 2106 1048 nasticm
2153 998 2423 1051 servitutis
2453 1000 2760 1055 retinaculis
2806 1002 2974 1064 licuit,
3028 1014 3083 1058 et
3127 1021 3226 1073 pro
3264 1007 3436 1059 nutri-

1890 1093 2068 1136 mento
2109 1086 2471 1151 parvulorum,
2499 1090 2637 1155 quod
2681 1106 2784 1143 non
2828 1107 3048 1160 parvam
3076 1095 3441 1164 nobisingerit

1888 1175 2208 1239 molestiam,
2255 1185 2308 1229 et
2353 1175 2597 1232 lectionis
2635 1179 2760 1234 facit
2801 1182 3081 1250 injuriam;
3143 1183 3256 1252 ipse
3309 1186 3439 1238 mihi

1889 1262 2114 1317 dictator
2142 1266 2298 1318 simul
2342 1275 2396 1320 et
2440 1270 2678 1324 notarius
2706 1272 2962 1336 existens,
3004 1274 3056 1326 in
3096 1275 3347 1328 schedula
3377 1291 3439 1329 ea

1890 1354 2142 1406 mandare
2185 1356 2367 1408 curavi
2397 1373 2514 1424 quae
2543 1357 2610 1412 ab
2639 1361 2716 1413 eis
2756 1362 2999 1429 exposita
3038 1371 3179 1427 sunt,
3202 1363 3286 1416 vel
3312 1365 3440 1432 ipsis

1889 1454 2070 1494 eorum
2110 1443 2342 1512 syllabis,
2378 1446 2457 1498 vel
2502 1455 2645 1500 certe
2668 1449 2802 1502 meis
2827 1450 3102 1506 breviandi
3141 1467 3300 1506 causa
3327 1469 3439 1507 ser-

1890 1531 2154 1585 monibus.
2187 1553 2202 1583 ι
2233 1534 2429 1589 Bedam
2461 1537 2830 1594 Venerabilem
2870 1543 3127 1609 imitatus,
3158 1543 3307 1610 cujus
3329 1544 3440 1599 fere

1889 1619 2072 1672 eadem
2115 1621 2274 1674 verba
2309 1632 2432 1676 sunt
2458 1626 2511 1678 in
2550 1627 2664 1695 ejus
2693 1628 2875 1696 Elogio
2916 1630 3078 1683 relata
3117 1632 3312 1685 smculo
3349 1647 3438 1686 su-

1889 1712 2086 1779 periori
2114 1714 2161 1765 b.
2200 1713 2378 1770 Abbas
2400 1716 2571 1774 factus
2592 1719 2731 1772 idem
2759 1721 2990 1794 studium
3019 1723 3198 1786 coluit,
3227 1723 3436 1778 tametsi

1897 1818 1914 1848 ι
1946 1801 1998 1852 in
2029 1801 2250 1855 desertis
2287 1803 2417 1858 locis
2459 1821 2798 1872 conversans,
2824 1810 3056 1863 maxima
3085 1812 3433 1880 occupatione

1889 1886 2236 1954 detineretur,
2267 1907 2371 1959 qua
2399 1896 2599 1949 servire
2620 1912 2682 1950 ac
2720 1900 3018 1952 necessaria
3043 1899 3323 1967 providere
3353 1900 3435 1952 fa«

1890 1971 2045 2032 mulis
2064 1977 2261 2034 Christi
2284 1982 2380 2035 sub
2404 1982 2602 2053 Regula
2626 1988 2795 2040 sancti
2824 1987 3094 2042 Benedicti
3121 1989 3433 2058 degentibus

1889 2066 2122 2136 quotidie
2151 2070 2572 2139 compelleretur,
2618 2091 2718 2131 nec
2758 2078 2926 2130 otium
2970 2078 3189 2133 haberet
3219 2078 3434 2133 Patrum

1887 2155 2026 2210 dicta
2053 2157 2278 2224 pleniter
2301 2165 2645 2230 perscrutari,
2681 2185 2700 2217 ι
2731 2167 2803 2219 uti
2833 2169 3017 2221 scribit
3044 2169 3095 2224 in
3120 2170 3342 2239 epistola
3368 2172 3435 2224 ad

1887 2242 2193 2299 Freculfum
2244 2248 2622 2306 Lexoviensem
2665 2255 2716 2306 in
2765 2255 2933 2308 Gallia
2973 2257 3298 2326 episcopum,
3350 2261 3448 2312 cui'

1889 2334 2051 2387 mittit
2077 2338 2460 2404 expositionem
2489 2356 2635 2394 suam
2665 2342 2718 2394 in
2746 2342 3046 2418 Leviticum‘
3071 2364 3083 2398 :
3107 2348 3247 2414 quod
3272 2348 3430 2400 etiam

1889 2422 2099 2477 dixerat
2136 2425 2185 2477 in
2225 2427 2444 2494 epistola
2470 2429 2534 2480 ad
2571 2430 2832 2493 eumdem,
2867 2447 2984 2484 cum
3011 2425 3431 2502 erplanationem

1889 2510 1945 2563 in
1978 2511 2221 2567 Genesim
2253 2515 2352 2581 ipsi
2382 2515 2591 2569 direxit.
2641 2516 2774 2582 Quid
2825 2519 3096 2587 scripserit
3133 2523 3430 2591 episcopus,

1886 2609 2074 2668 postea
2108 2602 2419 2656 videbimus.
2446 2603 2514 2656 At
2541 2603 2704 2674 (quod
2729 2606 2894 2674 magis
2930 2608 3145 2677 mirere)
3187 2625 3288 2663 non
3314 2627 3434 2664 eum

1887 2690 1953 2743 ab
1979 2693 2078 2745 hoc
2101 2707 2261 2760 opere
2286 2693 2456 2746 morbi
2493 2696 2914 2760 remorabantur,
2939 2699 3193 2765 probante
3214 2701 3432 2767 epistola

1886 2779 1953 2831 ad
1995 2778 2306 2833 Lotharium
2326 2781 2616 2849 Augustum
2647 2782 2698 2834 in
2729 2782 3164 2840 Commentarios
3184 2787 3432 2841 Ezechie-

1885 2867 1989 2921 lis:
2041 2887 2058 2919 ι
2099 2868 2247 2934 Quod
2277 2883 2428 2932 vero,
2455 2870 2646 2938 inquit,
2693 2871 2848 2925 tertio
2879 2871 2993 2925 loco
3018 2873 3322 2941 postulastis
3368 2877 3436 2929 de

1883 2958 2179 3023 Ezechiele,
2227 2959 2278 3012 in
2328 2960 2572 3027 praasenti
2619 2960 2890 3030 opusculo,
2942 2971 3097 3030 prout
3150 2964 3432 3020 infirmitas

1885 3048 2121 3116 corporis
2162 3056 2217 3101 et
2265 3048 2495 3116 parvitas
2548 3048 2742 3118 ingenii
2797 3049 2946 3115 sinit,
2995 3051 3293 3105 confectum
3341 3053 3434 3106 ha-

1883 3137 2042 3191 betis.
2075 3155 2093 3187 »
2124 3137 2190 3190 Et
2213 3137 2265 3190 in
2295 3136 2607 3205 praefatione
2646 3138 2807 3192 libelli
2847 3138 2912 3193 de
2951 3140 3117 3206 sacris
3149 3138 3435 3196 Ordinibus

1886 3226 1950 3279 ad
1973 3227 2353 3280 Theotmarum
2380 3226 2453 3279 ita
2480 3225 2751 3293 loquitur:
2783 3245 2801 3277 ι
2838 3225 2972 3292 Quia
2999 3228 3435 3298 mei'cooperato-

1887 3329 1998 3367 rem
2027 3315 2077 3368 in
2119 3329 2271 3368 sacro
2319 3313 2615 3384 ministerio
2662 3315 2815 3384 elegi,
2853 3316 3039 3370 hortor
3068 3325 3124 3370 ut
3167 3318 3306 3386 quod
3335 3333 3431 3386 pro
3494 3363 3497 3369 .

1882 3401 2192 3457 inﬁrmitate
2243 3403 2481 3470 corporis
2530 3418 2709 3457 coram
2780 3404 2964 3458 multis
3010 3419 3276 3473 exponere
3326 3422 3429 3460 non

1880 3504 2114 3558 possum,
2142 3498 2218 3554 tu,
2258 3491 2344 3557 qui
2369 3489 2550 3556 junior
2583 3498 2737 3544 aztate
2757 3498 2810 3544 et
2835 3492 3058 3546 validior
3085 3509 3140 3547 es
3181 3510 3424 3562 corpone,

1883 3577 1987 3631 illis
2006 3578 2095 3645 qui
2112 3579 2176 3630 ad
2195 3577 2547 3631 sacerdotium
2572 3579 2800 3630 ordinati
2822 3587 2964 3643 sunt,
2994 3589 3048 3632 et
3074 3582 3426 3636 ministerium

1882 3665 2207 3719 sacerdotale
2249 3650 2405 3734 agere
2435 3666 2644 3730 debent,
2689 3674 2868 3719 notum
2906 3665 3086 3730 facias,
3131 3675 3183 3722 et
3207 3670 3286 3724 eis
3309 3685 3431 3738 per-

1879 3756 2126 3820 suadeas,
2157 3756 2262 3807 imo
2281 3755 2490 3823 jubeas,
2538 3762 2595 3806 ut
2632 3754 2908 3823 diligenter
2939 3755 3171 3819 discant,
3199 3759 3339 3825 quod
3369 3760 3420 3812 in

1879 3845 1982 3898 hoc
2022 3844 2271 3913 Opusculo
2306 3845 2661 3912 conscriptum
2713 3853 2813 3898 est.
2855 3865 2871 3896 ι
2917 3846 3151 3915 Denique
3189 3849 3243 3902 in
3292 3865 3426 3917 prm-

1885 3932 2086 3988 fatione
2167 3948 2325 4002 super
2380 3933 2667 3987 Jeremiam
2729 3953 2741 3987 :
2803 3953 2820 3985 ι
2880 3936 3042 3990 Gravi
3114 3940 3426 4008 :egritudine

1877 4035 2111 4090 pressus,
2162 4019 2274 4087 jam
2307 4022 2496 4090 saepius
2530 4022 2593 4094 in
2632 4023 2828 4078 lectulo
2872 4027 3126 4080 accumbo
3170 4043 3329 4095 quam
3360 4030 3429 4082 ad

1879 4111 2215 4165 scribendum
2241 4111 2324 4165 vel
2354 4111 2419 4165 ad
2443 4111 2720 4181 legendum
2752 4113 2805 4175 in
2829 4115 3163 4170 meditatorio
3198 4119 3372 4172 sedeo.
3399 4139 3418 4170 ι

1947 4200 2034 4254 35.
2065 4199 2272 4265 Quanta
2300 4199 2463 4254 fuerit
2507 4199 2620 4267 ejus
2653 4202 2990 4256 observantia
3043 4218 3167 4271 erga
3213 4215 3433 4260 sanctos

1877 4289 2062 4343 Patres
2090 4290 2282 4343 docent
2316 4304 2478 4357 Opera
2504 4288 2838 4356 ejusomnia,
2873 4307 2991 4360 quas
3014 4293 3125 4361 ipse
3153 4309 3218 4348 ex
3242 4309 3424 4353 eorum

1878 4378 2152 4433 sententiis
2179 4378 2468 4440 contexuit,
2504 4379 2760 4448 appositis
2795 4380 2862 4434 ad
2890 4383 3182 4451 marginem
3205 4387 3429 4440 nomini-

1875 4469 1974 4522 bus
2002 4486 2013 4520 :
2046 4487 2064 4519 ‹
2107 4484 2174 4522 ne
2200 4468 2458 4535 majorum
2497 4469 2636 4522 dicta
2663 4469 2850 4533 furari,
2893 4479 2945 4524 et
2973 4472 3086 4525 haec
3123 4476 3275 4541 quasi
3307 4492 3421 4531 mea

1873 4558 2086 4626 pr0pria
2141 4569 2459 4624 componere
2513 4555 2680 4620 dicar,
2725 4576 2742 4608 ι
2795 4557 2871 4616 ait
2917 4558 2971 4610 in
3006 4559 3314 4627 praefatione
3357 4564 3424 4617 ad

1874 4647 2108 4701 Matthazi
2154 4645 2514 4715 Evangelium.
2573 4645 2630 4698 1d
2680 4652 2858 4699 autem
2900 4646 2974 4700 ita
3021 4651 3326 4715 prassubat,
3368 4662 3431 4706 ut

1875 4737 2068 4790 ibidem
2089 4734 2200 4803 ipse
2219 4735 2364 4798 dicit,
2391 4734 2442 4786 in
2471 4734 2803 4788 commodum
2827 4733 3049 4789 aliorum
3076 4753 3089 4788 :
3120 4753 3138 4785 ε
3173 4747 3228 4790 ut
3255 4739 3432 4794 lector-

1872 4824 2227 4897 pauperculus
2254 4824 2343 4892 qui
2370 4823 2625 4876 librorum
2647 4823 2852 4890 copiam
2873 4839 2976 4877 non
3007 4823 3182 4887 habet,
3198 4817 3306 4882 'aut
3333 4827 3422 4881 cui

1877 4917 1929 4969 in
1959 4915 2197 4984 pluribus
2225 4915 2450 4968 scrutari
2485 4913 2772 4982 profundos
2815 4928 3004 4968 sensus
3053 4914 3271 4969 Patrum
3315 4933 3424 4971 non

1875 5005 2017 5067 licet,
2071 5003 2258 5058 saltem
2297 5003 2349 5055 in
2393 5003 2496 5056 isto
2535 5001 2904 5057 sufﬁcientiam
2957 5019 3066 5057 sua:
3115 5004 3423 5074 indigentia:

1875 5091 2130 5146 inveniat.
2163 5110 2180 5142 ι
2213 5089 2361 5154 Quod
2388 5090 2587 5156 optimo
2617 5089 2838 5144 consilio
2859 5090 3057 5144 factum
3084 5094 3150 5145 ab
3177 5108 3240 5146 eo
3262 5108 3428 5148 nemo

1875 5181 2164 5250 negaverit,
2190 5179 2279 5246 qui
2305 5177 2559 5232 librorum
2584 5178 2878 5241 raritatem,
2903 5178 3074 5248 qualis
3096 5195 3159 5232 eo
3183 5190 3425 5248 tempore

1877 5279 2011 5335 erat,
2039 5269 2413 5324 considerabit.
2440 5267 2573 5320 Nam
2600 5276 2748 5348 extra
2779 5269 3100 5322 monasteria
3125 5271 3280 5323 nulla:
3308 5270 3422 5324 fere

1877 5359 2205 5414 bibliotheca:
2229 5356 2577 5422 habebantur,
2610 5371 2676 5410 ne
2714 5357 2922 5424 quidem
2952 5359 3005 5411 in
3031 5360 3416 5413 cathedralibus

1876 5448 2140 5516 plerisque
2175 5444 2432 5509 ecclesiis,
2485 5452 2545 5498 ut
2589 5443 2654 5498 de
2703 5460 2796 5498 sua
2848 5445 3158 5500 Lexoviensi
3192 5455 3416 5500 testatur

1876 5633 1895 5678 ι
1948 5557 1974 5595 δ
2017 5555 2148 5677 liidc
2188 5551 2498 5622 Patrologitn
2543 5561 2668 5606 tom.
2723 5550 2828 5617 XC,
2887 5553 3018 5622 Opp.
3083 5553 3210 5607 Ven.
3263 5552 3413 5607 Bcth

1899 5640 2004 5678 om.
2069 5663 2080 5677 .

1899 5640 2004 5680 Olli.
2045 5640 2080 5677 ι.
