3940 6336
490 385 560 444 27

1604 371 1697 427 AD
1728 340 1950 426 orsus
1990 363 2049 416 Β.
2089 358 2338 413 ιιΑΒΑΝι
2377 355 2589 412 MAURI

3606 342 3686 403 .28

491 503 766 560 l-‘recull’us
793 503 846 557 in
867 499 1092 570 epistola
1118 498 1181 552 ad
1202 494 1496 554 .labanum,
1523 505 1553 543 a
1582 501 1688 558 (luo
1709 485 1863 555 petiit
1882 481 2039 536 Com—
2066 481 2110 536 Α
2140 561 2174 570 ῃ
2207 471 2590 570 '55._Adversus
2622 479 2830 570 morum
2867 453 3693 570 relaxatioues‘Jscr-ipsi't'ﬁpml-

494 592 782 648 tuentarios
817 588 872 644 in
895 585 1308 644 Pentateucbum
1335 586 1617 636 contextos
1659 591 1728 631 ex
1748 575 1907 630 dictis
1934 572 2039 626 Pa-

494 689 634 736 trum
670 699 682 734 :
739 698 756 731 ι
794 680 932 748 Ergo
960 677 1004 731 si
1052 675 1256 743 aliquas
1299 667 1660 725 excusationis
1714 662 2044 734 praetendere

497 770 782 824 tentaveris
827 765 1150 827 occasiones,
1199 775 1265 816 ne
1312 766 1471 814 tanta:
1506 757 1662 811 molis
1702 769 1837 824 opus
1865 754 2046 822 ingen-

496 861 672 928 tisque
715 856 910 910 laboris
941 852 1169 918 subeas;
1202 859 1256 904 et
1306 848 1628 918 respondere
1680 846 1827 899 nisus
1881 842 2046 896 fueris

497 964 597 1008 cur
624 963 729 1007 non
758 944 974 1014 proprio
1001 942 1194 997 sudore
1219 955 1312 995 eos
1339 938 1561 1009 legendo
1587 936 1852 1006 perlustro
1880 933 2046 988 libros

497 1053 565 1091 ex
589 1037 779 1103 quibus
806 1035 921 1089 haec
946 1030 1304 1095 ﬂerirnando,
1335 1036 1388 1083 et
1414 1041 1638 1097 quaeque
1662 1024 1920 1080 libuerint
1951 1022 2047 1077 de-

497 1123 759 1194 cerpendo
803 1119 1070 1190 colligam,
1120 1119 1186 1173 ad
1225 1118 1337 1171 haec
1387 1122 1578 1169 vestra:
1606 1112 1884 1168 charitatis
1910 1110 2046 1178 vigi-

495 1211 659 1266 l’ahtia
686 1211 928 1265 intendat
955 1209 1204 1276 quoniam
1228 1205 1370 1259 nulla
1393 1202 1546 1258 nobis
1571 1202 1826 1256 librorum
1859 1200 2008 1269 copia
2032 1238 2047 1263 ,

495 1310 553 1353 ut
580 1300 692 1355 haec
722 1300 896 1357 facere
923 1297 1205 1366 possimus,
1254 1293 1576 1361 suppeditat,
1614 1289 1826 1345 etiamsi
1870 1289 2051 1358 parvi-

497 1396 580 1442 tas
628 1376 800 1441 obtusi
849 1397 1034 1439 sensus
1071 1383 1239 1437 nostri
1269 1381 1472 1450 vigeret
1500 1395 1514 1432 :
1541 1381 1664 1434 dum
1692 1380 1745 1433 in
1781 1377 2049 1447 episcopio

497 1483 695 1528 nostra:
717 1471 963 1542 parvitati
985 1470 1270 1542 commisso
1291 1483 1391 1524 nec
1415 1469 1559 1539 ipsos
1579 1466 1712 1522 Novi
1736 1467 2050 1535 Veterisque

496 1561 822 1618 Testamenti
859 1555 1151 1616 canenicos
1197 1558 1376 1628 reperi
1421 1558 1606 1623 libros,
1662 1557 1830 1612 multo
1876 1558 2052 1613 minus

497 1668 682 1708 eorum
711 1653 1090 1726 expositiones.
1125 1670 1145 1704 ι
1165 1642 1244 1705 Et
1280 1650 1327 1705 si
1348 1665 1476 1705 vero
1501 1645 1778 1703 laudanda
1796 1655 1914 1702 erat
1939 1663 2053 1703 mo-

496 1744 667 1800 destia
711 1741 940 1807 Rabani,
965 1741 1184 1794 Patrum
1224 1753 1380 1794 sensa
1422 1738 1533 1793 suis
1555 1736 1904 1808 praeferentis,
1943 1739 2053 1790 non

2140 561 2240 614 llas
2262 559 2450 629 plures,
2479 566 2613 626 quas
2637 554 2831 624 populo
2860 551 3157 607 recitandas
3179 547 3443 602 dedicavit
3466 540 3694 598 llaistul-

2143 653 2197 709 fo
2226 652 2626 721 archiepiscopo
2653 648 2982 718 Moguntino,
3012 645 3064 698 in
3093 635 3488 714 quibus'exstat
3523 639 3696 694 hom-

2144 744 2237 808 lia,
2264 743 2455 797 Contra
2483 759 2567 796 eos
2592 741 2680 811 qui
2697 741 2751 793 in
2776 739 2913 792 Iunce
2933 736 3135 804 defectu
3157 731 3467 788 clamoribus
3492 749 3545 784 se
3571 730 3692 798 fati-

2144 835 2363 905 gabant;
2399 833 2521 896 alia,
2563 829 2757 885 Contra
2809 829 3085 900 paganicos
3120 831 3337 890 errares,
3369 839 3497 893 quos
3539 822 3696 890 aliqui

2145 924 2209 977 de
2233 922 2444 975 rudibus
2469 920 2778 975 Christianis
2805 918 3172 990 sequebantur;
3200 915 3331 969 item
3351 915 3474 977 alia,
3505 912 3566 965 de
3590 910 3702 964 Mo-
3773 951 3777 954 .

2147 1013 2290 1066 ribus
2327 1012 2578 1063 bonorum
2629 1018 2680 1063 et
2728 999 3471 1061 maforum'Chrtinanorum.
3522 999 3700 1067 Neque

2149 1087 2355 1155 tantum
2394 1097 2618 1168 plebeiis
2668 1094 2976 1151 hominibus
3020 1092 3254 1171 salubria
3306 1090 3464 1145 dabat
3502 1087 3702 1141 monita

2146 1178 2245 1259 pro
2273 1187 2604 1242 correctione
2639 1200 2870 1250 morum,
2903 1185 2997 1238 sed
3029 1184 3192 1237 etiam
3241 1181 3456 1250 regibus
3501 1188 3555 1234 et
3595 1178 3705 1247 epi-

2151 1276 2326 1345 sc0pis
2360 1293 2372 1329 :
2405 1275 2618 1343 regibus
2642 1274 2877 1344 quidem,
2910 1281 3022 1326 tum
3059 1271 3111 1325 in
3141 1268 3276 1325 libro
3304 1269 3368 1326 de
3401 1265 3705 1320 Reverentia

2147 1365 2379 1435 ﬁliorum
2407 1381 2529 1433 erga
2563 1373 2735 1432 patres
2779 1363 2832 1416 in
2861 1376 3023 1416 causa
3065 1358 3414 1429 depositionis
3455 1355 3705 1410 Ludovici

2150 1454 2396 1524 Augusti,
2413 1461 2527 1507 tum
2555 1453 2608 1506 in
2628 1452 2941 1522 provinciali
2969 1451 3171 1521 synodo
3197 1448 3521 1520 Moguntina,
3547 1460 3707 1515 quam

2151 1557 2291 1597 anno
2309 1557 2441 1598 .suae
2477 1541 2833 1598 ordinationis
2860 1541 3033 1610 primo
3077 1539 3383 1594 celebravit.
3415 1538 3712 1606 Episcopos

2152 1634 2387 1703 denique
2401 1641 2606 1698 monet,
2637 1641 2702 1692 ut.
2731 1648 2802 1687 ne
2825 1632 2947 1702 plus
2969 1641 3172 1693 vacent
3187 1629 3489 1696 forensibus
3513 1629 3709 1693 causis,
3809 1656 3812 1658 η

2153 1739 2313 1794 quam
2337 1725 2505 1779 sacris
2532 1723 2899 1787 concionibus,
2945 1723 2998 1776 in
3024 1720 3245 1791 epistola
3292 1717 3573 1774 Hemmoni
3601 1717 3710 1787 epi-

498 1832 712 1887 dei‘uere
743 1800 936 1885 tamen
951 1831 1042 1899 qui
1071 1830 1172 1885 hoc
1201 1829 1255 1882 in
1284 1844 1352 1883 eo
1375 1800 1848 1898 reprehenderent,
1882 1825 1964 1881 uti
1987 1826 2053 1880 de
2079 1831 2129 1890 B
2156 1828 2322 1884 80090
2343 1814 2558 1883 Scripta,
2588 1812 2744 1866 initio
2773 1800 3032 1865 libroruin
3065 1809 3130 1863 de
3165 1807 3454 1899 Universo:
3487 1827 3512 1899 ξ
3549 1806 3713 1899 Multo

498 1921 584 1976 his
611 1921 961 1990 conqueritur
992 1919 1045 1973 in
1092 1917 1407 1988 praefatione
1432 1926 1595 1987 super
1621 1908 1956 1981 Bacchis-lem
1988 1917 2056 1972 ad

499 2009 1220 2078 Lothariumimperatorem
1263 2023 1276 2060 :
1324 2023 1343 2057 ‹
1376 2003 1486 2062 Nec
1520 2005 1682 2058 etiam
1726 2003 1856 2059 illud
1896 2004 2056 2059 silen-

502 2101 628 2154 dum
658 2099 912 2162 arbitror,
934 2098 1076 2165 quod
1093 2095 1412 2166 quibusdam
1428 2093 1774 2150 narrantibus
1792 2093 2055 2163 comperi,

503 2188 767 2256 quosdam,
795 2186 990 2242 sciolos
1014 2200 1100 2240 me
1127 2186 1181 2240 in
1204 2186 1308 2240 hoc
1340 2185 1676 2255 vituperasse
1698 2183 1841 2252 quod
1877 2197 2058 2239 escer-

500 2278 736 2350 ptionem
757 2276 959 2330 faciens
974 2276 1040 2332 de
1061 2282 1370 2330 sanctorum
1381 2274 1599 2328 Patrum
1620 2267 2058 2344 scriptis,e0rurn

503 2366 718 2421 nomina
763 2372 1139 2433 pmnotarem,
1189 2365 1302 2419 sive
1332 2364 1473 2432 quod
1521 2363 1746 2417 aliorum
1782 2363 2060 2417 sententiis

507 2457 672 2527 magis
710 2471 838 2510 usus
865 2470 1060 2520 essem,
1085 2470 1245 2524 quam
1274 2455 1488 2524 prepria
1529 2439 1834 2510 conderent.
1856 2454 2062 2522 Quibus

509 2546 571 2601 ad
597 2548 698 2601 hoc
727 2543 880 2600 facile
903 2545 1225 2615 respondere
1251 2548 1490 2614 possum.
1515 2543 1653 2611 Quid
1678 2544 1820 2598 enim
1842 2543 2060 2612 peccavi
2088 2591 2090 2593 ,

510 2641 560 2699 ευ
585 2633 686 2689 ho'c
712 2635 853 2704 quod
882 2635 1167 2701 magistros
1217 2633 1471 2688 Ecclesiae
1504 2633 1849 2688 veneratione
1875 2634 2062 2704 dignos

505 2723 827 2792 iudicabam,
873 2731 928 2778 et
953 2737 1140 2780 eorum
1169 2723 1483 2789 sententias,
1509 2729 1667 2798 prout
1705 2738 1796 2778 eas
1822 2725 2062 2793 protule-

514 2823 650 2879 tant,
703 2815 1015 2886 opportunis
1067 2814 1197 2870 locis
1235 2814 1394 2869 simul
1437 2829 1561 2868 cum
1615 2822 1740 2868 uota
1789 2814 2062 2871 nominum

508 2919 696 2959 eorum
725 2905 779 2958 in
807 2903 1076 2974 opusculis
1100 2905 1231 2959 meis
1253 2904 1710 2974 interposueram?
1732 2904 1898 2976 Magis
1913 2905 2063 2974 enim

512 2995 643 3050 mihi
669 2990 948 3050 videbatur
971 2995 1183 3050 salubre
1209 3010 1346 3060 esse,
1374 2991 1802 3051 uthumilitatcm
1818 2993 2062 3061 servans,

511 3093 821 3142 sanctorqu
846 3085 1064 3139 Patrum
1093 3085 1350 3140 doctrinis
1377 3084 1656 3150 inniterer,
1679 3099 1838 3154 quam
1862 3099 1959 3153 per
1984 3098 2079 3138 ar—.

2153 1905 2349 1960 metuis
2393 1911 2477 1959 est
2525 1903 2668 1958 enim
2704 1901 2952 1956 laborare
3000 1900 3309 1969 episcopum
3364 1897 3418 1951 in
3471 1897 3712 1971 doctrina

2152 1992 2301 2048 verbi
2328 1992 2425 2047 Dei
2448 1993 2518 2047 ob
2549 1991 2776 2046 salutem
2810 1991 3124 2044 animarum.
3151 1988 3252 2042 sibi
3280 1987 3709 2052 commissarum,

2153 2097 2314 2154 quam
2349 2083 2407 2136 in
2452 2079 2799 2151 disponendis
2823 2088 2880 2136 et
2919 2077 3234 2136 deﬁniendis
3280 2077 3524 2133 civilibus
3567 2091 3741 2146 quae»

2152 2163 2420 2228 stionibils
2441 2180 2497 2227 et
2520 2172 2686 2227 variis
2709 2171 2997 2234 hominum
3034 2167 3468 2239 contentionibus
3494 2168 3716 2232 vacare,

2155 2262 2248 2330 qui
2276 2267 2497 2330 propter
2521 2245 3168 2329 terrenamnc'upiditatem’
3192 2248 3337 2310 litem
3364 2263 3420 2310 et
3465 2255 3612 2309 rixas
3641 2255 3719 2308 in-

2155 2358 2432 2408 cessaqu
2459 2358 2695 2417 movent,
2727 2356 2781 2406 et
2801 2349 3166 2418 unusquisque
3189 2348 3243 2402 in
3266 2347 3350 2402 his
3378 2341 3606 2401 alterum
3629 2361 3722 2400 su-

2153 2458 2349 2515 perure
2407 2444 2701 2499 contendit.
2768 2429 3043 2512 Nusquam
3101 2441 3244 2496 enim
3303 2439 3357 2494 in
3422 2436 3721 2508 Scripturis

2158 2533 2326 2589 sacris
2363 2532 2560 2603 legitur
2599 2531 2715 2602 ipse
2759 2530 3007 2585 Salvator
3058 2538 3151 2584 aut
3176 2527 3228 2584 di
3259 2527 3419 2596 cipuli
3462 2525 3577 2594 ejus
3620 2526 3722 2580 hoc

2157 2627 2331 2696 egisse
2358 2625 2472 2680 sive
2490 2624 2800 2680 docuisse...
2829 2622 2954 2680 Haec
2989 2637 3112 2677 cum
3147 2621 3475 2684 scribantur,
3513 2618 3586 2673 mi
3630 2614 3756 2672 dor

2163 2713 2327 2778 mine,
2357 2712 2478 2767 nolo
2505 2720 2566 2768 ut
2589 2712 2825 2768 :estimes
2850 2725 2935 2766 me
2957 2725 3154 2765 novam
3178 2710 3350 2779 legem
3375 2707 3584 2762 vivendi
3624 2706 3724 2761 tibi

2160 2789 2519 2870 constituere,
2549 2789 2658 2878 sed.
2695 2799 2826 2855 olim
2878 2798 3060 2853 aviris
3107 2796 3308 2852 sanctis
3345 2796 3627 2870 prolatam
3653 2796 3723 2848 ob

2161 2874 2724 2950 commemorationem
2768 2887 3004 2945 breviter
3042 2874 3480 2961 cemmemorare.
3520 2905 3539 2938 ›
3574 2877 3640 2958 Εἰ
3668 2886 3730 2938 in

2164 2981 2387 3054 epistola
2430 2982 2497 3036 de
2539 2978 3050 3050 cborepiscopisad
3089 2977 3385 3046 Dragonem
3415 2963 3723 3045 episcOpum

2165 3073 2456 3128 Metensem
2483 3072 2656 3142 carpit
2689 3070 3047 3125 occidentales
3082 3083 3176 3123 seu
3197 3066 3498 3135 Gallicanos
3519 3066 3727 3133 episco-

513 3179 829 3250 rogantiam,
864 3176 1016 3247 quasi
1045 3177 1314 3247 propriam
1349 3172 1561 3229 laudem
1608 3143 1913 3244 quaareudo,
1943 3185 2063 3237 mea
2090 3178 2136 3240 (ζ
2164 3177 2280 3234 Ροθ,
2312 3161 2402 3231 qui
2441 3160 2852 3230 chorepiscopos
2889 3171 2925 3250 at
2963 3143 3230 3250 potestate
3260 3155 3727 3250 ordinandipr

510 3268 820 3324 indecenter
841 3267 1205 3337 proferrem...
1246 3265 1323 3319 llli
1362 3266 1453 3335 qui
1486 3280 1545 3321 se
1568 3265 1773 3320 laudari
1799 3274 2064 3334 quan-unt,

515 3359 572 3416 et
599 3361 666 3415 ab
693 3359 999 3414 hominibus
1023 3359 1188 3413 videri
1217 3364 1489 3428 appetunt,
1511 3357 1810 3412 dictentvel
1832 3357 2068 3412 scribant

515 3448 772 3516 quidquid
799 3444 1086 3511 voluerint,
1129 3455 1182 3501 et
1210 3446 1512 3505 laudatores
1538 3459 1662 3500 suos
1700 3453 1858 3514 atque
1888 3446 2070 3500 adula-

514 3543 662 3589 tores
691 3535 1039 3603 undecunque
1083 3534 1314 3603 possint,
1345 3533 1446 3589 sibi
1473 3534 1770 3602 acquirunt.
1820 3532 1946 3588 Mihi
1975 3547 2072 3588 au-

517 3632 625 3677 tem
654 3625 929 3677 adhaerere
961 3621 1068 3677 Deo
1115 3623 1258 3676 omni
1287 3632 1526 3692 tempore
1553 3622 1672 3680 vita:
1710 3636 1842 3676 mete
1873 3623 2070 3677 bonum

515 3721 628 3778 est,
677 3722 731 3766 et
779 3728 976 3780 ponere
1021 3712 1076 3765 in
1135 3712 1360 3767 Domino
1409 3711 1521 3766 Deo
1574 3727 1723 3781 spem
1766 3727 1962 3777 meam,
2015 3721 2078 3767 ut'

519 3802 825 3855 annunticm
855 3816 1038 3856 omnes
1062 3801 1244 3856 laudes
1270 3800 1383 3868 ejus
1405 3802 1460 3855 in
1479 3803 1649 3871 portis
1689 3801 1811 3856 tiliae
1832 3800 1988 3871 _Sion,
2019 3804 2072 3856 in

519 3894 626 3950 illis
671 3894 915 3948 videlicet
959 3894 1129 3963 portis
1165 3895 1229 3949 de
1252 3895 1444 3963 quibus
1473 3868 1729 3963 scriptum
1769 3868 1851 3950 esi.
1880 3912 1895 3948 :
1926 3895 2075 3950 Beati

521 3985 610 4055 qui
635 3983 898 4037 ambulant
930 3986 983 4037 in
1021 3987 1219 4040 semitis
1257 3987 1392 4051 vitta,
1416 3995 1464 4039 et
1493 4003 1583 4056 per
1606 3996 1783 4056 portas
1815 3988 2075 4042 intrOeunt

523 4071 578 4126 in
610 4074 883 4128 civitatem.
940 4094 958 4125 ›
1001 4074 1212 4129 Utinam
1261 4075 1353 4144 qui
1401 4090 1568 4130 novos
1616 4076 1851 4130 condunt
1891 4076 2074 4143 libros,

525 4179 623 4233 per
649 4165 864 4218 easdem
915 4166 1132 4219 semitas
1168 4166 1415 4221 incedant
1442 4165 1522 4237 (ut
1554 4177 1699 4221 certe
1737 4169 1892 4221 modo
1937 4168 2080 4223 incc-

527 4255 659 4309 dunt
706 4255 898 4327 multi),
943 4264 1127 4310 etnon
1163 4270 1257 4324 per
1287 4257 1398 4310 vias
1425 4257 1703 4310 intricatas
1750 4257 2093 4312 adinveutio-.

529 4359 655 4400 num
681 4345 1034 4404 humanarum
1077 4355 1129 4399 et
1158 4345 1472 4411 novitalum,
1501 4345 1695 4414 quibus
1724 4345 1853 4398 nihil
1877 4347 1929 4399 in
1952 4346 2078 4400 reli-

531 4437 686 4504 gione
709 4434 1061 4502 perniciosius
1084 4435 1096 4487 !
1411 4420 1416 4425 ’
1501 4491 1503 4493 ,

1103 4547 1326 4603 CAPUT
1366 4546 1495 4602 Vill.

532 4638 686 4693 Zelus
728 4655 820 4708 pro
855 4638 964 4718 ﬁde
988 4646 1035 4691 ct
1062 4654 1154 4707 pro
1168 4637 1475 4760 [integlritate
1501 4622 1736 4711 morum,
1767 4636 2081 4700 auctoritas,

1185 4723 1310 4759 tum:
1335 4719 1453 4759 nas.

1185 4719 1453 4759 tummtas.

604 4798 690 4851 54.
719 4796 923 4852 Rabani
952 4796 1122 4851 zelum
1146 4797 1252 4866 pro
1270 4795 1573 4849 Christiana
1603 4793 1858 4864 religione
1894 4793 2087 4862 proba-

537 4895 619 4942 rct
642 4887 694 4940 in
719 4885 904 4956 primis
931 4885 1152 4954 epistola
1181 4891 1364 4938 contra
1386 4880 1595 4937 Judaaos
1615 4883 1714 4936 sub
1730 4883 1843 4952 ejus
1871 4882 2086 4936 nomine

540 4991 570 5028 a
616 4974 883 5031 Chiﬂletio
922 4975 1089 5030 edita.
1142 4976 1212 5027 At
1268 4989 1390 5027 cum
1442 4971 1782 5026 verisimilius
1837 4971 1906 5025 sit
1942 4968 2084 5025 illam

541 5064 812 5120 Amolonis
854 5063 1018 5120 fctum
1042 5077 1178 5128 esse,
1221 5063 1295 5116 uti
1318 5073 1500 5131 postea
1532 5061 1897 5123 ostendemus,
1937 5058 2089 5129 juvat

543 5155 720 5224 potius
747 5156 798 5209 in
831 5152 985 5222 hujus
1009 5151 1109 5207 zeli
1151 5160 1521 5222 argumentum
1560 5149 1801 5219 proferre
1829 5149 2088 5217 Martyro-

541 5243 741 5315 lOgium
785 5242 851 5297 ab
875 5244 986 5312 ipso
1013 5242 1211 5296 editum
1238 5242 1303 5295 de
1331 5241 1530 5294 sanctis
1559 5239 1647 5307 qui
1681 5238 1973 5293 Ecclesium
2014 5237 2090 5291 fa-

545 5334 648 5390 ctis
672 5342 733 5387 ut
772 5333 1017 5402 passione
1057 5347 1152 5385 sua
1194 5329 1543 5384 illustrarunt.
1575 5328 1629 5381 ld
1659 5327 1830 5397 ipsum
1868 5329 2092 5397 probant

544 5421 728 5478 omnia
772 5419 885 5488 ejus
914 5420 1145 5473 auctoris
1186 5419 1408 5486 scripta,
1441 5433 1558 5486 qua:
1583 5417 1844 5470 sinceram
1873 5416 2090 5468 Patrum

547 5512 843 5567 doctrinam
871 5525 933 5563 ac
959 5509 1240 5578 genuinam
1264 5507 1514 5574 pietatem
1542 5505 1768 5573 spirant,
1792 5514 1845 5556 et
1867 5502 2096 5555 maxime

550 5602 765 5656 decreta
803 5598 870 5652 ab
893 5599 1006 5666 ipso
1053 5596 1255 5651 sancita
1297 5595 1460 5649 variis
1489 5595 1540 5649 in
1582 5593 1797 5664 synodis
1830 5607 1962 5662 quas
2004 5605 2100 5659 pro

555 5687 932 5760 ecclesiasticis
960 5686 1118 5742 rebus
1144 5684 1450 5743 celebravit.

2165 3253 2384 3322 byteros
2418 3257 2474 3304 et
2513 3250 2767 3304 diaconos
2812 3248 3061 3307 exclusos
3102 3248 3370 3306 valebant.
3416 3263 3435 3297 ι
3495 3244 3730 3301 Grandis

2168 3328 2341 3396 honor
2372 3347 2474 3406 est,
2500 3339 2696 3409 inquit,
2735 3337 2934 3394 Christi
2961 3323 3272 3395 ministrum
3299 3351 3458 3403 esse;
3497 3334 3638 3390 unde
3673 3344 3730 3389 et
3761 3368 3763 3371 τ

2170 3427 2368 3500 grande
2407 3427 2688 3496 praemium
2721 3427 2856 3481 bene
2905 3412 3298 3480 minisirantem
3352 3423 3616 3493 sequitur,
3653 3423 3728 3476 ita

2170 3525 2231 3573 ut
2252 3533 2372 3573 cum
2415 3516 2631 3572 Christo
2672 3524 2726 3571 et
2769 3516 2972 3575 sanctis
3023 3515 3226 3584 angelis
3262 3514 3377 3583 ejus
3419 3513 3473 3568 in
3514 3511 3728 3567 “cmlesti

2172 3607 2499 3664 beatitudine
2529 3607 2644 3661 sine
2667 3606 2771 3660 ﬁne
2797 3606 3024 3660 laetetur.
3049 3604 3222 3674 Atque
3249 3602 3368 3658 ideo
3398 3615 3501 3656 non
3535 3615 3731 3655 conve-

2173 3699 2253 3754 nit
2278 3684 2446 3754 servis
2479 3693 2678 3753 Christi
2706 3696 3031 3751 contendere
3049 3694 3116 3751 de
3135 3693 3462 3762 sublimitate
3485 3689 3726 3753 honoris,

2174 3789 2267 3844 sed
2319 3788 2488 3857 magis
2521 3794 2729 3842 certare
2779 3786 2846 3848 de
2877 3784 3104 3838 utilitate
3144 3797 3287 3837 sanae
3335 3778 3733 3848 praedicationis

2175 3887 2230 3934 et
2255 3878 2568 3932 assiduitate
2607 3877 2760 3930 bonae
2795 3873 3138 3945 operationis,
3174 3881 3232 3926 ut
3279 3870 3504 3941 populus
3530 3868 3730 3924 Christi

2177 3967 2359 4023 audiat
2406 3982 2470 4021 ex
2515 3981 2609 4021 ore
2635 3979 2836 4023 eorum.
2862 3951 3088 4017 verbum
3118 3970 3279 4017 rectae
3305 3950 3449 4025 fidei,
3473 3967 3527 4015 et
3559 3960 3736 4014 videat

2177 4059 2250 4112 in’
2276 4059 2718 4114 actibu'steorum
2766 4057 2962 4111 bonum
2991 4053 3293 4122 exemplum
3341 4067 3436 4122 per
3466 4051 3737 4104 humilita-

2181 4150 2251 4205 tis
2280 4150 2599 4205 indicium...
2633 4147 2749 4202 Non
2774 4154 2856 4201 est
2875 4146 3020 4200 enim
3039 4157 3248 4214 :equum
3273 4152 3332 4198 ut
3351 4141 3565 4197 collatio
3595 4141 3732 4197 sacri

2180 4243 2382 4298 ordinis
2419 4241 2590 4296 servis
2617 4238 2816 4298 Christi
2842 4237 2935 4292 ﬁat
2957 4251 3119 4291 causa
3141 4236 3388 4289 elationis
3415 4241 3468 4287 et
3508 4243 3736 4288 terrena:

2180 4330 2491 4400 voluptatis,
2521 4329 2645 4397 Quia
2673 4342 2770 4381 nec
2801 4328 2852 4381 in
2885 4307 3062 4395 ipsius
3092 4324 3350 4392 Magistri,
3375 4338 3475 4377 nec
3500 4319 3734 4391 discipu-

2182 4421 2353 4484 lorum
2395 4422 2510 4491 ejus
2550 4420 2706 4475 dictis
2746 4419 2858 4473 sive
2904 4416 3162 4484 exemplis
3195 4415 3389 4483 aliquid
3437 4413 3736 4488 hujusmodi

2107 4505 2159 4563 D
2186 4510 2478 4580 reperiunt,
2520 4529 2538 4561 ›
2573 4517 2676 4564 etc.
2727 4507 2860 4562 Cum
2906 4506 3111 4560 Babani
3167 4504 3431 4558 sententia
3482 4507 3740 4556 consonat

2183 4600 2385 4654 Nicolai
2412 4614 2561 4669 papa:
2596 4598 2617 4653 Ι
2644 4597 2867 4668 epistola
2896 4597 2984 4663 59,
3017 4597 3084 4650 ad
3110 4594 3393 4650 Rodulfum
3430 4593 3738 4663 episcopum

2185 4690 2594 4745 Bituricensem.
3261 4706 3266 4710 '
3452 4687 3458 4699 ‘

2256 4781 2344 4835 56.
2362 4779 2530 4833 Tanta
2552 4780 2603 4833 in
2629 4778 2853 4833 dicendo
2873 4778 3092 4832 libertas
3115 4791 3220 4832 non
3246 4776 3364 4844 ipsi,
3393 4784 3450 4828 ut
3472 4775 3628 4840 solet,
3649 4789 3744 4845 pa-

2189 4869 2341 4923 rabat
2361 4883 2545 4922 eorum
2575 4867 2642 4922 ad
2656 4881 2790 4935 quos
2808 4865 3074 4920 scribebat
3090 4865 3524 4934 indignationem,
3542 4864 3632 4917 'sed
3650 4879 3742 4916 an—

2190 4958 2487 5013 ctoritatcm
2511 4957 2647 5026 apud
2659 4962 2864 5020 omnes,
2889 4957 2977 5023 qui
2995 4953 3108 5022 ejus
3129 4954 3341 5021 scriptis
3359 4961 3413 5006 et
3438 4953 3651 5006 monitis
3667 4953 3748 5006 in-

2191 5048 2323 5103 strui
2341 5046 2680 5102 etemeudari
2694 5046 3063 5114 peroptabant.
3090 5043 3341 5111 Exemplo
3364 5051 3447 5097 est
3465 5043 3748 5097 Lotharius

2193 5141 2480 5210 Augustus,
2503 5138 2593 5207 qui
2621 5151 2741 5191 cum
2773 5135 3158 5204 expositionem
3189 5133 3241 5186 in
3272 5133 3462 5186 librum
3496 5132 3659 5187 Iosue
3679 5132 3748 5184 ab

2192 5245 2258 5286 eo
2285 5229 2594 5297 accepisset,
2617 5225 2812 5296 gratias
2838 5225 2945 5293 agit
2962 5238 3060 5293 pro
3084 5229 3318 5290 acwpto;
3348 5229 3401 5276 et
3428 5222 3617 5275 iterum
3645 5219 3749 5274 alia

2194 5321 2350 5392 petit,
2388 5319 2660 5387 exponens
2703 5317 2994 5370 vehemens
3031 5328 3183 5368 suum
3217 5310 3535 5365 desiderium
3561 5311 3752 5366 crebro

2194 5425 2317 5464 eum
2366 5406 2572 5461 videndi
2600 5413 2655 5459 et
2682 5403 3004 5476 alioquendi,
3027 5409 3086 5456 ut
3110 5407 3254 5470 patet
3282 5401 3335 5453 in
3365 5399 3602 5453 Lotharii
3633 5401 3752 5468 epi-

2196 5500 2332 5555 stola
2362 5497 2513 5552 initio
2535 5494 2919 5550 Commentarii
2934 5493 2985 5548 in
3011 5489 3366 5555 Ezechieleui,
3387 5489 3453 5544 ad
3475 5478 3752 5543 Rabanum

2199 5595 2321 5658 post
2376 5583 2658 5638 abbatialis
2705 5581 2980 5651 regiminis
3026 5578 3409 5634 abdicationem
3454 5565 3674 5651 scripta,
3698 5577 3753 5630 in

2202 5693 2306 5747 qua
2331 5673 2613 5746 singularis
2646 5685 2766 5726 cum
2799 5685 2863 5726 eo
2893 5666 3269 5724 familiaritatis
3317 5666 3508 5720 indicia
3536 5665 3753 5719 demon-
