3940 6316
526 319 585 373 31
1285 302 1291 308 ’
1651 326 1741 380 an
1780 324 2007 379 OPERA-
2037 323 2075 375 Β

2176 321 2384 375 ΑΒΑΝΙ
2422 321 2635 379 MAURI

645 432 784 495 Nunc
805 448 897 495 ego
919 444 969 486 te
996 449 1056 486 ex
1083 437 1282 495 tumulo,
1306 436 1453 484 frater
1474 437 1669 493 dilecte,
1692 432 1899 493 iuvando

707 494 1227 553 Commendesliltristo
1250 510 1329 544 me
1352 506 1402 544 ut
1427 499 1647 555 precibus
1671 497 1870 545 Domino

648 555 838 617 ludicis
858 559 1027 606 aeterni
1048 571 1124 606 me
1147 565 1195 605 ut
1217 560 1367 617 gratia
1385 558 1537 610 saliet
1560 558 1607 604 in
1631 570 1783 605 aevum
1808 590 1824 613 .

710 615 815 663 Non
840 619 1063 667 meritum
1088 615 1322 675 aspiciens
1346 655 1357 672 .
1384 618 1467 664 sed
1491 618 1681 675 pietatis
1704 629 1842 673 opus.

652 674 813 738 Raban
839 691 1014 738 nempe
1039 679 1150 725 mihi
1177 689 1381 724 nomen:
1406 674 1652 738 cuilectio
1682 677 1834 725 dulcis

715 736 896 787 Divina?
921 735 1041 797 legis
1060 749 1255 797 semper
1272 739 1449 798 ubique
1473 735 1575 798 fuit.
1938 776 1941 777 ν

650 795 757 859 Cui,
780 798 909 845 Deus
931 795 1251 859 omnipotens,
1274 795 1455 845 tribuas
1477 797 1691 846 calcatis
1706 809 1876 859 _regna
1902 832 1917 855 ,

712 834 1858 919 i3.‘tgaramantas;{armati"“1

595 975 683 1029 40.
710 974 835 1043 Ejus
860 994 878 1026 ι
896 952 1143 1045 sanctum
1169 992 1411 1046 corpus,»
1437 986 1570 1032 teste
1593 959 1908 1044 Trithemio,
1941 996 1958 1029 α
1979 993 2076 1033 an-

518 1066 613 1120 nis
647 1066 914 1121 sexcentis
936 1067 1319 1138 quinquaginta
1349 1082 1538 1123 novem
1560 1068 1614 1121 in
1648 1064 1944 1123 memorato
1970 1081 2080 1123 cm-

528 1144 688 1210 bobio
736 1158 909 1212 sancti
961 1158 1212 1227 martyris
1257 1157 1445 1212 Albani
1489 1157 1773 1226 sepultum,
1818 1159 1872 1211 in
1900 1174 2081 1213 sarco-

530 1243 705 1315 phago
748 1245 903 1315 juxta
948 1261 1161 1302 murum
1207 1246 1356 1300 ch'ori
1407 1246 1611 1301 elevato
1653 1248 1969 1315 permansit.
1998 1246 2080 1302 Ad

531 1332 682 1400 cujus
710 1349 923 1404 quoque
961 1336 1221 1388 tumulum
1255 1350 1285 1388 a
1320 1334 1580 1403 principio
1628 1350 1855 1405 magnus
1900 1334 2078 1405 populi

529 1424 629 1479 fuit
659 1441 972 1491 concursus,
1001 1434 1056 1481 et
1082 1426 1233 1494 plura
1280 1435 1567 1481 narrantur
1610 1424 1751 1481 facta
1782 1412 2075 1491 miracula;

527 1513 617 1581 qui
648 1522 825 1568 tamen
854 1529 1104 1568 successu
1133 1514 1387 1582 temporis
1423 1513 1642 1567 omnino
1670 1512 1883 1579 defecit,
1912 1521 1967 1567 et
1987 1528 2078 1579 sa:-

528 1600 720 1656 eellum
749 1600 864 1669 ejus
892 1602 982 1656 diu
1013 1603 1127 1661 sine
1161 1603 1367 1657 honore
1412 1602 1728 1671 permansit.
1781 1600 1928 1657 Unde
1950 1616 2078 1672 pro-

3643 326 3711 380 33

2099 441 2147 499 Α
2176 446 2301 485 num
2328 439 2384 485 et
2418 431 2682 495 eruditum
2732 447 2900 484 Virum
2952 439 3109 500 atque
3134 429 3450 502 catholicum
3508 435 3713 502 episco-

2174 534 2298 588 pum
2329 538 2342 585 ;
2379 540 2397 572 ι
2434 521 2903 593 Hincmarusvero
2948 522 2998 575 in
3029 524 3285 591 opusculo
3336 516 3522 579 contra
3569 538 3717 580 eum»

2174 610 2295 664 dem
2340 610 2744 678 Gotescalcum,
2777 631 2794 664 ι
2835 612 3111 689 Rabanum
3158 613 3512 681 venerabilem
3543 613 3719 690 archi-

2175 702 2505 771 episcOpum,
2546 701 2776 756 zelosum
2810 702 2864 756 in
2898 711 3080 757 sancta
3128 702 3381 772 religione
3406 710 3636 772 patrem,
3664 714 3717 757 et

2176 789 2494 845 catholicum
2553 791 2865 859 scriptorem
2901 808 2920 841 ι
2963 799 3139 844 vocat.
3172 782 3434 863 Eumdem
3458 790 3722 847 Frodoar-

2148 914 2149 917 η
2177 878 2276 933 dus
2302 879 2591 934 canonicus
2628 872 2957 937 'Rhemensis
2986 897 3005 929 ι
3040 879 3254 933 beatum
3278 879 3553 935 Rabanum
3589 899 3607 931 ›
3642 881 3723 936 di-

2177 966 2252 1028 cit
2281 967 2335 1022 in
2360 967 2452 1021 lib.
2486 984 2523 1021 n
2575 954 2824 1022 Historia:
2852 967 3188 1034 Rhemensis,
3226 984 3343 1038 cap.
3383 970 3474 1034 2i,
3517 978 3571 1025 et
3598 983 3724 1024 san-

2176 1063 2295 1109 ctus
2341 1051 2494 1114 0dilo
2534 1056 2700 1111 abbas
2749 1055 3113 1112 Cluniacensis
3158 1076 3176 1108 ι
3211 1058 3452 1114 saeculari
3500 1048 3721 1116 scientia

2178 1145 2379 1201 aﬂ‘atim
2422 1146 2711 1212 eruditum,
2742 1146 2845 1203 fide
2867 1147 3208 1214 catholicum,
3240 1144 3468 1218 spiritali
3497 1152 3725 1206 scientia

2177 1236 2242 1289 ad
2270 1234 2483 1304 plenum
2510 1234 2776 1301 edoctum,
2825 1254 2843 1286 ι
2878 1234 2931 1289 in
2959 1250 3203 1314 sermone
3231 1225 3313 1314 ide
3347 1235 3727 1300 laudesanctae

2177 1319 2375 1380 crucis.
2415 1323 2671 1417 Ejusdem
2701 1322 2947 1417 meminit
3298 1324 3465 1417 abbas
3492 1325 3747 1387 Romani.

2177 1410 2485 1484 monasterii
2546 1412 2716 1486 sancti
2766 1408 2922 1466 Pauli
2962 1412 3017 1469 in
3052 1406 3367 1468 Kalendario
3414 1422 3725 1469 sanctorum

2176 1493 2589 1576 monachorum,
2605 1505 2746 1573 quod
2765 1517 2906 1558 anno
2919 1502 3057 1558 1372
3075 1494 3393 1575 composuit,
3418 1507 3502 1571 his
3525 1508 3723 1573 verbis,

2184 1581 2373 1667 «prid.
2406 1586 2585 1644 Nonas
2630 1590 2907 1667 Februarii
2926 1590 3145 1667 ,Babani
3197 1594 3586 1665 archiepiscopi
3616 1596 3727 1651 Mo-

527 1666 895 1745 videntia'Dei
944 1700 1135 1746 cuncta
1188 1666 1556 1761 gubernantis,
1608 1692 1676 1746 ad
1700 1666 2103 1757 ‘nominis—Isui‘
2180 1677 2407 1746 suntini-
2448 1696 2467 1729 ³
2492 1671 2738 1748 Denique,
2777 1666 3043 1757 ίηέοάίέθ
3088 1678 3273 1756 ηοεὲνο
3300 1695 3361 1753 ιιι,
3381 1673 3504 1749 1120,
3538 1675 3629 1753 συί
3662 1686 3731 1739 ab

526 1781 773 1851 gloriam,
800 1791 855 1838 et
884 1782 1067 1837 famuli
1088 1783 1169 1837 sui
1212 1792 1525 1852 perpetuum
1551 1784 1829 1848 honorem,
1858 1782 2075 1837 sanctise

2181 1764 2335 1819 annis
2368 1762 2479 1821 fere
2508 1765 2811 1837 quingentis
2838 1784 2999 1824 manu
3044 1771 3355 1850 descriptus
3368 1779 3469 1838 est,
3500 1771 3730 1828 refertur

527 1870 722 1923 simum
756 1885 951 1940 corpus
995 1870 1109 1939 ejus
1131 1871 1197 1925 de
1235 1870 1498 1941 Mogontia
1529 1870 1891 1941 ordinavit_et
1917 1869 2075 1924 voluit

2182 1854 2519 1941 Epitaphium
2538 1857 2959 1927 sanctiﬁabani,
2987 1875 3165 1941 supra.
3198 1860 3277 1931 Er
3303 1862 3496 1934 quibus
3547 1864 3731 1941 omni-

527 1958 583 2012 in
614 1957 901 2014 Saxoniam
936 1959 1212 2015 transferri
1239 1970 1379 2015 anno
1403 1960 1670 2031 presenti,
1699 1975 1806 2029 quo
1826 1960 1931 2028 hoc
1950 1960 2082 2031 scri-

526 2052 754 2119 psimus,
811 2052 1100 2107 Dominica:
1148 2054 1397 2108 videlicet
1447 2053 1752 2109 Nativitatis
1799 2054 2080 2109 millesimo

526 2143 955 2213 quingentesimo
981 2144 1166 2212 quinto
1190 2144 1419 2208 decimo,
1475 2145 1766 2205 indictione
1808 2141 2078 2199 Romano-

524 2246 645 2285 rum
683 2232 836 2286 tertia
862 2250 875 2285 :
907 2248 1026 2307 quae
1051 2233 1267 2300 quidem
1306 2233 1603 2297 translatio,
1628 2248 1727 2303 per
1753 2248 1931 2304 quem,
1956 2249 2081 2303 qua-

526 2319 668 2383 liter,
700 2307 910 2389 quando
949 2331 1004 2375 et
1046 2338 1300 2391 quorsum
1354 2323 1424 2377 sit
1471 2320 1633 2386 facta,
1688 2322 1906 2391 speciali
1956 2337 2079 2392 syn-

528 2415 779 2478 tagmate
810 2411 1209 2479 descripsimus.
1244 2428 1263 2462 ι
1302 2410 1417 2465 Non
1443 2418 1621 2466 exstat
1645 2411 1735 2465 illa
1797 2410 2076 2464 Trith'emii

521 2496 842 2563 lucubratio,
878 2498 969 2567 qui
1007 2499 1143 2553 hanc
1178 2499 1582 2553 translationem
1606 2488 1826 2555 Alberto
1862 2498 2077 2569 Mogun-

526 2584 639 2640 tino
660 2587 1062 2657 archiepiscopo
1108 2588 1317 2665 auctori
1381 2587 1563 2665 tribuit
1602 2589 1657 2643 in
1692 2588 2078 2666 nuncupatoria

457 2714 459 2718 ι
524 2676 749 2746 epistola
777 2676 910 2732 Vitae
962 2678 1170 2733 Rabani
1203 2680 1422 2749 praefixa
1450 2695 1462 2733 :
1491 2679 1574 2734 sic
1620 2680 1763 2735 enim
1800 2680 2076 2734 Albertum

524 2763 856 2834 alloquitur:
895 2785 913 2817 ι
948 2766 1226 2829 Baliarium
1281 2752 1419 2838 apud
1479 2762 1843 2840 Moguntiacos
1891 2770 2077 2839 despe-

528 2860 673 2906 ctum
700 2860 753 2908 et
772 2870 909 2923 pene
937 2858 1263 2926 sempiterna
1305 2858 1569 2914 oblivione
1590 2859 1873 2929 sepultum,
1902 2860 1957 2914 in
1982 2875 2080 2915 no-

524 2942 669 2997 mine
682 2942 813 3012 justi
842 2960 1049 3001 summa
1078 2962 1199 3001 cum
1221 2948 1561 3013 veneratione
1589 2949 1774 3005 levasti
1806 2950 1871 3004 de
1900 2960 2072 3004 terra:

521 3040 741 3100 propter
774 3035 917 3102 quod
946 3043 999 3089 et
1022 3036 1359 3105 omnipotens
1386 3038 1643 3093 Dominus
1665 3039 1897 3092 animam
1925 3048 2071 3094 tuam

523 3110 646 3171 eum
681 3121 879 3175 sanctis
920 3123 1032 3176 suis
1062 3123 1317 3177 exaltabit
1365 3125 1418 3178 in
1472 3126 1662 3194 patria.
1698 3146 1718 3179 ι
1780 3116 1857 3181 De
1886 3127 2073 3182 eadem

526 3208 879 3263 translatione
905 3211 1203 3281 signantius
1252 3213 1363 3283 agit
1390 3212 1716 3269 Trithemius
1760 3215 1814 3269 in
1846 3216 1984 3272 libro
2008 3217 2074 3271 de

524 3294 646 3350 Vita
674 3299 846 3367 sancti
888 3300 1104 3353 Maximi
1122 3302 1515 3371 archiepiscopi
1538 3302 1830 3373 Moguntini
1858 3305 1939 3359 bis
1958 3321 2075 3365 ver-

521 3388 623 3445 bis.
672 3408 691 3440 ι
727 3389 860 3443 Cum
887 3391 1135 3446 Albertus
1162 3408 1302 3447 anno
1345 3394 1838 3462 archipontificatus
1857 3397 1940 3451 sui
1966 3396 2075 3451 M0-

520 3478 730 3549 guntini
761 3479 955 3547 primo,
985 3479 1456 3551 Magdeburgensis
1478 3492 1655 3537 autem
1694 3486 1951 3551 secundo,
1979 3502 2075 3556 pro

436 3581 441 3589 '
519 3571 617 3625 Dei
660 3584 842 3625 amore
882 3579 934 3627 et
966 3574 1265 3627 reverentia
1306 3582 1634 3639 sanctorum,
1666 3575 1806 3654 apud
1852 3574 2073 3646 Mogun-

522 3662 654 3716 tiam
684 3662 1086 3729 circumeundo,
1113 3663 1386 3719 basilicam
1410 3666 1665 3736 martyris
1691 3668 1862 3721 sancti
1882 3665 2076 3723 Albani

519 3750 744 3804 devotus
795 3750 1032 3816 intravit,
1082 3763 1135 3807 et
1166 3754 1353 3809 videns
1402 3756 1837 3824 prtescriptorum
1891 3757 2076 3812 decem

519 3838 834 3916 pontificum
894 3850 1075 3895 saneta
1114 3857 1339 3912 corpora
1386 3844 1501 3898 sine
1548 3844 1751 3899 honore
1799 3846 2073 3916 neglecta;

521 3908 841 3983 auctoritate
879 3945 987 3984 non
1021 3932 1199 3985 minus
1245 3932 1556 4001 apostolica,
1615 3948 1773 4003 quam
1806 3933 2075 3989 ordinaria

522 4031 893 4088 usus,'corpus
918 4022 1323 4077 sanctiRabani
1376 4026 1645 4092 quondam
1691 4026 2076 4097 archiepiscopi

523 4117 719 4173 totum,
744 4112 914 4164 sancti
941 4104 1155 4166 Maximi
1175 4113 1407 4182 episc0pi
1453 4115 1708 4179 medium,
1731 4115 2079 4183 permissione

521 4197 906 4252 cauonicorum
949 4198 1073 4252 inde
1118 4200 1338 4254 abstulit
1363 4218 1377 4266 ;
1410 4209 1464 4255 et
1495 4202 1551 4255 in
1581 4200 1868 4257 Saxoniam
1896 4211 2073 4257 trans-

520 4285 718 4352 ferens,
751 4288 888 4356 apud
911 4288 1087 4343 Hailas
1099 4289 1347 4359 oppidum
1376 4291 1429 4345 in
1450 4291 1670 4346 basilica
1692 4294 1861 4346 sancti
1882 4293 2079 4347 Mauri-

523 4375 581 4429 tii
610 4376 834 4430 solemni
876 4380 1234 4446 processionis
1261 4366 1440 4436 ofliCio
1466 4381 1769 4445 collocavit,
1806 4397 1946 4437 anno
1975 4384 2077 4439 Do-

522 4465 737 4540 minicze
765 4466 1073 4524 Nativitatis
1105 4470 1389 4525 millesimo
1417 4472 1849 4542 quingentesimo
1883 4475 2071 4542 quinto

520 4557 748 4621 decimo,
774 4559 1061 4614 indictione
1094 4560 1453 4627 Romanorum
1482 4563 1659 4625 tertia.
1698 4584 1717 4615 ι
1755 4592 1759 4597 ~

590 4647 680 4700 ll.
739 4648 875 4702 liinc
899 4657 1045 4719 patet
1073 4659 1306 4720 quantus
1352 4653 1526 4707 honor
1563 4652 1770 4709 delatus
1816 4654 1887 4709 sit
1934 4670 2075 4710 mor—

522 4744 632 4800 tno,
666 4752 825 4806 quem
880 4739 1041 4792 etiam
1096 4739 1359 4794 viventem
1406 4740 1646 4794 nonnulli
1682 4750 1918 4796 sanctum
1948 4760 2071 4797 san-

521 4825 875 4882 clissimumve
912 4828 1283 4896 appellavere:
1312 4830 1365 4883 in
1398 4830 1482 4883 his
1528 4829 1851 4885 Humbertus
1902 4831 2073 4885 Wirt-

523 4914 857 4985 ziburgensis
882 4918 1161 4987 episcopus
1198 4919 1251 4973 in
1279 4919 1501 4988 epiStola
1536 4934 1633 4975 sua
1675 4921 2074 4976 commentariis

419 5077 423 5082 ν
525 5000 767 5057 Iudicum
797 5005 1013 5073 przelixa
1049 5024 1062 5059 :

644 5110 803 5175 Salve,
824 5121 990 5175 sancte
1018 5120 1172 5175 pater,
1200 5117 1468 5174 meritoque
1489 5114 1661 5165 beatus
1682 5117 1727 5163 in
1752 5116 1889 5166 orbe.

708 5170 783 5219 'l'n
804 5173 954 5221 decus
975 5170 1029 5221 es
1049 5170 1278 5234 nostrum,
1301 5170 1466 5225 sancte
1492 5180 1648 5238 pater,
1670 5179 1859 5227 merito.

529 5273 595 5326 Et
623 5273 970 5327 Ermanricus
1021 5276 1073 5329 in
1104 5276 1239 5331 libro
1268 5277 1333 5332 de
1367 5278 1487 5332 Vita
1538 5280 1709 5333 sancti
1743 5279 1873 5345 Soli,
1912 5296 2075 5350 agens

520 5363 587 5417 de
613 5366 937 5421 monasterio
962 5367 1232 5434 Fuldensi,
1268 5389 1285 5421 ι
1320 5371 1431 5435 ubi,
1456 5371 1562 5427 Deo
1589 5373 1919 5441 providente,
1949 5374 2073 5427 sub—

522 5454 621 5516 dit,
653 5457 808 5510 modo
833 5456 1200 5511 sanctissimus
1226 5473 1286 5511 ac
1320 5459 1372 5511 iu
1397 5460 1540 5513 omni
1569 5467 1688 5514 arte
1712 5460 2069 5530 peritissimus

522 5541 687 5596 abbas
711 5542 962 5597 Rabanus
990 5544 1413 5612 perspicabiliter
1443 5546 1622 5616 fulget.
1664 5566 1682 5599 ι
1729 5547 1920 5601 Amuio
1943 5562 2073 5615 pon-

526 5628 651 5687 tifex
677 5630 1046 5701 Lugdunensis
1074 5633 1125 5687 in
1153 5634 1375 5705 epistola
1412 5636 1477 5689 ad
1507 5636 1895 5701 Gotcscalcum,
1928 5656 1943 5686 ι
1980 5637 2073 5690 bo-

2182 1932 2281 2008 bus
2304 1932 2459 2019 patet
2484 1942 2760 2035 {labantia}
2792 1941 2941 2022 apud.
2977 1938 3187 2016 veteres
3214 1932 3470 2019 'audiisse
3516 1938 3727 2033 ut'son-

2180 2046 2360 2096 ctum:
2399 2053 2464 2093 ac
2511 2037 2704 2094 falsum
2752 2048 2871 2097 esse
2913 2039 3287 2108 Trithemium,
3326 2042 3417 2113 qui
3468 2040 3582 2111 ejus
3633 2043 3737 2098 ob-

2126 2146 2149 2166 θ
2178 2126 2315 2180 itum
2367 2126 2512 2183 locat
2553 2142 2608 2181 γι
2636 2126 2778 2206 Kal.
2799 2126 3143 2206 .Novembris.
3188 2128 3407 2206 pentum
3447 2123 3723 2201 appellare

2179 2214 2377 2279 malui,
2428 2207 2588 2286 quam
2627 2199 2879 2289 frondem
2905 2218 3164 2289 ,gdonec
3194 2199 3448 2289 sanctior.
3476 2199 3737 2274 Ecclesia:

2179 2303 2396 2374 accedat
2425 2298 2756 2372 auctoritas;
2792 2292 3052 2376 siquidem
3109 2294 3478 2387 nullo‘festi'vo
3499 2308 3646 2363 cultu
3674 2309 3735 2363 in

2178 2388 2592 2473 Biagontiacensi
2609 2395 2847 2473 ecclesia
2890 2397 3203 2473 honoratur,
3232 2406 3369 2473 teste
3390 2398 3643 2463 Browero
3667 2400 3724 2453 in

2178 2471 2320 2539 notis
2350 2473 2719 2555 aii-poematia.
2749 2472 2899 2545 'Eum
2926 2504 2944 2537 ι
2977 2471 3183 2557 fulgens
3225 2472 3529 2542 Germanias
3556 2486 3734 2551 sidus.

2178 2578 2546 2650 theologorum
2600 2581 2856 2635 verticem
2914 2582 2943 2631 i‘
2988 2580 3299 2646 Barenius;
3370 2579 3737 2651 Bellarminus

2183 2687 2211 2732 ι,
2247 2683 2405 2747 azque
2420 2668 2633 2725 doctum
2663 2684 2726 2724 ac
2752 2668 2899 2739 pium
2934 2688 2952 2720 ι
2979 2663 3143 2725 vocat
3170 2688 3194 2725 ς.
3212 2669 3314 2747 alia
3339 2670 3568 2744 aliarum
3613 2669 3699 2724 elo

2177 2759 2261 2830 gia
2285 2746 2653 2829 prietermitto.
2945 2825 2954 2830 η
3137 2820 3141 2825 ,

2546 2855 2549 2859 ·
2769 2847 2991 2917 CAPUT
3026 2849 3093 2903 x.
3242 2852 3243 2855 ‘

2404 2937 2672 3007 Iudicium
2698 2938 2760 2992 de
2784 2940 2897 3009 ejus
2916 2936 3119 3011 scriptis
3145 2954 3191 2997 et
3219 2943 3476 2998 doctrina.
3632 3012 3636 3016 ,

2246 3028 2333 3083 42.
2386 3027 2647 3098 Superest
2691 3032 2951 3100 agendum
3014 3032 3079 3086 de
3139 3033 3345 3088 Rabani
3397 3034 3631 3102 scriptis,
3662 3034 3733 3107 de

2179 3117 2375 3187 quibus
2404 3118 2506 3173 tria
2560 3128 2684 3175 sunt
2710 3121 2993 3188 quaerenda
3023 3139 3035 3175 :
3065 3111 3252 3187 unum,
3304 3138 3421 3193 qum
3470 3123 3728 3194 legitima,
3774 3186 3779 3193 η

2181 3220 2298 3274 quae
2325 3206 2503 3276 spuria
2530 3215 2585 3262 et
2603 3207 2777 3262 aliena
2802 3225 2815 3274 ;
2853 3202 3109 3275 alterum,
3129 3226 3249 3281 quae
3272 3220 3473 3267 restent
3496 3213 3725 3281 inedita;

2177 3299 2418 3364 tet-tium,
2452 3312 2557 3368 quo
2583 3307 2822 3369 tempore
2851 3301 3057 3372 singula
3085 3303 3284 3373 scripta
3315 3304 3442 3359 sint.

2247 3387 2335 3443 45.
2376 3388 2519 3443 lnter
2553 3389 2695 3443 edita
2725 3390 2931 3445 Rabani
2964 3406 3127 3462 opera
3172 3394 3273 3447 tria
3315 3401 3519 3448 tantum
3550 3394 3729 3462 Spuria

2176 3489 2321 3543 sunt,
2362 3479 2614 3533 nimirum
2660 3470 2922 3536 libri-tres
2946 3483 3011 3537 de
3059 3481 3438 3548 Quaestionibus
3475 3500 3728 3537 canonum

2173 3566 2619 3640 paenitentialium,
2646 3569 2735 3637 qui
2766 3568 2821 3623 in
2843 3570 2999 3625 editis
3032 3571 3100 3625 ad
3147 3566 3487 3626 Heribaldum
3540 3572 3724 3641 scripti

2176 3657 2461 3712 dicuntur:
2488 3664 2599 3710 tum
2620 3658 2901 3727 sequentes
2926 3659 3047 3713 libri
3079 3660 3262 3715 itidem
3293 3669 3401 3716 tres
3431 3662 3504 3716 De
3527 3662 3729 3743 virtuti-

2177 3749 2269 3802 bus
2291 3757 2339 3801 et
2369 3748 2502 3802 vitiis
2526 3761 2543 3799 :
2572 3746 2980 3805 Commentarius
3003 3752 3056 3805 in
3086 3751 3334 3822 Regulum
3360 3754 3525 3806 sancti
3559 3751 3724 3805 Benn-

2174 3837 2298 3891 dicti
2323 3850 2341 3888 :
2368 3845 2422 3891 et
2452 3837 2608 3891 Liber
2627 3839 2691 3893 de
2734 3849 3053 3893 sacramento
3084 3837 3453 3905 Eucharistia',
3484 3843 3584 3897 sub
3612 3843 3729 3912 ejus
3792 3880 3795 3881 ν

2176 3928 2393 3982 nomine
2417 3926 2653 3983 Colonia:
2693 3929 2867 3985 editus
2916 3946 3056 3985 anno
3086 3930 3239 3986 l55i.
3294 3932 3530 3986 Primum
3557 3935 3724 4003 siqui-

2176 4014 2296 4068 dem
2325 4023 2378 4070 et
2406 4016 2693 4095 secundum
2737 4032 2897 4087 opera
2925 4028 3047 4073 sunt
3071 4019 3342 4089 Halitgarii
3373 4021 3603 4091 episcopi
3632 4024 3728 4077 Ca-

2178 4105 2526 4171 meracensis,
2554 4113 2611 4160 ut
2658 4114 2802 4161 recte
2850 4107 3077 4162 advertit
3108 4106 3169 4163 V.
3199 4108 3254 4164 C.
3296 4100 3595 4179 Stephanus
3630 4112 3729 4166 Ba-

2147 4195 2355 4251 -luzius
2389 4196 2442 4250 in
2466 4194 2778 4266 praefatione
2827 4197 2892 4252 ad
2914 4194 3120 4253 Rabani
3142 4200 3420 4269 epistolam
3444 4200 3728 4258 ileribaldo

2169 4288 2456 4357 “scriptam,
2488 4279 2579 4358 qui
2617 4290 2940 4360 Halitgarius
2973 4290 3139 4346 libros
3188 4292 3422 4361 quinque
3466 4292 3725 4361 poeniten-

2180 4376 2334 4431 tiales
2354 4378 2651 4446 composuit
2674 4385 2861 4448 rogatu
2901 4378 3133 4434 Ebbonis
3161 4378 3546 4450 archiepiscopi
3582 4381 3724 4439 Bbe~

2178 4468 2398 4533 mensis,
2425 4464 2595 4523 editos
2617 4468 2684 4523 ab
2710 4467 2933 4524 Henrico
2951 4469 3165 4524 Canisio
3199 4470 3251 4524 in
3278 4480 3421 4525 tome
3450 4472 3493 4526 V
3520 4470 3728 4530 Laetio-

2177 4572 2303 4611 num
2332 4556 2702 4626 Antiquarum.
2734 4557 2866 4612 Nam
2915 4559 3049 4613 liber
3095 4560 3295 4630 primus
3320 4560 3386 4614 de
3407 4560 3729 4628 Qumstioni-

2176 4646 2275 4700 bus
2305 4654 2568 4701 canonum
2608 4648 2745 4718 apud
2792 4647 3066 4703 Rabanum
3106 4656 3186 4704 est
3216 4650 3435 4723 quintus
3457 4650 3592 4705 iiber
3621 4647 3728 4701 lla-

2177 4734 2372 4805 litgarii
2398 4754 2412 4802 ;
2444 4738 2706 4791 secundus
2757 4724 2843 4793 est
2865 4738 3052 4794 tertius
3078 4755 3091 4803 ;
3137 4740 3324 4794 tertius
3344 4749 3427 4794 est
3457 4751 3680 4811 quartus
3706 4761 3722 4808 ;

2180 4825 2383 4894 primus
2402 4841 2529 4881 vero
2556 4827 2689 4881 liber
2713 4828 2777 4882 de
2809 4827 2958 4883 Vitiis
2987 4829 3122 4898 apud
3171 4829 3442 4884 Rabanum
3488 4839 3572 4886 est
3608 4834 3725 4901 pri-

2180 4930 2299 4969 mus
2323 4916 2641 4985 Halitgarii;
2683 4917 2945 4972 secundus
2988 4917 3283 4987 Halitgario
3326 4920 3489 4973 etiam
3534 4935 3726 4976 secun-

2180 5004 2318 5071 dus;
2352 5008 2544 5061 tertius
2593 5006 2894 5062 Rabanicus
2952 5008 3102 5075 cujus
3139 5010 3229 5073 sit,
3254 5009 3533 5064 incertum.
3566 5012 3721 5066 Com-

2181 5097 2473 5151 tnentarius
2523 5112 2685 5165 porro
2728 5098 2780 5151 in
2809 5097 3065 5168 Regulam
3119 5100 3285 5153 sancti
3340 5100 3615 5156 Benedicti
3640 5110 3725 5157 est

2178 5184 2457 5255 Smaragdi
2514 5187 2725 5241 abbatis
2771 5188 3081 5241 monasterii
3134 5189 3307 5244 sancti
3357 5188 3631 5245 Michaelis
3653 5191 3723 5245 ad

2178 5274 2379 5329 Mosam
2403 5276 2455 5328 in
2486 5275 2702 5329 dimcesi
2745 5274 3127 5343 Verodunensi,
3184 5284 3242 5330 ut
3273 5286 3483 5331 constat
3520 5286 3630 5332 tum
3653 5293 3723 5334 ex

2180 5363 2458 5435 Sigeberto
2488 5364 2543 5417 in
2571 5364 2662 5416 lib.
2700 5364 2764 5418 de
2790 5363 3147 5433 Seriptoribus
3178 5365 3571 5434 ecclesiasticis,
3600 5382 3722 5439 cap.

2182 5455 2304 5518 ll8,
2356 5462 2467 5508 tum
2525 5467 2588 5506 ex
2640 5453 2789 5509 libris
2845 5454 3199 5510 membraneis
3248 5456 3546 5526 permultis,
3585 5470 3727 5527 quos

2179 5546 2305 5599 vidi.
2365 5544 2601 5612 Denique
2652 5542 2786 5598 liber
2832 5542 2897 5598 de
2939 5543 3272 5601 Eucharistia
3317 5552 3401 5601 est
3448 5544 3723 5602 Paschasii

2181 5632 2431 5700 iiadbcrti
2463 5630 2668 5688 abbatis
2695 5631 3047 5691 Corbeiensis.
3414 5652 3417 5653 ν
