3940 6334
223 318 299 377 53
1616 317 1792 373 PROL

1893 314 2145 371 OMENA.
3378 330 3447 387 ει

301 437 403 491 Η..
429 434 503 492 Ut
554 433 711 488 facile
767 422 1154 498 distinguamus
1214 444 1331 497 qua:
1365 429 1573 483 Rabani
1620 444 1781 497 opera
1814 433 1857 488 Α
1888 427 1953 482 lis
1975 428 2327 497 pmnitcutim,
2354 444 2457 483 una
2492 430 2557 484 ab
2602 431 2789 486 eodem
2819 432 2933 486 viro
2960 433 3257 490 clarissimo
3305 440 3452 496 edita

163 498 173 509 '
232 528 468 584 nondum
507 525 647 595 typis
675 522 882 591 vulgata
898 521 1035 592 sint,
1066 535 1241 589 operte
1264 520 1494 589 pretium
1525 529 1604 573 est
1625 519 1789 588 dispi-

224 630 363 670 cere
380 612 509 681 quid
538 625 606 666 ex
652 609 865 680 scriptis
892 607 1007 676 ejus
1028 622 1057 661 a
1082 604 1308 663 Rudoll‘o
1357 606 1792 661 commemoratis

232 706 377 761 desit
422 705 475 759 in
522 702 682 758 editis
712 717 727 766 ;
768 707 879 757 tum
910 690 1052 768 quid.
1088 692 1166 754 ext
1184 699 1250 754 iis
1282 714 1409 769 (ιιιωι
1442 700 1711 753 habentur
1737 698 1790 751 in

230 793 446 850 editisa
499 790 729 847 Rudolfo
775 782 1189 860 prsetermissum
1237 788 1342 852 sit;
1391 788 1622 857 denique
1664 786 1793 855 quid

230 891 433 952 prater
453 892 613 953 Opera
635 876 905 951 aRudoll'o
927 884 1233 932 enumerata
1261 884 1313 929 et
1323 890 1386 931 ea
1409 890 1529 945 quae
1550 875 1605 929 in
1631 876 1793 931 colle-

231 956 631 1029 ctioneRabani
650 984 868 1038 operum
884 975 1128 1033 exstant,
1141 967 1365 1023 ulterius
1398 968 1788 1022 desiderentur.

305 1062 396 1117 45.
432 1061 511 1115 Ex
537 1057 862 1114 enumeratis
903 1071 935 1119 a
960 1054 1187 1110 Rudolt'o
1211 1056 1406 1111 desunt
1439 1057 1493 1109 in
1524 1055 1787 1112 collectio-

236 1169 307 1208 ne
337 1146 557 1205 Pamelii
596 1146 962 1204 Commentarii
1009 1145 1064 1201 in
1099 1134 1463 1200 librosJuditIt
1509 1156 1556 1200 et
1605 1146 1795 1201 Esther

231 1240 448 1305 inediti,
484 1239 573 1309 qui
623 1251 788 1309 penes
836 1245 935 1291 nos
982 1243 1109 1290 sunt
1140 1235 1408 1311 deseripti
1461 1251 1619 1290 manu
1647 1234 1792 1290 Petri

232 1329 509 1386 Francisci
558 1325 845 1401 Chimetii;
892 1324 1114 1396 epistola
1169 1324 1233 1378 de
1288 1322 1679 1400 Chorepiscopis
1724 1330 1792 1377 ad

230 1422 530 1491 Drogonem
556 1416 857 1471 Hettensem
889 1414 1203 1485 episcopum,
1238 1429 1374 1469 cura
1401 1412 1659 1482 Stephani
1688 1413 1791 1467 Ba-

232 1509 365 1565 lnzii
393 1508 532 1564 edita
561 1506 616 1561 in
648 1505 803 1560 tertia
825 1502 1057 1560 editione
1084 1502 1339 1557 librorum
1360 1500 1504 1556 Petri
1527 1502 1592 1556 de
1615 1501 1791 1554 Marco

232 1602 306 1657 de
330 1596 627 1655 Concordia
660 1592 1032 1671 lmperii,guna
1068 1608 1190 1648 cum
1224 1591 1381 1646 Libro
1424 1592 1487 1645 de
1511 1592 1791 1645 reverentia

1894 518 1945 570 in
1972 518 2278 586 Appendice
2335 518 2610 598 Actorum.
2643 529 2881 574 veterum
2908 523 2975 576 ad
3028 524 3340 593 capitularia
3368 544 3451 584 rc-
3494 568 3503 579 .

1890 624 2016 679 gum
2080 608 2428 673 Francorum,
2483 611 2671 665 ordine
2718 628 2853 678 wn;
2888 613 3056 669 altera
3087 615 3138 669 in
3173 626 3318 672 tomo
3342 619 3467 675 Vill.

1890 696 2257 752 Conciliorum
2293 700 2545 754 editionis
2581 700 2895 756 Labhcanzr.
2944 704 3018 757 De
3055 698 3264 761 caeteris
3287 723 3451 777 opus-

1892 784 2046 854 culis,
2097 788 2487 858 quazllabano
2544 791 2847 845 tribuuntur
2883 806 2913 845 a
2951 792 3285 858 Trithemio,
3320 797 3454 851 nihil

1891 877 2238 944 pronuntiare
2264 878 2455 942 ausim,
2483 878 2659 933 sintne
2692 880 2919 946 Rabani,
2953 896 3017 935 an
3054 898 3181 936 non.
3215 884 3309 939 llis
3337 902 3453 940 om-

1892 964 2049 1018 nibus
2078 966 2223 1020 addit
2246 966 2529 1022 Browerus
2554 968 2792 1023 Lotharii
2844 963 3069 1042 Augusti
3123 976 3453 1044 epitaphium

1894 1068 1924 1105 a
1951 1053 2171 1108 Rabano
2200 1055 2498 1120 conditum,
2548 1057 2688 1125 quod
2739 1060 2852 1127 ipse
2879 1061 3043 1117 refert
3068 1063 3123 1117 in
3164 1064 3454 1120 Annalium

1894 1141 2290 1196 Trevirensium
2318 1143 2409 1197 lib.
2432 1161 2549 1199 vni.
2603 1146 2683 1200 Ad
2710 1147 2824 1201 lucc
2869 1150 2957 1202 alii
3018 1147 3355 1220 prophetiam
3387 1154 3453 1207 de

1895 1228 2111 1297 regibus
2162 1228 2489 1292 Francorum
2538 1247 2657 1301 qua:
2684 1248 2713 1285 a
2750 1236 3017 1291 nonnullis
3044 1246 3228 1293 sancto
3266 1240 3453 1309 Augu-

1895 1318 2037 1371 stino
2068 1320 2379 1397 ascribitur,
2409 1322 2573 1375 etiam
2607 1323 2829 1379 Rabano
2855 1327 3135 1394 tribuunt;
3169 1329 3221 1383 in
3262 1331 3459 1398 quibus

1894 1417 1977 1462 est
2000 1406 2231 1463 Jacobus
2264 1398 2565 1466 Alexander
2608 1412 2940 1470 Tenueurius
2974 1417 3028 1470 in
3057 1418 3311 1474 Veritatis
3340 1420 3457 1474 vin-

1894 1495 2087 1551 dicata:
2134 1512 2254 1568 cap.
2287 1499 2494 1554 ultimo.
2554 1499 2610 1555 Si
2644 1502 2766 1557 huic
2810 1505 3107 1573 prophetia:
3163 1509 3457 1575 credimus,

1901 1603 1919 1635 ι
1952 1587 2189 1654 quandiu
2213 1602 2369 1658 reges
2404 1589 2731 1643 Francorum
2783 1590 3112 1657 duraverint,
3144 1595 3233 1664 qui
3258 1587 3454 1651 Roma-

230 1685 467 1760 [iliorum
498 1682 834 1757 crga’patres,
867 1681 1398 1751 et-su‘bditorum‘erga
1431 1697 1571 1749 reges
1598 1681 1665 1732 ad
1692 1679 1794 1732 Lu-
1897 1692 2024 1730 num
2056 1678 2340 1746 imperium
2374 1688 2557 1733 tenere
2596 1680 2807 1743 debent,
2859 1681 3097 1736 Romana
3130 1685 3361 1754 dignitas
3388 1702 3455 1741 ex

233 1778 472 1833 doricum
501 1778 883 1846 imperatorem,
928 1773 1018 1841 qui
1063 1772 1201 1827 liber
1214 1786 1251 1825 -a
1280 1770 1507 1826 Rodull‘o
1536 1770 1788 1825 Collecla-
1819 1774 1866 1834 Β
1899 1772 2012 1819 toto
2039 1780 2144 1819 non
2171 1766 2385 1835 peribit.
2419 1786 2437 1816 ι
2465 1766 2521 1820 ld
2570 1781 2674 1834 quo
2710 1767 2859 1821 titulo
2886 1770 3184 1824 ascribatur
3210 1772 3454 1840 Rabano,

235 1868 375 1920 rium
406 1863 736 1934 appellatur;
770 1860 1007 1931 Epistola
1035 1858 1113 1914 ad.
1139 1858 1423 1929 Notingum
1461 1856 1792 1913 Veronensem

1900 1853 2029 1907 mihi
2061 1855 2293 1908 nomium
2321 1866 2652 1923 compertum
2689 1866 2790 1913 est.
2824 1857 2985 1911 Multo
3011 1860 3188 1915 minus
3208 1862 3259 1916 id
3290 1879 3459 1934 genus

236 1944 551 2022 episcopum
576 1950 640 2004 de
694 1949 1016 2019 prwscientia
1062 1956 1111 2001 et
1165 1949 1613 2017 prmaestinatione
1658 1948 1795 2013 Dei;

238 2044 395 2097 Liber
414 2042 494 2096 ad.
523 2039 835 2094 Ludovicum
864 2039 1222 2108 imperatorem
1248 2036 1313 2089 de
1336 2035 1594 2090 oblatione
1614 2053 1799 2091 secun-

228 2134 367 2186 dum
396 2129 639 2207 Regulam
662 2128 828 2183 sancti
853 2125 1152 2189 Benedicti;
1182 2123 1417 2194 Epistola
1449 2124 1797 2179 consolatorie

234 2223 310 2276 ad
335 2220 602 2286 eumdem;
622 2229 670 2274 et
694 2216 943 2288 Dialogus
970 2218 1032 2271 de
1054 2224 1311 2286 computo,
1330 2230 1522 2271 recens
1539 2216 1715 2270 editus
1741 2217 1796 2270 in

236 2309 595 2366 Miscellaneis
640 2307 958 2362 Baluzianis.
1012 2306 1090 2362 Ex
1109 2306 1202 2361 his’
1240 2305 1467 2380 epistola
1498 2307 1565 2360 ad
1593 2296 1796 2361 'Notin-

236 2415 371 2470 gum
397 2400 541 2454 edita
566 2398 634 2453 ab
656 2396 939 2462 Sirmondo
958 2404 1084 2463 est;
1113 2396 1247 2452 liber
1271 2410 1399 2451 vero
1426 2398 1492 2452 de
1513 2396 1795 2453 Oblatione

228 2506 530 2560 puerorum
584 2490 811 2545 habetur
856 2503 1017 2543 manu
1043 2488 1342 2557 descriptus
1377 2488 1443 2542 in.
1473 2489 1796 2544 bibliotheca

236 2580 554 2637 Mellicensi.

310 2672 400 2726 46.
441 2671 520 2725 Ex
545 2670 769 2726 adverso
810 2676 1004 2739 praeter
1030 2660 1338 2733 enumerata
1388 2682 1421 2721 a
1445 2665 1796 2722 Rudolt‘o‘ha-

235 2763 436 2819 bentur
488 2762 541 2817 in
583 2756 673 2815 illa
711 2758 1057 2813 collectione:
1097 2756 1249 2811 Liber
1291 2757 1355 2811 de
1390 2755 1794 2823 Grammatice;

236 2867 373 2920 opus
403 2850 466 2909 de
494 2847 773 2921 Universo;
802 2844 1069 2918 Expositio
1089 2848 1145 2901 in
1168 2848 1369 2901 cantica
1392 2863 1507 2919 quia
1532 2847 1601 2901 ad
1627 2858 1798 2902 matu-

177 2951 185 2973 ’
230 2945 383 2996 sinas
413 2941 593 2995 laudes
616 2955 706 3010 per
729 2937 1078 3008 Septimanam
1130 2937 1375 2991 dicuntur
1396 2954 1416 3003 ;
1436 2936 1717 3009 Allegoria:
1740 2939 1793 2992 in

230 3047 449 3100 sacram
479 3029 842 3100 Scripturam;
868 3028 1021 3082 Liber
1046 3028 1113 3082 ad
1146 3027 1187 3081 Τ
1188 3029 1500 3083 hiotmarum
1545 3030 1608 3083 de
1629 3030 1794 3083 sacris

1896 1940 2099 1994 oraculi
2131 1942 2471 1995 tribuendum
2522 1952 2709 1997 sancto
2751 1945 3072 2027 Augustino,
3103 1950 3155 2002 in
3187 1951 3341 2020 cujus
3379 1963 3455 2006 ta-

1900 2042 2023 2081 men
2047 2027 2279 2097 Operum
2304 2031 2649 2098 appendicem
2680 2032 2909 2086 refertur
2930 2043 3075 2090 tomo
3103 2036 3194 2091 IX.

1965 2119 2333 2188 48..Denique
2370 2121 2542 2175 eidem
2597 2123 2819 2177 Rabano
2863 2106 3103 2193 eruditus
3155 2129 3237 2182 vir
3264 2129 3457 2187 Petrus

1894 2209 2220 2287 Franciscus
2248 2210 2544 2266 Chililetius
2570 2215 2792 2268 ascrilit
2834 2215 3029 2271 librum
3056 2234 3150 2274 seu
3174 2222 3454 2289 epistolam

1896 2306 2082 2351 contra
2107 2296 2340 2363 Judaeos,
2367 2315 2526 2368 quam
2554 2302 2665 2370 ipse
2691 2302 2911 2359 Divione
2957 2307 3097 2375 typis
3125 2310 3289 2363 edidit
3315 2326 3455 2366 anno

1894 2387 2033 2442 1656
2074 2403 2193 2442 ιιιιίιΔ
2238 2390 2615 2464 cum‘Alcuini
2667 2391 3032 2449 Coufessione.
3065 2398 3262 2453 Verum
3310 2402 3450 2456 hanc

1894 2476 2175 2546 epistolam
2202 2493 2308 2532 non
2360 2494 2481 2534 esse
2525 2480 2750 2546 Rabani,
2806 2484 2899 2537 sed
2942 2484 3216 2541 Amolonis
3240 2489 3456 2560 Lugdu-

1896 2569 2078 2624 nensis
2131 2563 2390 2639 ep'iscOpi,
2446 2569 2645 2626 diserte
2698 2573 2886 2642 probat
2931 2578 3203 2632 recentior
3240 2581 3455 2648 quidam

1854 2682 1859 2688 ·
1896 2660 2126 2729 scriptor
2153 2660 2206 2713 in
2239 2650 2530 2730 appendice
2555 2662 2621 2715 ad
2651 2660 2871 2717 Joannis
2912 2664 3093 2718 Dallazi
3119 2667 3454 2723 dissertatio-

1896 2761 2021 2802 nem
2041 2748 2107 2803 de
2132 2756 2351 2804 auctore
2379 2744 2749 2804 Confessiouis
2766 2748 2879 2818 jam
2922 2751 3093 2807 dictae.
3126 2752 3293 2820 Hujus
3320 2771 3453 2810 ano-

1898 2837 2048 2908 nynti
2076 2846 2389 2906 argumenta
2418 2846 2672 2907 petuntur
2695 2839 2868 2907 primo
2897 2854 2925 2891 a
2957 2841 3218 2908 pertinaci
3242 2843 3455 2897 silentio

1895 2916 2219 2996 scriptorum
2246 2926 2482 2980 omnium
2506 2926 2598 2994 qui
2622 2926 2821 2979 Rabani
2851 2941 3011 2996 opera
3049 2941 3455 2989 recensuerunt.

1897 3014 2033 3069 Tum
2061 3030 2217 3089 exeo
2239 3017 2383 3085 quod
2414 3016 2568 3070 istius
2614 3005 2851 3085 epistola:
2879 3019 3111 3088 scriptor
3134 3022 3231 3086 ait,
3268 3037 3325 3076 se
3341 3023 3452 3091 jam

242 3094 538 3176 ordinibus
560 3135 578 3183 ;
597 3092 745 3172 libri
773 3092 874 3172 tres
895 3117 964 3171 ad
989 3114 1328 3187 Reginaldum
1364 3133 1469 3172 .seu
1501 3116 1790 3187 Regimbal.
1817 3108 1861 3171 C
1892 3092 2197 3172 episcopum
2226 3103 2394 3158 fuisse
2418 3119 2557 3158 anno
2598 3121 2615 3153 ι
2655 3104 2717 3158 al
2752 3106 2985 3160 adventu
3004 3107 3222 3173 Domini
3272 3111 3397 3175 846,
3427 3132 3446 3163 ι

228 3210 369 3262 dum
398 3209 461 3262 de
484 3207 827 3263 ecclesiastica
847 3205 1119 3283 disciplina
1141 3222 1159 3270 ;
1202 3204 1345 3259 Libri
1402 3201 1503 3260 tres
1525 3206 1594 3261 ad
1616 3206 1791 3283 Bono-

230 3315 359 3356 sum
411 3297 683 3366 abbatem;
712 3292 950 3367 Epistola
982 3281 1051 3349 ad
1094 3294 1433 3352 Humbertum
1484 3295 1793 3350 Wirtzibur—

228 3404 447 3461 genum
466 3388 779 3460 episcopum,
806 3386 961 3456 quota
990 3386 1317 3455 generatione
1358 3384 1557 3457 licitum
1571 3369 1651 3440 “sit
1678 3402 1793 3439 ma-

232 3478 566 3540 trimonium;
595 3468 746 3531 Liber
756 3475 819 3531 de
842 3477 1016 3547 anima
1037 3484 1083 3529 et
1104 3475 1378 3530 virtutibus
1396 3476 1465 3529 ad
1491 3475 1793 3530 Lotltarium

234 3585 447 3639 regem;
476 3566 698 3639 Libellus
721 3567 786 3625 de
812 3569 913 3622 vita
954 3567 1294 3643 Antichristi;
1328 3567 1794 3639 Martyrologium;

237 3657 549 3723 Poematia;
575 3656 772 3712 Glosste
785 3666 877 3729 μοι
901 3656 964 3711 de
988 3655 1283 3715 Inventiotte
1303 3656 1598 3728 linguarum
1624 3672 1658 3709 ε’
1677 3675 1796 3728 qua:

228 3734 424 3802 omnia
457 3746 704 3806 videntur
724 3760 843 3810 esse
869 3743 1335 3823 genuinaRabani
1363 3754 1543 3816 opera.
1576 3747 1661 3819 De
1685 3749 1794 3802 Ra-

234 3836 369 3891 bani
395 3834 597 3899 Glossis
623 3835 927 3891 Teutonicis
955 3835 1036 3890 adi
1060 3834 1312 3901 Caesareae
1350 3834 1687 3892 bibliothecae
1713 3846 1795 3892 to-

233 3943 390 3988 mum
414 3926 476 3981 ll.
1362 3982 1365 3983 ν
1684 3975 1693 3984 .

309 4015 404 4069 47.
452 4014 510 4081 ln
535 4005 709 4069 indice
730 4012 937 4069 Rudolli
967 4022 1027 4070 et
1066 4015 1118 4070 in
1149 4015 1290 4070 dicta
1315 4014 1629 4072 collectione
1652 4014 1795 4069 desi-

232 4103 507 4158 derantur
538 4102 777 4173 epistolae
809 4102 1051 4177 quaedam
1078 4118 1109 4157 a
1128 4101 1323 4158 Iacobo
1368 4103 1653 4159 Sirmondo
1679 4102 1795 4158 vul-

232 4201 381 4263 gata
402 4183 630 4246 Lutetiae
646 4190 971 4259 Parisiorum
993 4203 1133 4245 anno
1158 4190 1312 4258 1647,
1336 4207 1529 4262 nempe
1558 4191 1793 4263 Epistola

234 4287 309 4339 ad
335 4283 674 4345 Hincmarum
694 4276 1024 4337 Rhemensem
1037 4282 1350 4352 episwpum,
1378 4291 1426 4336 et
1464 4282 1568 4335 alia
1593 4281 1661 4335 ad
1690 4281 1796 4335 He-

228 4374 521 4431 berardum
552 4373 808 4436 comitem,
837 4356 942 4439 una
982 4388 1101 4427 cum
1136 4372 1387 4453 synodali
1423 4372 1625 4428 Rabani
1674 4372 1787 4442 epi-

1893 3207 2004 3247 uno
2025 3202 2150 3248 ante
2178 3193 2383 3247 Rabani
2405 3193 2794 3262 pontiﬁcatum,
2826 3202 2937 3249 tum
2961 3211 3024 3249 ex
3055 3212 3119 3252 eo
3139 3199 3280 3266 quod
3305 3216 3449 3268 qum-

1888 3281 2016 3357 ῥέξω
2042 3280 2260 3338 duriora
2313 3292 2499 3339 contra
2545 3282 2757 3354 Iudaeos
2817 3285 3079 3353 superiori
3129 3295 3366 3357 tempore
3393 3304 3453 3345 se

1894 3370 2338 3447 statuissotrefert
2368 3389 2380 3423 :
2410 3372 2551 3441 quod
2582 3372 2823 3437 Rabano,
2871 3374 2962 3441 qui
3010 3374 3214 3441 nullu‘m
3264 3387 3451 3432 contra

1893 3462 2106 3517 Judzeos
2136 3463 2409 3531 decretum
2433 3462 2681 3526 sancivit,
2712 3458 2997 3517 convenire
3021 3464 3322 3520 nullatenus
3353 3484 3448 3536 po-

1894 3563 2021 3608 test.
2060 3554 2324 3608 Praeterea
2378 3555 2519 3623 quod
2573 3554 2813 3624 epistola:
2864 3564 3053 3610 auctor
3091 3572 3196 3611 non
3225 3542 3452 3614 obseurc

1892 3654 2063 3711 notet,
2094 3661 2173 3710 se,
2205 3660 2325 3699 cum
2352 3646 2609 3699 adversus
2656 3643 2866 3700 Judatos
2912 3647 3191 3714 epistolam
3234 3650 3445 3713 scribit,

1892 3720 2297 3789 decessoris'sui
2338 3733 2489 3810 sequi
2535 3733 2779 3802 vestigia,
2810 3734 2898 3802 qui
2954 3734 3137 3788 itidem
3190 3731 3448 3791 adversus

1876 3822 2104 3879 'Judaeos
2150 3823 2316 3878 multa
2353 3824 2674 3892 scripsisset,
2726 3823 2995 3891 multaque
3029 3826 3243 3893 egisset.
3288 3826 3449 3896 Otga-

1894 3917 2034 3970 rium
2064 3930 2191 3969 vero
2222 3915 2426 3969 Rabani
2472 3915 2804 3968 decessorem
2854 3914 2985 3967 nihil
3013 3915 3312 3983 hujusmodi
3349 3933 3447 3986 pa-

1896 4012 2068 4059 trasse
2095 4006 2149 4059 in
2179 4004 2395 4059 dicecesi
2448 4004 2769 4072 Moguntina.
2821 4004 2887 4056 Et
2913 4004 2996 4057 his
3021 4002 3232 4071 quidem
3282 4022 3443 4075 argu-

1894 4093 2091 4148 mentis
2120 4106 2238 4146 eam
2264 4091 2541 4162 epistolam
2587 4090 2804 4144 Rabano
2833 4089 3105 4157 alzjudicat
3139 4094 3447 4160 appendicis

1894 4192 2111 4249 auctor;
2142 4183 2439 4252 iisdemque
2458 4180 2701 4237 Amoloni
2733 4181 3071 4251 Lugdunensi
3098 4183 3355 4251 pontiﬁci,
3390 4194 3449 4239 ut

1892 4260 2111 4349 proprio
2133 4267 2362 4353 parenti,
2396 4273 2767 4327 vindicandam
2795 4287 2912 4327 esse
2954 4274 3244 4327 contendit.
3276 4273 3450 4343 Siqui-

1895 4365 2014 4418 dem
2050 4363 2238 4417 Amolo
2283 4377 2424 4416 anno
2452 4362 2548 4416 8M
2582 4362 2634 4415 in
2686 4362 2991 4430 episcopum
3040 4363 3314 4416 ordinatus
3342 4372 3442 4427 εει,

232 4462 379 4518 stola
415 4460 527 4529 jam
574 4461 627 4514 in
656 4431 1106 4531 conciliispedita,
1136 4431 1195 4514 έὶ
1235 4440 1452 4530 epistola
1493 4459 1561 4512 ad
1595 4431 1788 4512 Notin-
1816 4431 1866 4489 D
1893 4468 2121 4521 moxque
2147 4452 2363 4506 duriora
2387 4460 2585 4505 statuta
2603 4449 2835 4504 condidit
2860 4458 3044 4503 contra
3065 4449 3443 4519 Judtcos,quos

228 4568 368 4622 gum
398 4550 756 4605 Veronensem
784 4549 1110 4618 episcopum,
1164 4556 1347 4603 contra
1397 4547 1785 4603 Gotescalcum.

234 4642 318 4694 Ex
357 4640 551 4709 quibus
600 4637 835 4712 epistola:
882 4639 949 4693 ad
1004 4636 1284 4709 Notiugum
1313 4646 1365 4693 et
1402 4638 1467 4704 ad
1524 4637 1788 4692 Heberar-

233 4731 375 4783 dum
402 4743 603 4783 recusat
634 4736 757 4791 sunt
783 4728 837 4781 in
882 4737 1025 4783 tomo
1053 4729 1209 4783 tertio
1235 4727 1399 4784 Italiae
1429 4727 1605 4783 Sacrae
1627 4743 1788 4798 opera

233 4818 568 4874 Ferdinandi
610 4816 845 4897 Ughelli,
871 4818 962 4887 qui
987 4817 1249 4873 Sirmondi
1276 4819 1560 4874 editionem
1586 4834 1690 4873 non
1714 4819 1791 4872 vi-

229 4912 418 4965 derat.
449 4909 685 4979 [lenique
712 4909 767 4961 in
811 4909 952 4967 dicto
1003 4908 1173 4963 indice
1216 4908 1421 4965 Rudolli
1447 4910 1584 4964 etin
1626 4909 1788 4992 colle-

233 4999 661 5069 ctionePamelii
684 5000 875 5055 desunt
899 4999 1135 5068 epistolae
1164 4998 1278 5054 duae
1303 5000 1479 5068 magni
1504 5000 1788 5055 momenti:

236 5108 351 5146 una
383 5092 451 5144 ad
468 5078 757 5160 'Egilonem’
780 5106 866 5165 seu
890 5089 1107 5160 Eigilem
1149 5090 1381 5143 abbatem
1410 5088 1787 5153 Prumiensem,

234 5196 369 5257 qpae
394 5167 660 5235 excidisse
689 5167 960 5245 creditur:
990 5180 1088 5234 alia
1117 5179 1185 5234 ad
1223 5178 1562 5232 lleribaldum
1606 5179 1791 5234 Antis-

234 5272 611 5329 siodorensem
653 5270 972 5339 episcopum,
1029 5283 1143 5337 quae
1170 5285 1199 5323 a
1228 5268 1386 5325 Petro
1428 5269 1695 5323 Stevartio
1720 5284 1785 5323 ex

236 5361 429 5437 codice
463 5355 1073 5439 Weingartensijprodiit
1095 5358 1149 5411 in
1189 5357 1378 5421 lucem,
1406 5373 1594 5418 recens
1617 5373 1646 5410 a
1672 5358 1789 5411 Ste-

234 5457 426 5528 phano
473 5451 690 5506 Baluzio
731 5466 915 5505 recusa
960 5462 1079 5521 post
1135 5451 1497 5507 collectionem
1524 5465 1787 5504 canonum

232 5544 559 5614 Reginonis.
583 5542 714 5595 Item
734 5542 967 5611 epistola:
986 5541 1104 5595 dua:
1130 5542 1195 5595 ad
1219 5541 1619 5612 Regimboldum
1635 5541 1790 5593 chor-

231 5632 557 5702 ep'tscopum
580 5630 958 5700 Meguutinum,
992 5631 1054 5685 de
1099 5629 1409 5698 quibusdam
1436 5630 1787 5697 qlia-stillaru-

1888 4541 2075 4597 effreni
2130 4540 2343 4595 licentia
2374 4540 2428 4593 in
2477 4538 2812 4608 Lugdunensi
2864 4538 3081 4591 dioecesi
3111 4552 3169 4592 se
3215 4540 3444 4608 gessisse

1889 4646 1953 4685 ex
2009 4630 2290 4701 Agobardo
2353 4630 2646 4691 discimus,
2687 4627 2776 4695 qui
2838 4627 3050 4695 quidem
3107 4626 3440 4695 Agohardus,

1888 4723 2163 4781 Amolonis
2185 4721 2458 4784 decessor,
2487 4718 2688 4786 scripta
2708 4717 2875 4770 edidit
2924 4716 3178 4771 adversus
3224 4718 3441 4771 eosdem

1892 4812 2120 4871 Iudaeos,
2175 4824 2240 4863 ex
2299 4809 2493 4877 quibus
2538 4815 2731 4860 auctor
2788 4804 3025 4873 epistola:
3088 4812 3441 4861 controversae

1893 4901 2059 4955 multa
2088 4897 2341 4952 transfert
2370 4898 2423 4950 in
2455 4911 2570 4950 sua.
2628 4896 2823 4949 Verum
2870 4894 3029 4963 (quod
3055 4895 3300 4968 omnibus
3320 4909 3438 4948 con-

1887 4989 2111 5059 iecturis
2136 4984 2524 5056 praeferendum
2551 4982 2718 5054 putat)
2741 4998 2806 5037 ex
2828 4982 3438 5038 FrodoardoRhemensi

1890 5080 2204 5149 presbytero
2237 5077 2288 5130 in
2339 5075 2583 5129 Historize
2634 5073 2723 5125 lib.
2757 5089 2835 5136 Ill,
2867 5087 2982 5154 cap.
3010 5072 3097 5136 21,
3125 5071 3435 5126 Amolonem

1893 5171 2146 5225 adversus
2194 5166 2404 5221 Iudaeos
2456 5163 2735 5233 epistolam
2792 5162 3110 5231 encyclicam
3158 5161 3437 5230 scripsisse
3530 5218 3535 5221 ,

1894 5260 2111 5328 colligit,
2143 5257 2232 5311 ubi
2278 5255 2595 5308 Hincmarus
2639 5252 2913 5320 scripsisse
2957 5249 3153 5303 dicitur
3186 5268 3204 5298 ι
3246 5249 3434 5303 Amolo

1896 5347 2250 5419 Lugdunensi,
2277 5347 2341 5398 de
2366 5344 2561 5414 placito
2582 5340 2728 5410 quod
2766 5341 3023 5393 habuerat
3067 5355 3185 5393 eum
3210 5353 3329 5413 rege
3360 5354 3433 5392 re-

1892 5446 2084 5515 gnique
2113 5440 2456 5510 primoribus,
2492 5445 2543 5490 et
2592 5436 2657 5489 de
2707 5432 3007 5486 Judzeorum
3036 5434 3087 5485 in
3128 5434 3228 5485 hoc
3268 5448 3435 5501 regno

1893 5543 2052 5588 statu.
2090 5551 2107 5582 ι
2150 5529 2236 5591 At,
2270 5527 2311 5580 si
2341 5526 2467 5593 quid
2490 5523 2664 5585 rideo,
2698 5520 2827 5574 nihil
2853 5521 2904 5573 in
2936 5520 3017 5573 his
3044 5517 3217 5572 verbis
3243 5519 3308 5571 dc
3332 5533 3428 5570 cn-

1892 5623 2089 5694 cyclica
2141 5616 2411 5672 Amolonis
2468 5611 2685 5681 cpistola
2722 5628 2733 5661 :
2764 5623 3062 5678 quanquam
3100 5607 3237 5658 valet
3282 5606 3325 5658 is
3355 5604 3425 5658 lo-
