3940 6336
514 242 584 298 35
1416 267 1424 274 -
1614 231 1702 285 AD
1739 227 1963 286 OPERA
1999 228 2058 290 Β.
2097 225 2347 283 RABANI
2385 224 2600 284 MAUN
3631 216 3700 272 ὅθ

513 360 606 427 cus
633 344 700 399 ad
752 344 1083 415 probandum
1124 341 1198 404 id,
1239 340 1379 410 quod
1430 353 1548 394 mox
1588 337 1918 405 praemissum
1956 345 2058 402 est,
2088 343 2136 404 Α
2163 351 2248 402 ne,
2277 339 2416 407 quod
2439 339 2490 392 in
2518 337 2676 393 editis
2698 351 2801 391 non
2853 344 3047 399 exstat,
3100 332 3184 389 cui
3221 329 3564 404 prtemittitur
3590 330 3703 386 lucc

510 425 762 489 nimirum
812 434 1122 490 Amolonem
1169 439 1367 486 statuta
1413 429 1640 501 edidisse
1691 427 1944 482 adversus
1964 425 2057 480 Ju-

509 524 668 578 dazos.
711 523 1107 579 Prel'erendum
1134 522 1311 591 itaque
1338 528 1420 574 est
1439 519 1679 571 ultimum
1707 517 1944 586 ejusdem
1971 532 2062 570 au-

513 615 678 669 ctoris
721 623 1091 684 argumentum
1130 628 1194 666 ex
1223 610 1422 665 Joanne
1471 606 1766 660 Trithemio
1795 605 1856 658 in-
1873 604 1964 659 lib.
1995 605 2061 659 de

511 705 873 774 Scriptoribus
918 701 1313 764 ecclesiasticis,
1371 697 1462 751 ubi
1515 695 1841 750 Tritbemius
1894 695 1967 747 ait
2002 708 2061 748 se

509 794 702 864 legisse
735 793 942 847 llamuli
968 790 1198 861 episcOpi
1250 785 1619 857 Lugdunensis
1644 802 1663 834 ι
1694 797 1828 851 opus
1853 783 2060 853 insigne

508 883 573 934 ad
601 881 848 936 Carolum
871 887 1053 934 contra
1079 876 1311 939 Judatos,
1347 895 1365 926 ι
1407 871 1560 940 cujus
1587 871 1862 925 exordium
1886 878 1970 924 est
1994 872 2061 925 ab

508 970 592 1024 bis
617 971 812 1027 verbis.
839 966 1146 1020 Detestanda
1176 963 1502 1025 Judaorum,
1537 967 1662 1024 etc.,
1695 958 1838 1027 quod
1885 958 2061 1026 ipsum

507 1068 589 1114 est
635 1057 978 1114 Cbillletiante
1027 1053 1262 1125 epistolae
1294 1050 1632 1122 principium.
1690 1048 1904 1103 Viderat
1934 1061 2061 1117 ergo

508 1147 830 1201 Trithemius
857 1145 1087 1212 aliquem
1113 1151 1377 1196 vetustum
1409 1143 1648 1196 codicem
1697 1141 1836 1194 hanc
1859 1140 2057 1209 episto-

406 1297 410 1302 ,
506 1239 610 1290 lam
666 1237 765 1290 sub
826 1234 1100 1288 Amolonis
1149 1234 1362 1287 nomine
1414 1231 1785 1301 prmferentem
1818 1247 1830 1282 :
1866 1229 2062 1283 viderit

506 1327 668 1379 alium
696 1323 989 1380 Cbillletius
1029 1323 1132 1376 sub
1162 1323 1376 1376 nomine
1403 1321 1623 1374 Rabani.
1672 1319 1740 1372 At
1763 1333 1880 1387 quae
1905 1333 2060 1386 supe-

506 1416 618 1470 rnis
656 1415 812 1467 allata
862 1422 1006 1477 aunt,
1039 1412 1272 1480 potiores
1325 1410 1514 1466 Joanni
1560 1410 1854 1464 Trithemio
1882 1417 2060 1478 partes
2151 1451 2154 1454 λ

504 1511 842 1648 “sigma-do
897 1591 1168 1660 temporis,
1235 1605 1340 1659 quo
1395 1588 1599 1658 singula
1643 1587 1853 1641 Rabani
1895 1601 2059 1655 opera

505 1682 716 1737 condita
765 1689 888 1735 sunt
938 1681 1003 1733 ab
1041 1684 1280 1742 aut‘t’iit‘e,
1332 1678 1411 1732 sic
1462 1674 1864 1745 distinguendus
1908 1673 2055 1726 vide—
2087 1686 2130 1742 η

506 1781 610 1826 tur.

571 1880 724 1934 Anno
754 1879 926 1934 mtatis
959 1893 1066 1932 suae
1095 1876 1164 1930 '50
1204 1875 1429 1929 absolvit
1474 1874 1638 1928 libros
1666 1873 1798 1927 duos
1829 1872 1894 1926 de
1917 1870 2058 1947 La’u-

507 1971 662 2024 dibus
687 1977 881 2022 sancta:
909 1966 1110 2029 Crucis,
1140 1980 1270 2033 quos
1317 1973 1501 2033 rogatu
1532 1962 1738 2016 Alcuini
1765 1968 2059 2030 praecepto-

505 2062 582 2114 ris
623 2060 705 2113 sui
761 2059 1030 2112 inchoavit
1061 2074 1072 2108 :
1107 2070 1305 2123 eosque
1337 2054 1567 2123 primum
1613 2061 1797 2106 sancto
1831 2051 2058 2104 Martino

503 2146 799 2202 Turonensl
827 2147 1098 2215 episcopo,
1125 2144 1179 2196 iu
1202 2143 1352 2213 cujus
1372 2141 1697 2196 monasterio
1723 2140 1915 2196 litteris
1934 2153 2058 2207 ope-

505 2251 631 2289 ram
676 2235 917 2298 dederat,
966 2227 1291 2300 nuncupavit
1335 2245 1429 2299 per
1478 2229 1781 2293 Alcuinum,
1833 2229 1884 2282 in
1910 2227 2060 2295 cujus

502 2338 727 2393 persona
754 2335 967 2376 carmen
985 2318 1431 2386 nuncupatorium
1462 2317 1607 2372 lusit.
1634 2317 1862 2372 Eosdem
1891 2317 2060 2371 libros

503 2424 686 2484 postea
712 2411 977 2466 dedicavit
1026 2409 1291 2463 Ludovico
1312 2408 1588 2478 Augusto;
1643 2416 1758 2472 tum
1800 2406 2059 2484 Gregorio

504 2481 654 2575 papie
676 2511 895 2572 quarto:
921 2501 1131 2554 tametsi
1155 2515 1259 2553 non
1284 2499 1350 2562 ci,
1382 2500 1474 2554 sed
1503 2497 1690 2569 Sergio
1712 2496 1825 2566 ejus
1851 2481 2063 2552 succes-

507 2593 616 2648 sori
640 2592 829 2646 redditi
861 2597 983 2645 sunt
1011 2605 1150 2643 anno
1190 2588 1302 2644 844'
1314 2603 1410 2658 per
1457 2587 1772 2642 Ascrichum
1795 2597 1851 2641 et
1876 2587 2060 2641 Ruod-

507 2693 717 2754 pertum
741 2681 1030 2736 Fuldenses
1059 2679 1384 2742 monachos;
1415 2676 1536 2731 dein
1567 2676 1872 2731 lleberardo
1897 2676 2062 2730 italiae

504 2774 686 2829 comiti
709 2773 798 2841 qui
831 2771 1114 2840 praedictos
1139 2770 1299 2824 libros
1327 2785 1423 2838 per
1459 2768 1774 2824 Ascrichum
1804 2775 1860 2822 et
1880 2768 2061 2822 Ruod-

506 2872 716 2934 pertum
743 2863 910 2916 Roma
949 2867 1275 2914 revertentes
1323 2857 1720 2930 elllagitaverat,
1745 2866 1804 2912 ut
1822 2866 1972 2928 patet
1993 2872 2060 2912 ex

508 2954 710 3008 Rabam
756 2951 974 3020 epistola
1025 2951 1092 3004 ad
1129 2966 1249 3005 eum
1273 2951 1507 3020 scripta;
1539 2965 1602 3005 ac
1637 2951 1849 3005 demum
1882 2965 2062 3004 mona-

508 3043 625 3098 chis
650 3041 876 3097 cmnobii
903 3040 1207 3110 Dionysiani
1253 3040 1306 3093 in
1342 3054 1472 3110 agro
1514 3037 1820 3094 Parisiensi.
1876 3039 2059 3095 Alcui-
2086 3012 2128 3074 C

514 3138 640 3186 num
667 3131 887 3184 Rabano
915 3129 1182 3184 scribendi
1231 3130 1330 3200 hos
1361 3128 1526 3183 libros
1577 3136 1850 3184 auctorem
1895 3129 2062 3182 fuisse

512 3227 733 3290 apparet
757 3235 822 3274 ex
854 3219 1060 3273 Alcuini
1098 3217 1319 3286 epistola
1347 3217 1415 3271 55
1444 3218 1704 3272 benedicta
1748 3220 1916 3272 sancti
1956 3217 2059 3271 Bs-

511 3311 701 3363 nedi'cti
722 3324 878 3377 puero
909 3306 1096 3360 Mauro
1128 3307 1203 3376 (id
1233 3305 1436 3360 Rabani
1470 3305 1694 3360 alterum
1747 3306 1960 3378 nomen)
1985 3308 2063 3360 in—

511 3397 729 3465 scripta,
763 3398 815 3449 in
857 3397 1014 3451 editis
1051 3397 1317 3451 mendose
1350 3396 1418 3449 ad
1445 3396 1802 3462 Benedictum,
1829 3397 1920 3452 ubi
1949 3397 2064 3452 hac

511 3486 672 3540 verba
703 3504 716 3538 :
753 3504 773 3536 ι
805 3485 1061 3540 Libellum
1111 3501 1267 3554 quem
1299 3501 1384 3540 me
1414 3495 1634 3555 rogante
1668 3486 1831 3542 scribi
1864 3489 2066 3555 proui-

513 3578 652 3640 sisti,
682 3592 810 3646 rogo
840 3587 896 3630 ut
927 3585 1016 3630 tua
1043 3576 1200 3630 faciat
1230 3577 1510 3644 promissio
1534 3575 1707 3641 ﬁrma,
1735 3585 1789 3630 et
1809 3591 1930 3631 mea
1961 3577 2063 3630 im-

516 3669 717 3738 plcatut
752 3667 968 3732 latitia;
1014 3686 1031 3718 ι
1063 3677 1116 3720 et
1144 3667 1196 3719 in
1227 3666 1330 3720 ﬁne
1358 3681 1372 3719 :
1416 3684 1434 3716 ι
1479 3667 1664 3722 Valeas
1688 3666 1914 3722 feliciter
1941 3683 2064 3722 cum

517 3757 700 3824 pueris
727 3757 852 3809 tuis.
889 3775 908 3806 ι
938 3754 1050 3821 Qua
1077 3771 1139 3809 ex
1175 3755 1394 3824 epistola
1441 3756 1751 3825 colligebam
1784 3759 2063 3812 Alcuinam

515 3854 919 3916 praetervectum
949 3860 1066 3899 esse
1119 3861 1314 3899 annum
1364 3845 1560 3900 Christi
1591 3847 1715 3913 804,
1746 3850 1838 3904 scd
1883 3858 2064 3919 postea

520 3937 573 3990 in
605 3935 905 4003 Appendice
935 3936 1223 4003 superioris
1253 3937 1379 3990 tomi
1427 3938 1658 4003 correxi,
1704 3939 1845 4006 quod
1869 3939 1923 3993 in
1952 3940 2066 3994 elo-

522 4025 610 4094 gio
649 4023 856 4076 Alcuini
911 4037 1258 4076 asserueram.
1309 4023 1364 4076 ln
1395 4022 1511 4091 ejus
1560 4039 1787 4093 persona
1814 4025 2066 4082 Rabanus

518 4121 705 4168 sancto
742 4111 963 4164 Martino
986 4112 1177 4165 cecinit
1204 4113 1395 4166 horum
1441 4112 1698 4167 librorum
1728 4129 1943 4169 carmen
1971 4115 2067 4170 de-

523 4201 862 4262 dicatorium,
885 4200 938 4252 in
979 4214 1082 4266 quo
1123 4208 1330 4254 aetatem
1372 4216 1522 4254 suam
1549 4202 1801 4270 exprimit
1833 4204 1916 4258 his
1944 4219 2065 4258 ver‘

522 4291 689 4345 sibus.

645 4403 734 4449 Ast
755 4401 945 4463 ubisex
960 4387 1114 4463 lustra
1143 4401 1372 4460 implevit.
1394 4401 1486 4460 jam
1508 4404 1722 4463 scribere
1748 4409 1936 4452 leniam
1953 4441 1966 4463 ,

708 4463 774 4507 Ad
805 4462 972 4509 Christi
995 4460 1181 4508 laudem
1205 4463 1331 4509 hunc
1353 4463 1561 4510 condidit
1583 4472 1688 4510 arte
1713 4461 1902 4511 librum.

524 4560 783 4614 Convenit
807 4562 910 4615 hoc
935 4569 1139 4628 tempus
1180 4577 1298 4614 cum
1334 4577 1476 4616 anno
1504 4563 1616 4615 fere
1641 4561 1763 4627 806,
1801 4562 2064 4630 siquidem

526 4652 750 4706 Rabano
790 4652 1119 4715 diaconatus,
1151 4667 1303 4719 quem
1353 4668 1492 4705 anno
1525 4651 1724 4706 Christi
1756 4652 1849 4705 801
1881 4668 2064 4707 susce-

526 4742 621 4810 pit,
651 4757 788 4795 anno
815 4742 985 4794 aetatis
1008 4741 1076 4794 25
1102 4741 1324 4794 collatus
1348 4750 1447 4794 est.
1499 4741 1639 4795 idem
1667 4756 1799 4809 opus
1829 4751 1946 4810 post
1972 4743 2067 4795 ali-

532 4838 663 4900 quot
697 4845 860 4884 annos
889 4829 1152 4885 Ludovico
1194 4831 1428 4900 Augusto
1457 4833 1797 4900 nuncupavit,
1828 4832 2064 4901 apposita

531 4921 683 4975 initio
739 4920 1071 4987 imperatoris
1103 4920 1290 4990 eliigie.
1343 4921 1399 4974 id
1458 4923 1749 4989 praestitum
1799 4922 2066 4990 aliquanto

533 5021 770 5079 tempore
797 5019 916 5078 post
942 5009 1164 5078 primam
1184 5010 1400 5078 hujusce
1424 5013 1599 5080 operis
1623 5013 1926 5076 editionem,
1955 5013 2064 5067 col-

534 5103 640 5170 ligo
667 5115 733 5154 ex
761 5102 844 5154 his
871 5100 1074 5154 liabani
1100 5102 1274 5155 verbis
1297 5121 1309 5153 :
1346 5122 1364 5153 ι
1395 5101 1528 5155 Nam
1575 5101 1807 5157 libellum
1831 5118 1988 5172 quem
2014 5103 2068 5156 in

537 5191 792 5244 honorem
847 5198 1042 5243 sanctae
1087 5188 1271 5243 Crucis
1321 5177 1514 5258 dudum
1570 5209 1749 5262 prosa,
1797 5201 2073 5263 metroque

537 5277 830 5344 composui,
855 5291 996 5329 nunc
1016 5285 1118 5330 tua:
1142 5278 1409 5331 serenitati
1431 5282 1652 5349 supplex
1679 5280 1862 5336 offero.
1894 5299 1914 5332 ii
1949 5282 2073 5335 Eos-

539 5363 658 5418 dem
679 5362 842 5418 libros
869 5372 1074 5432 postea,
1106 5374 1312 5433 rogatu,
1335 5374 1392 5418 ut
1414 5378 1558 5434 puto,
1583 5368 1814 5424 Hilduini
1839 5366 2068 5435 abbatis,

543 5455 627 5507 cui
649 5454 1067 5510 Commentarios
1114 5455 1317 5525 Regum
1364 5457 1642 5524 dedicavit.
1674 5462 1838 5516 etiam
1882 5476 2068 5515 mona-

546 5541 656 5595 chis
682 5543 1008 5610 Dionysianis
1035 5545 1194 5604 misit,
1248 5548 1732 5619 rommemlavitqne
1756 5544 1855 5605 hoc
1881 5551 2071 5608 carmi-

2161 425 2438 495 inscriptio
2484 445 2495 479 :
2555 426 2910 480 Dilectissimis
2975 425 3029 478 in
3099 423 3301 477 Christo
3351 414 3600 490 fratribus
3651 421 3702 474 in

2159 517 2382 569 coenobio
2407 517 2571 570 sancti
2595 515 2833 584 Dionysii
2852 515 3091 583 martyris
3119 512 3428 576 constitutis,
3457 509 3705 564 Rabanus

2159 595 2433 659 uilissimus
2484 622 2744 660 servorum
2779 605 2876 660 Dei
2914 615 3159 659 (sternam
3202 605 3256 656 in
3308 603 3529 656 Domino
3567 612 3703 672 optat

2158 695 2394 750 salutem.

2280 806 2560 868 Martyribus
2583 807 2759 855 sanctis
2780 805 2956 866 placuit
2973 806 3089 854 mihi
3110 806 3307 858 mittere
3329 803 3506 868 donum
3533 839 3548 863 ,

2340 866 2577 927 Tempore
2602 869 2724 926 quod
2752 869 2907 926 prisco
2929 868 3146 915 versibus
3169 866 3429 914 edideram.

2279 927 2396 976 Nam
2422 929 2576 976 crucis
2599 929 2654 972 ad
2677 928 2864 975 Iaudem
2884 928 3050 975 Christi
3074 939 3326 986 prosaque,
3357 934 3610 985 metroqua

2339 990 2529 1038 Caiil'eci
2556 989 2725 1036 llbl‘ttlli
2749 996 2912 1034 tuente
2934 1025 2947 1046 ,
2987 999 3225 1046 manuque
3249 988 3406 1034 simul.

2281 1050 2433 1107 Quem
2461 1059 2563 1109 post
2583 1051 2803 1110 Augusto
2834 1047 3073 1096 Ludovico
3105 1047 3284 1110 offerre
3302 1046 3528 1110 placebat
3546 1083 3560 1105 ,

2342 1107 2813 1173 Seicii‘etapost'olicaa
2843 1111 3168 1173 mitterepost
3195 1107 3349 1173 libuit.

2280 1170 2412 1228 Quod
2438 1169 2587 1218 verba
2609 1177 2660 1219 et
2681 1169 2872 1226 sensum
2897 1169 3104 1216 facundia
3131 1171 3221 1216 rite
3247 1169 3506 1227 probaret...

2295 1245 2297 1248 ‘
2345 1232 2485 1280 Urbis
2511 1232 2729 1278 llomanze
2747 1232 2918 1290 dogma
2944 1229 3344 1290 etapostoliwm.

2238 1308 2244 1313 ·
2279 1290 2341 1342 Et
2363 1294 2474 1353 quia
2498 1305 2603 1338 cum
2625 1295 2766 1341 sociis
2782 1289 2970 1338 sanctus
2991 1289 3243 1351 Dionysius
3260 1289 3370 1353 olim

2345 1350 2459 1400 Iride
2482 1359 2558 1401 est
2583 1353 2674 1400 huc
2699 1354 2893 1411 niis.~us,
2918 1353 3068 1409 ipsum
3087 1350 3207 1410 opus
3225 1352 3268 1398 ei
3292 1350 3540 1411 dederam.

2279 1414 2433 1472 Quod,
2456 1413 2627 1460 fratres
2647 1414 2811 1464 sancti.
2835 1410 3071 1472 accipiatis
3093 1422 3234 1472 posco
3260 1410 3465 1458 libenter
3487 1443 3499 1460 .

2341 1474 2436 1539 Pro
2467 1472 2651 1539 artifice
2675 1486 2730 1520 ac
2765 1474 2841 1519 vili
2877 1471 3056 1519 luuditc
3077 1471 3101 1530 ,⁷
3123 1482 3302 1539 qumso,
3331 1482 3528 1539 preces.-

2281 1534 2344 1584 lJt
2376 1536 2506 1582 Deus
2531 1535 2848 1592 oinuirxiteus,
2871 1529 3153 1579 cunctorum
3165 1529 3377 1582 conditur
3401 1529 3552 1578 almus
3575 1564 3588 1588 ,

2340 1595 2516 1644 Delicti
2544 1597 2731 1642 veniam
2754 1595 2840 1642 det
2872 1594 2974 1652 pius
2999 1593 3102 1652 ipse
3128 1605 3232 1640 suo.

2279 1655 2511 1714 Protegat
2535 1658 2548 1701 i
2573 1653 2753 1713 Iesum,
2780 1661 2932 1701 totum
2954 1661 3005 1699 et
3030 1660 3289 1714 conservet
3309 1652 3355 1698 in
3376 1663 3526 1714 rerum
3549 1683 3565 1709 ,

2344 1715 2401 1762 Ut
2427 1712 2531 1762 cum
2561 1716 2650 1761 line
2678 1712 2799 1762 bono
2823 1714 2932 1760 hinc
2956 1716 3146 1760 scandat
3172 1713 3226 1759 ad
3251 1713 3342 1760 alta
3367 1712 3476 1772 poli.

2278 1776 2491 1824 Christus
2513 1789 2594 1823 vos
2615 1777 2766 1823 salvat
2789 1809 2802 1832 ,
2829 1775 3043 1822 Christus
3066 1781 3321 1822 conservet
3345 1775 3523 1832 ubique
3547 1806 3561 1830 ,
3612 1781 3614 1783 ’

2339 1838 2546 1898 Semper
2570 1839 2615 1884 in
2635 1846 2887 1893 aeternum,
2915 1843 2966 1882 ut
2989 1845 3122 1895 Opto,
3143 1835 3302 1882 valete
3339 1835 3486 1881 bene.

2224 1937 2380 1991 Anno
2416 1936 2517 1992 819
2546 1936 2792 1990 Babanus
2809 1933 3222 2002 jampresbyter
3257 1931 3420 1985 libros
3449 1928 3710 1986 deolnsti-

2156 2029 2349 2082 tutione
2371 2027 2671 2080 clericorum
2692 2025 2882 2078 obtulit
2897 2022 3157 2076 Ilaistulfo
3171 2021 3578 2089 archiepiscopo
3597 2019 3709 2072 hinc

2157 2117 2395 2186 guntino,
2461 2129 2599 2168 anno
2627 2127 2731 2182 quo
2771 2112 2906 2166 facta
2933 2121 3015 2167 est
3033 2111 3272 2165 ecclesiae
3296 2109 3574 2164 Fuldensis
3613 2111 3708 2162 deo

2157 2207 2372 2268 dicatio,
2412 2212 2470 2258 ut
2498 2212 2706 2258 constat
2727 2218 2794 2257 ex
2823 2203 3060 2256 carmine
3111 2200 3268 2255 dictis
3296 2200 3445 2254 libris
3465 2199 3710 2270 praeﬁxo.

2157 2295 2298 2366 quod
2325 2295 2464 2350 inter
2487 2293 2749 2363 poematia
2776 2292 3199 2352 Rabanieditum
3229 2299 3330 2346 est.

2225 2405 2403 2480 Abbas
2441 2404 2609 2459 factus
2660 2418 2797 2457 anno
2850 2402 2972 2462 822,
3023 2391 3428 2456 Commentarios
3471 2400 3526 2452 in
3565 2398 3709 2451 Hat-

2159 2498 2351 2551 tliwum
2383 2505 2434 2550 et
2479 2495 2733 2548 Homilies
2770 2495 3029 2564 quasdam
3073 2494 3338 2548 dedicavit
3383 2492 3558 2546 eidem
3587 2490 3707 2545 ﬂai-

2159 2586 2341 2652 stult'o,
2368 2586 2457 2655 qui
2484 2586 2617 2640 obiit
2647 2600 2786 2639 anno
2811 2584 2933 2640 826.

2226 2677 2378 2732 Anno
2412 2678 2556 2731 circa
2598 2676 2701 2732 830
2748 2675 3180 2746 Explanationem
3227 2675 3282 2727 in
3338 2672 3708 2727 Octateuc'liunt

2163 2770 2411 2825 submisit
2461 2767 2708 2823 Frecull'o
2743 2767 3057 2836 Lexoviensi
3110 2767 3163 2820 in
3219 2765 3389 2820 Gallia
3437 2765 3707 2832 episcopo,

2159 2860 2248 2928 qui
2277 2874 2394 2913 eam
2423 2858 2490 2912 ab
2518 2858 2631 2927 ipso
2655 2857 2846 2910 litteris
2871 2867 2924 2916 et
2956 2857 3203 2923 precibus
3229 2854 3478 2929 obtinuit.
3607 2842 3611 2846 ”

2229 2950 2384 3004 Anno
2424 2948 2526 3003 834
2577 2948 2789 3017 scripsit
2832 2947 3098 3002 Ludovico
3143 2946 3383 3015 Augusto
3409 2942 3712 2997 Consolalov

2161 3041 2294 3093 riam
2345 3022 2633 3108 epistolam,
2681 3047 2793 3105 post
2838 3035 3183 3089 calamitatem
3212 3050 3327 3103 qua:
3363 3035 3410 3086 ei
3438 3031 3712 3085 occidite:

2159 3141 2308 3203 parte
2351 3131 2579 3199 ﬁliorum
2630 3142 2873 3192 suorum;
2904 3135 3086 3198 postea
3127 3126 3490 3180 Collectarium
3514 3141 3578 3177 ea:
3597 3138 3714 3177 seno

2162 3220 2334 3274 tentiis
2370 3219 2662 3273 divinorum
2713 3217 2984 3282 librorum,
3043 3218 3109 3271 de
3156 3215 3451 3270 reverentia
3483 3213 3714 3267 ﬁliorum

2123 3317 2133 3333 ’
2161 3327 2287 3383 erga
2311 3320 2516 3381 patres,
2534 3317 2585 3363 et
2614 3309 2945 3363 subditorum
2965 3321 3093 3377 erga
3117 3321 3268 3375 reges
3300 3322 3311 3357 :
3349 3304 3490 3371 quod
3514 3319 3546 3356 a
3566 3302 3628 3357 ν.
3649 3302 3710 3358 C.

2163 3402 2432 3471 Stephano
2461 3399 2675 3453 Baluzio
2703 3413 2872 3467 nuper
2898 3397 3101 3452 editum
3128 3410 3244 3451 esse
3273 3394 3402 3450 dixi.

2235 3491 2434 3546 Eodem
2457 3489 2569 3545 fere
2604 3499 2842 3557 tempore
2868 3487 3081 3540 Librum
3119 3485 3280 3540 Iosue
3304 3483 3548 3553 exposuit
3574 3500 3593 3533 ι
3620 3495 3713 3536 ro-

2162 3591 2284 3650 gatu
2313 3581 2570 3636 Friderici
2606 3579 2839 3651 episcopi
2894 3599 2913 3631 ι
2947 3576 3302 3647 Trajectensis
3352 3576 3420 3629 ad
3447 3573 3712 3637 Rhenum,

2163 3685 2306 3725 anno
2339 3670 2442 3725 854
2473 3669 2655 3732 occisi,
2699 3667 2970 3737 praemissa
2995 3663 3216 3734 epistola
3249 3663 3596 3723 dedicatoria,
3623 3676 3716 3715 cu-

2158 3749 2248 3830 jus
2272 3757 2625 3828 fragmentum
2647 3756 2828 3810 retulit
2848 3755 3233 3819 Henscbenius,
3261 3761 3535 3823 acceptum
3559 3766 3590 3804 a
3615 3749 3714 3805 Pe-

2162 3859 2249 3904 tro
2290 3849 2609 3903 Franscisco
2657 3847 2919 3902 Cbililetio
2954 3846 3224 3901 societatis
3250 3844 3373 3899 Jesu
3405 3845 3716 3916 presbytero

2165 3938 2391 4001 erudito,
2423 3952 2452 3989 a
2487 3951 2593 4005 quo
2617 3951 2736 3990 eam
2764 3936 2972 3992 accepit
3017 3942 3199 3989 noster
3256 3933 3534 3997 Acncrius,
3592 3947 3712 3986 cum

2166 4027 2282 4096 ipso
2306 4026 2705 4080 Commentario
2730 4026 2782 4079 in
2811 4034 2919 4079 tres
2939 4024 3103 4079 libros
3127 4024 3400 4088 distincto,
3421 4023 3512 4091 qui
3535 4023 3588 4076 in
3609 4022 3717 4076 edi-

2166 4115 2235 4168 tis
2271 4129 2373 4168 non
2399 4103 2592 4168 exstat.

2233 4202 2398 4258 Paulo
2442 4211 2583 4273 post,
2631 4204 2924 4258 llumberto
2967 4203 3408 4273 Wirtziburgcnsi
3466 4202 3718 4272 episcopo

2172 4305 2410 4366 rogante,
2460 4296 2757 4365 explanavit
2806 4297 2984 4349 Libros
3020 4294 3265 4348 Iudicum
3285 4305 3330 4348 et
3374 4294 3510 4346 Ruth
3535 4311 3553 4358 ;
3602 4303 3715 4347 tum

2171 4385 2350 4438 Libros
2386 4385 2577 4456 Regum
2635 4394 2846 4454 petente
2887 4385 3134 4438 Hilduino
3183 4385 3404 4437 abbate:
3437 4398 3594 4450 quam
3623 4399 3716 4443 (ξι-α

2169 4476 2482 4543 positionem
2515 4475 2780 4529 Ludovico
2826 4475 3064 4544 Augusto
3123 4473 3302 4527 Fulda:
3353 4473 3576 4537 obtulit;
3616 4487 3714 4526 nec

2172 4567 2242 4619 ita
2271 4567 2423 4635 longe
2455 4575 2573 4634 post
2599 4566 2864 4620 Ludovico
2906 4567 3015 4636 regi
3045 4565 3338 4619 transmisit
3389 4574 3712 4617 commenta-

2173 4658 2339 4708 tiones
2369 4657 2419 4707 in
2449 4656 2604 4708 libros
2630 4656 3080 4724 Paralipomenon.

2238 4746 2462 4801 Circitcr
2485 4764 2679 4800 annum
2710 4746 2812 4801 856
2840 4746 3068 4800 Ιυιξὶιιιεε
3119 4748 3386 4816 Augusta),
3433 4755 3711 4815 postquam

2172 4853 2188 4885 ι
2219 4837 2398 4888 hostes
2428 4851 2554 4889 suos
2605 4852 2708 4888 non
2739 4851 2896 4903 parva
2923 4851 2987 4889 cx
3036 4845 3186 4903 parte
3212 4836 3428 4896 vicerat,
3468 4854 3486 4886 ι
3518 4835 3714 4888 dicavit

2166 4930 2508 4997 scriptionem
2547 4944 2698 4982 suam
2741 4929 2794 4982 in
2827 4929 2990 4982 libros
3029 4927 3211 4982 Judith
3243 4936 3298 4982 et
3324 4928 3537 4991 Esther,
3561 4927 3712 4995 cujus

2166 5017 2404 5087 prchatio
2429 5019 2652 5072 necdum
2679 5019 2816 5086 typis
2843 5017 3076 5087 vulgata,
3112 5034 3270 5087 quam
3291 5017 3548 5072 beneﬁcio
3577 5017 3713 5085 ejus-

2169 5108 2285 5161 dem
2331 5106 2625 5161 doctissimi
2655 5107 2754 5160 viri
2797 5107 2940 5160 Petri
2993 5107 3262 5162 Francisci
3287 5106 3711 5162 Cbiﬂlctiiaccc-

2169 5198 2360 5265 pimus,
2389 5198 2475 5250 hic
2501 5196 2764 5250 reddenda
2793 5204 2875 5250 est
2921 5212 2984 5250 ex
3011 5193 3279 5251 codﬂ'bus
3309 5196 3634 5266 Benigniano
3658 5203 3711 5248 et

2171 5286 2512 5340 Fontanensi.
2554 5285 2727 5356 (Hanc
2769 5287 3126 5353 praefationem
3164 5287 3275 5339 vide
3323 5283 3549 5341 Onerum
3600 5281 3708 5335 Ra-

2170 5376 2290 5428 bani
2320 5375 2493 5428 Mauri
2523 5385 2710 5427 nostra:
2734 5374 2974 5440 editionis
3006 5384 3142 5426 tomo
3177 5373 3316 5440 III.)
3685 5367 3692 5378 ’

2238 5462 2424 5517 Postea
2445 5462 2870 5531 explanationem
2897 5464 2951 5514 in
2966 5461 3141 5514 Libros
3171 5461 3586 5516 Machabcorum
3613 5460 3714 5515 Ge~

2173 5550 2320 5605 roldo
2340 5551 2719 5608 Anchidiacono
2739 5551 2918 5621 palatii
2944 5549 3192 5605 Ludovici
3216 5550 3554 5621 imperatoris
3574 5566 3713 5605 nun-
