3940 6324
163 216 232 272 37

165 324 382 396 cupavit
406 328 532 374 ante
571 329 766 370 annum

160 379 416 482 pigritiam
453 419 497 462 et
531 401 948 459 Ecclesiasticum
970 393 1185 464 Otgario
1215 386 1517 458 Maguntino
1551 379 1725 449 ponti-

171 506 293 571 fici;
324 512 378 556 ct
405 497 689 569 Epistolam
726 493 792 546 ad
817 488 1095 555 Notingum
1124 481 1482 535 Veronenscm
1520 471 1727 539 episco-

170 609 300 666 pum
329 562 462 645 ante
480 595 704 656 mortem
733 577 982 634 Ludovici
1002 569 1355 646 imperatoris
1393 562 1624 630 scripsit.

247 683 376 736 Post
398 691 592 732 annum
618 653 738 733 840,
756 660 962 722 mortuo
978 661 1247 717 Ludovico
1271 657 1528 724 Augusto,
1558 649 1733 702 Libros

175 774 235 826 in
265 767 578 823 Hieremiam
632 758 821 815 obtulit
879 751 1132 808 Lothario
1183 741 1487 814 imperatori
1540 758 1553 792 :
1604 750 1736 804 quos

177 859 494 914 Hartmotus
521 855 751 906 decanus
781 845 1002 900 Sancti-
1020 837 1279 895 Gallensis
1308 831 1468 888 scribi
1509 826 1734 889 curavit,

182 948 447 1005 referente
472 943 726 1007 Ratperto
752 937 802 990 in
833 949 950 1002 cap.
973 931 1024 987 9.

257 1037 413 1090 Anno
440 1030 544 1087 842
577 1003 788 1083 ineunte
816 1019 1180 1077 Collectarium
1213 1016 1264 1068 in
1290 1009 1548 1082 Epistolas
1586 1003 1742 1057 Pauli

186 1120 485 1180 transmisit
504 1119 812 1186 Lupo,post
847 1108 1021 1165 abbati
1047 1100 1393 1185 Ferrariensi,
1445 1097 1534 1167 qui
1578 1107 1744 1161 nuper

184 1236 253 1275 ex
281 1215 460 1272 schola
488 1209 733 1267 Fuldensi
774 1207 826 1259 iu
874 1203 1096 1258 Galliam
1143 1199 1390 1258 redierat,
1438 1207 1503 1245 ex
1549 1188 1741 1242 dictis:

186 1323 299 1378 quo
326 1305 434 1359 fere
466 1311 700 1370 tempore
723 1291 1100 1350 Commentario
1131 1289 1185 1340 in
1211 1281 1525 1338 Ezechietem
1551 1275 1748 1330 Lotha—

189 1367 276 1451 rio
327 1367 590 1463 Augusto—
623 1384 926 1454 inscripsit;
989 1387 1043 1432 et
1091 1375 1306 1445 Otgario
1355 1367 1749 1436 archiepiscopo

192 1451 439 1539 Librumv
456 1451 870 1552 panitentialem,
922 1471 974 1524 in
1017 1467 1167 1536 cujus
1213 1461 1385 1530 capite
1422 1457 1486 1510 15
1513 1451 1753 1509 meminit

190 1587 385 1646 pugna:
404 1540 782 1629 Fontaneticae,
809 1577 924 1631 quae
946 1561 1082 1612 inter
1104 1555 1238 1608 ﬁlios
1259 1547 1510 1605 Ludovici
1531 1540 1750 1612 Augusti

1500 176 2015 238 PROLEGOMENA.

817 308 938 372 85.0,
966 315 1076 361 tum
1121 297 1501 369 Expositione»:
1533 295 1586 345 in
1624 289 1719 345 8η-
1751 294 1798 350 Λ
1823 295 1876 341 et
1905 284 2159 340 Gratiano
2201 281 2251 333 in
2296 273 2694 330 collectionibus
2739 279 2999 322 canonum
3041 263 3232 316 citatur
3282 258 3381 312 sub

2150 371 2153 372 ν
2246 369 2259 372 -
2339 367 2429 372 ---
2526 365 2536 372 .
2729 360 2759 372 ,.
2828 359 2877 372 η,
3166 349 3348 372 ,___,

1833 375 2044 430 nomine
2076 369 2311 440 epistolae
2338 365 2538 419 liabani
2560 403 2573 425 ,
2603 360 2796 414 mentio
2825 359 2883 410 fit
2905 354 3136 423 cpistolre
3161 353 3227 405 ad
3253 349 3373 419 Egi-

1834 466 2006 519 lonem
2036 461 2300 521 abbatem,
2338 470 2400 509 ac
2421 452 2639 522 proinde
2668 447 2887 517 epistola
2917 445 2981 497 ad
3018 440 3381 503 lleribaldum,

1835 555 1925 622 qui
1954 551 2104 603 Liber
2125 544 2486 618 preuitentialis
2527 540 2662 608 apud
2693 535 3016 590 Stevartium
3059 529 3382 590 inscribitur,

3298 147 3377 202 '58

1838 619 2106 709 aliquanto
2131 647 2366 712 tempore
2385 639 2506 700 post
2537 629 2693 681 aliam
2725 625 2790 677 ad
2813 623 3030 690 Eigilem
3062 619 3256 686 scripta
3281 623 3382 678 est,

1839 748 1903 787 ac
1927 707 2148 784 fortasse
2196 733 2459 793 postrema
2494 731 2710 788 operum
2748 713 2967 774 Rabani,
3017 702 3390 777 qure‘quidcm

1841 824 2116 878 habemus.
2146 817 2378 870 Adamns
2406 807 2706 864 Brcmensis
2735 803 3020 858 canonicus
3060 801 3112 852 in
3143 795 3390 850 Historia:

1843 910 2218 968 ecclesiasticae
2233 920 2347 973 cap.
2376 903 2446 956 2").
2473 899 2792 954 mentionem
2821 894 2942 947 facit
2967 889 3178 960 capituli
3199 884 3396 939 Rabam’

1847 1002 1908 1055 de
1944 1001 2083 1070 fama
2119 997 2310 1049 Ebonis
2357 991 2615 1059 antbigua.
2664 985 2811 1053 Quod
2862 981 3146 1050 capitulum
3195 985 3401 1045 postre-

1849 1067 1992 1144 mum
2020 1084 2267 1141 exstatvin
2311 1079 2532 1152 cpistola
2578 1078 2640 1130 ad
2691 1070 3050 1127 llcribaldum.
3104 1067 3225 1120 lltec
3277 1071 3401 1117 sunt

1851 1193 1968 1246 qum
1996 1176 2060 1229 de
2090 1174 2292 1226 Rabani
2332 1167 2544 1236 scriptis
2569 1166 2854 1220 observare
2879 1158 3038 1229 potui,
3060 1157 3158 1209 alia
3175 1155 3400 1208 aliorum

1853 1267 2137 1337 diligentire
2161 1262 2426 1333 permitto.

1924 1356 2011 1411 50.
2048 1356 2301 1424 Superest
2333 1360 2392 1404 ut
2443 1347 2806 1404 examincmus
2858 1342 2959 1395 hoc
3003 1339 3118 1391 loco
3158 1331 3406 1388 nonnulla

1856 1463 1974 1518 quae
2009 1447 2060 1500 in
2091 1443 2292 1498 Rabani
2321 1439 2531 1509 scriptis
2577 1431 3032 1490 animadversione
3079 1426 3232 1494 digna
3277 1437 3411 1475 non-

1859 1536 2016 1591 nullis
2039 1533 2260 1588 fortasse
2277 1529 2573 1583 videantur.
2606 1525 2779 1579 Unum
2806 1528 2907 1582 est,
2942 1516 3082 1586 quod
3110 1510 3411 1586 inqepistola

197 1602 385 1646 pugna:
405 1602 782 1629 ιὐιιιωιυιιυω,
810 1602 924 1631 aut»
947 1602 1071 1612 ...πμ
1104 1602 1235 1608 -.----
1261 1602 1318 1605 -ν
1349 1602 1360 1604 -
1615 1602 1644 1612 υ

197 1664 486 1722 commissa
517 1670 596 1716 est
621 1672 759 1712 anno
787 1653 907 1708 8M.
935 1651 1013 1703 Ad
1046 1648 1184 1700 idem
1214 1645 1374 1699 etiam
1416 1651 1620 1709 tempus
1669 1650 1758 1707 re—q
1781 1605 1827 1663 B
1857 1643 1949 1682 seu
1975 1625 2112 1679 libro
2138 1618 2486 1692 poenitentiali
2515 1615 2580 1669 ad
2614 1611 2972 1671 Heribaldum,
3025 1602 3410 1658 Eucharistiam

2077 1714 2087 1722 '
2154 1710 2167 1722 ‘
2299 1709 2310 1719 ⁸
2448 1720 2459 1722 ς
2505 1705 2597 1722 ι-ιν
2625 1715 2761 1722 ν-----
2803 1699 2935 1722 az--.
2987 1700 3246 1722 ..ηηηιηιιο
3274 1689 3326 1722 ε..
3351 1701 3410 1722 οη

191 1753 441 1810 vocanda
471 1757 553 1804 est
585 1743 818 1816 Epistola
847 1741 911 1794 de
940 1734 1325 1805 Chorepiswpis
1353 1732 1419 1785 ad
1456 1730 1754 1797 Drogonem

205 1845 520 1898 Mettensem
569 1837 892 1906 episcOpum,
941 1829 1067 1882 item
1109 1822 1329 1893 epistola
1358 1821 1424 1873 ad
1455 1816 1758 1887 Regimbol-

205 1934 337 1986 dum
358 1926 790 1995 chorepiscopum
814 1915 1174 1988 Mo‘guntinum
1193 1912 1257 1965 de
1274 1907 1588 1981 quibusdam
1614 1918 1758 1974 quae.—

205 2016 486 2076 stiunculis
509 2009 852 2084 pmnitentim.

216 2142 222 2147 ~
281 2107 482 2164 Eodem
514 2079 680 2160 etiam
711 2109 946 2168 tempore
988 2079 1268 2163 explicavit
1296 2089 1504 2142 Librum
1535 2083 1765 2168 Danielis

211 2200 506 2271 prophetae,
533 2165 840 2262 rogantibus
864 2185 1074 2248 amicis,
1101 2191 1357 2247 suamque
1389 2178 1492 2231 hac
1509 2165 1576 2229 de
1601 2187 1658 2226 re
1684 2172 1768 2225 lu-

205 2261 585 2345 cubrationem
609 2261 807 2351 postea
837 2272 1109 2342 inscripsit
1155 2267 1423 2324 Ludovico
1471 2261 1773 2319 Germania:

218 2381 335 2451 regi
365 2393 380 2432 :
417 2376 503 2431 cui
528 2375 654 2428 item
681 2367 1065 2438 Expositionem
1094 2362 1149 2415 in
1170 2358 1403 2420 Cantica,
1435 2371 1548 2426 qua:
1569 2353 1637 2407 ad
1663 2369 1776 2406 ma-

213 2444 422 2524 tut'inas
443 2478 532 2532 per
551 2460 884 2530 septimanam
908 2452 1160 2522 leguntur,
1191 2444 1526 2513 nuncupavit.

291 2558 447 2612 Anno
473 2554 613 2608 circa
640 2548 764 2612 844,
795 2555 1032 2614 tempore
1074 2539 1280 2596 scilicet
1326 2533 1619 2589 vacationis
1641 2547 1671 2585 a
1695 2546 1778 2585 re—

221 2645 426 2719 gimine
455 2638 727 2702 abbatiali,
755 2635 936 2689 Libros
961 2646 1071 2685 xm
1097 2628 1160 2682 de
1193 2625 1438 2681 Universo
1459 2622 1691 2698 condidit
1722 2620 1776 2672 in

219 2695 467 2810 gratiam
499 2727 805 2788 Hemmonis
849 2720 1080 2794 episcopi
1126 2711 1590 2776 ﬂalberstatensis,
1635 2695 1783 2778 quod

223 2799 576 2899 opusitidem
601 2817 866 2875 Ludovico
895 2813 1006 2883 regi
1036 2809 1234 2881 petenti
1262 2804 1508 2863 submisit
1531 2817 1652 2858 cum
1673 2799 1784 2868 epi-

225 2889 369 2981 siola
398 2914 558 2970 etiam
586 2923 725 2965 nunc
746 2907 794 2961 ei
828 2903 1067 2975 praefixa.
1742 2889 1748 2897 '

265 2972 458 3060 Ξιλιιιιο
503 2999 605 3056 847
655 2972 867 3066 scripsit
909 2987 1339 3058 archiepiscopus
1386 2972 1669 3052 Epistulam
1717 2979 1785 3031 ad

236 3092 600 3154 Heberardum
650 3080 881 3142 comitem
927 3090 1115 3138 contra
1165 3075 1554 3138 Gotescalcum,
1586 3087 1702 3142 quae
1736 3071 1788 3124 in

231 3186 472 3243 editione
491 3178 695 3252 Ughelli
724 3178 843 3232 dats
869 3174 1061 3228 dicitur
1083 3185 1116 3223 ιι
1145 3167 1262 3224 Kal.
1287 3164 1428 3219 Maii.

297 3276 444 3330 Item
472 3249 656 3326 eodem
685 3280 822 3321 anno
849 3263 950 3318 867
982 3259 1192 3316 concilii
1227 3249 1673 3324 Mogontiacensis
1708 3266 1794 3302 ca-

231 3383 403 3423 nones
424 3361 690 3420 Ludovico
710 3357 820 3428 regi
848 3356 970 3410 data
998 3349 1218 3421 epistola
1246 3346 1454 3403 obtulit.
1604 3338 1607 3340 ’

315 3455 470 3510 Anno
490 3448 728 3520 sequenti
756 3445 935 3501 habita
957 3440 1157 3511 synodo
1200 3444 1388 3492 contra
1431 3429 1799 3488 Gotescalcum

236 3543 462 3614 scripsit
489 3540 556 3595 de
577 3553 640 3593 eo
665 3532 940 3604 epistolam
966 3530 1032 3584 ad
1059 3526 1402 3582 ﬂincmarum
1448 3521 1801 3574 Rhem’enscm

246 3606 578 3704 episcopum,
618 3627 701 3681 cui
724 3620 1087 3702 Cotescalcum
1114 3613 1320 3670 remisit
1344 3629 1363 3665 τ
1381 3617 1434 3666 et
1458 3617 1578 3679 post
1603 3606 1803 3674 aliquot

239 3694 612 3776 annos-aliam
645 3695 815 3770 eidem
845 3711 909 3765 de
934 3707 1117 3763 eodem
1154 3703 1348 3774 typis‘a
1373 3697 1655 3754 Sirmondo
1692 3694 1807 3749 vul-

245 3821 436 3882 gatam
461 3804 672 3861 direxit.
700 3801 782 3854 Ad
808 3800 947 3853 hunc
972 3794 1135 3849 etiam
1175 3804 1394 3852 annum,
1437 3800 1542 3855 quo
1580 3781 1810 3837 Ludovi—

250 3871 358 3956 cus
388 3913 477 3952 rex
498 3889 811 3964 Mogontiaci
837 3887 1092 3959 placitum
1110 3879 1361 3936 habuisse
1398 3875 1709 3946 perhibetur
1756 3871 1809 3923 in

256 3955 554 4044 annalibus
570 3955 940 4039 li'uldensibus,
964 3968 1313 4029 revocandam
1340 3964 1586 4019 existimo
1606 3955 1813 4013 Rabani

253 4075 543 4148 epistolam
564 4071 629 4126 ad
655 4063 1056 4148 Regimbaldum
1076 4056 1510 4126 chorepiscopum
1536 4052 1601 4105 de
1643 4046 1813 4118 pinni-

1857 1714 2090 1770 secessui
2120 1709 2400 1765 obnoxiam
2443 1705 2764 1767 subobscure
2794 1687 2959 1760 dicat,
2987 1700 3246 1762 negetque
3274 1689 3327 1741 in
3351 1701 3418 1742 eo

1860 1809 2190 1859 sacramento
2219 1796 2477 1851 contineri
2509 1794 2648 1846 idem
2673 1788 2869 1844 Christi
2919 1799 3112 1852 corpus
3157 1781 3296 1849 quod
3331 1794 3427 1833 nu-

1866 1984 2095 2041 asseruit
2122 1982 2175 2035 in
2203 1974 2424 2048 epistOla
2471 1975 2537 2028 ad
2578 1972 2850 2042 Egilonem
2903 1965 3170 2019 abbatem.
3225 1960 3422 2013 Verum

1867 2075 2216 2146 quodcunque
2236 2045 2368 2122 illud
2399 2074 2683 2132 utrumque
2710 2066 2808 2123 est,
2854 2055 3126 2110 Rabanum
3171 2051 3236 2104 ab
3277 2045 3423 2102 omni

1869 2179 2054 2222 errore
2076 2162 2179 2215 hac
2213 2159 2265 2211 in
2311 2170 2369 2209 re
2422 2155 2708 2208 immunem
2764 2145 2923 2202 fuisse
2959 2139 3280 2196 contendunt
3325 2133 3427 2187 viri

1872 2253 2062 2311 eruditi
2093 2250 2182 2319 qui
2213 2249 2276 2303 de
2312 2240 2645 2299 Eucharistia
2681 2244 2987 2290 tractarere.

1942 2342 2029 2397 51.
2053 2311 2201 2393 Alius
2239 2335 2402 2390 etiam
2442 2330 2590 2384 locus
2624 2333 2707 2380 est
2742 2322 2877 2392 apud
2914 2320 3192 2373 Rabanum
3239 2314 3290 2366 in
3325 2311 3425 2363 lib.

1877 2448 1928 2486 tv
1958 2431 2023 2485 de
2045 2427 2325 2488 Universo,
2350 2436 2465 2489 cap.
2502 2417 2587 2480 10,
2621 2416 2672 2469 in
2701 2427 2856 2482 quem
2885 2409 3061 2462 forsan
3095 2405 3276 2459 itidem
3321 2398 3433 2453 ani-

1878 2518 2137 2577 madverti
2181 2515 2368 2586 possit,
2400 2511 2487 2564 ubi
2524 2509 2640 2562 ait:
2676 2523 2693 2555 ι
2715 2501 2925 2556 Νιιιιυιιι
2971 2496 3431 2552 catcehumennm,
3513 2512 3516 2515 -

1880 2610 2119 2681 quamvis
2143 2608 2197 2660 in
2219 2605 2371 2660 bonis
2384 2597 2630 2670 operibus
2645 2591 2970 2650 defunctum,
2994 2585 3152 2637 vitam
3174 2590 3427 2634 mtcrnam

1881 2664 2076 2756 habere
2101 2664 2656 2753 credamus—excepto
2681 2677 2960 2748 martyrio,
2992 2670 3080 2726 ubi
3109 2678 3217 2723 tota
3261 2664 3434 2732 bapti-

1884 2791 1984 2847 smi
2011 2791 2341 2844 sacramenta
2380 2776 2729 2846 complentur.
2767 2790 2784 2822 ι
2821 2765 3068 2821 Eamdcm
3119 2755 3436 2813 sententiam

1885 2884 2047 2938 habet
2088 2875 2416 2933 Chililetiana
2448 2865 2722 2924 Confessio
2755 2855 2981 2919 Aleuini,
3029 2869 3058 2906 a
3089 2865 3194 2919 quo
3235 2858 3440 2916 praece-

1886 2982 2039 3043 ptore
2066 2957 2204 3024 haud
2232 2965 2342 3019 scio
2368 2978 2431 3015 an
2463 2957 2711 3011 Rabanus
2758 2952 2898 3004 hanc
2947 2941 3240 2999 doctrinam
3291 2947 3443 2988 acce-

1887 3023 2056 3132 perat.
2093 3057 2227 3111 Huic
2252 3054 2427 3109 obstat
2474 3042 2798 3115 Augustinus
2842 3036 2934 3089 lib.
2981 3029 3337 3098 Quzestionum
3386 3023 3442 3076 in

1890 3113 2203 3212 Leviticum,
2244 3159 2367 3212 cap.
2400 3140 2485 3203 84,
2679 3125 3033 3184 «ἱιινίεἰιιίιθιιι
3072 3113 3446 3174 sanctificatio-
3499 3137 3503 3143 -

1892 3257 2015 3297 nem
2045 3235 2356 3308 quibusdam
2384 3227 2617 3284 adfuisse
2645 3230 2803 3289 atque
2825 3213 3088 3285 profuisse
3109 3207 3227 3308 sitte
3258 3200 3441 3256 visibi-

2917 3300 2931 3308 .
2995 3297 3027 3308 η
3182 3293 3212 3305 ..
3260 3299 3293 3308 γ,
3360 3289 3423 3308 η,

1903 3287 2420 3391 ιίὺιιεῚειιοιέιιιηθιιιὶε
2455 3335 2472 3366 ι
2502 3310 2692 3382 prohat
2718 3287 2968 3369 exemplo
2989 3287 3216 3353 Cornelii
3247 3299 3300 3346 et
3326 3289 3450 3342 alio-

2076 3378 2141 3468 Et
2168 3412 2258 3465 lib.
2287 3386 2340 3462 tv
2367 3407 2430 3460 de
2454 3378 2725 3470 Baptismo
2751 3400 2935 3449 contra
2965 3385 3284 3472 Donatistas,
3308 3387 3451 3472 post-
3512 3378 3515 3385 ‘

1899 3515 2058 3574 quam
2083 3499 2245 3553 multa
2275 3497 2377 3549 hac
2399 3492 2465 3546 de
2501 3465 2558 3542 re
2583 3481 2848 3541 disseruit,
2875 3491 2993 3544 cap.
3016 3473 3086 3526 22
3127 3471 3205 3525 sic
3239 3465 3454 3545 conclu-

1903 3561 1981 3649 dit
2014 3609 2026 3644 :
2058 3588 2247 3641 «Tunc
2295 3581 2545 3650 impletur
2592 3569 2927 3629 invisibiliter
2983 3561 3282 3638 baptizatus,
3333 3568 3453 3609 cum

1904 3677 2215 3752 mysterium
2255 3640 2501 3740 baptismi
2531 3679 2636 3719 non
2665 3661 2999 3722 contemptus
3044 3645 3332 3716 religionis,
3362 3640 3457 3695 sed

1906 3740 2160 3823 articulus
2207 3731 2538 3815 necessitatis
2585 3747 2839 3806 excludit.
2873 3765 2891 3795 ι
2926 3736 3202 3796 Consentit
3227 3731 3456 3786 Ambro-

1907 3859 2018 3914 sius
2042 3857 2094 3910 in
2124 3850 2375 3908 concione
2399 3841 2606 3898 funebri
2637 3841 2700 3894 de
2726 3826 2871 3891 obitu
2898 3823 3249 3908 Valentiniani
3285 3818 3460 3887 junio-

1909 3947 2004 4011 ris,
2034 3944 2123 3998 ubi
2149 3956 2254 4010 non
2281 3937 2583 3993 dubitanter
2609 3928 2802 3983 asserit
2829 3926 3022 3993 ipsum,
3069 3915 3168 3971 etsi
3197 3921 3320 3967 ante
3346 3924 3464 3963 sus-

1912 4007 2122 4107 ceptum
2134 4007 2397 4099 baptisma
2410 4019 2720 4082 decesserit,
2743 4012 3010 4082 accepisse
3029 4007 3273 4078 gratiam,
3296 4011 3458 4069 quam

259 4089 543 4148 epistolam
564 4089 629 4126 80
657 4089 1056 4139 neguuuauuum
1076 4089 1197 4114 υιιυι
1209 4089 1510 4126 σγωυυγυιυ
1536 4089 1601 4105 μυ
1643 4089 1783 4118 yw-I-
1918 4089 2000 4107 --τ
2205 4089 2219 4099 _

259 4165 575 4240 tentialibus
597 4143 770 4223 factis,
798 4158 850 4210 in
878 4167 1011 4210 nova
1035 4148 1391 4206 Conciliorum
1420 4142 1649 4198 editione
1674 4148 1818 4194 tomo
1913 4129 2226 4198 poposcerat
2255 4125 2411 4186 atque
2439 4109 2848 4167 desideraverat.
2879 4099 3014 4152 [line
3034 4092 3284 4164 praeclare
3304 4089 3366 4142 de
3393 4099 3458 4139 eo

1920 4214 2097 4240 --1:r.:.
2127 4212 2178 4240 ι..
2204 4211 2347 4240 ιηηω
2366 4201 2574 4240 ωηιιηπι
2601 4217 2612 4240 ε
2641 4215 2660 4240 ι
2683 4193 2782 4240 nui
2818 4187 3002 4240 habuit
3027 4183 3269 4240 spiritum
3297 4187 3458 4236 tuumI

263 4258 386 4314 ‘Vlll
404 4243 630 4316 editam,
662 4252 714 4306 in
742 4245 845 4319 qua
865 4242 1104 4314 responsi
1125 4240 1205 4295 sui
1234 4250 1412 4292 moras
1433 4240 1649 4289 excusat
1665 4245 1729 4285 ex
1752 4243 1817 4283 eo
1845 4262 1894 4319 D

267 4349 414 4420 quod
440 4346 506 4400 ad
534 4313 780 4398 Ludovici
814 4313 967 4404 regis,
999 4329 1386 4400 susceptionem
1435 4323 1623 4378 fuisset
1649 4313 1818 4376 occu-

309 4460 340 4495 ἱὶ
348 4451 452 4494 tus.

309 4455 402 4495 utu
438 4479 452 4492 .

263 4459 305 4512 Ρ
347 4455 582 4597 Desnique
628 4533 750 4595 post
793 4533 986 4574 annum
1029 4515 1132 4571 855
1171 4510 1384 4580 scripsit
1428 4503 1710 4575 Epistolam
1757 4519 1790 4553 α

280 4593 761 4690 lignum-abbatem
787 4609 1151 4663 Prumiensem
1181 4599 1371 4669 :cujus
1406 4593 1641 4665 epistolae
1680 4605 1827 4644 men-

1918 4183 2102 4272 sci‘iltit
2127 4212 2180 4265 in
2204 4183 2347 4263 hunc
2366 4201 2576 4259 modum
2601 4217 2614 4250 :
2641 4215 2660 4247 ‹
2683 4193 2782 4260 Qui
2818 4187 3002 4244 habuit
3027 4183 3269 4252 spiritum
3297 4187 3465 4236 tuum,

1922 4502 2047 4555 ergo
2073 4500 2170 4539 nec
2192 4487 2472 4546 martyres,
2497 4473 2544 4526 si
2574 4459 2938 4524 catechumeni
2971 4453 3181 4512 fuerint,
3214 4459 3471 4502 coronen-

2812 4554 2819 4555 κ
2993 4547 3004 4555 .
3183 4549 3195 4555 _
3325 4534 3471 4555 ΛΜ,

1927 4534 2044 4555 ws-
2075 4534 2166 4539 --ν-
2333 4534 2350 4546 ,
2461 4534 2467 4538 ,

1927 4588 2054 4633 tur:
2081 4587 2184 4628 non
2228 4571 2368 4624 enim
2407 4566 2759 4620 coronantur,
2779 4554 2823 4607 si
2858 4564 2962 4604 non
2993 4545 3282 4599 initiantur.
3324 4534 3473 4599 Quod

1929 4670 1973 4724 si
2001 4681 2096 4722 suo
2119 4649 2404 4716 abluuntur
2429 4650 2705 4719 sanguine,
2729 4653 2783 4697 et
2806 4643 2950 4695 hunc
2973 4650 3066 4690 sua
3106 4631 3278 4700 pietas
3311 4625 3477 4678 abluit

273 4678 478 4761 tionem
507 4701 635 4756 facit
663 4702 716 4753 in
755 4694 976 4766 epistola
1005 4699 1125 4762 post
1165 4689 1232 4742 ab
1264 4701 1330 4741 eo
1371 4685 1532 4738 missa
1568 4682 1634 4734 ad
1679 4678 1829 4732 Heri-

275 4799 498 4853 italdum
526 4795 826 4862 episcopum
854 4782 1389 4840 Antissiodorensem.
1416 4772 1668 4827 Notitiam
1697 4777 1830 4822 tem-

280 4889 449 4958 poris,
482 4861 584 4953 quo
612 4893 835 4948 utraque
854 4878 968 4952 hate
990 4870 1212 4941 epistola
1232 4867 1431 4935 scripta
1450 4873 1551 4926 est,
1577 4861 1833 4915 debemus

280 4889 449 4958 poris,
482 4900 584 4953 quo
612 4893 835 4948 utraque
854 4887 968 4931 meo
990 4887 1212 4941 eptswta
1232 4887 1431 4935 scripta
1450 4887 1551 4926 est,
1577 4887 1833 4915 ucucmua
1937 4887 2118 4904 “mm.
2143 4887 2245 4894 --———
2280 4887 2325 4889 η

279 4975 574 5045 diligentia:
594 4947 937 5025 eruditissimi
959 4961 1059 5014 viri
1079 4955 1332 5026 Stephani
1355 4949 1578 5012 Baluzii,
1605 4947 1695 5016 qui
1715 4959 1834 4999 eam
1934 4934 2157 4991 salutem
2188 4924 2406 4998 prodest
2443 4917 2686 4972 voluntas
2721 4901 3040 4975 suscipiendi
3084 4892 3354 4963 baptismi,
3389 4887 3481 4940 sed

1411 5042 1422 5045 -
1551 5039 1566 5045 -
1944 5024 2096 5045 -.ε-..
2129 5019 2190 5045 ει..
2216 5014 2303 5045 ,ως
2334 5010 2490 5045 ins-inc
2531 4995 2849 5045 sacramenti
2899 4990 3123 5045 nratiam
3175 4984 3384 5036 sincero
3422 4990 3481 5027 ac

285 4984 574 5045 diligentia:
594 4984 937 5025 emmussrmt
960 4984 1059 5014 Vll'l
1081 4984 1332 5026 pruaul
1356 4984 1578 5012 ναιυωι,
1605 4984 1695 5016 Ὶυι
1715 4984 1834 4999 ια...
1937 4984 2043 4991 -..η
2059 4984 2090 4986 π
2193 4984 2209 4998 _

285 5064 541 5122 secundis
563 5061 700 5130 typis
726 5054 956 5125 vulgavit
982 5064 1103 5105 cum
1129 5053 1381 5105 accurata
1410 5042 1512 5095 hac
1536 5039 1599 5091 de
1624 5051 1681 5088 re
1704 5048 1838 5103 ιιι-ω-
1937 5024 2099 5080 etiam
2129 5019 2194 5072 iis
2215 5014 2303 5085 qui
2334 5010 2491 5078 hujus
2531 4995 2849 5058 sacramenti
2899 4990 3123 5063 gratiam
3175 4984 3384 5036 sincero
3422 4990 3484 5027 ac

1351 5128 1359 5130 -
1641 5126 1654 5130 -
1946 5111 1980 5130 ρ-
1997 5106 2161 5130 ---.,.;
2194 5101 2368 5130 -..τωο
2395 5097 2753 5130 ηηηηαιιργιιηι
2778 5099 2842 5130 ac
2866 5079 3263 5130 desiderarunt;
3294 5082 3392 5122 nec
3419 5065 3484 5117 ab

285 5065 541 5122 secundis
563 5065 700 5130 typis
726 5065 956 5125 vulgavrt
982 5065 1103 5105 cum
1129 5065 1381 5105 accurata
1410 5065 1512 5095 uae
1536 5065 1599 5091 uc
1624 5065 1681 5088 lc
1704 5065 1838 5103 μιασ-
1938 5065 2099 5080 ..η-...-
2129 5065 2191 5072 -_
2220 5065 2268 5085 τ
2293 5065 2297 5066 ν
2403 5065 2422 5078 ,

285 5156 532 5210 ratione:
561 5149 648 5204 ubi
665 5142 962 5201 observavit
983 5138 1190 5208 Egilum
1211 5149 1302 5188 seu
1324 5128 1567 5199 Eigilem,
1591 5126 1658 5179 ad
1679 5136 1838 5192 quem
1941 5106 2164 5198 ferventi
2193 5101 2368 5157 animo
2395 5097 2753 5166 poposcerunt
2778 5099 2842 5138 ac
2866 5079 3263 5210 desidurarunt;
3294 5082 3392 5210 n3]:
3419 5065 3486 5117 ab

2165 5197 2176 5207 ·
2219 5191 2368 5210 ’μλΑ
2399 5181 2627 5210 nam-..“
2669 5183 2788 5210 ειπιι
2825 5188 2886 5210 ον
2928 5183 3025 5210 mur
3051 5161 3264 5210 urentia.
3292 5173 3319 5210 8
3420 5168 3485 5207 ex

286 5156 532 5210 talione:
561 5156 648 5204 ubi
665 5156 962 5201 observant
985 5156 1190 5208 nguum
1211 5156 1302 5188 seu
1325 5156 1567 5199 unguem,
1591 5156 1658 5179 ω
1679 5156 1838 5192 ιιυν...
1941 5156 2012 5166 η-
2033 5156 2162 5162 --πη
2201 5156 2206 5157 ν
2397 5156 2413 5166 ,
2466 5156 2483 5164 _

286 5249 402 5314 iam
424 5242 668 5295 abbatem
697 5232 1057 5288 Prumiensem
1083 5225 1229 5294 prior
1254 5237 1318 5276 ex
1357 5220 1441 5274 his
1479 5217 1684 5271 duabus
1730 5210 1842 5279 cpi-
1943 5191 2372 5263 eo‘suscipiendo
2399 5181 2630 5240 revocati
2668 5183 2791 5232 sunt
2825 5188 2890 5226 ex
2928 5161 3264 5237 negligentia,
3292 5156 3385 5211 sed
3420 5168 3485 5207 ex

1348 5311 1358 5314 -
1404 5308 1434 5314 --
1719 5300 1816 5314 ην-
1949 5276 2548 5314 ιιὲι--ιι-ιρηιῖηηοιιίνίηη-
2586 5270 2729 5314 Item
2764 5261 2932 5314 valide
2973 5269 3036 5310 ac
3073 5255 3267 5306 diserte
3300 5258 3485 5314 propu-

292 5255 402 5314 iam
424 5255 668 5295 abbatem
699 5255 1057 5288 r'runueusem
1085 5255 1221 5294 νιιυ.
1254 5255 1318 5276 ς..
1360 5255 1441 5274 ...ο
1479 5255 1684 5271 “an..-
1732 5255 1815 5279 νγ-
1951 5255 1995 5258 ,κ
2184 5255 2201 5263 _

292 5333 451 5389 stolis
485 5327 685 5394 scripta
713 5331 814 5385 est,
839 5322 974 5374 hanc
998 5315 1304 5385 dignitatem
1346 5308 1528 5362 iniisse
1556 5317 1694 5357 anno
1718 5300 1842 5362 855,
1945 5283 2336 5357 dispensatione
2356 5276 2550 5332 divina.
2586 5270 2729 5323 idem
2764 5261 2932 5316 valide
2973 5269 3036 5310 ac
3073 5255 3267 5306 diserte
3300 5258 3488 5314 propu-

1679 5391 1705 5394 -
2090 5380 2122 5394 --
2155 5381 2363 5394 --η-η-
2386 5363 2681 5394 Damna":
2709 5361 2758 5394 ;..
2785 5350 3003 5394 antelata
3038 5348 3102 5394 Π
3131 5359 3224 5394 seu
3266 5343 3488 5392 tractatu

485 5343 685 5394 50111)ιό
713 5343 814 5385 θδι,
841 5343 974 5374 [HINC
998 5343 1304 5385 υιδιιιιαιῦιιι
1348 5343 1528 5362 ιιιιιοσυ
1556 5343 1693 5357 ιιι-μυ
1719 5343 1842 5362 ννν,
1954 5343 1991 5344 κη
2029 5343 2047 5357 ι

296 5424 378 5476 uti
398 5419 561 5473 etiam
589 5415 642 5467 in
669 5412 782 5479 ejus
808 5407 986 5475 Elogio
1008 5399 1378 5457 demonstrabo
1409 5394 1644 5454 inferius.
1679 5391 1846 5444 Porro
1949 5380 2128 5452 gnavit
2151 5381 2366 5429 sanctus
2386 5363 2683 5422 Bernardus
2709 5361 2760 5412 in
2785 5350 3005 5423 epistola
3031 5348 3102 5432 _77
3131 5359 3224 5398 seu
3266 5343 3488 5392 tractatu

1647 5469 1649 5471 ί
2003 5471 2016 5479 -
2055 5467 2096 5479 --
2183 5478 2190 5479 κ
2223 5475 2318 5479 ψμ
2360 5459 2416 5479 ›-
2441 5455 2635 5479 cum...
2662 5449 2871 5479 υιηιηςιο
2933 5435 3170 5479 adductis
3217 5422 3488 5479 Augustini

299 5424 378 5476 uti
398 5422 561 5473 etiam
589 5422 642 5467 in
669 5422 782 5479 ejus
808 5422 986 5475 btoglo
1008 5422 1378 5457 uemonswuuo
1409 5422 1644 5454 "naeuus.
1681 5422 1702 5444 ι
1722 5422 1772 5444 υ.
1789 5422 1846 5441 ,υ
1949 5422 2128 5452 δην..-
2151 5422 2363 5429 -_----_-
2820 5422 2832 5423 γ
3031 5424 3041 5432 _

299 5518 353 5568 in
377 5502 655 5578 posteriori
690 5501 755 5577 ad
792 5494 1149 5554 lleribalrlem,
1177 5503 1292 5562 qua:
1321 5503 1348 5539 a
1377 5469 1666 5552 Reginoae,
1692 5479 1852 5531 lvone
1953 5471 2018 5526 ad
2055 5467 2324 5536 Hugouem
2355 5459 2418 5512 de
2441 5455 2638 5536 sancto
2662 5449 2890 5508 Victore,
2933 5435 3170 5493 adductis
3216 5422 3492 5497 Augustini

1934 4766 1986 4812 et
2013 4754 2275 4808 voluntas.
2312 4767 2328 4797 ι
2367 4716 2550 4810 Itaque
2576 4754 2638 4792 ex
2665 4728 2931 4789 Ambrosii
2958 4734 3011 4780 et
3037 4716 3317 4789 Augustini
3359 4728 3476 4767 sen-

1936 4845 2118 4904 tentia,
2141 4855 2246 4894 non
2276 4835 2403 4889 solis
2444 4802 2848 4884 catechumeuis.
2885 4811 3140 4880 martyrio
3178 4803 3380 4859 adactis
3413 4802 3478 4853 ad
