3940 6332
155 292 216 345 ,ιι
1519 286 1734 339 ΡῐῖΟΗί

1841 284 2014 338 MENA
2027 324 2039 337 .
3317 285 3385 338 Η.

133 399 267 455 .nis.
297 405 493 465 praeter
524 397 640 451 illas
678 411 793 465 qum
842 397 907 449 ab
942 396 1126 449 ordine
1167 396 1528 450 dimcmbratm
1569 404 1711 467 sunt,
1748 403 1789 458 Α
1818 410 1946 448 vero
1991 411 2085 463 per
2115 394 2336 449 clericos
2386 402 2580 449 εηηειςῡ
2626 396 2766 450 sedis
2812 398 3114 467 apostolicae
3152 408 3207 452 et
3236 400 3381 453 cives

160 482 389 534 quarum
435 481 688 521 numerus
741 467 1017 520 denarium
1075 475 1309 534 superat,
1345 486 1361 515 ι
1422 473 1567 534 ιυδιεξ
1606 466 1718 532 ipso

161 533 465 658 grittliemio
490 536 539 656 l;
570 536 659 588 lib.
695 552 707 587 I
732 536 797 588 de
833 535 972 587 Viris
1002 533 1295 588 illustribus
1324 537 1438 589 0rd.
1465 534 1523 587 S.
1552 533 1722 587 Bene-

202 620 252 660 lC
278 622 318 663 ι.
344 620 465 667 cap.
539 643 549 655 .

397 731 917 806 PBJEFATIO
986 728 1509 817 AUCTORIS.

245 842 288 892 l.
334 839 636 908 Scriptores
656 854 833 893 rerum
861 839 1344 895 ecclesiasticarum
1367 856 1486 895 eam
1516 838 1724 908 sapien—

165 941 267 993 ter,
286 940 395 984 tum
422 930 583 985 etiam
615 929 816 984 utiliter
844 930 1368 995 instituerunt,vitas
1398 937 1452 983 et
1482 929 1616 982 facta
1637 928 1725 997 ju-

162 1031 395 1085 storum,
426 1029 482 1075 et
511 1022 803 1076 secundum
833 1022 1011 1076 divina
1039 1031 1302 1092 praecepta
1329 1022 1618 1076 viventium
1646 1023 1723 1074 vi-

163 1123 373 1170 rorum,
403 1123 501 1178 per
526 1108 823 1163 litterarum
861 1110 1216 1165 revelationes
1243 1111 1449 1164 tradere
1474 1109 1719 1179 posteris.

166 1197 361 1252 Merito
396 1213 428 1251 a
456 1196 702 1253 ﬁdelibus
746 1199 954 1270 magnis
983 1200 1105 1255 ideo
1138 1200 1383 1255 laudibus
1409 1200 1718 1263 extollenili,

163 1289 311 1358 quod
343 1304 447 1343 non
475 1289 733 1344 invidiose
760 1290 977 1344 silentes
1002 1304 1063 1343 ea
1092 1290 1583 1360 przctcrmiserunt;
1629 1291 1722 1344 sed

164 1378 454 1442 cbaritate,
485 1394 604 1447 quae
628 1379 876 1434 omnibus
914 1380 1167 1447 prodesse
1214 1379 1503 1443 desiderat,
1550 1380 1721 1433 abun-

163 1471 378 1535 dantes,
424 1472 491 1525 ad
520 1471 820 1541 exemplum
852 1481 996 1527 recte
1032 1473 1239 1528 vivendi
1295 1474 1500 1527 cunctis
1524 1472 1721 1527 imitari

163 1561 470 1617 volentibus
522 1561 643 1616 ﬁdei
702 1564 925 1619 veritate
992 1565 1201 1619 subnixi
1256 1565 1608 1636 protulerunt.
1664 1562 1722 1617 Si

164 1654 314 1707 enim
344 1669 449 1708 non
487 1656 560 1708 ita
595 1654 867 1719 fecissent,
907 1666 1245 1723 nequaquam
1277 1655 1417 1709 scire
1454 1654 1720 1724 potuisse-

1828 483 2081 537 ltomana:
2117 484 2263 537 urbis
2302 483 2494 547 allatzc,
2524 484 2606 537 vel
2636 501 2731 553 per
2758 488 2895 540 viam
2924 502 3026 556 qua
3060 486 3383 549 ferebantur,

1829 573 1907 625 vel
1942 574 1991 625 in
2023 573 2151 625 locis
2182 573 2373 640 quibus
2400 583 2659 643 susceptm
2695 584 2750 629 et
2774 577 3000 629 condita!
3028 569 3169 637 sunt,
3208 576 3386 634 munis

1826 670 1877 713 et
1921 661 2127 730 magnis
2172 662 2549 716 miraculorum
2608 664 2794 733 signis,
2828 665 2980 734 cujus
3027 658 3207 719 essent
3249 666 3386 733 apud

1827 750 1989 803 Deum
2030 750 2211 802 meriti
2242 750 2561 807 claruerunt.
2613 753 2836 807 Constat
2869 769 3101 824 namque
3134 753 3387 823 reliquias

1824 839 1996 893 sancti
2033 837 2335 892 Sebastiani
2378 841 2631 910 martyris
2660 843 2728 897 ab
2754 843 2885 897 urbe
2914 843 3081 898 Roma
3112 844 3379 909 devectas,

1824 934 1877 980 et
1913 927 1983 981 ab
2012 926 2262 980 Hilduino
2308 928 2498 981 abbate
2530 930 2667 996 apud
2695 922 2990 1001 Augustam
3038 930 3386 986 Suessionum

1826 1014 1956 1086 [Al.,
1983 1015 2323 1087 Suessorum]
2348 1015 2532 1071 Galliae
2560 1018 2850 1086 civitatem,
2875 1022 2928 1075 in
2956 1021 3181 1077 ecclesia
3215 1022 3385 1076 sancti

1826 1104 2061 1159 Medardi
2100 1104 2422 1160 confessoris
2449 1108 2824 1163 venerabiliter
2847 1111 3111 1176 conditas,
3144 1111 3309 1166 tantis
3334 1120 3390 1165 et

1826 1194 2079 1247 inauditis
2115 1195 2365 1251 omnibus
2402 1206 2545 1251 retro
2577 1199 3015 1268 generationibus
3060 1200 3251 1255 florere
3291 1202 3391 1255 mi-

1826 1285 2037 1350 raculis,
2088 1293 2147 1339 ut
2182 1287 2436 1341 revelatio
2459 1303 2645 1343 eorum
2695 1289 2853 1344 ﬁdem
2881 1290 3166 1345 excederet
3188 1292 3237 1356 δ,
3284 1292 3389 1346 nisi

1825 1384 2032 1430 certum
2080 1386 2223 1431 esset
2267 1380 2515 1433 omnibus
2565 1380 2792 1435 ﬁdeliter
2835 1380 3198 1447 credentibus,
3249 1382 3389 1451 quod

1800 1546 1801 1549 η
1827 1466 1965 1520 Deus
2000 1476 2054 1520 et
2093 1466 2352 1521 Dominus
2381 1468 2739 1533 nosterJesus
2782 1469 3048 1537 Christus,
3076 1472 3168 1541 qui
3198 1471 3393 1543 glorio-

1826 1567 1917 1607 sus
1940 1563 2024 1607 est
2060 1553 2113 1606 in
2140 1556 2343 1610 sanctis
2372 1557 2504 1620 suis,
2532 1558 2795 1612 mirabilis
2822 1559 2872 1611 in
2898 1557 3290 1627 majestatibus,
3313 1559 3394 1614 fa-

1826 1644 2080 1712 ciensque
2123 1644 2365 1714 prodigia
2392 1686 2405 1708 ,
2464 1648 2641 1699 omnia
2686 1662 3015 1715 quascunque
3057 1646 3287 1703 voluerit
3340 1648 3393 1702 in

166 1757 289 1797 mus
316 1742 447 1813 quid
494 1744 664 1797 sancti
705 1745 1047 1813 patriarchae,
1095 1744 1223 1814 quid
1268 1745 1562 1814 prophetae,
1598 1744 1725 1813 quid
1755 1731 1800 1789 Β
1827 1730 1963 1787 coelo
1994 1740 2049 1785 et
2081 1731 2135 1784 in
2161 1738 2303 1785 terra
2334 1733 2449 1787 sine
2480 1732 2585 1787 ulla
2610 1733 2928 1789 difﬁcultate
2955 1744 3131 1803 potest
3156 1735 3388 1791 efﬁcere.

164 1833 417 1902 apostoli,
448 1833 576 1902 quid
603 1834 764 1889 etiam
794 1834 973 1889 cazteri
1012 1834 1181 1888 sancti
1218 1842 1482 1908 martyres
1518 1842 1574 1889 et
1599 1849 1723 1889 cen-

162 1921 400 1975 fessores
425 1919 623 1976 Christi
665 1924 948 1992 gesserint,
989 1923 1071 1978 vel
1097 1924 1394 1987 docuerint,
1424 1925 1725 1994 quibusque

164 2012 338 2081 signis
366 2021 421 2065 et
458 2012 743 2067 virtutibus
775 2020 898 2066 ante
932 2013 1015 2067 vel
1042 2020 1162 2082 post
1182 2021 1407 2067 mortem
1442 2028 1593 2067 suam
1618 2012 1727 2069 cla-

166 2101 409 2164 ruerint;
443 2100 546 2155 nisi
572 2115 638 2155 ex
676 2094 862 2155 eorum
890 2101 1104 2170 scriptis
1136 2101 1339 2155 credita
1368 2112 1423 2171 et
1458 2100 1727 2155 intellecta

166 2205 547 2255 posceremus;
586 2192 678 2261 qui
726 2202 789 2246 ea
832 2206 939 2245 non
976 2189 1249 2260 captanda:
1284 2190 1516 2260 propria:
1557 2189 1743 2244 laudis

167 2281 466 2335 intentione
489 2281 847 2351 protulerunt,
872 2281 965 2336 sed
996 2289 1055 2334 ut
1080 2294 1174 2348 per
1195 2279 1459 2350 ejusmodi
1485 2279 1727 2349 exempla

147 2367 239 2459 ‘ad
267 2368 628 2423 emendandos
652 2384 847 2439 pravos
877 2369 1056 2424 mo‘res
1080 2368 1327 2422 humana!
1356 2368 1751 2438 praesuniptio-.

167 2458 283 2523 nis,
329 2467 386 2513 et
432 2458 501 2513 ad
544 2459 948 2515 collaudandam
986 2459 1178 2515 divinae
1224 2458 1521 2528 majestatis
1544 2467 1732 2527 poten-

169 2549 304 2603 tiam
334 2564 772 2619 quorumcunque
809 2551 1017 2605 animos
1058 2550 1364 2605 incitarent.
1413 2549 1598 2619 Itaque
1642 2564 1732 2605 eo-

173 2658 299 2698 rum
330 2642 596 2698 laudabile
619 2643 919 2699 institutum
951 2657 1051 2713 pro
1078 2642 1294 2697 modulo
1324 2656 1444 2697 meo
1479 2656 1729 2711 sequens,

166 2736 429 2793 facultate
454 2753 558 2807 qua
586 2738 736 2795 valeo
767 2739 1004 2795 scribere
1051 2740 1194 2794 nitor
1216 2738 1441 2794 virtutes
1469 2749 1525 2794 et
1565 2740 1730 2794 mira-

168 2826 297 2881 cula
326 2840 443 2895 quas
468 2825 608 2882 Deus
630 2843 727 2897 per
764 2835 979 2882 sanctos
1007 2842 1134 2883 suos
1173 2828 1443 2882 modernis
1473 2828 1729 2897 tempori—

168 2919 276 2973 bus
301 2917 479 2974 facere
506 2920 753 2991 dignatus
770 2929 872 2985 est,
900 2936 1125 2990 quorum
1152 2922 1293 2977 sacri
1317 2922 1530 2977 cineres
1558 2920 1733 2991 regio-

170 3023 301 3065 nem
332 3017 569 3064 nostram
604 3009 755 3075 illati,
801 3011 1038 3080 quotidie
1076 3009 1315 3066 ﬁdelibus
1340 3024 1500 3065 causa
1545 3008 1734 3064 salutis

1826 1820 1957 1875 Ossa
1997 1833 2210 1889 quoque
2239 1821 2518 1875 beatorum
2559 1831 2853 1892 martyrum
2884 1822 3176 1877 Marcellini
3205 1830 3260 1877 et
3292 1824 3393 1877 Pe-

1828 1910 1895 1963 tri
1919 1920 1965 1973 ο,
2008 1909 2154 1963 Proti
2195 1920 2355 1979 atque
2400 1911 2684 1982 Hyacinthi
2712 1912 2761 1977 ἀ,
2790 1928 2913 1967 cum
2948 1913 3187 1982 reliquiis
3217 1912 3389 1968 sancti

1828 1998 2121 2064 lIermetis,
2156 2014 2260 2054 non
2288 2000 2496 2055 minore
2526 2002 2903 2057 miraculorum
2938 2004 3105 2073 gloria
3132 2004 3183 2056 in
3210 2004 3387 2058 diver-

1828 2090 1902 2143 sis
1924 2089 2244 2144 sanitatibus
2263 2089 2651 2145 inﬁrmantium
2675 2092 2913 2161 quotidie
2942 2092 3145 2163 fulgent
3168 2111 3181 2145 :
3202 2108 3320 2162 qua:
3340 2103 3395 2147 et

1829 2179 1943 2247 ipsa
1994 2193 2023 2231 a
2064 2178 2229 2233 Roma
2257 2180 2536 2245 translata,
2575 2190 2630 2236 et
2652 2182 2925 2238 Einhardo
2952 2195 2974 2222 ο
3022 2183 3199 2239 abbati
3232 2184 3396 2237 addu-

1830 2274 1939 2331 cta,
1974 2265 2126 2334 juxta
2153 2267 2385 2341 anum
2428 2268 2729 2324 Germaniae
2765 2270 3003 2335 fluvium,
3050 2273 3104 2325 in
3132 2272 3252 2325 Villa
3278 2286 3397 2341 qua:

1829 2355 1979 2424 prius
2005 2354 2353 2421 Mullinheim,
2385 2372 2528 2412 nunc
2555 2366 2734 2412 autem
2771 2358 3093 2429 Saligunstat
3129 2358 3149 2398 τ
3178 2360 3392 2422 dicitur,

1832 2447 1994 2517 digna
2031 2447 2391 2504 celebratione
2421 2465 2451 2502 a
2500 2448 2746 2504 ﬁdelibus
2778 2454 3123 2506 venerantur.
3156 2451 3232 2504 De
3266 2466 3398 2519 quo—

1834 2552 1954 2594 rum
1992 2538 2340 2594 translatione
2384 2539 2541 2594 simul
2590 2549 2645 2595 et
2688 2541 2993 2605 virtutibus,
3024 2545 3156 2610 quas
3182 2557 3280 2612 per
3309 2556 3402 2596 eos

1835 2624 1977 2680 Deus
2003 2636 2256 2697 cperatus
2296 2637 2400 2694 est,
2444 2630 2571 2699 quia
2604 2629 2885 2700 diligenter
2922 2632 3195 2685 memoria:
3232 2631 3399 2686 tradi-

1838 2722 1952 2768 tum
1982 2715 2085 2781 est,
2116 2719 2203 2773 hic
2230 2718 2409 2774 dicere
2434 2720 2644 2775 omitto.

1910 2805 1964 2858 3.
2007 2806 2082 2863 De
2121 2809 2335 2865 ossibus
2370 2825 2497 2865 vero
2526 2810 2667 2865 beati
2710 2809 3000 2864 Alexandri
3043 2809 3315 2879 martyris,
3346 2817 3402 2863 et

1842 2894 2066 2951 aliorum
2095 2908 2403 2955 sanctorum
2427 2916 2654 2970 quorum
2685 2902 2900 2956 nomina
2936 2902 3047 2957 suis
3069 2902 3201 2956 locis
3220 2901 3402 2955 dicen-

1843 2992 1951 3050 tur,
1990 2988 2330 3044 scrihendum
2366 3004 2485 3045 esse
2510 3005 2703 3045 censeo
2738 2990 2988 3060 qualiter,
3029 2999 3085 3045 et
3127 3005 3158 3043 a
3188 2990 3402 3059 quibus,

171 3099 465 3161 exsistunt,
498 3100 724 3155 credens
752 3114 837 3154 me
862 3116 966 3155 non
1004 3101 1252 3166 inaniter,
1296 3100 1404 3155 imo
1429 3100 1650 3166 utiliter,
1683 3108 1734 3154 et

1841 3084 1923 3142 vel
1948 3084 2017 3139 ad
2036 3097 2155 3152 qua:
2192 3080 2310 3137 loca
2342 3082 2600 3136 translata
2638 3082 2768 3147 sint,
2810 3083 3109 3153 quibusque
3157 3082 3322 3152 signis
3350 3089 3404 3136 et

174 3190 531 3260 mihimetipsi
562 3198 615 3245 et
659 3191 842 3245 multis
872 3191 992 3245 aliis
1028 3190 1311 3247 laborare:
1339 3191 1470 3245 mihi
1496 3191 1733 3260 quidem,

174 3282 316 3359 quia.
336 3283 611 3350 praamium
638 3282 838 3338 laboris
862 3283 965 3337 mei
994 3298 1115 3338 cum
1146 3283 1243 3348 eis,
1269 3298 1403 3353 quos
1430 3283 1499 3338 ob
1524 3282 1736 3337 laudem

176 3373 277 3427 Dei
304 3373 358 3426 in
382 3371 541 3427 simili
562 3388 722 3443 opere
751 3374 1004 3428 sudantes
1033 3373 1270 3429 imitatus
1298 3388 1440 3437 sum,
1468 3387 1551 3427 me
1582 3373 1737 3427 habi-

176 3475 362 3517 turum
397 3477 516 3519 esse
550 3477 646 3532 per
692 3462 787 3517 Dei
828 3463 1054 3532 gratiam
1083 3462 1388 3527 conﬁdens;
1440 3461 1559 3516 aliis
1589 3476 1736 3526 vero,

178 3555 311 3624 quia
354 3554 513 3609 rebus
540 3554 767 3623 cognitis
802 3554 1103 3609 veneranda
1140 3562 1445 3609 sanctorum
1483 3552 1741 3607 solemnia

179 3644 393 3699 ﬁdelius
432 3642 841 3713 amplectuntur,
883 3652 937 3699 et
985 3643 1184 3712 majore
1225 3644 1422 3705 mentis
1454 3643 1738 3697 devotione

179 3734 421 3797 accensi,
453 3733 507 3786 in
531 3733 743 3787 laudem
784 3728 1055 3788 Cre‘atoris
1091 3734 1173 3787 sui
1220 3734 1391 3788 latius
1432 3742 1735 3803 assurgunt.

251 3822 306 3875 2.
351 3822 702 3890 Temporibus
747 3823 909 3893 igitur
950 3822 1205 3877 Ludovici
1248 3823 1610 3892 imperatoris,
1651 3822 1740 3889 qui

179 3917 304 3979 post
350 3909 646 3979 genitorem
690 3925 844 3965 suum
870 3910 1117 3983 Carolum
1161 3910 1405 3982 Magnum
1451 3912 1741 3981 imperato-

182 4016 325 4063 rem,
363 4016 461 4069 per
492 4016 662 4057 annos
705 4012 911 4072 septem
948 4012 1003 4057 et
1031 4004 1216 4072 viginti
1240 4017 1264 4043 α
1290 4004 1620 4059 Francorum
1667 4014 1743 4059 te-

181 4090 301 4144 nuit
334 4089 615 4158 imperium
641 4131 655 4154 ,
705 4092 989 4145 multorum
1043 4092 1279 4162 reliquiae
1326 4103 1633 4147 sanctorum
1676 4095 1743 4147 ab

180 4180 319 4233 urbe
361 4178 527 4232 Roma
555 4180 607 4233 in
639 4179 921 4239 Eranciam
956 4180 1143 4234 delatae
1184 4191 1307 4236 sunt
1334 4202 1344 4235 :
1373 4200 1599 4252 quarum
1628 4184 1745 4238 alia:

180 4269 405 4339 quidem
429 4269 498 4322 ab
520 4270 599 4324 eis
641 4270 881 4325 adducta:
912 4278 1056 4335 sunt,
1102 4272 1190 4341 qui
1221 4272 1372 4340 jussu
1405 4261 1744 4329 dominorum

182 4373 408 4413 suorum
438 4366 499 4411 ut
532 4358 583 4413 id
609 4358 884 4415 efficerent
918 4359 1141 4414 Romam
1177 4361 1399 4431 profecti
1446 4372 1598 4427 sunt;
1632 4365 1747 4418 alia:

1836 3172 2145 3236 virtutibus,
2175 3171 2290 3235 sive
2319 3170 2372 3224 in
2394 3169 2587 3224 itinere
2612 3185 2719 3239 quo
2752 3169 3079 3234 ferebantur,
3112 3170 3223 3223 sive
3244 3169 3297 3222 in
3323 3168 3399 3223 lo-

1836 3266 1915 3321 cis
1943 3263 2138 3333 quibus
2158 3260 2380 3317 condita
2421 3269 2566 3335 sunt,
2617 3259 2917 3326 floruerint,
2946 3260 3219 3314 memoriae
3256 3274 3406 3312 man-

1816 3354 2069 3412 -dandum
2096 3359 2189 3406 :ut
2228 3366 2348 3405 cum
2402 3352 2468 3406 de
2498 3350 2846 3405 translatione
2888 3358 2942 3404 et
2989 3340 3262 3409 miraculis
3310 3364 3404 3403 eo—

1838 3460 1958 3500 rum
1988 3443 2279 3498 secundum
2294 3440 2575 3520 veritatem
2596 3449 2867 3509 gestorum
2894 3439 3055 3495 fuerit
3079 3456 3258 3497 sermo
3278 3456 3403 3510 pro-

1840 3534 2003 3597 latus,
2032 3531 2225 3600 quibus
2253 3530 2306 3584 in
2342 3529 2474 3584 locis
2499 3544 2530 3583 a
2569 3528 2814 3583 ﬁdelibus
2847 3530 3149 3583 veneranda
3177 3531 3405 3585 debeant

1842 3624 2091 3686 inveniri,
2120 3638 2216 3691 per
2236 3622 2350 3677 haec
2375 3622 2575 3692 scripta
2606 3622 2782 3676 valeat
2807 3621 3039 3694 agnosci.

2253 3772 2648 3849 INCIPIT
2722 3771 2992 3848 VITA.

1912 3915 1965 3966 4.
2007 3914 2061 3967 In
2076 3926 2135 3966 ea
2160 3919 2309 3981 parte
2321 3909 2623 3965 Germanice
2641 3924 2800 3978 uuam
2822 3909 3014 3963 Franci
3036 3911 3125 3979 qui
3150 3911 3406 3964 dicuntur

1843 4001 2141 4057 Orientales
2192 3998 2514 4060 inhabitant,
2556 3997 2705 4051 locus
2759 4005 2841 4051 est
2886 4013 2946 4052 ev
2991 3998 3205 4051 nomine
3243 3998 3403 4052 vicini

1845 4089 2077 4144 ﬁumini‘s
2108 4091 2131 4129 ⁸
2155 4088 2319 4142 Fulda
2363 4088 2765 4151 vocatus,‘situs
2815 4087 2867 4140 in
2898 4086 3033 4141 saltu
3075 4102 3285 4156 magno,
3319 4087 3409 4156 qui

1846 4181 2102 4235 muderno
2126 4187 2365 4247 tempore
2408 4177 2473 4229 ab
2509 4176 2698 4230 incolis
2745 4176 2953 4229 illarum
2998 4177 3272 4247 regionum
3311 4176 3411 4230 Bo-

1849 4272 2041 4326 chonia
2065 4272 2089 4310 h
2114 4269 2412 4339 appellatur
2441 4286 2453 4320 :
2480 4280 2638 4335 quem
2674 4274 2890 4321 sanctus
2924 4266 3231 4321 Bonifacius
3272 4282 3411 4320 mar-

1851 4370 1954 4430 tyr,
1978 4359 2186 4427 legatus
2230 4359 2282 4411 in
2315 4356 2656 4411 Germaniam
2686 4356 2753 4408 ab
2783 4355 3071 4424 apostolica
3100 4356 3226 4409 sede
3263 4356 3406 4409 dire-

252 4483 277 4511 ι
301 4468 418 4523 Νοη
456 4471 768 4540 completos,
810 4473 1081 4541 requisitis
1119 4483 1242 4527 octo
1291 4472 1400 4528 fere
1453 4477 1742 4531 mensibus.
1776 4479 1824 4536 1)
1872 4540 1877 4541 ί
1925 4469 1942 4507 ί
1972 4470 2025 4522 Id
2069 4479 2156 4541 est
2188 4469 2333 4520 beata
2365 4467 2563 4541 civitas.
2599 4463 2747 4541 Unde
2783 4462 3111 4541 Trithemius
3142 4464 3411 4541 corrigen-

184 4541 466 4596 Successit
488 4542 624 4607 patri
656 4541 763 4594 vita
793 4541 973 4595 functo
1002 4558 1088 4595 an.
1125 4542 1391 4605 Chr.8l4,
1419 4545 1502 4597 die
1528 4546 1596 4600 28
1622 4546 1743 4601 Jan.

189 4612 386 4665 Vivere
425 4609 582 4662 desiit
608 4624 747 4662 anno
774 4610 915 4674 840;
946 4611 1030 4664 die
1057 4611 1119 4665 21
1152 4611 1293 4665 Maii.
1330 4612 1489 4666 Βοιι.

258 4680 287 4718 b
314 4677 441 4748 Haec
466 4676 577 4731 fere
598 4687 720 4748 sunt
746 4679 1032 4748 Eginhardi
1070 4681 1249 4734 verba.
1283 4680 1419 4735 ΜΑΒ.

256 4759 280 4786 ο
313 4746 577 4800 Coluntur
604 4747 658 4799 hi
689 4747 725 4799 2
750 4746 912 4801 Junii.
958 4747 1089 4803 Vide
1119 4748 1402 4803 Historiam
1445 4752 1746 4806 translatio-

187 4818 272 4889 nis
321 4815 673 4889 reliquian
732 4815 1021 4889 Marcellini
1062 4826 1116 4871 et
1146 4817 1299 4889 Petri
1332 4820 1398 4873 ab
1442 4820 1746 4889 Eginbardo

188 4885 534 4943 descriptam.
583 4884 770 4939 Exstat
809 4885 875 4938 de
911 4886 1095 4939 eadem
1142 4884 1743 4943 translatione'carmcn

190 4954 351 5029 beati
369 4953 597 5029 Iuliani,
646 4961 775 5009 tom.
812 4953 877 5007 VI
915 4954 1145 5024 Operum
1174 4957 1321 5026 ejus,
1366 4965 1554 5027 estque
1594 4960 1737 5029 hym-

189 5037 293 5075 nus
317 5020 411 5074 Ἠ.
443 5018 602 5075 Βυιι..

258 5090 287 5129 ἀ
312 5090 390 5160 De
416 5090 607 5143 horum
634 5091 872 5160 reliquiis
899 5093 1080 5147 Roma:
1101 5093 1332 5148 obtentis
1354 5104 1405 5148 et
1437 5096 1536 5149 sibi
1570 5088 1744 5150 missis

191 5160 303 5228 agit
352 5158 687 5227 Bginbardus
731 5158 766 5213 ιζ
799 5178 852 5213 Iv
899 5164 1075 5215 citata:
1102 5163 1348 5217 Historia:
1386 5166 1745 5219 translationis

195 5228 546 5286 reliquiarum
578 5228 674 5281 SS.
710 5230 853 5283 Petri
882 5240 934 5285 et
965 5231 1269 5286 Marcellini.
1296 5234 1366 5285 lo.

267 5298 647 5369 mevverus,_
662 5298 1001 5369 abjiinnrdo
1042 5301 1243 5362 abbate,
1282 5317 1576 5369 perperam.
1614 5303 1747 5355 Reli—

192 5366 335 5435 quia:
358 5365 713 5439 namque__SS_.
748 5366 1035 5439 Marcellini
1057 5378 1109 5421 et
1137 5365 1345 5439 Petri’ei
1372 5365 1530 5423 Itonia
1558 5386 1748 5439 appor-

197 5434 324 5507 tata:
366 5442 498 5487 sunt
530 5434 803 5507 a_Ilatleio
842 5438 1052 5507 notario
1081 5452 1202 5507 suo;
1246 5438 1362 5490 alia:
1385 5454 1510 5491 vero
1547 5434 1749 5507 a'qno-

194 5505 321 5555 dam
374 5503 640 5556 monacho
675 5519 772 5557 suo
808 5506 1036 5571 alioque,
1080 5505 1368 5559 Sabbatino
1408 5508 1569 5571 dicto,
1603 5503 1751 5561 fami-

197 5519 321 5555 uam
374 5519 640 5556 monacno
675 5519 772 5557 suo
808 5519 873 5557 an
953 5520 1036 5567 ne,
1080 5519 1368 5559 sannauno
1408 5519 1569 5571 (IICIO,
1603 5519 1749 5561 Iann-

197 5571 313 5643 liari
342 5571 645 5643 Dcnsdonaa
672 5519 1161 5643 diaconi0aomanre
1188 5574 1454 5635 Ecclesirc,
1493 5577 1640 5643 cujus
1672 5578 1749 5629 in-

196 5641 405 5704 dustria
436 5638 652 5693 fuerant
683 5640 991 5709 impetratm.
1024 5641 1097 5695 lo.

645 5728 900 5787 I’ATROL.
934 5730 1113 5788 CVII.

1851 4540 1950 4593 dus
2001 4538 2090 4605 qui
2128 4538 2195 4605 in
2236 4535 2554 4605 compendio
2586 4534 2679 4605 _dc_
2709 4531 2924 4605 origine
2964 4533 3152 4605 gentis
3176 4531 3410 4605 Franco-

1853 4622 1990 4669 rum,
2020 4601 2086 4659 ex
2124 4601 2405 4657 Hunibaldi
2454 4601 2713 4656 fabulosis
2748 4601 2920 4669 libris,
2952 4601 3116 4655 tradit
3142 4603 3193 4655 in
3224 4601 3408 4657 Clodio

1848 4677 2057 4731 Crinito
2096 4675 2280 4727 urbem
2323 4673 2465 4726 hanc
2490 4670 2768 4739 conditam
2798 4685 2825 4722 a
2868 4668 3145 4739 Salggasto
3181 4672 3409 4739 sapiente

1849 4755 1896 4799 et
1929 4744 2230 4813 philosopho
2259 4740 2621 4813 raucorum,
2651 4754 2713 4813 ac
2750 4737 2919 4807 legum
2950 4736 3251 4813 salicnrum'
3278 4742 3409 4813 scri-

1846 4808 2021 4883 ptore:
2048 4808 2419 4883 subjungitque
2449 4824 2573 4863 eum
2610 4809 2665 4861 in
2698 4808 2800 4863 hac
2829 4822 2857 4883 a_
2888 4821 2945 4861 se
2975 4808 3243 4883 nominata
3276 4810 3408 4883 urbe

1848 4876 2153 5004 '(rporztéum,
2174 4876 2530 4939 combustum,
2563 4890 2820 4944 urnasque
2846 4876 3147 4943 impositum
3171 4892 3258 4929 an.
3286 4877 3407 4931 Clo-

1886 4967 1918 5003 n
2038 4989 2051 5002 .
2109 4966 2157 5001 ο.

1886 4967 1918 5003 ΙΙ
1965 4966 2051 5002 Ῑυ.
2083 4966 2157 5002 ID.

1922 5038 2066 5090 ﬁllic
2118 5036 2444 5091 Bucboniam
2484 5033 2836 5102 Hassiamque
2879 5032 3155 5101 perlapsus
3199 5033 3409 5102 Visurgi

1849 5107 2123 5161 miscetur.
2150 5106 2223 5159 In.

1923 5201 1948 5237 ιι
1976 5199 2137 5260 Aliis,
2193 5198 2493 5259 Rachom’a,
2536 5212 2564 5249 a
2613 5196 2748 5266 fagis
2791 5210 2982 5266 nomen
3035 5194 3253 5266 sortita,
3296 5212 3412 5263 qum.

1851 5267 2424 5320 'I‘eulonibus.buchcn
2477 5264 2747 5319 dicuntur.
2814 5264 2886 5316 Ita
2945 5264 3214 5315 Candidus
3273 5266 3409 5315 lwati

1854 5337 2058 5389 Itabani
2100 5335 2409 5402 discipulus,
2443 5336 2494 5387 in
2535 5335 2650 5387 Vita
2675 5333 2860 5402 Eigilis
2883 5333 3124 5385 abbatis:

2220 5501 2230 5511 .
2271 5499 2284 5511 .
2320 5500 2335 5515 .
2371 5499 2386 5513 .
2426 5466 2598 5515 Patriis
2623 5473 2823 5514 evectus
2843 5464 2903 5511 ab
2928 5466 3027 5512 oris

1978 5528 2172 5575 Ducitur
2198 5528 2244 5573 in
2268 5526 2457 5586 silvam,
2481 5527 2576 5585 fagi
2600 5526 2665 5573 de
2689 5526 2884 5573 nomine
2905 5524 3080 5573 dictam

1978 5588 2277 5635 llucltnniatn.

2695 5645 2765 5702 In.

2930 5728 2970 5783 2
