3940 6316
492 327 558 381 t5
1620 300 1709 356 Ai)
1746 300 1971 358 Ol'EliA
2011 300 2066 352 Β.

2186 291 2614 351 ιΒΑΝιΜΑῐῚῐὶὶ
2689 313 2692 317 '
3066 319 3073 325 ε
3553 319 3557 322 -
3651 280 3719 338 ιι

495 446 628 496 rtus,
659 440 711 484 cl
756 429 1034 499 episcopus
1063 416 1509 489 Mogtttrliaceusis
1555 412 1795 468 ecclesia:
1836 409 2050 465 ordiua-
2085 409 2130 465 A
2159 406 2291 469 bati,
2329 407 2469 474 quod
2508 402 2781 472 cujusdam
2822 399 2989 454 sancti
3023 397 3275 470 martyris
3316 410 3437 453 ossa
3476 393 3637 450 vellet
3667 396 3719 450 ei

498 536 597 585 tus,
627 522 749 591 quia
778 496 1019 574 secretus
1049 522 1166 567 erat
1188 521 1242 564 et
1264 526 1292 563 a
1323 505 1564 577 populari
1591 502 1885 572 frequentia
1909 496 2061 551 valde

494 623 749 674 remotus,
796 606 1098 679 impetravit
1124 618 1152 656 a
1192 601 1519 655 Kartmanno
1554 609 1577 634 τι
1621 592 1732 662 regi
1765 591 1792 630 δ
1830 588 2061 642 Franco-

496 723 634 769 mm,
675 677 881 757 etcum
925 694 1244 750 auctoritate
1291 686 1565 744 lacuaria:
1594 694 1642 746 ο,
1675 688 1876 735 sanctze
1922 677 2062 733 sedis

496 791 795 863 apostolica:
825 784 1017 842 summi
1042 779 1329 852 pontificis,
1358 769 1742 828 monasterium
1773 768 1825 822 in
1851 781 1917 822 eo
1937 780 2063 820 con-

500 854 672 936 siituit
700 877 1107 935 monachorum,
1144 881 1283 922 anno
1308 871 1431 916 ante
1457 860 1761 931 passionem
1793 870 1947 910 suam
1973 854 2065 908 de-

495 975 652 1037 cimo,
676 970 767 1040 qui
812 966 910 1021 fuit
955 964 1022 1017 ab
1055 955 1429 1014 locarnatione
1454 948 1734 1007 Dominica
1759 951 1983 1015 quartus
2010 948 2066 996 et

501 1060 943 1132 quadragesimus
980 1061 1034 1108 et
1052 1044 1560 1121 septingentesimus
1590 1054 1781 1093 annus.

565 1152 617 1205 5.
660 1120 797 1203 iiuic
826 1146 1002 1213 itaque
1035 1120 1360 1196 monasterio
1385 1131 1604 1200 quintus
1650 1134 1680 1181 a
1711 1126 1867 1181 beate
1907 1120 2067 1177 boni-

497 1243 636 1296 facio
668 1236 883 1309 prmfnit
927 1234 979 1287 in
1007 1215 1265 1300 regimine
1291 1223 1541 1279 liabanus
1570 1219 1737 1274 abbas
1772 1224 1827 1271 et
1861 1226 2064 1285 praece-

495 1342 614 1401 ptor
643 1300 814 1388 uicus,
845 1324 929 1379 vir
953 1320 1105 1375 valde
1136 1314 1439 1385 religiosus,
1471 1317 1524 1362 et
1566 1309 1618 1363 in
1660 1302 1957 1375 Scripturis
1980 1300 2065 1354 di-

497 1388 636 1473 vinis
661 1415 901 1485 apprime
929 1408 1170 1462 eruditus
1196 1421 1211 1458 :
1234 1400 1386 1470 cujus
1429 1412 1587 1453 omne
1615 1393 1850 1449 studium
1882 1389 1982 1443 fuit
2011 1388 2066 1442 in

501 1478 847 1565 meditatione
899 1500 1031 1570 legis
1078 1493 1289 1551 Domini
1333 1489 1467 1544 etin
1514 1485 1757 1541 doctrina
1803 1478 2063 1542 veritatis,

498 1615 729 1670 ruraque
775 1594 1005 1650 maxima
1051 1589 1193 1644 circa
1233 1581 1572 1651 disciplinam
1616 1573 1967 1630 monasticam
2013 1577 2067 1624 et

499 1662 795 1763 profectum
838 1678 1240 1749 discipulorum.
1295 1672 1446 1727 Mens
1495 1668 1611 1737 ejus
1662 1666 1730 1721 ad
1778 1679 1840 1719 ea
1892 1662 2069 1730 dispo—

2162 495 2542 555 transmittere,
2578 493 2621 546 si
2672 500 2938 561 congruus
2988 489 3055 543 ab
3084 502 3148 542 eo
3198 484 3529 541 venerationi
3577 482 3724 539 illius

2162 585 2310 640 locus
2335 584 2701 649 exhiberetur,
2720 588 3033 651 partemque
3066 575 3399 633 hzereditatis
3424 589 3537 629 suae
3560 585 3725 644 quam

2163 676 2216 730 in
2263 675 2509 739 Francia,
2550 674 2691 729 unde
2737 671 3011 728 oriundus.
3046 666 3166 737 fuit,
3210 664 3465 727 habebat,
3500 660 3725 720 solemni

2163 754 2453 821 donatione
2501 764 2616 819 loco
2661 762 2737 817 illi
2782 758 3026 816 conferre
3056 758 3383 827 disponeret,
3436 752 3505 807 ad
3540 752 3725 808 deser-

2164 857 2415 912 viendum
2442 854 2628 909 usibus
2656 866 2840 907 eorum
2873 850 2964 918 qui
2994 848 3069 902 ibi
3098 853 3281 903 essent
3300 842 3575 899 servituri.
3603 839 3732 908 Qui-

2164 946 2265 999 bus
2293 943 2379 997 ille
2401 940 2621 1003 auditis,
2650 939 2775 1006 quia
2799 937 3023 990 multum
3045 936 3098 989 in
3127 934 3354 988 Domino
3378 932 3617 1001 gavisus,
3648 938 3733 985 ta-

2166 1035 2294 1089 lium
2322 1046 2503 1087 rerum
2533 1028 2800 1084 desiderio
2828 1040 2934 1079 non
2964 1037 3154 1094 parum
3201 1022 3540 1085 movebatur,
3571 1017 3728 1074 abso-

2167 1123 2399 1190 lutisque
2449 1117 2698 1174 celeriter
2753 1114 2932 1169 causis
2988 1120 3207 1181 propter
3260 1125 3394 1179 quas
3446 1108 3732 1179 presbyter

2168 1220 2405 1277 venerat,
2433 1209 2643 1265 remisit
2676 1222 2799 1262 cum
2848 1206 2899 1259 in
2949 1204 3172 1267 italiam,
3219 1201 3482 1255 mandans
3509 1213 3731 1272 memo—

2168 1313 2287 1361 rato
2309 1305 2425 1358 viro
2447 1300 2706 1371 Alabingo
2727 1300 2780 1353 in
2807 1296 3157 1351 translatione
3182 1292 3527 1363 reliqu‘amm
3558 1289 3732 1347 sancti

2168 1394 2309 1449 illius
2353 1389 2611 1462 martyris
2647 1404 2752 1444 non
2800 1386 3033 1457 segniter
3058 1381 3320 1453 agendum
3348 1398 3363 1445 ;
3395 1382 3525 1462 quin
3554 1380 3733 1449 potius

2167 1494 2387 1558 propter
2406 1482 2587 1538 varios
2617 1487 2838 1536 eventus
2862 1492 3044 1532 rerum
3069 1475 3212 1531 omni
3238 1454 3519 1529 velocitate
3541 1483 3600 1526 ut
3621 1469 3734 1525 eili-

2169 1587 2383 1634 ceretur
2408 1592 2528 1633 esse
2558 1574 2936 1631 festinandum.
2965 1571 3080 1626 Jam
3122 1586 3180 1625 se
3208 1569 3403 1623 divinis
3440 1566 3634 1623 officiis
3666 1564 3735 1621 fa-

2169 1669 2375 1723 ciendis
2403 1666 2677 1722 basilicam
2705 1671 3086 1733 congruentem
3116 1658 3316 1714 habere
3347 1666 3732 1719 constructam,

499 1746 671 1838 incuria
693 1793 811 1850 qum
839 1774 905 1831 ad
928 1746 1130 1828 cultum
1155 1767 1392 1823 divinum
1415 1761 1686 1833 pertinent
1712 1769 1927 1825 semper
1947 1760 2065 1809 erat
2094 1746 2141 1804 B
2168 1769 2222 1815 ει
2244 1759 2424 1815 omnia
2452 1767 2637 1828 param
2660 1769 2777 1824 quae
2808 1753 2873 1807 ad
2897 1751 3288 1821 susceptionem
3314 1756 3368 1802 et
3394 1747 3594 1802 ευιιυιη
3632 1747 3736 1800 ιη-

500 1876 723 1926 intenta.
756 1864 1188 1934 Quotiescunque
1244 1872 1275 1909 a
1324 1854 1467 1909 curis
1507 1847 1858 1904 saecularibus
1886 1844 2061 1916 (quas,
2163 1849 2397 1918 jusmodi
2434 1861 2611 1901 rerum
2642 1860 2768 1899 usus
2796 1843 3065 1912 exposcit;
3094 1855 3268 1908 neque
3294 1837 3492 1906 aliquid
3520 1849 3640 1891 esse
3667 1848 3735 1889 ει

500 1968 651 2031 prout
676 1944 931 2028 possibile
960 1958 1097 2014 erat,
1134 1956 1245 2002 toto
1272 1945 1393 2000 nisu
1433 1936 1759 2008 declinabat)
1787 1935 1924 1990 liber
1949 1948 2069 1989 esse

501 2025 927 2120 portriittebatur,
964 2048 1057 2095 aut
1105 2038 1238 2092 alios
1286 2035 1457 2089 sacris
1510 2029 1705 2084 litteris
1746 2025 2068 2089 instruebat,

501 2151 592 2194 ant
618 2140 666 2192 in
696 2135 918 2207 legendo
939 2132 1020 2188 vel
1042 2124 1518 2188 dictandodivinis
1548 2120 1841 2189 Scripturis
1877 2125 2072 2173 semet-

504 2233 672 2299 ipsum
698 2225 973 2297 pascebat.
999 2223 1143 2276 inter
1164 2220 1280 2273 lucc
1302 2224 1357 2271 et
1382 2215 1488 2268 alia
1510 2213 1705 2283 quibus
1731 2210 1786 2298 in
1808 2210 2069 2272 oratione,

505 2289 715 2390 vigiliis
747 2326 802 2370 ct
848 2312 1197 2375 abstinentia,
1240 2308 1555 2375 ueterisque
1601 2289 1860 2357 virtutum
1908 2300 2073 2355 titulis

503 2389 727 2467 formam
763 2423 820 2462 sc
864 2406 967 2462 sibi
1012 2403 1241 2459 subditis
1268 2397 1561 2470 praebebat,
1614 2391 2003 2449 monasterium
2040 2389 2067 2429 ἀ

504 2512 675 2560 totum
712 2501 957 2557 domibus
995 2497 1195 2567 apertis
1238 2492 1443 2566 [Forte,
1470 2490 1630 2562 aptis]
1659 2497 1715 2545 et
1758 2486 2075 2546 habitaculis

504 2590 924 2664 coztgruentibus
973 2581 1280 2648 exstruxit;
1320 2591 1376 2637 et
1423 2580 1708 2636 ecclesiam
1756 2593 1823 2635 ex
1868 2578 2075 2633 diverso

506 2682 842 2741 metallorum
866 2679 1334 2750 pretiosarumque
1364 2674 1593 2728 vestium
1630 2684 1827 2743 genere
1850 2669 2074 2740 pulchra

510 2774 771 2828 varietate
801 2768 1094 2824 decoravit.
1128 2766 1231 2820 Per
1270 2764 1434 2818 cellas
1456 2776 1667 2831 quoque
1715 2762 1939 2815 fratrum
1974 2759 2075 2814 sibi

508 2862 922 2919 commissorum
951 2866 1005 2914 et
1029 2872 1127 2928 per
1150 2855 1253 2911 alia
1281 2853 1398 2909 loca
1421 2852 1589 2907 multa
1617 2850 1684 2904 ad
1711 2864 1769 2904 se
1798 2847 2075 2918 pertinen-

511 2956 607 3019 tia,
648 2952 701 3006 in
727 2949 921 3021 quibus
964 2947 1115 3018 prius
1145 2956 1249 3001 non
1293 2951 1471 3009 erant,
1503 2940 1764 2998 ecclesias
1790 2955 1913 2995 cum
1958 2954 2077 3009 per-

514 3043 769 3098 missione
797 3039 1033 3111 episcopi
1064 3039 1148 3093 sui
1186 3033 1488 3091 construxit
1514 3051 1527 3086 :
1551 3047 1687 3102 quas
1716 3028 1955 3085 collectis
1981 3044 2077 3082 un-

515 3090 768 3098 """"'"“
802 3090 1033 3111 ‘l'""r'
1066 3090 1147 3093 ""
1200 3090 1237 3091 ”
1570 3090 1585 3102 ι

515 3135 794 3200 decunque
842 3138 1148 3186 sanctorum
1204 3125 1464 3195 reliquiis,
1524 3137 1709 3177 eorum
1763 3120 1976 3175 nomine
2023 3129 2078 3173 et
2105 3090 2149 3151 Ο

517 3225 722 3279 honore
742 3219 1049 3278 consecrari
1088 3217 1233 3274 fecit.

590 3334 644 3390 ϐ.
684 3333 852 3388 Erant
896 3332 1058 3385 etiam
1106 3344 1203 3399 per
1249 3327 1489 3382 diversas
1541 3322 1848 3395 provincias
1883 3320 2082 3391 praedia

518 3425 847 3482 monasterio
895 3420 1250 3495 subiacentia,
1292 3416 1496 3488 partim
1542 3429 1611 3471 ex
1664 3414 2082 3489 donis‘rcgum,

521 3515 716 3587 partim
738 3529 802 3571 ex
830 3510 1155 3567 liberalitate
1180 3506 1441 3562 fidelium‘
1469 3518 1843 3576 personarum,
1868 3509 2086 3570 propter

420 3653 428 3665 .
512 3616 767 3659 amorem
794 3601 890 3655 Dei
921 3607 976 3654 et
998 3596 1397 3654 venerationem
1424 3592 1595 3649 sancti
1628 3591 1879 3663 martyris
1923 3588 2085 3643 Boni-

529 3692 654 3748 facii
682 3684 808 3745 illuc
854 3688 1045 3744 collata
1072 3704 1085 3739 :
1113 3699 1342 3755 quorum
1371 3683 1475 3737 alia
1499 3682 1715 3752 quidem
1751 3694 1847 3751 per
1883 3678 2090 3733 villicos

526 3780 815 3844 ordinavit,
845 3778 950 3833 alia
977 3791 1126 3841 vero,
1155 3761 1211 3829 et
1236 3772 1469 3828 maxime
1492 3769 1585 3825 illa
1614 3770 1668 3824 in
1697 3769 1891 3837 quibus
1921 3766 2091 3822 eccle-

533 3877 627 3932 siae
651 3872 881 3937 fuerant,
930 3866 1262 3941 presbyteris
1291 3874 1314 3904 ο
1335 3862 1669 3934 prowranda
1714 3867 1875 3932 atque
1909 3858 2091 3927 dispo-

533 3964 709 4021 nenda
759 3959 1048 4017 commisit.
1089 3957 1132 4011 E
1169 3955 1384 4026 quibus,
1416 3953 1506 4023 qui
1537 3952 1591 4006 in
1639 3950 1789 4005 Italia
1831 3949 2091 4020 praedium

442 4046 447 4051 ’
520 4052 876 4124 procumbat,
926 4048 1070 4118 quod
1118 4046 1357 4102 Adumar
1379 4034 1648 4111 quondam
1684 4054 1866 4097 comes
1909 4048 2094 4095 sancto

534 4141 808 4199 Bonifacio
838 4138 1081 4201 tradidit,
1122 4135 1339 4192 nomine
1382 4131 1552 4197 Addo,
1590 4130 1713 4186 inde
1750 4130 1980 4195 rediens,
2010 4130 2093 4183 in-

538 4244 618 4288 ter
660 4240 853 4294 caetera
900 4228 1081 4283 retulit
1131 4225 1445 4295 Alabingum
1501 4222 1651 4294 [Al.,
1700 4220 2094 4293 Halabingum]

539 4323 844 4394 quemdam,
876 4326 1148 4390 potentem
1197 4317 1251 4370 in
1280 4315 1430 4369 Italia
1458 4314 1654 4380 virum,
1684 4312 1968 4367 mandasse
2004 4310 2097 4365 ab-
2130 4369 2134 4373 ι

2174 1942 2273 1996 hac
2314 1946 2465 2009 parte
2508 1934 2893 2005 impedimenti,
2916 1932 3043 2003 quin
3079 1929 3517 2001 pollicitationem
3557 1940 3737 1989 suam,

2174 2032 2218 2088 si
2251 2030 2499 2087 voluntas
2527 2042 2634 2082 non
2656 2023 2902 2089 defuerit,
2935 2022 3111 2076 valeat
3138 2019 3378 2089 implere.

2243 2146 2296 2200 7.
2336 2144 2576 2213 Cumque
2620 2138 2891 2211 profectus
2921 2145 3062 2191 esset
3100 2134 3397 2203 presbyter,
3428 2138 3489 2184 ut
3533 2132 3587 2183 in
3630 2127 3737 2213 ita.

2174 2236 2301 2290 liam
2337 2209 2717 2295 reverteretur,
2746 2227 2969 2297 contigit
3010 2233 3070 2279 ut
3095 2224 3312 2294 quidam
3348 2221 3605 2275 diaconus
3632 2209 3741 2270 Ro-

2175 2341 2346 2383 manae
2398 2322 2669 2385 Ecclesiae,
2724 2319 2939 2374 nomine
2999 2314 3278 2369 Deusdona
3326 2310 3345 2349 τ
3368 2351 3383 2375 ,
3422 2308 3630 2363 veniret
3688 2305 3741 2359 in

2175 2415 2482 2479 Franciam,
2516 2411 2692 2482 specie
2723 2409 2935 2479 quidem
2965 2404 3117 2476 quasi
3147 2418 3243 2472 pro
3268 2399 3589 2473 quibusdam
3625 2399 3743 2455 suis

2178 2506 2589 2565 necessitatibus
2640 2504 2780 2574 regis
2814 2515 2967 2572 opem
3014 2496 3424 2567 imploraturus;
3457 2509 3517 2549 re
3555 2500 3740 2547 autem

2134 2636 2139 2641 ι
2176 2616 2301 2657 vera
2328 2606 2635 2655 sanctorum
2662 2608 2795 2663 quas
2821 2606 3001 2649 secum
3040 2586 3271 2644 habebat
3300 2584 3555 2655 reliquias
3580 2582 3745 2639 alieni

2177 2692 2549 2762 religiosorum
2610 2686 2661 2739 in
2712 2683 2939 2737 Francia
2987 2680 3223 2736 virorum
3283 2677 3535 2740 daturus,
3589 2672 3746 2741 cujus

2177 2778 2443 2849 adiutorio
2470 2784 2653 2848 posset
2695 2772 2885 2842 inopia:
2912 2785 3020 2826 sua:
3056 2766 3271 2837 aliquod
3299 2780 3495 2835 capere
3538 2762 3750 2834 supple-
3804 2808 3807 2811 .

2178 2877 2435 2926 mentum.
2484 2862 2831 2919 Transcensis
2861 2860 3021 2930 igitur
3064 2856 3275 2926 Alpium
3298 2854 3464 2924 jugis,
3505 2868 3626 2908 cum
3673 2851 3748 2905 ad

2178 2960 2335 3033 plana
2367 2964 2423 3014 et
2448 2955 2769 3025 campestria
2794 2949 3157 3007 descendisset
3188 2948 3241 3001 in
3270 2945 3465 3001 ﬁnibus
3492 2944 3752 2999 Alaman-

2179 3070 2391 3119 norum,
2441 3051 2591 3107 venit
2641 3048 2705 3101 ad
2755 3044 3041 3116 quamdam
3087 3040 3292 3104 villam,
3348 3053 3469 3108 qua:
3523 3042 3751 3092 vocatur

2180 3128 2509 3205 Kentibruto,
2545 3142 2595 3195 in
2633 3152 2769 3210 pago
2797 3134 3097 3205 Turihgawe
3127 3133 3175 3197 ε,
3204 3130 3293 3185 ubi
3322 3128 3601 3183 ecclesiam
3623 3140 3752 3181 cum

2180 3236 2421 3307 reliquiis
2459 3235 2753 3302 ingressus,
2786 3242 2906 3282 cum
2946 3225 3173 3294 benigne
3221 3236 3251 3276 a
3286 3219 3600 3292 presbytero
3630 3231 3754 3272 sus-

2182 3304 2378 3399 ceptus,
2411 3332 2574 3385 esset,
2635 3320 2779 3375 dedit
2822 3318 2871 3373 ei
2932 3326 3139 3386 partem
3211 3310 3559 3379 reliquiarum
3601 3304 3754 3362 beati

2184 3396 2472 3475 Alexandri
2498 3415 2524 3454 ιι
2558 3410 2808 3481 martyris
2854 3407 2952 3463 sub
2995 3405 3164 3458 altare
3206 3400 3446 3456 ecclesia:
3484 3396 3756 3453 collocan-

2184 3508 2329 3571 dam.
2355 3504 2472 3572 Quo
2498 3501 2663 3567 facto,
2686 3514 2806 3553 mox
2833 3495 3017 3567 quanti
3044 3491 3220 3548 meriti
3251 3489 3389 3559 apud
3418 3488 3587 3542 Deum
3608 3493 3758 3542 esset

2186 3598 2459 3658 miraculis
2513 3591 2915 3650 declarantibus
2962 3587 3128 3656 cmpit
3184 3582 3414 3639 ostendi.
3454 3579 3758 3635 Audientes

2190 3692 2333 3748 enim
2362 3687 2542 3761 populi
2562 3691 2871 3740 sanctorum
2895 3678 3081 3734 allatas
3107 3674 3360 3744 reliquias
3384 3686 3525 3736 esse,
3550 3669 3757 3725 debiles

2190 3792 2245 3840 et
2290 3760 2519 3853 aegrotos
2565 3786 2619 3832 et
2666 3774 2830 3830 variis
2871 3763 3221 3826 incommodis
3251 3762 3477 3819 afﬂictos
3517 3760 3757 3829 undique

2191 3879 2470 3945 coeperunt
2495 3869 2777 3928 adducere,
2810 3862 3089 3918 credentes
3114 3873 3211 3928 per
3241 3856 3514 3935 orationes
3539 3861 3758 3908 sancto-

2195 3940 2308 4018 rum
2337 3959 2616 4031 pristinam
2657 3964 2976 4023 recuperare
3005 3948 3307 4003 sanitatem.
3344 3944 3488 3999 inter
3515 3955 3651 4011 quos
3676 3940 3759 3995 fe-

2194 4054 2337 4109 mina
2367 4050 2627 4122 quaedam,
2657 4044 2927 4101 immundo
2965 4041 3153 4110 spiritu
3178 4051 3443 4108 possessa,
3475 4034 3757 4091 basilicam

2197 4142 2464 4205 introivit:
2502 4150 2728 4206 cumque
2756 4150 2786 4188 a
2826 4133 3137 4204 presbytero
3158 4127 3312 4196 juxta
3354 4139 3557 4180 morem
3575 4122 3761 4179 eccle-

2196 4231 2472 4287 siasticum
2495 4226 2930 4298 ,exorcizaretur,
2976 4235 3073 4289 per
3114 4234 3177 4274 os
3225 4216 3365 4271 illius
3410 4215 3619 4270 dxemon
3670 4227 3763 4268 re»

2197 4321 2425 4392 spondit,
2457 4320 2502 4374 si
2528 4318 2595 4371 ab
2620 4332 2680 4371 ea
2708 4315 2895 4369 fuisset
2922 4312 3145 4382 ejectus,
3176 4308 3357 4362 statim
3395 4307 3450 4360 in
3488 4304 3632 4361 aliud
3662 4319 3761 4359 vas

611 4447 637 4476 ι
660 4431 798 4487 Huic
827 4447 915 4486 an.
944 4430 1071 4486 Chr.
1112 4428 1235 4499 7_4l,
1269 4442 1299 4481 a
1341 4434 1515 4499 morte
1550 4423 1722 4499 patris
1759 4421 1935 4499 Caroli
1963 4422 2100 4499 ζεπ-
2126 4436 2178 4494 1)
2204 4428 2444 4499 reliquiis
2468 4419 3249 4499 tractandisesportandisque
3290 4414 3559 4499 solertiam
3602 4421 3763 4499 vetes

542 4502 651 4561 telli
678 4502 843 4557 cessit
868 4499 1094 4555 Francia
1117 4490 1420 4557 Orientalis,
1448 4490 1569 4549 cum
1612 4491 1928 4561 Thuringia,
1968 4490 2100 4545 Sue-

506 4579 513 4583 '
542 4575 651 4638 via,
688 4572 800 4627 sive
836 4569 1134 4632 Alamania,
1180 4567 1384 4638 relictis
1411 4563 1635 4638 Pippino
1669 4561 1822 4615 fratri
1857 4561 2101 4638 Burgun-

545 4630 653 4707 dia,
691 4639 987 4701 Provincia,
1022 4630 1285 4691 Neustria.
1321 4630 1603 4707 Annon]
1632 4630 1997 4707 monasticum
2024 4630 2102 4683 in-

545 4699 793 4778 stitutum
822 4699 1117 4778 amplexus,
1146 4707 1313 4778 vitam
1341 4709 1525 4778 sancte
1556 4701 1746 4754 finivit.
1787 4699 1951 4778 bona.

623 4782 651 4821 δ
675 4765 967 4840 Potestate,
1004 4765 1114 4831 non
1135 4775 1293 4829 titulo
1324 4788 1418 4828 rex
1454 4771 1585 4825 fuit:
1610 4784 1769 4839 quem
1799 4768 1967 4840 frater
1991 4765 2107 4834 eius

548 4850 825 4920 Pippinus,
851 4837 1150 4920 Cbilderico
1174 4837 1896 4920 Merovingorpm_postremo
1918 4837 1973 4890 in
1994 4850 2109 4920 mg-

554 4903 844 4972 na's'terium
871 4916 1105 4975 detruso.
1137 4903 1458 4967 auctoritate
1484 4910 1554 4964 S.
1590 4903 1864 4963 Zachariae
1889 4903 2107 4974 pontiﬁ-

554 4989 651 5051 cis,
676 4987 903 5041 obtinuit
929 5000 1053 5039 ann.
1085 4982 1279 5039 Christi
1300 4981 1429 5051 7752.
1459 4979 1534 5033 lu.

627 5044 893 5108 c'Przei‘uit
931 5053 1183 5108 Ecclesia:
1215 5069 1243 5105 a
1284 5050 1317 5105 6
1365 5048 1614 5104 Decemb.
1650 5046 1775 5100 anni
1823 5044 1915 5097 741
1949 5045 2016 5099 ad
2047 5044 2110 5098 15

563 5124 734 5178 Martii
768 5124 889 5177 anui
916 5123 1039 5184 752,
1063 5137 1169 5190 quo
1203 5122 1289 5176 die
1312 5117 1631 5190 colitu_r.‘in.

627 5194 652 5231 ἀ
682 5193 958 5262 Legendus
1008 5185 1302 5262 Browerus
1331 5190 1403 5262 de
1440 5186 1625 5262 _Fuld._‘
1648 5185 1851 5262 Aulim,

562 5277 703 5343 tuum
730 5254 847 5331 cap.
872 5260 904 5314 ’5
930 5268 985 5313 et
1065 5260 1226 5343 lib.nl,
1255 5259 1345 5343 ubi
1373 5256 1661 5324 primordia
1703 5254 1907 5307 fundati
1936 5254 2109 5305 omnli-

564 5466 670 5534 jam
703 5477 812 5520 tum
840 5460 1192 5534 appellabant,
1231 5464 1554 5534 iufra_r_ium.
1588 5460 1668 5514 i5.
1708 5460 1838 5512 llinc
1864 5460 2111 5526 ιπιιτιιιεκι-

574 5548 807 5589 turarnm
832 5531 1147 5605 (tit’vocant)
1175 5534 1344 5605 origo.
1381 5531 1516 5605 illis.

647 5604 662 5641 ί
694 5608 763 5658 De
796 5594 1093 5664 Deusdona,
1130 5594 1365 5667 ejusque
1408 5596 1654 5667 familiari
1672 5596 1994 5667 _$abbatino,
2037 5594 2106 5667 ita

580 5674 852 5728 Browcrus
878 5671 912 5725 l.
943 5686 998 5725 ιιι
1019 5663 1184 5725 Ριιιιίί
1204 5663 1406 5738 Alitiq.,
1427 5682 1474 5720 c.
1494 5666 1592 5719 i3:
1618 5683 1635 5716 ι
1671 5664 1953 5732 Utriusque
1976 5671 2032 5714 ut
2055 5663 2105 5713 in

1903 5183 2114 5252 potissi-

2206 4513 2292 4553 res
2322 4490 2640 4569 approbent,
2683 4492 2786 4547 laeti
2828 4492 2962 4545 forte
3002 4503 3177 4543 rerum
3220 4499 3495 4569 successu,
3543 4498 3638 4539 eos
3676 4490 3763 4537 ta-‘

2206 4580 2326 4638 men
2361 4554 2427 4619 in
2484 4580 2541 4620 re
2591 4554 2698 4621 tam
2732 4575 2922 4638 sacra,
2963 4572 3135 4638 neque
3176 4556 3375 4638 optima
3411 4554 3539 4638 fide,
3584 4566 3760 4634 neque

2208 4634 2632 4714 castoycrsatos,
2653 4632 2745 4714 qui
2771 4622 3130 4714 Eginhardum
3162 4622 3373 4714 adierit,
3408 4622 3563 4704 facile
3570 4623 3760 4714 Aqui-vis.

2209 4705 2485 4775 intelliget.
2519 4690 2630 4757 Sed
2652 4690 3179 4775 iidemfnihilomiuus
3216 4693 3471 4775 prasclare
3508 4690 3761 4746 industrii

2211 4762 2453 4829 bomin‘és
2488 4785 2705 4842 operam
2739 4768 3046 4842 itidem__bic
3076 4762 3547 4842 Baba’noimpigre
3594 4776 3761 4842 nava-

2212 4852 2358 4908 runt,
2385 4830 2629 4913 quod'er
2646 4836 3143 4913 Rudolii_H_istorial
3172 4830 3512 4913 manifestum
3539 4830 3717 4911 evadit
3739 4841 3785 4893 ς’

2248 4901 2371 4967 nam
2406 4901 2663 5033 quisquis
2699 4923 2819 4964 cum
2859 4904 3149 4983 Egiuhardi
3192 4901 3587 4958 Commentario
3632 4912 3763 4953 con-

2248 4997 2355 5033 :rre
2381 4996 2446 5033 vo
2470 4989 2607 5033 uerit
2635 4987 2816 5033 mutua
2851 4990 3012 5033 onera
3047 4987 3303 5033 majorem
3331 4970 3474 5024 illico
3510 4969 3763 5033 utrinque

2235 4969 2355 5036 isrre
2381 4969 2607 5035 voluerit
2635 4987 2816 5033 mutua
2851 4969 3012 5046 opera
3047 4971 3303 5046 majorem
3331 4970 3474 5024 illico
3510 4969 3765 5037 utrinque

2216 5052 2383 5104 facem
2410 5051 2637 5103 allucere
2665 5048 2764 5102 sibi
2794 5042 3001 5101 sentiet.
3039 5063 3055 5093 ι
3088 5042 3248 5095 Βυιιη

2288 5129 2311 5166 8
2337 5120 2616 5173 Brovrerus
2641 5158 2657 5181 ,
2705 5116 3017 5184 Zurichgaw
3042 5152 3055 5174 ,
3116 5114 3505 5184 adnotatquei
3547 5124 3565 5157 ι
3610 5105 3759 5184 Thu-

2218 5189 2453 5253 ribgave,
2496 5176 2710 5253 Tuigaw
2738 5184 2821 5239 vel
2850 5176 3095 5253 Durgovv,
3145 5188 3303 5253 notus
3341 5176 3422 5253 ih__
3443 5176 3763 5253 Alemannia

2219 5268 2273 5311 et
2304 5244 2497 5311 finibus
2520 5244 2880 5309 Helvetiorum
2910 5244 3130 5314 tractus,
3169 5270 3185 5301 ι
3219 5250 3357 5303 inter
3385 5244 3759 5301 Constantiam

2218 5336 2271 5379 ct
2301 5326 2573 5394 Tigurum.
2595 5324 2669 5377 lo.

2288 5397 2313 5434 ιι
2346 5383 2483 5447 Infra
2528 5410 2579 5445 n.
2614 5393 2679 5445 li
2721 5408 2855 5460 papa
2894 5388 3228 5460 dicitur,_u_t_i
3259 5386 3418 5460 etiam
3463 5400 3492 5439 a
3538 5383 3764 5460 Rabano

2216 5461 2592 5530 pocmategl09
2625 5451 3099 5530 etr'ii'7.A_Colitur
3120 5458 3153 5509 3
3174 5456 3313 5530 biaii.
3340 5453 3535 5530 _Caput
3561 5451 3761 5530 .ejusma

2217 5519 2393 5585 Leone
2428 5529 2492 5583 ιν
2533 5530 2585 5581 in
2623 5528 2816 5581 Urbem
2864 5527 3065 5579 illatum
3093 5522 3280 5579 scribit
3324 5519 3645 5575 Anastasius
3676 5519 3766 5572 Bi-

2212 5599 2609 5654 bliothecarius.
2641 5596 2714 5648 In.
