3940 6340
156 344 219 399 με
816 400 817 403 η
1077 349 1082 354 ’
1182 392 1188 398 ι
1503 328 1690 385 PROLI

1799 330 2029 387 )MENA.
3030 404 3034 408 ,
3305 336 3374 394 ιε

157 457 286 528 quod
310 452 404 508 sibi
435 439 486 505 in
516 449 699 504 eadem
726 446 939 518 regione
966 445 1278 501 concessam
1306 453 1464 507 esset,
1496 443 1699 513 ingredi
1731 448 1777 505 Λ
1806 444 1968 497 simili
1999 445 2390 522 inhumanitate
2436 456 2779 504 contraxerat
2815 450 3006 516 rebus,
3049 452 3116 506 ad
3158 454 3373 524 propria

158 547 363 603 deberet
395 539 764 606 :_0thm‘arum
819 540 1144 608 quemdam,
1198 549 1356 604 quem
1409 534 1704 588 intraturus

156 647 304 703 esset,
342 650 407 689 ex
451 634 669 688 nomine
702 631 1017 702 designans.
1069 630 1147 683 Ad
1195 644 1352 698 quem
1380 619 1702 700 presbyter,

156 730 270 800 quia
310 724 414 784 non
454 724 641 797 procul
688 722 982 787 habitabat,
1013 736 1136 776 mox
1182 720 1425 775 nuntium
1464 720 1701 784 mittens,

151 822 300 891 jussit
320 829 395 880 ut.
412 816 751 874 confessione
771 813 933 879 facta,
960 820 1302 884 peccatorum
1325 810 1702 881 paenitentiam

156 918 341 981 ageret,
370 924 438 962 ηδε
464 905 604 962 forte
632 902 927 958 facinorum
954 917 1172 956 suorum
1205 901 1399 955 merito
1430 898 1581 954 fieret
1602 899 1703 953 ini—

155 999 268 1053 mici
310 1008 354 1049 ι.
397 994 499 1059 Qui
531 992 829 1063 praeceptis
877 990 1133 1045 obediens
1184 989 1250 1043 ad
1308 988 1701 1061 paenitentiam,

153 1102 302 1156 quam
336 1082 579 1141 diabolus
619 1096 831 1152 semper
879 1088 1180 1144 aversatur,
1212 1087 1321 1134 tota
1368 1086 1547 1135 mente
1577 1092 1704 1134 con-

152 1176 375 1246 fugiens,
424 1173 642 1227 insidias
686 1172 859 1226 evasit
908 1171 1107 1226 inimici
1138 1171 1379 1226 :dasmon
1426 1185 1554 1226 vero
1609 1186 1706 1241 per

151 1264 389 1316 virtutem
422 1260 591 1315 sancti
622 1259 876 1329 martyris
917 1259 1033 1329 ipsa
1073 1260 1157 1313 die
1184 1258 1403 1326 ejectus,
1449 1258 1701 1313 feminam

150 1368 301 1423 quam
322 1353 539 1407 tenebat
564 1366 706 1406 sana:
729 1352 924 1405 mentis
953 1359 1006 1405 et
1041 1350 1358 1404 incolumem
1392 1350 1629 1420 reliquit.

212 1444 261 1499 8.
301 1442 703 1515 ltem‘quzedam
748 1440 967 1503 femina,
995 1439 1255 1493 orationis
1280 1454 1441 1493 causa
1483 1439 1703 1493 veniens

150 1534 209 1587 ad
240 1533 491 1603 reliquias
516 1532 709 1597 sancti,
733 1532 865 1587 duas
895 1531 1109 1585 inaures
1138 1546 1329 1585 aureas
1354 1546 1452 1600 pro
1482 1545 1704 1586 munere

148 1627 333 1681 obtulit
358 1626 426 1681 ad
448 1626 616 1681 altare
646 1643 659 1679 :
683 1639 818 1694 quas
841 1624 1052 1688 ancilla,
1079 1638 1196 1692 quae
1222 1624 1275 1677 in
1304 1622 1420 1692 ejus
1444 1616 1702 1693 obsequio

147 1727 271 1781 erat,
302 1732 463 1787 super
502 1716 671 1773 altare
712 1718 915 1786 positas
961 1716 1364 1785 concupiscens,
1400 1730 1521 1769 cum
1564 1708 1704 1769 inter

1805 533 1981 587 redire
2010 534 2215 600 volens,
2247 537 2421 590 subita
2452 552 2741 592 nervorum
2776 538 2971 593 duritia
3007 541 3077 594 ita
3108 540 3372 612 deriguit.

1805 635 1865 680 ut
1911 628 1976 680 de
2019 626 2137 681 loco
2180 629 2233 682 in
2282 640 2389 698 quo
2433 620 2547 683 erat
2600 630 2705 683 ullo
2746 646 2805 687 se
2842 632 3127 687 conamine
3157 641 3399 687 movero‘

1804 732 1909 771 non
1936 727 2147 787 posset;
2172 722 2457 791 stabatque
2479 721 2828 790 stupefactus,
2855 739 2918 777 ac
2944 736 3142 792 pavore
3165 723 3373 794 percul-

1803 820 1895 859 sus
1942 807 2184 875 cogitare
2232 809 2398 879 cmpit
2445 810 2586 865 unde
2625 812 2672 864 ei
2707 811 2837 864 tanti
2872 812 2996 865 mali
3034 813 3373 883 contingeret

1802 895 2232 950 casus.'l‘audem
2263 907 2551 977 accusante
2571 899 2899 954 conscientia
2928 900 2977 953 in
3008 915 3066 953 se
3100 915 3368 960 reversus,

1803 984 1979 1039 scelus
2024 988 2166 1056 quod
2207 989 2553 1044 commiserat
2589 990 2954 1060 recognoscit;
2996 992 3374 1061 commissique

1803 1074 2093 1143 paenitens,
2123 1077 2190 1132 ad
2220 1079 2392 1141 sancti
2424 1078 2698 1149 reliquias,
2728 1096 2845 1151 qua:
2864 1080 2976 1151 jam
3013 1090 3136 1135 tunc
3159 1082 3226 1135 ab
3258 1096 3375 1134 om-

1776 1164 1964 1219 nibus
2006 1165 2119 1221 fere
2163 1168 2397 1236 regionis
2436 1168 2578 1222 illius
2627 1170 2818 1226 incolis
2852 1171 3112 1241 religiosa
3149 1178 3375 1227 venera—

1802 1255 1949 1311 tione
1977 1255 2478 1326 frequentabantur,
2511 1274 2609 1329 pro
2638 1260 2976 1320 absolutione
3006 1277 3100 1316 sua
3126 1261 3203 1315 ire
3232 1260 3374 1317 desi-

1804 1346 1985 1410 derat;
2014 1350 2305 1418 statimque
2328 1351 2507 1405 divina
2532 1352 2879 1407 miseratione
2905 1354 3181 1423 gradiendi
3207 1351 3376 1408 facul-

1804 1444 1968 1491 tatem
2000 1440 2265 1508 recipiens
2301 1441 2687 1517 proﬁciscitur,
2728 1441 3010 1497 ecclesiam
3054 1442 3249 1507 intrat,
3280 1456 3369 1511 pa-

1806 1543 1901 1582 nes
1924 1538 2048 1584 ante
2069 1529 2241 1584 altare
2261 1546 2382 1584 cum
2407 1531 2623 1601 publica.
2650 1532 2905 1587 facinoris
2931 1533 3011 1586 sui
3035 1531 3375 1587 confessione

1804 1617 2042 1686 deponit.
2090 1619 2236 1684 Quos
2292 1628 2351 1674 ut
2401 1622 2656 1676 mulieres
2702 1633 3049 1692 receperunt,
3105 1624 3372 1695 integram

1808 1709 2089 1764 sanitatem
2130 1710 2383 1779 adeptus,
2426 1714 2643 1767 domum
2690 1730 2841 1768 suam
2885 1731 3007 1769 cum
3053 1716 3248 1786 gaudio
3282 1730 3371 1770 re—

147 1820 357 1866 ca'teras
394 1811 647 1866 mulieres
682 1826 802 1880 quas
848 1809 1179 1864 advenerant
1223 1808 1450 1864 orationi
1496 1808 1701 1863 incum-
1732 1785 1776 1843 Β
1804 1802 2012 1871 petivit.

145 1905 305 1967 beret,
345 1902 553 1972 optavit
594 1904 646 1958 in
679 1902 840 1958 corde
884 1916 983 1956 suo
1010 1909 1068 1955 ut
1102 1914 1194 1955 eas
1219 1916 1339 1954 cum
1364 1898 1573 1968 justitia
1616 1915 1700 1967 re-

146 1994 376 2063 demptas
403 1993 603 2048 habere
627 1992 909 2063 potuisset.
934 1990 1174 2061 Cumque
1200 1990 1341 2045 inter
1366 1989 1626 2045 orandum
1649 1989 1701 2043 id

146 2083 313 2137 animo
360 2083 647 2147 volutaret,
691 2096 813 2135 mox
857 2080 1050 2135 mirum
1100 2080 1154 2134 in
1201 2079 1437 2143 modum,
1469 2078 1588 2133 aliis
1632 2078 1699 2131 ab

143 2172 374 2226 oratione
405 2156 767 2242 surgentibus,
801 2172 913 2241 ipsa
942 2185 1000 2226 se
1030 2171 1237 2240 erigere
1271 2169 1573 2224 nullatenus
1598 2184 1695 2239 po-

144 2265 263 2329 tuit;
292 2264 383 2319 sed
409 2264 507 2330 ita,
538 2273 595 2318 ut
635 2279 798 2333 super
827 2279 998 2335 genua
1031 2277 1125 2317 sua
1155 2262 1385 2317 orationi
1435 2262 1695 2327 incubuit,

140 2356 361 2424 quodam
391 2356 569 2426 rigore
597 2362 868 2410 contracta
896 2355 1206 2425 permansit.
1238 2354 1567 2425 Interrogata
1598 2369 1695 2408 au-

142 2456 239 2501 tem
268 2463 296 2501 a
326 2448 640 2519 presbytero
665 2448 885 2505 causam
913 2446 1143 2516 peccati,
1184 2444 1336 2513 cujus
1365 2446 1557 2499 merito
1589 2453 1695 2499 tan.

138 2540 358 2594 subitam
399 2539 763 2594 membrorum
808 2538 1225 2594 contractionem
1250 2537 1581 2605 pertulisset,
1614 2536 1696 2591 vel

138 2630 256 2699 quid
292 2630 473 2684 animo
501 2638 715 2700 gereret
764 2626 975 2698 quando
1016 2628 1069 2681 in
1105 2628 1348 2682 oratione
1390 2627 1693 2695 procubuit,

137 2720 403 2788 respondit
442 2719 644 2772 nullam
685 2718 785 2773 sibi
836 2717 994 2772 aliam
1042 2718 1272 2772 lzcsionis
1325 2732 1435 2771 suae
1475 2732 1695 2772 causam

138 2809 296 2864 videri
325 2825 488 2879 quam
520 2810 787 2863 inaurium
810 2809 1020 2863 illarum
1051 2808 1559 2877 concupiscentiam.
1595 2806 1691 2863 Cui

134 2898 406 2969 presbyter
434 2917 447 2952 :
476 2900 531 2954 Si
561 2901 752 2965 sancti,
783 2900 972 2970 inquit,
1008 2900 1296 2954 Alexandri
1326 2899 1571 2955 voluntas
1600 2900 1690 2966 sit,

135 2997 184 3039 ut
218 3003 329 3053 eas,
382 2989 523 3044 sicut
552 2989 887 3055 desiderasti,
937 2988 1247 3058 possideas,
1284 3005 1444 3060 surge
1480 2989 1695 3055 etltolle

132 3077 245 3132 illas
269 3072 336 3134 de
363 3079 544 3135 altari.
574 3080 656 3133 Ad
694 3079 844 3148 cujus
868 3095 1053 3135 vocem
1082 3094 1204 3133 mox
1232 3079 1318 3133 illa
1343 3079 1573 3134 sanitate
1604 3094 1690 3134 re-
1724 3111 1768 3167 ο

132 3178 277 3236 cepta
322 3171 581 3237 surrexit,
614 3170 941 3238 linteumque
970 3169 1108 3239 quod
1153 3170 1293 3224 circa
1337 3178 1495 3238 caput
1539 3183 1694 3225 suum

130 3256 309 3310 habuit
354 3260 424 3313 ad
475 3258 644 3312 altare
676 3258 858 3314 volens
887 3258 1099 3323 offerre,
1132 3258 1279 3313 nullo
1309 3258 1592 3314 conamine
1629 3260 1693 3313 de

130 3350 298 3417 capite
325 3351 503 3420 potuit
545 3352 880 3406 abstrahere.
908 3350 1059 3419 Quod
1088 3366 1209 3405 cum
1245 3350 1452 3407 videret
1472 3350 1695 3421 presby-

132 3449 227 3506 ter,
260 3450 315 3495 et
340 3456 407 3496 ex
433 3442 842 3515 recuperatione
883 3442 1130 3497 sanitatis
1170 3440 1506 3512 intelligeret,
1550 3439 1695 3510 puel-

130 3527 190 3582 lae
214 3532 377 3586 etiam
421 3533 640 3587 inaures
677 3546 811 3601 quas
846 3532 1244 3587 desideraverat
1285 3533 1541 3588 divinitus
1575 3547 1693 3589 esse

130 3634 445 3687 concessas,
498 3624 637 3678 datis
690 3624 738 3677 ei
792 3623 1069 3677 inauribus
1108 3623 1219 3677 ait:
1251 3623 1447 3693 Accipe
1499 3640 1693 3678 munus

129 3710 629 3795 quod.desiderasti,
663 3712 821 3781 idque
858 3711 950 3765 tibi
984 3711 1151 3781 gratis
1179 3728 1207 3765 a
1232 3720 1418 3767 sancto
1443 3713 1556 3777 Dei,
1587 3728 1691 3767 non

127 3817 220 3870 pro
252 3804 537 3874 temporali
589 3803 763 3874 pretio
811 3810 1072 3872 cognosce
1112 3818 1227 3858 esse
1276 3804 1546 3858 donatum.
1599 3803 1690 3858 llla

128 3907 250 3947 vero
279 3895 489 3964 gratias
516 3910 679 3964 agens
720 3894 850 3959 Deo,
879 3902 933 3948 et
977 3895 1167 3948 merita
1202 3895 1371 3949 sancti
1401 3894 1690 3949 Alexandri

128 3978 455 4045 glorificans,
504 3980 720 4035 domum
755 3998 877 4037 cum
919 3981 1133 4035 domina
1184 3994 1278 4036 sua
1329 3983 1566 4051 gaudens
1606 3998 1687 4037 re-

128 4085 275 4125 “Bl‘Sﬁ
305 4088 367 4126 es
373 4083 417 4126 ι.
778 4094 781 4095 ⁷

192 4160 241 4213 9.
282 4160 481 4214 Postea
508 4161 734 4231 contigit
760 4161 1020 4230 quasdam
1045 4160 1400 4235 pauperculus
1432 4161 1686 4216 mulieres

122 4249 304 4302 orandi
328 4249 505 4318 gratia
537 4250 603 4304 ad
634 4259 849 4315 sanctas
872 4248 992 4303 illas
1020 4250 1274 4318 reliquias
1294 4248 1482 4304 devota
1508 4259 1687 4304 mente

123 4347 479 4406 preperantes
505 4339 714 4395 venisse
752 4340 819 4395 ad
856 4338 1075 4394 ﬂuvium
1105 4338 1330 4395 Turiseo
1362 4341 1424 4404 h;
1461 4356 1687 4410 cumque

124 4440 223 4480 non
248 4437 476 4496 possent
504 4424 705 4497 absque
742 4428 952 4498 navigio
996 4429 1255 4494 transire,
1288 4444 1387 4483 nec
1426 4430 1687 4483 haberent

123 4519 259 4582 quod
309 4533 413 4586 pro
454 4517 611 4572 naulo
658 4518 876 4579 darent,
923 4516 1050 4589 (non
1091 4518 1233 4571 enim
1279 4518 1357 4572 eis
1386 4526 1540 4571 erant
1580 4518 1683 4572 nisi

84 4646 87 4649 ι
121 4613 356 4682 quinque
403 4620 611 4665 tantum
656 4627 819 4681 panes
861 4613 928 4666 ad
970 4610 1246 4680 viaticum)
1289 4621 1450 4665 nauta
1504 4620 1684 4666 autem

122 4717 240 4756 cum
270 4705 625 4758 vehementer
671 4703 895 4757 instaret
943 4703 1160 4757 naulum
1205 4704 1273 4758 ab
1310 4704 1389 4758 eis
1431 4705 1679 4775 exigens,

123 4795 335 4850 tandem
384 4795 694 4849 obtulerunt
735 4796 785 4849 ei
814 4802 1045 4865 quatuor
1084 4809 1280 4865 panes,
1321 4811 1429 4850 uno
1471 4804 1681 4850 tantum

121 4884 219 4938 sibi
244 4885 318 4940 ob
354 4884 730 4938 necessitatem
765 4884 935 4938 victus
980 4892 1274 4939 reservato.
1302 4881 1405 4938 Sed
1436 4900 1553 4939 cum
1591 4884 1680 4940 ille

119 4973 292 5028 adhuc
337 4987 451 5027 non
493 4974 885 5042 acquievisset,
912 4974 1172 5028 dederunt
1215 4975 1264 5029 ei
1302 4984 1357 5029 et
1396 4976 1640 5044 quintum
1669 5019 1683 5043 ,

119 5063 288 5131 magis
311 5061 574 5130 eligentes
600 5062 666 5115 ad
692 5071 899 5132 tempus
926 5061 1120 5116 famem
1148 5064 1451 5119 moribundi
1487 5080 1681 5135 corpo-

119 5148 192 5204 ris
210 5151 450 5221 perpeti,
474 5165 633 5219 quam
658 5150 919 5204 victuram
941 5158 1199 5219 perpetuo
1227 5151 1457 5204 animam
1483 5160 1681 5206 sanctae

114 5243 386 5296 orationis
408 5239 581 5295 fructu
605 5241 835 5309 privare.
859 5240 1094 5309 Recepto
1116 5250 1295 5294 autem
1315 5242 1501 5309 quinto
1518 5256 1676 5309 pane,

117 5331 170 5382 in
202 5330 440 5383 alteram
474 5330 646 5383 amnis
688 5326 857 5396 ripam
881 5328 1109 5382 feminas
1144 5329 1309 5383 miser
1350 5330 1436 5384 ille
1468 5330 1677 5399 navigio

115 5418 489 5488 transposuit;
522 5419 918 5487 assumptisque
944 5418 1171 5488 panibus
1205 5434 1268 5473 ac
1304 5420 1513 5474 caeteris
1541 5434 1676 5487 quas

181 5560 207 5587 ⁸
220 5548 477 5609 Colven.,
492 5547 723 5610 inimico,
739 5548 886 5615 quasi
902 5561 999 5601 vox
1016 5547 1263 5601 obnoxius
1280 5548 1670 5604 decssetBoct.

181 5619 210 5657 ⁸
252 5615 434 5686 Vulgo
464 5615 592 5674 Tur,
637 5629 671 5686 ag
704 5630 809 5686 quo
837 5624 1037 5670 tractus
1055 5616 1154 5686 ille
1183 5616 1406 5686 Turgow
1436 5620 1671 5671 denomi-

116 5694 299 5747 natus:
324 5683 423 5754 qui
446 5686 636 5739 fluvius
662 5684 710 5737 in
736 5684 971 5736 Rhenum
991 5683 1158 5737 influit
1180 5683 1317 5738 inter
1338 5685 1667 5739 Scafhusiam

1874 1890 1958 1942 l0.
1999 1889 2129 1946 Item
2176 1892 2396 1962 quidam
2443 1896 2509 1949 de
2555 1896 2815 1950 comitatu
2859 1896 3075 1951 Gel-aldi
3123 1896 3371 1962 comitis,

1800 1980 2019 2036 nomine
2048 1980 2462 2054 Peratbgarius,
2502 1985 2642 2041 filius
2667 1987 2992 2050 Theodaldi,
3029 1988 3134 2042 iter
3172 2002 3369 2058 agens,

1800 2086 1922 2125 cum
1960 2072 2194 2127 venisset
2221 2088 2379 2129 secus
2418 2074 2702 2131 ecclesiam
2751 2077 2804 2131 in
2852 2093 2958 2147 qua
3002 2079 3171 2133 sancti
3219 2093 3369 2158 mar-

1806 2156 1939 2232 tj'ris
1970 2164 2158 2232 posita:
2186 2171 2311 2220 sunt
2340 2165 2607 2237 reliquiae,
2642 2177 2697 2222 et
2733 2169 2894 2224 vellet
2934 2171 3244 2241 praeterire,
3279 2155 3374 2225 ad-

1806 2255 2043 2308 monitus
2067 2270 2097 2309 a
2118 2258 2304 2325 puero,
2331 2257 2423 2327 qui
2462 2259 2752 2313 comitatus
2786 2268 2870 2314 est
2900 2276 3043 2324 eum,
3084 2271 3143 2315 ut
3183 2262 3249 2316 ad
3283 2276 3372 2315 sa-

1800 2358 1923 2398 cras
1963 2344 2220 2414 reliquias
2245 2359 2409 2401 causa
2439 2348 2701 2401 orationis
2737 2347 3008 2421 paululum
3041 2350 3367 2413 declinaret,

1800 2435 2081 2506 respondit
2101 2436 2203 2492 sibi
2231 2443 2359 2491 tunc
2387 2438 2603 2506 quidem
2626 2452 2745 2493 esse
2769 2437 3128 2493 festinandum
3153 2426 3378 2509 propter

1799 2525 2120 2596 legationem
2156 2526 2484 2582 dominisui
2528 2529 2914 2598 peragendam,
2962 2539 3199 2599 tempore
3242 2546 3370 2588 vero

1797 2624 2098 2686 opportuno
2128 2617 2195 2671 ad
2228 2617 2530 2673 orationem
2560 2604 2679 2675 esse
2706 2620 3048 2674 veniendum.
3082 2616 3224 2675 [nter
3256 2623 3370 2677 h:ec

1802 2707 1965 2760 verba
2013 2707 2190 2761 subito
2237 2723 2405 2777 equus
2452 2709 2537 2763 cui
2566 2709 2802 2774 sedebat,
2833 2709 3085 2765 invisibili
3126 2713 3367 2781 potentia

1799 2795 1957 2861 ﬁxus;
1985 2798 2162 2852 stabat
2190 2798 2513 2865 immobilis;
2545 2809 2599 2853 ct
2633 2800 2762 2854 licet
2794 2800 3018 2855 nimium
3068 2801 3369 2857 calcaribus

1799 2887 2089 2959 fatigatus,
2122 2889 2268 2943 nullo
2298 2891 2457 2945 modo
2490 2892 2561 2947 ad
2600 2892 2980 2947 ambulandum
3026 2886 3237 2963 poterat
3264 2894 3365 2947 im-

1799 2980 1945 3049 pelli.
1978 2979 2125 3035 Unde
2158 2981 2357 3036 factum
2388 2991 2502 3043 est,
2530 2993 2588 3037 ut
2614 2982 2869 3038 confusus
2909 3001 2972 3039 ac
3016 3000 3214 3054 pavore
3240 3000 3366 3055 per—

1798 3073 2021 3126 territus
2046 3072 2396 3128 descenderet
2415 3074 2482 3129 de
2509 3090 2679 3144 equo;
2712 3084 2766 3128 et
2790 3077 2929 3143 quod
2953 3077 3098 3145 prius
3120 3076 3368 3146 equitan-

1799 3161 1867 3215 do
1902 3160 2080 3216 facere
2106 3166 2457 3233 contempsit,
2490 3152 2730 3233 implevit
2756 3166 3097 3221 ambulando.
3122 3166 3367 3221 Perrexit

1786 3255 1962 3325 igitur
1982 3256 2049 3310 ad
2078 3256 2384 3320 ecclesiam,
2409 3266 2463 3310 et
2486 3264 2668 3311 coram
2698 3257 2938 3327 reliquiis
2959 3258 3128 3312 sancti
3157 3266 3362 3329 marty-

1797 3344 1872 3399 ris
1900 3345 2109 3414 expleta
2136 3346 2448 3415 suppliciter
2471 3347 2736 3413 oratione,
2761 3364 2943 3415 agrum
2964 3347 3103 3416 juris
3134 3349 3237 3413 sui,
3271 3351 3360 3419 qui

1794 3438 2119 3505 possessioni
2155 3438 2398 3493 ecclesia:
2443 3438 2587 3493 illius
2624 3440 2928 3509 centiguus'
2953 3448 3100 3504 erat,
3141 3457 3237 3511 pro
3276 3458 3362 3497 sa-
3412 3454 3421 3463 ‘

1794 3525 1903 3580 lute
1960 3528 2154 3583 anima:
2195 3544 2335 3593 sum,
2379 3528 2602 3584 solemni
2663 3530 2949 3584 donatione
2999 3533 3047 3585 ei
3098 3533 3361 3599 contulit;

1794 3616 1980 3684 sicque
2020 3618 2209 3672 itinere
2247 3633 2345 3672 suo
2368 3657 2383 3682 ,
2423 3633 2529 3685 quo
2564 3619 2760 3673 missus
2783 3618 2974 3681 fuerat,
3009 3621 3178 3677 libero
3200 3630 3360 3678 cursu

1795 3706 2050 3772 perrexit.
2640 3730 2643 3733 ·

1865 3800 1949 3852 ll.
1990 3799 2111 3854 Alio
2142 3816 2354 3871 quoque
2395 3814 2633 3872 tempore
2673 3804 2899 3873 contigit
2940 3814 2998 3857 ut
3030 3805 3111 3859 vir
3142 3805 3357 3875 quidam

1794 3890 1860 3944 de
1884 3890 2238 3945 orientalibus
2266 3890 2599 3946 Alamannis:
2623 3893 2865 3962 partibus
2884 3935 2897 3957 ,
2932 3910 3054 3948 cum
3091 3894 3357 3949 sociorum

1792 3989 2009 4035 Suarum
2038 3984 2295 4036 comitatu
2345 3998 2450 4038 non
2500 3986 2736 4047 modico,
2788 4001 2947 4039 causa
2985 3987 3243 4040 orationis
3289 3986 3356 4039 ad

1789 4071 2074 4138 praedictas
2108 4072 2364 4141 reliquias
2388 4074 2613 4138 veniret,
2646 4082 2867 4143 portans
2909 4090 3088 4128 secum
3132 4076 3353 4129 donaria

1791 4159 1857 4211 ad
1887 4161 2184 4213 sacrarium
2210 4162 2421 4215 Domini
2452 4160 2741 4216 offerenda.
2769 4162 2897 4229 Qum
2936 4179 3055 4217 cum
3089 4164 3355 4234 posuisset

1789 4248 1961 4317 super
1981 4250 2180 4315 altare,
2208 4252 2453 4320 protinus
2490 4252 2668 4322 elapsa
2700 4254 2751 4309 in
2784 4263 2979 4308 terram
3008 4248 3347 4319 ceciderunt;

1789 4340 2095 4411 factumque
2122 4350 2225 4406 est,
2255 4350 2315 4396 ut
2344 4343 2503 4397 tertio
2533 4345 2884 4412 superposita,
2912 4344 3259 4400 nihilominus
3299 4345 3351 4398 in

1710 4463 1762 4522 D
1791 4440 1989 4486 terram
2032 4442 2365 4486 corruerent.
2413 4432 2561 4488 Unde
2596 4436 2877 4503 presbyter
2915 4434 3212 4504 intelligens
3254 4435 3353 4490 ali-

1792 4523 1917 4592 quid
1946 4523 2121 4577 inesse
2146 4523 2362 4577 latentis
2389 4525 2639 4592 nequitiae
2672 4524 2835 4578 menti
2863 4524 2944 4578 vel
2984 4524 3192 4578 actibus
3220 4524 3346 4579 offe-

1791 4613 1978 4678 rentis,
2013 4615 2089 4665 ait
2116 4613 2166 4666 ei
2188 4621 2245 4667 ut
2269 4628 2364 4667 sua
2387 4613 2619 4678 tolleret,
2644 4622 2699 4666 et
2723 4613 2789 4666 ad
2814 4614 3029 4682 prepria
3053 4624 3345 4678 remearet;

1790 4702 2102 4770 monuitque
2127 4716 2249 4756 eum
2277 4701 2421 4756 circa
2446 4702 2669 4756 salutem
2699 4703 2890 4755 animae
2928 4717 3037 4755 sua:
3080 4716 3197 4756 esse
3241 4702 3346 4757 sol-

1789 4792 1991 4847 licitum
2015 4832 2029 4857 ,
2067 4806 2132 4845 ac
2168 4806 2301 4861 pura
2341 4789 2677 4846 confessione
2713 4800 2767 4843 et
2806 4790 2978 4859 dignis
3017 4790 3345 4858 poenitentia:

1786 4881 2050 4937 fructibus
2083 4882 2464 4936 conscientiam
2501 4893 2649 4933 suam
2687 4880 2973 4943 mundare,
3006 4894 3113 4947 quo
3139 4880 3342 4934 oratio-

1785 4989 1882 5030 nes
1916 4976 2033 5042 ejus
2069 4982 2125 5029 et
2172 4987 2392 5027 munera
2434 4971 2684 5039 deinceps
2728 4970 3177 5041 Dcopotuissent
3222 4986 3342 5026 esse

1782 5064 2083 5134 placabilia.
2144 5084 2150 5092 ι

1852 5156 1937 5209 l2.
1975 5156 2102 5208 Erat
2120 5155 2203 5207 vir
2228 5155 2446 5223 quidam
2475 5154 2529 5208 in
2556 5153 2742 5209 eadem
2765 5153 3000 5223 regione,
3033 5152 3338 5223 Sigibaldus

1780 5248 2013 5311 nomine,
2048 5263 2112 5301 ex
2135 5246 2286 5313 cujus
2312 5247 2483 5301 servis
2517 5246 2655 5299 inter
2678 5254 2901 5299 caateras
2938 5244 3332 5307 multitudines,

1780 5350 1899 5403 qua:
1929 5335 1995 5388 ad
2018 5334 2281 5389 orandum
2305 5334 2660 5397 conﬂuebant,
2689 5350 2825 5387 unus
2844 5332 2907 5386 ad
2934 5333 3217 5387 ecclesiam
3248 5349 3340 5385 ve-

1780 5423 1889 5488 nit,
1925 5430 2309 5491 susceptusque
2348 5438 2377 5475 a
2408 5438 2663 5493 germano
2698 5438 2795 5477 suo
2820 5422 3055 5483 eiusdem
3096 5420 3336 5475 ecclesias

1775 5563 1830 5606 et
1852 5552 2233 5614 Rhinfeldiam,
2255 5567 2318 5607 ex
2343 5569 2451 5622 quo
2482 5552 2775 5606 Kentibruti
2802 5563 2925 5607 ante
2955 5552 3234 5606 memorati
3261 5553 3333 5603 si-

1776 5630 1887 5675 tum
1918 5631 2062 5676 recte
2090 5622 2287 5690 colligit
2318 5622 2701 5676 Henschenins.
2734 5622 2866 5675 Mn.
3304 5648 3305 5653 η
