3940 6326
504 352 569 405 47
1610 308 1699 383 λι)
1738 321 1962 380 ornus
2003 320 2061 372 Β.

2203 317 2283 370 BA
2295 314 2354 367 Nl
2396 311 2610 365 mum
3671 294 3735 346 43

503 477 678 523 servo,
708 456 847 527 apud
878 467 1000 508 eum
1025 450 1212 504 diebus
1238 445 1443 514 aliquot
1475 438 1693 495 mansit.
1724 436 1857 491 Cum
1887 442 2067 486 autem
2100 437 2143 491 Α

505 523 884 610 reverteretur,
914 542 1091 604 subito
1135 541 1188 594 in
1233 537 1426 592 itinere
1461 547 1569 604 quo
1609 527 1955 600 gradiebatur
1977 523 2073 577 ob-

504 643 721 701 niutuit.
748 639 849 707 Qui
876 651 1004 691 vero
1032 648 1157 689 cum
1189 646 1255 685 eo
1284 636 1467 689 erant,
1506 621 1721 691 cognito
1761 615 1901 687 quod
1933 612 2076 669 acci-

508 739 696 800 derat,
744 706 1013 788 duxerunt
1059 726 1209 780 illum
1256 721 1322 777 ad
1372 716 1648 773 dominum
1699 724 1878 773 suum,
1918 706 2076 775 eique

507 796 692 900 gestae
716 823 795 878 rei
831 820 1077 876 ordinem
1115 829 1212 886 per
1244 809 1425 866 omnia
1464 803 1790 876 pandebant.
1816 796 2077 852 Dominus

508 928 637 977 vero
661 916 807 973 servi
834 913 1020 969 statim
1047 923 1169 964 eum
1200 901 1411 959 remisit
1439 898 1506 954 ad
1534 894 1849 955 ecclesiam;
1873 897 1930 944 et
1950 886 2076 957 quia

504 1028 606 1083 per
641 1010 835 1065 merita
873 1002 1041 1060 sancti
1071 996 1328 1068 martyris
1364 989 1566 1048 Christi
1605 990 1924 1054 recuperata
1957 979 2076 1051 pri-

508 1068 650 1158 etina
682 1097 911 1154 sanitate
936 1097 1158 1147 curatus
1183 1093 1298 1150 est,
1331 1080 1554 1138 tradidit
1572 1092 1696 1132 eum
1722 1076 1779 1129 in
1810 1073 1928 1128 loco
1953 1068 2078 1125 reli-

508 1192 758 1261 quiarum
786 1186 901 1256 ejus
929 1173 1187 1253 perpetuo
1208 1174 1559 1232 serviturum.
1584 1166 1750 1222 Multa
1774 1161 1995 1233 quidem
2023 1165 2083 1213 et

466 1256 613 1345 alia
651 1281 705 1337 in
749 1278 940 1334 eodem
966 1273 1087 1331 loco
1115 1269 1372 1326 divinitus
1412 1263 1530 1319 fieri
1565 1256 1825 1317 miracula
1861 1270 1894 1309 a
1933 1266 2080 1327 com-
2125 1285 2131 1297 ι

504 1368 816 1427 metantibus
863 1362 1062 1420 celebri
1107 1371 1360 1415 sermone
1404 1352 1746 1415 nuntiantur,
1792 1360 1915 1417 qua:
1946 1323 2081 1399 huic

505 1460 676 1532 operi,
705 1472 774 1512 ne
799 1454 939 1511 forte
966 1450 1175 1523 prolixa
1202 1445 1444 1503 narratio
1471 1440 1774 1512 legentibus
1804 1432 2080 1491 fastidium

504 1558 810 1625 generaret,
836 1549 1080 1604 inserere
1107 1541 1280 1598 nolui.
1307 1539 1435 1594 Hac
1458 1544 1639 1591 autem
1676 1545 1799 1603 quae
1840 1540 2081 1584 comme-

508 1622 739 1713 moravi,
761 1647 815 1701 in
845 1642 1082 1714 quodam
1107 1634 1285 1713 libello
1307 1632 1432 1688 inde
1460 1628 1621 1683 allato
1644 1622 1886 1693 suscepi,
1916 1627 1972 1674 et
1994 1631 2081 1673 eo-

470 1752 485 1789 λ.
506 1740 631 1796 dem
653 1711 973 1803 ordinequo
1002 1711 1201 1797 scripta
1227 1729 1416 1786 erant,
1446 1720 1572 1774 licet
1595 1731 1703 1771 non
1732 1711 1937 1769 eisdem
1961 1722 2082 1763 ver-

510 1831 627 1895 bis,
668 1826 795 1898 quia
825 1797 974 1879 certa
1009 1832 1129 1875 esse
1154 1815 1499 1875 videbantur,
1542 1805 1741 1863 inserui
1767 1822 1781 1857 :
1813 1809 1874 1856 ut
1895 1814 1965 1854 ex
1992 1797 2079 1852 his
2106 1799 2154 1859 B

514 2012 660 2068 credi
686 2018 743 2066 et
771 2006 973 2063 certius
1000 2001 1217 2057 valeant
1240 1997 1386 2053 sciri.

584 2125 670 2180 l3.
714 2116 1076 2190 Supradictus
1100 2121 1280 2168 autem
1316 2108 1600 2169 diaconus,
1619 2101 1823 2155 itinere
1848 2110 1957 2167 quo
1981 2105 2089 2149 cm-

400 2198 406 2203 ’
432 2206 433 2209 ¹
508 2224 688 2289 perat,
709 2216 766 2272 in
786 2185 1075 2267 iranciam
1097 2216 1121 2245 ι
1149 2201 1318 2265 venit,
1345 2212 1410 2252 ac
1431 2194 1667 2271 primum
1687 2205 1747 2245 se
1768 2188 1836 2243 ad
1858 2185 2088 2244 Einhar—
2142 2222 2146 2226 .

512 2275 639 2368 dum
664 2275 916 2368 contulit,
937 2299 1093 2370 cujus
1114 2309 1278 2365 supra
1296 2287 1630 2346 mentionem
1652 2281 1755 2337 feci
1783 2280 1923 2350 (erat
1945 2275 2090 2332 enim

509 2365 579 2459 ei
607 2365 934 2465 familiaris).
978 2365 1202 2452 Iieinde,
1224 2377 1621 2439 commendatis
1664 2373 1764 2430 sub
1814 2365 2092 2441 signaculo

468 2512 471 2515 '
513 2501 827 2551 sanctorum
855 2481 1131 2554 reliquiis,
1163 2476 1237 2532 ibi
1266 2475 1322 2529 in
1352 2468 1583 2528 ecclesia
1617 2466 1899 2521 beatorum
1945 2472 2092 2513 mar-

513 2549 693 2659 tyrum
718 2549 1016 2635 Marcellini
1037 2579 1093 2628 et
1122 2565 1269 2624 Petri
1302 2557 1724 2624 censervandis,
1764 2549 2091 2623 Moguntiam

512 2644 792 2749 profectus
827 2675 951 2732 est,
981 2663 1076 2720 ubi
1123 2668 1253 2716 tunc
1284 2661 1404 2711 erat
1441 2650 1662 2722 quidam
1708 2644 1992 2716 presbyter
2023 2654 2092 2695 ex

519 2728 798 2822 truonachis
819 2756 1069 2821 nostris,
1115 2749 1330 2806 nomine
1376 2742 1669 2798 Theotmar
1693 2737 1722 2776 ι»
1742 2775 1757 2799 ,
1788 2746 1888 2804 pro
1914 2728 2094 2785 causis

514 2856 836 2931 quibusdam
864 2851 933 2905 ab
956 2847 1150 2921 abbate
1176 2841 1243 2896 ad
1266 2836 1547 2909 Otgarium
1570 2842 1591 2870 ο
1625 2823 2094 2895 archiepiscopum

518 2914 737 3007 missus.
769 2944 820 2999 ls
841 2954 966 2997 cum
987 2914 1273 2993 diaconum
1308 2927 1559 2988 vidisset,
1587 2918 1803 2991 cognito
1829 2914 1974 2986 quod
2003 2927 2092 2967 es-

521 3049 605 3097 set
632 3039 931 3097 Romanus,
963 3022 1315 3101 percontatus
1337 3025 1421 3074 est
1445 3015 1515 3071 ob
1546 3025 1711 3083 quam
1742 3020 1961 3063 causam
1984 3012 2095 3056 tam

518 3132 709 3207 procul
737 3145 768 3183 a
794 3096 983 3198 patria
998 3131 1223 3192 peregre
1254 3119 1398 3168 esset
1436 3106 1747 3181 profectus;
1788 3096 2097 3164 auditisque

522 3185 703 3284 causis
740 3185 1223 3280 iti.neris,‘bortari
1262 3219 1383 3261 eum
1408 3199 1571 3270 erupit
1617 3202 1677 3250 ut
1724 3198 1936 3263 partem
1974 3185 2097 3241 reli-

526 3316 798 3389 quiarum,
828 3320 965 3378 quas
986 3317 1046 3358 se
1070 3301 1271 3356 habere
1300 3291 1582 3350 confessus
1607 3295 1724 3349 est,
1748 3298 1847 3339 suo
1871 3280 2103 3336 donaret

1214 3386 1227 3389 μ
1277 3385 1292 3389 -
1334 3383 1385 3389 --
1483 3381 1498 3389 -
1742 3372 1856 3389 πμ
1896 3366 2099 3389 ,Λη-

525 3366 730 3469 altilia—ti,
756 3366 933 3456 sciens
961 3408 1021 3449 se
1046 3386 1234 3461 procul
1262 3383 1424 3441 dubio
1450 3381 1520 3436 ob
1544 3379 1599 3433 id
1618 3376 1759 3431 bene
1792 3372 1865 3426 ab
1891 3384 1957 3425 eo
1984 3366 2102 3421 fore

526 3489 1004 3554 remunerandum.
1056 3479 1268 3537 Placuit
1320 3475 1548 3530 diacono
1597 3464 1879 3523 suadentis
1924 3458 2104 3516 consi-

526 3590 695 3652 lium;
736 3582 989 3648 factaque
1033 3562 1397 3645 promissione
1444 3559 1650 3618 dimisit
1694 3555 2100 3627 presbyterum,

527 3681 617 3735 die
641 3690 747 3748 qua
772 3682 900 3727 tunc
928 3666 1071 3723 inter
1093 3676 1188 3717 eos
1215 3660 1569 3716 convenerat,
1598 3650 1665 3703 ad
1693 3646 1869 3701 locum
1894 3640 1985 3696 ubi
2020 3652 2104 3693 re-

530 3727 728 3841 liquias
756 3759 1010 3823 dimisit,‘
1028 3753 1241 3811 obviam
1271 3747 1321 3802 ei
1351 3752 1725 3801 reversurum;
1754 3732 1893 3809 etsi
1924 3727 2105 3785 abbati

535 3829 819 3919 conventio
844 3863 1033 3908 eorum
1058 3841 1390 3917 placuisset,
1416 3830 1675 3901 reliquias
1706 3829 2103 3893 suscepturum.

533 3953 626 4009 Ille
654 3957 779 4005 ante
804 3959 928 4000 cum
965 3934 1313 3996 festinatione
1358 3922 1748 3983 monasterium
1796 3922 2104 3976 revertens,

536 4004 768 4118 primum
792 4046 1048 4108 reaponsa
1068 4019 1456 4095 archiepiscopi
1479 4014 1664 4073 retulit
1682 4009 1894 4118 abbati;
1918 4004 2109 4118 demde

539 4095 810 4207 quomodo
852 4095 976 4182 cum
1029 4120 1257 4176 diacono
1297 4112 1364 4169 de
1401 4105 1645 4177 reliquiis
1669 4100 1979 4159 condictum
2008 4095 2107 4150 ba-

541 4187 757 4286 buerat,
783 4212 1070 4274 intimavit.
1098 4207 1305 4277 Quibus
1331 4200 1423 4257 ille
1449 4195 1677 4261 auditis,
1706 4191 1861 4247 valde
1895 4187 2111 4269 gavisus

542 4323 644 4379 est,
673 4312 963 4377 volensque
993 4300 1250 4357 velociter
1291 4288 1528 4362 experiri
1571 4285 1733 4341 fidem
1771 4268 2106 4353 sponsionis,

546 4403 755 4462 remisit
779 4366 924 4459 eum,
944 4400 1000 4449 et
1027 4391 1255 4446 alterum
1281 4396 1402 4439 cum
1427 4393 1493 4435 eo
1521 4372 1895 4448 presbyterum
1915 4384 1981 4424 ex
2005 4366 2112 4421 fra-

2172 429 2310 481 sicut
2341 422 2581 493 promisi,
2608 420 2699 473 scil
2730 418 2890 471 etiam
2916 422 3104 476 totum,
3133 410 3274 481 quod
3298 408 3453 463 modo
3484 407 3651 460 habeo
3672 422 3735 457 ex

2170 519 2445 579 omnibus,
2472 530 2607 583 quas
2638 512 2703 564 ad
2737 512 2883 564 hanc-
2903 516 3105 561 terram
3136 503 3318 567 attuli,
3342 510 3523 555 vestro
3561 498 3737 554 abbati

2172 609 2388 673 offerre,
2409 608 2630 678 ejusque
2656 603 2779 657 fidei
2803 617 2889 655 me
2912 615 3032 653 cum
3056 598 3135 652 eis
3158 596 3360 665 pariter
3379 592 3736 647 committere.
3780 602 3783 605 '

2174 701 2305 755 Erat
2326 707 2506 752 autem
2532 711 2598 749 eo
2630 703 2871 762 tempore
2901 688 3165 744 festivitas
3195 685 3222 726 δ
3248 691 3558 739 sanctorum
3586 696 3744 734 .mar-

2175 800 2355 865 tyrum
2382 786 2676 843 Marcellini
2702 792 2755 839 et
2780 782 2948 847 Petri,
2974 781 3043 835 ad
3061 794 3222 851 quam
3245 777 3372 847 quia
3393 791 3588 846 magna
3612 772 3742 828 mulo

2179 884 2351 938 titudo
2379 880 2562 953 populi
2586 875 2955 939 confluxerat,
2999 880 3056 928 et
3092 872 3351 927 diaconus
3389 854 3647 937 quosdam
3679 879 3746 918 ex

2178 974 2261 1029 eis
2283 971 2423 1042 apud
2452 984 2587 1040 quos
2613 966 2986 1037 hospitabatur
3013 968 3292 1031 suspectos
3325 958 3558 1023 habebat
3589 955 3749 1027 (veri-

2178 1069 2268 1116 tus
2290 1069 2377 1116 est
2399 1058 2575 1118 enim,
2604 1069 2675 1109 ne
2711 1052 2852 1108 forte
2893 1065 3081 1106 eorum
3121 1046 3635 1107 machinationibus,
3663 1042 3749 1096 vel

2180 1148 2387 1214 fraude,
2414 1145 2498 1200 vel
2523 1142 2776 1198 violentia
2805 1138 3059 1210 reliquias
3094 1136 3412 1207 amitteret),
3446 1135 3621 1189 visum
3667 1141 3753 1188 cst

2178 1242 2283 1309 eis,
2305 1255 2412 1296 non
2440 1238 2591 1308 prius
2628 1235 2749 1290 loco
2777 1232 2995 1304 egredi,
3041 1244 3205 1301 quam
3245 1234 3513 1282 transacta
3547 1224 3753 1280 festivi-

2183 1341 2293 1389 tate
2316 1328 2543 1402 populus
2570 1326 2636 1382 ad
2661 1340 2758 1382 sua
2784 1331 3081 1388 remearet;
3109 1321 3475 1388 miseruntque
3493 1319 3559 1371 ad
3586 1315 3754 1369 abba-

2180 1433 2289 1478 tem
2313 1461 2329 1487 ,
2377 1416 2587 1474 diaconi
2631 1414 2957 1471 voluntatem
3007 1411 3359 1466 nuntiantes:
3400 1406 3498 1476 ipsi
3546 1406 3753 1459 interea

2182 1528 2302 1583 quae
2318 1508 2500 1566 itineri
2526 1521 2625 1563 suo
2644 1512 2699 1562 et
2719 1503 3051 1561 subvectioni
3073 1508 3380 1556 sanctarum
3406 1496 3755 1567 reliquiarum

2184 1601 2489 1659 necessaria
2534 1598 2854 1654 videbantur
2893 1607 3083 1663 parare
3118 1591 3398 1648 curabant.
3428 1589 3558 1643 Erat
3586 1588 3755 1642 etiam

2184 1711 2290 1762 non
2314 1689 2505 1765 procul
2540 1690 2610 1745 ab
2647 1689 2728 1743 eis
2764 1686 3068 1759 presbyter,
3100 1699 3239 1739 unus
3264 1696 3331 1736 ex
3370 1680 3627 1735 fratribus
3652 1694 3755 1733 no-

2181 1786 2328 1852 stris,
2357 1783 2576 1839 nomine
2594 1778 2873 1835 Autbadus
2900 1774 3085 1848 [Boll.,
3120 1769 3430 1843 Antbadus]
3447 1812 3463 1837 ,
3490 1767 3755 1840 praeposi-

2188 1884 2275 1930 tus
2304 1873 2545 1928 locorum
2578 1870 2633 1925 in
2674 1869 2781 1923 illis
2822 1866 3070 1937 partibus
3104 1863 3434 1921 monasterio
3477 1858 3760 1929 subiacen-

2188 1970 2345 2032 tium,
2374 1964 2459 2021 cui
2493 1961 2790 2031 iniunctum
2820 1966 2939 2015 erat
2962 1967 3020 2013 ut
3042 1958 3259 2013 statutis
3282 1954 3612 2025 temporibus
3634 1954 3761 2006 inde

2190 2054 2497 2125 necessaria
2527 2052 2785 2107 fratribus
2824 2049 3244 2105 administraret.
3272 2045 3427 2100 Hunc
3454 2051 3765 2107 statuerunt

2190 2147 2448 2205 accersiri
2466 2186 2480 2210 ,
2510 2159 2619 2215 quo
2648 2142 2859 2198 facilius
2887 2142 2939 2196 id
2975 2140 3115 2210 quod
3143 2139 3453 2193 inchoatum
3493 2132 3763 2189 habebant

2189 2250 2244 2297 et
2275 2238 2488 2296 efficere
2530 2232 2916 2299 moliebantur,
2958 2232 3199 2288 fraterno
3233 2229 3469 2297 roborati
3499 2226 3762 2291 consilio,

2191 2331 2417 2402 implere
2440 2316 2764 2405 potuissent.

2262 2422 2351 2477 ﬂ.
2389 2420 2641 2488 Quicum
2664 2416 2929 2481 venisset,
2958 2422 3012 2469 et
3040 2412 3189 2471 finita
3220 2409 3561 2467 solemnitate
3594 2423 3767 2480 popu-

2190 2519 2275 2574 lus
2296 2532 2363 2572 ex
2384 2514 2623 2573 maxima
2647 2518 2802 2582 parte
2831 2508 2944 2577 jam
2975 2505 3313 2570 recessiSset,
3347 2503 3551 2575 paratis
3591 2501 3769 2557 omni-

2191 2609 2295 2664 bus
2342 2620 2464 2678 qua:
2510 2598 2720 2659 itineris
2764 2614 2954 2655 eorum
2990 2611 3121 2652 usus
3154 2596 3487 2665 postulabat,
3530 2591 3768 2649 loculum

2194 2714 2304 2771 quo
2332 2704 2535 2754 sanctae
2560 2692 2801 2762 reliquiae
2823 2698 2980 2751 erant
3006 2688 3297 2743 reconditae
3321 2686 3615 2750 elevantes,
3640 2699 3769 2738 cum

2193 2790 2409 2863 hymnis
2426 2786 2483 2844 et
2506 2786 2752 2842 laudibus
2773 2783 2916 2838 ferre
2937 2786 3235 2850 eruperunt,
3249 2779 3485 2849 undique
3501 2791 3601 2847 per
3622 2775 3770 2829 viam

2194 2881 2586 2941 confluentibus
2608 2877 2819 2950 populis
2837 2916 2852 2940 ,
2877 2882 2933 2930 et
2961 2874 3100 2928 elata
3132 2872 3187 2926 in
3224 2867 3498 2926 excelsum
3525 2879 3657 2922 voce
3683 2864 3773 2919 di—

2195 2974 2561 3047 vinaslaudes
2589 2968 2959 3034 cantantibus;
2991 2982 3055 3021 ac
3077 2965 3155 3020 sic
3184 2964 3289 3019 iter
3324 2976 3510 3017 eorum
3540 2958 3775 3013 Domino

2196 3056 2587 3137 prosperante,
2614 3076 2741 3118 cum
2766 3060 2924 3115 turba
2967 3072 3071 3112 non
3103 3054 3314 3111 modica
3348 3067 3468 3122 quze
3509 3049 3774 3105 feretrum

2121 3142 2168 3205 C
2200 3155 2546 3227 sequebatur,
2595 3151 2683 3208 die
2726 3150 2897 3204 altera
2939 3148 3006 3204 ad
3047 3144 3434 3202 monasterium
3484 3147 3773 3197 venerunt.

2201 3249 2422 3303 Fratres
2451 3253 2631 3301 autem
2660 3248 3017 3300 occurrerunt
3042 3238 3120 3293 eis
3143 3251 3267 3292 cum
3294 3233 3546 3290 crucibus
3580 3246 3645 3286 ac
3683 3245 3779 3285 ce-

2204 3339 2332 3404 reis,
2362 3336 2651 3391 adventum
2675 3347 2860 3389 eorum
2890 3327 3232 3402 pratstolante
3259 3324 3451 3379 abbate
3472 3322 3525 3379 in
3545 3319 3778 3376 ecclesia

2204 3430 2346 3487 beati
2358 3428 2581 3484 Joannis
2593 3426 2848 3497 Baptistae
2864 3434 2911 3488 ο,
2926 3416 3045 3492 quin
3055 3420 3237 3486 eratin
3251 3418 3443 3473 itinere
3464 3432 3549 3480 eo,
3566 3416 3780 3471 distans

2204 3536 2236 3575 a
2252 3516 2585 3575 monasterio
2614 3513 2857 3571 Africum
2875 3524 3066 3568 versus
3097 3508 3251 3579 quasi
3274 3506 3463 3562 stadiis
3486 3519 3697 3560 novem.
3713 3500 3777 3555 In

2204 3624 2369 3683 quam
2393 3608 2569 3681 pridie
2587 3605 2774 3663 Nonas
2792 3602 2936 3659 Junii
2961 3616 3083 3656 cum
3112 3599 3285 3655 Sacris
3304 3596 3544 3667 reliquiis
3565 3595 3782 3648 intran-

2207 3698 2537 3772 tes,populo
2581 3697 2674 3768 qui
2703 3710 2798 3750 eos
2842 3694 2909 3749 de
2946 3690 3174 3746 diversis
3201 3682 3422 3744 veniens
3454 3699 3549 3757 per
3577 3684 3783 3751 saltum

2208 3800 2426 3847 secutus
2470 3798 2586 3853 est,
2631 3794 2688 3840 et
2716 3786 2826 3856 iam
2857 3781 3053 3837 reverti
3082 3780 3313 3844 volebat,
3344 3776 3534 3833 orandi
3560 3790 3626 3831 ac
3653 3781 3783 3829 vota

2208 3880 2452 3937 solvendi
2480 3879 2711 3948 spatium
2756 3875 2977 3930 dabant.
3024 3871 3228 3938 Quibus
3271 3870 3509 3939 peractis
3543 3866 3786 3922 levantes

2209 3977 2478 4040 loculum,
2522 3974 2589 4028 ad
2640 3968 3027 4039 monasterium
3078 3969 3374 4026 venerunt,
3413 3977 3477 4014 ac
3500 3958 3784 4015 basilicam

2210 4070 2355 4127 beati
2378 4064 2639 4122 Bonifacii
2672 4061 2927 4132 martyris
2949 4073 3071 4113 cum
3098 4055 3252 4110 laude
3280 4062 3334 4108 et
3362 4052 3544 4106 lzetitia
3578 4051 3789 4119 ingres-

2211 4164 2288 4227 si,
2318 4160 2473 4230 juxta
2520 4156 2721 4219 alta're,
2751 4154 2804 4207 in
2847 4159 2996 4222 parte
3024 4145 3317 4202 meridiana
3364 4142 3620 4197 feretrum
3658 4156 3786 4195 eum

2213 4255 2383 4310 sacris
2407 4249 2680 4308 cineribus
2713 4251 3025 4316 posuerunt.

2288 4364 2373 4419 15.
2409 4361 2592 4416 Altera
2614 4365 2795 4413 autem
2823 4356 2910 4410 die
2933 4353 3213 4408 Deusdona
3245 4349 3501 4405 diaconus
3520 4386 3536 4410 ,
3578 4352 3631 4399 et
3658 4358 3790 4413 ger—

549 4434 755 4462 Πίιιιιιοιι
779 4434 924 4459 cuna,
945 4434 1000 4449 VI
1027 4434 1153 4446 μςνν.
1169 4434 1255 4442 ..-η
1288 4434 1365 4439 --η
1521 4434 1539 4448 ι
1684 4434 1701 4445 1

549 4495 723 4549 tribus
745 4486 966 4549 nostris,
993 4478 1207 4535 nomine
1228 4468 1539 4527 Artharium
1560 4505 1575 4531 ,
1606 4478 1730 4519 cum
1760 4453 2110 4517 munusculis,
2144 4488 2194 4547 ἰ)
2218 4471 2410 4512 manus
2435 4454 2602 4508 frater
2631 4450 2792 4515 illius,
2822 4447 3040 4503 nomine
3067 4444 3413 4504 Theodorus,
3438 4438 3606 4492 laicus
3623 4476 3638 4501 ,
3674 4434 3792 4505 pri—

551 4588 690 4643 sicut
720 4578 1045 4653 promissum
1068 4577 1203 4629 erat,
1232 4564 1461 4619 diacono
1481 4551 1843 4629 perferendis;
1873 4548 1940 4601 ad
1960 4543 2114 4612 cujus

554 4634 841 4744 hospitium
874 4680 994 4722 cum
1040 4660 1343 4717 venissent,
1387 4649 1573 4706 allatis.
1613 4641 1926 4700 muneribus
1947 4678 1962 4701 ,
1990 4634 2115 4690 reli-

554 4727 708 4838 quias
728 4775 861 4832 quas
886 4756 1207 4827 promiserat
1234 4742 1603 4815 reposcebant.
1632 4736 1769 4791 Tum
1804 4733 1893 4787 ille
1922 4748 1936 4783 :
1965 4727 2115 4783 Deli-

559 4825 828 4916 beratum,
858 4825 1052 4914 inquit,
1082 4841 1254 4894 babco
1290 4834 1566 4889 vobiscum
1592 4828 1797 4899 pariter
1826 4825 1892 4878 ad
1932 4826 2118 4875 mona-

562 4944 784 4999 sterium
818 4911 1104 5007 proficisci,
1123 4936 1178 4979 et
1200 4940 1303 4978 non
1327 4921 1497 4975 solum
1514 4926 1723 4988 partem
1747 4911 2119 4980 reliquiarum,

636 5112 658 5136 ιι
698 5098 981 5150 Browcrus
1027 5088 1320 5142 arlitratur
1357 5084 1497 5136 hunc
1533 5070 1990 5150 essesecundum
2023 5070 2124 5150 ad-

468 5188 471 5190 .
565 5178 781 5224 ventum
814 5137 1297 5225 Densdona:,icujus
1310 5142 1921 5225 _mcr_ninit_l_‘igi_nhar'dus
1941 5140 1996 5219 in
2018 5137 2125 5225 line

570 5207 818 5295 Historia:
862 5207 1229 5285 translationi;
1263 5222 1363 5277 SS.
1398 5207 1692 5295 Marcellini
1718 5222 1772 5265 et
1810 5210 1973 5295 [tetri

573 5324 671 5362 nec
701 5318 870 5359 annus
916 5300 1013 5353 nec
1052 5296 1252 5351 mensis
1278 5289 1619 5362 conveniunt.
1650 5283 1785 5362 Tum
1816 5279 2009 5334 dicitur
2034 5278 2127 5329 atl-

574 5377 785 5430 vcnissc
826 5373 960 5424 circa
991 5352 1007 5417 ἐ
1037 5366 1258 5419 medium
1314 5360 1418 5430 fere
1447 5369 1670 5430 hiemem
1701 5352 2042 5430 Augustum,
2081 5355 2127 5426 et

579 5443 845 5499 Kalendas
876 5415 1218 5505 Septembain
1247 5415 1886 5505 Dentinircm_iI-tcidis‘50,
1907 5433 1995 5496 an.
2028 5415 2130 5505 s'ci-

866 5484 1103 5571 ligni-ii
1122 5484 1278 5571 papa:
1301 5498 1361 5551 lll
1396 5510 1535 5571 anno
1564 5494 1615 5546 3.
1644 5489 1781 5545 Infra
1805 5487 2001 5541 mensis
2028 5484 2132 5538 Ju-

581 5586 697 5637 nius
720 5592 775 5635 et
803 5563 1100 5631 (ιἠηιιέιὶόὅ
1124 5563 1418 5638 signantur.
1442 5563 1605 5638 βοιι..

656 5601 697 5635 ιδ
720 5601 775 5635 Cl
803 5601 970 5631 aruum
1000 5601 1100 5625 θυι)
1124 5601 1388 5638 διδιιηιιιιη
1407 5606 1418 5617 .
1444 5601 1605 5617 υνυς..
1850 5601 1857 5607 .

656 5653 678 5689 ι’
713 5652 759 5704 ls
786 5658 868 5702 est
894 5645 1268 5698 'l'licotinatus,
1305 5634 1529 5704 inferius
1554 5633 1686 5704 item
1710 5627 1954 5704 laudatus
1986 5640 2131 5675 num.

584 5722 681 5786 35;
706 5694 1059 5773 cuivliabanus
1087 5694 1409 5779 nuncupavit
1437 5701 1633 5757 librum
1656 5696 1722 5751 dc
1741 5694 2028 5761 Ordinibus
2048 5706 2134 5745 sa—

2218 4556 2320 4605 mo‘
2334 4560 2488 4602 mane
2516 4558 2636 4598 cum
2658 4540 2853 4594 abbate
2875 4551 2940 4591 ac
2964 4535 3171 4590 duobus
3190 4527 3541 4601 presbyteris,
3557 4516 3793 4594 quorum

2218 4654 2319 4717 ego
2348 4636 2486 4692 alter
2508 4648 2678 4696 eram,
2706 4643 2949 4685 seorsum
2976 4624 3255 4679 basilicam
3283 4617 3531 4689 ingressi,
3555 4613 3793 4673 loculum

2208 4734 2579 4802 aperuerunt,
2608 4732 2661 4779 et
2691 4719 3023 4802 singulorum
3056 4729 3177 4770 ossa
3205 4719 3543 4785 sanctprum,
3569 4708 3709 4760 sicut
3738 4711 3795 4757 tn

2220 4791 2452 4891 pulvinis
2471 4814 2716 4872 semotim
2737 4796 2950 4866 condita
2974 4806 3205 4867 fuerant,
3228 4796 3584 4872 proferemus,
3607 4791 3797 4847 abbati

2220 4887 2485 4969 dederunt
2506 4950 2520 4973 ,
2550 4919 2739 4961 coxam
2772 4900 3016 4956 videlicet
3052 4912 3116 4951 ac
3142 4894 3330 4966 pedem
3366 4889 3539 4947 sancti
3566 4887 3801 4941 Alexan-

2623 5000 2633 5021 \

2227 5059 2852 5186 ωῗῐῗοιὲὲδξίςξίὶιιὶηηὶ
2893 5124 2938 5179 is
2978 5131 3093 5184 est,
3143 5098 3316 5172 factus
3359 5109 3801 5186 archiepiscopus

2230 5179 2850 5259 circa—finemvannib‘lﬁ
2876 5203 2968 5247 aut
3014 5179 3225 5245 initium
3256 5179 3568 5259 sequentis,
3597 5186 3659 5232 ut
3692 5179 3801 5257 ob-

2232 5246 2850 5327 EESZIééEriGEiIiQ
2873 5246 3001 5317 Rer.
3033 5258 3269 5328 Mogunt.
3301 5246 3379 5307 Illi
3421 5250 3675 5328 [tabanus
3713 5246 3803 5327 in:-

2235 5317 2923 5409 grips'it‘fiommentarium
2953 5332 3006 5409 in
3028 5317 3359 5409 §apientiarn
3384 5317 3804 5409 et.Eccl_esia.s-ti-

2472 5385 3151 5477 iibrunifpmnitentialem.
3176 5393 3387 5477 Laudes
3406 5391 3522 5461 ejus
3546 5396 3600 5441 et
3628 5385 3711 5456 cpi
3720 5393 3805 5437 tu-

2236 5464 2423 5552 pl—iiu'm
2447 5464 2733 5552 descripsit
2760 5474 2901 5527 inter
2929 5476 3194 5540 poemata.
3224 5464 3300 5519 lo.

2314 5490 2423 5535 ium
2447 5490 2705 5596 descripsn

2310 5552 2335 5589 εἰ
2382 5545 2609 5601 ἳιιιιιιὶὶ.
2663 5560 2713 5597 n.

2313 5625 2334 5650 ε
2376 5593 2851 5671 ria}{E"éeéiésiam
2899 5608 3011 5677 jam
3056 5605 3161 5660 dici
3202 5598 3526 5665 Johansberg
3580 5593 3806 5647 adnotat

2242 5690 2544 5743 Browerus.
2568 5681 2732 5737 Bona.
