3940 6386
601 389 662 444 S'l
1707 381 1796 434 AD
1831 377 2054 433 OPERA
2094 377 2132 426 Β

2229 373 2437 426 ΑΒΑΝΙ
2478 371 2692 426 MAURI
3744 375 3807 429 52

601 499 819 554 Achillei
862 513 983 552 ossa
1033 495 1329 557 sexdecim,
1379 491 1549 548 sancti
1599 499 1775 545 autem
1813 502 1838 528 ι
1880 486 2152 541 Turturini
2181 489 2226 545 Α
2257 483 2521 546 claudum,
2561 492 2685 537 ante
2729 483 2981 551 reliquias
3027 485 3195 539 sancti
3241 487 3492 556 martyris
3533 488 3730 556 posuit,
3757 498 3807 541 et

599 605 740 653 ossa,
770 596 824 643 et
847 586 1020 641 sancti
1049 586 1076 625 δ
1107 583 1308 639 Stactei
1335 583 1399 637 de
1427 580 1695 636 cineribus
1719 577 1958 646 corporis
1983 575 2154 627 masi-
2250 571 2459 640 expleta
2499 571 2653 625 laude
2689 572 2988 639 vespertina
3031 574 3241 628 caeteris
3285 572 3350 626 ad
3392 589 3487 627 sua
3528 576 3806 645 regressis,

599 693 738 733 mam
775 685 980 745 partem
1020 684 1074 728 et
1107 689 1227 728 ossa
1258 673 1460 726 decem.
1493 669 1582 722 llle
1611 681 1735 720 vero
1761 665 2010 719 universa
2037 665 2152 717 haec
2249 661 2362 728 ipsa
2406 674 2527 713 cum
2567 674 2734 727 puero
2776 662 3129 728 pernoctavit.
3197 660 3350 715 Mane
3402 672 3580 716 autem
3625 664 3768 719 facto
3791 707 3804 731 ,

595 767 970 823 venerabiliter
1018 772 1261 831 suscepta
1313 762 1366 813 in
1416 771 1627 821 arcam,
1671 770 1833 824 quam
1859 768 2018 822 supra
2049 754 2150 807 sub

596 857 800 912 duobus
833 854 1092 909 cherubin
1122 851 1346 921 positam
1375 833 1628 908 diximus,
1657 842 1881 912 supplici
1909 841 2148 897 devotio-

592 964 661 1002 ne
695 946 994 1002 collocavit.

662 1038 749 1093 l8.
787 1037 952 1108 Igitur
999 1035 1120 1088 dum
1164 1032 1278 1085 baro
1324 1034 1626 1097 agerentur,
1665 1023 1816 1078 Addo
1867 1023 2147 1098 presbyter

592 1128 802 1182 abbatis
826 1166 841 1190 ,
877 1137 1032 1194 quem
1073 1134 1231 1189 supra
1272 1117 1338 1172 ad
1377 1115 1701 1184 Alabiugum
1732 1113 2016 1180 quemdam
2047 1127 2144 1180 pro

590 1215 940 1284 suscipiendis
963 1210 1183 1278 alicujus
1220 1206 1392 1262 sancti
1428 1205 1640 1259 ossibus
1680 1199 1888 1255 Italiam
1918 1201 2142 1256 missum

589 1307 752 1359 fuisse
780 1302 1071 1361 retulimus,
1101 1313 1295 1356 corpus
1316 1294 1454 1350 beati
1481 1304 1502 1331 ο
1538 1291 1783 1347 Venantii
1803 1291 2058 1360 martyris
2085 1290 2142 1344 in

591 1391 862 1448 territorio
890 1385 1244 1444 Ariminensis
1273 1383 1419 1438 urbis
1446 1383 1717 1435 inventum
1745 1378 1978 1442 sustulit,
2002 1388 2057 1432 et
2086 1377 2140 1433 in

586 1481 866 1537 Franciam
887 1477 1065 1533 redire.
1085 1472 1367 1530 festinavit.
1389 1470 1465 1524 Ac
1486 1470 1661 1538 primo
1686 1468 1898 1536 quidem
1923 1475 2142 1536 propter

569 1581 784 1628 .metum
811 1561 1102 1628 incolarum
1133 1563 1261 1618 illud
1299 1559 1505 1615 occulte
1524 1558 1764 1623 ferebat;
1794 1557 1986 1612 deinde
2011 1570 2140 1610 vero

583 1670 860 1734 postquam
871 1660 1079 1730 Alpium
1090 1657 1215 1727 juga
1230 1653 1460 1717 transiit,
1474 1659 1530 1704 et
1555 1650 1609 1704 in
1629 1649 1762 1704 lines
1772 1647 2136 1717 Bajoariorum

585 1752 842 1823 pervenit,
865 1750 975 1819 jam
1000 1746 1236 1802 securior
1269 1740 1525 1806 effectus,
1559 1739 1759 1806 feretro
1792 1737 2129 1808 impositum,

2245 746 2512 801 sublatum
2553 746 2745 810 adhuc,
2792 748 2930 802 sicut
2970 747 3165 813 fuerat,
3210 749 3440 804 debilem
3475 752 3690 806 domum
3723 770 3806 808 re-

2206 886 2209 887 .
2244 847 2486 908 portans,
2538 837 2592 891 in
2636 837 2884 892 lectulum
2929 838 3142 907 posuit;
3189 839 3574 910 cellariumque
3614 858 3805 911 suum,

2243 939 2304 984 ut
2325 944 2494 1002 puero
2536 945 2729 1000 panem
2773 930 2944 995 daret,
2971 930 3208 986 intravit.
3253 930 3298 985 A
3327 947 3435 1001 quo
3460 949 3584 988 cum
3613 935 3804 991 fuisset

2243 1033 2482 1089 egressa,
2525 1017 2691 1072 ﬁlium
2730 1030 2905 1082 suum,
2927 1034 3087 1088 quem
3125 1016 3372 1075 claudum
3417 1023 3472 1076 in
3512 1022 3650 1078 lecto
3677 1026 3805 1080 reli-

2242 1109 2386 1179 quit,
2427 1122 2548 1163 cum
2591 1107 2710 1163 aliis
2752 1108 2989 1177 ejusdem
3028 1107 3130 1163 loci
3170 1111 3352 1176 pueris
3396 1110 3451 1164 in
3495 1112 3673 1181 platea
3713 1113 3800 1168 ln-

2241 1200 2455 1254 deu'tem
2497 1201 2714 1270 reperit,
2749 1200 2825 1254 ita
2848 1216 3060 1266 sanum,
3101 1211 3160 1256 ut
3197 1217 3298 1258 nec
3335 1203 3547 1272 signum
3586 1206 3803 1278 aliquod
3896 1245 3897 1256 χ

2241 1291 2293 1344 in
2315 1305 2380 1345 eo
2400 1290 2641 1360 pristinae
2682 1289 2973 1346 debilitatis
3008 1301 3330 1354 remaneret.
3373 1293 3431 1347 ln
3461 1311 3568 1364 quo
3597 1296 3802 1366 liquido
3896 1279 3897 1352 ἶ

2237 1382 2537 1450 ostenditur
2575 1382 2716 1452 quod
2752 1381 3177 1452 suifragantibus
3219 1385 3425 1440 meritis
3476 1388 3645 1441 sancti
3678 1386 3800 1443 ,V'e-

2238 1475 2410 1529 nantii
2449 1489 2581 1544 puer
2621 1475 2709 1529 ille
2744 1464 2963 1530 sanatus
2994 1473 3106 1553 sit,
3135 1491 3232 1545 per
3265 1477 3517 1531 virtutem
3556 1478 3671 1548 ejus
3705 1481 3800 1548 qui
3896 1495 3897 1538 ξ

2237 1574 2293 1618 et
2329 1559 2495 1618 lilium
2529 1564 2700 1635 reguli
2739 1573 2793 1620 et
2832 1579 3061 1634 puerum
3084 1565 3418 1629 centurionis
3443 1566 3609 1620 verbo
3649 1582 3802 1621 cura-

2235 1656 2332 1719 vit,
2357 1663 2412 1709 et
2440 1655 2493 1709 in
2517 1655 2662 1710 omni
2697 1655 2815 1711 loco
2845 1654 3133 1725 prasentia
3169 1669 3281 1708 suae
3319 1654 3618 1723 majestatis
3653 1672 3800 1726 qum-

2237 1761 2449 1816 cunque
2496 1746 2722 1803 voluerit
2776 1744 3028 1802 facillime
3091 1753 3268 1816 potest
3323 1745 3537 1802 ellicere
3561 1785 3581 1815 ,
3638 1746 3800 1802 Jesus

580 1817 965 1897 confluentibus
990 1835 1222 1902 undique
1267 1831 1578 1906 populorum
1606 1827 1810 1893 turbis,
1835 1836 1892 1883 et
1920 1826 2132 1882 excelsa

2231 1834 2482 1891 Christus
2495 1834 2752 1890 Salvator
2773 1844 2976 1897 noster,
3001 1837 3091 1906 qui
3136 1845 3218 1891 est
3257 1849 3416 1905 super
3443 1837 3623 1891 omnia
3653 1837 3799 1891 Deus

584 1933 744 1986 Deum
782 1943 910 1984 voce
945 1923 1308 1988 laudantibus,
1341 1909 1527 1976 detulit
1554 1920 1610 1973 in
1638 1918 1853 1983 cellam,
1885 1916 2130 1987 quaa‘vo-

579 2030 733 2076 catur
756 2018 783 2059 ει
818 2016 1139 2078 Suolenbus,
1166 2013 1326 2068 sitam
1356 2012 1409 2065 in
1437 2011 1653 2080 regione
1677 2004 2048 2063 Sualaveldoni
2083 2019 2129 2072 ο,

577 2119 632 2164 et
655 2109 721 2164 ad
747 2105 1029 2161 australem
1055 2103 1264 2173 plagam
1300 2099 1488 2159 altaris
1521 2097 1765 2153 ecclesia:
1805 2097 1860 2150 iu
1897 2096 2129 2160 feretro,

575 2199 714 2254 sicut
734 2195 952 2271 allatum
978 2200 1114 2257 erat,
1140 2189 1431 2245 honoriﬁce
1473 2186 1670 2257 posuit.
1698 2185 1831 2241 Erat
1856 2194 2036 2240 autem
2067 2200 2131 2240 eo

577 2300 817 2358 tempore
837 2283 1150 2356 praepositus
1178 2280 1324 2338 cellae
1355 2279 1498 2334 illius
1520 2293 1590 2334 ex
1618 2277 1876 2356 fratribus
1896 2276 2094 2331 nostris
2113 2317 2129 2340 ,

575 2354 787 2430 nomine
816 2354 1201 2436 Santharatus;
1233 2370 1324 2438 qui
1354 2369 1536 2423 statim
1582 2367 1750 2422 misso
1795 2354 1985 2421 nuntio
2016 2380 2131 2420 om-

575 2483 696 2524 nem
720 2467 797 2521 rei
829 2473 989 2536 gestm
1013 2463 1256 2518 ordinem
1285 2460 1562 2515 mandavit
1585 2459 1788 2523 abbati,
1809 2468 2002 2529 rogans
2025 2456 2128 2512 sibi

574 2554 868 2611 renuntiari
904 2541 1084 2606 utrum
1126 2559 1340 2605 sanctas
1377 2548 1496 2603 illas
1525 2548 1778 2617 reliquias
1821 2549 1874 2601 in
1913 2562 1976 2600 eo
2011 2546 2129 2601 loco

572 2647 661 2702 ubi
691 2655 817 2700 tunc
845 2654 1000 2698 erant
1030 2655 1346 2712 permanere
1372 2640 1646 2713 voluisset,
1677 2653 1745 2692 an
1775 2638 1875 2693 sibi
1918 2639 1986 2693 ad
2016 2652 2131 2692 mo-

570 2738 862 2795 nasterium
909 2733 1205 2789 transferri.
1245 2732 1443 2787 Omnes
1486 2731 1629 2784 enim
1673 2729 1851 2798 populi
1897 2728 2129 2798 regionis

571 2830 710 2887 illius
737 2829 790 2883 id
817 2828 1102 2897 petebant,
1136 2825 1294 2893 idque
1329 2825 1554 2879 summis
1586 2807 2037 2891 votis'optabant,
2070 2830 2129 2875 ut

568 2936 762 2991 corpus
787 2919 956 2975 sancti
983 2916 1238 2986 martyris
1264 2917 1337 2970 ibi
1361 2916 1561 2970 habere
1591 2922 1944 2978 mererentur,
1975 2911 2128 2980 cujus

568 3030 731 3087 Opem
770 3015 821 3067 in
871 3012 1094 3067 diversis
1120 3009 1488 3064 infirmitatum
1539 3007 1862 3062 sanitatibus
1888 3005 2127 3073 quotidie

569 3105 886 3162 sentiebant.
916 3101 1093 3156 Abhas
1132 3116 1260 3176 vero
1295 3115 1417 3154 cum
1451 3098 1725 3162 audisset,
1757 3111 1878 3151 mox
1912 3094 1981 3150 de
2015 3095 2128 3150 suis
2166 3120 2167 3123 η

2233 1927 2542 1982 benedictus
2577 1925 2630 1981 in
2660 1927 2878 1983 saecla.
2921 1926 3109 1980 Amen.
3151 1924 3279 1980 Haec
3310 1927 3526 1996 quidem
3564 1927 3668 1989 duo
3692 1927 3799 1982 mi—
3896 1927 3897 1960 ἒ

2236 2017 2415 2072 racula
2445 2032 2564 2087 qum
2601 2016 2758 2071 modo
2789 2015 2968 2079 retuli,
2993 2014 3059 2068 ab
3079 2015 3158 2068 eis
3182 2014 3274 2084 qui
3299 2023 3594 2083 prmsentes
3615 2023 3795 2080 erant,

2233 2119 2285 2162 et
2324 2123 2387 2162 ea
2428 2122 2487 2161 se
2529 2103 2726 2161 vidisse
2763 2107 2943 2160 testati
2987 2113 3130 2168 sunt,
3174 2105 3378 2160 didici:
3416 2113 3619 2159 cetera
3664 2120 3798 2160 vero
3896 2141 3897 2152 ἦ

2229 2215 2352 2272 qua
2384 2201 2689 2270 sclipmrus'
2721 2211 2860 2263 sum,
2880 2198 3000 2267 ipse
3038 2211 3220 2252 coram
3257 2198 3460 2266 poSitus
3489 2198 3618 2260 vidi,
3663 2198 3796 2265 quia
3896 2207 3897 2272 ξ

2228 2284 2300 2349 ei
2321 2293 2408 2350 eis
2429 2293 2532 2364 ’φα
2565 2294 2629 2347 ad
2666 2289 3010 2362 perferendos
3045 2303 3229 2345 sacros
3253 2287 3463 2344 cineres
3488 2289 3638 2344 missi
3675 2288 3796 2344 fue—

2229 2389 2514 2455 rath
2537 2397 2704 2438 eram.

2295 2474 2334 2529 ἱ
2402 2472 2600 2543 Igitur,
2627 2487 2753 2527 cum
2773 2472 3104 2527 venissemus
3137 2470 3203 2523 ad
3237 2467 3412 2523 locum
3462 2482 3625 2537 quem
3652 2465 3795 2522 Suo-

2227 2566 2421 2622 lenhus
2459 2565 2638 2619 vocari
2677 2572 2853 2632 supra
2877 2560 3127 2624 diximus,
3170 2559 3372 2630 paratis
3397 2557 3645 2612 celeriter
3668 2573 3793 2613 om-
3896 2557 3897 2634 }

2226 2657 2385 2712 nibus
2423 2669 2540 2725 quae
2581 2653 2648 2706 ad
2687 2651 3054 2707 devectidnem
3088 2658 3397 2704 sanctarum
3435 2648 3792 2717 reliquiarum

2227 2746 2529 2800 necessaria
2566 2743 2902 2806 videbantur,
2944 2740 3118 2809 prima
3151 2739 3271 2793 luce
3308 2747 3428 2808 post
3459 2738 3794 2808 completum

2228 2837 2545 2890 matutinum
2586 2829 2841 2897 omcium,
2884 2831 3167 2885 celebratis
3207 2845 3282 2899 ex_
3312 2844 3458 2884 more
3500 2830 3792 2883 missarum

2225 2926 2535 3004 solemniis,
2597 2939 2719 2980 cum
2773 2923 2976 2995 ingenti
3033 2922 3178 2976 luctu
3221 2938 3282 2976 ac
3323 2935 3556 2976 mmrore
3599 2937 3791 2975 eorum

2226 3017 2316 3087 qui
2361 3015 2559 3070 ibidem
2600 3021 2753 3068 erant
2792 3012 3090 3071 remansuri
3115 3016 3137 3076 ,'
3181 3019 3421 3065 sanctum
3467 3009 3614 3062 illum
3662 3010 3789 3064 the-

2226 3122 2445 3163 saurum
2471 3105 2802 3169 sustulimus,
2829 3112 2990 3172 atque
3031 3103 3135 3157 iter
3168 3100 3393 3172 ingressi
3432 3109 3648 3169 portare
3672 3113 3794 3154 coe-

570 3195 703 3255 duos
729 3192 1018 3247 monachos
1043 3190 1384 3260 presbyteros
1409 3187 1555 3244 misit
1581 3187 1648 3242 ad
1675 3186 1990 3256 praedictum
2019 3183 2125 3240 fra-

2229 3191 2424 3272 pimus.
2470 3197 2600 3252 Erat
2637 3197 2781 3251 enim
2821 3195 3017 3251 cmlum
3056 3183 3483 3264 grave'nubibus
3520 3193 3794 3247 obscuris-

570 3293 739 3347 trem,
786 3281 1102 3353 praecipiens
1145 3280 1225 3334 eis
1271 3285 1470 3347 quanta
1516 3277 1812 3346 potuissent
1851 3275 2128 3330 celeritate

569 3381 782 3430 sanctas
810 3372 927 3426 illas
953 3370 1205 3438 reliquias
1243 3368 1346 3424 sibi
1374 3366 1646 3422 afferrent.
1674 3365 1807 3424 Erat
1844 3365 1990 3420 enim
2015 3362 2125 3432 jam

571 3476 697 3521 tunc
727 3479 826 3534 per
867 3477 1053 3517 omnes
1094 3473 1228 3530 pene
1272 3459 1519 3529 regiones
1552 3458 1670 3512 illas
1693 3456 1904 3521 celebre
1933 3471 2125 3511 nomen

569 3555 742 3611 sancti
774 3551 1020 3607 Venantii
1066 3557 1285 3620 propter
1329 3549 1555 3616 virtutes
1594 3554 1649 3602 et
1689 3545 1968 3610 miracula,
2009 3559 2128 3615 qua:

569 3647 812 3702 Christus
847 3643 1102 3699 Dominus
1128 3650 1186 3697 et
1209 3655 1305 3696 rex
1329 3625 1630 3710 martyrum
1667 3653 1765 3706 per
1790 3652 1914 3696 eum
1950 3636 2130 3691 facere

571 3736 818 3806 dignatus
851 3743 949 3787 est.
972 3733 1046 3787 De
1071 3732 1404 3801 quibusque
1433 3729 1574 3786 facta
1603 3739 1729 3786 sunt
1755 3731 1814 3785 in
1835 3729 2022 3786 eodem
2050 3728 2129 3784 lo-

573 3840 657 3888 co,
687 3823 995 3894 priusquam
1022 3822 1265 3875 venirent
1293 3821 1382 3889 qui
1411 3808 1480 3876 ab
1503 3820 1696 3875 abbate
1719 3820 1869 3874 missi
1894 3819 2125 3884 fuerant,

574 3917 761 3987 paucis
782 3912 1012 3967 arbitror
1037 3927 1155 3967 esse
1181 3912 1604 3990 perstringenda.

647 4003 730 4059 i9.
770 4002 1045 4058 Nam'cum
1073 4003 1244 4057 adhuc
1270 4003 1529 4056 feretrum
1558 4018 1680 4058 cum
1717 4004 1888 4057 sacris
1917 4003 2128 4057 ossibus

570 4099 720 4167 juxta
765 4093 931 4149 altare
964 4101 1105 4149 esset
1136 4094 1390 4162 positum,
1433 4092 1673 4163 quaedam
1700 4092 1896 4147 femina
1921 4093 1987 4146 de
2011 4092 2128 4162 ipso

578 4199 744 4254 pago,
780 4196 898 4251 qua:
939 4191 1064 4236 ante
1105 4197 1196 4236 sex
1239 4198 1407 4236 annos
1448 4181 1724 4236 oculorum
1765 4181 1942 4235 lumen
1990 4181 2163 4235 amiw

578 4283 742 4339 serat,
784 4272 991 4342 rogavit
1033 4287 1089 4326 se
1127 4272 1251 4325 illuc
1277 4272 1482 4334 adduci,
1512 4272 1737 4335 credens
1761 4268 1862 4324 sibi
1898 4283 1994 4339 per
2017 4283 2130 4324 me~

581 4353 680 4419 rita
730 4371 784 4416 et
828 4363 1096 4430 orationes
1135 4361 1302 4414 sancti
1337 4359 1583 4414 Venantii
1622 4359 1904 4414 Dominum
1950 4357 2129 4427 propi-

582 4455 721 4508 timi.
784 4452 1021 4519 Cumque
1075 4450 1330 4519 perducta
1373 4458 1552 4512 esset,
1601 4456 1657 4503 et
1699 4458 1824 4502 ante
1868 4446 2124 4501 feretrum

581 4551 847 4613 prostrata
892 4540 1202 4609 suppliciter
1240 4547 1477 4601 orasset,
1518 4537 1690 4592 visum
1734 4537 1954 4605 recepit.
2000 4536 2126 4589 Post

583 4636 695 4687 lucc
720 4632 885 4685 altera
910 4631 1099 4684 mulier
1125 4629 1288 4682 lilium
1328 4644 1484 4684 suum
1527 4643 1838 4694 sexennem,
1879 4643 1946 4683 ex
1974 4636 2129 4682 utero

653 4781 677 4806 ιι
718 4764 882 4887 illujus
923 4766 1144 4819 necdum
1182 4765 1232 4818 in
1276 4765 1397 4818 ullis
1445 4763 1599 4818 fastis
1645 4763 1876 4820 natalem
1929 4764 2129 4836 reperi~

658 4851 720 4887 ιε.
778 4852 825 4887 n.

586 4851 720 4889 mus.
754 4851 825 4888 ID.

654 4906 682 4943 b
722 4901 912 4956 Staclei
941 4904 1007 4958 28
1034 4902 1307 4970 Septemb.
1338 4902 1416 4955 In.

658 4983 678 5010 ο
720 4972 1009 5045 Episcopus
1035 4961 1132 5045 fuit
1155 4973 1243 5026 hic
1271 4971 1330 5025 S.
1360 4970 1668 5045 Venuntius
1691 4983 1919 5045 martyr.
1934 4961 2124 5045 piro?

587 5053 676 5095 sus
698 5041 762 5093 ab
785 5056 847 5094 eo
869 5039 966 5094 nec
983 5043 1277 5108 episcOpus,
1295 5041 1384 5108 qui
1405 5039 1672 5093 Camerini
1691 5039 1884 5096 colitur
1899 5039 1964 5093 18
1983 5039 2125 5103 Maii,

591 5109 844 5176 martyrio
867 5109 984 5163 istic
1012 5117 1315 5164 coronatus.
1343 5108 1418 5161 In.

657 5179 682 5217 ἀ
721 5174 774 5230 [(1
803 5187 882 5231 est
916 5178 1023 5231 Soli
1047 5192 1139 5232 seu
1169 5177 1377 5231 Solonis
1403 5175 1668 5230 monachi.
1699 5176 1836 5230 Man.
1856 5205 1927 5216 —
1948 5174 2128 5229 Solen-

587 5248 704 5314 ho/f
723 5247 943 5315 margini
973 5247 1289 5313 ascriptum,
1316 5254 1370 5299 et
1393 5243 1520 5315 cella
1551 5243 1614 5315 S_._
1624 5244 1778 5315 μεοιω
1795 5238 1962 5315 vulgo
1995 5243 2125 5315 dicit

499 5352 506 5359 ε
590 5312 694 5370 tur.
744 5312 912 5366 Situm
958 5315 1008 5367 id
1058 5312 1431 5367 monasterium
1479 5312 1534 5363 in
1577 5313 1860 5367 Eistatensi
1905 5312 2128 5366 dicecesi

588 5383 727 5451 apud
755 5382 925 5434 rivum
953 5383 1283 5443 Altmonam,
1323 5398 1351 5434 a
1391 5380 1448 5433 S.
1480 5379 1634 5451 sola,
1657 5382 1812 5451 Solo,
1845 5379 2130 5451 sije_,_Suaf

587 5448 708 5504 Ione
753 5451 1064 5512 fundatore,
1107 5452 1194 5518 qui
1242 5451 1307 5502 l0
1334 5450 1580 5502 Decemh.
1611 5449 1836 5513 colitur;
1879 5448 2129 5502 Fuldensi

590 5521 908 5574 monasterio
943 5519 1232 5585 subjectum
1258 5536 1270 5569 :
1296 5519 1381 5571 cui
1415 5518 1772 5585 postliminio.
1800 5534 1920 5572 cum
1952 5533 2132 5572 exem-

582 5592 735 5654 .p:n'm
766 5597 932 5648 esset,
971 5587 1030 5640 Β.
1068 5586 1313 5639 Rabanus
1352 5588 1635 5651 impetrato
1665 5587 1913 5641 Ludovici
1949 5586 2027 5640 Pii
2054 5587 2133 5639 di-

590 5658 816 5778 liltltlllllal“
840 5697 853 5719 ,
881 5655 1231 5778 {gmfl‘pjerlarit
1265 5655 1393 5707 ’.Ἤρ
1423 5654 1748 5718 limu‘crum,
1783 5656 1819 5708 l.
1857 5670 1894 5709 It
1947 5654 2126 5721 Antiq.

637 5745 645 5776 ε
731 5743 839 5777 1'.
907 5761 955 5773 ..
1007 5750 1019 5773 ι
1064 5742 1142 5776 ξ...

620 5727 759 5778 ἐιι‹1..,
797 5743 839 5777 ς.
881 5727 955 5778 15.
985 5727 1142 5776 Πολι..

2228 3291 2417 3356 simis,
2480 3297 2535 3346 et
2577 3305 2696 3358 quae
2748 3289 2858 3343 cito
2897 3288 2950 3342 in
2993 3287 3262 3356 ingentem
3311 3283 3546 3353 pluviam
3589 3283 3793 3337 resolvi

2229 3388 2465 3451 possent,
2497 3379 2598 3433 nisi
2633 3377 2686 3430 id
2717 3377 2885 3432 virtus
2917 3374 3094 3429 divina
3129 3373 3244 3427 ﬁeri
3278 3371 3604 3442 prohiberet.
3650 3371 3793 3428 Nam

2228 3480 2339 3526 tota
2383 3477 2539 3525 nocte
2583 3469 2668 3522 illa
2708 3468 2824 3521 sine
2869 3465 3264 3520 intermissione
3303 3464 3556 3533 pluebat;
3607 3463 3683 3517 ita
3722 3465 3794 3520 ﬁt

2228 3562 2381 3617 nobis
2417 3561 2520 3615 iter
2557 3558 2683 3614 illud
2724 3572 2786 3613 ea
2812 3556 2920 3620 die
2963 3555 3205 3614 inchoari
3239 3568 3401 3624 posse
3441 3551 3665 3622 miluum
3700 3553 3795 3607 rvi-

2229 3650 2462 3706 det-stur.
2509 3644 2618 3703 Sed
2640 3658 2888 3714 superna
2916 3645 3100 3714 gratia
3131 3653 3241 3713 per
3279 3643 3470 3698 merita
3491 3641 3668 3698 sancti
3695 3641 3790 3699 eui

2230 3739 2282 3793 id
2316 3739 2461 3809 quod
2497 3738 2784 3797 timebatur
2821 3735 2978 3804 longe
3017 3733 3175 3791 aliter
3209 3745 3330 3787 esse
3371 3729 3536 3786 fecit;
3564 3731 3796 3786 Namut
3896 3715 3897 3809 ὴ

2227 3845 2454 3903 pergere
2486 3836 2768 3898 capimus,
2791 3831 2914 3883 mox
2957 3825 3228 3895 dissipatis
3263 3823 3512 3880 nubibus.
3541 3822 3669 3877 cali
3693 3834 3794 3876 se.

2228 3923 2435 3977 renitas
2453 3922 2616 3982 venit,
2658 3928 2718 3973 et
2750 3919 3007 3988 perviam
3041 3916 3138 3971 luti
3163 3930 3351 3985 parum
3382 3916 3652 3971 inventum
3675 3921 3791 3972 est.

2229 4012 2347 4066 nivi
2387 4023 2617 4080 quoque,
2655 4007 2756 4076 qui;
2778 4007 2840 4063 in
2879 4015 2988 4061 tam
3028 4018 3218 4074 Μαι
3259 4013 3316 4058 et
3343 4004 3456 4074 jngi
3490 4003 3695 4072 pluvia,
3725 4011 3793 4056 ut

2179 4090 2181 4092 ’
2226 4117 2290 4157 ea
2338 4108 2492 4154 nocte
2533 4108 2669 4160 erat,
2707 4110 2953 4151 crescere
2993 4094 3268 4156 solebant,
3308 4107 3444 4159 pene
3488 4090 3624 4147 nihil
3660 4101 3793 4144 cre-

2226 4192 2370 4246 visse
2411 4189 2607 4258 reperti
2653 4195 2795 4242 sunt.
2857 4185 3145 4256 Pergentes
3187 4192 3366 4238 autem
3410 4195 3505 4251 per
3546 4181 3792 4252 singulas

2228 4278 2414 4343 villas,
2449 4277 2625 4332 obviis
2658 4274 2971 4345 populorum
3011 4272 3184 4326 turbis
3224 4270 3642 4338 excipiebamur,
3680 4272 3790 4338 qui

2229 4384 2327 4423 nos
2369 4369 2422 4421 in
2468 4366 2707 4420 dicendis
2744 4363 2989 4418 laudibus
3022 4361 3236 4426 divinis,
3273 4369 3329 4415 et
3360 4361 3413 4412 in
3441 4374 3596 4414 sacro
3615 4372 3791 4414 onere

2230 4442 2448 4512 ferendo
2490 4470 2595 4509 non
2621 4453 2864 4523 segniter
2898 4449 3238 4518 adiuvabant,
3282 4449 3450 4502 donec
3474 4447 3790 4502 veniremus

2154 4513 2204 4572 Β
2229 4548 2282 4602 in
2324 4548 2495 4601 locum
2537 4545 2625 4612 qui
2668 4513 2889 4597 vocatur
2934 4513 3250 4595 Iiolzkircha
3280 4536 3323 4600 τ,
3351 4537 3511 4590 situm
3554 4536 3606 4588 in
3648 4535 3786 4588 Ala-

2225 4635 2473 4699 mannia;
2515 4633 2604 4689 ubi
2644 4639 2960 4701 congregata
2999 4628 3231 4682 maxima
3273 4624 3614 4679 multitudine
3655 4638 3789 4692 pro-

2299 4774 2322 4801 ε
2358 4758 2620 4822 Bolland.,
2646 4755 2891 4811 Saalavel
2910 4755 3254 4809 dominorum.
3285 4751 3420 4806 Man.
3440 4749 3786 4822 —-l_3rowero

2228 4820 2613 4886 Sualeveldoni,
2645 4826 2700 4878 in
2730 4826 2852 4878 Vita
2878 4833 3074 4878 sanctae
3107 4823 3262 4885 Solae,
3291 4837 3452 4890 pagus
3473 4820 3554 4890 vel
3589 4820 3785 4875 domus

2228 4839 2612 4886 Sualeveldom.
2645 4841 2700 4878 tn
2739 4839 2852 4878 Vita
2878 4839 3074 4878 saneta:
3107 4839 3262 4885 boue,
3359 4839 3452 4890 gas
3473 4839 3554 4873 vel
3589 4839 3785 4875 aomus

2228 4898 2461 4960 Sualua;
2488 4898 2541 4949 in
2567 4894 2852 4963 diplomate
2884 4891 3134 4963 Ludovici
3164 4839 3574 4963 Pii__§:alef£ldt
3609 4905 3785 4963 pagus

2222 4969 2375 5037 juxta
2401 4956 2890 5037 ﬂuviumiAltmule,
2917 4961 3000 5016 cui
3021 4961 3181 5014 etiam
3203 4956 3782 5037 adjacentEystadium

2225 5028 2279 5092 et
2300 5033 2754 5103 Papenheimium,
2785 5045 2814 5082 a
2843 5046 2946 5103 quo
2973 5045 3075 5083 non
3100 5029 3286 5103 procul
3297 5028 3473 5103 distat
3489 5035 3782 5103 monaste-

2228 5093 2873 5184 rium-ﬂaiden‘hei‘mense
2889 5139 2903 5184 ,
2926 5093 3118 5184 iq‘quo'
3137 5097 3267 5151 obiit
3295 5095 3351 5149 S.
3385 5093 3691 5162 Walburgis
3723 5094 3782 5147 in

2224 5168 2357 5244 pago
2380 5172 2542 5226 etiam
2565 5168 2931 5223 Sualefeldico.
2963 5166 3124 5219 Βοιι..

2226 5310 2238 5316 Δ
2300 5241 2324 5316 f_
2340 5238 2640 5316 monasterii
2663 5251 2852 5316 nomen
2864 5235 3142 5316 sztii‘nter
3163 5232 3394 5316 Moenum
3415 5228 3777 5316 etr'liub‘erﬁrp.

2224 5310 2290 5371 in,
2311 5309 2568 5362 hodierno
2593 5305 2846 5359 comitatu
2868 5301 3302 5364 Wer‘thaimensi,
3332 5299 3395 5371 ad
3422 5299 3634 5371 fluvium
3663 5297 3781 5371 A_b-

2226 5365 2375 5432 stade
2397 5416 2411 5439 ,
2458 5376 2599 5443 quod
2637 5370 3244 5443 Euld_eusi.monasterio
3269 5367 3508 5443 subjecit
3546 5365 3777 5443 gerulus

2228 5433 2556 5514 Magnus-in
2585 5441 2734 5514 cujus
2764 5440 2956 5514 litteer
2997 5433 3775 5514 monasterium—Holghirieha

2229 5502 2343 5569 seuv
2366 5502 2534 5566 sancti
2581 5502 2754 5570 Siiti,
2807 5525 2834 5561 a
2885 5507 3129 5561 Troando
3170 5506 3409 5573 principe
3450 5502 3778 5573 aediﬁcatum

2230 5567 2441 5643 dicitur,
2470 5579 2606 5647 apud
2636 5567 2938 5647 Bronjerum
2970 5567 3209 5647 innlibLil
3237 5567 3620 5647 Antiquitatum
3646 5567 3777 5647 Eul-

2230 5636 2468 5702 densium
2490 5636 2652 5712 ,l-cap.
2683 5645 2735 5698 5.
2767 5645 2900 5698 Mss.
2926 5664 3003 5685 --·
3020 5641 3196 5697 Variis
3228 5636 3466 5696 versibus
3495 5637 3618 5692 illud
3646 5636 3773 5690 illu-

2233 5719 2411 5771 stravit
2448 5718 2501 5768 Π.
2534 5715 2796 5767 Rabanus.
2839 5714 2994 5766 8ου..
