3940 6322
243 296 316 354 ὕδ
427 356 431 360 ,
1599 305 1777 365 PllOL

1879 309 2122 367 DMENA.
3370 317 3436 368 at

241 406 433 463 miscui
476 423 634 463 sexus
675 418 729 464 et
771 411 944 467 :etatis
969 430 1086 468 cum
1115 402 1310 484 ingenti
1340 416 1519 471 lzetitia
1561 422 1789 490 suscepti
1819 429 1867 484 Α
1893 433 2132 478 matrona
2174 425 2390 490 nobilis,
2435 427 2614 483 audito
2655 430 2793 498 quod
2839 445 2931 498 per
2977 430 3242 499 regionem
3293 431 3432 485 illam

240 512 446 554 sumus.
490 499 622 554 Erat
645 510 822 557 autem
856 505 924 558 ibi
952 507 1242 560 oratorium
1266 523 1368 561 non
1405 510 1625 576 grande,
1650 512 1792 578 quod

241 587 449 642 intrare
482 603 545 642 ac
585 589 837 646 feretrum
883 591 1081 648 inferre
1123 594 1376 661 volentes,
1420 612 1530 665 pra:
1556 598 1793 652 multitu-

237 676 364 734 dine
397 679 670 734 turbarum
713 698 832 751 qua:
868 685 1127 753 prmihant
1167 694 1220 739 et
1247 701 1373 754 qua:
1414 690 1786 757 sequebantur,

237 767 458 821 minime
496 771 804 836 potuimus;
851 787 915 826 ac
953 789 1050 841 per
1090 775 1192 828 hoc
1232 776 1332 829 sub
1374 776 1527 841 divo,
1575 778 1628 831 in
1673 779 1789 834 loco

235 856 463 912 erlitiore
505 859 658 913 altari
691 869 893 924 erecto,
922 877 983 916 ac
1025 860 1222 917 feretro
1246 863 1398 931 juxta
1438 865 1567 919 illud
1591 867 1785 934 posito,

235 959 421 999 rursus
459 947 742 1001 miSsarum
780 948 1037 1024 solemnia
1078 950 1503 1015 celebravimus:
1533 954 1622 1007 ubi
1651 955 1790 1008 inter

235 1032 612 1089 celebrandum
652 1035 770 1091 duae
811 1038 1062 1092 mulieres
1085 1039 1361 1107 spiritibus
1386 1041 1672 1097 immundis
1693 1044 1788 1097 ob-

231 1136 398 1178 sessas
419 1124 601 1177 vexari
631 1134 932 1194 coeperunt,
955 1136 1009 1181 et
1048 1143 1167 1182 mox
1195 1143 1291 1197 per
1314 1130 1561 1184 virtutem
1587 1131 1785 1186 Christi

231 1224 295 1266 ac
342 1213 532 1267 merita
571 1215 744 1268 sancti
774 1215 1041 1280 Venantii,
1082 1215 1276 1287 fugatis
1315 1218 1661 1281 daemonibus,
1707 1221 1786 1274 in-

228 1306 572 1375 teger-rimam
608 1307 804 1362 mentis
843 1315 896 1362 et
933 1308 1172 1378 corporis
1209 1319 1520 1365 meruerunt
1547 1311 1787 1380 recipere

226 1391 535 1453 Sanitatem.

298 1487 386 1541 Si.
427 1488 647 1558 Expleta
690 1496 868 1544 autem
909 1491 1190 1546 missarum
1233 1493 1621 1556 celebratione,
1662 1509 1780 1548 cum

222 1579 454 1651 populus
493 1581 559 1634 ad
601 1595 696 1633 sua
741 1582 1082 1647 revertisset,
1131 1585 1423 1638 oratorium
1469 1585 1608 1652 quod
1649 1584 1780 1638 vici-

223 1685 355 1724 num
396 1677 535 1734 erat,
578 1679 794 1726 sanctos
836 1670 1045 1726 cineres
1087 1673 1378 1737 intulimus,
1424 1688 1486 1729 ac
1528 1663 1778 1730 feretrum

1891 512 2059 566 sancti
2101 512 2192 566 Dei
2239 514 2472 583 reliquie:
2511 517 2826 572 veherentur
2849 519 2984 587 (erat
3009 519 3150 573 enim
3177 520 3229 573 in
3258 522 3338 574 via
3369 523 3433 573 ad

1891 600 2052 654 alium
2103 604 2382 672 quemdam
2437 605 2609 660 locum
2663 607 2741 662 ire
2782 608 3040 680 volens),
3105 609 3288 664 relicto
3329 627 3437 678 quo

1891 696 1977 743 ter
1993 691 2142 745 lebat
2179 693 2388 757 itinere,
2413 696 2621 749 obviam
2660 697 2813 751 nobis
2850 698 3170 766 properavit,
3196 699 3436 752 fibulam-

1887 792 1986 845 (IUL
2021 794 2160 833 suam
2187 797 2426 846 auream,
2452 799 2609 851 quam
2633 784 2806 854 lingua
2830 785 3153 839 Francorum
3181 803 3431 856 spangaut

1886 875 2107 930 vocant,
2150 869 2204 922 in
2251 870 2363 938 ipso
2408 873 2633 926 transitu
2673 873 2916 942 perdidit.
2967 875 3134 940 Quam
3180 891 3302 928 cum
3346 876 3434 928 diu

1884 969 2006 1008 cum
2048 956 2192 1009 omni
2234 959 2497 1012 comitatu“
2530 975 2661 1024 suo,
2709 962 2796 1030 qui
2841 973 2959 1016 erat
3001 980 3102 1034 non
3151 964 3423 1025 modicus,

1884 1053 2171 1111 quareret,
2213 1055 2268 1099 et
2310 1047 2526 1102 minime
2566 1052 2857 1119 reperiret,
2903 1062 3134 1120 coeptum
3183 1055 3280 1107 iter
3318 1070 3434 1106 car-

1883 1133 2061 1202 pebat,
2088 1135 2312 1190 dicens:
2355 1136 2412 1190 Si
2455 1138 2679 1194 Domino
2718 1149 2899 1195 nostro
2936 1140 3058 1196 Jcsu
3083 1142 3296 1198 Christo
3324 1140 3434 1212 pla-

1885 1231 1989 1287 cet,
2031 1223 2185 1292 cujus
2228 1227 2398 1280 sancti
2439 1226 2618 1302 famuli
2665 1229 2902 1297 reliquiis
2940 1233 3158 1299 supplex
3202 1233 3432 1294 occurri,

1855 1387 1858 1390 ῃ
1885 1313 2040 1368 fibula
2080 1330 2245 1384 quam
2271 1317 2474 1385 perdidi
2518 1316 2670 1371 facile
2694 1326 2776 1372 est
2799 1327 2858 1371 ut
2895 1333 2924 1372 a
2956 1321 3191 1388 quolilrt
3224 1322 3431 1374 inventa

1883 1402 2010 1455 mihi
2050 1403 2386 1458 restituatur.
2436 1402 2592 1458 Venit
2629 1420 2774 1474 ergo,
2819 1415 2873 1459 et
2906 1408 3139 1460 adoratis
3176 1407 3434 1475 reliquiis,

1882 1490 2181 1561 oblatisque
2224 1494 2532 1547 muneribus
2577 1510 2696 1548 cum
2733 1497 2946 1555 rediret,
2977 1498 3210 1549 occurrit
3239 1499 3286 1550 ei
3316 1500 3432 1566 qui-

1882 1578 2004 1632 dam
2043 1580 2218 1638 homo~
2251 1580 2477 1661 ignojus,
2503 1583 2745 1635 eamdem
2767 1582 2981 1635 fibulam
3022 1599 3128 1650 pne
3167 1599 3223 1638 se
3263 1584 3438 1638 ferens

1882 1669 1936 1721 in
1971 1685 2170 1724 manu:
2213 1684 2380 1740 quam
2421 1685 2539 1724 cum
2584 1670 2672 1724 illa
2709 1685 2857 1724 suam
2901 1669 3013 1724 fore
3053 1672 3303 1726 dixisset:
3335 1673 3438 1726 Rc-

219 1772 365 1829 pone
410 1759 582 1814 altare
622 1761 926 1828 posuimus;
973 1762 1233 1816 ordinatis
1275 1764 1365 1830 qui
1409 1764 1479 1818 ibi
1525 1765 1777 1818 excubias
1809 1763 1851 1820 Β
1879 1762 2013 1830 cipe,
2059 1763 2250 1832 inquit,
2303 1764 2428 1831 quia
2465 1778 2560 1831 per
2599 1763 2869 1818 orationes
2913 1764 3104 1826 sancti,
3132 1764 3286 1831 cujus
3317 1765 3438 1818 reli-

221 1849 516 1921 dueerent,
561 1858 721 1917 atque
763 1850 956 1903 divinis
996 1850 1238 1906 laudibus
1281 1851 1522 1906 dicendis
1563 1867 1781 1920 operam

219 1937 445 1999 darent,
495 1937 595 2003 ipsi
638 1952 736 1991 nos
777 1938 829 1992 in
873 1938 1161 2008 hospitium
1200 1941 1518 2008 recepimus.
1568 1939 1638 1994 ln-
1669 1941 1781 2010 ipsa

219 2035 400 2080 autem
446 2035 603 2081 nocte
631 2065 646 2091 ,
709 2041 832 2081 cum
886 2028 951 2082 ad
1005 2036 1294 2085 nocturnas
1335 2031 1542 2097 vigilias
1592 2031 1782 2086 divina:
1824 2096 1826 2099 ι

217 2117 404 2174 laudes
426 2119 755 2185 dicerentur,
779 2122 1022 2190 quasdam
1049 2123 1241 2178 mulier
1279 2134 1444 2188 muta,
1473 2141 1570 2195 per
1593 2128 1781 2181 merita

215 2209 391 2263 sancti
435 2209 686 2279 martyris
713 2250 727 2273 ,
772 2209 944 2264 soluto
983 2209 1173 2280 lingtize
1215 2213 1426 2267 vinculo
1452 2253 1466 2276 ,
1515 2214 1779 2283 loquelam

216 2297 438 2364 recepit.
491 2297 600 2353 Nec
641 2299 811 2354 multo
849 2308 969 2369 post
1014 2301 1179 2354 altera
1223 2301 1411 2356 mulier
1454 2303 1644 2372 spiritu
1676 2304 1777 2357 im-

214 2390 416 2446 mundo
444 2404 726 2458 possessa,
771 2401 825 2446 et
871 2393 1146 2447 brachium
1184 2393 1386 2448 habens
1424 2396 1650 2461 aridum,
1684 2410 1780 2465 per
1815 2459 1817 2463 λ

212 2480 488 2536 orationes
532 2483 702 2536 sancti
747 2484 999 2552 martyris
1037 2482 1210 2550 ejecto
1251 2483 1510 2539 daemonio
1553 2485 1627 2539 ita
1659 2491 1778 2555 per-

213 2569 358 2625 fecte
399 2585 625 2640 corpore
667 2581 723 2626 et
760 2582 936 2628 mente
981 2582 1166 2626 sanata
1209 2581 1310 2636 est,
1349 2582 1406 2627 ut
1431 2573 1519 2629 die
1545 2576 1776 2650 crastina

213 2659 476 2716 feretrqu
521 2677 642 2716 cum
691 2663 902 2717 caeteris
945 2663 1057 2731 ipsa
1097 2672 1352 2731 portaret.
1409 2663 1560 2718 Mane
1599 2673 1776 2719 autem

211 2744 364 2805 factu
403 2765 526 2804 cum
571 2751 858 2805 missarum
896 2751 1149 2806 solemnia
1194 2761 1497 2822 agerentur,
1534 2754 1776 2822 quzedam

210 2840 430 2901 mulier.
475 2859 595 2912 qua:
640 2845 810 2898 tribus
858 2847 1019 2900 semis
1065 2848 1220 2900 annis
1262 2862 1400 2901 caeca
1441 2845 1650 2911 fuerat,
1695 2848 1773 2901 vi-

209 2947 337 2986 sum
372 2934 592 3003 reiepit.
652 2934 718 2988 Et
762 2936 930 2989 altera
956 2975 970 2999 ,
1027 2937 1268 2990 dextram
1322 2952 1537 2991 manum
1575 2937 1778 2992 habens

211 3021 468 3082 debilem,
496 3036 591 3092 per
621 3025 809 3077 merita
853 3025 1021 3078 sancti
1065 3012 1348 3079 consecuta
1387 3033 1470 3079 est
1511 3025 1771 3096 integram

209 3113 523 3170 sanitatem.

285 3201 375 3256 22.
413 3202 547 3259 Cum
589 3211 767 3257 autem
814 3203 938 3258 inde
976 3218 1287 3273 promovere
1324 3219 1683 3275 parassemus.
1720 3213 1773 3259 et

212 3292 271 3347 in
318 3293 435 3363 ipso
481 3293 826 3364 profectionis
870 3303 1065 3350 nostra:
1111 3296 1334 3352 articulo
1383 3298 1696 3352 solemniter
1741 3312 1772 3350 a

212 3383 494 3438 sacerdote
545 3383 812 3438 diceretur
851 3385 1059 3450 oratio,
1121 3402 1258 3442 unus
1310 3403 1377 3442 ex
1426 3387 1636 3443 clericis
1680 3389 1768 3457 qui

213 3472 499 3533 nobiscum
518 3482 691 3537 erant,
719 3462 933 3528 nomine
955 3474 1159 3541 Otheri,
1197 3477 1282 3531 cui
1312 3477 1769 3547 suscipiendorum

211 3578 498 3618 munerum
521 3580 639 3634 qua:
668 3582 695 3617 a
721 3566 913 3635 populo
934 3564 1294 3622 oﬂerebantur
1318 3584 1445 3623 cura
1484 3569 1770 3623 commissa

211 3654 430 3718 fuerat,
489 3662 693 3725 partem
742 3655 1028 3723 quamdam
1073 3655 1245 3710 allata:
1287 3658 1524 3725 pecuniae
1565 3659 1773 3711 furatus

213 3745 348 3817 μμ,
379 3743 674 3816 fraudans],
715 3746 893 3801 subito
931 3745 1142 3812 cecidit,
1184 3755 1238 3802 et
1276 3749 1328 3801 in
1373 3756 1657 3817 conspectu
1693 3757 1773 3802 to-

214 3836 325 3888 tius
366 3834 738 3911 multitudinis,
773 3851 893 3903 qua:
931 3836 1333 3892 innumerabilis
1373 3839 1604 3906 undique
1645 3854 1771 3893 con-

214 3926 471 3993 fluxerat,
513 3927 724 3996 spiritui
763 3928 988 3984 traditus
1029 3929 1318 3994 immundo,
1357 3931 1539 3985 vexari
1577 3931 1769 4000 carpit,

213 4027 267 4072 et
314 4032 548 4086 eousque
589 4032 618 4070 a
659 4014 919 4071 daemonio
951 4032 1231 4085 possessus
1268 4026 1370 4082 est,
1414 4018 1585 4072 donec
1608 4034 1640 4070 a
1667 4019 1773 4071 cir-

214 4106 606 4159 cumstantibus
641 4105 797 4158 allata
831 4107 1074 4176 pecunia,
1102 4122 1261 4177 quam
1299 4107 1351 4159 in
1389 4121 1523 4161 zona
1548 4108 1771 4161 abscon-

214 4193 390 4259 derat,
432 4207 528 4262 per
569 4195 758 4248 merita
800 4203 855 4249 et
891 4195 1162 4250 orationes
1199 4195 1369 4250 sancti
1394 4196 1489 4250 Dei
1517 4197 1768 4266 martyris

217 4297 329 4340 tam
370 4284 602 4354 perfecte
645 4293 862 4340 curatus
899 4293 1004 4350 est,
1042 4294 1102 4340 ut
1144 4287 1210 4341 ab
1247 4287 1434 4341 eodem
1471 4286 1590 4340 loco
1626 4285 1774 4339 ineo-

217 4376 377 4429 Iumis
419 4391 542 4430 cum
585 4375 740 4429 laude
781 4375 874 4431 Dei
915 4390 979 4430 ac
1013 4376 1222 4445 publica
1267 4377 1486 4432 sceleris
1526 4378 1609 4431 sui
1641 4391 1769 4431 con-

216 4465 450 4520 fessione
472 4463 725 4519 feretrum
749 4465 1114 4531 comitaretur,
1129 4466 1298 4521 donec
1318 4465 1437 4520 loco
1454 4481 1552 4521 suo
1571 4474 1769 4521 sanctae

217 4557 459 4626 reliquiae
513 4556 887 4610 conderentur.
953 4555 1134 4624 Neque
1180 4556 1323 4610 enim
1375 4556 1525 4625 prius
1569 4557 1768 4625 aliquid

216 4644 583 4715 hujuscemodi
627 4644 847 4698 insaniae
887 4645 952 4698 ab
993 4644 1213 4698 infantia
1252 4661 1421 4714 usque
1454 4647 1521 4699 ad
1561 4653 1768 4715 tempus

218 4737 347 4790 illud
382 4735 435 4788 in
471 4748 536 4789 eo
567 4735 802 4788 auditum
837 4743 927 4788 aut
951 4735 1119 4789 visum
1154 4745 1273 4789 est:
1316 4737 1407 4790 sed
1438 4750 1535 4790 nec
1559 4745 1764 4804 postea,

216 4823 454 4892 quandiu
494 4821 659 4884 vixit,
705 4830 937 4891 potestas
980 4823 1031 4875 in
1074 4837 1194 4876 eum
1234 4823 1354 4877 data
1399 4832 1482 4877 est
1526 4823 1762 4877 inimico.

216 4913 384 4980 Igitur
423 4911 545 4965 inde
585 4909 806 4980 profecti
835 4912 1086 4965 ‘venimus
1114 4912 1163 4964 in
1189 4911 1361 4964 villam
1398 4926 1518 4979 quae
1545 4918 1768 4965 vocatur

217 5000 656 5071 Truthmuntiga,
685 5000 772 5054 ubi
805 4999 959 5067 juxta
997 5013 1178 5053 sacros
1213 4999 1421 5053 cineres
1455 4999 1508 5052 in
1539 5000 1765 5054 ecclesia

214 5089 444 5161 pdsitos,
468 5100 697 5157 quatuor
728 5089 976 5143 mulieres
1015 5089 1066 5141 in
1111 5089 1224 5155 ipsa
1261 5095 1418 5142 nocte
1445 5088 1511 5140 ab
1540 5087 1767 5150 immun-

216 5177 304 5233 dis
328 5177 604 5246 spiritibus
629 5176 863 5231 liberaue
889 5187 1030 5230 sunt.

290 5267 380 5320 23.
421 5266 529 5320 Nec
564 5265 991 5336 praetereundum
1032 5264 1260 5318 arbitror
1294 5279 1410 5318 esse
1451 5263 1765 5318 miraculum

215 5355 364 5426 quod
409 5355 601 5409 merito
625 5354 748 5407 huic
786 5362 971 5406 sancto
995 5353 1086 5406 Dei
1119 5352 1418 5406 ascribitur.
1462 5351 1598 5405 Ante
1621 5351 1762 5404 enim

212 5460 382 5518 quam
425 5445 493 5499 ad
536 5445 840 5514 praedictam
875 5443 1046 5496 villam
1087 5452 1296 5498 ventum
1337 5453 1496 5506 esset,
1525 5442 1765 5510 quaedam

290 5569 316 5598 ι
338 5553 495 5611 11ωηί
519 5554 737 5615 scilicet,
763 5554 825 5605 ad
849 5568 1000 5620 quem
1028 5553 1182 5605 situm
1209 5551 1343 5605 istud
1368 5551 1765 5605 monasterium.

218 5628 357 5686 Has.

1794 4429 1845 4486 D

1882 1852 2033 1920 quias
2055 1864 2306 1910 venerata
2356 1869 2436 1919 es,
2463 1855 2667 1909 reddita
2692 1864 2776 1909 est
2797 1855 2911 1908 tibi.
2952 1855 3123 1924 Atque
3154 1857 3225 1909 ita
3255 1857 3440 1909 mulier

1880 1951 2098 2011 accepto
2123 1946 2264 2013 quod
2290 1959 2456 2032 suntin
2488 1953 2627 2010 erat,
2665 1945 2857 2000 itinere
2896 1961 2992 2000 suo
3031 1947 3302 2016 pergebat,
3331 1947 3440 2000 lau-

1879 2031 2011 2084 dans
2037 2039 2089 2086 et
2114 2033 2450 2098 benedicens,
2473 2032 2660 2087 Deum.

1947 2120 2036 2172 24.
2075 2119 2258 2174 Altera
2288 2130 2476 2179 autem
2511 2121 2596 2176 die
2626 2122 2906 2177 celebratis
2930 2124 3102 2193 primo
3130 2140 3284 2178 mane
3317 2126 3439 2178 mis-

1879 2224 2060 2264 sarum
2098 2209 2410 2277 solemnlis,
2469 2225 2598 2266 cum
2643 2212 2842 2266 sanctis
2885 2213 3154 2283 cineribus
3208 2215 3306 2265 iter
3356 2214 3438 2264 in-

1876 2299 2066 2367 gressi,
2109 2301 2354 2356 venimus
2390 2303 2444 2357 in
2498 2299 2671 2354 locum
2715 2302 2806 2370 qui
2856 2311 3075 2355 vocatur
3113 2291 3437 2360 Hassarodt.

1878 2389 1932 2442 in
1975 2405 2082 2458 quo
2123 2393 2515 2449 monasterium
2556 2398 2638 2445 est
2678 2393 3080 2456 monachorum,
3126 2394 3211 2461 qui
3241 2393 3439 2461 egressi

1876 2498 1998 2537 cum
2039 2483 2286 2539 crucibus
2320 2493 2375 2539 et
2410 2482 2600 2558 capsiis
2635 2491 2941 2538 sanctorum
2987 2483 3233 2552 reliquias
3272 2486 3442 2537 conti-

1877 2576 2148 2639 nentibus,
2191 2576 2398 2630 divinas
2441 2576 2639 2644 laudetfé
2678 2573 3038 2635 concinentes,
3064 2589 3126 2626 ex
3154 2574 3238 2627 illa
3272 2573 3439 2644 [Leg.,

1878 2660 2002 2732 alia]
2047 2670 2196 2731 parte
2234 2662 2518 2720 fluminis!
2544 2658 2845 2750 adfentum
2888 2671 3126 2716 nostrum
3169 2674 3443 2732 exspecta—

1876 2754 2021 2808 bant.
2073 2753 2180 2808 Nos
2220 2767 2348 2809 vero
2389 2770 2510 2810 cum
2551 2751 2898 2810 venissemus
2929 2752 2994 2804 ad
3028 2760 3239 2820 pontem
3276 2750 3444 2802 flumi-

1876 2845 1979 2908 nis,
2004 2852 2223 2912 propter
2253 2843 2662 2912 multitudinerrt
2681 2854 2797 2910 quae
2830 2839 2897 2893 ab
2921 2839 3231 2892 Alamannia
3264 2840 3439 2903 nobis-

1877 2950 1997 2989 cum
2022 2942 2239 2988 venerat
2267 2943 2330 2994 .et
2366 2935 2476 3005 jam
2507 2917 2696 3005 redirit
2735 2930 2946 2985 volebat
2971 2938 3028 2984 ut
3055 2931 3238 2983 orandi
3269 2932 3439 2984 locum

1875 3014 2138 3090 haberet,
2202 3001 2497 3095 parumper:
2525 3001 2898 3086 constitimus.
2962 3022 3018 3076 ln
3065 3036 3169 3088 quo
3218 3021 3332 3073 loco
3376 3036 3437 3073 ex

1874 3115 2070 3170 accolis
2111 3115 2345 3184 regionis
2386 3116 2526 3170 illius
2576 3130 2683 3172 non
2738 3111 2956 3166 minima
3014 3125 3137 3179 pars
3171 3106 3361 3179 populi
3418 3125 3447 3159 ο

1875 3205 2085 3259 diverso
2127 3205 2278 3259 nobis
2318 3206 2580 3271 occurrite
2601 3205 2735 3261 inter
2753 3218 2772 3284 “
2790 3216 2923 3270 quos
2964 3199 3157 3253 femina
3198 3201 3442 3268 quaedam

1873 3293 2040 3348 vellus
2077 3293 2213 3347 lanae
2255 3292 2454 3358 ferens,
2494 3309 2615 3349 cum
2660 3295 2726 3349 ad
2775 3288 3040 3344 feretrum
3083 3304 3275 3341 munus
3303 3289 3448 3342 obla-

1873 3391 1992 3437 tura
2030 3383 2376 3448 extenderet,
2421 3383 2540 3437 lana
2578 3398 2740 3453 quam
2780 3377 3045 3468 itenebat,
3092 3377 3234 3431 velut
3273 3378 3447 3430 fumus

1873 3473 2109 3528 evanuit.
2155 3472 2307 3539 Quod
2339 3489 2462 3528 cum
2484 3475 2708 3529 vidisset
2731 3473 2860 3538 illa},
2900 3483 3100 3537 pavens
3129 3482 3190 3520 ac
3217 3475 3447 3519 tremens

1872 3564 2034 3632 erepit
2079 3577 2320 3632 quarere
2358 3563 2762 3633 presbyterum,
2807 3553 2911 3633 cti‘j
2951 3565 3293 3626 peccatorum
3327 3570 3449 3607 stm—

1874 3669 1992 3706 rum
2036 3651 2430 3706 confessionem
2467 3651 2641 3716 daret,
2687 3623 3092 3716 consiliv‘Jmuc
3127 3659 3234 3697 sum
3261 3644 3449 3697 salinis

1873 3743 2156 3811 acciperet.
2202 3742 2532 3810 Interrogata
2579 3749 2759 3796 autem
2789 3741 2844 3796 si
2889 3715 3031 3795 lz‘ana
3075 3749 3192 3801 qua:
3234 3734 3296 3787 de
3337 3749 3445 3785 ma-

1872 3833 2029 3886 nibus
2070 3829 2186 3899 ejus
2227 3831 2443 3886 evanuit
2481 3839 2624 3885 esset
2660 3829 2882 3895 furtiva,
2925 3815 3188 3942 (\onfessa
3225 3833 3304 3875 est
3343 3837 3446 3874 non

1873 3936 1896 3942 _
1941 3934 1997 3942 ,Α
2043 3919 2269 3942 r.-_-.-_.
2323 3919 2412 3942 -...I
2454 3932 2480 3942 -
2527 3918 2751 3942 ----.a-..
2798 3920 2937 3942 ηυξ-
3008 3926 3102 3942 ειη.
3146 3910 3243 3942 εΗιί
3288 3909 3445 3942 Γιιίμειν

1871 3936 1900 3973 a
1940 3934 1999 3974 se
2042 3919 2293 3982 furatam,
2322 3919 2414 3972 sed
2453 3932 2483 3971 a
2524 3918 2754 3987 quadam
2797 3920 2940 3972 socia
2982 3909 3246 4002 ﬁliarum
3287 3909 3447 4002 fuisse

1870 4012 2138 4065 donatam.
2186 4008 2426 4080 Cumque
2467 4025 2554 4064 res
2594 4009 2832 4077 diligenti
2878 3999 3242 4102 inquii-fimus
3284 3999 3443 4102 vis“:

1868 4111 2106 4173 garetur,
2134 4101 2405 4156 inventum
2447 4108 2531 4155 est
2571 4100 2712 4168 quod
2748 4100 2863 4152 ovis
2901 4113 2933 4152 a
2968 4087 3095 4173 quia
3129 4089 3292 4144 vellus
3319 4087 3444 4139 illud

1867 4167 2139 4260 sumptum
2161 4199 2301 4254 erat,
2343 4189 2561 4259 proprio
2591 4167 2891 4258 possessori
2917 4195 3034 4241 erat
3073 4167 3280 4302 italum
3323 4177 3445 4227 sub-

1868 4280 1969 4302 ι-.-
2041 4280 2115 4302 IL:
2161 4279 2367 4302 ---:J_-_.
2415 4279 2567 4302 ..--L-
2619 4277 2702 4302 ιιι-
2774 4291 2888 4302 -.....
2933 4290 3024 4302 ......
3075 4291 3120 4302 ...
3194 4266 3421 4302 diri-nne

1868 4280 1994 4334 lata.
2039 4280 2116 4334 lbi
2156 4279 2370 4347 quidem
2415 4279 2571 4332 turba
2619 4277 2726 4341 illa,
2772 4291 2890 4345 qua:
2933 4266 3159 4337 nos,ut‘.'-
3194 4266 3444 4326 όὶκίιηιιει

1871 4375 1940 4427 ab
1963 4373 2274 4427 Alamannia
2299 4382 2579 4441 prosecuta
2602 4379 2703 4434 est,
2731 4371 2890 4425 adora
2919 4369 2962 4422 is
2986 4353 3446 4468 ειειιιέςξςυιειιὶδ

1870 4465 2039 4519 sacris
2078 4464 2338 4531 reliquiis,
2379 4464 2592 4517 domum
2632 4475 2840 4515 reversa
2881 4467 2980 4512 est.
3026 4452 3292 4542 Monaézhi
3321 4466 3446 4542 νεξῂο

1869 4553 1957 4622 qni
1983 4566 2082 4607 nos
2107 4551 2157 4605 in
2183 4552 2348 4605 altera
2375 4551 2604 4605 ﬂuminis
2639 4550 2749 4618 ripa
2775 4547 3208 4617 opperiebantur,
3231 4538 3317 4606 ὶβι
3343 4538 3442 4590 alia

1869 4641 2150 4696 multitudo
2183 4655 2301 4709 qua:
2338 4640 2490 4698 nobis
2530 4639 2599 4692 ibi
2637 4639 2889 4699 occurrit,
2913 4637 3148 4690 comitati
3175 4634 3324 4724 sunt!
3351 4642 3446 4680 nos

1867 4748 1989 4788 cum
2030 4731 2222 4785 divinis
2258 4730 2500 4785 laudibus
2541 4743 2708 4797 usque
2747 4727 2810 4780 ad
2849 4741 2969 4778 cum
3013 4725 3205 4787 locum,
3236 4711 3305 4797 in:
3341 4733 3446 4784 tum

1867 4820 2029 4875 simili
2077 4819 2232 4873 modo
2273 4820 2340 4872 ab
2381 4817 2499 4871 aliis
2536 4795 2940 4871 occurrentibus
2981 4795 3439 4882 excipieban‘aﬂl":

1865 4927 1985 4981 qua:
2021 4919 2146 4965 tunc
2178 4909 2445 4973 similiter,
2483 4918 2540 4962 ut
2573 4908 2739 4975 prior,
2765 4904 2904 4960 facta
2940 4906 3203 4969 oratione,
3231 4906 3295 4959 ad
3318 4901 3442 4973 ‘15"3

1866 5014 2081 5054 reversa
2119 5005 2220 5052 est.
2281 4997 2391 5050 Hoc
2435 4997 2589 5052 modo
2633 5010 2729 5064 per
2771 4994 3006 5064 singulos
3043 4995 3157 5048 dies
3197 5010 3226 5048 a
3269 4998 3446 5082 ηιὲὶηο
3520 5074 3523 5077 Ι

1867 5101 2036 5156 usque
2060 5087 2126 5139 ad
2149 5099 2424 5152 vesperam
2446 5085 2824 5139 comitantibus
2845 5100 2960 5147 nos,
2977 5094 3030 5137 et
3047 5082 3203 5152 li'gric
3230 5083 3339 5136 elei;
3359 5088 3442 5124 Nm

1867 5177 2208 5230 cantantibus
2248 5175 2560 5243 populorum
2601 5175 2790 5235 turbis,
2829 5189 2948 5228 cum
2993 5173 3188 5241 ingenti
3226 5163 3444 5242 gauu'i0

1868 5265 2261 5336 gradiebamur.

1938 5353 2198 5407 ‘25..Cum
2242 5361 2418 5404 autem
2467 5353 3040 5420 appropinquasscmns
3083 5350 3254 5413 villre,
3302 5354 3444 5417 qua

1870 5452 2091 5497 vecatur
2127 5441 2524 5510 Hamalunburg
2549 5441 2595 5504 ι),
2620 5441 2720 5494 sita
2761 5456 2920 5509 super
2961 5439 3172 5493 fluvium
3205 5429 3443 5492 nomitﬂc

1941 5556 1968 5594 ιν
1988 5553 2150 5627 Hodie
2174 5553 2445 5619 Amclburg
2466 5553 2712 5627 oppidum
2737 5552 2800 5604 ad
2825 5550 3018 5627 Sanam.
3050 5531 3368 5627 Hispani
3396 5556 3441 5627 ξ.

1876 5622 2191 5690 Hmnt‘lburg
2219 5661 2231 5685 ,
2270 5630 2455 5674 notum
2487 5621 2584 5674 hoc
2622 5635 2730 5674 mo
2769 5621 3011 5687 oppidum
3035 5659 3047 5683 ,
3088 5621 3236 5686 cujus
3276 5621 3441 5670 vita-"5
