3940 6344
498 316 566 371 55
1632 315 1720 367 AD
1760 314 1979 368 OPEllA
2019 313 2079 366 Β.
2124 314 2366 367 [MBAN
2406 311 2617 366 BML'RI
3632 304 3699 359 56

500 432 620 487 Sala
647 471 662 494 ,
704 446 823 499 quae
864 428 963 482 fuit
1002 430 1266 498 quondam
1308 427 1466 481 fiscus
1507 428 1683 497 regius
1709 466 1723 489 ,
1768 428 1934 482 donec
1978 443 2042 481 ex
2074 434 2115 489 Α
2147 428 2397 489 crastina,
2421 434 2479 477 ut
2505 423 2683 494 populi
2712 422 2975 487 dicebant,
2999 420 3297 475 audientem
3322 427 3374 473 et
3399 419 3702 488 loquentem

501 524 747 593 largitate
785 520 995 589 Pippini
1038 519 1179 587 regis
1222 516 1567 578 Francorum,
1614 517 1855 584 partibus
1884 518 2053 570 sancti

500 614 760 671 Bonifacii
801 611 1079 682 martyris,
1122 609 1342 663 solemni
1381 607 1666 662 donatione
1705 608 1898 662 collata
1942 619 2052 670 est,

500 712 852 761 occurrerunt
892 701 1045 756 nobis
1088 714 1208 753 cum
1253 698 1426 752 cereis
1470 706 1523 752 et
1568 699 1831 753 crucibus
1862 698 2058 752 intres

504 795 708 858 nostri,
732 793 819 864 qui
845 790 1088 845 habitant
1126 788 1179 842 in
1205 787 1359 852 cella,
1382 801 1500 855 qua:
1518 786 1586 841 ob
1609 786 1711 840 hoc
1729 787 1871 856 quod
1906 787 1975 840 ab
1993 804 2057 839 eo

500 888 767 956 quondam
803 892 885 938 est
926 883 1161 937 habitata
1184 921 1199 944 ,
1244 878 1479 948 Baugulfi
1510 891 1533 918 ι
1558 886 1799 941 vocatur,
1841 886 1898 931 ct
1937 893 2057 931 cum

502 978 581 1032 nis
624 979 808 1046 ingens
850 973 1129 1027 multitudo
1163 972 1399 1025 virorum
1443 983 1507 1022 ac
1546 969 1827 1023 mulierum
1873 984 1938 1023 ex
1983 968 2061 1022 di-

508 1065 669 1120 versis
703 1064 834 1118 locis
872 1061 1102 1129 undique
1138 1058 1539 1114 confluentium.
1589 1056 1736 1110 Inter
1768 1070 1907 1126 quos
1945 1064 2063 1109 erat

504 1152 718 1208 claudus
741 1152 956 1221 quidam
989 1151 1055 1203 de
1077 1151 1189 1217 ipsa
1214 1147 1359 1209 villa,
1386 1161 1546 1214 quam
1573 1160 1731 1213 supra
1760 1146 2059 1208 nominavi,

501 1243 606 1310 qui
642 1248 857 1311 propter
896 1239 1070 1295 cruris
1123 1253 1187 1290 ac
1240 1236 1390 1305 pedis
1434 1235 1591 1289 unius
1643 1236 2061 1291 imbecillitatem

502 1330 706 1385 duobus
748 1346 805 1385 se
844 1328 1047 1384 baculis
1085 1327 1150 1379 ad
1191 1325 1539 1379 incedendum
1585 1325 1940 1379 sustentabat.
1990 1324 2061 1385 ls,

501 1434 621 1473 cum
656 1419 809 1472 nobis
843 1417 1114 1487 paululum
1149 1414 1565 1469 consistentibus
1600 1415 1830 1482 populus
1857 1414 1945 1481 qui
1977 1429 2064 1467 oc-

501 1509 669 1565 currit
703 1522 888 1562 sacras
928 1506 1181 1574 reliquias
1220 1505 1486 1568 adoraret,
1522 1504 1576 1557 in
1610 1512 1905 1573 conspectu
1932 1502 2067 1556 tnui-

503 1600 743 1655 titudinis
783 1615 880 1668 per
924 1599 1113 1652 merita
1156 1597 1326 1650 sancti
1375 1597 1625 1667 martyris
1672 1605 1786 1665 tam
1828 1594 2067 1665 perfecte
2103 1615 2110 1623 ·

502 1700 721 1746 curatus
757 1700 855 1753 est,
893 1699 952 1743 ut
986 1689 1124 1742 ultra
1166 1689 1216 1740 iu
1258 1687 1579 1741 ambulando
1619 1688 1936 1742 liaculorum
1976 1686 2068 1740 ad-

502 1779 752 1836 miniculo
778 1795 884 1833 non
912 1787 1114 1848 egeret.
1634 1774 1639 1779 ’

569 1891 657 1946 26.
698 1891 831 1946 Cum
861 1899 1038 1945 autem
1066 1889 1407 1958 pergentibus
1434 1888 1594 1963 nobis
1620 1900 1675 1944 et
1698 1904 1909 1943 sacrum
1935 1904 2070 1942 onus

505 1982 802 2036 ferentibus
828 1988 1046 2033 ventum
1080 1987 1225 2033 esset
1251 1978 1316 2031 ad
1346 1972 1572 2045 ﬂuviu/m
1592 2021 1605 2043 ,
1644 1980 1946 2033 invenimus
1976 1979 2071 2031 ab-

503 2073 679 2125 batem
727 2076 969 2125 nostrum
1014 2083 1133 2121 cum
1177 2057 1554 2121 sacerdotibus
1596 2081 1658 2120 ac
1700 2065 1973 2119 monachis
2018 2073 2072 2117 et

502 2173 692 2229 magna
722 2155 1059 2212 multitudine
1086 2154 1383 2219 hominum,
1409 2153 1475 2209 in
1504 2154 1667 2209 altera
1703 2155 1816 2222 ripa
1841 2150 2073 2205 fluminis

501 2252 785 2305 adventum
825 2257 1066 2303 nostrum
1100 2254 1533 2316 exspectantem.
1584 2246 1711 2301 Erat
1747 2245 1959 2314 quidem
2000 2244 2073 2298 ibi

506 2339 756 2394 transitui
786 2347 970 2393 nostro
999 2338 1151 2391 navis
1177 2344 1408 2405 parata,,
1454 2337 1546 2393 sed
1588 2351 1693 2390 non
1726 2334 1778 2389 in
1806 2343 1930 2403 apto
1958 2334 2074 2387 loco

504 2430 571 2485 ad
615 2437 815 2483 terram
858 2427 1150 2493 subducta;
1193 2424 1405 2499 idcircro‘
1436 2436 1757 2499 praeceptum
1788 2431 1869 2478 est
1897 2424 2076 2477 nautis

502 2529 561 2575 ut
584 2534 703 2575 eam
733 2518 889 2573 nobis
912 2518 1124 2573 obviam
1149 2491 1442 2585 ducemdt,
1469 2518 1559 2591 qui
1589 2518 1743 2587 longe
1768 2529 1977 2569 sursum
2008 2514 2074 2568 ab

500 2627 567 2667 eo
595 2610 713 2666 loco
744 2611 808 2664 ad
836 2608 986 2663 littus
1011 2590 1430 2687 venimus."'fliis
1458 2623 1584 2664 vero
1620 2605 1991 2662 festinantibus
2018 2611 2078 2658 ut

497 2706 649 2775 jussa
675 2703 975 2773 explerent,
1004 2698 1127 2756 cum
1157 2690 1351 2775 funem
1380 2701 1691 2764 solvissent,
1723 2706 1778 2752 et
1807 2698 1859 2751 in
1886 2710 2075 2750 navem

503 2790 831 2848 descendere
852 2796 1155 2860 parassent,
1179 2788 1370 2879 sulpito
1395 2804 1427 2843 e
1451 2788 1695 2843 manibus
1719 2799 1900 2840 eorum
1933 2784 2078 2853 lapsa

503 2883 558 2935 in
588 2895 820 2943 amnem,
853 2880 900 2933 vi
930 2879 1158 2945 quadam
1185 2878 1237 2931 in
1258 2873 1452 2936 visibili
1483 2887 1668 2933 contra
1699 2878 1954 2945 impetum
1982 2873 2079 2926 flu-

505 2972 664 3037 minis
692 2979 808 3026 acta
840 2969 1133 3032 ferebatur,
1177 2960 1365 3041 donec
1408 2971 1474 3025 ad
1515 2969 1691 3025 locum
1724 2981 1831 3036 quo
1866 2980 2078 3021 sacrum

502 3078 640 3119 onus
658 3060 969 3130 suSceptura
991 3068 1110 3113 erat
1130 3050 1312 3117 li'Iwri
1332 3060 1579 3131 applicita
1600 3056 1862 3127 pervenit.
1890 3054 2079 3108 Trans-

503 3152 692 3222 positis
720 3158 901 3205 autem
932 3138 1211 3220 reliquiis,
1242 3160 1296 3208 et
1322 3151 1378 3206 in
1407 3157 1561 3222 prato
1587 3149 1862 3219 adiacente
1890 3147 2077 3200 missa-

506 3259 623 3298 rum
652 3242 929 3297 solemniis
962 3248 1201 3310 propter
1236 3241 1630 3298 multitudinem
1672 3239 1771 3293 sub
1812 3236 1901 3291 dio
1942 3235 2080 3290 cele~

509 3335 695 3398 bratis,
718 3348 840 3388 cum
868 3332 923 3386 in
948 3334 1262 3402 oratorium
1287 3330 1426 3402 quod
1454 3330 1506 3383 in
1532 3328 1657 3382 villa
1682 3334 1800 3381 erat
1826 3324 2083 3380 feretrum

505 3426 625 3481 eum
669 3425 836 3479 sacris
879 3420 1084 3477 cinerib
1102 3400 1167 3480 ίιε
1209 3434 1560 3494 poneremus,
1606 3417 1799 3475 mulier
1841 3418 2085 3486 quaedam

507 3529 791 3570 nervorum
817 3512 1203 3571 contractione
1244 3515 1319 3568 ita
1349 3516 1567 3566 curvata
1592 3549 1605 3573 ,
1652 3515 1713 3560 ut
1758 3504 1974 3575 penitus
2017 3502 2086 3556 ad

505 3604 789 3658 videndum
820 3592 1040 3674 οωιιιῐῐιῗ
1066 3620 1124 3661 se
1148 3604 1355 3674 erigere
1380 3615 1485 3655 non
1513 3605 1721 3668 posset,
1757 3595 1966 3649 cunctis
1994 3593 2086 3663 qui

509 3693 732 3748 aderant
756 3672 1098 3758 videntibi'us,
1121 3672 1300 3747 coram
1330 3690 1498 3746 sancti
1525 3688 1619 3743 Dei
1649 3686 1890 3755 reliquiis
1918 3685 1984 3739 ab
2009 3685 2089 3738 in-

508 3780 812 3844 commodo,
838 3793 945 3847 quo
982 3770 1097 3852 iam
1124 3795 1222 3852 per
1246 3779 1442 3835 multos
1472 3792 1640 3833 annos
1669 3773 1946 3830 laborabat
1973 3814 1986 3839 ,
2033 3773 2088 3827 in

512 3880 782 3926 momento
825 3852 1102 3943 temt‘poris
1131 3872 1329 3925 virtute
1365 3869 1543 3924 divina
1575 3867 1797 3921 liberata
1836 3873 1939 3919 est.
1990 3862 2091 3917 Po-

508 3972 652 4017 slcra
687 3961 772 4015 die
806 3948 950 4019 im’fe
980 3961 1235 4033 profecti,
1276 3959 1519 4013 venimus
1545 3957 1597 4011 in
1630 3956 1803 4009 locum
1834 3952 2091 4008 vocabulo

508 4034 904 4125 Lihlolvesba‘ji
927 4047 1345 4125 [Lichtesbacb],
1368 4047 1460 4116 qui
1484 4055 1568 4101 est
1595 4045 1646 4099 in
1674 4044 1811 4098 saltu
1835 4042 2088 4104 Buconia,

509 4148 737 4209 quatuor
780 4119 969 4197 lctiicis
1013 4140 1221 4195 distans
1265 4153 1295 4191 a
1325 4135 1626 4191 \luldensib
1661 4134 1948 4187 coenobio:
2001 4131 2091 4184 ubi

510 4227 742 4296 suscepti
773 4214 864 4305 g’fb
893 4230 1089 4286 accolis
1119 4228 1295 4291 silvae,
1336 4239 1562 4296 quorum
1593 4239 1781 4294 magna
1813 4220 2093 4275 multitudo

510 4318 721 4372 obviam
748 4323 1019 4399 ﬂeuerat,
1052 4334 1176 4373 cum
1206 4318 1258 4371 in
1285 4314 1521 4369 oratorio
1549 4312 1802 4367 feretrum
1832 4310 2094 4381 posuisse-

511 4422 651 4471 mllS.
696 4402 960 4485 Quaedam
985 4409 1177 4465 mulier
1200 4404 1518 4477 paupercula
1541 4404 1708 4458 tilium
1730 4417 1882 4456 suum
1908 4416 2092 4456 sexen—
2119 4424 2169 4481 ι)

513 4491 734 4571 neutr-fa
761 4505 1039 4561 nativitate
1067 4500 1284 4555 surdum
1312 4506 1367 4550 et
1392 4504 1616 4558 mutum,
1648 4494 1700 4547 in
1725 4491 1865 4546 ulnis
1893 4490 2090 4555 ferens,

514 4562 859 4709 alllcrsancti
892 4594 1144 4662 reliquias
1172 4588 1377 4658 posuit,
1407 4586 1583 4654 ibique
1612 4591 1964 4658 pernoctans,
2010 4582 2095 4637 die

516 4762 621 4814 ³η(
657 4769 854 4824 Christi
897 4765 1030 4818 1540
1070 4780 1097 4815 a
1143 4762 1243 4816 fide
1279 4735 1576 4815 orthodoxa
1620 4758 1876 4812 defecisse
1916 4756 2097 4810 obser-

514 4841 631 4952 ἶέιὲι
664 4840 945 4892 Brovverus
986 4836 1037 4887 in
1077 4830 1417 4900 cbronologia
1458 4829 1703 4882 abbatum
1734 4825 2093 4880 Fuldcnsium.

542 4916 701 4962 »θἰιι.

607 4932 701 4959 ιι.ι,.

522 5062 531 5069 ,
613 5013 637 5039 ι
668 5000 739 5053 De
774 5002 874 5069 hac
910 4993 1146 5069 Daugulfi
1177 4990 1306 5049 cella
1335 4989 1617 5042 Browcrus
1646 4985 1915 5054 disputat,
1957 4984 1994 5036 ι.
2027 4999 2098 5046 iv,

520 5067 599 5123 Π]
632 5067 990 5135 clironologia.
1024 5067 1099 5116 In.

546 5206 547 5215 χ
616 5160 643 5198 δ
668 5157 757 5211 Sic
802 5172 906 5210 non
951 5169 1074 5207 raro
1117 5151 1333 5205 flectunt
1370 5147 1633 5200 Fuldensc
1675 5146 2101 5215 monasterium,

520 5212 684 5295 (λιιιοιι
714 5225 880 5299 Valgia
909 5225 1068 5278 etiam
1100 5220 1347 5272 Matthreo
1376 5216 1578 5269 Parisio
1608 5227 1660 5269 ct
1691 5214 1810 5299 aliis
1837 5212 2104 5265 nonnullis

521 5307 538 5341 ί
565 5293 758 5352 licitur.
786 5293 921 5347 Man.

540 5416 541 5419 η
568 5376 571 5383 ’
619 5397 640 5425 ο
670 5384 816 5447 Adde
842 5380 1250 5437 celebrabantur,
1273 5387 1364 5429 aut
1387 5375 1513 5445 quid
1542 5372 1730 5447 simile.
1773 5370 1899 5447 Erat
1921 5377 2101 5447 autem

522 5438 718 5508 “annus
736 5450 932 5520 Christi
1107 5464 1211 5514 quo
1238 5438 1638 5520 Paschacratp
1660 5438 1876 5520 Aprilis,
1908 5440 2104 5520 ascen-

525 5520 847 5643 ;
872 5518 937 5573 l8
958 5517 1099 5575 Maii,
1125 5507 1171 5567 et
1199 5516 1399 5580 primus
1421 5512 1772 5581 Rogationum
1792 5508 1905 5560 dies
1928 5507 2102 5559 Idibus

540 5625 598 5659 ³.
623 5625 925 5715 JHLuriovici
952 5653 1245 5708 Germania:
1278 5653 1412 5719 regis
1439 5649 1689 5718 diploma,
1718 5647 1933 5700 Rabauo
1962 5644 2100 5697 fideli

2157 516 2465 585 reportavit.

2224 607 2310 657 27.
2350 602 2459 658 Nos
2504 618 2632 658 vero
2673 601 2948 671 completis
2994 600 3372 654 matutinorum
3421 596 3664 653 laudibus
3687 636 3701 657 .

2155 699 2542 763 missarumque
2576 693 2850 749 solemniis
2907 693 3011 745 rite
3044 690 3305 761 peractis,
3344 703 3465 743 cum
3498 687 3708 757 populis

2156 785 2364 838 divinas
2400 783 2583 836 laudes
2608 782 3010 837 concinentibus
3048 781 3150 833 iter
3178 778 3435 847 ingrcssi,
3467 790 3587 829 cum
3615 789 3708 828 ve—

2159 872 2424 926 nissemus
2476 870 2542 924 ad
2591 878 2929 939 conspectum
2979 868 3319 931 monasterii,
3372 881 3497 921 ecce
3543 866 3708 919 abbas

2160 971 2359 1024 noster,
2388 961 2477 1030 qui
2509 976 2604 1014 nos
2631 959 2800 1028 pridie
2826 958 3100 1027 praecessit
3126 958 3191 1010 ad
3219 954 3567 1010 ordinandam
3595 967 3709 1006 sus-

2160 1052 2458 1119 ceptionem
2489 1058 2794 1103 sanctarum
2821 1046 3183 1117 reliquiarum,
3211 1048 3422 1101 obviam
3452 1045 3629 1108 venit,
3658 1051 3714 1097 et

2161 1155 2279 1191 cum
2309 1153 2374 1193 eo
2398 1138 2571 1192 omnis
2612 1136 2893 1191 multitudo
2922 1135 3145 1189 fratrum
3178 1144 3511 1196 uostromm,
3557 1146 3714 1185 exce-

2161 1230 2267 1296 ptis
2288 1242 2421 1297 quos
2439 1227 2522 1282 vel
2549 1236 2680 1281 artas
2699 1225 2780 1281 vel
2807 1225 3088 1279 infirmitas
3108 1224 3256 1278 exire
3278 1223 3571 1291 prohibuit,
3592 1235 3714 1274 cum

2163 1317 2411 1373 crucibus
2436 1326 2491 1371 et
2515 1317 2687 1372 cereis
2711 1356 2726 1380 ,
2773 1322 3047 1385 portantes
3075 1315 3127 1366 in
3156 1313 3346 1367 loculis
3374 1325 3494 1366 ossa
3524 1310 3716 1363 beato-

2165 1424 2281 1462 rum
2323 1418 2611 1477 martyrum
2643 1405 2842 1461 Urbani
2888 1413 2944 1458 et
2988 1402 3229 1469 Quirini,
3273 1416 3392 1470 qua).
3436 1400 3504 1454 de
3545 1398 3717 1453 Roma

2163 1514 2335 1569 nuper
2361 1498 2519 1551 allata
2548 1512 2705 1566 supra
2731 1496 3041 1550 memoravi.
3078 1495 3208 1549 Erat
3234 1495 3393 1548 etiam
3417 1508 3537 1549 cum
3561 1492 3641 1547 eis
3664 1500 3722 1545 et

2164 1584 2523 1657 Reginbaldus
2571 1584 2981 1653 cborepiscopus
3010 1622 3023 1647 ,
3086 1590 3141 1636 et
3189 1581 3395 1634 infinita
3443 1579 3719 1634 hominum

2168 1675 2469 1739 ruultit‘udo,
2508 1674 2597 1743 qui
2634 1681 2852 1742 propter
2886 1671 3100 1724 litanias
3139 1666 3386 1735 majores,
3432 1683 3551 1737 quae
3593 1676 3721 1721 tunc

2100 1764 2145 1820 B
2174 1766 2353 1819 Idibus
2378 1776 2399 1803 ο
2430 1763 2554 1818 Maii
2588 1764 2806 1826 mensis,
2849 1760 2915 1815 de
2953 1761 3177 1816 diversis
3205 1759 3334 1813 locis
3362 1758 3427 1812 ad
3454 1765 3724 1811 monaste-

2171 1856 2724 1933 riumconvenerant.
2778 1850 3014 1920 Cumque
3062 1849 3370 1919 suppliciter
3412 1848 3724 1903 adorassent

2172 1947 2296 1998 cum
2325 1957 2531 1997 summa
2560 1942 2930 2005 veneratione,
2978 1948 3281 2010 susceptum
3317 1953 3512 2008 corpus
3548 1936 3722 1995 sancti

2174 2024 2419 2090 Venantii
2461 2033 2710 2103 martyris
2750 2032 3027 2086 ecclesiam
3048 2030 3073 2069 ά
3102 2031 3268 2084 sancti
3296 2028 3514 2083 Joannis
3542 2029 3721 2097 Bapti-

2172 2135 2297 2189 sta:,
2348 2138 2465 2193 quas
2509 2124 2669 2177 distat
2712 2121 2792 2193 (ut
2836 2119 3088 2191 praefatus
3133 2119 3271 2189 sum)
3319 2134 3350 2171 a
3401 2117 3727 2172 monasterio

2174 2200 2325 2285 quasi
2355 2214 2540 2268 stadiis
2573 2228 2793 2276 novem,
2830 2226 2947 2267 cum
2984 2211 3196 2280 hymnis
3223 2217 3277 2264 et
3301 2208 3547 2263 laudibus
3581 2208 3725 2261 intu-

2174 2307 2369 2360 lerunt.
2407 2304 2556 2370 Quod
2586 2302 2946 2373 Reginbaldus
2978 2301 3388 2369 cborepiscopus
3423 2298 3564 2353 facta
3606 2314 3730 2352 ora—

2172 2394 2320 2447 tione
2351 2393 2407 2447 in
2436 2392 2619 2447 absiila
2646 2390 2886 2446 ecclesiae
2915 2390 2980 2443 ad
3008 2388 3269 2443 orientem
3298 2388 3489 2442 altaris
3516 2387 3569 2440 in
3604 2400 3731 2440 arca

2174 2496 2332 2535 saxea
2363 2480 2694 2544 recondidit,
2739 2479 3051 2546 cineresque
3092 2484 3395 2530 sanctorum
3431 2483 3728 2545 martyrum

2180 2571 2379 2627 Urbani
2407 2579 2462 2626 et
2485 2569 2689 2637 Quirini
2718 2568 2916 2637 pariter
2938 2565 3205 2635 deposuit,
3227 2563 3465 2634 singulos
3490 2578 3731 2617 seorsum

2087 2694 2129 2723 .,;
2176 2661 2231 2715 in
2264 2659 2487 2730 singulis
2513 2657 2700 2713 loculis
2728 2657 2999 2711 inclusos:
3034 2655 3154 2720 ubi,
3191 2654 3521 2708 orationibus
3546 2667 3729 2707 eorum

2178 2748 2407 2803 fideliter
2432 2747 2596 2802 Deum
2624 2745 3051 2817 deprecantibus,
3082 2742 3337 2799 beneﬁcia
3362 2753 3386 2782 ο
3412 2749 3736 2811 prmstantur

2181 2855 2349 2910 usque
2387 2840 2438 2893 in
2478 2846 2794 2909 praesentem
2834 2838 2974 2891 diem
2999 2875 3014 2901 ,
3062 2835 3129 2889 ad
3170 2832 3375 2887 laudem
3416 2841 3471 2887 et
3511 2833 3732 2903 gloriam

2182 2928 2392 2985 Domini
2438 2928 2606 3010 nostri
2640 2925 2765 2981 Jesu
2802 2925 2998 2981 Christi
3018 2965 3032 2987 ,
3075 2923 3163 2991 qui
3195 2930 3314 2977 cum
3345 2922 3455 2977 Deo
3479 2921 3638 2976 Patre
3671 2930 3733 2976 et

2182 3019 2384 3088 Spiritu
2410 3025 2596 3073 sancto
2619 3017 2747 3071 vivit
2774 3024 2830 3071 et
2855 3025 3040 3085 regnat
3064 3014 3200 3069 Deus
3225 3030 3321 3086 per
3342 3013 3520 3067 omnia
3544 3010 3737 3067 sarcula

2105 3094 2150 3155 (ἶ
2166 3112 2513 3192 seculorum.

2251 3205 2339 3260 28.
2378 3204 2556 3259 Abbas
2583 3217 2708 3258 vero
2729 3202 2955 3269 desuper
2974 3199 3207 3270 ligneum
3231 3198 3402 3252 erexit
3425 3194 3738 3262 aedificium,

2184 3296 2324 3365 quod
2354 3309 2421 3350 ex
2449 3296 2581 3349 auro
2615 3300 2669 3347 et
2697 3298 2920 3361 argento
2948 3290 3200 3343 decenter
3230 3286 3476 3351 ornavit,
3522 3284 3747 3353 scriptis

2184 3384 2239 3438 in
2261 3383 2486 3439 circuitu
2512 3381 2747 3435 metricis
2769 3378 3029 3442 versibus,
3054 3372 3214 3448 gesta:
3237 3376 3312 3429 rei
3334 3389 3547 3430 causam
3571 3372 3751 3427 decla-
3792 3438 3797 3459 £

2186 3474 2451 3539 rantibus,
2479 3474 2580 3527 hoc
2606 3470 2764 3525 modo
2790 3488 2801 3522 :

2250 3574 2519 3632 Praecursor
2545 3580 2754 3641 Domini,
2778 3578 3013 3627 Christum
3035 3577 3118 3641 qui
3142 3578 3354 3641 tinxerat
3374 3574 3511 3624 undis
3534 3611 3550 3635 ,

2317 3644 2445 3692 Hauc
2469 3643 2623 3691 aulam
2651 3635 2902 3701 inhabitat,
2920 3635 3507 3701 sanct'iﬂcatque‘domum.

2251 3706 2487 3764 Quattuor
2520 3703 2740 3764 hancque
2766 3701 2851 3764 viri
2869 3695 3082 3760 {Christi
3107 3695 3342 3760 mag'nalia
3366 3695 3557 3764 scriptis

2313 3766 2402 3825 Qui
2423 3767 2517 3821 jam
2540 3758 2672 3822 (AL,
2686 3761 2806 3825 tum)
2831 3758 3203 3825 expresserunt,
3220 3771 3335 3825 ecce
3355 3759 3515 3825 mttunt
3538 3758 3745 3818 pariter.

2251 3817 2347 3877 Sed
2373 3817 2592 3874 homines
2614 3817 2759 3870 sancti
2782 3817 2938 3881 valde,
2962 3825 3014 3881 et
3034 3832 3170 3868 sacro
3185 3817 3358 3869 ordine
3384 3817 3497 3867 clari
3524 3851 3538 3875 ,

2309 3887 2413 3935 Non
2438 3888 2595 3932 minus
2618 3882 2859 3931 exsultant
2882 3880 3228 3940 nubilitantque
3253 3880 3404 3935 locum
3430 3922 3441 3940 ,

2250 3949 2378 4006 Quos
2403 3947 2495 3993 huc
2512 3943 2877 4006 diversisgduxit
2898 3954 2961 3990 ex
2983 3942 3196 4000 partibus
3217 3940 3347 3988 orbis
3370 3977 3385 3999 ,

2314 4008 2569 4059 Serrorum
2596 4003 2780 4051 Domini
2806 4009 3034 4050 strenuus
3055 4008 3188 4049 actus
3220 4013 3368 4049 amor.

2254 4069 2497 4118 Urbanum
2519 4064 2687 4120 Roma,
2721 4063 2967 4120 Quirinum
3008 4063 3156 4111 Siscia
3193 4064 3351 4118 misit,

2313 4129 2443 4186 Quos
2466 4129 2547 4185 pie
2567 4125 2835 4186 suscipiens
2862 4124 3074 4186 enminet
3088 4124 3188 4186 iste
3210 4122 3358 4170 locus.

2256 4182 2874 4259 insigni‘spraesul'sanctus
2896 4182 3169 4259 qunantius.
3181 4220 3205 4255 ,_
3220 4192 3364 4243 atque

2319 4243 2390 4298 ne
2414 4243 2624 4295 Arimino
2650 4243 2671 4282 τ
2702 4251 2905 4296 veniens
2929 4243 3004 4292 hic
3028 4244 3180 4292 simul
3196 4245 3299 4303 ipse
3322 4249 3500 4291 manet.

2255 4310 2352 4360 llos
2369 4307 2488 4369 (AL,
2514 4306 2623 4361 llic)
2646 4318 2839 4369 quoque
2862 4312 3111 4369 susceptos
3134 4304 3355 4369 Rabauus
3373 4310 3505 4352 sorte
3526 4303 3705 4352 locavit

2316 4363 2620 4427 sarcophago
2644 4363 2731 4415 hoc
2752 4363 2920 4427 digne,
2947 4364 3095 4427 edidit
3115 4371 3165 4412 et
3189 4363 3400 4427 titulum,

2257 4425 2535 4492 Deposcens
2555 4425 2725 4476 omnes
2748 4426 2977 4492 templum
3000 4426 3086 4492 qui
3105 4426 3350 4492 gressibus
3370 4425 3547 4473 intrant
3568 4460 3582 4485 ,

2321 4485 2476 4553 ipsum
2502 4497 2554 4538 ut
2576 4485 2913 4537 commendent
2936 4487 3030 4533 rite
3055 4485 3161 4533 Deo
3196 4485 3436 4546 precibus.

2266 4534 2369 4628 29.r
2394 4572 2521 4627 Post
2557 4570 2668 4624 haec
2709 4568 2882 4621 allatrc
2918 4574 3045 4620 sunt
3087 4566 3133 4620 ei
3179 4534 3415 4635 reliquia:
3442 4534 3754 4619 sanctorum

2200 4745 2493 4819 (sic_\_'ocat)
2513 4741 2805 4819 secretario
2833 4754 2930 4819 suo
2948 4753 3267 4819 concessum
3288 4738 3349 4818 in
3374 4732 3763 4819 gratiam-sari-

2199 4805 2271 4871 cti
2305 4805 2549 4869 Venaiitii
2571 4852 2586 4874 ,
2635 4811 2749 4930 leg?
2782 4809 2920 4878 apud
2948 4807 3253 4861 Browerum
3286 4807 3337 4860 in
3365 4805 3549 4876 Antiq.
3590 4805 3755 4859 Fuld.

2204 4888 2296 4930 liii-
2326 4901 2404 4930 ιιι-
2435 4896 2549 4930 (ιλιι).
2581 4881 2663 4930 15.
2755 4895 2839 4930 ΑΒ.

2204 4888 2296 4939 lib.
2326 4901 2405 4946 ιιι,
2435 4896 2549 4949 cap.
2581 4881 2663 4933 l5.
2701 4881 2839 4949 Man.

2279 4965 2301 4992 ο
2324 4952 2379 5006 S.
2395 4942 2715 5004 Ven—nntium
2736 4948 2838 5001 hoc
2859 4947 2909 4999 in
2932 4945 3046 4999 loco
3066 4944 3335 4998 miraculis
3354 4958 3477 4998 mox
3496 4942 3763 4997 claruisse

2207 5016 2430 5077 testatur
2462 5018 2754 5072 Ludovicus
2784 5015 2909 5069 Pius
2944 5016 3230 5081 imperator
3260 5015 3311 5067 in
3348 5021 3611 5081 prmscpto
3637 5022 3759 5081 ira-7

2205 5093 2419 5146 ditionis
2443 5088 2622 5155 praedii
2648 5080 3030 5155 Uresprungen
3051 5082 3124 5155 Β.
3148 5080 3366 5155 Baliarici
3386 5080 3761 5155 dopgti,_quod

2207 5160 2408 5229 profert
2443 5149 2735 5229 'Browcrus
2851 5169 2910 5229 ιιι
2929 5149 3120 5229 Ἀιιιὶςι.
3150 5151 3335 5229 Fuld.,
3372 5167 3420 5206 c.
3454 5151 3541 5205 i5.
3584 5149 3649 5229 Ἰιι
3685 5165 3761 5204 eo

2208 5218 2455 5284 dicuntur
2506 5244 2523 5275 ι
2581 5224 2836 5278 miracula
2887 5221 3024 5275 facta
3072 5218 3223 5290 longe
3267 5220 3477 5288 lateque
3519 5218 3762 5290 celebcrf

2207 5300 2337 5352 rima
2366 5314 2377 5349 :
2414 5294 2606 5348 infirmi
2641 5293 2841 5353 sanati,
2874 5286 3185 5343 daemoniaci
3211 5286 3438 5348 liberati,
3467 5286 3759 5357 paralytici

2205 5368 2395 5429 curati,
2426 5364 2551 5419 caeci
2583 5362 2894 5424 illuminati;
2928 5371 2981 5413 ct
3010 5359 3406 5429 eximnnimoda
3436 5357 3759 5412 infirmitate

2204 5451 2369 5504 genus
2400 5436 2684 5504 humanum
2713 5430 2993 5504 salva_tum._
3023 5448 3040 5478 ι
3066 5428 3233 5504 ’Βυιιτ

2280 5505 2296 5541 ί
2324 5505 2378 5557 in
2407 5503 2561 5556 editis
2585 5499 2782 5554 llaliani
2814 5498 2958 5552 libris
2981 5498 3170 5568 legitur
3193 5498 3452 5559 Aliminio,
3478 5496 3757 5549 mendose.

2206 5575 2337 5628 Man.
2659 5589 2661 5592 ‘
