1970 3161
293 145 330 175 50

848 144 895 171 AD
912 142 1024 172 OPERA
1043 142 1074 170 Β.
1093 141 1218 171 RABANI
1236 140 1345 171 MAURI

1860 132 1894 160 60

294 202 432 238 spiritibus
445 200 588 229 immundis
602 201 738 232 obsessos,
758 202 786 225 et
804 198 916 225 diversis
929 197 1069 225 infirmita-
1082 199 1106 228 Α
1118 204 1196 224 verso
1212 196 1239 223 in
1254 195 1337 223 altera
1351 193 1407 228 ripa
1422 189 1630 238 fluministurba
1648 195 1700 216 non
1715 187 1832 219 modica,
1848 186 1895 236 ad-

295 251 351 274 tum
365 247 506 281 generibus
516 245 644 277 afﬂictos;
663 244 800 271 credentes
811 250 859 278 per
872 242 966 270 merita
978 245 1005 269 et
1013 249 1071 269 ora-

294 293 381 320 tioues
403 297 554 319 sanctorum
577 291 754 318 desideratam
777 288 895 322 recipere
918 287 1068 315 sanitatem.

295 337 366 363 luter
384 344 450 371 quos
463 336 575 363 adducta
589 338 629 361 est
651 333 745 360 mulier
763 332 942 362 dtemoniaca,
965 331 1071 357 nomine

295 381 444 408 liuodmwi.
469 380 532 406 Erat
552 379 623 406 enim
637 384 649 398 α
666 377 699 404 de
716 381 848 411 potestate
867 380 941 403 sanct
974 375 1071 402 Kiliani

296 427 428 461 martyris,
443 425 563 452 habitans
577 424 603 450 in
615 423 677 450 villa
691 430 750 457 quae
762 425 871 448 vocatur
880 420 995 447 Aschah.
1011 419 1070 445 Mox

296 470 377 505 igitur
392 473 420 496 ut
434 468 555 503 pervenit
567 467 599 494 ad
612 469 783 501 conspectum
798 462 878 492 loculi
893 471 946 498 quo
964 467 1072 489 sancto-

296 523 354 541 rum
366 514 483 547 reliquiar.
494 512 657 544 ferebantur,
669 514 775 545 arrepta
786 510 820 537 ab
830 508 966 536 immundo
978 507 1072 542 spiritu

294 559 339 586 diu
352 558 516 592 multumque
529 557 719 591 torquebatur,
736 555 820 581 donec
833 562 881 589 per
895 554 942 580 'Jei
961 553 1072 588 gratiam

294 603 321 629 iu
334 605 476 636 conspectu
491 600 667 628 multitudinis
681 603 735 626 tam
749 598 868 634 perfecte
880 602 972 625 curata
983 601 1031 627 est.
1044 600 1074 624 ut

293 645 417 680 deinceps
429 645 568 673 incolumis
583 648 610 672 et
629 651 700 679 sanae
722 643 819 670 mentis
840 643 868 670 in
889 642 936 669 Dei
953 641 1073 668 laudibus

292 694 487 724 perseveraret,
496 697 555 724 qua
565 689 639 724 prius
650 688 803 719 frequenter
812 687 963 722 huiusmodi
975 687 1074 714 incom-

294 734 374 761 modo
386 733 508 760 laborare
522 733 634 760 solebat.

327 795 371 823 54.
387 795 441 823 Hoc
454 795 561 830 quidem
573 798 676 829 gestum
692 797 733 821 est
745 790 820 821 sexta
837 793 964 820 feriaxtv
978 792 1074 820 Kalen-

294 840 387 866 darum
399 839 586 875 Augustarum.
604 839 693 866 Abbas
706 846 769 866 vero
782 839 856 865 circa
871 838 999 864 honorem
1013 845 1074 864 san-

295 887 398 916 ctorum
417 891 538 919 magnam
553 890 647 917 gerens
663 882 885 916 sollicitudinem,
901 889 943 908 me
956 886 983 908 et
996 888 1076 915 quos-
1090 876 1111 905 Β

294 930 355 957 dam
373 937 405 957 ex
427 928 555 956 fratribus
570 928 639 965 [Al.,
656 929 787 970 quosdam
809 927 953 962 fratribus]
970 927 1076 954 obviam

296 974 385 1006 misit,
409 974 564 1008 praecipiens
579 978 607 1000 ut
625 981 693 1001 ossa.
703 977 857 1001 sanctorum
873 977 1020 1008 martyrum
1033 972 1077 999 Ja-

294 1019 382 1045 nuarii
394 1023 420 1045 et
434 1018 520 1053 Magni
533 1019 728 1045 dimitterentur
749 1019 775 1045 in
795 1018 991 1049 monasteriolo,
1006 1017 1076 1051 quod
1098 1028 1100 1030 ι

293 1068 406 1091 vocatur
418 1062 597 1095 Holtzkircha,
619 1063 698 1090 situm
720 1064 748 1096 in
770 1062 906 1097 provincia
921 1062 1076 1094 Waldsazi;

291 1112 449 1135 ceterorum
459 1114 521 1135 vero
531 1111 684 1134 sanctorum
696 1107 818 1142 reliquiae
825 1107 857 1134 ad
870 1114 898 1134 se
908 1107 1076 1133 ducerentur.

292 1152 464 1180 Occurrimus
477 1156 566 1178 autem
579 1152 618 1178 eis
641 1152 667 1178 in
686 1152 747 1178 villa
766 1159 825 1186 qua:
836 1151 933 1179 dicitur
945 1150 1075 1178 Biscofes-

294 1197 364 1223 hcim
375 1197 405 1222 δε
422 1197 464 1222 ubi
481 1197 505 1222 iu
520 1196 563 1223 Dei
577 1196 700 1222 laudibus
712 1200 899 1230 peruoctantes
911 1199 939 1222 et
952 1195 1078 1222 excubias

294 1242 429 1272 ducentes,
445 1242 527 1267 altera
546 1241 598 1273 die,
612 1247 671 1275 qua:
687 1245 745 1267 erat
760 1237 908 1273 Dominica,
923 1240 958 1268 ad
971 1239 1078 1268 Holzki-

294 1285 395 1312 rirham
410 1293 468 1312 cum
488 1285 588 1312 sanctis
599 1284 722 1318 reliquiis
738 1285 921 1319 pervenimus;
936 1284 1078 1320 positoque

293 1330 320 1356 in
332 1330 444 1356 ecclesia
455 1328 532 1363 juxta
546 1329 637 1363 altare,
648 1329 756 1360 feretro.
771 1337 831 1356 cum
843 1336 920 1356 sacra
934 1330 1077 1356 missarum
1104 1352 1109 1361 ,

293 1366 645 1406 δοιειιιιιίδόειθδηηιδωτ,
660 1374 755 1401 mulier
769 1374 890 1408 quaedam
910 1381 925 1400 a
947 1374 1078 1401 dmmouio

293 1424 385 1446 curata
400 1423 450 1446 cst.
463 1418 528 1446 Nam
540 1426 600 1446 cum
619 1420 808 1447 miserabiliter
828 1419 853 1446 in
873 1424 1016 1455 conspectu
1028 1427 1077 1454 po-

293 1465 346 1500 puli
361 1465 536 1498 cruciaretur,
551 1467 648 1499 mupca
662 1466 803 1500 nigerrima
817 1469 844 1492 et
855 1465 930 1492 mirae
942 1465 1077 1499 magnim-

294 1510 363 1536 diuis
377 1510 409 1537 ab
423 1516 469 1536 ore
480 1509 538 1545 ejus
549 1510 611 1538 visa
624 1515 665 1537 est
679 1511 801 1543 avolare,
819 1516 879 1546 post
892 1510 967 1545 cujus
987 1518 1078 1546 egresa

294 1562 354 1582 sum
371 1559 474 1589 recepta
487 1554 590 1584 mentis
601 1556 715 1583 sanitate
729 1562 820 1583 curata
834 1560 885 1584 est.

327 1608 371 1635 35.
388 1608 514 1643 Sequenti
528 1613 623 1647 mutem
635 1610 686 1640 die,
702 1609 801 1636 relictis
812 1609 859 1642 ibi,
875 1614 904 1636 ut
916 1613 1076 1645 praeceptum

293 1656 363 1685 erat,
372 1653 476 1680 ossibus
485 1657 643 1692 sanctorum
655 1658 801 1688 martyrum
812 1653 930 1681 Januarii
940 1658 968 1682 et
977 1654 1077 1690 Magni,

294 1701 374 1730 atque
389 1697 415 1723 in
428 1696 524 1729 loculo,
537 1698 612 1738 sicut
631 1698 710 1724 allata
723 1698 837 1731 fuerant,
855 1706 924 1734 pone
936 1699 1019 1726 altare
1032 1692 1086 1727 ve—I

293 1741 448 1768 nerabiliter
459 1741 569 1780 positis,
588 1750 648 1769 eum
669 1743 774 1770 ceteris
791 1748 943 1771 sanctorum
958 1744 1078 1779 reliquiis

291 1784 404 1818 profecti
418 1792 526 1818 sumus,
542 1788 763 1822 prosequentibus
777 1796 825 1815 nos
837 1788 964 1817 fratribus
977 1794 1005 1817 et
1020 1797 1078 1817 ma-

292 1837 345 1864 gna
368 1830 697 1867 multitudftue'hominum
722 1833 835 1867 regionis
857 1832 936 1861 illius.
956 1834 1079 1869 Undique

292 1874 374 1900 etiam
389 1873 559 1917 ducebantur
578 1877 675 1903 infirmi
690 1882 716 1903 et
733 1878 814 1904 variis
831 1878 1000 1912 passionibus
1014 1879 1079 1906 all'e-

292 1919 348 1944 cti:
369 1919 439 1946 inter
450 1922 523 1956 «gnos
537 1921 623 1955 puclla
643 1922 779 1955 quaedam.
802 1923 908 1951 nomine
929 1922 1033 1957 Sclina,
1050 1924 1076 1951 in

293 1963 351 1997 ipso
369 1963 470 1992 itiner-.e
487 1973 540 1999 quo
555 1966 757 2000 gradiebamur,
779 1971 884 2001 arrepta
908 1975 923 1994 a
947 1967 1078 1995 daemonio

292 2008 412 2035 cucurrit
423 2016 442 2040 ,ν
458 2014 485 2036 et
506 2017 594 2036 morsu
620 2010 747 2037 feretrum
770 2011 989 2045 apprehendens,
1015 2019 1077 2039 mox

293 2059 366 2080 salue
388 2054 491 2082 meantis
518 2054 610 2081 effecta
639 2058 696 2087 est,
719 2060 879 2090 acceptoque
899 2061 998 2084 sancta:
1016 2064 1078 2083 cru-

292 2098 332 2124 cis
343 2098 456 2136 veaitllo,
470 2100 587 2135 gaudens
602 2105 627 2128 et
643 2101 752 2128 laudans
764 2101 859 2134 Deum,
872 2107 1025 2130 sanctorum
1037 2110 1076 2130 rc-

291 2142 396 2176 liquiaﬁs
409 2145 586 2178 praecedebat.
939 2152 941 2154 '
956 2156 959 2158 ‘

1119 245 1226 268 ventum
1242 244 1361 268 nostrum
1374 237 1508 272 operiens.
1532 234 1614 262 Nobis
1633 236 1721 261 autem
1735 238 1796 259 cum
1810 230 1897 259 sacris

1118 284 1223 313 ossibus
1238 290 1332 311 navem
1349 279 1559 310 ascendentibus.
1574 285 1637 306 ecce
1657 276 1754 304 ancilla
1773 275 1895 310 quadam

1120 329 1252 357 Mathildze
1265 328 1404 356 abbatissae
1418 324 1573 353 monasterii
1588 323 1657 351 illius
1666 343 1673 355 ,
1695 322 1804 350 nomine
1817 319 1900 348 Liob~

1120 376 1208 408 suind,
1221 375 1315 402 morbo
1323 376 1461 401 contracta
1472 374 1586 401 vetusto,
1598 373 1626 396 et
1634 369 1716 396 humo
1728 365 1897 397 ita'acclinis,

1121 424 1148 447 ut
1162 420 1196 447 ad
1208 419 1350 446 videndum
1365 417 1462 444 caelum
1477 421 1642 449 nequaquam
1662 420 1691 440 se
1710 412 1813 447 erigere
1826 410 1900 438 vale-

1122 469 1172 496 ret,
1190 464 1264 491 venit
1275 466 1384 497 reptans
1396 460 1518 496 pedibus,
1532 458 1655 485 manibus
1668 455 1819 484 scammelis
1830 459 1845 473 η
1859 454 1901 481 in-

1122 509 1192 537 nixis
1204 517 1211 541 ;
1231 514 1345 542 cumque
1359 513 1454 533 navem
1465 504 1543 531 vellet
1555 503 1699 530 ascendere
1709 521 1717 534 ,
1731 508 1781 528 nec
1791 503 1900 535 posset,

1111 561 1191 581 ‘unus
1204 561 1238 580 ex
1249 552 1348 580 nostris
1365 549 1508 581 fratribus,
1523 547 1692 576 Gozmundus
1707 545 1813 573 nomine
1823 564 1830 576 ,
1843 543 1902 570 ele-

1122 603 1211 626 vatam
1224 598 1313 633 posuit
1325 597 1353 624 in
1366 603 1478 623 navem:
1496 592 1665 628 transpositis
1681 595 1770 618 autem
1781 589 1860 616 nobis
1873 591 1904 616 et

1124 643 1150 670 in
1165 642 1240 670 littus
1258 641 1371 669 alterum
1385 647 1446 667 cum
1459 638 1543 666 sacris
1559 637 1663 664 ossibus
1684 634 1816 669 egressis,
1837 639 1903 660 mox

1122 688 1220 722 mirum
1232 686 1258 713 in
1271 686 1379 713 modum
1389 692 1438 719 per
1450 683 1576 710 virtutem
1589 681 1637 709 Dei
1649 685 1676 708 et
1689 680 1784 707 merita
1798 682 1904 706 sancto-

1123 740 1182 760 rum
1198 731 1293 759 mulier
1304 731 1340 758 ita
1351 734 1445 758 curata
1456 732 1505 760 est.
1525 732 1554 755 ut
1566 727 1625 754 sine
1641 725 1789 760 cuiuspiam
1801 723 1905 758 adjqu

1124 779 1165 805 riu
1178 785 1207 805 se
1221 777 1394 811 erigeret,'ac
1407 772 1573 805 scammelis,
1589 771 1686 807 quibus
1706 775 1816 798 eatenus
1832 768 1905 796 iuni-

1124 823 1241 853 tebatur.
1255 820 1437 849 summitatem
1455 817 1547 846 feretri
1565 820 1696 852 tangeret.
1711 815 1804 843 Stabat
1821 814 1905 842 etiam

1125 867 1213 894 adhuc
1234 863 1435 893 innumerabilis
1455 862 1594 890 multitudo
1613 860 1757 896 promiscui
1778 866 1858 887 sexus
1877 863 1908 886 et

1126 911 1214 938 aetatis
1224 918 1256 938 ex
1267 914 1381 944 utraque
1392 911 1468 942 parte
1481 906 1607 938 fluminis,
1619 906 1688 932 inter
1701 912 1768 939 quos
1780 908 1837 931 erat
1851 903 1907 931 Be-

1127 955 1363 991 ginolfusqnidam
1384 954 1525 990 presbyter
1537 952 1677 980 Humberti
1698 950 1750 987 (ν.
1766 959 1838 978 sum.
1852 949 1907 983 38)

1126 1000 1255 1035 episcopi,
1267 1000 1312 1034 qui
1327 1006 1438 1026 ascenso
1457 998 1568 1026 editiore
1584 997 1643 1024 loco
1655 996 1792 1024 mulierem
1811 1003 1908 1023 sanam

1127 1044 1230 1079 populis
1245 1044 1272 1071 in
1284 1044 1372 1071 divina
1384 1043 1462 1071 laude
1471 1042 1646 1070 clamantibus
1656 1041 1781 1073 ostendit,
1793 1044 1821 1067 ut
1831 1045 1909 1075 gesto

1127 1088 1257 1116 miraculo
1273 1088 1349 1115 multi
1362 1092 1461 1120 testes,
1477 1087 1553 1114 multi
1575 1086 1655 1114 etiam
1674 1086 1722 1113 Dei
1741 1085 1835 1113 ﬁerent
1848 1085 1909 1112 lau-

1127 1134 1244 1164 datores.
1258 1132 1310 1160 Sed
1325 1136 1353 1160 et
1366 1132 1473 1160 domina
1488 1132 1559 1167 illius
1574 1135 1700 1158 attestata
1712 1134 1754 1158 est
1767 1138 1799 1158 ex
1816 1130 1910 1158 multis

1127 1179 1206 1206 anuis
1225 1185 1258 1205 eo
1274 1178 1367 1205 morbo
1386 1179 1551 1204 contractam
1573 1175 1646 1203 illam
1656 1179 1684 1203 et
1703 1175 1822 1202 inutilem
1839 1173 1909 1202 effe-

1128 1227 1210 1254 ctam,
1224 1229 1308 1258 usque
1320 1222 1354 1257 ad
1367 1221 1394 1248 id
1416 1221 1543 1256 temporis
1563 1227 1766 1255 perseverasse,
1788 1226 1840 1254 quo
1857 1227 1910 1254 per

1128 1267 1174 1294 Dei
1189 1267 1302 1301 gratiam
1315 1270 1341 1293 et
1361 1269 1513 1293 sancton
1527 1263 1584 1299 ejus
1601 1264 1634 1291 ab
1648 1263 1777 1299 ejusmodi
1802 1263 1909 1290 incom-

1120 1311 1207 1341 _modo
1220 1311 1332 1338 liberata
1345 1313 1396 1337 est.

1162 1357 1205 1385 57.
1218 1357 1282 1384 Inde
1295 1355 1407 1391 profecti
1420 1363 1481 1383 cum
1501 1353 1740 1388 divino,adjutorio
1755 1353 1798 1381 die
1811 1352 1903 1387 tertia,

1127 1403 1179 1430 hoc
1190 1406 1232 1430 est
1244 1410 1291 1429 vui
1306 1401 1417 1428 Kalend.
1429 1400 1550 1435 Augusti,
1566 1399 1597 1426 ad
1612 1398 1803 1428 monasterium
1814 1404 1911 1433 perve-

1128 1447 1227 1475 nimus.
1247 1446 1355 1481 Egressi
1377 1449 1466 1472 autem
1481 1444 1577 1471 fratres
1596 1450 1656 1471 cum
1681 1442 1912 1477 crucibusatquc

1128 1492 1214 1520 cereis
1226 1494 1403 1519 occurrerunt
1413 1490 1490 1517 nobis
1500 1489 1528 1516 in
1540 1489 1608 1516 clivo
1624 1488 1722 1515 montis
1738 1487 1784 1522 qui
1797 1490 1912 1514 vocatur

1090 1542 1112 1573 ρ
1128 1536 1395 1570 Hurodleichesberg.
1415 1534 1504 1562 Turba
1519 1538 1608 1561 autem
1623 1541 1675 1560 non
1690 1532 1793 1560 modica
1809 1539 1844 1559 ex
1859 1537 1912 1559 ac-

1128 1583 1194 1611 colis
1207 1582 1300 1614 eremi,
1315 1581 1412 1616 partim
1435 1579 1542 1615 quidem
1556 1578 1694 1606 nobiscum
1703 1597 1710 1610 ,
1733 1576 1831 1612 partim
1844 1583 1913 1604 vero

1127 1627 1233 1656 obviam
1246 1626 1372 1658 veniens,
1386 1625 1449 1653 illuc
1463 1623 1635 1652 conﬂuxerat.
1651 1622 1825 1650 Substitimus
1842 1628 1912 1656 pan-

1128 1672 1221 1704 lulum,
1236 1675 1266 1698 ut
1278 1668 1498 1698 convenientibus
1510 1667 1624 1702 spatium
1639 1667 1748 1694 daretur
1758 1664 1868 1698 orandi;
1883 1668 1912 1693 et

1128 1723 1190 1744 ecce
1203 1715 1299 1743 mulier
1310 1714 1442 1749 quaedam,
1456 1720 1516 1747 quze
1527 1716 1587 1739 erat
1601 1712 1634 1739 ab
1645 1711 1722 1738 annis
1736 1711 1827 1738 decem
1840 1713 1870 1737 et
1878 1716 1912 1738 eo

1129 1761 1242 1796 amplius
1253 1760 1358 1792 cliniea,
1374 1759 1540 1794 portabatur.
1562 1757 1681 1792 Cumque
1700 1755 1802 1791 perlata
1815 1763 1830 1783 a
1844 1763 1910 1791 por-

1129 1801 1248 1835 tantibus
1271 1806 1400 1834 feretrum
1420 1804 1565 1839 tetigisset,
1585 1803 1710 1830 continuo
1723 1805 1830 1836 recepta
1851 1808 1911 1829 om-

1129 1852 1203 1880 nium
1213 1852 1327 1879 sanitate
1337 1849 1527 1881 membrorum,
1538 1848 1655 1884 gaudens
1660 1852 1687 1875 et
1694 1847 1805 1874 laudans
1812 1845 1911 1878 Deum.

1128 1891 1257 1926 remeavii
1268 1897 1306 1924 ad;
1314 1896 1431 1932 propria.
1445 1895 1554 1923 Fratres
1566 1903 1630 1923 vero
1646 1898 1784 1930 susceptas
1799 1898 1910 1922 saneto-

1128 1952 1187 1971 rum
1201 1943 1326 1978 reliquias
1340 1949 1398 1970 cum
1413 1941 1520 1976 hymnis
1537 1944 1565 1968 et
1585 1940 1706 1968 laudibus
1724 1940 1751 1967 in
1768 1939 1911 1968 ecclesiam

1128 1989 1198 2016 beati
1211 1987 1340 2015 Bonifacii
1360 1987 1484 2022 martyris
1505 1985 1667 2018 intulerunt,
1681 1985 1834 2021 positasque
1846 1993 1911 2013 cum

1128 2033 1214 2061 loculo
1225 2053 1233 2065 ,
1257 2033 1327 2060 sicut
1341 2031 1427 2059 allata:
1441 2030 1557 2064 fuerant,
1575 2029 1653 2064 juxta
1673 2030 1757 2065 altare
1769 2030 1911 2058 beatorum

1128 2077 1318 2113 apostolorum,
1333 2077 1375 2104 die
1387 2080 1520 2110 noctuque
1535 2075 1836 2115 congrualvencratione
1853 2073 1909 2101 fre-

1128 2123 1302 2158 quentabant.

1162 2167 1205 2195 58.
1223 2167 1269 2194 His
1282 2167 1318 2193 ita
1332 2166 1421 2201 gestis,
1435 2173 1496 2193 cum
1511 2166 1568 2194 dies
1584 2165 1711 2200 aliquanti
1729 2164 1911 2197 transissent,

327 2199 379 2251 τῇ.
394 2208 513 2243 Cumque
528 2211 692 2238 venissemus
706 2211 738 2237 ad
751 2211 867 2238 Moenum
881 2210 1000 2244 fluvium,
1016 2219 1077 2239 sau-
1089 2207 1169 2245 D,vir
1181 2199 1345 2239 venerabilis
1352 2211 1477 2252 Babanus
1495 2211 1577 2238 abbas
1592 2199 1766 2238 Humbertum
1782 2215 1794 2230 ο
1812 2209 1912 2237 Win-zi-

292 2247 466 2281 cti-tnoniales
483 2256 514 2281 de
528 2257 691 2283 monasterio
709 2257 779 2291 quod
799 2262 910 2284 vocatur
926 2258 1043 2293 Zellinga
1064 2264 1075 2278 ε

290 2303 360 2338 etim
372 2300 494 2326 crucibus
507 2305 533 2326 et
546 2301 630 2328 cereis
645 2310 759 2336 egressae
774 2310 822 2330 nos
834 2308 1022 2337 susceperunt;
1038 2304 1077 2330 in-

278 2343 435 2379 gressique
451 2352 509 2371 cum
525 2352 600 2371 sacro
615 2353 696 2372 onere
708 2346 858 2379 ecclesiam,
869 2352 899 2374 ut
909 2347 1021 2381 populus
1031 2348 1076 2382 qui

292 2387 437 2430 vobiscum
449 2394 568 2421 venerat,
582 2390 669 2424 etjam
683 2395 744 2419 tunc
756 2392 852 2418 reverti
864 2392 976 2424 volebat,
989 2392 1077 2419 locum

291 2432 410 2462 .Itaberet
423 2435 516 2461 orandi
531 2442 562 2461 ac
575 2440 634 2462 vota
650 2436 777 2467 solvendi,
797 2442 871 2463 sexta
885 2437 950 2464 hora
966 2437 1018 2464 diei
1031 2444 1075 2464 so-

301 2476 397 2504 lemnia
412 2479 620 2512 celebravimus;
641 2480 737 2514 quibus
751 2481 863 2515 expletis
876 2489 937 2508 Cllm
948 2482 1019 2508 omni
1034 2482 1077 2508 illa

281 2521 468 2550 :multitudine
482 2526 602 2553 venimus
616 2527 648 2552 ad
672 2534 774 2553 navem.
798 2526 863 2553 Erat
876 2527 956 2554 etiam
976 2535 1008 2555 ex
1032 2528 1079 2554 ad-

271 2606 281 2628 t‘
335 2607 348 2621 ⁸
362 2602 387 2627 ld
403 2607 452 2632 est.
475 2604 511 2629 uti
533 2605 640 2637 exponit
663 2605 811 2636 Browerus,
831 2613 863 2632 ea.
874 2605 971 2634 ditione
989 2604 1076 2632 Fran-

278 2640 283 2658 1
297 2637 575 2698 Szﬁiiciggfitlnlitur
594 2638 622 2665 S.
636 2639 756 2666 Kilianus
774 2639 892 2674 episcop.
910 2639 1045 2674 Herbipol.
1060 2641 1078 2668 8

334 2705 348 2724 δ
366 2705 402 2732 ibi
426 2707 504 2733 situm
528 2710 586 2733 erat
606 2706 860 2736 Biscofesheimense
880 2709 1075 2743 partheneium.

301 2739 314 2761 I

301 2739 314 2761 η
880 2739 888 2743 .

268 2753 276 2802 1
301 2739 438 2811 ⁸Ἶλνϋῖξιιιά
462 2776 666 2808 monasterium,
690 2777 758 2810 quod
774 2785 857 2811 prope
876 2786 891 2805 ει
913 2778 1076 2806 Retzbachio

265 2806 269 2846 ς
302 2808 334 2833 ιιι
345 2816 359 2833 u
373 2809 451 2836 situm
463 2814 529 2842 erat,
540 2806 851 2844 jamdudumintercidit,
868 2816 935 2840 tcstr
950 2813 1076 2841 [κτοις-ρει)

1129 2256 1269 2292 burgensis
1280 2256 1400 2284 ecclesia
1413 2256 1568 2290 episcopum
1583 2254 1704 2282 invitavit
1722 2255 1756 2282 ad
1775 2259 1912 2283 monaste-

1129 2302 1208 2335 rium,
1220 2302 1290 2337 quod
1302 2301 1469 2329 Holzkiricha
1481 2301 1570 2328 vocari
1580 2301 1636 2337 jam
1646 2308 1726 2335 supra
1740 2301 1838 2328 dictum
1849 2306 1910 2334 est;

1129 2351 1155 2374 et
1168 2347 1230 2381 quia
1243 2347 1276 2374 ad
1290 2346 1497 2381 ejus-ditecesim
1507 2347 1582 2375 locus
1592 2347 1753 2382 pertinebat,
1765 2354 1824 2374 cum
1837 2347 1912 2374 illius

1129 2392 1287 2420 auctoritate
1309 2399 1371 2420 ossa
1394 2397 1546 2421 sanctorum
1570 2397 1716 2428 martyrum
1739 2392 1859 2420 Januarii
1883 2398 1912 2421 et

1129 2438 1215 2473 Magni
1229 2437 1417 2465 venerabiliter
1430 2438 1465 2466 ibi
1481 2438 1507 2465 in
1519 2446 1581 2466 arca
1593 2446 1673 2466 saxea
1685 2439 1718 2466 ad
1728 2439 1857 2466 orientem
1870 2439 1911 2466 al-

1128 2482 1193 2509 taris
1202 2481 1342 2509 collocavit
1360 2490 1405 2509 vm
1420 2482 1478 2509 Kal.
1500 2483 1672 2510 Novembris:
1691 2490 1771 2518 super
1784 2491 1863 2518 quam
1878 2484 1911 2511 li-

1128 2534 1223 2562 gneum
1241 2527 1347 2562 erigens
1364 2523 1522 2560 :ediﬂcium,
1543 2527 1601 2554 auri
1622 2527 1779 2563 argentique
1799 2529 1910 2556 metallo

1129 2606 1154 2632 in
1167 2604 1213 2632 lib.
1229 2599 1249 2639 it
1261 2604 1457 2639 Autiquitatum
1470 2603 1652 2639 Fuldensium,
1668 2611 1727 2639 cap.
1737 2604 1833 2639 j0.ln.

1163 2639 1175 2659 ἀ
1190 2639 1228 2666 ita
1240 2638 1390 2674 legendum,
1405 2646 1457 2665 non
1471 2638 1601 2674 scabellis,
1617 2643 1647 2666 ut
1658 2638 1726 2673 apud
1737 2638 1906 2674 Bollandum.

1128 2672 1277 2708 Scammela
1292 2679 1339 2700 seu
1351 2672 1497 2708 scammula
1506 2677 1573 2708 sunt
1589 2672 1749 2708 reptantium
1767 2673 1907 2702 hominum

1128 2707 1223 2740 fulcra,
1239 2708 1335 2742 quibus
1348 2714 1443 2742 manus
1455 2707 1669 2742 innituntuer

1164 2749 1175 2762 ε
1188 2741 1254 2770 Huic
1265 2741 1400 2776 inscripsit
1413 2741 1536 2768 Babanus
1547 2741 1772 2769 Commentariun
1786 2742 1812 2769 in
1823 2742 1908 2771 libros

1126 2777 1250 2805 Judicnm
1260 2781 1287 2805 et
1301 2776 1384 2812 Ruth,
1397 2780 1426 2803 et
1436 2776 1612 2812 epistolamrin
1629 2783 1679 2812 qua
1692 2776 1810 2811 disputat
1823 2782 1906 2812 quota

1126 2811 1298 2846 generatione
1309 2811 1411 2838 licitum
1426 2811 1459 2838 sit
1472 2811 1641 2839 connubiunt.
1657 2810 1737 2839 Bon.
