3940 6324
246 250 311 305 σι
368 288 371 291 -
1342 317 1347 322 ,
1598 248 2128 314 PROLECOMENA.
2298 276 2321 289 ιο
3397 270 3469 327 σι

249 364 476 436 pulchra
500 366 760 422 varietate
782 365 1081 433 decoravit,
1109 367 1322 448 scriptis
1356 368 1408 422 in
1440 369 1665 424 circuitu
1698 385 1807 423 mc-
1833 376 1879 431 Α
1911 371 2013 423 tide
2034 348 2399 437 perduxerunt
2420 371 2487 426 ad
2512 376 2822 430 memoriam
2846 386 3149 434 sanctorum
3175 392 3470 452 martyrum

251 456 407 511 tricis
432 456 674 511 versibus
701 457 891 511 litteris
918 457 1205 520 deauratis,
1239 459 1339 513 hoc
1358 458 1546 512 modo:

377 564 503 629 Ecce
535 568 662 615 viros
685 570 800 616 istos
819 606 834 628 ,
862 569 1114 627 przeclaros
1137 567 1273 615 valde
1301 576 1558 629 patronos,

441 625 588 675 Roma
612 629 761 677 decus
783 625 914 677 orbis
937 631 1139 677 miserat
1168 629 1259 677 huc
1282 625 1495 686 pariter:

377 687 508 751 Quos
529 701 721 748 quoque
748 688 968 751 Rabanns
992 690 1181 737 humilis
1212 698 1492 751 susceperat
1512 689 1659 737 abbas
1678 728 1692 751 ,

444 748 655 799 Praesule
688 763 794 797 cum
820 750 1085 799 Humberto
1109 752 1203 799 rite
1224 748 1391 798 locavit
1425 757 1474 797 et
1497 751 1588 797 hic.

378 807 468 857 Hic
490 809 690 870 Magnus
714 819 877 869 pausat
901 815 1097 871 martyr,
1121 810 1369 858 Janua'ins
1392 820 1537 868 atque
1560 848 1574 870 ,

440 870 608 920 timeto
632 873 847 930 insignes
866 908 879 926 ,
905 870 1051 930 atque
1074 874 1227 921 sacris
1251 874 1469 918 meritis:

376 927 467 992 Qui
492 943 600 980 cum
627 927 852 980 Pontiﬁce
877 927 1061 979 Christo
1082 945 1312 979 mucrone
1334 931 1574 992 perempti

444 990 645 1051 Levita,
671 992 793 1041 cmlo
824 992 1131 1041 reddiderant
1155 990 1349 1041 animus.

321 1069 411 1124 39.
448 1069 613 1140 Igitur
639 1086 705 1126 ex
745 1087 807 1126 eo
839 1079 1075 1140 tempore
1104 1088 1211 1141 quo
1246 1086 1428 1127 eorum
1477 1085 1643 1125 sacrm
1681 1069 1807 1123 reli-

249 1158 394 1227 quia-
417 1160 489 1214 ibi
514 1161 737 1215 condita:
771 1170 923 1226 sunt,
970 1162 1144 1216 divina
1193 1176 1358 1230 usque
1402 1161 1560 1215 hodie
1603 1160 1810 1230 populis

247 1247 556 1319 praebentur
593 1250 868 1305 beneficia.
902 1250 1004 1304 Per
1041 1252 1307 1304 orationes
1339 1252 1480 1305 enim
1524 1260 1577 1304 et
1621 1250 1808 1303 merita

248 1350 439 1391 eorum
462 1338 662 1393 debiles
686 1350 741 1392 et
769 1339 959 1392 infirmi
986 1348 1259 1405 curantur,
1283 1350 1336 1393 et
1357 1340 1423 1393 ab
1443 1339 1674 1394 obsessis
1695 1354 1811 1392 cor-

248 1428 474 1495 poribus
500 1429 767 1484 daemones
785 1429 1101 1501 cﬂ'ugautur,
1142 1446 1205 1485 ac
1240 1431 1537 1485 desiderata
1584 1431 1812 1486 fideliter

248 1518 529 1573 orantibus
566 1527 687 1573 vota
722 1527 1058 1588 praestantur.
1108 1520 1185 1574 Ex
1226 1522 1417 1591 quibus
1454 1535 1620 1588 pauca
1650 1521 1810 1573 mira—

248 1604 392 1669 cula,
430 1621 549 1675 qua:
573 1607 640 1661 ab
666 1608 749 1661 bis
776 1607 863 1676 qui
890 1616 1177 1676 prmsentes
1221 1617 1403 1673 erant,
1442 1617 1498 1663 et
1537 1625 1598 1663 ea
1637 1625 1695 1663 se
1729 1610 1810 1662 vi-

1910 466 2084 510 stante
2118 458 2431 513 Eburha’rdo
2456 462 2767 531 presbytero
2790 463 2942 531 juxta
2960 466 3159 530 altare,
3184 485 3247 521 ac
3277 470 3471 525 missas

1907 546 2231 601 celebrante.
2262 538 2500 618 Cumque
2547 567 2644 620 pro
2679 567 2742 606 ca
2782 553 3261 621 fuissetqoratum,
3296 560 3475 615 subito

1907 636 2239 691 immundum
2278 641 2456 693 nescio
2484 642 2613 710 quid
2660 658 2723 698 ac
2762 643 2983 700 fetidum
3023 648 3286 712 evomuit,
3332 650 3475 719 pari-

1907 736 2095 796 terque
2123 744 2243 784 cum
2268 732 2465 784 vomitu
2498 729 2713 802 egresso
2743 734 3004 790 deuenio
3032 748 3219 791 curata
3250 748 3305 792 et
3330 753 3475 792 suum

1906 822 2102 874 mentis
2130 820 2316 876 effecta
2342 831 2444 885 est,
2472 823 2718 893 factaque
2742 836 3084 893 peccatorum
3107 844 3326 883 suorum
3347 845 3478 883 con-

1907 909 2170 973 fessione,
2219 914 2453 981 gaudens
2485 906 2786 970 et‘laudans
2811 916 2977 971 Deum
3020 934 3235 988 reversa
3280 928 3363 975 est
3409 921 3477 974 ad

1909 1001 2124 1054 domum
2157 1017 2330 1057 suam.
2362 1039 2371 1047 -

1977 1088 2066 1140 42.
2103 1089 2193 1142 Vir
2217 1091 2431 1158 quidam
2462 1102 2580 1146 erat
2605 1094 2657 1148 in
2685 1084 2900 1164 regione
2921 1096 3031 1161 illa,
3050 1096 3358 1153 Frevirictts
3384 1115 3476 1152 no-

1909 1177 2072 1240 mine,
2102 1179 2165 1231 de
2193 1179 2314 1232 villa
2347 1195 2464 1247 qua:
2488 1191 2711 1236 vocatur
2737 1184 2977 1255 Bettinga
3004 1202 3018 1250 ;
3060 1186 3214 1255 cujus
3250 1189 3439 1242 ancilla
3458 1228 3472 1251 ,

1910 1268 2168 1324 vocabulo
2196 1268 2479 1333 Gersnind,
2509 1272 2685 1325 subito
2723 1271 3018 1338 obmutuit,
3050 1289 3113 1329 ac
3145 1291 3239 1344 per
3271 1283 3476 1347 septem

1911 1358 2194 1411 continuos
2226 1360 2349 1413 dies
2392 1369 2536 1413 muta
2585 1364 2914 1431 permansit;
2955 1373 3147 1418 octavo
3178 1376 3354 1419 autem
3395 1368 3480 1421 die

1912 1448 1977 1499 ad
2009 1448 2317 1501 memoriam
2346 1458 2645 1519 martyrum
2676 1452 2924 1514 adducta,
2951 1467 3048 1521 per
3074 1455 3263 1508 merita
3292 1470 3478 1509 eorum

1911 1535 2150 1601 pristime
2182 1536 2427 1589 restituta
2460 1543 2544 1591 est
2574 1532 2811 1592 sanitati.
2847 1540 2978 1594 Nam
3009 1556 3131 1595 cum
3170 1543 3221 1595 in
3250 1544 3477 1598 ecclesia

1912 1622 2123 1692 publice
2156 1624 2441 1678 missarum
2470 1638 2753 1696 agerentur
2771 1628 3048 1693 solemnia,
3073 1640 3127 1683 et
3154 1630 3311 1685 lectio
3336 1632 3480 1703 lege-

250 1693 394 1750 disse
418 1696 595 1750 testati
616 1696 840 1760 snnt,ad
866 1700 1039 1751 meam
1066 1698 1306 1750 notitiam
1326 1697 1516 1751 litteris
1539 1698 1806 1762 denotata,

1914 1721 2060 1766 retur
2093 1712 2385 1782 Evangelii,
2408 1716 2673 1770 stantibus
2694 1718 2943 1772 omnibus
2960 1716 3111 1785 juxta
3135 1735 3336 1775 morem
3358 1693 3479 1774 cum

248 1784 490 1840 breviter
518 1786 763 1839 intimare
791 1788 992 1840 curavi.
1025 1785 1157 1839 Villa
1190 1796 1272 1841 est
1302 1778 1456 1842 abeo
1486 1789 1812 1841 monasterio

248 1875 499 1947 passibus
528 1876 671 1931 mille
696 1877 900 1931 distans
930 1878 996 1931 ad
1024 1876 1295 1930 Meridicm
1314 1919 1328 1942 ,
1360 1879 1574 1931 nomine
1610 1875 1813 1932 Gundi-

247 1968 509 2030 cbenbus,
548 1982 614 2021 ex
646 1952 761 2039 qua!
786 1969 978 2022 mulier
1002 1968 1242 2037 quaedam
1274 1970 1484 2023 nomine
1518 1968 1807 2037 Adalburg,

250 2071 374 2113 etim
400 2058 627 2112 sedisset
653 2060 718 2113 ad
755 2074 993 2114 mensam
1022 2074 1141 2114 cum
1172 2060 1365 2115 marito
1393 2075 1521 2140 suo,
1549 2068 1609 2114 ut
1632 2060 1810 2115 cibum

248 2158 503 2219 caperet,
526 2150 701 2204 subita
729 2152 1091 2205 contractione
1130 2162 1414 2204 nerVnrum
1454 2152 1525 2205 ita
1549 2151 1807 2221 deriguit,

249 2249 313 2293 ut
351 2241 617 2311 unguibus
662 2240 713 2294 in
751 2240 981 2310 palmam
1005 2239 1194 2296 deﬁxis
1224 2255 1556 2312 nequaquam
1586 2241 1809 2309 digitum

251 2345 287 2385 a
308 2331 473 2399 digito
500 2330 759 2399 potuisset
786 2331 1072 2401 explicare.
1108 2330 1257 2398 Quod
1294 2347 1523 2387 cernens
1558 2330 1675 2402 ejus
1699 2347 1811 2386 ma-

250 2421 407 2485 ritus,
434 2431 631 2489 quanta
657 2420 828 2491 potuit
852 2420 1141 2486 celeritate,
1170 2423 1477 2490 praedictam
1522 2422 1589 2477 ad
1608 2432 1809 2476 mona-

246 2514 479 2571 sterium
508 2513 834 2584 presbyteris
864 2522 918 2568 et
952 2511 1204 2567 fratribus
1229 2514 1328 2568 loci
1358 2513 1500 2568 illius
1522 2521 1811 2583 praesenta-

247 2604 347 2669 vit,
376 2605 679 2673 supplicans
706 2612 763 2658 ut
789 2618 888 2673 pro
907 2606 1133 2660 sanitate
1162 2603 1301 2659 illius
1326 2605 1557 2659 divinam
1579 2604 1809 2660 clemen-

246 2694 382 2748 tiam
428 2702 790 2762 precarentur.
840 2694 1007 2747 Ducta
1056 2702 1137 2749 est
1183 2693 1345 2764 igitur
1384 2696 1451 2749 ad
1495 2696 1809 2750 memoriam

246 2794 570 2857 martyrum,
610 2783 969 2855 fratribusque
1008 2785 1367 2855 vespertinum
1416 2785 1809 2842 celebrantibus

243 2872 515 2937 olllcium,
541 2882 596 2928 et
625 2874 716 2928 illa
760 2888 943 2928 coram
988 2874 1144 2928 altari
1188 2881 1455 2943 prostrata
1500 2884 1554 2931 et
1598 2885 1806 2943 orante,

244 2966 470 3021 dextera
497 2967 544 3021 ei
574 2981 775 3021 manus
816 2968 1059 3022 restituta
1094 2976 1211 3032 est;
1254 2967 1422 3023 altera
1464 2978 1642 3023 autem
1685 2968 1804 3029 die,

1913 1801 2126 1856 silentio
2155 1812 2209 1857 et
2237 1805 2532 1857 reverentia
2551 1844 2566 1869 ,
2610 1804 2698 1858 illa
2744 1814 2961 1874 repente
2988 1808 3140 1877 quasi
3168 1810 3216 1862 vi
3248 1812 3477 1878 quadam

1911 1901 2030 1945 acta
2056 1893 2232 1962 erupit
2268 1892 2320 1945 in
2351 1908 2557 1958 vocem,
2598 1903 2651 1947 et
2697 1892 2860 1963 Kyrt'e
2901 1894 3089 1949 eleison
3124 1912 3306 1951 coram
3332 1899 3478 1951 omni

1910 1980 2104 2050 populo
2134 1981 2470 2045 exclamavit,
2502 1997 2564 2035 ac
2590 1983 2669 2037 sic
2696 1998 2792 2051 per
2814 1984 3065 2039 virtutem
3088 1985 3181 2040 Dei
3208 1995 3262 2039 et
3288 1988 3479 2041 merita

1911 2082 2215 2127 sanctorum
2248 2081 2541 2143 martyrum
2582 2083 2791 2143 recepta
2835 2074 3102 2130 locutione
3140 2076 3356 2131 domum
3396 2094 3481 2132 rc-

1909 2178 2065 2219 versa
2087 2172 2190 2217 est.

1979 2251 2067 2305 45.
2099 2252 2222 2306 Dies
2246 2259 2363 2306 erat
2398 2251 2670 2306 natalitius
2703 2260 3008 2308 sanctorum
3050 2261 3349 2323 martyrum
3375 2251 3469 2305 Ja-

1909 2343 2083 2399 nuarii
2113 2351 2167 2396 et
2193 2342 2366 2413 Magni
2395 2362 2406 2396 :
2439 2351 2763 2412 prmceptum
2783 2352 2867 2398 est
2892 2344 3141 2397 omnibus
3166 2344 3231 2397 ad
3252 2344 3342 2412 jus
3367 2360 3480 2398 mo-

1909 2434 2129 2489 nasterii
2169 2433 2313 2487 illius
2348 2434 2737 2506 pertinentibus
2757 2474 2771 2497 ,
2807 2432 2937 2488 viris
2968 2449 3030 2487 ac
3057 2433 3390 2497 mulieribus,
3421 2443 3479 2489 ut
3506 2470 3509 2473 η

1909 2540 1972 2579 ea
2002 2526 2087 2579 die
2129 2541 2159 2579 a
2198 2524 2362 2580 rurali
2406 2540 2469 2579 ac
2509 2525 2690 2579 servili
2733 2539 2895 2595 Opere
2921 2532 3197 2589 vacarent,
3228 2525 3479 2594 diemque

1910 2614 2103 2669 festum
2148 2615 2407 2669 diearent.
2443 2613 2680 2683 Contigit
2720 2616 2772 2668 in
2821 2616 2943 2669 villa
2987 2614 3251 2684 quadam,
3286 2629 3405 2685 qua:
3444 2632 3475 2668 a

1910 2702 2157 2757 Schlavis
2197 2701 2303 2773 [ΑΙ.
2326 2743 2342 2769 ,
2379 2701 2628 2775 Schavis]
2668 2700 2984 2761 Christianis
3010 2693 3381 2769 habitabatur,
3418 2712 3479 2759 ut

1909 2809 2046 2855 unus
2066 2808 2269 2857 eorum,
2302 2792 2696 2863 parvipendeus
2720 2792 2975 2848 honorem
2999 2802 3329 2858 sanctorum,
3354 2808 3478 2848 cum

1909 2884 2020 2938 suis
2043 2884 2216 2937 exiret
2243 2884 2295 2937 in
2326 2897 2535 2953 agrum,
2554 2876 2867 2951 metensque
2892 2890 3125 2953 segetem
3148 2891 3203 2938 et
3222 2897 3475 2946 messem.

1909 2982 2261 3045 congregaret
2284 2974 2337 3028 in
2361 2986 2602 3038 acervos,
2628 2972 2839 3028 caeteris
2860 2972 3126 3027 solemnes
3154 2970 3317 3027 ferias
3337 2973 3477 3027 cele-

245 3059 394 3112 circa
416 3055 608 3113 horam
634 3057 871 3122 tertiam,
902 3063 1111 3127 recepta
1148 3058 1312 3113 etiam
1349 3058 1579 3113 sinistrae
1618 3073 1810 3113 manus
1835 3062 1879 3123 C
1912 3064 2208 3119 brantibus.
2253 3063 2461 3117 interea
2498 3062 2661 3133 igitur
2694 3076 2789 3116 aer
2820 3061 3175 3117 densissimas
3213 3062 3384 3116 crevit
3422 3062 3475 3115 in

246 3147 501 3211 uanitate,
529 3157 655 3202 colu
673 3148 867 3214 gaudio
894 3146 1145 3201 remeavit
1177 3145 1241 3201 ad
1265 3146 1501 3217 propria.

322 3234 409 3291 ιο.
436 3234 619 3291 Altera
648 3250 859 3306 quoque
881 3224 1015 3291 villa
1031 3244 1113 3291 est
1136 3237 1425 3315 etiam‘non
1456 3235 1611 3309 longe
1632 3237 1699 3296 ab
1718 3252 1809 3292 eo-

200 3368 203 3371 .
244 3322 376 3381 duo
399 3326 748 3391 mutasterio,
770 3326 984 3381 nomine
1005 3318 1247 3389 Hobbn’s,
1270 3316 1323 3381 in
1344 3342 1448 3396 qua
1474 3324 1646 3397 puella
1665 3340 1809 3397 qna:-

247 3414 395 3480 dam,
418 3422 751 3483 antestaret
775 3402 845 3469 ad
883 3416 1171 3471 textrinum
1213 3430 1373 3487 opus,
1403 3417 1688 3473 subitaneo
1710 3418 1809 3471 im-

242 3511 379 3577 petu
401 3502 620 3575 mimus
643 3504 861 3575 maligni
882 3511 1120 3574 att-qia,
1146 3505 1498 3575 manibusque
1513 3506 1811 3561 contractis

247 3596 455 3654 Inutilis
480 3595 668 3652 electa
694 3605 797 3653 est.
822 3596 1067 3665 Cumque
1107 3608 1207 3671 per
1239 3598 1523 3653 continuos
1558 3606 1674 3655 tres
1695 3598 1811 3653 dies

248 3702 317 3745 ac
343 3696 455 3741 tres
492 3695 677 3741 noctes
719 3695 952 3759 mstuans
980 3695 1035 3741 et
1060 3686 1385 3752 vocibus,
1417 3688 1583 3742 multa
1628 3686 1808 3760 ignota

247 3776 406 3848 quasi
432 3774 641 3845 cognita
656 3770 999 3845 tuqueretur;
1032 3784 1271 3833 sanctam
1293 3774 1628 3832 (ἔοι-ὀπάσω
1660 3788 1686 3819 ι
1716 3769 1811 3847 ap-

243 3867 512 3942 pellabat,
545 3868 877 3938 aliorumque
912 3878 1222 3924 sanctorum
1260 3868 1473 3923 nomina
1506 3869 1807 3938 prochma-

245 3956 379 4014 bat:
419 3963 573 4021 inter
597 3969 792 4014 πίει-α
830 3954 1043 4030 quoque
1082 3957 1383 4012 aﬂirruabat
1422 3956 1642 4013 Luciam
1678 3958 1708 3999 δ
1739 3958 1809 4013 de

244 4049 403 4107 culis
422 4049 828 4105 descendentem
853 4049 1307 4112 leadmoaereut
1343 4048 1411 4103 ad
1439 4054 1683 4103 sanemm
1716 4046 1809 4106 Ja-

244 4143 495 4198 nuarium
519 4140 874 4214 Iagnumque
891 4148 1156 4210 martth
1175 4147 1506 4217 properaret,
1527 4138 1808 4209 aiebatque

244 4232 611 4302 sepmdictoa
636 4230 1361 4301 undavidemletuqne
1396 4230 1463 4285 ad
1504 4230 1677 4287 locum
1714 4230 1807 4285 ubi

245 4318 591 4391 requiescunt
631 4320 944 4375 nominatim
979 4320 1302 4389 exprimens,
1341 4320 1419 4374 ire
1445 4320 1802 4376 desiderabat.

1908 3152 2096 3216 nubes,
2110 3160 2166 3207 et
2187 3152 2475 3220 tempestas
2493 3164 2635 3205 saeva
2652 3156 2838 3205 exorta
2859 3156 2965 3214 est,
2992 3148 3201 3220 fulgura
3223 3150 3475 3219 ventique

1910 3232 2519 3309 vehementer'undique
2548 3239 2888 3304 ferebantur,
2925 3240 3323 3294 comissationes
3344 3254 3477 3309 quo-

1909 3346 2013 3401 que
2030 3330 2185 3385 valde
2205 3328 2492 3393 terribiles,
2508 3338 2562 3383 et
2582 3327 2792 3397 fulgura
2814 3328 3167 3383 discunentis
3192 3328 3476 3399 horrorem

1909 3422 2135 3477 nimium
2171 3419 2487 3475 mortalibus
2533 3420 2883 3489 ingerebant;
2925 3416 3232 3489 factumque
3276 3420 3477 3490 grande

1908 3506 2248 3573 miraculum,
2288 3508 2515 3561 Domino
2533 3508 2877 3561 discernente
2912 3508 3051 3563 inter
3074 3516 3392 3563 venerantes
3419 3518 3475 3564 et

1907 3599 2045 3655 festa
2089 3606 2399 3655 sanctorum
2445 3596 2561 3666 ejus
2606 3607 3027 3653 contemnentes.
3079 3599 3279 3655 Omnes
3329 3601 3472 3655 enim

1909 3686 2088 3742 acervi
2118 3686 2332 3756 frugum
2351 3701 2490 3756 quos
2517 3686 2681 3743 miser
2708 3687 2797 3741 ille
2818 3700 2881 3741 ea
2908 3688 2993 3741 die
3020 3701 3227 3742 messos
3254 3703 3476 3758 conges-

1905 3786 2054 3835 serat
2080 3778 2288 3834 caalesti
2319 3778 2442 3849 igne
2474 3778 2774 3847 consumpti
2805 3786 2949 3843 sunt,
2991 3774 3201 3832 caeteris
3232 3793 3369 3847 quos
3390 3780 3473 3833 vel

1907 3871 2039 3941 ipse,
2070 3869 2156 3924 vel
2183 3870 2432 3925 concives
2451 3868 2567 3938 ejus
2587 3869 2759 3939 pridie
2785 3878 3125 3923 messncrant
3149 3869 3330 3924 illzesis
3354 3885 3477 3939 per-

1908 3960 2287 4037 manentibus;
2328 3966 2615 4027 tantusque
2638 3959 2799 4012 timor
2817 3973 2883 4012 ex
2908 3959 3009 4013 hoc
3038 3973 3226 4013 omnes
3246 3958 3477 4028 perculit

1908 4051 1963 4104 in
1984 4049 2236 4114 circuitu,
2267 4057 2325 4104 ut
2349 4048 2601 4123 deinceps
2630 4046 2765 4102 feeta
2800 4053 3105 4103 Sanctorum
3139 4064 3347 4104 summa
3388 4064 3476 4104 co-

1904 4139 2077 4197 lerent
2101 4139 2417 4194 reverentia.
2456 4198 2457 4201 η
3460 4193 3467 4199 ,

1936 4252 1941 4255 τ
1972 4227 2062 4282 u.
2107 4225 2347 4299 Contigit
2388 4228 2554 4281 etiam
2593 4228 2647 4281 in
2695 4224 2783 4283 die
2820 4226 3176 4283 solemnitatis
3203 4236 3263 4281 ut
3297 4228 3471 4297 puella

1902 4319 2145 4389 quasdam
2172 4320 2240 4375 de
2262 4319 2387 4375 villa
2415 4318 2819 4384 Munbrunnosi,
2851 4321 3065 4373 nomine
3107 4318 3290 4374 Selina
3309 4361 3324 4384 ,
3365 4321 3470 4375 lilia

243 4411 367 4479 Quo
394 4426 515 4466 cum
541 4410 728 4467 luisset
765 4425 799 4485 a
839 4410 1150 4482 parentum
1193 4404 1449 4476 adducta,
1477 4409 1805 4480 presbyteris
1830 4395 1882 4455 Β
1907 4409 2212 4477 Bernalabi,
2251 4409 2319 4465 de
2349 4409 2658 4479 quotidiana
2691 4411 2971 4464 vexatione
3008 4409 3227 4479 maligni
3252 4410 3472 4480 spiritus

244 4519 317 4558 ac
340 4504 625 4563 monachis
647 4502 750 4559 loci
778 4501 921 4559 illius
954 4503 1140 4559 eadem
1179 4517 1243 4557 ex
1281 4502 1465 4558 ordine
1506 4501 1800 4573 replicavit.

245 4592 408 4649 Pater
431 4600 608 4647 autem
635 4591 822 4664 puella
855 4600 966 4648 tres
1005 4592 1251 4648 denarios
1290 4608 1451 4662 super
1475 4598 1803 4647 contractam

248 4685 372 4744 Ilia:
405 4699 514 4740 sua
541 4696 755 4738 manum
778 4683 1007 4752 positos,
1038 4683 1256 4737 dextera
1286 4697 1380 4737 sua
1415 4697 1631 4736 manum
1661 4682 1802 4737 illius

246 4774 318 4829 ad
355 4771 525 4827 altare
562 4784 683 4826 cum
727 4779 948 4826 munere
974 4770 1248 4840 porrexit:
1286 4771 1423 4839 quod
1455 4785 1573 4824 cum
1599 4768 1797 4824 factum

245 4864 461 4928 fuisset,
490 4871 613 4918 mox
638 4864 831 4917 mirum
855 4862 912 4917 in
934 4861 1149 4916 modum
1176 4876 1271 4932 per
1296 4861 1565 4917 orationes
1592 4869 1800 4917 sancto—

246 4969 390 5016 rum,
418 4953 469 5006 in
496 4967 602 5005 uno
626 4953 914 5021 eodemque
940 4960 1210 5005 momento
1232 4959 1285 5006 et
1314 4952 1513 5005 denarii
1542 4966 1702 5020 super
1722 4951 1801 5005 al-

238 5052 366 5105 tare
391 5041 718 5105 cecidertmt,
744 5049 799 5094 et
824 5038 1012 5110 puellae
1041 5030 1246 5108 integra
1290 5041 1485 5096 mentis
1515 5055 1577 5095 ac
1613 5055 1801 5096 manus

246 5124 452 5187 sanitas
482 5128 727 5185 restituta
758 5138 858 5184 est.

318 5223 407 5277 Η.
435 5222 567 5276 Erat
587 5222 747 5275 etiam
776 5222 877 5277 illis
901 5222 1224 5292 temporibus
1247 5222 1439 5277 mulier
1473 5223 1714 5292 quaedam
1742 5224 1796 5278 in

245 5313 374 5369 villa
391 5328 511 5383 quae
530 5311 727 5366 dicitur
746 5311 989 5375 Erlabab,
1013 5312 1217 5366 distans
1238 5328 1266 5365 a
1290 5312 1611 5367 monasterio
1634 5311 1799 5366 leucis

249 5402 551 5466 duodecim,
578 5415 700 5469 qum
724 5416 815 5469 per
849 5402 1029 5457 decem
1066 5417 1234 5455 annos
1259 5401 1507 5455 continua
1541 5401 1803 5453 immundi

245 5492 465 5560 spiritus
484 5489 770 5542 vexatione
793 5490 1082 5545 laborabat.
1106 5489 1250 5544 lianc
1273 5498 1522 5558 parentes
1546 5490 1625 5543 sui
1646 5489 1799 5558 plena

310 5616 337 5648 ι
367 5602 647 5659 Nimirum
675 5582 1315 5687 Carleburgibonoratam
1352 5604 1411 5657 l7
1441 5604 1631 5659 Martii.
1662 5606 1792 5662 lilia.

1911 4504 2016 4553 tam
2040 4497 2278 4567 perfecte
2300 4507 2605 4565 sanaretur,
2626 4507 2687 4553 ut
2712 4500 2779 4553 ab
2803 4515 2865 4554 ea
2887 4500 2973 4554 die
2999 4516 3227 4569 nequam
3251 4501 3472 4570 spiritus

1906 4584 2177 4656 nunquam
2200 4602 2319 4643 eam
2355 4587 2647 4643 invaderet.
2688 4587 2905 4642 Talibus
2941 4589 3156 4657 quidem
3197 4592 3471 4646 miraculis

1905 4688 1961 4735 et
2011 4682 2133 4737 aliis
2183 4683 2691 4748 innumerabilibus,
2740 4700 2861 4754 qure
2902 4685 3147 4740 brevitati
3194 4687 3470 4741 studentes

1902 4769 2219 4835 omittimus,
2253 4770 2512 4827 Dominus
2540 4781 2724 4827 noster
2750 4772 2904 4828 Iesus
2926 4772 3173 4829 Christus
3192 4775 3469 4830 declarare

1904 4857 2153 4927 dignatus
2188 4867 2272 4914 est
2304 4862 2497 4915 merita
2524 4870 2833 4917 sanctorum
2877 4878 3096 4917 suorum
3140 4862 3377 4919 Januarii
3410 4875 3469 4920 et

1906 4948 2101 5018 Magni,
2131 4964 2359 5018 quorum
2400 4964 2522 5005 ossa
2561 4952 2748 5006 ordine
2786 4967 2944 5022 supra
2968 4954 3091 5007 licto
3130 4956 3384 5008 translata
3414 4964 3469 5009 et

1905 5038 2115 5093 condita
2147 5054 2269 5093 esse
2288 5047 2523 5094 constat.
2558 5040 2889 5096 Ceterarum
2920 5058 3045 5099 vero
3082 5055 3308 5114 corpora
3338 5062 3463 5099 san-

1904 5139 2134 5194 ctorum,
2162 5145 2283 5199 qua:
2314 5129 2395 5183 vel
2428 5129 2616 5185 eodem
2647 5146 2764 5200 quo.
2794 5131 2878 5185 isti
2904 5173 2918 5196 ,
2950 5131 3031 5186 vel
3059 5131 3164 5187 alio
3190 5142 3462 5204 tempore,

1904 5218 2130 5273 adducta
2161 5225 2305 5282 sunt,
2331 5234 2439 5288 quo
2466 5219 2719 5274 translata
2753 5229 2809 5275 et
2834 5220 3045 5276 condita
3073 5232 3197 5276 sunt
3215 5220 3369 5290 juxta
3404 5225 3463 5277 li-

1904 5312 2022 5365 dem
2044 5320 2313 5381 gestorum
2341 5312 2642 5366 declarabo.

1973 5410 2059 5464 45.
2092 5410 2266 5465 Locus
2291 5419 2376 5466 est
2417 5426 2446 5464 a
2488 5412 2811 5466 monasterio
2836 5412 3083 5467 Fuldcnsi
3109 5414 3291 5468 decem
3318 5422 3369 5467 et
3395 5428 3462 5467 eo

1903 5499 2129 5567 amplius
2151 5498 2316 5553 leucis
2342 5499 2583 5565 distans,
2623 5500 2689 5554 ad
2732 5501 3232 5566 Boream,’nomine
3261 5502 3459 5557 llatbe-

1975 5608 1999 5645 ι’
2032 5604 2239 5660 Colitur
2266 5605 2330 5659 l3
2357 5606 2682 5663 Decembris.
2715 5609 2872 5691 Βοιι..
