3940 6332
181 326 247 378 (ἰῦ
1219 373 1224 378 ,
1555 317 2073 373 ΡΗΟΙᾸΞΕΟΜΙΞΝΛ.
2519 354 2523 356 -
3351 327 3418 379 63

309 435 494 485 Ilorum
519 441 589 492 tu,
619 435 793 495 lector,
819 433 859 481 sl
883 443 1088 495 noscere
1113 431 1460 495 nominarusz
1479 470 1491 490 ,

364 498 488 544 Area
508 492 813 556 superposita
840 494 1002 556 pandit
1025 501 1073 541 et
1101 496 1201 552 Ipsa
1229 492 1332 539 tibi.

301 555 448 604 Roma
469 555 616 605 decus
635 555 796 604 mundi
815 592 830 614 ,
857 555 960 602 laus
983 565 1164 612 rerum,
1189 565 1370 614 summa
1402 558 1614 612 potestas
1634 590 1645 610 ,

363 618 464 667 Hos
482 620 577 678 jam
605 613 1191 678 lectores'pontiticesque
1217 613 1410 678 habuit:

307 679 423 731 Cum
449 673 626 739 quibus
651 680 727 725 hic
751 673 947 738 pausam
967 673 1230 739 sunip’ti'de
1255 675 1471 734 partibus
1495 675 1625 721 orbis

363 735 553 789 Virtute
588 740 722 801 clari,
746 735 954 797 Christe,
983 738 1049 784 tui
1076 735 1254 783 famuli.

181 861 234 900 .n
277 841 500 912 reliquis
527 857 655 897 vero
685 841 891 896 duobus
924 839 1204 906 lateribus,
1245 837 1580 908 asclepiadeo
1626 854 1749 893 car-

181 936 326 992 mine
352 937 453 990 hos
480 950 673 990 versus
703 932 1024 1003 conscripsit
1051 951 1063 985 :

365 1047 558 1097 Feliccs
584 1050 776 1094 nimium
802 1053 948 1107 atque
966 1047 1102 1095 beati
1121 1083 1133 1100 ,

364 1109 494 1167 Quos
527 1123 614 1157 rex
642 1109 856 1159 Christus
880 1120 1027 1155 ovans
1051 1119 1159 1154 arce
1182 1117 1388 1166 superna

362 1171 550 1218 Sanctis
571 1182 656 1231 pro
679 1170 865 1216 meritis
887 1168 1084 1231 collocat
1106 1170 1266 1231 astris,

368 1231 525 1280 Vitam
549 1228 833 1292 perpetuam
857 1228 1014 1277 reddit
1040 1237 1090 1278 et
1111 1229 1215 1292 illis.

362 1293 451 1350 Qui
478 1291 709 1350 templum
739 1291 925 1338 Domini
950 1291 1198 1349 gressibus
1220 1291 1398 1338 intrant
1423 1326 1438 1350 ,

361 1353 460 1402 Hos
485 1366 611 1400 nunc
632 1353 888 1411 admoneo,
914 1352 1061 1399 corde
1087 1353 1296 1410 benigno

362 1413 606 1464 Christum
632 1412 913 1473 suppliciter
937 1418 988 1460 ut
1016 1425 1161 1473 prece
1187 1419 1377 1473 poscant
1396 1450 1409 1471 ,

368 1476 503 1534 Quod
529 1489 635 1524 cum
663 1474 954 1534 martyribus
977 1474 1143 1522 siderat
1159 1480 1369 1534 praestet.

1784 439 1823 493 Α
1860 448 1950 494 rm,
1984 431 2140 484 simul
2182 447 2300 483 cum
2339 432 2762 499 expositionibus
2812 435 2940 489 suis.
2972 434 3294 506 Seqttentcnt
3329 457 3422 493 au-

1855 533 1958 575 tem
1990 522 2224 576 libellum
2252 522 2368 576 ideo
2396 523 2788 579 conﬁciendum
2811 527 3038 593 putavit,
3079 543 3236 597 quem
3259 531 3421 585 etiam

1852 613 1904 664 in
1961 611 2147 680 viginti
2198 620 2322 667 octo
2376 614 2624 683 capitulis
2672 615 2956 681 breviavit,
3007 628 3064 673 ut
3104 619 3423 675 locutionem

1854 704 2061 757 metrici
2091 704 2288 772 prioris
2318 705 2480 759 libelli
2513 707 2566 760 in
2591 721 2656 760 eo
2687 706 3002 763 lucidiorem
3033 710 3256 765 faceret.
3299 714 3427 768 Post

1851 791 1968 847 haec
1996 793 2211 861 scripsit
2236 789 2322 848 'ad
2351 793 2664 849 Heistolfum
2691 796 2716 835 ἀ
2755 799 3220 870 archiepiscopum
3253 804 3318 858 de
3342 805 3428 858 ln-

1851 883 2132 936 stitutione
2157 882 2476 939 clericorum
2508 885 2674 940 libros
2699 893 2830 952 tres,
2857 889 2908 941 in
2937 891 3130 957 quibus
3152 892 3218 946 de
3247 897 3425 950 cccle-

1851 973 2087 1029 siasticis
2122 975 2423 1042 ordinibus,
2466 985 2522 1031 et
2543 976 2735 1031 ofﬁciis
2766 980 2994 1034 diversis
3018 998 3136 1051 qua:
3178 985 3230 1038 in
3256 986 3430 1042 eccle—

1851 1064 1928 1117 sia
1956 1072 2237 1134 geruntur,
2284 1066 2424 1119 ratio
2463 1067 2885 1132 demonstratur,
2926 1079 2977 1123 et
3010 1073 3142 1125 ordo
3188 1074 3426 1129 discendi

1851 1169 1915 1209 ac
1959 1155 2151 1210 modus
2180 1156 2389 1211 dicendi
2442 1158 2589 1211 verbi
2622 1158 2716 1212 Dei
2770 1159 3092 1214 declaratur.
3135 1164 3214 1217 Ad
3264 1180 3424 1234 quem

1851 1245 2013 1298 etiam
2063 1246 2280 1315 scripsit
2335 1237 2626 1301 tractatum
2687 1265 2849 1318 super
2898 1252 3246 1322 Evangelium
3300 1256 3428 1310 Maz-

1853 1334 1997 1398 thzei,
2029 1350 2412 1391 consuinmans
2439 1337 2586 1391 illttm
2610 1347 2732 1393 octo
2749 1340 2918 1394 libris.
2947 1342 3111 1408 Cujus
3132 1354 3194 1398 et-
3213 1346 3425 1401 hortatu

1852 1423 1977 1477 fecit
2004 1422 2253 1479 homilias
2273 1425 2516 1481 diversas
2531 1442 2628 1495 per
2653 1437 2819 1482 totum
2847 1446 3070 1498 annum,
3095 1434 3159 1488 ad
3186 1433 3429 1491 diversas

1854 1513 2192 1570 festivitates.
2227 1517 2293 1570 Et
2324 1518 2389 1571 de
2421 1520 2585 1572 variis
2613 1521 2754 1574 vitiis
2783 1531 2942 1591 atque
2969 1523 3260 1579 virtutibus
3303 1528 3432 1583 sub-

245 1599 338 1654 49.
369 1598 606 1654 Aliorum
647 1607 825 1652 autem
870 1604 1173 1652 sanctorum
1205 1595 1455 1664 reliquias
1485 1595 1552 1649 de
1574 1595 1751 1648 diver-
1845 1605 2026 1674 iunxi;
2061 1621 2337 1662 sermones
2367 1607 2432 1661 ad
2463 1609 2864 1678 pmdicandum
2913 1615 3107 1684 populo
3133 1616 3246 1670 Dei.

175 1693 252 1747 sis
293 1693 536 1761 partibus
585 1692 733 1747 orbis
774 1690 1034 1760 plurimas
1075 1687 1438 1758 congregavit,
1483 1694 1644 1754 atque
1695 1686 1748 1738 in

1926 1698 2015 1751 5i.
2045 1699 2173 1753 Post
2199 1699 2314 1754 lizec
2362 1710 2549 1771 rogatu
2585 1703 2974 1772 episcoporum,
3014 1707 3275 1762 Frccholﬁ
3307 1721 3330 1748 ε
3361 1710 3436 1764 vi-

178 1786 456 1850 oratoriis,
509 1801 629 1854 quze
663 1794 904 1853 tempore
952 1781 1032 1836 δυῖ
1081 1779 1359 1850 tegminis
1386 1794 1610 1832 "umero
1637 1777 1753 1867 βτί·
1781 1796 1826 1854 Β
1855 1793 2071 1857 delicet,
2101 1792 2403 1847 Fridurichi
2440 1793 2457 1831 ί
2486 1805 2540 1848 et
2568 1794 2847 1861 Humberti
2880 1799 2925 1861 ε,
2954 1799 3170 1867 scripsit
3196 1801 3248 1854 in
3273 1800 3435 1856 Octo-

179 1873 325 1942 ginta
358 1881 755 1936 construxerat,
788 1872 935 1924 etab
965 1868 1231 1938 episcopis
1261 1869 1313 1921 in
1358 1882 1587 1937 quorum
1620 1865 1754 1920 dioe-

179 1964 293 2019 cesi
338 1962 568 2026 fuerant,
596 1960 834 2016 dedicari
869 1959 1090 2024 fecerat,
1125 1957 1416 2012 honorifice
1445 1956 1750 2011 collocavit.

183 2056 258 2112 De
279 2040 507 2126 quorum
525 2056 656 2111 locis
680 2062 734 2108 et
760 2051 1222 2108 consecrationum
1251 2048 1565 2103 auctoribus
1593 2055 1756 2117 atque

180 2146 534 2215 temporibus,
557 2152 974 2212 sanctorumque
987 2143 1312 2207 nominibus,
1331 2158 1556 2212 quorum
1573 2143 1756 2211 spoliis

180 2235 520 2292 illustrantur
549 2237 594 2290 si
625 2235 737 2290 vita
768 2249 952 2290 comes
978 2241 1032 2288 et
1061 2233 1275 2287 divinus
1301 2232 1452 2288 favor
1502 2232 1756 2300 adfuerit,

181 2327 320 2383 locis
352 2327 668 2398 opportunis
702 2325 845 2387 scire
866 2323 1174 2380 volentibus
1199 2323 1510 2378 declarabo.-

249 2440 342 2496 50.
391 2439 524 2496 Cum
558 2439 720 2511 igitur
764 2439 849 2493 vir
882 2437 970 2492 ille
1011 2435 1335 2514 venerabilis
1372 2435 1758 2491 monasterium

177 2530 285 2586 sibi
310 2529 657 2585 commissum
698 2542 795 2596 per
822 2539 992 2581 annos
1018 2525 1206 2594 viginti
1239 2537 1264 2565 ει
1295 2525 1546 2579 nobiliter
1583 2525 1758 2580 rexis-

178 2626 282 2683 set,
313 2617 556 2688 deposito
587 2631 731 2671 cura:
756 2615 1044 2688 pastoralis
1064 2615 1320 2684 pondere,
1346 2615 1411 2669 ad
1443 2615 1755 2679 ecclesiam,

179 2725 348 2782 quam
393 2711 461 2766 ad
494 2707 767 2764 Orientem
798 2705 1159 2763 monasteriil?
1191 2706 1244 2759 in
1288 2714 1468 2759 monte
1508 2713 1760 2760 constru-

180 2808 328 2856 ctam
361 2813 482 2855 esse
521 2813 680 2868 supra
733 2797 844 2853 dixi
877 2793 1064 2866 (Num.
1093 2793 1202 2865 46),
1230 2810 1288 2849 se
1335 2794 1559 2850 contulit
1603 2812 1614 2846 :
1661 2795 1760 2849 ibi-

181 2906 290 2962 que
333 2905 555 2944 manens
600 2904 663 2944 ac
704 2887 815 2942 Deo
853 2887 1112 2950 serviens,
1167 2885 1371 2940 coalesti
1411 2885 1762 2954 philosophiae

179 2979 430 3036 vacabat.
477 2980 607 3034 Erat
654 2978 796 3034 enim
844 2976 897 3030 in
946 2975 1240 3046 Scripturis
1269 2991 1299 3029 a
1328 2976 1559 3046 pueritia
1609 2975 1762 3031 vahle

181 3071 478 3136 studiosus,
523 3079 576 3125 et
617 3068 909 3124 secundum
944 3067 1139 3121 donum
1174 3066 1276 3121 sibi
1322 3066 1533 3120 coalitus
1571 3065 1756 3120 datum

1859 1885 2109 1938 teuchum
2165 1883 2351 1954 [Boll.,
2421 1883 2870 1957 Pentateuchumj
2920 1891 3429 1944 commentariorum

1857 1974 2023 2028 libros
2050 1989 2198 2032 xxix,
2228 1974 2331 2026 hoc
2357 1981 2440 2027 est
2463 1973 2516 2026 in
2536 1973 2788 2029 Genesim
2817 1976 2982 2032 libros
3008 1995 3080 2043 tv,
3111 1979 3163 2033 in
3190 1981 3432 2035 Exodum

1856 2062 2024 2118 libros
2075 2079 2147 2127 tv,
2206 2065 2260 2118 in
2317 2063 2612 2118 Leviticum
2649 2065 2814 2120 libros
2845 2083 2938 2130 vn,
2968 2070 3020 2121 in
3065 2069 3329 2124 Numeros
3373 2071 3435 2124 li—

1858 2157 1982 2210 bros
2030 2173 2102 2220 tv,
2139 2156 2389 2211 similiter
2439 2158 2571 2210 etin
2615 2158 3094 2213 Deutcronomium
3142 2161 3308 2216 libros
3360 2179 3435 2226 iv,

1859 2249 1912 2302 in
1939 2246 2065 2303 Jesu
2093 2248 2241 2302 Nave
2278 2247 2446 2303 libros
2486 2265 2544 2302 ιιι
2579 2247 2770 2318 [Boll.,
2800 2249 2901 2320 tv],
2943 2259 2994 2303 et
3021 2251 3071 2304 in
3101 2249 3347 2305 Iudicum
3378 2253 3439 2306 li-

1858 2339 1986 2393 bros
2006 2339 2158 2404 duos,
2179 2339 2231 2392 in
2248 2338 2390 2392 Ruth
2414 2353 2628 2408 quoque
2653 2339 2848 2392 librum
2872 2356 3055 2393 unum.
3084 2341 3229 2395 Fecit
3249 2345 3435 2406 etiam,

1859 2435 2052 2499 rogatu
2088 2427 2334 2482 Hilcwini
2388 2428 2411 2466 δ
2465 2427 2698 2491 abbatis,
2729 2427 2897 2481 libros
2928 2445 2981 2480 tv
3025 2429 3078 2481 in
3108 2431 3440 2500 expositione

1859 2519 1980 2575 libri
2024 2519 2291 2574 Samuelis
2319 2527 2372 2572 et
2401 2519 2627 2590 Regum.
2676 2517 2936 2573 Similiter
2983 2519 3442 2594 Ludovicoimpe-

1862 2621 2043 2668 ratore
2079 2616 2094 2653 ί
2128 2613 2400 2676 hortante,
2428 2613 2480 2666 in
2500 2611 2949 2682 Paralipomenon
2976 2613 3145 2667 edidit
3173 2614 3336 2670 libros
3367 2633 3439 2670 iv.

1864 2705 2094 2776 Scripsit
2120 2714 2379 2775 prtetcrea
2411 2705 2804 2774 expositionem
2840 2705 2892 2758 in
2923 2705 3203 2760 historiam
3235 2706 3438 2767 Judith,

1862 2794 2057 2848 librum
2103 2809 2300 2860 unum;
2340 2803 2395 2849 et
2443 2794 2496 2847 in
2525 2794 2808 2848 historiam
2837 2793 3035 2848 Esther
3080 2795 3326 2850 similiter
3380 2797 3444 2850 li-

1861 2885 2018 2939 brum
2045 2901 2246 2950 unum;
2280 2900 2416 2954 quos
2448 2885 2669 2938 tradidit
2698 2883 2882 2939 Judith
2909 2884 3183 2955 Augustas.
3218 2886 3443 2940 Librum

1863 2992 2076 3046 quoque
2139 2976 2565 3033 Machabteorum
2621 2977 2878 3047 priorem,
2942 2986 3156 3047 petente
3213 2977 3443 3034 Geroldo

1864 3067 2249 3121 archidiacono
2280 3078 2328 3132 ι,
2363 3065 2559 3121 libellis
2599 3066 2809 3121 duobus
2851 3067 3180 3137 explanavit,
3215 3084 3443 3138 sequen—

182 3163 471 3217 lectionem
506 3161 808 3216 divinorum
842 3157 1101 3226 librorum
1131 3156 1419 3225 plurimum
1464 3157 1758 3220 adamavit,
1790 3159 1833 3219 C
1866 3166 1972 3212 tem
2014 3173 2144 3212 vero
2169 3156 2346 3210 libello
2374 3172 2499 3210 uno.
2528 3156 2750 3211 Librum
2781 3171 3014 3226 quoque,
3045 3158 3135 3227 qui
3164 3175 3438 3228 nuncupa-

183 3262 349 3321 atqnc
376 3252 429 3306 in
459 3252 543 3306 his
571 3249 766 3318 szepius
797 3248 1086 3302 meditatus
1110 3255 1209 3301 est.
1255 3246 1405 3311 Unde
1435 3247 1598 3301 etiam
1633 3247 1759 3304 hor:

186 3354 300 3398 tatu
341 3343 564 3399 fratrum
632 3356 851 3397 suorum
908 3347 1071 3409 atque
1129 3341 1422 3394 amicorum
1476 3333 1760 3411 aggressus

183 3443 271 3488 est
301 3433 538 3488 scribere
585 3431 947 3500 expositiones
987 3430 1246 3485 librorum
1293 3431 1616 3494 divinorum,
1649 3439 1756 3485 tam

189 3523 403 3577 Veteris
438 3536 600 3593 quam
629 3522 763 3576 Novi
793 3521 1143 3575 Testamcnti.
1187 3521 1343 3586 Nam,
1375 3531 1434 3575 ut
1457 3523 1570 3592 ipse
1597 3531 1762 3578 testa-

191 3623 277 3667 tus
323 3622 427 3678 est,
464 3615 697 3684 primum
733 3612 948 3681 scripsit
993 3626 1133 3665 anno
1181 3613 1354 3666 aetatis
1405 3628 1514 3666 suze
1542 3614 1763 3668 circiter

190 3703 469 3772 trigesimo
518 3713 539 3741 ε
580 3703 633 3770 in
666 3701 876 3756 Iaudem
928 3710 1128 3756 sancta:
1155 3703 1329 3756 crucis
1361 3703 1496 3757 duos
1532 3704 1759 3768 libellos,

189 3795 292 3848 hoc
329 3801 413 3848 est
439 3808 606 3846 unum
646 3791 869 3845 metrico
916 3790 1077 3860 stylo,
1107 3805 1226 3845 cum
1273 3790 1455 3861 ﬁguris
1499 3793 1757 3864 mysticis,

189 3898 310 3952 quae
352 3883 406 3937 in
437 3883 634 3937 divinis
661 3881 814 3935 libris
843 3880 998 3950 longe
1033 3889 1155 3935 ante
1184 3891 1491 3950 praenotata:
1520 3891 1665 3948 sunt,
1703 3893 1762 3938 ut

189 3974 242 4027 in
295 3973 380 4027 bis
425 3971 865 4026 manifestaretur
892 3970 1091 4025 Christi
1137 3972 1315 4039 passio
1362 3981 1417 4024 et
1467 3973 1762 4043 redemptio

188 4073 397 4128 nostra,
438 4063 490 4117 in
538 4062 707 4132 ﬁgura
743 4070 942 4116 sanctae
982 4061 1157 4115 crucis
1205 4075 1326 4115 esse
1372 4063 1758 4130 prmnuntiata;

189 4158 243 4210 in
277 4170 386 4225 quo
414 4155 576 4209 etiam
611 4153 784 4208 soluta
823 4152 1068 4207 oratione
1111 4152 1348 4222 subjecta
1376 4161 1459 4207 est
1507 4138 1761 4209 uniuscu-

184 4246 383 4315 jusque
417 4243 600 4314 ﬁgurze
626 4242 959 4312 explanatio:
978 4250 1033 4296 et
1058 4241 1138 4296 sic
1160 4242 1347 4312 viginti
1371 4250 1517 4307 octo,
1540 4252 1760 4313 excepta

190 4336 589 4408 superliminari
620 4335 835 4405 pagina,
867 4334 1119 4387 videntur
1145 4334 1196 4387 in
1227 4349 1290 4389 ea
1326 4335 1587 4389 contineri
1629 4336 1762 4405 ﬁgu-

1866 3256 1955 3305 tur
1979 3246 2286 3317 Sapientiae,
2321 3247 2538 3300 hortatu
2561 3244 2767 3316 Otgarii
2798 3247 2823 3286 ιι
2858 3249 3245 3318 archiepiscopi
3271 3250 3323 3303 in
3352 3251 3446 3303 tri-

1823 3339 1962 3393 -bus
2003 3337 2221 3404 libellis,
2265 3338 2642 3408 proutpotuit,
2683 3338 2970 3404 enodavit;
3002 3339 3275 3394 etlihrum
3315 3339 3442 3394 .lesu

1863 3429 1958 3483 ﬁlii
1982 3428 2192 3492 Sirach,
2223 3428 2314 3498 qui
2354 3427 2655 3498 appellatur
2685 3425 3117 3493 Eccl‘esiasticus,
3159 3429 3340 3483 decem
3376 3430 3437 3483 Ιί⁴

1862 3519 1976 3574 bris
2004 3519 2252 3572 similiter
2272 3517 2644 3573 elucidavit.‘
2671 3518 2728 3572 ιιι
2751 3517 3042 3572 Jeremiam
3076 3534 3288 3589 quoque
3319 3536 3444 3589 pro-

1861 3610 2077 3678 phetam
2096 3624 2165 3662 xx
2194 3609 2359 3662 libros
2381 3608 2734 3678 expositionis
2749 3607 2904 3675 juxta
2927 3624 3150 3663 sensum
3174 3608 3439 3677 majorum

1863 3702 2047 3756 edidit.
2095 3700 2153 3754 In
2207 3700 2473 3769 Epistolas
2520 3714 2735 3771 quoque
2779 3699 2912 3754 Paul
2978 3701 3194 3755 hortatu
3247 3701 3378 3770 Lupi
3403 3695 3450 3738 ιη’

1864 3792 2071 3845 diaconi
2118 3790 2506 3846 collectaneum
2577 3791 2728 3856 fecit,
2784 3790 3043 3860 colligens
3095 3792 3160 3846 de
3213 3791 3442 3846 diversis

1861 3879 2133 3949 opusculis
2163 3891 2474 3934 sanctorum
2505 3878 2725 3934 Patrum
2778 3879 3075 3934 sententias
3123 3895 3330 3945 eorum,
3383 3890 3440 3934 et

1864 3972 1917 4026 in
1948 3973 2193 4027 ordinem
2225 3971 2537 4041 disponens,
2578 3971 2632 4025 in
2660 3986 2764 4025 xxx
2811 3970 2965 4026 libris
2995 3970 3142 4025 illum
3187 3970 3443 4026 determi-

1862 4066 2031 4119 navit.

1940 4164 2027 4218 52.
2057 4162 2193 4218 Sunt
2220 4175 2434 4233 quoque
2458 4161 2561 4216 alia
2600 4160 2859 4231 opuscula
2881 4159 3007 4228 ejus,
3039 4175 3158 4230 quae
3179 4160 3244 4215 ad
3271 4160 3437 4213 inter—

1865 4261 2050 4320 rogata
2080 4249 2416 4306 diversorum
2449 4252 2498 4304 ei
2529 4249 2854 4320 respondere
2888 4250 3250 4305 necessarium
3285 4248 3384 4302 fuit
3423 4268 3433 4301 :

1863 4357 2089 4412 quorum
2125 4357 2287 4395 unum
2327 4351 2410 4396 est
2444 4342 2509 4395 de
2542 4341 2979 4410 eoepiscoporutn
3013 4350 3037 4377 η
3060 4340 3431 4406 Ordinationc,

266 4520 289 4548 ·
337 4508 494 4591 Aput;
523 4506 646 4591 842.
685 4513 958 4591 meum?
992 4479 1596 4591 dictltm-ﬁilhemiqs
1643 4507 1769 4591 hinc
1797 4517 1847 4574 υ
1897 4518 1980 4591 Hb.
2001 4518 2226 4591 Abbatis
2249 4517 2323 4591 _s.,
2343 4518 2579 4591 Dionysii
2610 4528 2665 4573 et
2688 4519 3096 4588 archicapellani
3129 4521 3267 4576 sacri
3288 4522 3437 4591 pala-

190 4577 563 4632 emendandus
608 4584 718 4629 tuin
750 4576 802 4628 in
830 4589 988 4646 anno,
1033 4585 1143 4626 tum
1171 4575 1507 4644 potissimum
1555 4577 1607 4629 in
1640 4576 1759 4646 fuga

191 4648 261 4703 ad
280 4647 612 4701 Ludovicum
644 4659 841 4715 regem.
867 4645 1026 4698 BOLL.

265 4737 294 4776 δ
316 4735 544 4789 Additur
565 4735 703 4803 apud
724 4733 1040 4788 Bollandum
1074 4733 1238 4803 sancti
1261 4731 1425 4798 Petri,
1453 4751 1573 4803 qua:
1597 4738 1760 4792 verba

194 4807 248 4860 in
275 4807 396 4859 aliis
424 4806 583 4859 editis
603 4802 822 4858 desunt.
868 4803 1087 4857 Rectius
1117 4802 1271 4866 foret,
1296 4804 1348 4856 in
1385 4802 1557 4860 monte
1579 4804 1761 4860 Sancti

195 4875 362 4929 Petri.
384 4874 525 4945 Lege
545 4875 819 4944 praemissa
848 4889 995 4927 num.
1022 4872 1111 4926 46.
1141 4872 1276 4925 ΜΑΒ.

265 4979 287 5007 ε
321 4968 478 5022 Anno
503 4967 702 5021 Christi
728 4965 858 5024 815..
876 4964 1037 5020 BOLL.

264 5058 289 5097 ά
323 5058 480 5121 Aliis,
532 5056 942 5126 Stuismlphum,
991 5054 1448 5126 archiepiscopum
1503 5055 1766 5126 Mogunti-

264 5071 289 5097 α
323 5071 480 5121 Aliis,
532 5071 942 5126 otuismtpnum,
991 5071 1448 5179 arenteptscogum
1503 5071 1763 5126 mogunti-

194 5143 349 5192 num,
380 5128 470 5195 qui
499 5126 638 5180 sedit
665 5127 731 5179 ab
760 5139 899 5178 anno
922 5126 1036 5179 chr.
1065 5124 1166 5177 8M
1218 5126 1283 5195 ad
1358 5124 1444 5188 26,
1478 5134 1533 5178 et
1580 5141 1763 5181 sacer-

194 5200 374 5253 dotem
400 5194 668 5250 ordinavit
709 5196 1021 5258 ltabauum;
1054 5195 1103 5248 ei
1131 5195 1226 5247 hos
1252 5194 1416 5248 libros
1441 5195 1652 5264 priores
1687 5198 1767 5250 in-

194 5268 416 5336 scripsit
439 5281 528 5318 an.
557 5263 681 5319 Chr.
709 5264 831 5318 819.
864 5263 936 5317 In.

269 5372 292 5394 ο·
349 5355 592 5424 Episcopi
663 5355 1007 5409 Lexoviensis

192 5429 377 5482 clinm.
419 5427 493 5479 In.

274 5499 291 5534 τ
322 5496 570 5564 Episcopi
599 5495 1023 5561 Ultrajectensis,
1051 5496 1137 5549 cui
1167 5496 1449 5565 inscripsit
1469 5493 1639 5565 libros
1667 5493 1760 5565 {0-,

193 5582 322 5628 sue;
350 5562 483 5628 duos
500 5562 674 5619 solum
703 5573 810 5618 tres
825 5574 1066 5618 numerat
1090 5566 1254 5619 codex
1271 5562 1367 5619 ms.
1395 5562 1664 5618 Cliillletii.
1685 5563 1758 5617 In.

271 5639 293 5674 ε
335 5630 470 5688 Huic
489 5635 744 5704 episcopo
774 5633 1136 5704 Herbipolensi
1162 5633 1352 5686 obtulit
1382 5647 1507 5686 suas
1533 5632 1584 5684 in
1614 5630 1762 5686 Judi-

197 5720 288 5758 ces
310 5715 362 5759 ei
391 5701 539 5758 Rulli
564 5705 974 5756 lucubrationes.
1009 5701 1070 5755 ID.

1073 5354 1156 5408 cui
1217 5354 1414 5408 dicavit
1476 5355 1761 5410 Pentateu-

1871 4587 1928 4641 tii
1961 4585 2216 4642 Ludovici
2249 4588 2348 4642 Pii.
2380 4589 2452 4641 In.

1949 4656 2063 4708 iAt
2106 4673 2256 4727 quae,
2290 4657 2616 4727 przeponitur
2668 4657 2940 4726 praefatio,
2977 4668 3058 4714 est
3101 4659 3166 4714 ad
3211 4660 3436 4717 Ludovi-

1868 4741 1990 4798 cum
2014 4726 2201 4798 regem
2231 4726 2803 4798 Germani:e,alterius
2832 4729 3019 4783 ﬁlium.
3049 4729 3122 4798 in.

1943 4796 1956 4847 i
1996 4796 2390 4869 Archidiacono
2436 4797 2822 4869 sacripalatii,
2852 4801 3004 4869 cujus
3048 4797 3296 4852 familiari
3329 4801 3434 4855 col-

1870 4868 2050 4938 loquio
2079 4883 2137 4922 se
2167 4868 2270 4920 frui
2300 4880 2409 4921 tum
2429 4868 2491 4938 in
2517 4867 2716 4938 palatio
2741 4867 3071 4938 Yangidnum
3099 4869 3350 4932 civitatis,
3379 4870 3430 4923 id

1871 4936 1952 4993 est
1975 4936 2302 4999 Wormatim,
2334 4936 2520 4990 scribit
2549 4937 2600 4989 in
2631 4936 2937 5004 prtefatione
2963 4938 3232 4992 Rabanus.
3265 4938 3338 4991 lo.

1945 5007 1970 5046 ι
2000 5005 2124 5059 Fuit
2144 5007 2230 5060 hic
2266 5007 2515 5059 decessor
2529 5007 2732 5059 Rabani
2765 5008 2816 5059 in
2845 5007 3306 5076 archiepis'eopatu
3323 5008 3432 5061 Mo-

1872 5077 2114 5146 guntino,
2140 5086 2195 5129 et
2225 5077 2364 5129 sedit
2403 5077 2470 5129 ab
2495 5091 2636 5146 anno
2661 5076 2763 5130 826
2797 5079 2862 5131 ad
2891 5077 3012 5131 847.
3044 5077 3105 5131 Ei
3132 5079 3293 5132 etiam
3322 5078 3427 5132 Ec-

1787 5192 1790 5198 .
1873 5145 2231 5200 clesiasticum
2259 5146 2552 5213 inscripsit.
2578 5145 2652 5197 ln.

1950 5213 1968 5254 ι
1994 5215 2236 5270 Absolvit
2260 5225 2382 5282 post
2406 5215 2623 5283 obitum
2649 5215 2898 5270 Ludovici
2939 5215 3015 5268 Pii
3047 5215 3388 5283 imperatoris
3410 5257 3424 5276 ,

1867 5286 1959 5352 qui
2005 5284 2189 5338 incidit
2229 5281 2280 5336 in
2313 5284 2576 5338 Kalendas
2596 5281 2718 5336 Julii
2762 5286 2886 5336 anni
2918 5284 3040 5340 840.
3073 5281 3273 5338 Obtulit
3319 5287 3427 5339 lilio

1865 5355 1979 5423 ejus
2003 5353 2258 5407 Lothario
2290 5353 2725 5423 itnperatori._lo.

1892 5421 1904 5423 ἡ
1934 5436 1972 5463 αι
2003 5423 2182 5492 Lupus
2226 5439 2256 5476 e
2305 5421 2566 5492 discipulo
2613 5421 2815 5476 Rabani
2866 5423 3029 5478 abbas
3063 5423 3324 5479 Ferrariae
3374 5425 3424 5480 in

1864 5492 2113 5546 Francia.
2141 5493 2215 5546 In.
2444 5540 2448 5543 .

1912 5508 2113 5548 ranCta.
2141 5508 2215 5546 ID.
2444 5540 2448 5543 .

1936 5574 1961 5601 η
1998 5565 2177 5625 Forte,
2202 5561 2714 5629 chorepiscoporum,
2743 5571 3023 5616 annotarat
3057 5563 3420 5617 Colvcnerius.

1864 5633 2024 5687 Liber
2053 5631 2140 5686 hic
2164 5633 2388 5684 necdum
2417 5631 2556 5699 typis
2582 5633 2846 5700 vulgatus.
2879 5632 2946 5683 In.
