3940 6322
157 285 226 337 0‘.)
1505 284 2031 342 ἰδῐὶυιιιὶϐυΜΕΝᾹ.
3142 293 3151 300 ’
3319 289 3391 346 70

156 395 418 450 concinne
442 396 592 466 potui
620 397 889 452 ordinare.
916 395 1047 464 Quis
1094 394 1235 451 enim
1266 395 1463 450 nostris
1492 393 1722 449 maxime
1748 399 1798 455 Α
1823 408 1912 449 res
1941 395 2118 450 divina
2147 397 2242 451 tibi
2266 411 2478 467 semper
2500 400 2552 454 in
2581 400 2758 456 animo
2777 400 2896 468 fuit,
2926 402 3163 473 nihilque
3187 406 3391 463 dulcius

159 486 515 555 temporibus,
546 488 612 540 ad
647 487 761 541 iure
800 494 949 541 tanta
990 486 1292 556 reperiatur
1319 485 1563 550 idoneus,
1585 493 1725 539 utea

158 573 321 629 faciat
342 575 603 630 litteraria
649 576 979 646 perennitate
1013 575 1354 637 reviviscere,
1377 589 1496 644 quae
1524 590 1620 645 per
1645 583 1727 630 tot

155 678 329 718 annos
354 664 408 718 in
438 664 703 720 oblivione
739 658 1046 719 mortalium
1091 671 1301 718 constat
1338 663 1721 733 permansisse.

153 750 360 806 Pudeat
387 750 689 807 Germania:
725 751 1005 822 pontiﬁces
1030 751 1228 805 innata:
1268 759 1327 805 ut
1357 753 1428 805 ita
1469 750 1720 818 dixerim,

152 843 433 918 socordiae,
462 844 554 911 qui
581 843 903 897 vanitatibus
937 840 1123 907 dediti,
1149 850 1204 896 et
1238 842 1332 896 Dei
1380 842 1636 897 honorem
1667 845 1721 899 in

151 933 357 987 sanctis
384 934 678 1004 negligunt,
707 941 761 988 et
785 933 1031 989 decorem
1060 932 1247 1003 patria:
1292 934 1430 1003 turpi
1472 934 1716 989 dissimu—

152 1021 352 1076 latione
397 1032 763 1078 contemnunt.
797 1022 1107 1093 Compatior
1141 1022 1437 1078 infelicitati
1488 1025 1724 1078 nationia

152 1127 285 1167 niese
312 1112 666 1180 Germanicae,
690 1113 838 1181 cujus
864 1123 1011 1168 tanta
1037 1123 1120 1168 est
1166 1112 1351 1168 feritas
1395 1114 1717 1177 animorum,
1760 1188 1768 1193 ‘

151 1209 211 1255 ut
240 1216 412 1271 neque
439 1217 564 1258 suos
591 1216 737 1258 recte
776 1204 983 1259 noverit
1013 1203 1293 1258 instituere
1340 1210 1513 1266 natus,
1547 1219 1719 1273 neque

148 1305 244 1345 eos
272 1292 362 1361 qui
401 1307 519 1347 sese
554 1294 791 1348 moribus
839 1303 893 1349 et
931 1294 1172 1348 doctrina
1203 1295 1414 1348 caeteris
1460 1302 1720 1365 praestan-

150 1380 317 1434 tiores
342 1381 595 1435 exhilvere
618 1384 949 1449 studuerunt,
981 1385 1258 1455 condignis
1282 1366 1495 1439 laudum
1524 1396 1580 1439 et
1608 1401 1719 1440 me-

151 1469 378 1524 ritorum
412 1470 580 1524 titulis
602 1474 940 1528 consueverit
970 1475 1255 1530 honorare.
1283 1475 1363 1529 Ab
1390 1490 1454 1530 eo
1488 1492 1717 1546 namque

150 1568 411 1629 tempore,
442 1575 548 1628 quo
594 1570 809 1617 sanctus
852 1563 1195 1633 archipraisul
1242 1564 1493 1619 Rabanus
1520 1566 1716 1637 migra-

151 1653 229 1704 vit
254 1651 319 1704 ad
368 1652 639 1706 Chi-istum
666 1668 834 1721 usque
863 1656 942 1708 ad.
975 1656 1364 1710 ordinationem
1402 1660 1475 1711 tui
1503 1658 1717 1725 pontiﬁ-

1825 498 1987 553 quam
2014 486 2332 543 clericorum
2364 490 2546 545 choris
2594 492 2853 547 interesse
2882 493 3239 564 psallentium,
3270 512 3395 552 aras

1822 573 2048 643 pulchro
2068 576 2262 632 de'core
2283 576 2497 643 ornare,
2541 590 2849 637 sanctorum
2879 593 2931 638 et
2961 584 3393 641 beatissimorum

1822 671 2119 734 martyrum
2143 663 2345 721 Christi
2373 668 2531 721 simul
2582 678 2637 724 et
2682 668 3053 725 conﬁtentium
3078 686 3201 727 ossa
3245 677 3397 728 vario

1821 760 1877 806 et
1901 745 2071 809 nitido
2094 755 2383 827 splendore
2394 759 2523 833 γεω-ἰ
2554 760 2753 816 vestire
2778 769 2833 815 et
2862 762 3089 831 argenti.
3119 762 3269 828 Quod
3295 779 3395 835 ego

1821 836 1887 899 de
1921 853 2011 899 tua
2042 847 2445 917 religiosissima
2475 848 2799 906 Celsitudine
2829 862 2978 907 tanto
3006 854 3188 908 verius
3228 856 3394 909 conﬁ-

1822 934 2138 1004 dentiusqne
2162 938 2400 991 scribere
2422 939 2594 1006 potui,
2610 950 2809 1009 quanto
2834 942 3033 995 diutius
3059 951 3183 995 ante
3199 942 3393 995 decen-

1820 1021 1968 1075 nium
2008 1033 2355 1078 conversatus
2378 1026 2430 1078 in
2456 1030 2604 1081 curia
2634 1030 2958 1091 serenissimi
2984 1031 3242 1100 principis
3275 1030 3396 1086 Joa-

1818 1111 2022 1175 cliimi,
2073 1111 2605 1184 Brandenburgensis
2659 1118 3020 1183 marchiouis,
3074 1121 3392 1189 imperiique

1817 1202 2074 1273 principis
2094 1204 2364 1269 electuris,
2388 1203 2639 1259 Germani
2662 1208 2771 1273 tui;
2796 1209 2934 1277 apud
2961 1209 3207 1264 Ursulum
3237 1210 3265 1249 δ
3291 1210 3391 1262 Cn-

1818 1291 1975 1347 loniae
2008 1300 2075 1347 ad
2099 1292 2379 1363 Sprevum,
2406 1295 2701 1365 principem
2737 1306 2806 1361 te,
2829 1298 3185 1368 juvencmque
3210 1301 3392 1369 singu-

1816 1382 1916 1438 lari
1953 1384 2153 1453 pietate
2206 1386 2258 1439 in
2300 1385 2465 1439 Deum
2516 1385 2833 1452 ferventem,
2861 1400 2916 1443 et
2946 1390 3052 1443 vidi
3097 1392 3304 1461 plenius
3336 1399 3389 1443 et

1814 1474 2013 1530 audivi.
2055 1474 2188 1529 Cum
2240 1476 2400 1545 igitur
2449 1476 2629 1530 divina
2684 1479 3030 1533 miseratione
3065 1490 3386 1550 prmvcntuc,

1814 1565 1988 1627 adhuc
2018 1580 2151 1634 puer
2173 1565 2503 1629 adolescens,
2536 1574 2679 1619 tanta
2706 1569 2924 1635 pietate,
2947 1576 3091 1622 tanta
3123 1570 3387 1623 cliariiaie

1815 1669 1878 1708 ac
1899 1655 2178 1709 devotione
2197 1656 2553 1708 sanctissimis
2576 1663 2626 1709 te
2646 1654 2843 1708 Christi
2873 1657 3181 1711 ministeriis
3201 1668 3388 1727 aptare

148 1752 325 1804 catus,
356 1743 799 1799 revereudissime
832 1745 1026 1813 praesul
1051 1744 1289 1811 Albcrte,
1321 1746 1715 1817 Moguntiacem
1743 1731 1789 1790 Β
1818 1744 2064 1814 gestires,
2120 1751 2180 1797 ut
2226 1759 2330 1797 non
2382 1744 2540 1799 modo
2591 1744 2890 1798 senioribus
2942 1746 3238 1815 stuporem,
3291 1749 3384 1799 sed

150 1832 228 1885 sis
278 1831 517 1886 ecclesia:
563 1831 947 1901 archiepiscopi
1002 1834 1323 1889 exstiterunt
1376 1852 1619 1903 numero,
1669 1838 1714 1893 si

149 1932 296 1980 recte
349 1924 592 1989 memini,
646 1926 1028 1996 quinquaginta
1072 1939 1121 1992 α,
1167 1943 1197 1982 e
1247 1929 1441 1999 quibus
1486 1930 1714 1998 Babani,

147 2014 469 2069 sanctissimi
496 2014 615 2079 viri,
646 2016 956 2070 memoriam
981 2016 1156 2072 nullus
1182 2020 1453 2074 revocavit
1475 2022 1539 2075 ad
1567 2036 1716 2075 men-

149 2112 282 2168 tem,
312 2118 502 2158 nomen
524 2101 639 2172 ejus
666 2104 979 2174 posteritate
1002 2114 1186 2159 notum
1215 2106 1393 2163 facere
1429 2109 1603 2165 nullus
1628 2124 1716 2165 eo-

153 2208 275 2247 rum
323 2194 622 2247 attentavit.
663 2192 779 2247 Tibi
834 2203 1159 2248 reservatum
1191 2205 1273 2251 est
1323 2199 1425 2252 hoc
1469 2207 1712 2253 sanctum

145 2298 285 2350 opus
306 2281 754 2347 Christianorum,
781 2282 1234 2339 Christianissime
1261 2288 1458 2355 praesul
1504 2297 1557 2341 et
1582 2289 1715 2343 emi-

146 2373 465 2428 nentissime
494 2374 760 2443 princeps,
794 2382 883 2427 tuo
919 2374 1119 2427 nomini
1168 2375 1392 2431 debetur
1427 2378 1563 2430 tanti
1604 2377 1715 2447 glo-

146 2465 227 2520 ria
253 2464 377 2528 viri,
406 2464 519 2533 qui,
548 2472 787 2518 veterum
814 2472 972 2533 atque
1016 2466 1471 2521 sanctissimorum
1499 2468 1715 2539 pontiﬁ-

142 2570 270 2609 cum
302 2553 620 2618 imitatione,
654 2563 703 2607 te
749 2554 801 2607 in
831 2555 1056 2609 cunctis-
1084 2570 1266 2609 verum
1298 2556 1496 2612 Christi
1531 2560 1713 2615 studes

143 2644 404 2698 exhibere
448 2644 775 2708 ministrum,
830 2652 883 2697 et
919 2644 1436 2714 irreprehensibilem
1472 2647 1714 2703 ecclesia:

144 2734 240 2787 tibi
272 2734 576 2789 commissae
619 2732 782 2787 verbo
830 2742 883 2787 et
928 2734 1171 2803 exemplo
1208 2735 1531 2805 pontiﬁcem.
1562 2736 1708 2791 Felix

141 2825 372 2895 proinde
424 2824 756 2896 Moguntina,
790 2832 842 2878 te
887 2825 1218 2891 moderante,
1249 2835 1431 2881 sancta
1462 2828 1709 2895 ecclesia,

140 2916 232 2983 qui
257 2928 413 2969 sacra
444 2922 750 2968 sanctorum
772 2928 892 2969 ossa
912 2914 1131 2969 tumulis
1156 2926 1464 2971 reverenter
1480 2917 1709 2984 elevata,

139 3002 356 3073 populis
382 3003 679 3057 veneranda
705 3010 924 3072 praestas
952 3003 1225 3070 ﬁdelibus;
1255 3014 1308 3059 et
1331 3022 1448 3075 qua:
1470 3016 1709 3062 veterum

129 3092 349 3148 incuria
389 3107 506 3147 mox
531 3102 687 3147 erant
718 3092 1027 3148 resolvenda
1057 3094 1109 3147 in
1150 3096 1405 3161 cinerem,
1437 3099 1709 3154 memoriae

138 3192 415 3254 pzrpetute
444 3183 670 3238 ﬁrmiter
702 3184 1105 3239 commendasti.
1141 3186 1289 3240 Unde
1318 3183 1567 3242 Germani
1596 3204 1710 3244 om-

140 3290 239 3329 nes
277 3272 403 3341 jure
455 3282 507 3329 te
537 3273 713 3327 lumen
753 3289 905 3328 suum
942 3283 994 3329 et
1024 3276 1183 3330 decus
1220 3277 1536 3332 immensum
1574 3294 1709 3348 prte-

140 3365 343 3427 dicant,
369 3367 460 3434 qui
486 3364 578 3418 Dei
606 3365 782 3419 cultor
806 3380 864 3421 es
884 3366 1167 3431 maximus,
1195 3376 1475 3424 venerator
1500 3378 1708 3441 sancto-

139 3471 263 3509 rum
292 3455 408 3524 ejus
436 3456 832 3526 integerrimus,
866 3456 1132 3526 religionis
1162 3458 1435 3512 catholica:
1460 3458 1710 3514 defensor

138 3544 637 3609 constantissimus,
668 3560 860 3615 genere
904 3546 1152 3615 princeps
1193 3546 1567 3612 nobilissimus,
1598 3549 1707 3603 vita

138 3646 194 3689 et
232 3636 477 3690 moribus
501 3636 737 3689 omnium
788 3636 903 3690 sine
949 3636 1311 3690 controversia
1348 3636 1704 3704 clarissimus;

135 3738 191 3782 et
219 3728 426 3782 idcirco
476 3741 746 3795 nunquam
784 3726 899 3780 sine
933 3726 1136 3781 honore
1184 3728 1557 3782 nominandus.
1588 3727 1710 3784 Habe

137 3830 192 3876 et
222 3822 307 3876 his
347 3817 552 3886 majora
581 3818 773 3872 divina:
812 3817 1169 3871 miserationis
1197 3818 1463 3871 cumulata
1516 3818 1712 3872 beneﬁ-

141 3914 225 3967 cia
262 3909 611 3981 pensiculans
649 3909 801 3963 sedes
845 3908 1152 3977 apostolica,
1202 3907 1340 3976 quod
1386 3908 1510 3962 nulli
1572 3909 1709 3978 apud

138 4003 448 4060 Germanos
503 4010 722 4056 eatenus
782 4000 1067 4069 contigisse
1119 3998 1350 4068 legitur,
1416 4000 1707 4069 principem

134 4104 291 4149 ietate
314 4094 597 4162 juvenem,
641 4091 731 4145 sed
760 4092 993 4144 moribus
1022 4105 1225 4153 senem,
1249 4104 1371 4144 cum
1397 4090 1483 4143 vix
1509 4106 1705 4144 annum

136 4184 417 4255 attigisses
444 4181 687 4251 quintum
731 4187 888 4248 atque
925 4179 1256 4240 vicesimum,
1286 4179 1558 4247 praemissa
1602 4179 1707 4235 ele-

133 4274 315 4328 ctione
338 4271 572 4326 fratrum
594 4270 863 4331 canonica,
901 4277 949 4322 te
977 4267 1293 4338 Moguntina:
1330 4269 1472 4323 sedis
1499 4277 1555 4323 et
1600 4270 1707 4324 Ma-

134 4360 567 4432 gdenhurgensis
586 4357 822 4412 ecclesire
836 4356 1309 4425 archiepiscopum,
1328 4366 1487 4425 atque
1506 4358 1705 4427 prima-

135 4464 240 4506 tem
298 4450 695 4507 Germanorum
746 4446 1051 4518 pontificum
1104 4446 1340 4499 omnium
1386 4448 1696 4513 constituit,

133 4542 336 4610 tibique
390 4553 585 4595 munus
636 4536 1054 4592 consecrationis
1106 4534 1309 4603 placida
1372 4536 1701 4606 benignitate

130 4646 252 4685 cum
278 4629 573 4700 palliorum
618 4628 808 4681 decore
842 4616 1116 4693 utriusque
1154 4624 1390 4679 ecclesia:
1416 4627 1697 4680 concessit.

130 4724 358 4794 Insuper
390 4731 457 4774 ut
499 4734 690 4775 nomen
736 4728 816 4774 ter
842 4716 1055 4771 maximi
1100 4717 1211 4769 sive
1250 4716 1468 4769 triarchi
1512 4717 1700 4770 merito

129 4815 353 4870 videare
377 4818 722 4872 consecutus,
747 4808 1229 4862 administraturcm
1258 4815 1309 4860 te
1357 4806 1579 4876 insignis
1607 4807 1703 4861 Ec—

132 4904 313 4959 clesiae
366 4899 822 4955 Halberstatensis
868 4898 1164 4958 caustituit,
1195 4905 1249 4952 et
1274 4898 1495 4967 gloriam
1539 4898 1703 4952 Celsi-

135 4994 338 5049 tudinis
377 5000 486 5044 tuae
512 5004 670 5058 super
694 5002 878 5041 omnes
910 4986 1207 5041 Germanirc
1232 4986 1510 5053 pontiﬁces
1544 4986 1701 5041 subli-

134 5084 319 5137 mavit.
348 5082 507 5148 Quod
541 5080 716 5133 divina
755 5077 1193 5145 pmordinatione
1221 5076 1415 5129 factum
1442 5091 1544 5131 non
1588 5091 1700 5130 am-

136 5174 284 5242 bigit,
318 5171 417 5241 qui
465 5170 629 5223 vitam
662 5178 713 5221 et
754 5182 927 5221 mores
966 5176 1084 5219 tuos
1136 5166 1202 5219 ab
1239 5167 1452 5219 ineunte
1476 5180 1702 5220 noscens

133 5271 293 5319 tctatc.
338 5260 637 5315 studiosius
668 5256 1031 5327 pensiCuIavit.
1057 5256 1185 5309 Nam
1229 5256 1422 5309 teneris
1458 5257 1523 5309 ah
1548 5257 1703 5308 annis

208 5428 233 5457 ι
258 5415 340 5469 Ita
369 5422 432 5468 ut
459 5413 667 5483 primus
689 5412 904 5464 istorum
929 5410 1308 5478 quinquaginta
1345 5409 1413 5461 sit
1441 5409 1496 5460 Β.
1526 5408 1694 5462 Raba-

137 5500 269 5547 nus;
301 5480 550 5545 ultimus,
575 5480 843 5533 Albertus.

206 5555 234 5594 δ
259 5545 564 5612 Berlinum,
612 5548 763 5602 sedes
792 5548 1055 5610 clertoris,
1084 5546 1352 5600 conditum
1397 5545 1703 5598 denomina-

142 5632 366 5689 tumque
405 5619 583 5673 fertur
607 5616 674 5669 ab
718 5616 927 5670 Albcrto
954 5615 1090 5669 Urso
1128 5614 1365 5683 principe
1403 5612 1702 5667 Anhaldino

1728 4408 1780 4467 D

1814 1833 1977 1887 etiam
2006 1834 2290 1908 universis,
2331 1835 2420 1902 qui
2476 1842 2527 1888 te
2565 1834 2768 1899 videre,
2816 1836 3019 1900 audire,
3055 1853 3147 1891 seu
3188 1839 3386 1906 alloqui

1815 1924 2158 1987 meruissent,
2187 1924 2440 1993 grandem
2489 1924 2760 1979 incnteres
2810 1926 3238 1991 admirationem,
3266 1931 3387 1998 quis

1813 2028 2009 2084 negare
2030 2014 2245 2083 poterit,
2276 2012 2377 2068 nisi
2403 2013 2644 2079 demens,
2675 2024 2746 2079 te,
2772 2024 3057 2084 antequam
3086 2020 3388 2073 nascereris

1815 2103 1868 2155 in
1899 2091 2177 2167 mundum,
2209 2102 2385 2156 divina
2426 2102 2757 2170 providentia
2800 2102 3032 2157 electum
3064 2112 3119 2157 et
3140 2120 3387 2175 segrega-

1814 2203 1926 2249 tum
1957 2195 2011 2248 in
2042 2194 2145 2248 hoc
2183 2193 2539 2247 ministerium
2591 2191 2716 2246 trini
2772 2193 3136 2263 pontiﬁcatus,
3181 2195 3233 2248 in
3279 2211 3387 2264 qun

1812 2300 1919 2339 non
1960 2284 2131 2339 solum
2177 2284 2270 2338 tibi
2313 2282 2625 2337 multimoda
2672 2283 2975 2339 sanctitatis
3015 2285 3205 2339 merita
3234 2295 3389 2354 potes

1814 2374 2117 2443 acquirere,
2150 2374 2242 2429 sed
2285 2374 2602 2429 commissos
2648 2373 2810 2428 etiam
2838 2381 2942 2427 tuae
2984 2372 3106 2427 ﬁdei
3134 2374 3389 2429 mortales

1811 2463 1941 2528 vita,
1967 2463 2209 2519 doctrina
2250 2473 2305 2518 et
2325 2463 2581 2534 pastorali
2605 2464 2925 2518 auctoritate
2943 2464 3008 2517 ad
3024 2463 3249 2531 justitiae
3270 2465 3388 2518 vias

1812 2556 2104 2610 revocare?
2130 2554 2224 2609 llis
2246 2555 2493 2609 maximis
2515 2570 2543 2607 a
2573 2568 2777 2608 summa
2798 2554 2890 2608 Dei
2919 2554 3251 2623 providentia
3285 2556 3385 2628 lio-

1811 2647 2033 2701 noribus
2076 2646 2355 2716 susceptis,
2393 2645 2591 2713 optime
2641 2643 2795 2709 facis,
2832 2644 3085 2713 operibus
3118 2644 3247 2713 ipsis
3279 2659 3374 2695 ve-

1811 2754 1932 2794 rum
1958 2747 2011 2794 te
2043 2739 2351 2809 pontiﬁcem
2377 2738 2692 2801 exhibendo,
2726 2738 2816 2806 qui
2845 2747 3050 2807 praiter
3086 2738 3377 2793 multorum

1812 2831 2251 2886 consuetudinem
2301 2828 2607 2899 pra‘sulum,
2635 2828 2943 2883 coelestibus
2993 2837 3199 2881 terrena
3244 2838 3384 2896 post-

1808 2925 1985 2994 ponis.
2008 2934 2060 2978 et
2083 2922 2302 2995 praefers
2328 2931 2527 2977 aeterna
2547 2922 2783 2976 caducis.
2818 2920 2966 2976 Unde
2986 2920 3200 2973 beatum
3229 2929 3276 2972 te.
3305 2920 3385 2972 di-

1813 3025 1935 3070 cent
1972 3013 2276 3069 Gennanias
2306 3012 2483 3082 populi
2525 3025 2735 3074 omnes,
2778 3010 2821 3064 si
2853 3019 3028 3064 tamen
3065 3008 3228 3079 (quod
3250 3008 3385 3061 faxit

1812 3104 2181 3176 Omnipotens)
2212 3119 2381 3174 usque
2402 3104 2468 3157 ad
2497 3102 2654 3157 ﬁnem
2673 3100 3099 3172 perseveraveris
3127 3100 3176 3153 in
3206 3110 3383 3168 emptu

1809 3196 2084 3266 proposito
2107 3194 2425 3248 sanctitatis.
2458 3190 2599 3246 Sunt
2628 3191 2823 3253 remuli,
2854 3206 2958 3243 non
3005 3189 3234 3252 dubites,
3265 3190 3383 3257 qui-

1809 3287 1909 3339 bus
1926 3268 2179 3353 juvenilis
2208 3284 2308 3338 iste
2342 3281 2519 3337 fervor
2560 3280 2862 3335 sanctitatis
2907 3289 3006 3332 tua:
3036 3278 3263 3331 habetur
3291 3293 3382 3331 su-

1809 3384 2045 3445 spectus,
2095 3376 2147 3429 in
2200 3389 2308 3443 quo
2356 3374 2421 3439 si,
2472 3372 2760 3443 miserante
2814 3372 2943 3431 Deo,
2995 3368 3380 3437 permanseris,

1809 3481 1971 3536 auges
1998 3465 2154 3520 bonis
2183 3464 2444 3527 laetitiam,
2468 3470 2523 3516 et
2564 3460 2949 3528 misantliropis
2989 3459 3128 3512 haud
3158 3472 3378 3527 parvam

1809 3554 2196 3611 confusionem.
2227 3555 2347 3623 Ego,
2363 3561 2541 3607 autem
2572 3552 2748 3606 sciens
2771 3549 3107 3602 devotionem
3153 3558 3298 3602 tuam
3326 3549 3380 3601 in

1810 3653 2026 3699 sanctos
2052 3643 2165 3705 Dei,
2200 3622 2410 3696 conﬁdo
2434 3650 2484 3695 te
2518 3642 2569 3693 in
2609 3640 2742 3693 bene
2790 3638 2997 3707 emptis,
3043 3652 3226 3689 eorum
3256 3650 3381 3705 pre-

1810 3735 1963 3788 cibus
1986 3741 2040 3788 et
2065 3732 2272 3786 meritis
2292 3743 2726 3801 permansurum,
2755 3737 2807 3781 ct
2835 3728 2987 3781 bonis
3009 3727 3247 3795 quotidie
3272 3736 3379 3778 stu-

1810 3824 1913 3877 diis
1954 3822 2255 3877 additurum
2286 3820 2549 3881 meliora;
2587 3830 2863 3887 quousque
2900 3816 3112 3869 tandem
3167 3814 3379 3868 illorum

1807 3917 2077 3987 particeps
2116 3914 2355 3978 effectus,
2387 3914 2503 3968 sine
2528 3913 2635 3966 ﬁne
2676 3912 2908 3981 gaudeas
2958 3909 3010 3961 in
3042 3909 3215 3972 caelis,
3244 3924 3380 3978 quo-

1810 4022 1927 4062 rum
1959 4020 2151 4061 nomen
2179 4014 2234 4060 et
2256 4003 2567 4059 memoriam
2606 4006 2727 4056 cum
2756 4008 2904 4053 tanto
2941 3999 3136 4052 mentis
3167 3999 3377 4053 deside-

1808 4096 1910 4161 rio,
1939 4103 1995 4149 et
2041 4094 2205 4148 animi
2236 4092 2447 4148 fervore
2486 4090 2739 4152 honoras,
2774 4103 2914 4140 nunc
2956 4085 3141 4140 sedulo
3180 4085 3375 4156 praesul

1808 4185 1984 4239 viator
2008 4185 2060 4238 in
2091 4182 2268 4239 terris.
2302 4181 2579 4234 Babanum
2626 4178 2763 4246 apud
2794 4176 3157 4245 Moguntiacos
3186 4176 3369 4244 despe-

1805 4282 1950 4328 ctum
1975 4280 2029 4328 et
2058 4287 2193 4344 pene
2223 4270 2546 4341 sempiterna
2575 4269 2843 4324 oblivione
2887 4268 3170 4336 sepultum,
3196 4268 3247 4323 in
3274 4283 3370 4321 no-

1807 4365 1950 4419 mine
1972 4363 2102 4432 justi
2132 4376 2339 4417 summa
2370 4375 2489 4415 cum
2514 4358 2862 4433 veneratione
2894 4357 3077 4410 levasti
3110 4358 3174 4409 de
3206 4366 3369 4421 terra,

1806 4461 2026 4523 propter
2052 4450 2190 4521 quod
2220 4456 2274 4504 et
2316 4449 2651 4517 omnipotens
2678 4447 2933 4500 Dominus
2959 4446 3191 4499 animam
3226 4454 3368 4499 tuam

1809 4558 1930 4597 cum
1974 4539 2173 4597 sanctis
2213 4539 2323 4594 suis
2367 4523 2623 4593 exaltabit
2652 4536 2706 4590 in
2734 4535 2925 4605 patria.
2954 4534 3021 4586 Et
3048 4548 3146 4604 ego
3186 4548 3253 4587 ne
3279 4534 3371 4588 de-

1808 4631 1998 4686 fuerim
2021 4639 2127 4685 tam
2148 4636 2335 4683 sancto
2361 4626 2659 4681 ministerio
2705 4633 2817 4689 tuo,
2845 4624 3035 4687 libens,
3066 4622 3203 4692 quod
3235 4624 3368 4677 mihi

1807 4736 1976 4790 nuper
1995 4718 2311 4788 imposuisti,
2336 4732 2471 4771 onus
2502 4714 2731 4783 suscepi,
2774 4714 3043 4780 vitamque
3089 4714 3367 4767 memorati

1804 4808 2071 4878 pontiﬁcis
2097 4806 2411 4869 beatissimi,
2443 4820 2546 4873 qua
2574 4803 2721 4873 potui
2746 4801 3017 4871 diligentia
3046 4815 3109 4855 ex
3141 4800 3367 4857 diversis

1806 4903 2078 4949 auctorum
2104 4894 2256 4947 libris
2285 4894 2338 4945 in
2370 4906 2535 4945 unum
2556 4890 2795 4945 codicem
2837 4887 3099 4941 laboriose
3119 4903 3366 4957 compor-

1808 4984 1934 5048 tavi,
1959 4984 2009 5035 in
2040 4999 2147 5053 quo
2175 4983 2218 5037 si
2251 4998 2355 5036 non
2400 4980 2634 5037 satisfeci
2677 4988 2766 5033 tuo
2796 4978 3079 5041 desiderio,
3111 4979 3181 5032 sit
3226 4982 3365 5035 bona

1806 5072 2051 5125 voluntas
2073 5070 2125 5123 in
2149 5068 2472 5139 pauperculo
2498 5067 2765 5120 sufﬁciens
2793 5068 3106 5122 obedientiae
3133 5083 3228 5135 pro
3255 5085 3365 5122 me-

1808 5160 1927 5213 rito.
1952 5158 2169 5212 Obedivi
2193 5157 2423 5226 jubenti,
2449 5155 2548 5209 feci
2596 5165 2853 5223 quantum
2893 5155 3060 5223 potui,
3110 5166 3165 5209 et
3194 5165 3362 5210 totum

1808 5248 1943 5315 quod
1988 5247 2117 5300 mihi
2157 5247 2223 5299 de
2250 5246 2497 5299 laudibus
2536 5246 2664 5298 tanti
2714 5244 2980 5314 pontiﬁcis
3026 5248 3358 5309 occurrebat,

1802 5403 1943 5456 circa
1971 5419 2059 5455 an.
2090 5400 2217 5454 Chr.
2254 5400 2407 5470 H4},
2439 5400 2578 5470 sicut
2598 5401 2769 5454 vicina
2802 5400 2924 5454 huic
2944 5400 3136 5470 oppido
3166 5400 3362 5453 Berna-

1802 5473 1909 5534 via,
1936 5470 2305 5528 Bernavicum.
2332 5468 2648 5523 Bervvaldia.
2683 5470 2775 5521 Est
2824 5468 2999 5521 autem
3017 5468 3183 5521 ursus
3231 5470 3362 5520 idio-

1804 5550 1947 5595 matc
1971 5538 2263 5606 Teutonico
2307 5539 2412 5589 ber.
2456 5537 2667 5591 Berlino
2696 5538 2901 5606 adjacet
2945 5536 3159 5591 Colonia
3212 5537 3361 5603 oppi-

1806 5610 1953 5671 dum,
1972 5607 2038 5661 ab
2060 5620 2124 5659 co
2145 5604 2347 5673 Sprcvo
2377 5606 2536 5658 ﬁnvio
2564 5604 2863 5671 separatum
2884 5648 2887 5651 λ
