  <div class='ocr_page' id='page_1' title='image "/cluster/home/n/w/nwhite01/storage/ocr_20150623/107/uva.x000827064/041.png"; bbox 0 0 3940 6326; ppageno 0'>
   <div class='ocr_carea' id='block_1_1' title="bbox 562 240 2139 340">
    <p class='ocr_par' dir='ltr' id='par_1_1' title="bbox 562 240 2102 340">
     <span class='ocr_line' id='line_1_1' title="bbox 562 240 2102 340; baseline -0.002 -20"><span class='ocrx_word' id='word_1_1' title='bbox 562 289 620 340; x_wconf 61' lang='grc' dir='ltr'><strong>τι</strong></span> <span class='ocrx_word' id='word_1_2' title='bbox 1653 240 1755 322; x_wconf 56' lang='lat' dir='ltr'><strong>AD‘</strong></span> <span class='ocrx_word' id='word_1_3' title='bbox 1779 266 2003 324; x_wconf 62' lang='grc' dir='ltr'><strong>ΟΡΕΠΑ</strong></span> <span class='ocrx_word' id='word_1_4' title='bbox 2041 265 2102 317; x_wconf 85' lang='grc' dir='ltr'><strong>Β.</strong></span> 
     </span>
    </p>
   </div>
   <div class='ocr_carea' id='block_1_2' title="bbox 2244 240 3778 340">
    <p class='ocr_par' dir='ltr' id='par_1_2' title="bbox 2244 248 3778 333">
     <span class='ocr_line' id='line_1_2' title="bbox 2244 248 3778 333; baseline -0.022 -16"><span class='ocrx_word' id='word_1_5' title='bbox 2244 261 2393 317; x_wconf 65' lang='lat' dir='ltr'><strong>nam</strong></span> <span class='ocrx_word' id='word_1_6' title='bbox 2436 257 2649 314; x_wconf 62' lang='lat' dir='ltr'><strong>suum</strong></span> <span class='ocrx_word' id='word_1_7' title='bbox 3068 330 3071 333; x_wconf 12' lang='grc' dir='ltr'><strong>Δ</strong></span> <span class='ocrx_word' id='word_1_8' title='bbox 3328 248 3331 251; x_wconf 54' lang='grc' dir='ltr'><strong><em>λ</em></strong></span> <span class='ocrx_word' id='word_1_9' title='bbox 3709 251 3778 305; x_wconf 65' lang='grc' dir='ltr'><strong>τε</strong></span> 
     </span>
    </p>
   </div>
   <div class='ocr_carea' id='block_1_3' title="bbox 564 358 3780 444">
    <p class='ocr_par' dir='ltr' id='par_1_3' title="bbox 564 358 3780 444">
     <span class='ocr_line' id='line_1_3' title="bbox 564 358 3780 444; baseline -0.01 -1"><span class='ocrx_word' id='word_1_10' title='bbox 564 400 654 444; x_wconf 81' lang='lat' dir='ltr'><strong>tuo</strong></span> <span class='ocrx_word' id='word_1_11' title='bbox 680 387 875 443; x_wconf 83' lang='lat' dir='ltr'><strong>nomini</strong></span> <span class='ocrx_word' id='word_1_12' title='bbox 913 382 1274 441; x_wconf 75' lang='lat' dir='ltr'><strong>sacratissimo</strong></span> <span class='ocrx_word' id='word_1_13' title='bbox 1306 377 1558 435; x_wconf 67' lang='lat' dir='ltr'><strong>dedicati.</strong></span> <span class='ocrx_word' id='word_1_14' title='bbox 1586 376 1804 442; x_wconf 82' lang='lat' dir='ltr'><strong>Suscipe</strong></span> <span class='ocrx_word' id='word_1_15' title='bbox 1830 388 1970 427; x_wconf 90' lang='lat' dir='ltr'><strong>nunc</strong></span> <span class='ocrx_word' id='word_1_16' title='bbox 1991 388 2117 442; x_wconf 85' lang='lat' dir='ltr'><strong>ergo</strong></span> <span class='ocrx_word' id='word_1_17' title='bbox 2147 374 2193 431; x_wconf 83' lang='grc' dir='ltr'><strong>Λ</strong></span> <span class='ocrx_word' id='word_1_18' title='bbox 2219 371 2319 425; x_wconf 86' lang='lat' dir='ltr'><strong>sub</strong></span> <span class='ocrx_word' id='word_1_19' title='bbox 2362 367 2530 423; x_wconf 84' lang='lat' dir='ltr'><strong>ferula</strong></span> <span class='ocrx_word' id='word_1_20' title='bbox 2579 366 2898 435; x_wconf 80' lang='lat' dir='ltr'><strong>pontificalis</strong></span> <span class='ocrx_word' id='word_1_21' title='bbox 2937 361 3252 436; x_wconf 65' lang='lat' dir='ltr'><strong>Eminentia:</strong></span> <span class='ocrx_word' id='word_1_22' title='bbox 3298 368 3421 425; x_wconf 72' lang='lat' dir='ltr'><strong>tum,</strong></span> <span class='ocrx_word' id='word_1_23' title='bbox 3469 358 3780 429; x_wconf 80' lang='lat' dir='ltr'><strong>diligentius</strong></span> 
     </span>
    </p>
   </div>
   <div class='ocr_carea' id='block_1_4' title="bbox 562 463 2116 536">
    <p class='ocr_par' dir='ltr' id='par_1_4' title="bbox 562 463 2116 536">
     <span class='ocr_line' id='line_1_4' title="bbox 562 463 2116 536; baseline -0.012 -3"><span class='ocrx_word' id='word_1_24' title='bbox 562 478 805 533; x_wconf 83' lang='lat' dir='ltr'><strong>manibus</strong></span> <span class='ocrx_word' id='word_1_25' title='bbox 832 473 1179 536; x_wconf 79' lang='lat' dir='ltr'><strong>consecratis,</strong></span> <span class='ocrx_word' id='word_1_26' title='bbox 1213 466 1651 523; x_wconf 85' lang='lat' dir='ltr'><strong>reverendissime</strong></span> <span class='ocrx_word' id='word_1_27' title='bbox 1687 464 1950 533; x_wconf 87' lang='lat' dir='ltr'><strong>princeps,</strong></span> <span class='ocrx_word' id='word_1_28' title='bbox 2006 463 2116 531; x_wconf 86' lang='lat' dir='ltr'><strong>pri-</strong></span> 
     </span>
    </p>
   </div>
   <div class='ocr_carea' id='block_1_5' title="bbox 562 551 2119 635">
    <p class='ocr_par' dir='ltr' id='par_1_5' title="bbox 562 551 2119 635">
     <span class='ocr_line' id='line_1_5' title="bbox 562 551 2119 635; baseline -0.011 -15"><span class='ocrx_word' id='word_1_29' title='bbox 562 568 742 621; x_wconf 88' lang='lat' dir='ltr'><strong>mitias</strong></span> <span class='ocrx_word' id='word_1_30' title='bbox 772 565 980 635; x_wconf 85' lang='lat' dir='ltr'><strong>frugum</strong></span> <span class='ocrx_word' id='word_1_31' title='bbox 1012 556 1356 615; x_wconf 85' lang='lat' dir='ltr'><strong>Trithemiani</strong></span> <span class='ocrx_word' id='word_1_32' title='bbox 1385 554 1583 609; x_wconf 91' lang='lat' dir='ltr'><strong>sterilis</strong></span> <span class='ocrx_word' id='word_1_33' title='bbox 1612 551 1803 623; x_wconf 79' lang='lat' dir='ltr'><strong>agelli,</strong></span> <span class='ocrx_word' id='word_1_34' title='bbox 1834 561 1923 606; x_wconf 92' lang='lat' dir='ltr'><strong>tuo</strong></span> <span class='ocrx_word' id='word_1_35' title='bbox 1942 551 2119 621; x_wconf 91' lang='lat' dir='ltr'><strong>ponti-</strong></span> 
     </span>
    </p>
   </div>
   <div class='ocr_carea' id='block_1_6' title="bbox 563 643 2117 715">
    <p class='ocr_par' dir='ltr' id='par_1_6' title="bbox 563 643 2117 715">
     <span class='ocr_line' id='line_1_6' title="bbox 563 643 2117 715; baseline -0.012 0"><span class='ocrx_word' id='word_1_36' title='bbox 563 661 742 715; x_wconf 83' lang='lat' dir='ltr'><strong>ﬁcatui</strong></span> <span class='ocrx_word' id='word_1_37' title='bbox 764 671 969 713; x_wconf 90' lang='lat' dir='ltr'><strong>summa</strong></span> <span class='ocrx_word' id='word_1_38' title='bbox 991 669 1110 709; x_wconf 89' lang='lat' dir='ltr'><strong>cum</strong></span> <span class='ocrx_word' id='word_1_39' title='bbox 1132 649 1429 705; x_wconf 84' lang='lat' dir='ltr'><strong>humilitate</strong></span> <span class='ocrx_word' id='word_1_40' title='bbox 1455 645 1677 701; x_wconf 80' lang='lat' dir='ltr'><strong>ferentis</strong></span> <span class='ocrx_word' id='word_1_41' title='bbox 1698 644 1936 706; x_wconf 89' lang='lat' dir='ltr'><strong>oblatas;</strong></span> <span class='ocrx_word' id='word_1_42' title='bbox 1962 650 2016 698; x_wconf 91' lang='lat' dir='ltr'><strong>et</strong></span> <span class='ocrx_word' id='word_1_43' title='bbox 2029 643 2117 711; x_wconf 88' lang='lat' dir='ltr'><strong>qui</strong></span> 
     </span>
    </p>
   </div>
   <div class='ocr_carea' id='block_1_7' title="bbox 564 724 2121 806">
    <p class='ocr_par' dir='ltr' id='par_1_7' title="bbox 564 724 2121 806">
     <span class='ocr_line' id='line_1_7' title="bbox 564 724 2121 806; baseline -0.012 -3"><span class='ocrx_word' id='word_1_44' title='bbox 564 761 806 805; x_wconf 87' lang='lat' dir='ltr'><strong>sunnnns</strong></span> <span class='ocrx_word' id='word_1_45' title='bbox 828 761 886 799; x_wconf 89' lang='lat' dir='ltr'><strong>es</strong></span> <span class='ocrx_word' id='word_1_46' title='bbox 912 742 1004 798; x_wconf 85' lang='lat' dir='ltr'><strong>Dei</strong></span> <span class='ocrx_word' id='word_1_47' title='bbox 1044 724 1312 803; x_wconf 79' lang='lat' dir='ltr'><strong>sacerdos,</strong></span> <span class='ocrx_word' id='word_1_48' title='bbox 1349 735 1532 806; x_wconf 80' lang='lat' dir='ltr'><strong>paleas</strong></span> <span class='ocrx_word' id='word_1_49' title='bbox 1557 750 1585 788; x_wconf 90' lang='lat' dir='ltr'><strong>a</strong></span> <span class='ocrx_word' id='word_1_50' title='bbox 1630 734 1810 804; x_wconf 82' lang='lat' dir='ltr'><strong>granis</strong></span> <span class='ocrx_word' id='word_1_51' title='bbox 1838 733 2121 803; x_wconf 79' lang='lat' dir='ltr'><strong>dignanter</strong></span> 
     </span>
    </p>
   </div>
   <div class='ocr_carea' id='block_1_8' title="bbox 565 820 2119 898">
    <p class='ocr_par' dir='ltr' id='par_1_8' title="bbox 565 820 2119 898">
     <span class='ocr_line' id='line_1_8' title="bbox 565 820 2119 898; baseline -0.014 -4"><span class='ocrx_word' id='word_1_52' title='bbox 565 851 805 898; x_wconf 86' lang='lat' dir='ltr'><strong>secerne,</strong></span> <span class='ocrx_word' id='word_1_53' title='bbox 826 842 885 887; x_wconf 90' lang='lat' dir='ltr'><strong>ut</strong></span> <span class='ocrx_word' id='word_1_54' title='bbox 903 829 1085 886; x_wconf 84' lang='lat' dir='ltr'><strong>sterile</strong></span> <span class='ocrx_word' id='word_1_55' title='bbox 1113 826 1391 898; x_wconf 80' lang='lat' dir='ltr'><strong>parvitatis</strong></span> <span class='ocrx_word' id='word_1_56' title='bbox 1420 838 1551 879; x_wconf 82' lang='lat' dir='ltr'><strong>meae</strong></span> <span class='ocrx_word' id='word_1_57' title='bbox 1574 822 1889 893; x_wconf 81' lang='lat' dir='ltr'><strong>opusculum</strong></span> <span class='ocrx_word' id='word_1_58' title='bbox 1918 821 1983 875; x_wconf 90' lang='lat' dir='ltr'><strong>de</strong></span> <span class='ocrx_word' id='word_1_59' title='bbox 1998 820 2119 875; x_wconf 78' lang='lat' dir='ltr'><strong>Vita</strong></span> 
     </span>
    </p>
   </div>
   <div class='ocr_carea' id='block_1_9' title="bbox 566 911 2121 988">
    <p class='ocr_par' dir='ltr' id='par_1_9' title="bbox 566 911 2121 988">
     <span class='ocr_line' id='line_1_9' title="bbox 566 911 2121 988; baseline -0.012 -6"><span class='ocrx_word' id='word_1_60' title='bbox 566 924 737 983; x_wconf 79' lang='lat' dir='ltr'><strong>sancti</strong></span> <span class='ocrx_word' id='word_1_61' title='bbox 772 920 974 977; x_wconf 81' lang='lat' dir='ltr'><strong>Babani</strong></span> <span class='ocrx_word' id='word_1_62' title='bbox 995 918 1240 988; x_wconf 76' lang='lat' dir='ltr'><strong>praesulis</strong></span> <span class='ocrx_word' id='word_1_63' title='bbox 1270 926 1360 971; x_wconf 92' lang='lat' dir='ltr'><strong>tuo</strong></span> <span class='ocrx_word' id='word_1_64' title='bbox 1404 913 1627 984; x_wconf 87' lang='lat' dir='ltr'><strong>imperio</strong></span> <span class='ocrx_word' id='word_1_65' title='bbox 1651 911 2023 981; x_wconf 88' lang='lat' dir='ltr'><strong>compositum,</strong></span> <span class='ocrx_word' id='word_1_66' title='bbox 2052 911 2121 964; x_wconf 87' lang='lat' dir='ltr'><strong>ti-</strong></span> 
     </span>
    </p>
   </div>
   <div class='ocr_carea' id='block_1_10' title="bbox 568 1000 2124 1083">
    <p class='ocr_par' dir='ltr' id='par_1_10' title="bbox 568 1000 2124 1083">
     <span class='ocr_line' id='line_1_10' title="bbox 568 1000 2124 1083; baseline -0.01 -14"><span class='ocrx_word' id='word_1_67' title='bbox 568 1015 725 1083; x_wconf 89' lang='lat' dir='ltr'><strong>bique</strong></span> <span class='ocrx_word' id='word_1_68' title='bbox 774 1011 1029 1074; x_wconf 82' lang='lat' dir='ltr'><strong>dicatum,</strong></span> <span class='ocrx_word' id='word_1_69' title='bbox 1068 1021 1133 1062; x_wconf 90' lang='lat' dir='ltr'><strong>eo</strong></span> <span class='ocrx_word' id='word_1_70' title='bbox 1179 1005 1419 1061; x_wconf 89' lang='lat' dir='ltr'><strong>securius</strong></span> <span class='ocrx_word' id='word_1_71' title='bbox 1455 1003 1508 1056; x_wconf 93' lang='lat' dir='ltr'><strong>in</strong></span> <span class='ocrx_word' id='word_1_72' title='bbox 1528 1000 1706 1057; x_wconf 84' lang='lat' dir='ltr'><strong>lucem</strong></span> <span class='ocrx_word' id='word_1_73' title='bbox 1744 1001 1989 1070; x_wconf 84' lang='lat' dir='ltr'><strong>prodeat,</strong></span> <span class='ocrx_word' id='word_1_74' title='bbox 2018 1014 2124 1069; x_wconf 87' lang='lat' dir='ltr'><strong>quo</strong></span> 
     </span>
    </p>
   </div>
   <div class='ocr_carea' id='block_1_11' title="bbox 2222 451 3782 526">
    <p class='ocr_par' dir='ltr' id='par_1_11' title="bbox 2222 451 3782 526">
     <span class='ocr_line' id='line_1_11' title="bbox 2222 451 3782 526; baseline -0.007 -13"><span class='ocrx_word' id='word_1_75' title='bbox 2222 459 2649 526; x_wconf 85' lang='lat' dir='ltr'><strong>cnncleatiusque</strong></span> <span class='ocrx_word' id='word_1_76' title='bbox 2679 455 2837 509; x_wconf 86' lang='lat' dir='ltr'><strong>fuerit</strong></span> <span class='ocrx_word' id='word_1_77' title='bbox 2876 456 3231 509; x_wconf 86' lang='lat' dir='ltr'><strong>emendatum.</strong></span> <span class='ocrx_word' id='word_1_78' title='bbox 3273 451 3437 505; x_wconf 85' lang='lat' dir='ltr'><strong>Adest</strong></span> <span class='ocrx_word' id='word_1_79' title='bbox 3457 451 3599 504; x_wconf 78' lang='lat' dir='ltr'><strong>enim</strong></span> <span class='ocrx_word' id='word_1_80' title='bbox 3622 452 3782 503; x_wconf 78' lang='lat' dir='ltr'><strong>Sere-</strong></span> 
     </span>
    </p>
   </div>
   <div class='ocr_carea' id='block_1_12' title="bbox 2223 542 3779 618">
    <p class='ocr_par' dir='ltr' id='par_1_12' title="bbox 2223 542 3779 618">
     <span class='ocr_line' id='line_1_12' title="bbox 2223 542 3779 618; baseline -0.008 -13"><span class='ocrx_word' id='word_1_81' title='bbox 2223 550 2373 606; x_wconf 88' lang='lat' dir='ltr'><strong>nitati</strong></span> <span class='ocrx_word' id='word_1_82' title='bbox 2396 558 2498 602; x_wconf 86' lang='lat' dir='ltr'><strong>tuac</strong></span> <span class='ocrx_word' id='word_1_83' title='bbox 2517 549 2734 618; x_wconf 90' lang='lat' dir='ltr'><strong>copiosa</strong></span> <span class='ocrx_word' id='word_1_84' title='bbox 2756 563 2875 601; x_wconf 92' lang='lat' dir='ltr'><strong>cum</strong></span> <span class='ocrx_word' id='word_1_85' title='bbox 2899 548 3217 600; x_wconf 82' lang='lat' dir='ltr'><strong>auctoritate</strong></span> <span class='ocrx_word' id='word_1_86' title='bbox 3241 543 3487 606; x_wconf 87' lang='lat' dir='ltr'><strong>scientia,</strong></span> <span class='ocrx_word' id='word_1_87' title='bbox 3510 542 3651 617; x_wconf 82' lang='lat' dir='ltr'><strong>unde</strong></span> <span class='ocrx_word' id='word_1_88' title='bbox 3674 557 3779 606; x_wconf 75' lang='lat' dir='ltr'><strong>non</strong></span> 
     </span>
    </p>
   </div>
   <div class='ocr_carea' id='block_1_13' title="bbox 2223 633 3783 700">
    <p class='ocr_par' dir='ltr' id='par_1_13' title="bbox 2223 633 3783 700">
     <span class='ocr_line' id='line_1_13' title="bbox 2223 633 3783 700; baseline -0.008 -4"><span class='ocrx_word' id='word_1_89' title='bbox 2223 642 2393 696; x_wconf 89' lang='lat' dir='ltr'><strong>solum</strong></span> <span class='ocrx_word' id='word_1_90' title='bbox 2416 640 2703 695; x_wconf 82' lang='lat' dir='ltr'><strong>defendere</strong></span> <span class='ocrx_word' id='word_1_91' title='bbox 2737 641 2876 693; x_wconf 90' lang='lat' dir='ltr'><strong>hanc</strong></span> <span class='ocrx_word' id='word_1_92' title='bbox 2900 636 3319 692; x_wconf 88' lang='lat' dir='ltr'><strong>lucubrationem</strong></span> <span class='ocrx_word' id='word_1_93' title='bbox 3350 650 3522 690; x_wconf 85' lang='lat' dir='ltr'><strong>meam</strong></span> <span class='ocrx_word' id='word_1_94' title='bbox 3552 635 3619 687; x_wconf 79' lang='lat' dir='ltr'><strong>ab</strong></span> <span class='ocrx_word' id='word_1_95' title='bbox 3641 633 3783 700; x_wconf 88' lang='lat' dir='ltr'><strong>inju—</strong></span> 
     </span>
    </p>
   </div>
   <div class='ocr_carea' id='block_1_14' title="bbox 2225 719 3778 799">
    <p class='ocr_par' dir='ltr' id='par_1_14' title="bbox 2225 719 3778 799">
     <span class='ocr_line' id='line_1_14' title="bbox 2225 719 3778 799; baseline -0.007 -16"><span class='ocrx_word' id='word_1_96' title='bbox 2225 730 2301 783; x_wconf 88' lang='lat' dir='ltr'><strong>ria</strong></span> <span class='ocrx_word' id='word_1_97' title='bbox 2329 729 2528 799; x_wconf 89' lang='lat' dir='ltr'><strong>poteris</strong></span> <span class='ocrx_word' id='word_1_98' title='bbox 2553 729 2935 789; x_wconf 89' lang='lat' dir='ltr'><strong>detractorum,</strong></span> <span class='ocrx_word' id='word_1_99' title='bbox 2962 725 3054 779; x_wconf 82' lang='lat' dir='ltr'><strong>sed</strong></span> <span class='ocrx_word' id='word_1_100' title='bbox 3078 725 3261 789; x_wconf 85' lang='lat' dir='ltr'><strong>etiam,</strong></span> <span class='ocrx_word' id='word_1_101' title='bbox 3286 738 3407 778; x_wconf 89' lang='lat' dir='ltr'><strong>cum</strong></span> <span class='ocrx_word' id='word_1_102' title='bbox 3435 737 3569 790; x_wconf 90' lang='lat' dir='ltr'><strong>opus</strong></span> <span class='ocrx_word' id='word_1_103' title='bbox 3595 719 3778 779; x_wconf 77' lang='lat' dir='ltr'><strong>fuerit,</strong></span> 
     </span>
    </p>
   </div>
   <div class='ocr_carea' id='block_1_15' title="bbox 2226 807 3781 886">
    <p class='ocr_par' dir='ltr' id='par_1_15' title="bbox 2226 807 3781 886">
     <span class='ocr_line' id='line_1_15' title="bbox 2226 807 3781 886; baseline -0.008 -13"><span class='ocrx_word' id='word_1_104' title='bbox 2226 817 2550 873; x_wconf 90' lang='lat' dir='ltr'><strong>adamussim</strong></span> <span class='ocrx_word' id='word_1_105' title='bbox 2586 817 2870 886; x_wconf 84' lang='lat' dir='ltr'><strong>castigare.</strong></span> <span class='ocrx_word' id='word_1_106' title='bbox 2897 814 3044 877; x_wconf 78' lang='lat' dir='ltr'><strong>Vale,</strong></span> <span class='ocrx_word' id='word_1_107' title='bbox 3069 812 3379 883; x_wconf 77' lang='lat' dir='ltr'><strong>pontiﬁcum</strong></span> <span class='ocrx_word' id='word_1_108' title='bbox 3408 811 3677 880; x_wconf 87' lang='lat' dir='ltr'><strong>princeps.</strong></span> <span class='ocrx_word' id='word_1_109' title='bbox 3703 807 3781 860; x_wconf 81' lang='lat' dir='ltr'><strong>Ex</strong></span> 
     </span>
    </p>
   </div>
   <div class='ocr_carea' id='block_1_16' title="bbox 2226 890 3787 971">
    <p class='ocr_par' dir='ltr' id='par_1_16' title="bbox 2226 890 3787 971">
     <span class='ocr_line' id='line_1_16' title="bbox 2226 890 3787 971; baseline -0.008 -10"><span class='ocrx_word' id='word_1_110' title='bbox 2226 922 2345 962; x_wconf 91' lang='lat' dir='ltr'><strong>meo</strong></span> <span class='ocrx_word' id='word_1_111' title='bbox 2390 906 2656 971; x_wconf 67' lang='lat' dir='ltr'><strong>cmnohio,</strong></span> <span class='ocrx_word' id='word_1_112' title='bbox 2704 911 2854 960; x_wconf 79' lang='lat' dir='ltr'><strong>sexta</strong></span> <span class='ocrx_word' id='word_1_113' title='bbox 2885 904 2973 959; x_wconf 85' lang='lat' dir='ltr'><strong>die</strong></span> <span class='ocrx_word' id='word_1_114' title='bbox 3017 902 3219 957; x_wconf 84' lang='lat' dir='ltr'><strong>mensis</strong></span> <span class='ocrx_word' id='word_1_115' title='bbox 3256 890 3588 955; x_wconf 83' lang='lat' dir='ltr'><strong>Novembris.</strong></span> <span class='ocrx_word' id='word_1_116' title='bbox 3626 897 3787 951; x_wconf 82' lang='lat' dir='ltr'><strong>Anno</strong></span> 
     </span>
    </p>
   </div>
   <div class='ocr_carea' id='block_1_17' title="bbox 2228 989 3686 1065">
    <p class='ocr_par' dir='ltr' id='par_1_17' title="bbox 2228 989 3686 1065">
     <span class='ocr_line' id='line_1_17' title="bbox 2228 989 3686 1065; baseline -0.009 -13"><span class='ocrx_word' id='word_1_117' title='bbox 2228 997 2438 1052; x_wconf 90' lang='lat' dir='ltr'><strong>Domini</strong></span> <span class='ocrx_word' id='word_1_118' title='bbox 2462 994 2746 1050; x_wconf 90' lang='lat' dir='ltr'><strong>millesimo</strong></span> <span class='ocrx_word' id='word_1_119' title='bbox 2763 993 3188 1065; x_wconf 86' lang='lat' dir='ltr'><strong>quingentesimo</strong></span> <span class='ocrx_word' id='word_1_120' title='bbox 3210 989 3628 1060; x_wconf 89' lang='lat' dir='ltr'><strong>quintodecimo.</strong></span> <span class='ocrx_word' id='word_1_121' title='bbox 3680 1019 3686 1024; x_wconf 68' lang='grc' dir='ltr'><strong>ς</strong></span> 
     </span>
    </p>
   </div>
   <div class='ocr_carea' id='block_1_18' title="bbox 568 1128 3785 1194">
    <p class='ocr_par' dir='ltr' id='par_1_18' title="bbox 568 1128 3785 1194">
     <span class='ocr_line' id='line_1_18' title="bbox 568 1128 3785 1194; baseline 0.002 -11"><span class='ocrx_word' id='word_1_122' title='bbox 568 1128 3785 1194; x_wconf 67' lang='lat' dir='ltr'><strong>____________&#39;____.___________—————————-——L——————-————————</strong></span> 
     </span>
    </p>
   </div>
   <div class='ocr_carea' id='block_1_19' title="bbox 1748 1220 2586 1366">
    <p class='ocr_par' dir='ltr' id='par_1_19' title="bbox 1748 1220 2586 1366">
     <span class='ocr_line' id='line_1_19' title="bbox 1748 1220 2586 1366; baseline -0.007 -3"><span class='ocrx_word' id='word_1_123' title='bbox 1748 1275 2202 1366; x_wconf 79' lang='lat' dir='ltr'><strong>INCIPIT</strong></span> <span class='ocrx_word' id='word_1_124' title='bbox 2266 1220 2586 1363; x_wconf 60' lang='lat' dir='ltr'><strong>vrri.</strong></span> 
     </span>
    </p>
   </div>
   <div class='ocr_carea' id='block_1_20' title="bbox 1058 1579 1639 1666">
    <p class='ocr_par' dir='ltr' id='par_1_20' title="bbox 1058 1579 1639 1666">
     <span class='ocr_line' id='line_1_20' title="bbox 1058 1579 1639 1666; baseline -0.014 -21"><span class='ocrx_word' id='word_1_125' title='bbox 1058 1585 1286 1666; x_wconf 75' lang='lat' dir='ltr'><strong>LIBER</strong></span> <span class='ocrx_word' id='word_1_126' title='bbox 1321 1579 1639 1655; x_wconf 73' lang='lat' dir='ltr'><strong>ramus.</strong></span> 
     </span>
    </p>
   </div>
   <div class='ocr_carea' id='block_1_21' title="bbox 646 1673 2131 1752">
    <p class='ocr_par' dir='ltr' id='par_1_21' title="bbox 646 1673 2131 1752">
     <span class='ocr_line' id='line_1_21' title="bbox 646 1673 2131 1752; baseline -0.011 -11"><span class='ocrx_word' id='word_1_127' title='bbox 646 1687 914 1747; x_wconf 77' lang='lat' dir='ltr'><strong>Rabanus,</strong></span> <span class='ocrx_word' id='word_1_128' title='bbox 956 1691 1314 1752; x_wconf 82' lang='lat' dir='ltr'><strong>cognomento</strong></span> <span class='ocrx_word' id='word_1_129' title='bbox 1361 1678 1597 1739; x_wconf 79' lang='lat' dir='ltr'><strong>Maurus,</strong></span> <span class='ocrx_word' id='word_1_130' title='bbox 1651 1675 1853 1730; x_wconf 76' lang='lat' dir='ltr'><strong>familia</strong></span> <span class='ocrx_word' id='word_1_131' title='bbox 1886 1673 2131 1744; x_wconf 73' lang='lat' dir='ltr'><strong>Magnen-</strong></span> 
     </span>
    </p>
   </div>
   <div class='ocr_carea' id='block_1_22' title="bbox 573 1763 2128 1841">
    <p class='ocr_par' dir='ltr' id='par_1_22' title="bbox 573 1763 2128 1841">
     <span class='ocr_line' id='line_1_22' title="bbox 573 1763 2128 1841; baseline -0.012 -8"><span class='ocrx_word' id='word_1_132' title='bbox 573 1781 696 1841; x_wconf 87' lang='lat' dir='ltr'><strong>tius,</strong></span> <span class='ocrx_word' id='word_1_133' title='bbox 724 1775 936 1830; x_wconf 88' lang='lat' dir='ltr'><strong>natione</strong></span> <span class='ocrx_word' id='word_1_134' title='bbox 959 1772 1199 1826; x_wconf 84' lang='lat' dir='ltr'><strong>Francus</strong></span> <span class='ocrx_word' id='word_1_135' title='bbox 1232 1768 1528 1831; x_wconf 85' lang='lat' dir='ltr'><strong>orientalis,</strong></span> <span class='ocrx_word' id='word_1_136' title='bbox 1555 1768 1727 1836; x_wconf 86' lang='lat' dir='ltr'><strong>patria</strong></span> <span class='ocrx_word' id='word_1_137' title='bbox 1772 1763 2128 1824; x_wconf 83' lang='lat' dir='ltr'><strong>Buchonicus,</strong></span> 
     </span>
    </p>
   </div>
   <div class='ocr_carea' id='block_1_23' title="bbox 576 1854 2131 1936">
    <p class='ocr_par' dir='ltr' id='par_1_23' title="bbox 576 1854 2131 1936">
     <span class='ocr_line' id='line_1_23' title="bbox 576 1854 2131 1936; baseline -0.011 -14"><span class='ocrx_word' id='word_1_138' title='bbox 576 1869 628 1922; x_wconf 93' lang='lat' dir='ltr'><strong>in</strong></span> <span class='ocrx_word' id='word_1_139' title='bbox 659 1865 853 1936; x_wconf 83' lang='lat' dir='ltr'><strong>Oppido</strong></span> <span class='ocrx_word' id='word_1_140' title='bbox 876 1862 1124 1917; x_wconf 85' lang='lat' dir='ltr'><strong>Fuldensi</strong></span> <span class='ocrx_word' id='word_1_141' title='bbox 1172 1860 1428 1924; x_wconf 69' lang='lat' dir='ltr'><strong>nascitur,</strong></span> <span class='ocrx_word' id='word_1_142' title='bbox 1452 1857 1645 1928; x_wconf 85' lang='lat' dir='ltr'><strong>qdarto</strong></span> <span class='ocrx_word' id='word_1_143' title='bbox 1687 1855 1864 1911; x_wconf 86' lang='lat' dir='ltr'><strong>Nonas</strong></span> <span class='ocrx_word' id='word_1_144' title='bbox 1889 1854 2131 1909; x_wconf 81' lang='lat' dir='ltr'><strong>Februa-</strong></span> 
     </span>
    </p>
   </div>
   <div class='ocr_carea' id='block_1_24' title="bbox 574 1946 2133 2021">
    <p class='ocr_par' dir='ltr' id='par_1_24' title="bbox 574 1946 2133 2021">
     <span class='ocr_line' id='line_1_24' title="bbox 574 1946 2133 2021; baseline -0.01 -7"><span class='ocrx_word' id='word_1_145' title='bbox 574 1962 662 2021; x_wconf 90' lang='lat' dir='ltr'><strong>rii,</strong></span> <span class='ocrx_word' id='word_1_146' title='bbox 694 1973 833 2012; x_wconf 89' lang='lat' dir='ltr'><strong>anno</strong></span> <span class='ocrx_word' id='word_1_147' title='bbox 856 1954 1144 2010; x_wconf 73' lang='lat' dir='ltr'><strong>Dominicze</strong></span> <span class='ocrx_word' id='word_1_148' title='bbox 1168 1950 1465 2007; x_wconf 87' lang='lat' dir='ltr'><strong>nativitatis</strong></span> <span class='ocrx_word' id='word_1_149' title='bbox 1490 1946 1958 2019; x_wconf 77' lang='lat' dir='ltr'><strong>septingentesimo</strong></span> <span class='ocrx_word' id='word_1_150' title='bbox 1983 1952 2133 1999; x_wconf 86' lang='lat' dir='ltr'><strong>octo-</strong></span> 
     </span>
    </p>
   </div>
   <div class='ocr_carea' id='block_1_25' title="bbox 536 2026 2132 2119">
    <p class='ocr_par' dir='ltr' id='par_1_25' title="bbox 536 2026 2132 2119">
     <span class='ocr_line' id='line_1_25' title="bbox 536 2026 2132 2119; baseline -0.009 -16"><span class='ocrx_word' id='word_1_151' title='bbox 536 2026 539 2029; x_wconf 21' lang='grc' dir='ltr'><strong><em>λ</em></strong></span> <span class='ocrx_word' id='word_1_152' title='bbox 578 2049 780 2119; x_wconf 83' lang='lat' dir='ltr'><strong>gesimo</strong></span> <span class='ocrx_word' id='word_1_153' title='bbox 827 2053 1035 2108; x_wconf 90' lang='lat' dir='ltr'><strong>octavo,</strong></span> <span class='ocrx_word' id='word_1_154' title='bbox 1084 2043 1372 2097; x_wconf 85' lang='lat' dir='ltr'><strong>indictione</strong></span> <span class='ocrx_word' id='word_1_155' title='bbox 1418 2041 1778 2095; x_wconf 84' lang='lat' dir='ltr'><strong>Romanorum</strong></span> <span class='ocrx_word' id='word_1_156' title='bbox 1832 2037 2132 2097; x_wconf 86' lang='lat' dir='ltr'><strong>undecima,</strong></span> 
     </span>
    </p>
   </div>
   <div class='ocr_carea' id='block_1_26' title="bbox 575 2128 2134 2207">
    <p class='ocr_par' dir='ltr' id='par_1_26' title="bbox 575 2128 2134 2207">
     <span class='ocr_line' id='line_1_26' title="bbox 575 2128 2134 2207; baseline -0.007 -16"><span class='ocrx_word' id='word_1_157' title='bbox 575 2139 665 2207; x_wconf 87' lang='lat' dir='ltr'><strong>qui</strong></span> <span class='ocrx_word' id='word_1_158' title='bbox 693 2136 793 2190; x_wconf 89' lang='lat' dir='ltr'><strong>fuit</strong></span> <span class='ocrx_word' id='word_1_159' title='bbox 818 2134 991 2189; x_wconf 89' lang='lat' dir='ltr'><strong>Caroli</strong></span> <span class='ocrx_word' id='word_1_160' title='bbox 1018 2132 1159 2204; x_wconf 84' lang='lat' dir='ltr'><strong>regis</strong></span> <span class='ocrx_word' id='word_1_161' title='bbox 1200 2131 1379 2203; x_wconf 73' lang='lat' dir='ltr'><strong>Magni</strong></span> <span class='ocrx_word' id='word_1_162' title='bbox 1423 2130 1750 2186; x_wconf 85' lang='lat' dir='ltr'><strong>Francorum</strong></span> <span class='ocrx_word' id='word_1_163' title='bbox 1778 2128 2062 2183; x_wconf 86' lang='lat' dir='ltr'><strong>vicesimus</strong></span> <span class='ocrx_word' id='word_1_164' title='bbox 2084 2140 2134 2190; x_wconf 71' lang='grc' dir='ltr'><strong>ο,</strong></span> 
     </span>
    </p>
   </div>
   <div class='ocr_carea' id='block_1_27' title="bbox 574 2216 2137 2293">
    <p class='ocr_par' dir='ltr' id='par_1_27' title="bbox 574 2216 2137 2293">
     <span class='ocr_line' id='line_1_27' title="bbox 574 2216 2137 2293; baseline -0.009 -10"><span class='ocrx_word' id='word_1_165' title='bbox 574 2237 631 2283; x_wconf 91' lang='lat' dir='ltr'><strong>et</strong></span> <span class='ocrx_word' id='word_1_166' title='bbox 656 2225 878 2280; x_wconf 81' lang='lat' dir='ltr'><strong>Romani</strong></span> <span class='ocrx_word' id='word_1_167' title='bbox 904 2222 1173 2293; x_wconf 79' lang='lat' dir='ltr'><strong>pontiﬁcis</strong></span> <span class='ocrx_word' id='word_1_168' title='bbox 1222 2222 1444 2276; x_wconf 82' lang='lat' dir='ltr'><strong>Adriani</strong></span> <span class='ocrx_word' id='word_1_169' title='bbox 1490 2220 1651 2289; x_wconf 88' lang='lat' dir='ltr'><strong>primi</strong></span> <span class='ocrx_word' id='word_1_170' title='bbox 1684 2218 1960 2286; x_wconf 72' lang='lat' dir='ltr'><strong>septimus</strong></span> <span class='ocrx_word' id='word_1_171' title='bbox 1993 2216 2137 2271; x_wconf 82' lang='lat' dir='ltr'><strong>deci-</strong></span> 
     </span>
    </p>
   </div>
   <div class='ocr_carea' id='block_1_28' title="bbox 578 2304 2140 2381">
    <p class='ocr_par' dir='ltr' id='par_1_28' title="bbox 578 2304 2140 2381">
     <span class='ocr_line' id='line_1_28' title="bbox 578 2304 2140 2381; baseline -0.008 -12"><span class='ocrx_word' id='word_1_172' title='bbox 578 2330 697 2369; x_wconf 90' lang='lat' dir='ltr'><strong>mus</strong></span> <span class='ocrx_word' id='word_1_173' title='bbox 740 2328 928 2367; x_wconf 90' lang='lat' dir='ltr'><strong>annus.</strong></span> <span class='ocrx_word' id='word_1_174' title='bbox 975 2311 1139 2381; x_wconf 87' lang='lat' dir='ltr'><strong>Cujus</strong></span> <span class='ocrx_word' id='word_1_175' title='bbox 1185 2318 1339 2380; x_wconf 87' lang='lat' dir='ltr'><strong>pater</strong></span> <span class='ocrx_word' id='word_1_176' title='bbox 1383 2309 1596 2363; x_wconf 88' lang='lat' dir='ltr'><strong>nomine</strong></span> <span class='ocrx_word' id='word_1_177' title='bbox 1638 2306 1953 2361; x_wconf 85' lang='lat' dir='ltr'><strong>Rutbardus</strong></span> <span class='ocrx_word' id='word_1_178' title='bbox 1978 2305 2005 2344; x_wconf 73' lang='lat' dir='ltr'><strong>b</strong></span> <span class='ocrx_word' id='word_1_179' title='bbox 2033 2304 2140 2358; x_wconf 85' lang='lat' dir='ltr'><strong>Ma-</strong></span> 
     </span>
    </p>
   </div>
   <div class='ocr_carea' id='block_1_29' title="bbox 580 2394 2139 2473">
    <p class='ocr_par' dir='ltr' id='par_1_29' title="bbox 580 2394 2139 2473">
     <span class='ocr_line' id='line_1_29' title="bbox 580 2394 2139 2473; baseline -0.006 -17"><span class='ocrx_word' id='word_1_180' title='bbox 580 2402 865 2473; x_wconf 84' lang='lat' dir='ltr'><strong>gnentiana</strong></span> <span class='ocrx_word' id='word_1_181' title='bbox 910 2399 1111 2454; x_wconf 80' lang='lat' dir='ltr'><strong>familia</strong></span> <span class='ocrx_word' id='word_1_182' title='bbox 1157 2408 1325 2461; x_wconf 89' lang='lat' dir='ltr'><strong>satus,</strong></span> <span class='ocrx_word' id='word_1_183' title='bbox 1348 2398 1432 2451; x_wconf 84' lang='lat' dir='ltr'><strong>vir</strong></span> <span class='ocrx_word' id='word_1_184' title='bbox 1458 2397 1605 2452; x_wconf 82' lang='lat' dir='ltr'><strong>dives</strong></span> <span class='ocrx_word' id='word_1_185' title='bbox 1634 2405 1689 2451; x_wconf 91' lang='lat' dir='ltr'><strong>et</strong></span> <span class='ocrx_word' id='word_1_186' title='bbox 1730 2404 1937 2465; x_wconf 88' lang='lat' dir='ltr'><strong>potens,</strong></span> <span class='ocrx_word' id='word_1_187' title='bbox 1973 2394 2139 2448; x_wconf 89' lang='lat' dir='ltr'><strong>multo</strong></span> 
     </span>
    </p>
   </div>
   <div class='ocr_carea' id='block_1_30' title="bbox 580 2483 2139 2561">
    <p class='ocr_par' dir='ltr' id='par_1_30' title="bbox 580 2483 2139 2561">
     <span class='ocr_line' id='line_1_30' title="bbox 580 2483 2139 2561; baseline -0.008 -14"><span class='ocrx_word' id='word_1_188' title='bbox 580 2500 819 2561; x_wconf 87' lang='lat' dir='ltr'><strong>tempore</strong></span> <span class='ocrx_word' id='word_1_189' title='bbox 861 2490 960 2545; x_wconf 86' lang='lat' dir='ltr'><strong>sub</strong></span> <span class='ocrx_word' id='word_1_190' title='bbox 1006 2488 1335 2543; x_wconf 83' lang='lat' dir='ltr'><strong>Francorum</strong></span> <span class='ocrx_word' id='word_1_191' title='bbox 1384 2485 1714 2556; x_wconf 87' lang='lat' dir='ltr'><strong>principibus</strong></span> <span class='ocrx_word' id='word_1_192' title='bbox 1758 2485 1810 2538; x_wconf 91' lang='lat' dir='ltr'><strong>in</strong></span> <span class='ocrx_word' id='word_1_193' title='bbox 1855 2483 2139 2537; x_wconf 87' lang='lat' dir='ltr'><strong>Germania</strong></span> 
     </span>
    </p>
   </div>
   <div class='ocr_carea' id='block_1_31' title="bbox 582 2573 2139 2641">
    <p class='ocr_par' dir='ltr' id='par_1_31' title="bbox 582 2573 2139 2641">
     <span class='ocr_line' id='line_1_31' title="bbox 582 2573 2139 2641; baseline -0.006 -3"><span class='ocrx_word' id='word_1_194' title='bbox 582 2593 799 2638; x_wconf 88' lang='lat' dir='ltr'><strong>strenue</strong></span> <span class='ocrx_word' id='word_1_195' title='bbox 830 2581 1038 2636; x_wconf 84' lang='lat' dir='ltr'><strong>militat.</strong></span> <span class='ocrx_word' id='word_1_196' title='bbox 1089 2578 1257 2634; x_wconf 84' lang='lat' dir='ltr'><strong>Mater</strong></span> <span class='ocrx_word' id='word_1_197' title='bbox 1302 2592 1431 2632; x_wconf 91' lang='lat' dir='ltr'><strong>vero</strong></span> <span class='ocrx_word' id='word_1_198' title='bbox 1481 2576 1757 2632; x_wconf 81' lang='lat' dir='ltr'><strong>dicebatur</strong></span> <span class='ocrx_word' id='word_1_199' title='bbox 1797 2573 2139 2641; x_wconf 78' lang='lat' dir='ltr'><strong>Aldcgundis,</strong></span> 
     </span>
    </p>
   </div>
   <div class='ocr_carea' id='block_1_32' title="bbox 580 2662 2140 2734">
    <p class='ocr_par' dir='ltr' id='par_1_32' title="bbox 580 2662 2140 2734">
     <span class='ocr_line' id='line_1_32' title="bbox 580 2662 2140 2734; baseline -0.006 -7"><span class='ocrx_word' id='word_1_200' title='bbox 580 2672 968 2728; x_wconf 71' lang='lat' dir='ltr'><strong>honestissima:</strong></span> <span class='ocrx_word' id='word_1_201' title='bbox 997 2662 1419 2723; x_wconf 86' lang='lat' dir='ltr'><strong>conversationis</strong></span> <span class='ocrx_word' id='word_1_202' title='bbox 1444 2665 1657 2729; x_wconf 85' lang='lat' dir='ltr'><strong>mulier,</strong></span> <span class='ocrx_word' id='word_1_203' title='bbox 1703 2679 1823 2734; x_wconf 62' lang='lat' dir='ltr'><strong>quas</strong></span> <span class='ocrx_word' id='word_1_204' title='bbox 1867 2663 2039 2732; x_wconf 90' lang='lat' dir='ltr'><strong>ipsum</strong></span> <span class='ocrx_word' id='word_1_205' title='bbox 2078 2662 2140 2717; x_wconf 79' lang='lat' dir='ltr'><strong>fi-</strong></span> 
     </span>
    </p>
   </div>
   <div class='ocr_carea' id='block_1_33' title="bbox 582 2753 2144 2815">
    <p class='ocr_par' dir='ltr' id='par_1_33' title="bbox 582 2753 2144 2815">
     <span class='ocr_line' id='line_1_33' title="bbox 582 2753 2144 2815; baseline -0.004 0"><span class='ocrx_word' id='word_1_206' title='bbox 582 2762 711 2815; x_wconf 90' lang='lat' dir='ltr'><strong>lium</strong></span> <span class='ocrx_word' id='word_1_207' title='bbox 738 2777 890 2815; x_wconf 89' lang='lat' dir='ltr'><strong>suum</strong></span> <span class='ocrx_word' id='word_1_208' title='bbox 922 2760 989 2814; x_wconf 90' lang='lat' dir='ltr'><strong>ab</strong></span> <span class='ocrx_word' id='word_1_209' title='bbox 1033 2758 1254 2813; x_wconf 86' lang='lat' dir='ltr'><strong>infantia</strong></span> <span class='ocrx_word' id='word_1_210' title='bbox 1279 2759 1445 2812; x_wconf 89' lang='lat' dir='ltr'><strong>Deum</strong></span> <span class='ocrx_word' id='word_1_211' title='bbox 1492 2756 1680 2810; x_wconf 90' lang='lat' dir='ltr'><strong>timere</strong></span> <span class='ocrx_word' id='word_1_212' title='bbox 1728 2755 1923 2815; x_wconf 89' lang='lat' dir='ltr'><strong>docuit,</strong></span> <span class='ocrx_word' id='word_1_213' title='bbox 1951 2753 2144 2809; x_wconf 88' lang='lat' dir='ltr'><strong>litteris</strong></span> 
     </span>
    </p>
   </div>
   <div class='ocr_carea' id='block_1_34' title="bbox 2154 1552 3794 1642">
    <p class='ocr_par' dir='ltr' id='par_1_34' title="bbox 2154 1552 3794 1642">
     <span class='ocr_line' id='line_1_34' title="bbox 2154 1552 3794 1642; baseline -0.001 -17"><span class='ocrx_word' id='word_1_214' title='bbox 2154 1575 2201 1634; x_wconf 84' lang='grc' dir='ltr'><strong>Β</strong></span> <span class='ocrx_word' id='word_1_215' title='bbox 2228 1570 2386 1642; x_wconf 85' lang='lat' dir='ltr'><strong>guine</strong></span> <span class='ocrx_word' id='word_1_216' title='bbox 2412 1568 2816 1639; x_wconf 84' lang='lat' dir='ltr'><strong>phlegmaticus,</strong></span> <span class='ocrx_word' id='word_1_217' title='bbox 2840 1566 2959 1637; x_wconf 87' lang='lat' dir='ltr'><strong>plus</strong></span> <span class='ocrx_word' id='word_1_218' title='bbox 3008 1579 3231 1637; x_wconf 90' lang='lat' dir='ltr'><strong>corpore</strong></span> <span class='ocrx_word' id='word_1_219' title='bbox 3255 1568 3464 1638; x_wconf 81' lang='lat' dir='ltr'><strong>pinguis</strong></span> <span class='ocrx_word' id='word_1_220' title='bbox 3486 1583 3646 1638; x_wconf 84' lang='lat' dir='ltr'><strong>quam</strong></span> <span class='ocrx_word' id='word_1_221' title='bbox 3670 1552 3794 1624; x_wconf 83' lang='lat' dir='ltr'><strong>Ina-</strong></span> 
     </span>
    </p>
   </div>
   <div class='ocr_carea' id='block_1_35' title="bbox 2233 1656 3798 1728">
    <p class='ocr_par' dir='ltr' id='par_1_35' title="bbox 2233 1656 3798 1728">
     <span class='ocr_line' id='line_1_35' title="bbox 2233 1656 3798 1728; baseline 0 -13"><span class='ocrx_word' id='word_1_222' title='bbox 2233 1661 2479 1724; x_wconf 90' lang='lat' dir='ltr'><strong>cilentns,</strong></span> <span class='ocrx_word' id='word_1_223' title='bbox 2515 1658 2689 1728; x_wconf 87' lang='lat' dir='ltr'><strong>capite</strong></span> <span class='ocrx_word' id='word_1_224' title='bbox 2713 1656 2865 1713; x_wconf 88' lang='lat' dir='ltr'><strong>fortis</strong></span> <span class='ocrx_word' id='word_1_225' title='bbox 2901 1664 2955 1711; x_wconf 88' lang='lat' dir='ltr'><strong>et</strong></span> <span class='ocrx_word' id='word_1_226' title='bbox 2984 1673 3228 1727; x_wconf 83' lang='lat' dir='ltr'><strong>magnus,</strong></span> <span class='ocrx_word' id='word_1_227' title='bbox 3255 1661 3597 1727; x_wconf 90' lang='lat' dir='ltr'><strong>omniumque</strong></span> <span class='ocrx_word' id='word_1_228' title='bbox 3622 1676 3798 1715; x_wconf 80' lang='lat' dir='ltr'><strong>mem-</strong></span> 
     </span>
    </p>
   </div>
   <div class='ocr_carea' id='block_1_36' title="bbox 2230 1746 3801 1820">
    <p class='ocr_par' dir='ltr' id='par_1_36' title="bbox 2230 1746 3801 1820">
     <span class='ocr_line' id='line_1_36' title="bbox 2230 1746 3801 1820; baseline 0.001 -15"><span class='ocrx_word' id='word_1_229' title='bbox 2230 1751 2447 1805; x_wconf 90' lang='lat' dir='ltr'><strong>brorum</strong></span> <span class='ocrx_word' id='word_1_230' title='bbox 2475 1746 2817 1819; x_wconf 86' lang='lat' dir='ltr'><strong>proportione</strong></span> <span class='ocrx_word' id='word_1_231' title='bbox 2859 1750 3027 1806; x_wconf 89' lang='lat' dir='ltr'><strong>forma</strong></span> <span class='ocrx_word' id='word_1_232' title='bbox 3064 1751 3281 1805; x_wconf 85' lang='lat' dir='ltr'><strong>decente</strong></span> <span class='ocrx_word' id='word_1_233' title='bbox 3307 1751 3612 1820; x_wconf 88' lang='lat' dir='ltr'><strong>dispositus.</strong></span> <span class='ocrx_word' id='word_1_234' title='bbox 3639 1750 3801 1807; x_wconf 82' lang='lat' dir='ltr'><strong>Unde</strong></span> 
     </span>
    </p>
   </div>
   <div class='ocr_carea' id='block_1_37' title="bbox 2233 1840 3805 1912">
    <p class='ocr_par' dir='ltr' id='par_1_37' title="bbox 2233 1840 3805 1912">
     <span class='ocr_line' id='line_1_37' title="bbox 2233 1840 3805 1912; baseline 0.001 -16"><span class='ocrx_word' id='word_1_235' title='bbox 2233 1857 2355 1896; x_wconf 88' lang='lat' dir='ltr'><strong>cum</strong></span> <span class='ocrx_word' id='word_1_236' title='bbox 2383 1840 2538 1895; x_wconf 64' lang='lat' dir='ltr'><strong>bona:</strong></span> <span class='ocrx_word' id='word_1_237' title='bbox 2564 1853 2698 1910; x_wconf 90' lang='lat' dir='ltr'><strong>puer</strong></span> <span class='ocrx_word' id='word_1_238' title='bbox 2728 1840 2938 1902; x_wconf 88' lang='lat' dir='ltr'><strong>indolis,</strong></span> <span class='ocrx_word' id='word_1_239' title='bbox 2972 1840 3037 1895; x_wconf 91' lang='lat' dir='ltr'><strong>de</strong></span> <span class='ocrx_word' id='word_1_240' title='bbox 3084 1841 3171 1895; x_wconf 91' lang='lat' dir='ltr'><strong>die</strong></span> <span class='ocrx_word' id='word_1_241' title='bbox 3214 1841 3266 1894; x_wconf 91' lang='lat' dir='ltr'><strong>in</strong></span> <span class='ocrx_word' id='word_1_242' title='bbox 3307 1842 3447 1896; x_wconf 89' lang='lat' dir='ltr'><strong>diem</strong></span> <span class='ocrx_word' id='word_1_243' title='bbox 3487 1857 3701 1912; x_wconf 86' lang='lat' dir='ltr'><strong>semper</strong></span> <span class='ocrx_word' id='word_1_244' title='bbox 3734 1844 3805 1897; x_wconf 85' lang='lat' dir='ltr'><strong>ad</strong></span> 
     </span>
    </p>
   </div>
   <div class='ocr_carea' id='block_1_38' title="bbox 2235 1930 3808 2001">
    <p class='ocr_par' dir='ltr' id='par_1_38' title="bbox 2235 1930 3808 2001">
     <span class='ocr_line' id='line_1_38' title="bbox 2235 1930 3808 2001; baseline -0.001 -14"><span class='ocrx_word' id='word_1_245' title='bbox 2235 1932 2457 1987; x_wconf 89' lang='lat' dir='ltr'><strong>meliora</strong></span> <span class='ocrx_word' id='word_1_246' title='bbox 2484 1931 2789 2001; x_wconf 83' lang='lat' dir='ltr'><strong>proficeret,</strong></span> <span class='ocrx_word' id='word_1_247' title='bbox 2815 1930 2990 1999; x_wconf 89' lang='lat' dir='ltr'><strong>etjam</strong></span> <span class='ocrx_word' id='word_1_248' title='bbox 3037 1939 3163 1985; x_wconf 89' lang='lat' dir='ltr'><strong>tunc</strong></span> <span class='ocrx_word' id='word_1_249' title='bbox 3187 1931 3451 2001; x_wconf 82' lang='lat' dir='ltr'><strong>quoddam</strong></span> <span class='ocrx_word' id='word_1_250' title='bbox 3481 1933 3534 1986; x_wconf 89' lang='lat' dir='ltr'><strong>in</strong></span> <span class='ocrx_word' id='word_1_251' title='bbox 3564 1931 3808 1993; x_wconf 79' lang='lat' dir='ltr'><strong>eo,futu—</strong></span> 
     </span>
    </p>
   </div>
   <div class='ocr_carea' id='block_1_39' title="bbox 2238 2022 3803 2092">
    <p class='ocr_par' dir='ltr' id='par_1_39' title="bbox 2238 2022 3803 2092">
     <span class='ocr_line' id='line_1_39' title="bbox 2238 2022 3803 2092; baseline 0.001 -16"><span class='ocrx_word' id='word_1_252' title='bbox 2238 2038 2308 2076; x_wconf 67' lang='lat' dir='ltr'><strong>ras</strong></span> <span class='ocrx_word' id='word_1_253' title='bbox 2333 2022 2605 2092; x_wconf 81' lang='lat' dir='ltr'><strong>dignitatis</strong></span> <span class='ocrx_word' id='word_1_254' title='bbox 2634 2030 2685 2090; x_wconf 86' lang='lat' dir='ltr'><strong>et</strong></span> <span class='ocrx_word' id='word_1_255' title='bbox 2710 2022 3008 2075; x_wconf 85' lang='lat' dir='ltr'><strong>sanctitatis</strong></span> <span class='ocrx_word' id='word_1_256' title='bbox 3033 2036 3347 2090; x_wconf 63' lang='lat' dir='ltr'><strong>praesagium</strong></span> <span class='ocrx_word' id='word_1_257' title='bbox 3374 2024 3651 2087; x_wconf 89' lang='lat' dir='ltr'><strong>rclucerct,</strong></span> <span class='ocrx_word' id='word_1_258' title='bbox 3678 2038 3803 2078; x_wconf 83' lang='lat' dir='ltr'><strong>me-</strong></span> 
     </span>
    </p>
   </div>
   <div class='ocr_carea' id='block_1_40' title="bbox 2234 2111 3809 2183">
    <p class='ocr_par' dir='ltr' id='par_1_40' title="bbox 2234 2111 3809 2183">
     <span class='ocr_line' id='line_1_40' title="bbox 2234 2111 3809 2183; baseline 0.001 -16"><span class='ocrx_word' id='word_1_259' title='bbox 2234 2121 2391 2167; x_wconf 88' lang='lat' dir='ltr'><strong>tuens</strong></span> <span class='ocrx_word' id='word_1_260' title='bbox 2433 2112 2520 2181; x_wconf 89' lang='lat' dir='ltr'><strong>pia</strong></span> <span class='ocrx_word' id='word_1_261' title='bbox 2564 2119 2735 2165; x_wconf 89' lang='lat' dir='ltr'><strong>mater</strong></span> <span class='ocrx_word' id='word_1_262' title='bbox 2775 2127 2843 2166; x_wconf 91' lang='lat' dir='ltr'><strong>ne</strong></span> <span class='ocrx_word' id='word_1_263' title='bbox 2897 2111 3238 2180; x_wconf 88' lang='lat' dir='ltr'><strong>corruptibile</strong></span> <span class='ocrx_word' id='word_1_264' title='bbox 3283 2128 3475 2183; x_wconf 90' lang='lat' dir='ltr'><strong>corpus</strong></span> <span class='ocrx_word' id='word_1_265' title='bbox 3526 2114 3579 2167; x_wconf 92' lang='lat' dir='ltr'><strong>in</strong></span> <span class='ocrx_word' id='word_1_266' title='bbox 3621 2115 3809 2169; x_wconf 77' lang='lat' dir='ltr'><strong>medio</strong></span> 
     </span>
    </p>
   </div>
   <div class='ocr_carea' id='block_1_41' title="bbox 2236 2201 3811 2274">
    <p class='ocr_par' dir='ltr' id='par_1_41' title="bbox 2236 2201 3811 2274">
     <span class='ocr_line' id='line_1_41' title="bbox 2236 2201 3811 2274; baseline 0.002 -19"><span class='ocrx_word' id='word_1_267' title='bbox 2236 2216 2415 2271; x_wconf 69' lang='lat' dir='ltr'><strong>prava:</strong></span> <span class='ocrx_word' id='word_1_268' title='bbox 2446 2201 2680 2256; x_wconf 86' lang='lat' dir='ltr'><strong>nationis</strong></span> <span class='ocrx_word' id='word_1_269' title='bbox 2701 2202 2953 2270; x_wconf 89' lang='lat' dir='ltr'><strong>positum,</strong></span> <span class='ocrx_word' id='word_1_270' title='bbox 2979 2202 3214 2272; x_wconf 88' lang='lat' dir='ltr'><strong>qualibet</strong></span> <span class='ocrx_word' id='word_1_271' title='bbox 3240 2203 3519 2258; x_wconf 89' lang='lat' dir='ltr'><strong>occasione</strong></span> <span class='ocrx_word' id='word_1_272' title='bbox 3548 2204 3811 2274; x_wconf 85' lang='lat' dir='ltr'><strong>deturpa-</strong></span> 
     </span>
    </p>
   </div>
   <div class='ocr_carea' id='block_1_42' title="bbox 2184 2291 3814 2365">
    <p class='ocr_par' dir='ltr' id='par_1_42' title="bbox 2184 2291 3814 2365">
     <span class='ocr_line' id='line_1_42' title="bbox 2184 2291 3814 2365; baseline 0.002 -20"><span class='ocrx_word' id='word_1_273' title='bbox 2184 2312 2197 2331; x_wconf 74' lang='grc' dir='ltr'><em>ι</em></span> <span class='ocrx_word' id='word_1_274' title='bbox 2237 2299 2317 2345; x_wconf 88' lang='lat' dir='ltr'><strong>ret</strong></span> <span class='ocrx_word' id='word_1_275' title='bbox 2363 2291 2619 2354; x_wconf 88' lang='lat' dir='ltr'><strong>animam,</strong></span> <span class='ocrx_word' id='word_1_276' title='bbox 2647 2306 2780 2346; x_wconf 91' lang='lat' dir='ltr'><strong>neve</strong></span> <span class='ocrx_word' id='word_1_277' title='bbox 2819 2300 3021 2345; x_wconf 85' lang='lat' dir='ltr'><strong>terrena</strong></span> <span class='ocrx_word' id='word_1_278' title='bbox 3048 2292 3355 2347; x_wconf 80' lang='lat' dir='ltr'><strong>inhabitatio</strong></span> <span class='ocrx_word' id='word_1_279' title='bbox 3388 2307 3590 2347; x_wconf 76' lang='lat' dir='ltr'><strong>sensum</strong></span> <span class='ocrx_word' id='word_1_280' title='bbox 3629 2296 3814 2365; x_wconf 77' lang='lat' dir='ltr'><strong>depri-</strong></span> 
     </span>
    </p>
   </div>
   <div class='ocr_carea' id='block_1_43' title="bbox 2241 2379 3811 2455">
    <p class='ocr_par' dir='ltr' id='par_1_43' title="bbox 2241 2379 3811 2455">
     <span class='ocr_line' id='line_1_43' title="bbox 2241 2379 3811 2455; baseline 0.004 -22"><span class='ocrx_word' id='word_1_281' title='bbox 2241 2390 2395 2434; x_wconf 85' lang='lat' dir='ltr'><strong>meret</strong></span> <span class='ocrx_word' id='word_1_282' title='bbox 2420 2379 2585 2441; x_wconf 81' lang='lat' dir='ltr'><strong>multa</strong></span> <span class='ocrx_word' id='word_1_283' title='bbox 2622 2382 2928 2451; x_wconf 77' lang='lat' dir='ltr'><strong>cogitantem</strong></span> <span class='ocrx_word' id='word_1_284' title='bbox 2958 2379 3110 2453; x_wconf 71' lang='grc' dir='ltr'><strong>(ειη).</strong></span> <span class='ocrx_word' id='word_1_285' title='bbox 3140 2397 3215 2447; x_wconf 81' lang='lat' dir='ltr'><strong>Ix,</strong></span> <span class='ocrx_word' id='word_1_286' title='bbox 3256 2381 3362 2455; x_wconf 78' lang='lat' dir='ltr'><strong>l5),</strong></span> <span class='ocrx_word' id='word_1_287' title='bbox 3410 2385 3623 2439; x_wconf 83' lang='lat' dir='ltr'><strong>tradere</strong></span> <span class='ocrx_word' id='word_1_288' title='bbox 3651 2385 3811 2440; x_wconf 86' lang='lat' dir='ltr'><strong>illum</strong></span> 
     </span>
    </p>
   </div>
   <div class='ocr_carea' id='block_1_44' title="bbox 2240 2470 3814 2546">
    <p class='ocr_par' dir='ltr' id='par_1_44' title="bbox 2240 2470 3814 2546">
     <span class='ocr_line' id='line_1_44' title="bbox 2240 2470 3814 2546; baseline 0.005 -22"><span class='ocrx_word' id='word_1_289' title='bbox 2240 2470 2306 2524; x_wconf 87' lang='lat' dir='ltr'><strong>ad</strong></span> <span class='ocrx_word' id='word_1_290' title='bbox 2332 2470 2716 2526; x_wconf 90' lang='lat' dir='ltr'><strong>monasterium</strong></span> <span class='ocrx_word' id='word_1_291' title='bbox 2736 2470 3085 2538; x_wconf 85' lang='lat' dir='ltr'><strong>deliberabat,</strong></span> <span class='ocrx_word' id='word_1_292' title='bbox 3100 2472 3152 2526; x_wconf 92' lang='lat' dir='ltr'><strong>in</strong></span> <span class='ocrx_word' id='word_1_293' title='bbox 3172 2488 3279 2542; x_wconf 90' lang='lat' dir='ltr'><strong>quo</strong></span> <span class='ocrx_word' id='word_1_294' title='bbox 3296 2474 3482 2544; x_wconf 87' lang='lat' dir='ltr'><strong>purius</strong></span> <span class='ocrx_word' id='word_1_295' title='bbox 3501 2491 3620 2530; x_wconf 79' lang='lat' dir='ltr'><strong>eum</strong></span> <span class='ocrx_word' id='word_1_296' title='bbox 3645 2492 3814 2546; x_wconf 86' lang='lat' dir='ltr'><strong>posse</strong></span> 
     </span>
    </p>
   </div>
   <div class='ocr_carea' id='block_1_45' title="bbox 2240 2561 3816 2636">
    <p class='ocr_par' dir='ltr' id='par_1_45' title="bbox 2240 2561 3816 2636">
     <span class='ocr_line' id='line_1_45' title="bbox 2240 2561 3816 2636; baseline 0.002 -19"><span class='ocrx_word' id='word_1_297' title='bbox 2240 2561 2545 2617; x_wconf 87' lang='lat' dir='ltr'><strong>conversari</strong></span> <span class='ocrx_word' id='word_1_298' title='bbox 2576 2561 2795 2617; x_wconf 89' lang='lat' dir='ltr'><strong>minime</strong></span> <span class='ocrx_word' id='word_1_299' title='bbox 2831 2562 3128 2619; x_wconf 83' lang='lat' dir='ltr'><strong>dubitabat.</strong></span> <span class='ocrx_word' id='word_1_300' title='bbox 3169 2562 3274 2619; x_wconf 88' lang='lat' dir='ltr'><strong>Sed</strong></span> <span class='ocrx_word' id='word_1_301' title='bbox 3307 2565 3410 2619; x_wconf 89' lang='lat' dir='ltr'><strong>hoc</strong></span> <span class='ocrx_word' id='word_1_302' title='bbox 3442 2565 3629 2619; x_wconf 85' lang='lat' dir='ltr'><strong>matris</strong></span> <span class='ocrx_word' id='word_1_303' title='bbox 3678 2581 3816 2636; x_wconf 85' lang='lat' dir='ltr'><strong>pro-</strong></span> 
     </span>
    </p>
   </div>
   <div class='ocr_carea' id='block_1_46' title="bbox 2240 2646 3816 2724">
    <p class='ocr_par' dir='ltr' id='par_1_46' title="bbox 2240 2646 3816 2724">
     <span class='ocr_line' id='line_1_46' title="bbox 2240 2646 3816 2724; baseline 0.003 -17"><span class='ocrx_word' id='word_1_304' title='bbox 2240 2646 2472 2722; x_wconf 82' lang='lat' dir='ltr'><strong>positum</strong></span> <span class='ocrx_word' id='word_1_305' title='bbox 2501 2667 2530 2705; x_wconf 92' lang='lat' dir='ltr'><strong>a</strong></span> <span class='ocrx_word' id='word_1_306' title='bbox 2576 2653 2837 2722; x_wconf 90' lang='lat' dir='ltr'><strong>principio</strong></span> <span class='ocrx_word' id='word_1_307' title='bbox 2867 2653 3101 2722; x_wconf 77' lang='lat' dir='ltr'><strong>genitori</strong></span> <span class='ocrx_word' id='word_1_308' title='bbox 3144 2668 3250 2723; x_wconf 89' lang='lat' dir='ltr'><strong>non</strong></span> <span class='ocrx_word' id='word_1_309' title='bbox 3279 2652 3500 2723; x_wconf 88' lang='lat' dir='ltr'><strong>placuit,</strong></span> <span class='ocrx_word' id='word_1_310' title='bbox 3551 2658 3693 2724; x_wconf 89' lang='lat' dir='ltr'><strong>quod</strong></span> <span class='ocrx_word' id='word_1_311' title='bbox 3726 2667 3816 2710; x_wconf 89' lang='lat' dir='ltr'><strong>ta-</strong></span> 
     </span>
    </p>
   </div>
   <div class='ocr_carea' id='block_1_47' title="bbox 2244 2743 3813 2815">
    <p class='ocr_par' dir='ltr' id='par_1_47' title="bbox 2244 2743 3813 2815">
     <span class='ocr_line' id='line_1_47' title="bbox 2244 2743 3813 2815; baseline 0.003 -19"><span class='ocrx_word' id='word_1_312' title='bbox 2244 2756 2365 2797; x_wconf 89' lang='lat' dir='ltr'><strong>men</strong></span> <span class='ocrx_word' id='word_1_313' title='bbox 2407 2749 2610 2813; x_wconf 86' lang='lat' dir='ltr'><strong>postea,</strong></span> <span class='ocrx_word' id='word_1_314' title='bbox 2639 2743 2821 2799; x_wconf 87' lang='lat' dir='ltr'><strong>divino</strong></span> <span class='ocrx_word' id='word_1_315' title='bbox 2864 2744 3155 2814; x_wconf 88' lang='lat' dir='ltr'><strong>inspiratus</strong></span> <span class='ocrx_word' id='word_1_316' title='bbox 3196 2746 3435 2811; x_wconf 89' lang='lat' dir='ltr'><strong>numine,</strong></span> <span class='ocrx_word' id='word_1_317' title='bbox 3466 2748 3813 2815; x_wconf 82' lang='lat' dir='ltr'><strong>approbavit.</strong></span> 
     </span>
    </p>
   </div>
   <div class='ocr_carea' id='block_1_48' title="bbox 584 2834 3818 2915">
    <p class='ocr_par' dir='ltr' id='par_1_48' title="bbox 584 2834 3818 2915">
     <span class='ocr_line' id='line_1_48' title="bbox 584 2834 3818 2915; baseline -0.003 -11"><span class='ocrx_word' id='word_1_318' title='bbox 584 2850 791 2913; x_wconf 90' lang='lat' dir='ltr'><strong>imbuit,</strong></span> <span class='ocrx_word' id='word_1_319' title='bbox 821 2857 876 2904; x_wconf 91' lang='lat' dir='ltr'><strong>et</strong></span> <span class='ocrx_word' id='word_1_320' title='bbox 899 2865 1003 2902; x_wconf 90' lang='lat' dir='ltr'><strong>non</strong></span> <span class='ocrx_word' id='word_1_321' title='bbox 1044 2850 1220 2903; x_wconf 90' lang='lat' dir='ltr'><strong>minus</strong></span> <span class='ocrx_word' id='word_1_322' title='bbox 1247 2845 1489 2915; x_wconf 79' lang='lat' dir='ltr'><strong>exemplo</strong></span> <span class='ocrx_word' id='word_1_323' title='bbox 1527 2859 1686 2914; x_wconf 87' lang='lat' dir='ltr'><strong>quam</strong></span> <span class='ocrx_word' id='word_1_324' title='bbox 1714 2845 1876 2899; x_wconf 87' lang='lat' dir='ltr'><strong>verbo</strong></span> <span class='ocrx_word' id='word_1_325' title='bbox 1915 2843 2143 2898; x_wconf 86' lang='lat' dir='ltr'><strong>docilem</strong></span> <span class='ocrx_word' id='word_1_326' title='bbox 2182 2909 2214 2915; x_wconf 77' lang='lat'>_</span> <span class='ocrx_word' id='word_1_327' title='bbox 2244 2834 2544 2889; x_wconf 82' lang='lat' dir='ltr'><strong>Humanum</strong></span> <span class='ocrx_word' id='word_1_328' title='bbox 2572 2834 2833 2903; x_wconf 83' lang='lat' dir='ltr'><strong>siquidem</strong></span> <span class='ocrx_word' id='word_1_329' title='bbox 2863 2834 3023 2890; x_wconf 82' lang='lat' dir='ltr'><strong>facile</strong></span> <span class='ocrx_word' id='word_1_330' title='bbox 3064 2843 3302 2890; x_wconf 89' lang='lat' dir='ltr'><strong>mutatur</strong></span> <span class='ocrx_word' id='word_1_331' title='bbox 3345 2836 3648 2902; x_wconf 73' lang='lat' dir='ltr'><strong>consilium,</strong></span> <span class='ocrx_word' id='word_1_332' title='bbox 3673 2853 3818 2908; x_wconf 85' lang='lat' dir='ltr'><strong>quo-</strong></span> 
     </span>
    </p>
   </div>
   <div class='ocr_carea' id='block_1_49' title="bbox 583 2909 3816 3006">
    <p class='ocr_par' dir='ltr' id='par_1_49' title="bbox 583 2909 3816 3006">
     <span class='ocr_line' id='line_1_49' title="bbox 583 2909 3816 3006; baseline 0.001 -13"><span class='ocrx_word' id='word_1_333' title='bbox 583 2937 700 3006; x_wconf 90' lang='lat' dir='ltr'><strong>ejus</strong></span> <span class='ocrx_word' id='word_1_334' title='bbox 732 2909 969 2991; x_wconf 86' lang='lat' dir='ltr'><strong>animum</strong></span> <span class='ocrx_word' id='word_1_335' title='bbox 1000 2938 1070 2998; x_wconf 88' lang='lat' dir='ltr'><strong>ad</strong></span> <span class='ocrx_word' id='word_1_336' title='bbox 1107 2950 1265 2992; x_wconf 85' lang='lat' dir='ltr'><strong>omne</strong></span> <span class='ocrx_word' id='word_1_337' title='bbox 1316 2909 1450 3006; x_wconf 76' lang='lat' dir='ltr'><strong>Opus</strong></span> <span class='ocrx_word' id='word_1_338' title='bbox 1493 2909 1691 2990; x_wconf 76' lang='lat' dir='ltr'><strong>bonum</strong></span> <span class='ocrx_word' id='word_1_339' title='bbox 1738 2935 2145 3005; x_wconf 80' lang='lat' dir='ltr'><strong>diligentissime</strong></span> <span class='ocrx_word' id='word_1_340' title='bbox 2170 2909 2215 2971; x_wconf 63' lang='grc' dir='ltr'><strong>(ἶ</strong></span> <span class='ocrx_word' id='word_1_341' title='bbox 2247 2922 2349 2978; x_wconf 59' lang='lat' dir='ltr'><strong>“es</strong></span> <span class='ocrx_word' id='word_1_342' title='bbox 2382 2921 2557 2977; x_wconf 64' lang='grc' dir='ltr'><strong>ἀίνίηθ</strong></span> <span class='ocrx_word' id='word_1_343' title='bbox 2582 2931 2819 2991; x_wconf 69' lang='grc' dir='ltr'><strong>Ροῑθεῑθε</strong></span> <span class='ocrx_word' id='word_1_344' title='bbox 2858 2932 3012 2979; x_wconf 68' lang='lat' dir='ltr'><strong>suum</strong></span> <span class='ocrx_word' id='word_1_345' title='bbox 3038 2924 3107 2979; x_wconf 69' lang='lat' dir='ltr'><strong>ab</strong></span> <span class='ocrx_word' id='word_1_346' title='bbox 3140 2931 3341 2980; x_wconf 65' lang='grc' dir='ltr'><strong>ωιθτηο</strong></span> <span class='ocrx_word' id='word_1_347' title='bbox 3368 2926 3816 2995; x_wconf 60' lang='grc' dir='ltr'><strong>Ρτωάεεῑίηδῑιιιη</strong></span> 
     </span>
    </p>
   </div>
   <div class='ocr_carea' id='block_1_50' title="bbox 585 3027 2148 3098">
    <p class='ocr_par' dir='ltr' id='par_1_50' title="bbox 585 3027 2148 3098">
     <span class='ocr_line' id='line_1_50' title="bbox 585 3027 2148 3098; baseline -0.003 -13"><span class='ocrx_word' id='word_1_348' title='bbox 585 3030 834 3085; x_wconf 88' lang='lat' dir='ltr'><strong>erudivit.</strong></span> <span class='ocrx_word' id='word_1_349' title='bbox 864 3030 1148 3084; x_wconf 87' lang='lat' dir='ltr'><strong>Enimvero</strong></span> <span class='ocrx_word' id='word_1_350' title='bbox 1172 3029 1257 3098; x_wconf 87' lang='lat' dir='ltr'><strong>pia</strong></span> <span class='ocrx_word' id='word_1_351' title='bbox 1291 3037 1483 3093; x_wconf 84' lang='lat' dir='ltr'><strong>mater,</strong></span> <span class='ocrx_word' id='word_1_352' title='bbox 1511 3043 1631 3083; x_wconf 91' lang='lat' dir='ltr'><strong>cum</strong></span> <span class='ocrx_word' id='word_1_353' title='bbox 1659 3027 1831 3082; x_wconf 90' lang='lat' dir='ltr'><strong>adhuc</strong></span> <span class='ocrx_word' id='word_1_354' title='bbox 1855 3042 2006 3082; x_wconf 89' lang='lat' dir='ltr'><strong>mens</strong></span> <span class='ocrx_word' id='word_1_355' title='bbox 2036 3027 2148 3081; x_wconf 89' lang='lat' dir='ltr'><strong>nati</strong></span> 
     </span>
    </p>
   </div>
   <div class='ocr_carea' id='block_1_51' title="bbox 585 3114 2147 3187">
    <p class='ocr_par' dir='ltr' id='par_1_51' title="bbox 585 3114 2147 3187">
     <span class='ocr_line' id='line_1_51' title="bbox 585 3114 2147 3187; baseline 0.001 -16"><span class='ocrx_word' id='word_1_356' title='bbox 585 3127 728 3172; x_wconf 82' lang='lat' dir='ltr'><strong>esset</strong></span> <span class='ocrx_word' id='word_1_357' title='bbox 770 3118 959 3187; x_wconf 89' lang='lat' dir='ltr'><strong>puerili</strong></span> <span class='ocrx_word' id='word_1_358' title='bbox 1001 3118 1360 3173; x_wconf 88' lang='lat' dir='ltr'><strong>teneritudine</strong></span> <span class='ocrx_word' id='word_1_359' title='bbox 1400 3114 1670 3182; x_wconf 79' lang='lat' dir='ltr'><strong>ﬂexibilis,</strong></span> <span class='ocrx_word' id='word_1_360' title='bbox 1717 3132 1894 3172; x_wconf 85' lang='lat' dir='ltr'><strong>mores</strong></span> <span class='ocrx_word' id='word_1_361' title='bbox 1920 3115 2035 3185; x_wconf 86' lang='lat' dir='ltr'><strong>ejus</strong></span> <span class='ocrx_word' id='word_1_362' title='bbox 2083 3116 2147 3172; x_wconf 90' lang='lat' dir='ltr'><strong>ad</strong></span> 
     </span>
    </p>
   </div>
   <div class='ocr_carea' id='block_1_52' title="bbox 586 3202 2145 3275">
    <p class='ocr_par' dir='ltr' id='par_1_52' title="bbox 586 3202 2145 3275">
     <span class='ocr_line' id='line_1_52' title="bbox 586 3202 2145 3275; baseline 0.001 -16"><span class='ocrx_word' id='word_1_363' title='bbox 586 3204 786 3260; x_wconf 87' lang='lat' dir='ltr'><strong>Christi</strong></span> <span class='ocrx_word' id='word_1_364' title='bbox 834 3206 1098 3275; x_wconf 78' lang='lat' dir='ltr'><strong>dogmatis</strong></span> <span class='ocrx_word' id='word_1_365' title='bbox 1123 3206 1483 3275; x_wconf 82' lang='lat' dir='ltr'><strong>integritatem</strong></span> <span class='ocrx_word' id='word_1_366' title='bbox 1521 3202 1856 3261; x_wconf 79' lang='lat' dir='ltr'><strong>laudabiliter</strong></span> <span class='ocrx_word' id='word_1_367' title='bbox 1899 3206 2145 3271; x_wconf 89' lang='lat' dir='ltr'><strong>instituit,</strong></span> 
     </span>
    </p>
   </div>
   <div class='ocr_carea' id='block_1_53' title="bbox 588 3284 2149 3363">
    <p class='ocr_par' dir='ltr' id='par_1_53' title="bbox 588 3284 2149 3363">
     <span class='ocr_line' id='line_1_53' title="bbox 588 3284 2149 3363; baseline 0.002 -17"><span class='ocrx_word' id='word_1_368' title='bbox 588 3293 815 3350; x_wconf 84' lang='lat' dir='ltr'><strong>lascivos</strong></span> <span class='ocrx_word' id='word_1_369' title='bbox 838 3294 1081 3363; x_wconf 71' lang='lat' dir='ltr'><strong>pueritia:</strong></span> <span class='ocrx_word' id='word_1_370' title='bbox 1105 3302 1281 3349; x_wconf 92' lang='lat' dir='ltr'><strong>motus</strong></span> <span class='ocrx_word' id='word_1_371' title='bbox 1302 3284 1715 3363; x_wconf 87' lang='lat' dir='ltr'><strong>prudentissima</strong></span> <span class='ocrx_word' id='word_1_372' title='bbox 1747 3295 1951 3349; x_wconf 90' lang='lat' dir='ltr'><strong>ratione</strong></span> <span class='ocrx_word' id='word_1_373' title='bbox 1998 3309 2149 3349; x_wconf 90' lang='lat' dir='ltr'><strong>com-</strong></span> 
     </span>
    </p>
   </div>
   <div class='ocr_carea' id='block_1_54' title="bbox 2248 3011 2861 3080">
    <p class='ocr_par' dir='ltr' id='par_1_54' title="bbox 2248 3011 2861 3080">
     <span class='ocr_line' id='line_1_54' title="bbox 2248 3011 2861 3080; baseline 0.003 -16"><span class='ocrx_word' id='word_1_374' title='bbox 2248 3020 2501 3080; x_wconf 88' lang='lat' dir='ltr'><strong>operatur</strong></span> <span class='ocrx_word' id='word_1_375' title='bbox 2531 3011 2861 3066; x_wconf 90' lang='lat' dir='ltr'><strong>instinctum.</strong></span> 
     </span>
    </p>
   </div>
   <div class='ocr_carea' id='block_1_55' title="bbox 2244 3102 3821 3180">
    <p class='ocr_par' dir='ltr' id='par_1_55' title="bbox 2244 3102 3821 3180">
     <span class='ocr_line' id='line_1_55' title="bbox 2244 3102 3821 3180; baseline 0.007 -24"><span class='ocrx_word' id='word_1_376' title='bbox 2244 3110 2251 3115; x_wconf 89' lang='lat'>&#39;</span> <span class='ocrx_word' id='word_1_377' title='bbox 2318 3102 2535 3157; x_wconf 69' lang='lat' dir='ltr'><strong>Praefuit</strong></span> <span class='ocrx_word' id='word_1_378' title='bbox 2558 3104 2611 3156; x_wconf 90' lang='lat' dir='ltr'><strong>in</strong></span> <span class='ocrx_word' id='word_1_379' title='bbox 2638 3103 2824 3180; x_wconf 87' lang='lat' dir='ltr'><strong>diebus</strong></span> <span class='ocrx_word' id='word_1_380' title='bbox 2845 3104 2951 3159; x_wconf 88' lang='lat' dir='ltr'><strong>illis</strong></span> <span class='ocrx_word' id='word_1_381' title='bbox 2973 3104 3177 3161; x_wconf 83' lang='lat' dir='ltr'><strong>novello</strong></span> <span class='ocrx_word' id='word_1_382' title='bbox 3206 3116 3228 3144; x_wconf 76' lang='grc' dir='ltr'><strong><em>ο</em></strong></span> <span class='ocrx_word' id='word_1_383' title='bbox 3259 3104 3510 3162; x_wconf 87' lang='lat' dir='ltr'><strong>Fuldensi</strong></span> <span class='ocrx_word' id='word_1_384' title='bbox 3538 3120 3821 3167; x_wconf 86' lang='lat' dir='ltr'><strong>monaste-</strong></span> 
     </span>
    </p>
   </div>
   <div class='ocr_carea' id='block_1_56' title="bbox 2248 3192 3815 3272">
    <p class='ocr_par' dir='ltr' id='par_1_56' title="bbox 2248 3192 3815 3272">
     <span class='ocr_line' id='line_1_56' title="bbox 2248 3192 3815 3272; baseline 0.005 -26"><span class='ocrx_word' id='word_1_385' title='bbox 2248 3192 2331 3247; x_wconf 92' lang='lat' dir='ltr'><strong>rio</strong></span> <span class='ocrx_word' id='word_1_386' title='bbox 2359 3193 2831 3247; x_wconf 88' lang='lat' dir='ltr'><strong>reverendissimus</strong></span> <span class='ocrx_word' id='word_1_387' title='bbox 2858 3194 3042 3257; x_wconf 82' lang='lat' dir='ltr'><strong>abbas,</strong></span> <span class='ocrx_word' id='word_1_388' title='bbox 3080 3196 3296 3250; x_wconf 87' lang='lat' dir='ltr'><strong>nomine</strong></span> <span class='ocrx_word' id='word_1_389' title='bbox 3329 3196 3615 3268; x_wconf 84' lang='lat' dir='ltr'><strong>Bangolfus</strong></span> <span class='ocrx_word' id='word_1_390' title='bbox 3669 3198 3815 3272; x_wconf 80' lang='grc' dir='ltr'><strong>[Αι.,</strong></span> 
     </span>
    </p>
   </div>
   <div class='ocr_carea' id='block_1_57' title="bbox 2248 3280 3819 3354">
    <p class='ocr_par' dir='ltr' id='par_1_57' title="bbox 2248 3280 3819 3354">
     <span class='ocr_line' id='line_1_57' title="bbox 2248 3280 3819 3354; baseline 0.005 -18"><span class='ocrx_word' id='word_1_391' title='bbox 2248 3280 2578 3354; x_wconf 85' lang='lat' dir='ltr'><strong>Baugulfus],</strong></span> <span class='ocrx_word' id='word_1_392' title='bbox 2608 3282 2690 3336; x_wconf 92' lang='lat' dir='ltr'><strong>vir</strong></span> <span class='ocrx_word' id='word_1_393' title='bbox 2713 3298 2919 3353; x_wconf 59' lang='lat' dir='ltr'><strong>magna!</strong></span> <span class='ocrx_word' id='word_1_394' title='bbox 2966 3284 3287 3354; x_wconf 43' lang='lat' dir='ltr'><strong>religionis:</strong></span> <span class='ocrx_word' id='word_1_395' title='bbox 3319 3294 3374 3339; x_wconf 86' lang='lat' dir='ltr'><strong>et</strong></span> <span class='ocrx_word' id='word_1_396' title='bbox 3415 3286 3705 3343; x_wconf 91' lang='lat' dir='ltr'><strong>multarum</strong></span> <span class='ocrx_word' id='word_1_397' title='bbox 3756 3290 3819 3344; x_wconf 87' lang='lat' dir='ltr'><strong>in</strong></span> 
     </span>
    </p>
   </div>
   <div class='ocr_carea' id='block_1_58' title="bbox 585 3369 3817 3454">
    <p class='ocr_par' dir='ltr' id='par_1_58' title="bbox 585 3369 3817 3454">
     <span class='ocr_line' id='line_1_58' title="bbox 585 3369 3817 3454; baseline 0.003 -27"><span class='ocrx_word' id='word_1_398' title='bbox 585 3385 817 3454; x_wconf 58' lang='lat' dir='ltr'><strong>peseuii,</strong></span> <span class='ocrx_word' id='word_1_399' title='bbox 843 3383 1125 3438; x_wconf 71' lang='lat' dir='ltr'><strong>ecclesiam</strong></span> <span class='ocrx_word' id='word_1_400' title='bbox 1169 3384 1407 3449; x_wconf 56' lang='lat' dir='ltr'><strong>visitare,</strong></span> <span class='ocrx_word' id='word_1_401' title='bbox 1438 3383 1531 3437; x_wconf 79' lang='lat' dir='ltr'><strong>Dei</strong></span> <span class='ocrx_word' id='word_1_402' title='bbox 1556 3397 1828 3438; x_wconf 73' lang='lat' dir='ltr'><strong>sermones</strong></span> <span class='ocrx_word' id='word_1_403' title='bbox 1858 3383 2061 3448; x_wconf 68' lang='lat' dir='ltr'><strong>audire,</strong></span> <span class='ocrx_word' id='word_1_404' title='bbox 2097 3390 2152 3437; x_wconf 69' lang='lat' dir='ltr'><strong>et</strong></span> <span class='ocrx_word' id='word_1_405' title='bbox 2247 3369 2462 3427; x_wconf 89' lang='lat' dir='ltr'><strong>Christo</strong></span> <span class='ocrx_word' id='word_1_406' title='bbox 2485 3372 2739 3426; x_wconf 88' lang='lat' dir='ltr'><strong>virtutum</strong></span> <span class='ocrx_word' id='word_1_407' title='bbox 2765 3388 2779 3427; x_wconf 90' lang='lat'>:</span> <span class='ocrx_word' id='word_1_408' title='bbox 2810 3374 2899 3442; x_wconf 92' lang='lat' dir='ltr'><strong>qui</strong></span> <span class='ocrx_word' id='word_1_409' title='bbox 2926 3384 3113 3430; x_wconf 91' lang='lat' dir='ltr'><strong>sancto</strong></span> <span class='ocrx_word' id='word_1_410' title='bbox 3139 3375 3357 3432; x_wconf 90' lang='lat' dir='ltr'><strong>Sturmo</strong></span> <span class='ocrx_word' id='word_1_411' title='bbox 3377 3378 3403 3418; x_wconf 75' lang='grc' dir='ltr'>ἀ</span> <span class='ocrx_word' id='word_1_412' title='bbox 3431 3380 3545 3450; x_wconf 85' lang='lat' dir='ltr'><strong>ejus</strong></span> <span class='ocrx_word' id='word_1_413' title='bbox 3567 3381 3669 3436; x_wconf 90' lang='lat' dir='ltr'><strong>loci</strong></span> <span class='ocrx_word' id='word_1_414' title='bbox 3694 3383 3817 3453; x_wconf 91' lang='lat' dir='ltr'><strong>pri-</strong></span> 
     </span>
    </p>
   </div>
   <div class='ocr_carea' id='block_1_59' title="bbox 587 3473 2150 3543">
    <p class='ocr_par' dir='ltr' id='par_1_59' title="bbox 587 3473 2150 3543">
     <span class='ocr_line' id='line_1_59' title="bbox 587 3473 2150 3543; baseline 0.001 -17"><span class='ocrx_word' id='word_1_415' title='bbox 587 3473 779 3528; x_wconf 86' lang='lat' dir='ltr'><strong>divinis</strong></span> <span class='ocrx_word' id='word_1_416' title='bbox 803 3474 993 3528; x_wconf 87' lang='lat' dir='ltr'><strong>crebro</strong></span> <span class='ocrx_word' id='word_1_417' title='bbox 1017 3474 1273 3529; x_wconf 86' lang='lat' dir='ltr'><strong>interesse</strong></span> <span class='ocrx_word' id='word_1_418' title='bbox 1317 3475 1582 3543; x_wconf 85' lang='lat' dir='ltr'><strong>mysteriis</strong></span> <span class='ocrx_word' id='word_1_419' title='bbox 1618 3475 1790 3528; x_wconf 91' lang='lat' dir='ltr'><strong>adhuc</strong></span> <span class='ocrx_word' id='word_1_420' title='bbox 1814 3489 1948 3543; x_wconf 86' lang='lat' dir='ltr'><strong>pene</strong></span> <span class='ocrx_word' id='word_1_421' title='bbox 1979 3474 2150 3528; x_wconf 86' lang='lat' dir='ltr'><strong>infan—</strong></span> 
     </span>
    </p>
   </div>
   <div class='ocr_carea' id='block_1_60' title="bbox 591 3563 2148 3619">
    <p class='ocr_par' dir='ltr' id='par_1_60' title="bbox 591 3563 2148 3619">
     <span class='ocr_line' id='line_1_60' title="bbox 591 3563 2148 3619; baseline 0.001 -2"><span class='ocrx_word' id='word_1_422' title='bbox 591 3572 697 3617; x_wconf 82' lang='lat' dir='ltr'><strong>tem</strong></span> <span class='ocrx_word' id='word_1_423' title='bbox 737 3563 1041 3617; x_wconf 87' lang='lat' dir='ltr'><strong>continuata</strong></span> <span class='ocrx_word' id='word_1_424' title='bbox 1096 3563 1449 3618; x_wconf 86' lang='lat' dir='ltr'><strong>sollicitudine</strong></span> <span class='ocrx_word' id='word_1_425' title='bbox 1498 3565 1786 3619; x_wconf 85' lang='lat' dir='ltr'><strong>mandavit.</strong></span> <span class='ocrx_word' id='word_1_426' title='bbox 1813 3564 1942 3618; x_wconf 90' lang='lat' dir='ltr'><strong>Erat</strong></span> <span class='ocrx_word' id='word_1_427' title='bbox 1973 3572 2148 3619; x_wconf 86' lang='lat' dir='ltr'><strong>autem</strong></span> 
     </span>
    </p>
   </div>
   <div class='ocr_carea' id='block_1_61' title="bbox 502 3636 2147 3724">
    <p class='ocr_par' dir='ltr' id='par_1_61' title="bbox 502 3636 2147 3724">
     <span class='ocr_line' id='line_1_61' title="bbox 502 3636 2147 3724; baseline 0.001 -19"><span class='ocrx_word' id='word_1_428' title='bbox 502 3636 509 3642; x_wconf 64' lang='grc'><em>’</em></span> <span class='ocrx_word' id='word_1_429' title='bbox 590 3652 840 3706; x_wconf 81' lang='lat' dir='ltr'><strong>Rabanus</strong></span> <span class='ocrx_word' id='word_1_430' title='bbox 866 3667 1019 3721; x_wconf 91' lang='lat' dir='ltr'><strong>puer,</strong></span> <span class='ocrx_word' id='word_1_431' title='bbox 1049 3660 1156 3705; x_wconf 91' lang='lat' dir='ltr'><strong>tam</strong></span> <span class='ocrx_word' id='word_1_432' title='bbox 1200 3663 1404 3707; x_wconf 72' lang='lat' dir='ltr'><strong>naturae</strong></span> <span class='ocrx_word' id='word_1_433' title='bbox 1429 3654 1582 3707; x_wconf 89' lang='lat' dir='ltr'><strong>donis</strong></span> <span class='ocrx_word' id='word_1_434' title='bbox 1614 3669 1773 3722; x_wconf 88' lang='lat' dir='ltr'><strong>quam</strong></span> <span class='ocrx_word' id='word_1_435' title='bbox 1803 3654 1989 3724; x_wconf 71' lang='lat' dir='ltr'><strong>gratia:</strong></span> <span class='ocrx_word' id='word_1_436' title='bbox 2030 3670 2147 3707; x_wconf 89' lang='lat' dir='ltr'><strong>mu-</strong></span> 
     </span>
    </p>
   </div>
   <div class='ocr_carea' id='block_1_62' title="bbox 590 3741 2147 3812">
    <p class='ocr_par' dir='ltr' id='par_1_62' title="bbox 590 3741 2147 3812">
     <span class='ocr_line' id='line_1_62' title="bbox 590 3741 2147 3812; baseline 0.002 -19"><span class='ocrx_word' id='word_1_437' title='bbox 590 3741 806 3794; x_wconf 86' lang='lat' dir='ltr'><strong>neribus</strong></span> <span class='ocrx_word' id='word_1_438' title='bbox 829 3756 858 3794; x_wconf 90' lang='lat' dir='ltr'><strong>a</strong></span> <span class='ocrx_word' id='word_1_439' title='bbox 885 3742 1106 3797; x_wconf 91' lang='lat' dir='ltr'><strong>Domino</strong></span> <span class='ocrx_word' id='word_1_440' title='bbox 1132 3742 1494 3811; x_wconf 88' lang='lat' dir='ltr'><strong>multipliciter</strong></span> <span class='ocrx_word' id='word_1_441' title='bbox 1525 3754 1826 3812; x_wconf 72' lang='lat' dir='ltr'><strong>praeventus</strong></span> <span class='ocrx_word' id='word_1_442' title='bbox 1849 3760 1861 3796; x_wconf 94' lang='lat'><strong>:</strong></span> <span class='ocrx_word' id='word_1_443' title='bbox 1891 3757 2009 3812; x_wconf 74' lang='lat' dir='ltr'><strong>quae</strong></span> <span class='ocrx_word' id='word_1_444' title='bbox 2032 3758 2147 3797; x_wconf 88' lang='lat' dir='ltr'><strong>ma-</strong></span> 
     </span>
    </p>
   </div>
   <div class='ocr_carea' id='block_1_63' title="bbox 591 3830 2148 3901">
    <p class='ocr_par' dir='ltr' id='par_1_63' title="bbox 591 3830 2148 3901">
     <span class='ocr_line' id='line_1_63' title="bbox 591 3830 2148 3901; baseline 0.001 -20"><span class='ocrx_word' id='word_1_445' title='bbox 591 3844 690 3898; x_wconf 88' lang='lat' dir='ltr'><strong>gna</strong></span> <span class='ocrx_word' id='word_1_446' title='bbox 740 3844 862 3882; x_wconf 84' lang='lat' dir='ltr'><strong>cum</strong></span> <span class='ocrx_word' id='word_1_447' title='bbox 897 3837 1132 3899; x_wconf 91' lang='lat' dir='ltr'><strong>tempore</strong></span> <span class='ocrx_word' id='word_1_448' title='bbox 1181 3838 1524 3899; x_wconf 89' lang='lat' dir='ltr'><strong>sumpserunt</strong></span> <span class='ocrx_word' id='word_1_449' title='bbox 1576 3831 1901 3886; x_wconf 89' lang='lat' dir='ltr'><strong>incrementa</strong></span> <span class='ocrx_word' id='word_1_450' title='bbox 1930 3830 2148 3901; x_wconf 87' lang='lat' dir='ltr'><strong>vigoris,</strong></span> 
     </span>
    </p>
   </div>
   <div class='ocr_carea' id='block_1_64' title="bbox 590 3915 2152 3989">
    <p class='ocr_par' dir='ltr' id='par_1_64' title="bbox 590 3915 2152 3989">
     <span class='ocr_line' id='line_1_64' title="bbox 590 3915 2152 3989; baseline 0.004 -22"><span class='ocrx_word' id='word_1_451' title='bbox 590 3915 759 3970; x_wconf 80' lang='lat' dir='ltr'><strong>donec.</strong></span> <span class='ocrx_word' id='word_1_452' title='bbox 798 3925 1067 3985; x_wconf 89' lang='lat' dir='ltr'><strong>postremo</strong></span> <span class='ocrx_word' id='word_1_453' title='bbox 1094 3918 1268 3971; x_wconf 88' lang='lat' dir='ltr'><strong>virum</strong></span> <span class='ocrx_word' id='word_1_454' title='bbox 1313 3919 1379 3972; x_wconf 93' lang='lat' dir='ltr'><strong>ad</strong></span> <span class='ocrx_word' id='word_1_455' title='bbox 1410 3932 1631 3972; x_wconf 85' lang='lat' dir='ltr'><strong>summae</strong></span> <span class='ocrx_word' id='word_1_456' title='bbox 1669 3918 2011 3989; x_wconf 85' lang='lat' dir='ltr'><strong>perfectionis</strong></span> <span class='ocrx_word' id='word_1_457' title='bbox 2041 3920 2152 3989; x_wconf 85' lang='lat' dir='ltr'><strong>api-</strong></span> 
     </span>
    </p>
   </div>
   <div class='ocr_carea' id='block_1_65' title="bbox 592 4004 2148 4076">
    <p class='ocr_par' dir='ltr' id='par_1_65' title="bbox 592 4004 2148 4076">
     <span class='ocr_line' id='line_1_65' title="bbox 592 4004 2148 4076; baseline 0.003 -17"><span class='ocrx_word' id='word_1_458' title='bbox 592 4020 707 4059; x_wconf 86' lang='lat' dir='ltr'><strong>cem</strong></span> <span class='ocrx_word' id='word_1_459' title='bbox 757 4004 1137 4073; x_wconf 81' lang='lat' dir='ltr'><strong>perduxerunt.</strong></span> <span class='ocrx_word' id='word_1_460' title='bbox 1165 4006 1378 4076; x_wconf 83' lang='lat' dir='ltr'><strong>ingenio</strong></span> <span class='ocrx_word' id='word_1_461' title='bbox 1409 4006 1506 4060; x_wconf 89' lang='lat' dir='ltr'><strong>fuit</strong></span> <span class='ocrx_word' id='word_1_462' title='bbox 1550 4008 1754 4073; x_wconf 89' lang='lat' dir='ltr'><strong>docilis,</strong></span> <span class='ocrx_word' id='word_1_463' title='bbox 1784 4009 2039 4062; x_wconf 91' lang='lat' dir='ltr'><strong>memoria</strong></span> <span class='ocrx_word' id='word_1_464' title='bbox 2066 4009 2148 4063; x_wconf 87' lang='lat' dir='ltr'><strong>vi-</strong></span> 
     </span>
    </p>
   </div>
   <div class='ocr_carea' id='block_1_66' title="bbox 592 4096 2147 4169">
    <p class='ocr_par' dir='ltr' id='par_1_66' title="bbox 592 4096 2147 4169">
     <span class='ocr_line' id='line_1_66' title="bbox 592 4096 2147 4169; baseline 0.004 -21"><span class='ocrx_word' id='word_1_465' title='bbox 592 4096 931 4159; x_wconf 85' lang='lat' dir='ltr'><strong>vacissimus,</strong></span> <span class='ocrx_word' id='word_1_466' title='bbox 960 4104 1136 4150; x_wconf 90' lang='lat' dir='ltr'><strong>mente</strong></span> <span class='ocrx_word' id='word_1_467' title='bbox 1158 4096 1314 4150; x_wconf 90' lang='lat' dir='ltr'><strong>simul</strong></span> <span class='ocrx_word' id='word_1_468' title='bbox 1343 4104 1393 4150; x_wconf 92' lang='lat' dir='ltr'><strong>et</strong></span> <span class='ocrx_word' id='word_1_469' title='bbox 1423 4112 1644 4166; x_wconf 89' lang='lat' dir='ltr'><strong>corpore</strong></span> <span class='ocrx_word' id='word_1_470' title='bbox 1670 4098 1769 4152; x_wconf 90' lang='lat' dir='ltr'><strong>sub</strong></span> <span class='ocrx_word' id='word_1_471' title='bbox 1795 4098 2147 4169; x_wconf 86' lang='lat' dir='ltr'><strong>pulcherrima</strong></span> 
     </span>
    </p>
   </div>
   <div class='ocr_carea' id='block_1_67' title="bbox 2248 3463 3819 3539">
    <p class='ocr_par' dir='ltr' id='par_1_67' title="bbox 2248 3463 3819 3539">
     <span class='ocr_line' id='line_1_67' title="bbox 2248 3463 3819 3539; baseline 0.005 -21"><span class='ocrx_word' id='word_1_472' title='bbox 2248 3479 2336 3518; x_wconf 90' lang='lat' dir='ltr'><strong>mo</strong></span> <span class='ocrx_word' id='word_1_473' title='bbox 2373 3463 2550 3518; x_wconf 76' lang='lat' dir='ltr'><strong>abbati</strong></span> <span class='ocrx_word' id='word_1_474' title='bbox 2582 3465 2872 3519; x_wconf 89' lang='lat' dir='ltr'><strong>succedens</strong></span> <span class='ocrx_word' id='word_1_475' title='bbox 2892 3506 2906 3530; x_wconf 91' lang='lat'><strong>,</strong></span> <span class='ocrx_word' id='word_1_476' title='bbox 2938 3467 3092 3521; x_wconf 90' lang='lat' dir='ltr'><strong>annis</strong></span> <span class='ocrx_word' id='word_1_477' title='bbox 3113 3467 3325 3536; x_wconf 69' lang='lat' dir='ltr'><strong>praefuit</strong></span> <span class='ocrx_word' id='word_1_478' title='bbox 3364 3470 3597 3539; x_wconf 86' lang='lat' dir='ltr'><strong>quinque</strong></span> <span class='ocrx_word' id='word_1_479' title='bbox 3631 3481 3688 3526; x_wconf 88' lang='lat' dir='ltr'><strong>et</strong></span> <span class='ocrx_word' id='word_1_480' title='bbox 3732 3474 3819 3526; x_wconf 88' lang='lat' dir='ltr'><strong>vi-</strong></span> 
     </span>
    </p>
   </div>
   <div class='ocr_carea' id='block_1_68' title="bbox 2249 3553 3820 3628">
    <p class='ocr_par' dir='ltr' id='par_1_68' title="bbox 2249 3553 3820 3628">
     <span class='ocr_line' id='line_1_68' title="bbox 2249 3553 3820 3628; baseline 0.008 -22"><span class='ocrx_word' id='word_1_481' title='bbox 2249 3553 2380 3623; x_wconf 84' lang='lat' dir='ltr'><strong>ginti</strong></span> <span class='ocrx_word' id='word_1_482' title='bbox 2432 3565 2454 3592; x_wconf 75' lang='grc' dir='ltr'><strong>ο</strong></span> <span class='ocrx_word' id='word_1_483' title='bbox 2483 3594 2497 3618; x_wconf 84' lang='grc'>,</span> <span class='ocrx_word' id='word_1_484' title='bbox 2552 3569 2743 3609; x_wconf 90' lang='lat' dir='ltr'><strong>nomen</strong></span> <span class='ocrx_word' id='word_1_485' title='bbox 2789 3556 3087 3611; x_wconf 75' lang='lat' dir='ltr'><strong>sanctitatis</strong></span> <span class='ocrx_word' id='word_1_486' title='bbox 3119 3558 3256 3628; x_wconf 90' lang='lat' dir='ltr'><strong>apud</strong></span> <span class='ocrx_word' id='word_1_487' title='bbox 3293 3556 3588 3616; x_wconf 85' lang='lat' dir='ltr'><strong>Germanos</strong></span> <span class='ocrx_word' id='word_1_488' title='bbox 3619 3576 3820 3618; x_wconf 86' lang='lat' dir='ltr'><strong>omnes</strong></span> 
     </span>
    </p>
   </div>
   <div class='ocr_carea' id='block_1_69' title="bbox 2249 3644 3818 3714">
    <p class='ocr_par' dir='ltr' id='par_1_69' title="bbox 2249 3644 3818 3714">
     <span class='ocr_line' id='line_1_69' title="bbox 2249 3644 3818 3714; baseline 0.004 -16"><span class='ocrx_word' id='word_1_489' title='bbox 2249 3651 2566 3699; x_wconf 86' lang='lat' dir='ltr'><strong>consecutus</strong></span> <span class='ocrx_word' id='word_1_490' title='bbox 2592 3644 2897 3714; x_wconf 86' lang='lat' dir='ltr'><strong>gloriosum.</strong></span> <span class='ocrx_word' id='word_1_491' title='bbox 2927 3644 3094 3713; x_wconf 82' lang='lat' dir='ltr'><strong>Hujus</strong></span> <span class='ocrx_word' id='word_1_492' title='bbox 3131 3645 3337 3701; x_wconf 90' lang='lat' dir='ltr'><strong>abbatis</strong></span> <span class='ocrx_word' id='word_1_493' title='bbox 3372 3647 3652 3704; x_wconf 89' lang='lat' dir='ltr'><strong>clarissimi</strong></span> <span class='ocrx_word' id='word_1_494' title='bbox 3695 3666 3818 3704; x_wconf 86' lang='lat' dir='ltr'><strong>ma-</strong></span> 
     </span>
    </p>
   </div>
   <div class='ocr_carea' id='block_1_70' title="bbox 2249 3732 3819 3803">
    <p class='ocr_par' dir='ltr' id='par_1_70' title="bbox 2249 3732 3819 3803">
     <span class='ocr_line' id='line_1_70' title="bbox 2249 3732 3819 3803; baseline 0.004 -16"><span class='ocrx_word' id='word_1_495' title='bbox 2249 3733 2468 3803; x_wconf 83' lang='lat' dir='ltr'><strong>gisterio</strong></span> <span class='ocrx_word' id='word_1_496' title='bbox 2498 3732 2751 3787; x_wconf 84' lang='lat' dir='ltr'><strong>Rabanus</strong></span> <span class='ocrx_word' id='word_1_497' title='bbox 2776 3748 2942 3803; x_wconf 85' lang='lat' dir='ltr'><strong>puer,</strong></span> <span class='ocrx_word' id='word_1_498' title='bbox 2975 3748 3095 3788; x_wconf 88' lang='lat' dir='ltr'><strong>cum</strong></span> <span class='ocrx_word' id='word_1_499' title='bbox 3130 3743 3272 3789; x_wconf 83' lang='lat' dir='ltr'><strong>esset</strong></span> <span class='ocrx_word' id='word_1_500' title='bbox 3303 3751 3562 3791; x_wconf 89' lang='lat' dir='ltr'><strong>annorum</strong></span> <span class='ocrx_word' id='word_1_501' title='bbox 3590 3736 3819 3793; x_wconf 84' lang='lat' dir='ltr'><strong>circiter</strong></span> 
     </span>
    </p>
   </div>
   <div class='ocr_carea' id='block_1_71' title="bbox 2249 3821 3816 3892">
    <p class='ocr_par' dir='ltr' id='par_1_71' title="bbox 2249 3821 3816 3892">
     <span class='ocr_line' id='line_1_71' title="bbox 2249 3821 3816 3892; baseline 0.005 -18"><span class='ocrx_word' id='word_1_502' title='bbox 2249 3835 2480 3883; x_wconf 87' lang='lat' dir='ltr'><strong>novem,</strong></span> <span class='ocrx_word' id='word_1_503' title='bbox 2531 3835 2560 3872; x_wconf 89' lang='lat' dir='ltr'><strong>a</strong></span> <span class='ocrx_word' id='word_1_504' title='bbox 2618 3821 2926 3888; x_wconf 89' lang='lat' dir='ltr'><strong>parentibus</strong></span> <span class='ocrx_word' id='word_1_505' title='bbox 2975 3823 3224 3888; x_wconf 89' lang='lat' dir='ltr'><strong>traditur,</strong></span> <span class='ocrx_word' id='word_1_506' title='bbox 3274 3832 3330 3878; x_wconf 91' lang='lat' dir='ltr'><strong>et</strong></span> <span class='ocrx_word' id='word_1_507' title='bbox 3378 3823 3528 3892; x_wconf 79' lang='lat' dir='ltr'><strong>juxta</strong></span> <span class='ocrx_word' id='word_1_508' title='bbox 3562 3838 3816 3882; x_wconf 86' lang='lat' dir='ltr'><strong>normam</strong></span> 
     </span>
    </p>
   </div>
   <div class='ocr_carea' id='block_1_72' title="bbox 2249 3910 3841 3979">
    <p class='ocr_par' dir='ltr' id='par_1_72' title="bbox 2249 3910 3841 3979">
     <span class='ocr_line' id='line_1_72' title="bbox 2249 3910 3841 3979; baseline 0.004 -14"><span class='ocrx_word' id='word_1_509' title='bbox 2249 3911 2418 3965; x_wconf 90' lang='lat' dir='ltr'><strong>sancti</strong></span> <span class='ocrx_word' id='word_1_510' title='bbox 2448 3910 2615 3979; x_wconf 88' lang='lat' dir='ltr'><strong>patris</strong></span> <span class='ocrx_word' id='word_1_511' title='bbox 2640 3910 2913 3965; x_wconf 84' lang='lat' dir='ltr'><strong>Benedicti</strong></span> <span class='ocrx_word' id='word_1_512' title='bbox 2954 3913 3231 3967; x_wconf 86' lang='lat' dir='ltr'><strong>monachis</strong></span> <span class='ocrx_word' id='word_1_513' title='bbox 3260 3914 3621 3970; x_wconf 86' lang='lat' dir='ltr'><strong>instituendus</strong></span> <span class='ocrx_word' id='word_1_514' title='bbox 3661 3932 3841 3971; x_wconf 73' lang='lat' dir='ltr'><strong>eom-&#39;</strong></span> 
     </span>
    </p>
   </div>
   <div class='ocr_carea' id='block_1_73' title="bbox 2251 3998 3815 4082">
    <p class='ocr_par' dir='ltr' id='par_1_73' title="bbox 2251 3998 3815 4082">
     <span class='ocr_line' id='line_1_73' title="bbox 2251 3998 3815 4082; baseline 0.004 -28"><span class='ocrx_word' id='word_1_515' title='bbox 2251 4001 2549 4057; x_wconf 77' lang='lat' dir='ltr'><strong>mentiatur.</strong></span> <span class='ocrx_word' id='word_1_516' title='bbox 2590 3998 2750 4082; x_wconf 63' lang='lat' dir='ltr'><strong>li‘acta</strong></span> <span class='ocrx_word' id='word_1_517' title='bbox 2803 4008 2885 4055; x_wconf 91' lang='lat' dir='ltr'><strong>est</strong></span> <span class='ocrx_word' id='word_1_518' title='bbox 2934 4002 3047 4055; x_wconf 64' lang='lat' dir='ltr'><strong>haec</strong></span> <span class='ocrx_word' id='word_1_519' title='bbox 3090 4003 3141 4055; x_wconf 90' lang='lat' dir='ltr'><strong>in</strong></span> <span class='ocrx_word' id='word_1_520' title='bbox 3186 4004 3567 4058; x_wconf 88' lang='lat' dir='ltr'><strong>monasterium</strong></span> <span class='ocrx_word' id='word_1_521' title='bbox 3599 4005 3815 4082; x_wconf 55' lang='lat' dir='ltr'><strong>ﬁabani</strong></span> 
     </span>
    </p>
   </div>
   <div class='ocr_carea' id='block_1_74' title="bbox 2251 4074 3813 4163">
    <p class='ocr_par' dir='ltr' id='par_1_74' title="bbox 2251 4074 3813 4163">
     <span class='ocr_line' id='line_1_74' title="bbox 2251 4074 3813 4163; baseline 0.003 -18"><span class='ocrx_word' id='word_1_522' title='bbox 2251 4088 2501 4145; x_wconf 85' lang='lat' dir='ltr'><strong>solemnis</strong></span> <span class='ocrx_word' id='word_1_523' title='bbox 2529 4074 2744 4143; x_wconf 75' lang='lat' dir='ltr'><strong>traditio</strong></span> <span class='ocrx_word' id='word_1_524' title='bbox 2782 4090 3033 4144; x_wconf 86' lang='lat' dir='ltr'><strong>vicesima</strong></span> <span class='ocrx_word' id='word_1_525' title='bbox 3064 4091 3234 4158; x_wconf 84' lang='lat' dir='ltr'><strong>prima</strong></span> <span class='ocrx_word' id='word_1_526' title='bbox 3257 4094 3340 4147; x_wconf 91' lang='lat' dir='ltr'><strong>die</strong></span> <span class='ocrx_word' id='word_1_527' title='bbox 3362 4092 3559 4147; x_wconf 84' lang='lat' dir='ltr'><strong>mensis</strong></span> <span class='ocrx_word' id='word_1_528' title='bbox 3588 4074 3767 4150; x_wconf 61' lang='lat' dir='ltr'><strong>Martii</strong></span> <span class='ocrx_word' id='word_1_529' title='bbox 3796 4137 3813 4163; x_wconf 93' lang='lat'><strong>,</strong></span> 
     </span>
    </p>
   </div>
   <div class='ocr_carea' id='block_1_75' title="bbox 504 4178 3813 4255">
    <p class='ocr_par' dir='ltr' id='par_1_75' title="bbox 504 4178 3813 4255">
     <span class='ocr_line' id='line_1_75' title="bbox 504 4178 3813 4255; baseline 0 -16"><span class='ocrx_word' id='word_1_530' title='bbox 504 4216 508 4220; x_wconf 29' lang='grc' dir='ltr'><strong>Α</strong></span> <span class='ocrx_word' id='word_1_531' title='bbox 593 4185 953 4253; x_wconf 86' lang='lat' dir='ltr'><strong>dispositione,</strong></span> <span class='ocrx_word' id='word_1_532' title='bbox 981 4185 1203 4253; x_wconf 88' lang='lat' dir='ltr'><strong>pudicus</strong></span> <span class='ocrx_word' id='word_1_533' title='bbox 1231 4196 1389 4254; x_wconf 87' lang='lat' dir='ltr'><strong>atque</strong></span> <span class='ocrx_word' id='word_1_534' title='bbox 1407 4188 1762 4252; x_wconf 87' lang='lat' dir='ltr'><strong>castissimus;</strong></span> <span class='ocrx_word' id='word_1_535' title='bbox 1790 4189 1842 4241; x_wconf 90' lang='lat' dir='ltr'><strong>in</strong></span> <span class='ocrx_word' id='word_1_536' title='bbox 1867 4187 2016 4255; x_wconf 89' lang='lat' dir='ltr'><strong>cujus</strong></span> <span class='ocrx_word' id='word_1_537' title='bbox 2040 4204 2152 4243; x_wconf 85' lang='lat' dir='ltr'><strong>mo-</strong></span> <span class='ocrx_word' id='word_1_538' title='bbox 2176 4246 2219 4255; x_wconf 36' lang='lat'><strong>“</strong></span> <span class='ocrx_word' id='word_1_539' title='bbox 2250 4194 2367 4249; x_wconf 71' lang='lat' dir='ltr'><strong>qua:</strong></span> <span class='ocrx_word' id='word_1_540' title='bbox 2396 4178 2496 4233; x_wconf 87' lang='lat' dir='ltr'><strong>fuit</strong></span> <span class='ocrx_word' id='word_1_541' title='bbox 2520 4178 2757 4249; x_wconf 89' lang='lat' dir='ltr'><strong>ejusdem</strong></span> <span class='ocrx_word' id='word_1_542' title='bbox 2793 4181 3112 4235; x_wconf 87' lang='lat' dir='ltr'><strong>sanctissimi</strong></span> <span class='ocrx_word' id='word_1_543' title='bbox 3143 4184 3310 4252; x_wconf 90' lang='lat' dir='ltr'><strong>patris</strong></span> <span class='ocrx_word' id='word_1_544' title='bbox 3348 4183 3617 4238; x_wconf 87' lang='lat' dir='ltr'><strong>Benedicti</strong></span> <span class='ocrx_word' id='word_1_545' title='bbox 3648 4185 3813 4240; x_wconf 87' lang='lat' dir='ltr'><strong>festi—</strong></span> 
     </span>
    </p>
   </div>
   <div class='ocr_carea' id='block_1_76' title="bbox 595 4246 3817 4347">
    <p class='ocr_par' dir='ltr' id='par_1_76' title="bbox 595 4246 3817 4347">
     <span class='ocr_line' id='line_1_76' title="bbox 595 4246 3817 4347; baseline 0.002 -21"><span class='ocrx_word' id='word_1_546' title='bbox 595 4274 745 4328; x_wconf 73' lang='lat' dir='ltr'><strong>rilius</strong></span> <span class='ocrx_word' id='word_1_547' title='bbox 790 4273 1060 4327; x_wconf 84' lang='lat' dir='ltr'><strong>relucebat</strong></span> <span class='ocrx_word' id='word_1_548' title='bbox 1107 4274 1399 4343; x_wconf 82' lang='lat' dir='ltr'><strong>integritas,</strong></span> <span class='ocrx_word' id='word_1_549' title='bbox 1456 4283 1510 4330; x_wconf 91' lang='lat' dir='ltr'><strong>et</strong></span> <span class='ocrx_word' id='word_1_550' title='bbox 1559 4277 1837 4347; x_wconf 85' lang='lat' dir='ltr'><strong>singularis</strong></span> <span class='ocrx_word' id='word_1_551' title='bbox 1879 4278 1932 4330; x_wconf 88' lang='lat' dir='ltr'><strong>in</strong></span> <span class='ocrx_word' id='word_1_552' title='bbox 1972 4279 2150 4331; x_wconf 87' lang='lat' dir='ltr'><strong>animo</strong></span> <span class='ocrx_word' id='word_1_553' title='bbox 2175 4246 2227 4304; x_wconf 82' lang='lat' dir='ltr'><strong>D</strong></span> <span class='ocrx_word' id='word_1_554' title='bbox 2256 4272 2419 4326; x_wconf 80' lang='lat' dir='ltr'><strong>Vilale</strong></span> <span class='ocrx_word' id='word_1_555' title='bbox 2443 4270 2712 4337; x_wconf 78' lang='lat' dir='ltr'><strong>SOlemniS,</strong></span> <span class='ocrx_word' id='word_1_556' title='bbox 2747 4285 2886 4325; x_wconf 78' lang='lat' dir='ltr'><strong>anno</strong></span> <span class='ocrx_word' id='word_1_557' title='bbox 2905 4258 3189 4327; x_wconf 60' lang='lat' dir='ltr'><strong>Dominicai</strong></span> <span class='ocrx_word' id='word_1_558' title='bbox 3215 4274 3506 4327; x_wconf 78' lang='lat' dir='ltr'><strong>nativitatis</strong></span> <span class='ocrx_word' id='word_1_559' title='bbox 3528 4276 3817 4345; x_wconf 79' lang='lat' dir='ltr'><strong>sexingen-</strong></span> 
     </span>
    </p>
   </div>
   <div class='ocr_carea' id='block_1_77' title="bbox 597 4354 2148 4430">
    <p class='ocr_par' dir='ltr' id='par_1_77' title="bbox 597 4354 2148 4430">
     <span class='ocr_line' id='line_1_77' title="bbox 597 4354 2148 4430; baseline 0.002 -16"><span class='ocrx_word' id='word_1_560' title='bbox 597 4361 955 4430; x_wconf 88' lang='lat' dir='ltr'><strong>tranquillitas</strong></span> <span class='ocrx_word' id='word_1_561' title='bbox 978 4361 1248 4414; x_wconf 88' lang='lat' dir='ltr'><strong>rutilabat.</strong></span> <span class='ocrx_word' id='word_1_562' title='bbox 1281 4361 1467 4417; x_wconf 89' lang='lat' dir='ltr'><strong>Omnia</strong></span> <span class='ocrx_word' id='word_1_563' title='bbox 1501 4354 1674 4418; x_wconf 83' lang='lat' dir='ltr'><strong>tamen</strong></span> <span class='ocrx_word' id='word_1_564' title='bbox 1708 4366 1805 4419; x_wconf 86' lang='lat' dir='ltr'><strong>ista</strong></span> <span class='ocrx_word' id='word_1_565' title='bbox 1838 4366 1890 4418; x_wconf 88' lang='lat' dir='ltr'><strong>in</strong></span> <span class='ocrx_word' id='word_1_566' title='bbox 1919 4380 1984 4419; x_wconf 92' lang='lat' dir='ltr'><strong>eo</strong></span> <span class='ocrx_word' id='word_1_567' title='bbox 2013 4365 2148 4419; x_wconf 90' lang='lat' dir='ltr'><strong>dona</strong></span> 
     </span>
    </p>
   </div>
   <div class='ocr_carea' id='block_1_78' title="bbox 599 4450 2147 4521">
    <p class='ocr_par' dir='ltr' id='par_1_78' title="bbox 599 4450 2147 4521">
     <span class='ocr_line' id='line_1_78' title="bbox 599 4450 2147 4521; baseline 0.004 -18"><span class='ocrx_word' id='word_1_568' title='bbox 599 4458 705 4503; x_wconf 89' lang='lat' dir='ltr'><strong>tam</strong></span> <span class='ocrx_word' id='word_1_569' title='bbox 736 4450 919 4521; x_wconf 79' lang='lat' dir='ltr'><strong>gratia:</strong></span> <span class='ocrx_word' id='word_1_570' title='bbox 940 4465 1096 4517; x_wconf 89' lang='lat' dir='ltr'><strong>quam</strong></span> <span class='ocrx_word' id='word_1_571' title='bbox 1124 4458 1328 4504; x_wconf 62' lang='lat' dir='ltr'><strong>natura:</strong></span> <span class='ocrx_word' id='word_1_572' title='bbox 1348 4451 1542 4507; x_wconf 88' lang='lat' dir='ltr'><strong>clarius</strong></span> <span class='ocrx_word' id='word_1_573' title='bbox 1562 4455 1912 4518; x_wconf 89' lang='lat' dir='ltr'><strong>emicuerunt,</strong></span> <span class='ocrx_word' id='word_1_574' title='bbox 1937 4471 2054 4509; x_wconf 90' lang='lat' dir='ltr'><strong>cum</strong></span> <span class='ocrx_word' id='word_1_575' title='bbox 2082 4454 2147 4509; x_wconf 92' lang='lat' dir='ltr'><strong>ad</strong></span> 
     </span>
    </p>
   </div>
   <div class='ocr_carea' id='block_1_79' title="bbox 596 4537 2147 4612">
    <p class='ocr_par' dir='ltr' id='par_1_79' title="bbox 596 4537 2147 4612">
     <span class='ocr_line' id='line_1_79' title="bbox 596 4537 2147 4612; baseline 0.005 -20"><span class='ocrx_word' id='word_1_576' title='bbox 596 4537 802 4592; x_wconf 88' lang='lat' dir='ltr'><strong>virilem</strong></span> <span class='ocrx_word' id='word_1_577' title='bbox 837 4539 1162 4606; x_wconf 88' lang='lat' dir='ltr'><strong>pervenisset</strong></span> <span class='ocrx_word' id='word_1_578' title='bbox 1186 4548 1417 4605; x_wconf 65' lang='lat' dir='ltr'><strong>aetatem,</strong></span> <span class='ocrx_word' id='word_1_579' title='bbox 1446 4542 1496 4594; x_wconf 91' lang='lat' dir='ltr'><strong>in</strong></span> <span class='ocrx_word' id='word_1_580' title='bbox 1527 4559 1630 4612; x_wconf 86' lang='lat' dir='ltr'><strong>qua</strong></span> <span class='ocrx_word' id='word_1_581' title='bbox 1658 4545 1911 4597; x_wconf 89' lang='lat' dir='ltr'><strong>virtutum</strong></span> <span class='ocrx_word' id='word_1_582' title='bbox 1941 4544 2147 4599; x_wconf 85' lang='lat' dir='ltr'><strong>culmen</strong></span> 
     </span>
    </p>
   </div>
   <div class='ocr_carea' id='block_1_80' title="bbox 596 4628 2150 4700">
    <p class='ocr_par' dir='ltr' id='par_1_80' title="bbox 596 4628 2150 4700">
     <span class='ocr_line' id='line_1_80' title="bbox 596 4628 2150 4700; baseline 0.005 -19"><span class='ocrx_word' id='word_1_583' title='bbox 596 4628 832 4681; x_wconf 89' lang='lat' dir='ltr'><strong>onmium</strong></span> <span class='ocrx_word' id='word_1_584' title='bbox 861 4628 1126 4696; x_wconf 75' lang='lat' dir='ltr'><strong>perfectus</strong></span> <span class='ocrx_word' id='word_1_585' title='bbox 1162 4640 1409 4699; x_wconf 89' lang='lat' dir='ltr'><strong>operator</strong></span> <span class='ocrx_word' id='word_1_586' title='bbox 1438 4634 1692 4687; x_wconf 90' lang='lat' dir='ltr'><strong>ascendit.</strong></span> <span class='ocrx_word' id='word_1_587' title='bbox 1730 4633 1995 4700; x_wconf 84' lang='lat' dir='ltr'><strong>Quantum</strong></span> <span class='ocrx_word' id='word_1_588' title='bbox 2024 4652 2150 4690; x_wconf 85' lang='lat' dir='ltr'><strong>vero</strong></span> 
     </span>
    </p>
   </div>
   <div class='ocr_carea' id='block_1_81' title="bbox 598 4715 2150 4789">
    <p class='ocr_par' dir='ltr' id='par_1_81' title="bbox 598 4715 2150 4789">
     <span class='ocr_line' id='line_1_81' title="bbox 598 4715 2150 4789; baseline 0.004 -20"><span class='ocrx_word' id='word_1_589' title='bbox 598 4715 667 4769; x_wconf 88' lang='lat' dir='ltr'><strong>ad</strong></span> <span class='ocrx_word' id='word_1_590' title='bbox 694 4715 916 4769; x_wconf 90' lang='lat' dir='ltr'><strong>visibilis</strong></span> <span class='ocrx_word' id='word_1_591' title='bbox 935 4718 1234 4785; x_wconf 90' lang='lat' dir='ltr'><strong>pertinebat</strong></span> <span class='ocrx_word' id='word_1_592' title='bbox 1261 4719 1493 4772; x_wconf 89' lang='lat' dir='ltr'><strong>hominis</strong></span> <span class='ocrx_word' id='word_1_593' title='bbox 1517 4720 1795 4783; x_wconf 86' lang='lat' dir='ltr'><strong>rationem,</strong></span> <span class='ocrx_word' id='word_1_594' title='bbox 1819 4736 2041 4789; x_wconf 85' lang='lat' dir='ltr'><strong>corpore</strong></span> <span class='ocrx_word' id='word_1_595' title='bbox 2067 4739 2150 4777; x_wconf 92' lang='lat' dir='ltr'><strong>sa-</strong></span> 
     </span>
    </p>
   </div>
   <div class='ocr_carea' id='block_1_82' title="bbox 601 4806 2151 4877">
    <p class='ocr_par' dir='ltr' id='par_1_82' title="bbox 601 4806 2151 4877">
     <span class='ocr_line' id='line_1_82' title="bbox 601 4806 2151 4877; baseline 0.004 -18"><span class='ocrx_word' id='word_1_596' title='bbox 601 4806 669 4859; x_wconf 87' lang='lat' dir='ltr'><strong>tis</strong></span> <span class='ocrx_word' id='word_1_597' title='bbox 697 4806 979 4860; x_wconf 88' lang='lat' dir='ltr'><strong>admodum</strong></span> <span class='ocrx_word' id='word_1_598' title='bbox 1011 4806 1109 4860; x_wconf 88' lang='lat' dir='ltr'><strong>fuit</strong></span> <span class='ocrx_word' id='word_1_599' title='bbox 1142 4808 1409 4872; x_wconf 88' lang='lat' dir='ltr'><strong>robustus,</strong></span> <span class='ocrx_word' id='word_1_600' title='bbox 1441 4811 1802 4877; x_wconf 83' lang='lat' dir='ltr'><strong>complexione</strong></span> <span class='ocrx_word' id='word_1_601' title='bbox 1836 4815 1993 4867; x_wconf 89' lang='lat' dir='ltr'><strong>misto</strong></span> <span class='ocrx_word' id='word_1_602' title='bbox 2030 4830 2151 4867; x_wconf 86' lang='lat' dir='ltr'><strong>san-</strong></span> 
     </span>
    </p>
   </div>
   <div class='ocr_carea' id='block_1_83' title="bbox 671 4977 2151 5049">
    <p class='ocr_par' dir='ltr' id='par_1_83' title="bbox 671 4977 2151 5049">
     <span class='ocr_line' id='line_1_83' title="bbox 671 4977 2151 5049; baseline 0.007 -20"><span class='ocrx_word' id='word_1_603' title='bbox 671 4977 828 5049; x_wconf 53' lang='lat' dir='ltr'><strong>flmo</strong></span> <span class='ocrx_word' id='word_1_604' title='bbox 874 4993 1043 5049; x_wconf 80' lang='lat' dir='ltr'><strong>annus</strong></span> <span class='ocrx_word' id='word_1_605' title='bbox 1071 4990 1185 5032; x_wconf 89' lang='lat' dir='ltr'><strong>erat</strong></span> <span class='ocrx_word' id='word_1_606' title='bbox 1209 4981 1353 5049; x_wconf 83' lang='lat' dir='ltr'><strong>regni</strong></span> <span class='ocrx_word' id='word_1_607' title='bbox 1404 4983 1576 5037; x_wconf 80' lang='lat' dir='ltr'><strong>Caroli</strong></span> <span class='ocrx_word' id='word_1_608' title='bbox 1620 4985 1687 5038; x_wconf 70' lang='lat'><strong>‘29</strong></span> <span class='ocrx_word' id='word_1_609' title='bbox 1726 4995 1777 5039; x_wconf 91' lang='lat' dir='ltr'><strong>et</strong></span> <span class='ocrx_word' id='word_1_610' title='bbox 1820 4988 2151 5049; x_wconf 71' lang='lat' dir='ltr'><strong>pontiﬁcatus</strong></span> 
     </span>
    </p>
   </div>
   <div class='ocr_carea' id='block_1_84' title="bbox 598 5044 2147 5118">
    <p class='ocr_par' dir='ltr' id='par_1_84' title="bbox 598 5044 2147 5118">
     <span class='ocr_line' id='line_1_84' title="bbox 598 5044 2147 5118; baseline 0.008 -22"><span class='ocrx_word' id='word_1_611' title='bbox 598 5044 819 5118; x_wconf 49' lang='lat' dir='ltr'><strong>Adryrni</strong></span> <span class='ocrx_word' id='word_1_612' title='bbox 849 5047 937 5118; x_wconf 69' lang='lat' dir='ltr'><strong>l6,</strong></span> <span class='ocrx_word' id='word_1_613' title='bbox 966 5062 1091 5118; x_wconf 79' lang='lat' dir='ltr'><strong>cum</strong></span> <span class='ocrx_word' id='word_1_614' title='bbox 1130 5050 1229 5118; x_wconf 8' lang='lat' dir='ltr'><strong>hic,</strong></span> <span class='ocrx_word' id='word_1_615' title='bbox 1261 5044 1393 5118; x_wconf 75' lang='lat' dir='ltr'><strong>papa</strong></span> <span class='ocrx_word' id='word_1_616' title='bbox 1439 5052 1637 5106; x_wconf 83' lang='lat' dir='ltr'><strong>electus</strong></span> <span class='ocrx_word' id='word_1_617' title='bbox 1671 5055 1740 5107; x_wconf 88' lang='lat' dir='ltr'><strong>sit</strong></span> <span class='ocrx_word' id='word_1_618' title='bbox 1761 5057 1793 5108; x_wconf 89' lang='lat'><strong>9</strong></span> <span class='ocrx_word' id='word_1_619' title='bbox 1819 5044 1975 5108; x_wconf 71' lang='lat' dir='ltr'><strong>Febr.</strong></span> <span class='ocrx_word' id='word_1_620' title='bbox 2028 5058 2147 5108; x_wconf 76' lang='lat'><strong>77‘2.</strong></span> 
     </span>
    </p>
   </div>
   <div class='ocr_carea' id='block_1_85' title="bbox 602 5110 2143 5235">
    <p class='ocr_par' dir='ltr' id='par_1_85' title="bbox 602 5110 2143 5235">
     <span class='ocr_line' id='line_1_85' title="bbox 602 5110 2143 5235; baseline 0.008 -70"><span class='ocrx_word' id='word_1_621' title='bbox 602 5110 692 5165; x_wconf 82' lang='lat' dir='ltr'><strong>ille</strong></span> <span class='ocrx_word' id='word_1_622' title='bbox 712 5114 935 5235; x_wconf 41' lang='lat' dir='ltr'><strong>Pippino</strong></span> <span class='ocrx_word' id='word_1_623' title='bbox 959 5112 1095 5197; x_wconf 78' lang='lat' dir='ltr'><strong>patri</strong></span> <span class='ocrx_word' id='word_1_624' title='bbox 1118 5110 1361 5195; x_wconf 33' lang='lat' dir='ltr'><strong>2.5.Scpt&#39;.</strong></span> <span class='ocrx_word' id='word_1_625' title='bbox 1392 5135 1477 5172; x_wconf 88' lang='lat' dir='ltr'><strong>au.</strong></span> <span class='ocrx_word' id='word_1_626' title='bbox 1507 5122 1606 5176; x_wconf 73' lang='lat'><strong>768</strong></span> <span class='ocrx_word' id='word_1_627' title='bbox 1635 5120 1842 5177; x_wconf 75' lang='lat' dir='ltr'><strong>mortuo</strong></span> <span class='ocrx_word' id='word_1_628' title='bbox 1871 5126 2143 5179; x_wconf 87' lang='lat' dir='ltr'><strong>successit.</strong></span> 
     </span>
     <span class='ocr_line' id='line_1_86' title="bbox 670 5182 2143 5235; baseline 0 0"><span class='ocrx_word' id='word_1_629' title='bbox 670 5182 698 5220; x_wconf 65' lang='grc' dir='ltr'>δ</span> <span class='ocrx_word' id='word_1_630' title='bbox 727 5182 782 5235; x_wconf 91' lang='lat' dir='ltr'><strong>ln</strong></span> <span class='ocrx_word' id='word_1_631' title='bbox 855 5193 925 5235; x_wconf 73' lang='lat' dir='ltr'><strong>Ila</strong></span> <span class='ocrx_word' id='word_1_632' title='bbox 951 5192 1203 5235; x_wconf 54' lang='lat' dir='ltr'><strong>bteniam</strong></span> <span class='ocrx_word' id='word_1_633' title='bbox 1232 5201 1377 5235; x_wconf 68' lang='lat' dir='ltr'><strong>nam:</strong></span> <span class='ocrx_word' id='word_1_634' title='bbox 1401 5188 1460 5235; x_wconf 89' lang='grc' dir='ltr'><strong>ΙΙΙ</strong></span> <span class='ocrx_word' id='word_1_635' title='bbox 1484 5191 1729 5235; x_wconf 71' lang='lat' dir='ltr'><strong>dicuntur</strong></span> <span class='ocrx_word' id='word_1_636' title='bbox 1750 5194 1813 5235; x_wconf 79' lang='lat' dir='ltr'><strong>ml</strong></span> <span class='ocrx_word' id='word_1_637' title='bbox 1845 5194 1981 5235; x_wconf 71' lang='lat' dir='ltr'><strong>hunc</strong></span> <span class='ocrx_word' id='word_1_638' title='bbox 2006 5210 2033 5235; x_wconf 73' lang='grc' dir='ltr'><strong>ει</strong></span> <span class='ocrx_word' id='word_1_639' title='bbox 2062 5192 2143 5235; x_wconf 76' lang='lat' dir='ltr'><strong>Pi-</strong></span> 
     </span>
    </p>
   </div>
   <div class='ocr_carea' id='block_1_86' title="bbox 642 5182 2149 5260">
    <p class='ocr_par' dir='ltr' id='par_1_86' title="bbox 642 5182 2149 5260">
     <span class='ocr_line' id='line_1_87' title="bbox 642 5182 2149 5260; baseline 0.008 -27"><span class='ocrx_word' id='word_1_640' title='bbox 642 5182 698 5260; x_wconf 42' lang='grc' dir='ltr'><strong>,δ</strong></span> <span class='ocrx_word' id='word_1_641' title='bbox 727 5182 782 5235; x_wconf 86' lang='lat' dir='ltr'><strong>In</strong></span> <span class='ocrx_word' id='word_1_642' title='bbox 816 5182 1203 5260; x_wconf 69' lang='lat' dir='ltr'><strong>Vita_Stcpiia_ni</strong></span> <span class='ocrx_word' id='word_1_643' title='bbox 1230 5182 1377 5260; x_wconf 47' lang='lat' dir='ltr'><strong>lia—pte</strong></span> <span class='ocrx_word' id='word_1_644' title='bbox 1401 5188 1460 5239; x_wconf 95' lang='lat' dir='ltr'><strong>Ill</strong></span> <span class='ocrx_word' id='word_1_645' title='bbox 1484 5191 1729 5260; x_wconf 77' lang='lat' dir='ltr'><strong>dicuntur</strong></span> <span class='ocrx_word' id='word_1_646' title='bbox 1750 5194 1813 5244; x_wconf 84' lang='lat' dir='ltr'><strong>ad</strong></span> <span class='ocrx_word' id='word_1_647' title='bbox 1845 5194 1984 5246; x_wconf 87' lang='lat' dir='ltr'><strong>hunc</strong></span> <span class='ocrx_word' id='word_1_648' title='bbox 2006 5210 2035 5246; x_wconf 87' lang='lat' dir='ltr'><strong>a</strong></span> <span class='ocrx_word' id='word_1_649' title='bbox 2061 5192 2149 5245; x_wconf 79' lang='lat' dir='ltr'><strong>I’i-</strong></span> 
     </span>
    </p>
   </div>
   <div class='ocr_carea' id='block_1_87' title="bbox 637 5252 2143 5319">
    <p class='ocr_par' dir='ltr' id='par_1_87' title="bbox 637 5252 2143 5319">
     <span class='ocr_line' id='line_1_88' title="bbox 637 5252 2143 5319; baseline 0.01 -20"><span class='ocrx_word' id='word_1_650' title='bbox 637 5252 722 5319; x_wconf 79' lang='lat' dir='ltr'><strong>inc</strong></span> <span class='ocrx_word' id='word_1_651' title='bbox 758 5267 869 5319; x_wconf 80' lang='lat' dir='ltr'><strong>rege</strong></span> <span class='ocrx_word' id='word_1_652' title='bbox 894 5253 1102 5316; x_wconf 79' lang='lat' dir='ltr'><strong>directi,</strong></span> <span class='ocrx_word' id='word_1_653' title='bbox 1138 5252 1565 5310; x_wconf 62' lang='lat' dir='ltr'><strong>FuirJdusabbu</strong></span> <span class='ocrx_word' id='word_1_654' title='bbox 1604 5271 1648 5312; x_wconf 83' lang='lat' dir='ltr'><strong>et</strong></span> <span class='ocrx_word' id='word_1_655' title='bbox 1696 5261 1988 5313; x_wconf 70' lang='lat' dir='ltr'><strong>lict/tardus</strong></span> <span class='ocrx_word' id='word_1_656' title='bbox 2016 5264 2143 5314; x_wconf 68' lang='lat' dir='ltr'><strong>dux.</strong></span> 
     </span>
    </p>
   </div>
   <div class='ocr_carea' id='block_1_88' title="bbox 601 5318 2147 5439">
    <p class='ocr_par' dir='ltr' id='par_1_88' title="bbox 601 5318 2147 5439">
     <span class='ocr_line' id='line_1_89' title="bbox 603 5318 2147 5387; baseline 0.008 -16"><span class='ocrx_word' id='word_1_657' title='bbox 603 5318 709 5371; x_wconf 87' lang='lat' dir='ltr'><strong>Sed</strong></span> <span class='ocrx_word' id='word_1_658' title='bbox 726 5322 846 5387; x_wconf 85' lang='lat' dir='ltr'><strong>quis</strong></span> <span class='ocrx_word' id='word_1_659' title='bbox 873 5321 1008 5373; x_wconf 89' lang='lat' dir='ltr'><strong>hunc</strong></span> <span class='ocrx_word' id='word_1_660' title='bbox 1029 5324 1272 5376; x_wconf 74' lang='lat' dir='ltr'><strong>eumdem</strong></span> <span class='ocrx_word' id='word_1_661' title='bbox 1304 5325 1641 5381; x_wconf 74' lang='lat' dir='ltr'><strong>conﬁrmabit</strong></span> <span class='ocrx_word' id='word_1_662' title='bbox 1680 5345 1797 5382; x_wconf 89' lang='lat' dir='ltr'><strong>cum</strong></span> <span class='ocrx_word' id='word_1_663' title='bbox 1824 5331 1921 5383; x_wconf 86' lang='lat' dir='ltr'><strong>hoc</strong></span> <span class='ocrx_word' id='word_1_664' title='bbox 1962 5332 2016 5382; x_wconf 80' lang='grc' dir='ltr'><strong>Β.</strong></span> <span class='ocrx_word' id='word_1_665' title='bbox 2044 5330 2147 5383; x_wconf 72' lang='lat' dir='ltr'><strong>lia-</strong></span> 
     </span>
     <span class='ocr_line' id='line_1_90' title="bbox 601 5383 1005 5439; baseline 0.007 -3"><span class='ocrx_word' id='word_1_666' title='bbox 601 5383 726 5439; x_wconf 85' lang='lat' dir='ltr'><strong>bani</strong></span> <span class='ocrx_word' id='word_1_667' title='bbox 758 5390 1005 5439; x_wconf 74' lang='lat' dir='ltr'><strong>parente?</strong></span> 
     </span>
    </p>
   </div>
   <div class='ocr_carea' id='block_1_89' title="bbox 675 5401 998 5440">
    <p class='ocr_par' dir='ltr' id='par_1_89' title="bbox 675 5401 998 5440">
     <span class='ocr_line' id='line_1_91' title="bbox 675 5401 998 5440; baseline 0.009 -3"><span class='ocrx_word' id='word_1_668' title='bbox 675 5401 726 5439; x_wconf 84' lang='lat' dir='ltr'><strong>Ill</strong></span> <span class='ocrx_word' id='word_1_669' title='bbox 758 5401 998 5440; x_wconf 75' lang='lat' dir='ltr'><strong>narente‘t</strong></span> 
     </span>
    </p>
   </div>
   <div class='ocr_carea' id='block_1_90' title="bbox 675 5456 1815 5531">
    <p class='ocr_par' dir='ltr' id='par_1_90' title="bbox 675 5456 1815 5531">
     <span class='ocr_line' id='line_1_92' title="bbox 675 5456 1815 5531; baseline 0.006 -25"><span class='ocrx_word' id='word_1_670' title='bbox 675 5464 698 5531; x_wconf 62' lang='grc' dir='ltr'>ξ</span> <span class='ocrx_word' id='word_1_671' title='bbox 728 5456 879 5531; x_wconf 65' lang='lat' dir='ltr'><strong>Circa</strong></span> <span class='ocrx_word' id='word_1_672' title='bbox 909 5470 1105 5531; x_wconf 81' lang='lat' dir='ltr'><strong>annum</strong></span> <span class='ocrx_word' id='word_1_673' title='bbox 1132 5456 1256 5531; x_wconf 79' lang='lat' dir='ltr'><strong>Chr.</strong></span> <span class='ocrx_word' id='word_1_674' title='bbox 1285 5460 1385 5531; x_wconf 64' lang='lat' dir='ltr'><strong>7y</strong></span> <span class='ocrx_word' id='word_1_675' title='bbox 1410 5472 1606 5531; x_wconf 67' lang='lat' dir='ltr'><strong>empto.</strong></span> <span class='ocrx_word' id='word_1_676' title='bbox 1809 5504 1815 5513; x_wconf 89' lang='lat'><strong>.</strong></span> 
     </span>
    </p>
   </div>
   <div class='ocr_carea' id='block_1_91' title="bbox 673 5521 2146 5590">
    <p class='ocr_par' dir='ltr' id='par_1_91' title="bbox 673 5521 2146 5590">
     <span class='ocr_line' id='line_1_93' title="bbox 673 5521 2146 5590; baseline 0.01 -15"><span class='ocrx_word' id='word_1_677' title='bbox 673 5521 699 5560; x_wconf 71' lang='grc' dir='ltr'><strong><em>ἀ</em></strong></span> <span class='ocrx_word' id='word_1_678' title='bbox 728 5523 800 5576; x_wconf 86' lang='lat' dir='ltr'><strong>De</strong></span> <span class='ocrx_word' id='word_1_679' title='bbox 852 5537 916 5577; x_wconf 91' lang='lat' dir='ltr'><strong>eo</strong></span> <span class='ocrx_word' id='word_1_680' title='bbox 954 5525 1023 5576; x_wconf 88' lang='lat' dir='ltr'><strong>ita</strong></span> <span class='ocrx_word' id='word_1_681' title='bbox 1054 5526 1284 5581; x_wconf 81' lang='lat' dir='ltr'><strong>Annales</strong></span> <span class='ocrx_word' id='word_1_682' title='bbox 1312 5521 1601 5585; x_wconf 78' lang='lat' dir='ltr'><strong>Fuldenses</strong></span> <span class='ocrx_word' id='word_1_683' title='bbox 1623 5548 1710 5586; x_wconf 90' lang='lat' dir='ltr'><strong>an.</strong></span> <span class='ocrx_word' id='word_1_684' title='bbox 1741 5533 1860 5587; x_wconf 76' lang='grc' dir='ltr'><strong>πθ.</strong></span> <span class='ocrx_word' id='word_1_685' title='bbox 1894 5555 1910 5583; x_wconf 82' lang='grc' dir='ltr'>ι</span> <span class='ocrx_word' id='word_1_686' title='bbox 1946 5534 2146 5590; x_wconf 88' lang='lat' dir='ltr'><strong>Sturmi</strong></span> 
     </span>
    </p>
   </div>
   <div class='ocr_carea' id='block_1_92' title="bbox 2257 4360 3814 4439">
    <p class='ocr_par' dir='ltr' id='par_1_92' title="bbox 2257 4360 3814 4439">
     <span class='ocr_line' id='line_1_94' title="bbox 2257 4360 3814 4439; baseline 0.003 -25"><span class='ocrx_word' id='word_1_687' title='bbox 2257 4362 2446 4416; x_wconf 89' lang='lat' dir='ltr'><strong>tesimo</strong></span> <span class='ocrx_word' id='word_1_688' title='bbox 2470 4360 2816 4431; x_wconf 89' lang='lat' dir='ltr'><strong>nonagesimo</strong></span> <span class='ocrx_word' id='word_1_689' title='bbox 2853 4361 3099 4429; x_wconf 86' lang='lat' dir='ltr'><strong>septimo,</strong></span> <span class='ocrx_word' id='word_1_690' title='bbox 3130 4361 3415 4417; x_wconf 82' lang='lat' dir='ltr'><strong>indictione</strong></span> <span class='ocrx_word' id='word_1_691' title='bbox 3445 4362 3814 4439; x_wconf 77' lang='lat' dir='ltr'><strong>Romanorum</strong></span> 
     </span>
    </p>
   </div>
   <div class='ocr_carea' id='block_1_93' title="bbox 2293 4451 2455 4503">
    <p class='ocr_par' dir='ltr' id='par_1_93' title="bbox 2293 4451 2455 4503">
     <span class='ocr_line' id='line_1_95' title="bbox 2293 4451 2455 4503; baseline -0.012 0"><span class='ocrx_word' id='word_1_692' title='bbox 2293 4451 2455 4503; x_wconf 88' lang='lat' dir='ltr'><strong>uinta.</strong></span> 
     </span>
    </p>
   </div>
   <div class='ocr_carea' id='block_1_94' title="bbox 2324 4536 3811 4606">
    <p class='ocr_par' dir='ltr' id='par_1_94' title="bbox 2324 4536 3811 4606">
     <span class='ocr_line' id='line_1_96' title="bbox 2324 4536 3811 4606; baseline 0.003 -16"><span class='ocrx_word' id='word_1_693' title='bbox 2324 4536 2525 4591; x_wconf 88' lang='lat' dir='ltr'><strong>Claruit</strong></span> <span class='ocrx_word' id='word_1_694' title='bbox 2559 4551 2623 4591; x_wconf 92' lang='lat' dir='ltr'><strong>eo</strong></span> <span class='ocrx_word' id='word_1_695' title='bbox 2670 4544 2907 4606; x_wconf 89' lang='lat' dir='ltr'><strong>tempore</strong></span> <span class='ocrx_word' id='word_1_696' title='bbox 2929 4538 2980 4591; x_wconf 92' lang='lat' dir='ltr'><strong>in</strong></span> <span class='ocrx_word' id='word_1_697' title='bbox 3004 4546 3297 4593; x_wconf 89' lang='lat' dir='ltr'><strong>memorato</strong></span> <span class='ocrx_word' id='word_1_698' title='bbox 3324 4544 3647 4595; x_wconf 87' lang='lat' dir='ltr'><strong>monasterio</strong></span> <span class='ocrx_word' id='word_1_699' title='bbox 3676 4541 3811 4596; x_wconf 79' lang='lat' dir='ltr'><strong>Ful-</strong></span> 
     </span>
    </p>
   </div>
   <div class='ocr_carea' id='block_1_95' title="bbox 2254 4628 3811 4699">
    <p class='ocr_par' dir='ltr' id='par_1_95' title="bbox 2254 4628 3811 4699">
     <span class='ocr_line' id='line_1_97' title="bbox 2254 4628 3811 4699; baseline 0.004 -17"><span class='ocrx_word' id='word_1_700' title='bbox 2254 4629 2404 4682; x_wconf 85' lang='lat' dir='ltr'><strong>deusi</strong></span> <span class='ocrx_word' id='word_1_701' title='bbox 2451 4628 2635 4696; x_wconf 86' lang='lat' dir='ltr'><strong>ingens</strong></span> <span class='ocrx_word' id='word_1_702' title='bbox 2666 4628 2945 4683; x_wconf 87' lang='lat' dir='ltr'><strong>multitudo</strong></span> <span class='ocrx_word' id='word_1_703' title='bbox 2986 4631 3361 4684; x_wconf 86' lang='lat' dir='ltr'><strong>monachorum</strong></span> <span class='ocrx_word' id='word_1_704' title='bbox 3391 4671 3406 4695; x_wconf 97' lang='lat'><strong>,</strong></span> <span class='ocrx_word' id='word_1_705' title='bbox 3459 4633 3547 4699; x_wconf 88' lang='lat' dir='ltr'><strong>qui</strong></span> <span class='ocrx_word' id='word_1_706' title='bbox 3582 4634 3811 4688; x_wconf 87' lang='lat' dir='ltr'><strong>arduam</strong></span> 
     </span>
    </p>
   </div>
   <div class='ocr_carea' id='block_1_96' title="bbox 2254 4701 3812 4790">
    <p class='ocr_par' dir='ltr' id='par_1_96' title="bbox 2254 4701 3812 4790">
     <span class='ocr_line' id='line_1_98' title="bbox 2254 4701 3812 4790; baseline 0.005 -18"><span class='ocrx_word' id='word_1_707' title='bbox 2254 4735 2348 4790; x_wconf 87' lang='lat' dir='ltr'><strong>pro</strong></span> <span class='ocrx_word' id='word_1_708' title='bbox 2384 4719 2476 4771; x_wconf 86' lang='lat' dir='ltr'><strong>Dei</strong></span> <span class='ocrx_word' id='word_1_709' title='bbox 2513 4733 2693 4772; x_wconf 88' lang='lat' dir='ltr'><strong>amore</strong></span> <span class='ocrx_word' id='word_1_710' title='bbox 2720 4718 2885 4772; x_wconf 90' lang='lat' dir='ltr'><strong>vitam</strong></span> <span class='ocrx_word' id='word_1_711' title='bbox 2911 4720 3183 4785; x_wconf 88' lang='lat' dir='ltr'><strong>ducentes,</strong></span> <span class='ocrx_word' id='word_1_712' title='bbox 3216 4738 3245 4775; x_wconf 89' lang='lat' dir='ltr'><strong>a</strong></span> <span class='ocrx_word' id='word_1_713' title='bbox 3290 4701 3410 4777; x_wconf 73' lang='lat' dir='ltr'><strong>vino</strong></span> <span class='ocrx_word' id='word_1_714' title='bbox 3454 4732 3507 4776; x_wconf 88' lang='lat' dir='ltr'><strong>et</strong></span> <span class='ocrx_word' id='word_1_715' title='bbox 3555 4725 3812 4780; x_wconf 84' lang='lat' dir='ltr'><strong>carnibus</strong></span> 
     </span>
    </p>
   </div>
   <div class='ocr_carea' id='block_1_97' title="bbox 2249 4805 3808 4884">
    <p class='ocr_par' dir='ltr' id='par_1_97' title="bbox 2249 4805 3808 4884">
     <span class='ocr_line' id='line_1_99' title="bbox 2249 4805 3808 4884; baseline 0.006 -23"><span class='ocrx_word' id='word_1_716' title='bbox 2249 4810 2394 4862; x_wconf 86' lang='lat' dir='ltr'><strong>omni</strong></span> <span class='ocrx_word' id='word_1_717' title='bbox 2421 4805 2657 4877; x_wconf 86' lang='lat' dir='ltr'><strong>tempore</strong></span> <span class='ocrx_word' id='word_1_718' title='bbox 2688 4810 3045 4875; x_wconf 88' lang='lat' dir='ltr'><strong>abstinebant,</strong></span> <span class='ocrx_word' id='word_1_719' title='bbox 3073 4820 3128 4865; x_wconf 90' lang='lat' dir='ltr'><strong>et</strong></span> <span class='ocrx_word' id='word_1_720' title='bbox 3160 4827 3257 4867; x_wconf 90' lang='lat' dir='ltr'><strong>nec</strong></span> <span class='ocrx_word' id='word_1_721' title='bbox 3284 4812 3373 4881; x_wconf 89' lang='lat' dir='ltr'><strong>jus</strong></span> <span class='ocrx_word' id='word_1_722' title='bbox 3394 4816 3638 4869; x_wconf 79' lang='lat' dir='ltr'><strong>carnium”</strong></span> <span class='ocrx_word' id='word_1_723' title='bbox 3664 4832 3808 4884; x_wconf 63' lang='lat' dir='ltr'><strong>prte-</strong></span> 
     </span>
    </p>
   </div>
   <div class='ocr_carea' id='block_1_98' title="bbox 2252 4979 3804 5053">
    <p class='ocr_par' dir='ltr' id='par_1_98' title="bbox 2252 4979 3804 5053">
     <span class='ocr_line' id='line_1_100' title="bbox 2252 4979 3804 5053; baseline 0.008 -18"><span class='ocrx_word' id='word_1_724' title='bbox 2252 4979 2745 5053; x_wconf 77' lang='lat' dir='ltr'><strong>abbas__Ft_Ildensis</strong></span> <span class='ocrx_word' id='word_1_725' title='bbox 2817 4985 3043 5039; x_wconf 76' lang='lat' dir='ltr'><strong>erenobii</strong></span> <span class='ocrx_word' id='word_1_726' title='bbox 3105 4990 3361 5053; x_wconf 87' lang='lat' dir='ltr'><strong>moritur,</strong></span> <span class='ocrx_word' id='word_1_727' title='bbox 3401 4993 3483 5044; x_wconf 90' lang='lat' dir='ltr'><strong>cui</strong></span> <span class='ocrx_word' id='word_1_728' title='bbox 3548 4995 3804 5047; x_wconf 84' lang='lat' dir='ltr'><strong>successit</strong></span> 
     </span>
    </p>
   </div>
   <div class='ocr_carea' id='block_1_99' title="bbox 2256 5048 3805 5121">
    <p class='ocr_par' dir='ltr' id='par_1_99' title="bbox 2256 5048 3805 5121">
     <span class='ocr_line' id='line_1_101' title="bbox 2256 5048 3805 5121; baseline 0.008 -18"><span class='ocrx_word' id='word_1_729' title='bbox 2256 5048 2726 5121; x_wconf 59' lang='lat' dir='ltr'><strong>Baugulfgiusdem</strong></span> <span class='ocrx_word' id='word_1_730' title='bbox 2755 5055 3059 5107; x_wconf 85' lang='lat' dir='ltr'><strong>monasterii</strong></span> <span class='ocrx_word' id='word_1_731' title='bbox 3086 5048 3393 5121; x_wconf 80' lang='lat' dir='ltr'><strong>monachus;</strong></span> <span class='ocrx_word' id='word_1_732' title='bbox 3427 5081 3443 5110; x_wconf 75' lang='grc' dir='ltr'>ι</span> <span class='ocrx_word' id='word_1_733' title='bbox 3471 5062 3604 5113; x_wconf 85' lang='lat' dir='ltr'><strong>obiit</strong></span> <span class='ocrx_word' id='word_1_734' title='bbox 3626 5072 3805 5115; x_wconf 73' lang='lat' dir='ltr'><strong>autem</strong></span> 
     </span>
    </p>
   </div>
   <div class='ocr_carea' id='block_1_100' title="bbox 2253 5118 3807 5193">
    <p class='ocr_par' dir='ltr' id='par_1_100' title="bbox 2253 5118 3807 5193">
     <span class='ocr_line' id='line_1_102' title="bbox 2253 5118 3807 5193; baseline 0.007 -21"><span class='ocrx_word' id='word_1_735' title='bbox 2253 5118 2467 5193; x_wconf 74' lang='lat' dir='ltr'><strong>sanctus</strong></span> <span class='ocrx_word' id='word_1_736' title='bbox 2503 5118 2876 5193; x_wconf 72' lang='lat' dir='ltr'><strong>Sturmus__seu</strong></span> <span class='ocrx_word' id='word_1_737' title='bbox 2924 5123 3161 5178; x_wconf 85' lang='lat' dir='ltr'><strong>Sturmio</strong></span> <span class='ocrx_word' id='word_1_738' title='bbox 3195 5127 3257 5180; x_wconf 84' lang='grc'><strong>16</strong></span> <span class='ocrx_word' id='word_1_739' title='bbox 3295 5118 3568 5193; x_wconf 82' lang='lat' dir='ltr'><strong>Decemb.,</strong></span> <span class='ocrx_word' id='word_1_740' title='bbox 3608 5132 3807 5183; x_wconf 84' lang='lat' dir='ltr'><strong>colitur</strong></span> 
     </span>
    </p>
   </div>
   <div class='ocr_carea' id='block_1_101' title="bbox 2254 5188 3589 5256">
    <p class='ocr_par' dir='ltr' id='par_1_101' title="bbox 2254 5188 3589 5256">
     <span class='ocr_line' id='line_1_103' title="bbox 2254 5188 3589 5256; baseline 0.004 -17"><span class='ocrx_word' id='word_1_741' title='bbox 2254 5189 2515 5256; x_wconf 67' lang='lat' dir='ltr'><strong>prmeipue</strong></span> <span class='ocrx_word' id='word_1_742' title='bbox 2540 5188 2608 5240; x_wconf 73' lang='lat'><strong>20</strong></span> <span class='ocrx_word' id='word_1_743' title='bbox 2632 5189 2800 5255; x_wconf 84' lang='lat' dir='ltr'><strong>April.</strong></span> <span class='ocrx_word' id='word_1_744' title='bbox 3555 5188 3564 5193; x_wconf 79' lang='grc'><em>’</em></span> <span class='ocrx_word' id='word_1_745' title='bbox 3588 5196 3589 5199; x_wconf 66' lang='grc'><em>“</em></span> 
     </span>
    </p>
   </div>
   <div class='ocr_carea' id='block_1_102' title="bbox 2326 5257 3804 5330">
    <p class='ocr_par' dir='ltr' id='par_1_102' title="bbox 2326 5257 3804 5330">
     <span class='ocr_line' id='line_1_104' title="bbox 2326 5257 3804 5330; baseline 0.011 -24"><span class='ocrx_word' id='word_1_746' title='bbox 2326 5268 2348 5293; x_wconf 74' lang='grc' dir='ltr'>ο</span> <span class='ocrx_word' id='word_1_747' title='bbox 2377 5257 2710 5330; x_wconf 41' lang='lat' dir='ltr'><strong>lnnndttobus</strong></span> <span class='ocrx_word' id='word_1_748' title='bbox 2751 5266 2952 5330; x_wconf 71' lang='lat' dir='ltr'><strong>tantum</strong></span> <span class='ocrx_word' id='word_1_749' title='bbox 3000 5270 3046 5311; x_wconf 86' lang='lat' dir='ltr'><strong>ct</strong></span> <span class='ocrx_word' id='word_1_750' title='bbox 3076 5262 3271 5330; x_wconf 76' lang='lat' dir='ltr'><strong>viginti.</strong></span> <span class='ocrx_word' id='word_1_751' title='bbox 3309 5264 3361 5317; x_wconf 86' lang='lat' dir='ltr'><strong>In</strong></span> <span class='ocrx_word' id='word_1_752' title='bbox 3402 5266 3593 5319; x_wconf 69' lang='lat' dir='ltr'><strong>Annal.</strong></span> <span class='ocrx_word' id='word_1_753' title='bbox 3650 5267 3804 5321; x_wconf 80' lang='lat' dir='ltr'><strong>Fuld.</strong></span> 
     </span>
    </p>
   </div>
   <div class='ocr_carea' id='block_1_103' title="bbox 2252 5324 3806 5403">
    <p class='ocr_par' dir='ltr' id='par_1_103' title="bbox 2252 5324 3806 5403">
     <span class='ocr_line' id='line_1_105' title="bbox 2252 5324 3806 5403; baseline 0.008 -28"><span class='ocrx_word' id='word_1_754' title='bbox 2252 5324 2520 5403; x_wconf 42' lang='lat' dir='ltr'><strong>ann..80‘:’.</strong></span> <span class='ocrx_word' id='word_1_755' title='bbox 2563 5326 2675 5403; x_wconf 50' lang='lat' dir='ltr'><strong>haec</strong></span> <span class='ocrx_word' id='word_1_756' title='bbox 2722 5327 3064 5403; x_wconf 65' lang='lat' dir='ltr'><strong>referuntur:</strong></span> <span class='ocrx_word' id='word_1_757' title='bbox 3104 5324 3456 5403; x_wconf 58' lang='lat' dir='ltr'><strong>(liaugnlfus,</strong></span> <span class='ocrx_word' id='word_1_758' title='bbox 3490 5335 3651 5387; x_wconf 79' lang='lat' dir='ltr'><strong>abbas</strong></span> <span class='ocrx_word' id='word_1_759' title='bbox 3676 5336 3806 5388; x_wconf 75' lang='lat' dir='ltr'><strong>Ful-</strong></span> 
     </span>
    </p>
   </div>
   <div class='ocr_carea' id='block_1_104' title="bbox 2255 5392 3791 5470">
    <p class='ocr_par' dir='ltr' id='par_1_104' title="bbox 2255 5392 3791 5470">
     <span class='ocr_line' id='line_1_106' title="bbox 2255 5392 3791 5470; baseline 0.008 -25"><span class='ocrx_word' id='word_1_760' title='bbox 2255 5392 2430 5470; x_wconf 81' lang='lat' dir='ltr'><strong>densis</strong></span> <span class='ocrx_word' id='word_1_761' title='bbox 2452 5394 2698 5455; x_wconf 73' lang='lat' dir='ltr'><strong>ccenobii,</strong></span> <span class='ocrx_word' id='word_1_762' title='bbox 2732 5396 2911 5470; x_wconf 75' lang='lat' dir='ltr'><strong>relicta</strong></span> <span class='ocrx_word' id='word_1_763' title='bbox 2944 5413 3101 5470; x_wconf 83' lang='lat' dir='ltr'><strong>quam</strong></span> <span class='ocrx_word' id='word_1_764' title='bbox 3156 5392 3336 5456; x_wconf 62' lang='lat' dir='ltr'><strong>habuit</strong></span> <span class='ocrx_word' id='word_1_765' title='bbox 3368 5392 3625 5470; x_wconf 60' lang='lat' dir='ltr'><strong>[uitestatc</strong></span> <span class='ocrx_word' id='word_1_766' title='bbox 3684 5406 3791 5459; x_wconf 75' lang='lat' dir='ltr'><strong>llat</strong></span> 
     </span>
    </p>
   </div>
   <div class='ocr_carea' id='block_1_105' title="bbox 2254 5465 3138 5529">
    <p class='ocr_par' dir='ltr' id='par_1_105' title="bbox 2254 5465 3138 5529">
     <span class='ocr_line' id='line_1_107' title="bbox 2254 5465 3138 5529; baseline 0.007 -18"><span class='ocrx_word' id='word_1_767' title='bbox 2254 5465 2459 5529; x_wconf 68' lang='lat' dir='ltr'><strong>garium</strong></span> <span class='ocrx_word' id='word_1_768' title='bbox 2492 5477 2851 5517; x_wconf 80' lang='lat' dir='ltr'><strong>successorem</strong></span> <span class='ocrx_word' id='word_1_769' title='bbox 2888 5467 3085 5518; x_wconf 72' lang='lat' dir='ltr'><strong>haimit.</strong></span> <span class='ocrx_word' id='word_1_770' title='bbox 3122 5490 3138 5517; x_wconf 75' lang='grc' dir='ltr'><strong><em>ι</em></strong></span> 
     </span>
    </p>
   </div>
  </div>
