3940 6326
249 279 323 335 π
393 256 399 268 ,

1586 261 2119 341 mamma.

3419 269 3491 326 74

249 400 337 448 ter
363 387 627 451 inﬁrmos,
649 385 971 453 omninoque
995 383 1216 454 debiles,
1240 381 1520 437 sumebant
1545 380 1597 436 in
1619 379 1817 446 cibum,
1847 387 1900 442 Α
1995 376 2114 432 Mox
2145 377 2288 431 enim
2312 384 2372 458 ut
2399 391 2568 434 annos
2607 378 2856 448 pueritia:
2898 382 3187 450 superavit,
3232 398 3292 442 se
3317 391 3490 442 totum

251 492 358 535 nec
383 474 543 544 hujus
586 474 772 528 mundi
813 473 1175 543 voluptatibus
1203 472 1510 526 utebantur.
1546 468 1707 527 Panis
1734 482 1824 525 eo-

249 585 374 626 rum
397 565 694 622 cribrarius
719 572 836 619 erat
857 573 910 618 et
938 564 1169 618 rusticus
1195 579 1209 626 ;
1243 561 1399 626 fabte,
1430 560 1567 629 pisa,
1601 566 1657 613 et
1678 557 1828 615 olera

248 655 598 728 Cibuskaqua
620 649 704 704 vel
729 638 954 706 cet-visis
977 658 1154 719 potus.
1169 631 1433 704 Vivebant
1459 645 1525 702 de
1555 645 1828 700 laboribus
1855 655 1862 666 '

252 758 514 799 manuum
546 757 789 806 suarum,
840 741 978 813 sicut
1014 740 1126 795 veri
1162 738 1330 810 patris
1355 736 1525 792 nostri
1553 735 1827 790 Benedicti

251 846 514 902 sequaces
539 839 594 886 et
630 831 899 897 monachi,
923 845 1044 886 cum
1072 829 1244 884 nullos
1273 842 1340 884 eo
1366 835 1608 896 tempore
1635 825 1691 892 in
1716 838 1829 880 mo-

250 921 492 978 nasterio
544 934 728 975 servos
775 921 1216 990 permitterentur
1264 917 1464 974 habere
1522 915 1826 972 saeculares.

249 1009 392 1065 Nam
416 1010 674 1080 quidquid
702 1009 878 1080 cperis
919 1000 1212 1072 necessarii
1261 1007 1567 1063 faciendum
1607 1007 1665 1064 in
1694 996 1830 1063 Vmo-

256 1090 504 1157 nasterio
532 1099 909 1156 claustralibus
945 1098 1292 1165 occurrisset,
1333 1113 1440 1154 non
1468 1095 1827 1163 secularium,

174 1224 181 1230 ο
252 1194 350 1248 sed
387 1189 834 1255 manibusjliebat
865 1183 1284 1246 monachorum.
1314 1187 1676 1244 Omne'stunc
1710 1202 1830 1244 mo-

251 1283 431 1340 nachi
465 1284 532 1340 ad
584 1276 907 1348 monasticat'
941 1281 1138 1352 regula:
1165 1282 1458 1351 puritatem
1497 1280 1679 1334 vivere
1721 1286 1833 1335 sat—

252 1375 508 1445 agebant,
550 1373 604 1426 in
635 1371 904 1427 communi
931 1371 1032 1426 sub
1061 1371 1219 1425 unius
1246 1368 1540 1424 directione
1572 1368 1855 1438 pastoris,

257 1464 316 1519 in
350 1480 473 1520 vera
513 1470 850 1536 paupertate,
902 1462 1017 1518 sine
1061 1461 1268 1533 peculio
1296 1462 1599 1517 castitatem
1636 1461 1831 1516 mentis

251 1566 312 1612 et
340 1555 582 1626 corporis
610 1553 987 1609 inviolabiliter
1013 1561 1396 1608 conservantes
1414 1593 1429 1619 ,
1476 1550 1831 1626 omnipotenti

255 1646 370 1702 Deo
421 1613 476 1699 in
528 1644 780 1699 fraternae
833 1643 1115 1704 charitatis
1164 1642 1375 1698 vinculo
1428 1613 1830 1742 serviebanQO

1926 467 2126 536 divinis,
2156 467 2493 537 mancipavit‘
2521 468 2792 539 obsequiis
2817 510 2831 536 ,
2872 471 2925 525 in
2953 471 3178 532 ecclesia
3215 471 3490 545 frequens,

1927 560 1985 616 in
2011 559 2176 617 choro
2200 558 2542 630 psallentium
2567 560 2836 626 assiduus,
2865 569 2924 616 et
2951 561 3067 619 sine
3094 563 3344 620 Vanitatis
3366 575 3494 622 nota

1929 650 1983 704 in
2021 649 2243 714 servitio
2283 645 2495 704 Domini
2531 644 2838 720 singularis.
2871 649 3059 706 Nullus
3111 653 3528 734 monachorum‘

1928 738 2069 792 inter
2094 738 2420 804 cantandum
2451 746 2507 793 et
2529 738 2813 809 legendum
2848 739 2940 795 illo
2969 735 3351 812 fuit_alacrior,
3379 741 3521 804 nul-.

1929 826 2012 882 lus
2036 827 2102 882 ad
2126 827 2488 883 obedientiam
2532 828 2803 883 seniorum
2830 829 2976 884 inter
2993 845 3181 886 omnes
3205 833 3500 902 promptio-
3566 832 3570 836 “

1929 933 2041 974 rem
2098 934 2155 974 se
2189 933 2429 989 unquam
2466 919 2731 973 exhibuit.
2764 919 2934 975 Deum
2977 935 3116 990 pura
3162 922 3358 977 mentis
3392 921 3501 977 ele-

1929 1008 2143 1062 vatione
2185 1021 2399 1078 semper
2443 1008 2645 1062 amavit
2691 1023 2854 1078 super
2887 1011 3067 1065 omnia
3089 1050 3112 1076 .,
3163 1010 3317 1080 cujus
3355 1011 3500 1068 ordi-
3534 1068 3537 1072 ,

1931 1096 2223 1151 natissima:
2273 1097 2534 1152 voluntati
2587 1096 2847 1167 quidquid
2898 1106 3178 1168 acceptum
3229 1107 3501 1166 noverat,

1931 1182 2152 1252 implere
2191 1195 2401 1240 summo
2426 1192 2622 1241 conatu
2664 1186 2964 1258 satagebat.
2995 1186 3073 1242 Ea
3097 1201 3245 1253 vero,
3274 1202 3393 1258 quae
3417 1189 3503 1243 di-

1931 1279 2070 1338 vinze
2095 1280 2360 1338 voluntati
2400 1281 2586 1337 didicit
2628 1296 2750 1338 esse
2798 1282 3100 1347 contraria,
3145 1297 3420 1353 nunquam
3450 1281 3505 1338 in

1933 1372 2109 1429 cordis
2136 1373 2490 1448 ergasterium
2517 1375 2728 1430 censuit
2765 1374 3120 1431 admittenda.
3161 1373 3355 1432 Mentis
3397 1391 3507 1433 suae

1932 1463 2145 1533 oculum
2202 1480 2234 1519 a
2283 1449 2591 1536 pulveribus
2651 1475 2880 1522 terrenae
2941 1463 3250 1538 cupiditatis
3307 1481 3532 1538 purum.

1898 1603 1903 1607 .
1933 1556 2222 1611 custodivit
2241 1565 2296 1612 et
2323 1559 2576 1613 mundum
2601 1598 2614 1622 ,
2646 1566 2807 1629 atque
2850 1559 2905 1613 in
2951 1559 3129 1615 medio
3162 1551 3507 1618 Confratrum

1934 1662 2155 1701 suorum
2197 1649 2341 1703 omni
2385 1656 2626 1718 tempore
2673 1651 2788 1705 sine
2837 1649 3152 1713 offensione
3179 1651 3416 1708 vivebat.
3448 1650 3506 1705 ln

254 1735 383 1789 felix
434 1743 596 1802 tetas,
635 1743 691 1790 et
732 1743 973 1805 tempora
1009 1733 1423 1788 charismatibus
1457 1731 1630 1787 sancti
1661 1726 1830 1800 Spiri-
1857 1732 1904 1791 B
1931 1737 2177 1791 oratione
2207 1746 2391 1792 sancta
2427 1753 2562 1807 pene
2590 1726 2701 1793 fuit"
2727 1739 3034 1806 continuus,
3083 1740 3136 1794 in
3171 1733 3404 1810 lectione
3424 1741 3508 1796 di-

255 1834 346 1878 tus
371 1825 580 1879 abunde
619 1822 910 1887 fructuosa,
960 1822 1174 1893 quando
1202 1821 1503 1878 claustralis
1531 1822 1654 1876 vitae
1695 1826 1819 1890 pro-

254 1912 492 1968 fessores
518 1918 672 1967 erant
704 1898 890 1984 optimi
918 1919 974 1967 et
1004 1911 1152 1966 omni
1188 1912 1379 1968 decore
1398 1913 1654 1966 virtutum
1677 1911 1826 1965 miri-

252 2001 359 2056 fice
383 2001 560 2056 ornati
591 2009 647 2056 et
673 2000 921 2072 praediti!
961 1999 1056 2055 His
1081 2000 1211 2056 viris
1257 2002 1310 2057 in
1342 2000 1667 2069 monasterio
1700 1998 1828 2054 Ful-

251 2094 408 2147 dcnsi
453 2093 562 2147 vita
607 2101 662 2148 et
719 2093 1127 2149 conversatione
1178 2091 1828 2148 sanctiSsimis'Rabanus

253 2201 394 2254 puer
413 2185 591 2240 divina
617 2185 952 2240 ordinatione
985 2183 1317 2252 conjunctus,
1367 2184 1659 2238 venerabili
1709 2183 1827 2238 cui-

252 2276 385 2329 dam
441 2275 707 2330 monacho
738 2275 968 2340 seniori,
1006 2274 1298 2346 Bathgario
1338 2277 1574 2340 nomine,
1606 2275 1831 2329 scientia

253 2364 561 2420 litterarum
587 2404 602 2430 ,
630 2372 684 2417 et
710 2365 912 2420 sanctis
939 2366 1178 2419 moribus
1207 2363 1524 2420 imbuendus
1540 2365 1832 2420 committi-

254 2468 354 2512 tur
379 2496 395 2522 ,
426 2472 456 2509 a
485 2471 591 2526 quo
612 2454 1034 2534 diligentissime
1082 2456 1148 2510 ad
1175 2455 1377 2525 optima
1416 2470 1644 2525 quaeque
1669 2453 1836 2510 infor-

252 2556 462 2603 matur.
499 2546 660 2604 Bonre
684 2555 902 2617 quoque
926 2545 1289 2616 dispositionis
1315 2563 1468 2617 puer,
1511 2548 1712 2604 bonum
1750 2562 1836 2602 as-

257 2647 484 2692 secutus
523 2637 838 2702 doctorem,
890 2636 1068 2692 divina
1118 2637 1461 2692 miseratione
1510 2625 1834 2704 adiuvante,

259 2744 389 2784 mox
417 2738 618 2785 sanctae
639 2729 1065 2786 conversationis
1089 2731 1395 2801 primordia,
1415 2740 1676 2802 quantum
1707 2741 1839 2789 aetas

258 2820 354 2874 illa
382 2820 646 2889 permisit,
661 2820 797 2876 bene
826 2821 1117 2888 inchoavit,
1143 2822 1199 2878 in
1219 2821 1515 2893 meliusque
1538 2822 1840 2878 successive

254 2910 547 2980 perduxit,
605 2918 660 2965 et
716 2911 919 2980 optimo
967 2910 1180 2966 tandem
1227 2910 1333 2967 line
1400 2912 1810 2967 consummavit.

333 3001 528 3056 Postea
555 3015 682 3054 vero
707 3016 871 3070 quam
898 3017 1098 3056 annum
1139 3011 1347 3058 sextum
1382 3001 1652 3057 decimum
1685 3017 1835 3057 com-

1922 1825 2172 1881 vinarum
2224 1826 2629 1896 Scripturarum
2675 1827 2792 1883 sine
2832 1828 3232 1884 intermissione
3270 1829 3517 1885 laudabi-

1924 1914 2052 1970 liter
2080 1925 2394 1987 occupatus.
2424 1916 2592 1973 Nemo
2625 1916 2774 1972 illum
2802 1918 2938 1974 vidit
2964 1920 3196 1975 otiosum
3220 1960 3234 1984 ,
3275 1935 3384 1976 non
3432 1919 3511 1974 fa-

1927 2006 2070 2064 bulis
2097 2048 2112 2072 ,
2192 2023 2288 2064 seu
2355 2008 2544 2070 otiosis
2608 1999 2954 2065 sermonibus
3012 2009 3160 2064 illum
3226 1999 3514 2082 quisquam

1928 2095 2134 2154 audivit
2185 2095 2491 2165 intenuim,
2544 2115 2721 2170 neque
2781 2115 2934 2155 more
2995 2088 3370 2171 complurium.~
3413 2116 3514 2174 per

1929 2190 2227 2245 claustrum
2259 2189 2596 2244 discursibus
2620 2191 2773 2246 vanis
2800 2190 3083 2260 quiSquam
3109 2192 3309 2262 reperit
3343 2207 3509 2264 vaga-

1930 2277 2187 2331 bundum.
2230 2276 2341 2342 Deo
2370 2292 2583 2347 semper
2617 2286 2800 2333 mente
2846 2277 3064 2334 deditus
3091 2318 3106 2344 ,
3157 2289 3252 2334 aut
3294 2279 3513 2337 lectioni

1935 2367 2342 2443 Scripturarum
2399 2368 2683 2433 incubuit,
2740 2375 2834 2426 aut
2881 2368 3095 2438 scripsit
3153 2370 3355 2440 aliquid
3415 2386 3514 2442 pro

1935 2457 2205 2512 communi
2231 2455 2460 2511 fratrum
2491 2457 2745 2524 utilitate,
2783 2457 2869 2513 vel
2907 2465 3054 2514 certe
3079 2474 3262 2516 secum
3292 2460 3348 2519 in
3379 2443 3515 2516 cella

1936 2550 2207 2608 solitarius
2227 2550 2478 2631 habitans
2503 2559 2639 2616 erat.
2664 2551 2808 2606 Nihil
2840 2553 2984 2606 enim
3034 2551 3242 2608 dulcius
3288 2552 3364 2607 illi
3417 2550 3518 2607 fuit

1936 2653 2097 2710 quam
2136 2640 2447 2695 continuum
2474 2649 2786 2696 sanctarum
2818 2641 3053 2697 studium
3077 2641 3513 2712 Scripturarum,

1938 2739 1996 2791 et
2028 2730 2148 2786 ideo
2175 2730 2324 2786 cellae
2356 2731 2670 2787 monasticae
2717 2741 2986 2810 secretum
3015 2773 3028 2798 ,
3078 2732 3264 2788 multis
3313 2733 3515 2804 impor-

1939 2825 2102 2881 tabile
2157 2824 2570 2893 claustralihus,
2637 2825 2875 2895 paradisi
2940 2824 3175 2880 delicias
3220 2825 3514 2895 reputavit.

1940 2917 2094 2984 Quod
2122 2916 2266 2971 enim
2292 2915 2534 2986 piscibus
2566 2916 2712 2971 rivus
2743 2923 2798 2970 et
2826 2930 2988 2985 aqua,
3017 2915 3121 2970 hoc
3150 2916 3306 2971 bonis
3325 2924 3378 2971 et
3402 2923 3517 2971 stu-
3595 2976 3602 2980 ,

1942 3008 2107 3062 diosis
2132 3005 2416 3062 monachis
2437 3005 2738 3061 rectissime
2767 3005 2964 3061 dicitur
2991 3004 3143 3061 cella.
3183 3004 3318 3062 Nam
3356 2993 3516 3062 sicuti

257 3089 520 3160 plevisset
546 3093 743 3159 aetatis,
778 3109 917 3148 anno
947 3093 1191 3148 videlicet
1215 3092 1507 3148 Dominica:
1541 3093 1837 3150 nativitatis
1857 3073 1909 3137 (ἶ
1939 3099 2116 3169 pisces
2145 3097 2234 3152 diu
2270 3097 2452 3152 vivere
2489 3097 2608 3152 sine
2650 3111 2789 3167 aqua
2825 3105 3134 3167 nequeunt,
3162 3099 3243 3152 sic
3264 3099 3547 3155 monachi'

259 3182 319 3234 in
347 3195 512 3235 carne
535 3182 982 3253 octingentesimo
1012 3194 1203 3253 quarto
1232 3195 1290 3248 θ,
1324 3183 1616 3238 indictione
1642 3183 1838 3239 Roma-

259 3261 458 3327 norum
509 3271 844 3340 duodecima,
885 3273 1170 3344 Baugolfus
1218 3274 1382 3329 abbas
1411 3274 1694 3330 Fuldensis
1739 3275 1837 3331 mi-

256 3363 438 3434 gravit
483 3364 551 3418 ad
588 3358 1076 3431 Dominum,lanno
1117 3365 1390 3435 regiminis
1435 3352 1521 3420 sui
1559 3367 1834 3429 ,vicesimo

263 3454 476 3522 quinto.
514 3453 630 3521 Quo
679 3471 784 3511 non
829 3456 943 3510 sine
990 3456 1238 3525 opinione
1297 3457 1600 3512 sanctitatis
1629 3473 1836 3528 magna;

258 3543 494 3624 sepulto,
509 3543 929 3614 praenominatus
945 3545 1150 3601 Rabani
1173 3545 1340 3600 Mauri
1365 3555 1663 3617 praeceptor
1676 3548 1839 3602 Raht-

257 3636 446 3706 garius
485 3635 746 3693 electione
782 3638 1009 3693 fratrum
1039 3639 1280 3693 unanimi
1326 3640 1516 3695 tertius
1540 3641 1593 3694 in
1620 3640 1835 3711 abbatia

257 3724 557 3780 succedens
586 3766 601 3792 ,
632 3723 845 3796 praefuit
888 3727 1042 3785 annis
1092 3727 1322 3783 sedecim
1355 3728 1419 3794 δ,
1472 3728 1557 3783 vir
1597 3729 1838 3798 probatae

258 3816 562 3886 religionis,
592 3828 646 3873 et
682 3833 890 3890 magna:
919 3819 1240 3874 sanctitatis.
1280 3818 1379 3874 Hic
1415 3818 1696 3874 Babanum
1724 3834 1838 3889 prae
1887 3819 1892 3826 ’

257 3911 476 3964 caeteris
510 3911 764 3981 singulari
797 3911 1050 3983 diligebat
1100 3911 1317 3978 affectu,
1363 3919 1647 3982 propterea
1692 3911 1838 3982 quod

251 4015 387 4054 eum
437 4008 664 4054 noverat
705 4000 824 4070 plus
857 4003 1104 4056 omnibus
1150 4003 1216 4055 ad
1253 3993 1614 4056 obedientiam
1655 4017 1839 4073 prom-

258 4099 451 4158 ptum,
483 4097 538 4144 et
565 4089 616 4142 in
642 4088 958 4145 lectiOnibus
999 4090 1298 4163 divinarum
1330 4088 1727 4161 Scripturarum
1752 4078 1837 4147 in-

257 4179 472 4237 defessa
523 4178 883 4236 sollicitudine
931 4183 1247 4238 studiosum.
1293 4181 1522 4238 Videbat
1563 4185 1714 4240 illum
1766 4187 1835 4241 ad

255 4271 431 4325 ardua
459 4277 645 4323 natum
670 4310 684 4335 ,
710 4279 764 4324 et
792 4271 882 4338 qui
915 4273 1080 4326 verbo
1113 4281 1167 4326 et
1196 4274 1441 4343 exemplo
1476 4275 1659 4330 multis
1692 4285 1835 4331 esset

253 4377 382 4418 cum
414 4372 656 4431 tempore
701 4362 1015 4432 profuturus
1050 4364 1103 4417 in
1133 4364 1382 4419 salutem.
1411 4364 1826 4421 Noveratetiam

254 4456 552 4509 salutarem
603 4456 907 4524 pastoribus
946 4458 1306 4511 necessariam
1333 4471 1451 4513 esse
1484 4458 1826 4524 dcctrinam‘,

253 4561 381 4600 cum
415 4547 552 4599 bona
582 4546 814 4601 hominis
842 4546 951 4598 vita
989 4547 1105 4600 sine
1148 4548 1371 4601 scientia
1402 4548 1665 4617 spirituali
1695 4549 1831 4602 divi-

255 4649 453 4690 narum
486 4633 881 4702 Scripturarum
925 4650 1030 4688 non
1079 4634 1308 4689 sulliciat
1339 4637 1406 4690 ad
1435 4637 1828 4692 institutionem

253 4724 613 4780 subditorum.
653 4723 787 4776 Nam
815 4724 904 4792 qui
931 4724 1031 4778 sibi
1059 4724 1157 4777 soli
1182 4733 1265 4779 est
1289 4726 1482 4796 bonus,
1521 4725 1667 4778 utilis
1699 4726 1829 4800 alio-

253 4830 380 4869 rum
411 4821 587 4868 rector
634 4828 753 4867 essc
802 4829 907 4867 non
947 4821 1138 4883 potest.
1173 4813 1461 4882 Propterea
1504 4814 1830 4882 Rathgarius

253 4903 486 4961 docilem
534 4917 756 4971 puerum
813 4917 1150 4971 nequaquam
1203 4903 1389 4955 statuit
1424 4903 1826 4973 negligcndum,

251 5009 419 5064 quem
463 4993 781 5046 illustratum
813 4994 993 5047 divino
1024 4992 1224 5061 Spiritu
1257 4993 1440 5046 multis
1473 5009 1579 5046 non
1613 4994 1827 5047 dubita-

251 5089 353 5142 bat
407 5086 520 5141 fore
564 5085 996 5161 praeponendum.
1053 5083 1162 5137 Nec
1214 5099 1306 5136 sua
1362 5084 1460 5137 fuit
1507 5085 1828 5140 confidentia

256 5175 572 5241 frustratus,
601 5191 721 5229 cum
747 5173 918 5241 major
942 5174 1174 5226 evaserit
1220 5173 1472 5228 Rabanus
1501 5176 1823 5240 eruditione,

253 5263 533 5334 dignitate,
563 5254 718 5317 simul
747 5273 801 5317 et
827 5264 1017 5316 merito
1053 5263 1370 5325 sanctitatis,
1402 5278 1562 5331 quam
1603 5279 1822 5318 suorum

252 5355 452 5425 aliquis
481 5353 564 5407 vel
602 5355 836 5422 cogitare
856 5353 1134 5423 pbtuisset,
1180 5352 1262 5406 vel
1300 5362 1478 5405 mente
1515 5353 1820 5420 concipere.

330 5502 359 5530 ι
388 5488 544 5542 Anno
591 5485 696 5541 815
741 5486 940 5541 abiisse
982 5486 1252 5539 contendit
1286 5485 1568 5539 Browerus
1621 5484 1713 5538 lib.
1769 5501 1820 5539 Iv

253 5561 410 5617 Fuld.
444 5558 651 5682 ᾒηιίμη
677 5569 798 5609 cum
817 5556 1069 5623 deposita:
1087 5555 1418 5625 praefecturae
1469 5554 1823 5631 superfuisset

255 5646 345 5684 an.
379 5639 455 5683 ιη
497 5642 655 5681 eum.
771 5681 779 5684 _
1720 5659 1722 5662 ,

655 5717 926 5777 Parnm"
959 5715 1140 5775 CVII.

1939 3187 2184 3244 crebrius
2216 3197 2371 3243 extra
2411 3186 2600 3242 cellam
2630 3187 2992 3242 discurrentes
3014 3228 3032 3254 ,
3082 3188 3137 3242 in
3162 3203 3293 3244 vera
3319 3189 3518 3247 mentis

1936 3279 2169 3349 puritate
2205 3294 2314 3333 non
2358 3279 2678 3334 subsistunt.
2720 3277 2866 3334 Cella
2903 3278 3047 3333 enim
3111 3279 3393 3336 monachis
3433 3289 3520 3336 est

1935 3370 2146 3425 oliicina
2176 3372 2437 3425 virtutum
2469 3409 2483 3436 ,
2515 3377 2571 3424 et
2599 3371 2829 3424 mundus
2872 3369 3095 3424 nimium
3141 3369 3518 3440 frequentatns

1935 3451 2228 3518 multorum
2264 3457 2428 3516 causa
2467 3456 2746 3515 vitiorum.
2795 3460 2941 3515 Cella
2982 3462 3264 3532 monachis
3306 3470 3392 3516 est
3437 3462 3521 3518 di-

1935 3554 2074 3608 vina:
2101 3553 2286 3608 schola
2320 3549 2563 3607 scientiae
2587 3592 2602 3617 ,
2637 3561 2793 3605 extra
2821 3566 2984 3620 quam
3025 3550 3264 3608 ctelestis
3292 3567 3399 3608 non
3424 3553 3518 3608 da-

1937 3643 2028 3696 tur
2079 3643 2354 3713 sapientize
2382 3643 2651 3697 doctrina.
2682 3641 2837 3697 Unde
2864 3642 3182 3708 monachus,
3205 3643 3297 3718 qui
3337 3657 3519 3700 secre-

1939 3741 2053 3786 tum
2080 3725 2228 3787 cella:
2264 3747 2372 3786 non
2401 3731 2597 3803 diligit,
2632 3732 2704 3787 ad
2738 3747 2933 3800 "veram
2962 3732 3245 3796 scientiam
3281 3733 3520 3804 Scriptu-

1938 3838 2124 3878 rarum
2144 3822 2240 3878 Dei
2270 3823 2492 3878 minime
2523 3823 2796 3894 pertingit.
2826 3821 2978 3889 Quod
3000 3823 3345 3879 beatissimus
3363 3835 3522 3896 pater

1939 3901 2029 3971 hic
2079 3921 2303 3978 noster,
2346 3921 2568 3968 sanctus
2616 3914 2784 3983 probe
2837 3913 3190 3968 considerans
3215 3913 3518 3983 Rabanus,

1937 3998 2129 4061 cellam
2165 4006 2234 4060 ab
2260 4004 2485 4060 infantia
2527 4021 2621 4060 sua
2666 4004 2852 4060 dilexit
2896 4007 3274 4073 monasticam,
3326 4008 3382 4063 in
3411 4023 3520 4078 qua

1939 4097 2333 4153 conscientiam
2373 4111 2526 4151 suam
2562 4096 2628 4149 ab
2659 4098 2914 4166 operibus
2950 4100 3134 4153 mundi
3160 4101 3315 4156 vanis
3342 4109 3521 4156 custo-

1938 4188 2071 4243 divit
2099 4187 2344 4248 illaasam,
2371 4194 2425 4239 et
2450 4187 2690 4243 omnium
2719 4179 3155 4257 scripturarum,
3189 4199 3296 4246 tam
3328 4176 3517 4248 buma~

1937 4292 2127 4332 narum
2144 4275 2651 4344 quam'divinarum,
2669 4263 2884 4346 plenam
2906 4277 3009 4333 fuit
3040 4289 3318 4336 assecutus
3339 4283 3517 4338 scien~

1938 4368 2090 4422 tiam.
2117 4366 2275 4422 Cellae
2298 4381 2529 4433 namque
2554 4376 2824 4421 secretum
2846 4369 3145 4423 amoenitati
3170 4385 3516 4440 comparatur

1933 4458 2192 4529 paradisi,
2224 4457 2276 4510 in
2299 4471 2404 4525 qua
2434 4456 2823 4511 delectabiliter
2853 4459 3173 4524 consistens,
3197 4475 3261 4515 ac
3287 4460 3386 4514 sibi
3413 4477 3514 4530 per

1938 4551 2103 4606 divini
2151 4544 2351 4603 ameris
2375 4549 2688 4602 continuum
2717 4550 3033 4604 exercitium
3062 4551 3244 4604 unitus
3271 4591 3286 4616 ,
3335 4561 3513 4608 mente

1938 4640 2095 4696 simul
2122 4649 2176 4694 et
2204 4653 2428 4708 corpore
2451 4638 2718 4691 habitavit
2747 4653 2926 4692 secum
2953 4640 3009 4692 in
3054 4641 3209 4694 domo
3237 4640 3330 4695 Dei
3361 4642 3512 4709 quie-

1939 4741 2042 4795 tus,
2073 4730 2257 4802 animo
2280 4727 2512 4785 creatori
2542 4742 2642 4780 suo
2671 4727 2892 4782 devotus
2914 4768 2927 4793 ,
2973 4728 3102 4781 nulli
3140 4731 3364 4783 fratrum
3398 4745 3511 4784 mo-

1936 4820 2102 4874 lestus
2133 4859 2147 4882 ,
2181 4818 2312 4872 nulli
2345 4817 2525 4886 gravis
2555 4857 2569 4879 ,
2626 4815 2755 4869 nulli
2787 4831 3045 4871 onerosus
3075 4857 3088 4880 ,
3137 4819 3228 4871 sed
3258 4828 3510 4887 acceptus

1931 4909 2086 4964 bonis
2109 4909 2379 4971 omnibus,
2410 4916 2463 4960 et
2489 4906 2542 4959 in
2571 4905 2782 4958 vinculo
2808 4906 3084 4959 charitatis
3114 4904 3361 4960 fraterna:
3391 4907 3503 4961 sin—

1931 5011 2052 5052 cere
2101 4997 2351 5051 dilectus.
2383 4997 2438 5048 In
2466 5010 2530 5048 eo
2556 4995 2654 5047 fuit
2688 4994 3040 5062 completum,
3083 4995 3222 5062 quod
3258 5011 3354 5065 per
3381 5013 3505 5066 pro-

1929 5089 2145 5157 phetam
2197 5087 2483 5141 Jeremiam
2538 5084 2734 5138 dudum
2794 5083 2987 5152 legitur
3044 5084 3501 5153 pronuntiatum:

1929 5180 2134 5233 Bonum
2161 5191 2233 5232 est
2264 5177 2478 5241 homini,
2517 5192 2633 5228 cum
2666 5177 2947 5243 portaverit
2962 5176 3154 5246 jugum
3185 5176 3396 5230 Domini
3437 5179 3499 5231 ab

1929 5269 2276 5322 adolescentia
2303 5262 2589 5335 suasquia
2631 5264 2822 5316 sedebit
2869 5265 3136 5318 solitarius
3183 5275 3230 5318 et
3266 5267 3496 5331 tacebit,

1925 5360 2170 5428 quoniam
2223 5355 2404 5408 levabit
2448 5370 2500 5407 se
2537 5369 2695 5423 supra
2727 5371 2779 5406 se
2817 5353 3032 5422 (Thren.
3068 5370 3147 5420 ιιι,
3173 5354 3242 5407 27
3266 5363 3314 5407 et
3342 5354 3492 5424 αφ).

1997 5491 2023 5528 ιι
2054 5490 2162 5542 lmo
2195 5487 2257 5539 l5
2287 5493 2514 5548 tantum,
2561 5485 2628 5537 ab
2655 5501 2743 5537 an.
2776 5484 2879 5538 809
2931 5485 2996 5537 ad
3023 5484 3156 5546 817,

3186 5497 3293 5552 quo
3319 5498 3354 5536 a
3379 5481 3498 5538 fre;

1925 5561 2094 5614 tribus
2120 5555 2392 5625 (lepus-itus
2419 5554 2614 5624 legitur
2641 5555 2690 5606 in
2719 5555 2920 5607 eisdem
2944 5552 3132 5606 Annal.

2944 5710 2982 5768 3
