3940 6322
499 301 565 356 π,
1582 286 1672 341 an
1710 281 1931 341 orsus
1975 278 2035 334 Β.
2075 276 2326 334 RABAN!
2363 279 2580 338 MAURI
3649 285 3714 339 τε

502 416 618 468 llzec
646 421 768 466 sunt
797 408 1091 480 puritlcatm
1117 405 1361 462 convivia
1388 401 1582 456 mentis
1607 440 1619 463 ,
1649 411 1766 468 qua!
1788 409 1948 450 nemo
1975 392 2058 446 in-
2086 391 2131 452 Α
2162 391 2308 447 illum
2351 393 2658 462 operatione
2709 407 2959 463 magnum
2991 408 3094 449 non
3123 392 3399 449 dubitabat
3423 407 3540 449 esse
3562 392 3714 449 futu-

501 503 705 570 telligit,
735 501 837 554 nisi
867 499 958 568 qni
985 497 1198 566 accipit,
1240 509 1398 548 nemo
1425 504 1551 546 vero
1577 487 1803 556 accipit,
1834 484 1935 538 nisi
1963 484 2053 552 qui

500 608 555 646 se
583 607 678 659 pm
700 590 794 643 Dei
819 602 1002 642 amore
1023 587 1091 640 ab
1117 585 1261 640 omni
1290 581 1469 636 carnis
1511 578 1760 633 illeccbra
1790 574 2056 630 veraciter

500 680 820 750 segregavit.
850 676 965 732 Non
994 677 1136 731 enim
1181 672 1518 728 consentiunt
1563 671 1616 723 in
1648 681 1810 722 unum
1833 665 2053 721 cohabi-

502 780 617 823 tare
659 782 786 822 vera
822 767 1014 837 gaudia
1064 762 1254 818 mentis
1283 803 1296 827 ,
1352 769 1407 814 et
1433 757 1809 828 corruptibiles
1852 755 2055 810 delicia:

500 862 706 915 ventris
729 901 744 926 ,
778 859 1026 927 quoniam
1057 846 1260 909 duobus
1284 851 1570 907 contrariis
1593 848 1794 904 servire
1829 845 2056 901 dominis

417 963 421 966 ’
505 953 755 1007 Salvator
801 949 1037 1004 omnium
1078 958 1183 999 non
1227 943 1356 997 dicit
1385 955 1502 995 esse
1543 937 1816 1009 possibile.
1865 934 2056 988 Beatus

505 1043 667 1112 igitur
692 1054 914 1109 magnus
935 1039 1034 1092 iste
1059 1049 1245 1091 servus
1271 1031 1472 1088 Christi
1505 1029 1780 1094 Rabanus,
1802 1028 1909 1097 qui,
1935 1040 2057 1095 gra-

405 1127 410 1135 ’
506 1137 576 1188 tia
607 1133 838 1202 Spiritus
863 1128 1030 1184 sancti
1056 1132 1357 1196 praiveutus
1380 1163 1394 1187 ,
1424 1124 1478 1186 in
1517 1119 1732 1174 consilio
1781 1117 2057 1188 impiorum

506 1243 605 1278 mm
645 1223 771 1276 abiit
801 1262 815 1286 ,
853 1231 900 1275 et
928 1220 980 1275 in
1015 1221 1097 1275 via
1150 1224 1476 1288 peccatorum
1497 1212 1507 1223 ”
1525 1230 1629 1267 non
1665 1212 1822 1274 stetit,
1879 1226 1969 1263 nec
1999 1209 2057 1261 in

504 1315 747 1368 cathedra
773 1312 1062 1369 derisorum
1088 1307 1313 1363 consedit
1342 1304 1471 1359 :sed
1501 1303 1555 1356 in
1584 1302 1691 1371 lege
1723 1300 1933 1354 Domini
1957 1297 2057 1366 fuit

503 1404 740 1457 voluntas
779 1403 892 1472 ejus
934 1399 1243 1455 confirmata
1272 1400 1326 1450 et
1355 1391 1563 1449 stabilis
1583 1432 1598 1456 ,
1628 1398 1682 1445 et
1711 1388 2056 1458 in‘justiﬂca-

506 1494 736 1547 tionibus
771 1489 884 1560 ejus
914 1489 1188 1543 meditatio
1221 1484 1363 1538 illius
1385 1481 1469 1536 die
1492 1479 1787 1549 permansit
1813 1492 1874 1531 ac
1901 1483 2074 1530 nocte

505 1581 676 1651 (Psal.
707 1599 747 1647 ι,
783 1581 832 1646 t,
862 1580 938 1649 ‘2).
972 1578 1166 1631 Beatus
1190 1615 1205 1640 ,
1243 1574 1460 1642 inquam
1485 1612 1499 1636 ,
1547 1569 1634 1624 vir
1666 1569 1790 1633 iste,
1822 1574 1879 1622 et
1911 1564 2057 1619 omni

502 1671 802 1742 posteritati
831 1669 1022 1724 merito
1047 1660 1580 1730 venerandus,quiin
1607 1659 1712 1713 bac
1738 1654 2060 1711 mortalitate

2159 493 2299 550 nim,
2321 487 2462 542 unde
2489 493 2544 540 et
2567 485 2738 541 libens
2766 486 2927 556 petita
2959 486 3240 540 concessit.

2224 601 2280 656 In
2309 603 2494 657 diebus
2520 602 2622 655 illis
2648 600 2868 656 florebat
2905 602 2959 654 in
3002 614 3165 670 regno
3192 600 3523 654 Francorum
3551 598 3714 653 Albi-

2155 708 2287 757 nus,
2315 694 2404 762 qui
2439 701 2491 747 et
2515 692 2792 758 Alcuinus,
2821 693 3035 747 natione
3066 692 3317 761 Anglicus
3339 733 3354 756 ,
3382 690 3716 760 professione

2156 783 2448 838 monachus
2480 772 2543 854 δ’,
2573 781 2758 836 ordine
2807 781 3013 846 Levita,
3042 781 3298 857 dignitate
3337 781 3501 835 abbas
3538 793 3560 820 ε
3594 797 3715 835 mo-

2157 872 2376 926 nasterii
2405 871 2485 923 sui
2517 859 2728 923 Martini
2776 870 3136 944 Turonensis,
3157 870 3338 931 Caroli
3369 869 3511 940 regis
3525 865 3727 941 diagni'

2156 961 2424 1031 quondam
2452 967 2786 1028 prmceptor,
2833 958 2885 1013 in
2923 959 3068 1013 omni
3105 942 3374 1013 varietate
3415 941 3717 1027 scriptura?

2158 1066 2274 1104 rum
2303 1047 2664 1110 doctissimus,
2696 1048 2785 1117 qui
2821 1048 3023 1117 primus
3065 1048 3204 1117 apud
3240 1045 3421 1102 Gallos
3460 1054 3514 1100 et
3545 1045 3740 1107 -ltalos-_

2156 1139 2338 1194 Romae
2367 1138 2394 1178 ά
2419 1178 2435 1202 .
2466 1140 2678 1203 Parisii,
2711 1148 2764 1192 et
2796 1116 3134 1200 Suessionis,
3175 1135 3374 1190 scholis
3425 1137 3718 1190 monacho-
3784 1116 3792 1121 ’

2157 1246 2274 1284 rum
2323 1229 2549 1298 publicis
2589 1229 2841 1298 praelatus
2873 1226 3037 1293 multa
3072 1224 3285 1293 scripsit
3313 1223 3380 1276 ad
3428 1223 3715 1276 utilitatem

2156 1334 2490 1374 communem
2515 1359 2531 1384 ,
2570 1326 2625 1372 et
2664 1306 2850 1386 plures
2896 1315 2949 1367 in
2999 1313 3143 1367 omni
3189 1305 3718 1367 scientiaauditores

2109 1437 2114 1443 ο
2158 1411 2401 1472 educavit
2446 1410 2800 1476 doctissimos.
2845 1407 2927 1460 Ad
2976 1407 3114 1459 hunc
3153 1403 3510 1459 venerabilem
3538 1403 3716 1456 virum

2159 1487 2244 1572 (eo
2282 1509 2517 1571 tempore
2560 1501 2613 1553 in
2641 1500 2772 1554 urbe
2800 1498 2966 1552 Roma
3005 1496 3281 1556 custodem
3296 1500 3355 1548 et
3381 1489 3717 1560 ministrum)
3789 1545 3797 1550 .

2157 1590 2408 1646 Ecclesia:
2442 1589 2816 1643 Lateranensis
2849 1597 2904 1650 θ,
2961 1599 3025 1639 ac
3072 1577 3270 1638 scholis
3321 1581 3710 1660 monachorum

2151 1685 2384 1755 publicis
2419 1683 2790 1753 presidentem
2814 1721 2828 1746 ,
2875 1677 3198 1746 Rathgarius
3237 1675 3402 1729 abbas
3432 1653 3714 1728 devFulda

502 1763 710 1831 positus
739 1800 754 1827 ,
808 1773 987 1814 semen
1033 1758 1228 1811 bonum
1260 1753 1314 1806 in
1362 1746 1823 1804 benedictionibus
1850 1743 2060 1831 Domini
2082 1749 2134 1807 Β
2161 1743 2308 1828 his“
2351 1743 2627 1826 Ba'banum
2654 1787 2778 1825 cum
2813 1743 2932 1828 'ams
2963 1769 2981 1807 ι
3011 1743 3217 1822 duobus
3254 1764 3549 1828 monachis,
3581 1763 3715 1816 “ai-

503 1829 784 1906 seminavit
811 1889 825 1912 ,
873 1848 938 1902 de
964 1859 1069 1914 quo
1096 1857 1234 1896 nunc
1264 1838 1496 1893 fructum
1529 1843 1743 1890 interna:
1787 1829 2070 1896 felicitatis,

503 1941 785 1994 manducat
832 1937 882 1990 in
936 1933 1106 1989 caelis.
1156 1931 1381 1998 Propter
1420 1915 1564 1996 quod
1613 1923 1761 1978 omni
1810 1927 2060 1977 censetur

503 2030 707 2083 honore
735 2028 925 2096 dignus
947 2064 962 2090 ,
996 2039 1058 2077 ac
1094 2021 1414 2089 sempiterna
1469 2014 1725 2071 memoria
1781 2012 2059 2079 celebran-

502 2123 620 2183 dus,
654 2120 743 2188 qui
778 2117 950 2172 factus
980 2115 1218 2169 imitator
1256 2109 1633 2179 discipulorum
1675 2104 1918 2169 Domini,
1964 2102 2061 2158 do-

501 2212 672 2265 ctrina
701 2219 755 2263 et
796 2207 1034 2262 moribus
1061 2206 1363 2259 universam
1393 2199 1682 2256 illustravit
1722 2194 2014 2252 Ecclesium
2041 2233 2056 2260 ,

501 2311 555 2354 et
592 2302 771 2354 varios
824 2297 1196 2377 intermiserunt
1231 2305 1445 2347 errores
1478 2275 1797 2358 disputando
1821 2285 2062 2341 scriben-

503 2393 675 2458 doque
704 2373 999 2444 confutavit
1022 2425 1037 2451 ,
1061 2385 1126 2442 de
1154 2382 1347 2453 quibus
1386 2395 1482 2435 suo
1531 2378 1753 2434 inferius
1774 2377 1902 2432 .loc'o
1939 2373 2061 2445 ple-

503 2480 623 2534 nius
649 2479 842 2533 dicturi
870 2491 1073 2532 sumus.

572 2587 704 2641 Cum
747 2599 883 2655 ergo
922 2585 1110 2638 beatus
1152 2578 1485 2652 Magnentius
1518 2585 1765 2632 octavum
1793 2575 2060 2630 decimum

502 2678 673 2749 :ctatis
711 2691 821 2730 sua:
849 2661 1045 2728 annum
1080 2671 1384 2740 attingeret,
1413 2669 1503 2738 qui
1533 2667 1628 2721 fuit
1656 2667 1944 2722 Dominicaa
1970 2680 2064 2719 na-

505 2769 726 2824 tivitatis
753 2764 1226 2835 octingentesimus
1254 2770 1438 2816 sextus
1470 2773 1538 2824 αι,
1579 2767 1635 2813 et
1661 2757 1957 2812 incredibili
1982 2756 2063 2810 di-

502 2846 743 2915 vinarum
803 2844 1203 2925 Scripturarum
1259 2860 1530 2907 teneretur
1580 2865 1800 2915 amore,
1844 2846 2063 2918 jamque

503 2963 690 3001 omnes
721 2947 1002 3015 deputatas
1048 2944 1146 2998 sibi
1193 2945 1435 2997 doctores
1464 2949 1624 3009 atque
1653 2939 1937 3009 magistros
1978 2936 2062 2992 vel

2155 1875 2312 1917 mene
2339 1869 2395 1916 et
2423 1861 2699 1918 Diedone;
2734 1873 2959 1928 quorum
3003 1856 3156 1927 prior
3201 1855 3482 1923 episcopus
3526 1861 3716 1922 postea

2156 1950 2257 2006 fuit
2281 1954 2336 2007 in
2363 1952 2666 2006 Halberstat
2687 1990 2704 2017 ,
2731 1950 2996 2022 posterior
3021 1962 3149 2002 vero
3177 1946 3390 2000 Rattoni
3420 1946 3473 1998 in
3500 1945 3718 2001 abbatia

2156 2047 2406 2102 Fuldeusi
2447 2048 2673 2100 fratrum
2714 2046 2974 2099 electione
3003 2042 3282 2096 successit.
3316 2039 3539 2094 Albinus
3586 2052 3720 2110 ergo

2157 2141 2350 2194 missos
2382 2139 2448 2193 ad
2482 2153 2540 2192 se
2582 2136 2874 2190 monachos
2896 2135 2961 2188 de
2983 2131 3150 2188 Fulda
3173 2131 3274 2184 sub
3309 2128 3602 2200 magisterii
3632 2127 3717 2182 sui

2159 2228 2327 2295 ferula
2345 2227 2665 2295 suscipiens,
2681 2238 2892 2278 omnem
2909 2223 3054 2276 .circa
3075 2220 3192 2274 illos
3214 2218 3544 2287 diligentiam
3566 2216 3719 2270 adbi-

2157 2321 2294 2383 buit,
2343 2327 2398 2372 et
2445 2315 2604 2370 nullis
2628 2329 2728 2384 pro
2769 2312 2967 2367 salubri
2999 2324 3183 2364 eorum
3216 2308 3545 2361 institutione
3574 2304 3721 2362 labo-

2152 2413 2306 2466 ribus
2355 2409 2614 2479 pepercit.
2665 2407 2947 2460 Babanurn
3003 2410 3224 2464 tamen,
3295 2414 3454 2479 quem
3482 2398 3717 2452 caeteris

2146 2477 2454 2557 acutiorem
2498 2499 2708 2569 ingenis
2744 2495 2977 2560 videbat,
3014 2477 3359 2564 propensiore
3387 2490 3562 2545 studio
3587 2504 3721 2559 pro-

2159 2592 2480 2662 sequebatur
2506 2586 2732 2642 docendi
2764 2626 2779 2652 ,
2805 2593 2864 2640 et
2891 2583 3145 2654 singulari
3183 2597 3309 2635 cura
3344 2578 3722 2634 sollicitudinis

2160 2685 2304 2740 circa
2356 2682 2503 2735 illum
2534 2679 2803 2750 vigilabat.
2851 2676 3020 2730 Annis
3067 2689 3162 2729 se:
3203 2672 3479 2727 continuis
3519 2673 3544 2711 ε
3577 2669 3724 2739 apud

2159 2773 2407 2828 Albinum
2449 2770 2761 2842 magistrum
2793 2767 3042 2822 Rabanus
3069 2761 3490 2818 studiosissimus
3510 2759 3725 2814 auditor

2162 2873 2320 2931 atque
2375 2859 2668 2931 discipulus
2717 2860 2896 2913 Roma:
2945 2854 3242 2925 permansit
3271 2892 3287 2916 ,
3347 2862 3403 2905 et
3445 2847 3726 2905 discendis

2164 2951 2456 3022 Scripturis
2489 2950 2808 3004 indefessum
2839 2946 3071 3002 studium
3101 2943 3314 2998 sedulus
3350 2939 3624 3011 impendit.
3663 2938 3722 2991 In

505 3033 1066 3134 militasset,vcletiatn
1091 3038 1396 3134 superasset
1413 3028 1709 3134 eruditione
1729 3026 2060 3090 etdoctrina,
2085 3071 2135 3134 C
2163 3043 2249 3097 his
2303 3040 2507 3095 artibus
2557 3045 2792 3108 septem,
2841 3051 2974 3104 quas
3029 3033 3355 3103 ρεοίεεεοπρε
3411 3028 3723 3085 earumdem

484 3143 603 3190 .nec
652 3135 828 3179 tamen
878 3124 927 3177 in
975 3123 1094 3184 his,
1136 3120 1203 3174 ad
1247 3125 1367 3189 quae
1410 3117 1658 3173 discendo
1705 3124 2059 3186 pervenerat,

509 3224 686 3284 posset
714 3227 832 3267 esse
867 3218 1182 3273 contentus,
1231 3208 1324 3262 sed
1368 3221 1466 3276 pro
1515 3205 1880 3275 magnitudine
1925 3204 2066 3259 desi-

509 3302 642 3355 derii
688 3301 767 3354 sui
805 3299 872 3352 ad
915 3299 1117 3368 majora
1164 3297 1303 3351 sacri
1331 3297 1490 3350 studii
1519 3310 1714 3350 arcana
1744 3293 2062 3358 festinaret,

511 3394 680 3445 locum
713 3392 778 3443 ad
833 3398 1042 3458 tempus
1089 3385 1592 3456 mutareprofectus
1619 3399 1783 3439 causa
1809 3385 2062 3438 decrevit.

486 3448 642 3553 [Nam
669 3495 732 3533 eo
763 3489 1001 3547 tempore
1029 3478 1258 3531 studium
1291 3477 1584 3530 litterarum
1612 3475 1870 3546 generale,
1909 3475 2065 3530 sicuti

509 3549 690 3636 postea
725 3607 740 3631 ,
789 3567 1012 3620 necdum
1059 3566 1108 3618 in
1163 3564 1413 3618 Fuldensi
1462 3561 1785 3616 monasterio
1835 3549 2102 3641 vigebati]

514 3653 756 3707 Monachi
805 3653 1001 3706 etenim
1052 3652 1236 3704 lnimili
1287 3650 1683 3718 Scripturarum
1720 3649 2067 3719 intelligentia

513 3743 747 3798 contenti
775 3783 788 3807 ,
827 3742 1063 3795 moribus
1086 3755 1292 3810 graves,
1322 3749 1375 3794 et
1406 3740 1780 3794 subrusticana
1816 3737 2069 3807 simplici-

515 3842 622 3886 tate
671 3833 857 3885 imbuti
887 3871 901 3894 ,
951 3832 1137 3884 altiora
1184 3832 1421 3885 scientia:
1448 3831 1623 3884 studia
1651 3845 1754 3883 non
1785 3830 2064 3884 curabant.

517 3919 666 3975 Unde
710 3920 1051 3974 beatissimus
1091 3919 1301 3989 juvenis
1327 3934 1445 3972 cum
1476 3933 1573 3986 pro
1597 3918 1794 3988 ingenti
1825 3917 2069 3986 Scriptu-

516 4027 697 4064 rarum
751 4011 1056 4074 desiderio,
1110 4020 1328 4078 propter
1376 4009 1756 4078 magistrorum
1793 4009 2068 4077 penuriam

516 4102 750 4152 animum
799 4115 952 4152 suum
994 4100 1046 4152 in
1098 4099 1312 4167 proprio
1339 4098 1534 4152 satiare
1589 4098 1914 4151 monasterio
1963 4111 2070 4150 non

516 4199 714 4256 posset,
731 4189 993 4255 sciretque
1020 4188 1362 4256 Rathgarium
1393 4202 1449 4240 se
1475 4196 1744 4254 pastorem
1771 4187 1968 4241 habere
1993 4186 2072 4240 fa-

517 4278 829 4341 vorabilem,
851 4277 1078 4345 quadam
1115 4277 1200 4329 die
1230 4280 1294 4330 ad
1318 4277 1481 4344 pedes
1507 4277 1621 4346 ejus
1641 4278 1987 4346 provolvitur,
2018 4288 2072 4334 et

2165 3127 2411 3182 liberales
2460 3135 2688 3189 vocant,
2742 3123 2911 3178 evasit
2957 3121 3335 3184 doctissimus,
3382 3126 3438 3172 et
3471 3117 3526 3170 in
3575 3116 3723 3171 omni

2164 3215 2424 3280 scientia,
2477 3221 2588 3267 tam
2634 3213 2931 3266 divinarum
2969 3224 3128 3278 quam
3166 3209 3520 3262 humanarum
3558 3204 3725 3259 tradi-

2165 3308 2408 3368 tionum,
2457 3322 2560 3360 non
2607 3313 2725 3358 erat
2773 3303 2847 3356 illi
2896 3301 3177 3356 secundus.
3223 3298 3506 3351 Enimvero
3557 3310 3720 3363 quam

2163 3395 2405 3448 eruditus
2453 3393 2612 3446 fuerit
2655 3392 2706 3445 in
2755 3389 3142 3460 grammaticis,
3199 3388 3251 3440 in
3295 3383 3619 3447 rhetoricis,
3670 3383 3720 3435 in

2165 3483 2372 3552 logieis,
2406 3483 2458 3535 in
2489 3480 2840 3534 arithmeticis
2862 3519 2877 3544 ,
2910 3479 2962 3531 in
2991 3475 3328 3546 geometricis
3359 3514 3374 3539 ,
3418 3474 3471 3527 in
3499 3474 3724 3545 poeticis

2164 3577 2220 3623 et
2248 3569 2484 3633 musicis,
2516 3567 2569 3621 in
2600 3566 2971 3621 astronomicis
2993 3574 3046 3619 et
3067 3559 3482 3625 mathematicis,
3521 3561 3574 3615 in
3598 3560 3726 3630 phy-

2166 3657 2291 3713 sicis
2318 3666 2372 3712 et
2401 3657 2797 3729 metaphysicis,
2828 3656 2880 3708 in
2909 3654 3291 3724 philosophicis
3315 3661 3370 3708 et
3391 3651 3727 3720 theologicis,

2162 3747 2222 3802 in
2264 3748 2511 3801 humanis
2551 3762 2761 3816 quoque
2807 3754 2862 3799 et
2908 3745 3136 3808 divinis,
3173 3743 3477 3811 quicunque
3515 3740 3730 3810 plenius

2168 3836 2464 3906 intelligere
2495 3836 2793 3900 desiderat,
2848 3832 2962 3901 ejus
3004 3832 3274 3887 volumina
3298 3871 3312 3894 ,
3345 3847 3464 3900 qua:
3489 3838 3545 3884 et
3570 3829 3729 3898 plura

2167 3934 2291 3999 sunt
2318 3935 2372 3980 et
2396 3925 2788 3995 elegantissima
2814 3963 2828 3987 ,
2857 3922 3161 3992 diligentius
3186 3920 3440 3975 revolvat.
3467 3919 3526 3972 lu
3548 3920 3731 3986 dispuo

2170 4018 2329 4075 tando
2354 4017 2483 4070 tanti
2515 4015 2614 4068 fuit
2637 4013 2896 4069 acuminis
2923 4053 2937 4075 ,
2981 4019 3040 4064 ut
3085 4011 3322 4065 omnium
3360 4008 3728 4077 sophistarum

2169 4105 2624 4162 nominatissimus
2669 4102 2956 4156 haberetur
3005 4108 3059 4154 et
3107 4107 3267 4153 esset.
3313 4097 3502 4162 Unde,
3554 4095 3726 4149 veluti

2169 4197 2304 4250 alter
2339 4193 2703 4263 Augustinus,
2757 4191 3129 4244 haereticorum
3181 4196 3355 4242 terror
3394 4196 3448 4240 et
3498 4186 3730 4240 malleus

2169 4293 2304 4350 erat,
2329 4299 2460 4352 quos
2485 4296 2670 4337 omnes
2727 4277 3290 4347 facilieongressione
3339 4276 3625 4345 superabat
3669 4284 3730 4329 et

520 4373 644 4439 ‘Il'id
678 4372 896 4424 haberet
927 4371 978 4422 in
1006 4370 1184 4422 animo
1229 4384 1435 4423 summa
1483 4385 1603 4424 cum
1633 4372 1930 4426 humilitate
1959 4382 2072 4426 ma-
2095 4409 2149 4468 D
2171 4376 2318 4429 vicit.
2357 4375 2423 4427 Et
2451 4389 2570 4427 cum
2595 4381 2794 4425 tantam
2833 4371 3068 4424 omnium
3097 4369 3439 4424 scientiarum
3460 4377 3603 4422 esset
3627 4383 3728 4421 co-

522 4461 768 4514 nifestum
802 4460 1000 4513 faciens
1030 4499 1044 4523 ,
1076 4474 1390 4513 consensum
1435 4460 1516 4513 sui
1547 4462 1690 4514 senis
1735 4462 2065 4528 deprecatur.

522 4551 726 4603 Placuit
762 4550 946 4617 petitio
997 4549 1345 4601 adolescentis
1374 4549 1585 4612 abbati;
1619 4557 1672 4602 et
1716 4551 1936 4603 consilio
1989 4565 2070 4603 se-

524 4641 731 4692 niorum
778 4638 1010 4690 adhibito
1039 4677 1052 4700 ,
1104 4636 1311 4689 fatilem
1341 4637 1629 4703 postulanti
1665 4640 1809 4692 dedit
1848 4655 2073 4694 consen-

525 4744 660 4782 sum.
684 4727 942 4780 Cernebat
965 4727 1106 4778 enim
1131 4727 1306 4778 senior
1333 4728 1676 4794 providus,ut
1697 4710 1852 4796 paulo
1872 4730 2070 4783 dictum

526 4826 608 4869 est
657 4817 804 4885 prius
832 4857 844 4881 ,
880 4815 1104 4886 gratiam
1138 4814 1188 4867 in
1219 4829 1284 4868 eo
1315 4814 1552 4869 relucere
1599 4800 1870 4877 divinam,
1923 4818 2073 4898 cujus

597 5023 624 5052 ο
657 5009 911 5065 Alcuinus
937 5027 1021 5062 an.
1053 5011 1157 5064 804
1190 5019 1432 5064 mortuus
1455 5019 1538 5064 est
1564 5029 1575 5062 :
1605 5011 1671 5063 ad
1694 5026 1851 5079 quem
1881 5013 2074 5066 missus

527 5089 608 5134 est
634 5080 885 5133 Rabanus
918 5095 1005 5131 an.
1037 5080 1157 5132 802.
1219 5111 1225 5118 -

598 5151 625 5188 δ
656 5149 709 5201 In
764 5149 1013 5202 Chronol.
1072 5148 1363 5201 Turoneusi
1397 5149 1592 5201 dicitur
1635 5150 1907 5202 canonicis
1951 5165 2071 5216 pro-

531 5218 691 5271 fuisse
721 5232 733 5267 :
761 5219 825 5269 de
855 5217 1171 5270 monachatu
1196 5216 1310 5281 ejus
1335 5216 1490 5269 silent
1519 5218 1743 5285 antiqui.

601 5299 621 5322 ε
664 5286 718 5337 ln
750 5286 974 5338 concilio
1011 5287 1249 5339 Romano
1278 5286 1400 5337 anni
1441 5286 1540 5338 799
1569 5288 1664 5339 sub
1691 5287 1866 5339 Leone
1889 5286 1951 5339 Ill
1980 5287 2072 5338 ha-

531 5357 689 5472 bito?
709 5353 999 5434 appellatur
1026 5393 1040 5415 ,
1067 5353 1274 5407 actione
1299 5355 1355 5418 2,
1384 5352 1539 5408 abbas
1571 5357 1864 5408 monasterii
1896 5357 2075 5409 Sancti

537 5461 546 5472 ι
591 5442 650 5472 ur
677 5440 766 5472 im.

537 5433 766 5474 Murtmt.

597 5491 620 5528 ιι
666 5489 918 5544 Docuisse
942 5490 1220 5543 Aleuinum
1265 5493 1316 5544 in
1366 5491 1512 5544 Italia
1562 5491 1760 5552 Romm.
1797 5495 2070 5546 autetiam

534 5557 694 5611 Paris.
727 5559 1078 5626 autAugustzc
1106 5557 1482 5629 Suessionum,
1515 5562 1650 5628 apud
1680 5563 1924 5628 antiquo»
1970 5579 2069 5613 non

2173 4467 2314 4536 piam
2365 4465 2607 4534 adeptus,
2639 4478 2904 4530 nunquam
2951 4470 3128 4513 tamen
3183 4461 3235 4512 in
3281 4459 3581 4526 superbiam
3622 4457 3732 4512 fuit

2174 4555 2362 4618 elatus,
2394 4568 2662 4624 nunquam
2689 4567 2785 4607 suo
2815 4566 2871 4604 se
2902 4549 3102 4616 judicio
3133 4549 3359 4600 inaniter
3388 4562 3547 4614 super
3590 4546 3731 4600 alios

2173 4646 2390 4708 extulit,
2421 4637 2687 4715 nunquam
2709 4643 3060 4715 simpliciores
3081 4652 3138 4700 et,
3157 4641 3330 4693 minus
3352 4639 3403 4691 in
3433 4637 3732 4705 Seripturis

2175 4734 2413 4789 eruditos
2461 4733 2630 4802 etiam
2665 4717 2855 4798 leviter
2880 4730 3214 4797 contempsit.
3255 4728 3310 4780 In
3337 4741 3460 4780 vera
3493 4738 3729 4793 namque

2177 4824 2477 4879 humilitate
2492 4823 2740 4876 fundatus
2755 4817 3330 4886 monastica,-parVulus
3351 4819 3405 4872 in
3427 4817 3595 4872 oculis
3611 4817 3727 4870 suis

2177 5022 2415 5092 legimus.

2251 5106 2272 5131 ο
2317 5092 2435 5144 llaec
2467 5089 2772 5143 omnimodo
2801 5088 2970 5150 falsa;
3010 5085 3219 5153 occasio
3257 5084 3554 5153 errorisex
3599 5095 3727 5134 car-

2179 5163 2319 5214 mine
2358 5161 2501 5227 eperi
2534 5161 2597 5210 de
2625 5159 2791 5211 Cruce
2817 5156 3030 5227 praefixo
3057 5151 3158 5227 non
3188 5157 3328 5227 recte
3364 5151 3645 5227 intellecto.

2254 5231 2266 5267 ¹
2313 5219 2421 5281 lino
2462 5243 2579 5281 cum
2630 5227 2787 5279 unico
2817 5219 3003 5279 solum
3049 5224 3192 5277 socio
3252 5221 3478 5274 llattone
3528 5219 3726 5272 missus

2175 5308 2274 5360 est,
2307 5313 2408 5350 non
2439 5297 2680 5360 Romam,
2709 5296 2798 5349 sed
2821 5296 2884 5347 ad
2917 5292 3296 5347 monasterium
3329 5289 3637 5342 'l‘uroncnse
3659 5287 3720 5340 S.

2176 5366 2402 5418 Martini.
2467 5373 2487 5380 ’

2247 5436 2370 5554 εᾶι
2407 5435 2646 5513 secundo
2688 5449 2824 5486 anno
2869 5431 3140 5501 regiminis
3173 5429 3443 5498 Ratligarii
3483 5435 3730 5480 mortuus

2272 5531 2285 5554 ;
2339 5519 2542 5554 t'ttttttts.

2171 5514 2246 5556 est
2272 5514 2542 5555 :\It‘ltltlll§.
