3940 6318
194 345 296 417 77'

1536 384 2064 446 PROLEGUMLNA.

3347 427 3413 482 78

185 478 1192 555 λββθτθδθίνείαυδηδοωεὲοτθιεῐίιίίν
1209 496 1756 564 ωηιοδθρθτθωριίυε
1782 497 1833 557 Α
1857 511 1998 556 anno
2021 503 2265 562 videlicet
2302 511 2529 569 abbatiae
2555 517 2828 592 Rathgarii
2873 534 3151 586 memorati
3193 547 3404 594 octavo.

189 562 490 594 ΙιηΜὶΙζιιο-ἶι
561 567 788 594 ΜΑ--..ΑΔ
823 576 950 594 Α-εμ.-
1042 593 1068 594 η
1095 593 1103 594 ,
1219 580 1233 594 ι
1256 580 1271 591 ι
1376 583 1388 594 ο
1467 583 1500 594 -.
1663 586 1674 594 .
1860 589 1882 594 ..
2072 592 2084 594 ,

1620 562 1633 564 “
2324 562 2527 569 ⁷’⁷“””“”’”
2555 562 2828 592 ἰιι-ιιδυιιιι
2873 562 2920 582 ιιι

189 562 512 621 bumiliavit.
559 567 790 626 Noverat
817 576 988 643 enim,
1027 580 1275 633 monachi
1314 583 1590 638 scientiam
1632 586 1747 642 sine
1848 589 2014 656 Quem
2059 592 2255 651 fratres
2279 615 2401 654 cum
2429 619 2618 676 magna
2643 612 2920 670 Chai-italis

189 666 315 676 ..Α-ι.
347 655 639 676 ι....ηε.,.-
737 675 745 676 ,
778 662 833 676 ,-o
1021 666 1034 676 ο
1071 667 1084 676 .
1280 666 1283 668 »
1507 671 1521 676 _
1552 672 1562 676 -
1596 674 1604 676 _

187 666 318 706 vera
347 655 648 713 humilitate
671 662 865 716 mentis
885 666 1236 733 perniciosam
1263 666 1394 724 esse.
1419 671 1696 727 stultitiam
1724 714 1741 738 ,

154 2083 517 2150 mancipasset
563 2086 836 2157 obsequio,
870 2093 1108 2164 nihilque
1136 2083 1189 2150 in
1222 2099 1326 2155 hoc
1351 2105 1549 2158 mundo
1573 2121 1716 2176 qum-

151 2177 319 2234 reret,
343 2172 476 2225 nihil
501 2172 719 2242 cuperet
742 2177 827 2231 vel
863 2187 1090 2249 optaret,
1131 2186 1233 2240 nisi
1261 2188 1428 2256 Deum
1460 2172 1631 2249 solum
1659 2204 1715 2250 et

153 2260 434 2314 scientiam
464 2262 862 2336 Scripturarqm
884 2308 901 2336 ,
928 2271 1144 2341 dignum
1171 2291 1230 2330 se
1258 2277 1471 2336 Christo
1507 2287 1711 2342 studuit

143 2348 404 2405 exhibere
427 2352 730 2408 ministrum
753 2395 770 2420 ,
813 2372 843 2410 a
886 2374 992 2427 quo
1040 2373 1263 2430 noverat
1309 2380 1467 2424 omne
1509 2371 1710 2428 donum

141 2439 470 2495 mortalibus
510 2446 793 2511 provenire
843 2443 1158 2524 perfectum.
1209 2453 1432 2526 Semper
1478 2463 1707 2532 aliquem

145 2525 342 2582 divina:
367 2527 616 2585 lectionis
642 2534 877 2590 codicem
909 2541 1154 2596 versabat
1176 2544 1230 2598 in
1260 2549 1506 2605 manibus
1528 2592 1542 2618 ,
1571 2569 1708 2610 sem-

137 2629 244 2682 per
271 2617 324 2672 in
353 2621 643 2692 semetipso
688 2624 787 2680 sibi
823 2627 998 2684 unitas
1027 2630 1232 2702 [Forte,
1267 2639 1469 2714 unitus]
1502 2644 1726 2717 aliquid,

129 2708 467 2776 operabatur
488 2709 639 2767 bona:
662 2717 1004 2784 operationis.
1028 2721 1094 2776 Et
1118 2739 1290 2807 neque
1317 2708 1503 2788 diebus
1529 2708 1702 2805 neque

133 2893 436 2955 pturarum.
469 2889 600 2945 Nam
637 2904 833 2963 praeter
863 2898 990 2954 illud
1024 2909 1252 2972 tempus,
1289 2910 1429 2988 quod
1472 2914 1559 2968 vel
1609 2916 1695 2970 in-

127 2979 404 3036 evitabilis
430 2987 724 3043 necessitas
760 2993 1062 3061 requirebat
1098 2983 1334 3066 naturze,
1387 3005 1472 3058 vel
1526 3007 1694 3063 divini

129 3069 314 3125 cultus
347 3074 843 3146 ratimpostulabat,
871 3085 1014 3160 quod
1044 3086 1303 3157 reliquum
1328 3100 1447 3147 erat
1475 3135 1489 3160 ,
1534 3112 1693 3154 omne

130 3150 534 3222 Scripturarurn
569 3162 746 3216 studio
782 3150 1120 3235 impendebat
1141 3150 1176 3235 ,’
1211 3173 1370 3243 idque
1419 3150 1692 3265 totumse
1716 3167 1763 3229 ε

127 3243 423 3302 arbitratus
462 3251 780 3319 perdidisse,
813 3259 952 3325 quod
980 3260 1135 3316 aliter
1168 3278 1327 3342 quam
1358 3268 1412 3322 in
1450 3272 1545 3326 Dei
1577 3262 1692 3329 lau-

127 3336 287 3392 dibus
313 3379 330 3405 ,
384 3349 479 3395 aut
528 3346 700 3400 sacris
763 3346 954 3404 fuisset
1011 3338 1329 3411 lectionibus
1376 3374 1684 3430 expensum.

124 3419 417 3495 Propterea
447 3429 658 3499 quoties
699 3435 767 3490 ab
807 3439 1106 3498 actionibus
1147 3453 1356 3514 poterat
1379 3419 1570 3509 vacare
1591 3471 1688 3524 pu-

124 3510 303 3579 blicis,
342 3517 454 3571 suis
486 3520 690 3577 utiliter
725 3524 1007 3581 insistebat
1051 3510 1306 3601 privatis,
1370 3510 1688 3613 semperque

121 3602 371 3658 oratione
435 3610 718 3675 praemissa
758 3616 976 3686 speciali
1043 3619 1326 3680 devotione
1371 3602 1566 3687 meritis
1597 3602 1685 3690 -ad

119 3689 314 3756 Deum,
343 3702 435 3747 aut
461 3696 606 3767 legit,
637 3709 730 3755 aut
753 3705 989 3774 scripsit,
1012 3718 1105 3764 aut
1121 3710 1386 3782 legentem
1413 3719 1466 3773 in
1486 3723 1684 3801 scholis

115 3780 372 3838 Albinum
407 3788 608 3844 audivit
636 3795 971 3864 magistrum.
1001 3799 1095 3856 His
1123 3780 1271 3859 illum
1311 3811 1480 3865 sacris
1500 3799 1678 3869 inten-

112 3879 233 3926 tum
264 3877 486 3944 studiis,
530 3890 587 3934 et
620 3883 736 3938 sine
775 3887 1171 3950 intermissione
1190 3901 1568 3960 continuanter
1591 3923 1681 3964 oe-

109 3971 394 4031 cupatum,
423 3983 614 4040 magna
652 3973 747 4028 Dei
771 3977 1049 4036 miseratio
1075 3996 1391 4046 cunctarum
1417 3981 1676 4054 virtutum

111 4052 393 4110 decoravit
437 4069 628 4116 ornatu
657 4104 688 4129 ,.
728 4070 1058 4142 contulitque
1093 4081 1297 4146 optanti
1341 4095 1555 4141 sensum
1580 4105 1679 4158 per

108 4147 294 4199 omnia
318 4155 751 4209 consummatum
781 4159 1108 4232 intelligendi
1143 4166 1471 4241 Scripturas,
1503 4147 1675 4233 dedit-

110 4248 216 4302 que
243 4236 382 4291 bene
404 4240 596 4295 merito
624 4254 930 4303 sanctorum
956 4253 1253 4322 scientiam,
1291 4270 1344 4314 et
1374 4264 1426 4318 in
1467 4269 1674 4340 cunctis

107 4327 363 4393 operibus
403 4330 524 4385 boni
559 4340 1088 4398 consummationem.
1126 4347 1296 4405 Annis
1335 4356 1546 4410 tandem
1576 4373 1670 4413 sex

109 4414 296 4471 Romae
328 4421 469 4489 apud
509 4425 822 4495 magistrum
855 4446 977 4486 cum
1015 4435 1216 4505 ingenti
1264 4441 1520 4499 doctrina:
1546 4464 1669 4516 pro-

104 4502 253 4558 fectu
294 4509 560 4577 expletis,
595 4513 783 4570 beatus
822 4519 915 4574 Dei
954 4502 1182 4581 famulus
1207 4568 1221 4593 ,
1253 4546 1355 4584 una
1388 4549 1509 4588 cum
1545 4502 1670 4592 llai-

106 4610 269 4650 mone
310 4605 365 4652 et
402 4598 634 4656 Diedone
658 4644 672 4667 ,
708 4610 941 4674 pastoris
977 4614 1058 4667 sui
1087 4616 1263 4672 edicto
1294 4635 1576 4679 revocatur
1601 4629 1668 4683 ad

103 4682 372 4742 Fuldense
420 4695 824 4762 monasterium,
853 4699 941 4767 qui
980 4705 1188 4770 tametsi
1220 4709 1385 4764 multo
1416 4682 1666 4771 libentius

101 4775 206 4828 sub
242 4775 538 4834 direCtione
568 4789 918 4854 praeceptoris
948 4790 1001 4843 in
1030 4807 1199 4851 annos
1223 4798 1403 4866 plures
1429 4816 1662 4874 ereptum

93 4866 471 4923 continuasset
496 4875 726 4929 studium
745 4918 759 4942 ,
795 4894 891 4933 suo
921 4889 1094 4938 tamen
1123 4901 1403 4960 promptus
1427 4866 1661 4956 obedivit

102 4955 322 5021 abbati,
375 4960 551 5016 sciens
611 4965 967 5024 obedientiam
1020 4979 1228 5032 cunctis
1277 4989 1661 5044 monachorum

100 5045 394 5110 praevalere
423 5051 731 5118 virtutibus,
763 5072 859 5125 per
891 5074 1050 5128 quam
1091 5067 1258 5122 solam
1303 5072 1405 5127 iter
1430 5082 1663 5144 patescit

99 5133 476 5191 claustralibus
499 5140 567 5192 ad
592 5144 820 5208 patriam
842 5148 1136 5206 caelestem.

167 5224 326 5279 Anno
356 5227 518 5294 igitur
540 5230 830 5288 Dominicaa
873 5235 1176 5299 Nativitatis
1215 5256 1658 5340 octingentesimo

173 5314 412 5340 ΑΛΑΑζ-..ι
446 5329 466 5340 -
543 5319 749 5340 :‘J:_.,~-
808 5337 823 5340 Α
857 5325 894 5340 n

99 5313 416 5370 duodecimo
443 5329 467 5356 α
489 5358 505 5380 ,
541 5319 830 5376 indictione
857 5325 1213 5386 Romanorum
1237 5313 1436 5405 quinta,
1465 5333 1655 5400 beatus

100 5401 355 5458 [tabanus
394 5421 593 5460 annum
632 5425 798 5480 agens
823 5418 1013 5475 aetatis
1051 5431 1299 5488 quartum
1329 5437 1490 5499 atque
1514 5436 1654 5489 vice-

97 5494 313 5555 simum,
340 5498 551 5551 abbatis
573 5500 652 5551 sui
675 5513 936 5572 pmcepto
962 5509 1025 5562 de
1053 5509 1220 5566 Roma
1244 5531 1364 5570 cum
1388 5494 1650 5580 llaimone

97 5593 150 5638 et
201 5583 435 5640 Diedone
483 5589 549 5642 ad
594 5595 971 5649 monasterium
1021 5599 1283 5659 Fuldense
1318 5613 1644 5670 revertitur:

168 5708 189 5733 ι
226 5695 287 5748 Et
316 5691 439 5751 bare
457 5713 719 5754 annorum
754 5704 886 5758 ratio
908 5720 970 5760 ex
999 5709 1156 5766 dictis
1181 5718 1400 5770 corruit.

2947 618 3126 675 laetitia
3156 641 3404 699 suscepe-

1830 690 2011 748 runt,
2060 684 2200 739 dona
2240 691 2552 762 multiplicia
2589 699 2640 753 in
2688 716 2753 756 eo
2803 706 2982 762 divina
3027 712 3349 774 honorantes
3385 741 3395 752 ο

1816 2131 2064 2185 ostendit.
2091 2133 2413 2206 Rathgarius
2433 2158 2667 2214 quoque,
2703 2131 3021 2210 venerabilis
3044 2159 3229 2228 abbas,
3251 2169 3361 2233 qui,

1812 2227 1873 2271 ut
1897 2234 2058 2289 supra
2094 2224 2344 2293 diximus,
2382 2230 2528 2295 illum
2568 2250 2681 2304 prae
2719 2243 2928 2298 caeteris
2954 2249 3154 2304 arctius
3185 2253 3366 2326 dilige-

1812 2305 1899 2326 L-A
2227 2313 2247 2326 ,
2317 2325 2322 2326 γ
2372 2318 2383 2326 ,
2484 2321 2496 2326 -

1810 2305 1902 2360 bat
1927 2347 1942 2372 ,
1980 2309 2094 2377 ejus
2121 2313 2385 2382 profectui
2425 2321 2562 2408 miro
2603 2331 3078 2395 congratulabatur
3130 2305 3359 2408 allec-tit,

1808 2483 2029 2542 idoneus
2057 2500 2202 2545 esset
2248 2507 2594 2568 quoscunque
2638 2510 2692 2556 et
2729 2483 2869 2562 alios
2900 2483 3363 2589 docere,“magni-

1807 2572 1937 2628 ilcas
1979 2580 2332 2648 omnipotenti
2381 2586 2490 2643 Deo
2536 2592 2828 2660 gratiarum
2869 2602 3049 2656 retulit
3097 2572 3356 2679 actiones.

1805 2664 2001 2719 Verum
2030 2677 2089 2722 ut
2110 2671 2455 2730 ecclesiastici
2481 2681 2686 2737 ordinis
2706 2685 2987 2746 collatione
3015 2694 3185 2767 major
3206 2676 3358 2762 esset
3396 2693 3402 2698 ’

1802 2752 2021 2811 Rabauo
2045 2757 2187 2814 inter
2206 2760 2401 2846 fratres
2414 2773 2713 2841 auctoritas
2731 2814 2745 2840 ,
2782 2792 2880 2846 per
2933 2752 3179 2852 singulos
3197 2760 3356 2853 sacri

1799 2931 2070 2990 tricesimo
2096 2940 2270 2994 aetatis
2297 2957 2456 3010 anno,
2493 2948 2560 3001 ad
2593 2953 2942 3012 sacerdotalis
2983 2959 3139 3016 otiicii
3177 2931 3355 3036 digni:

1795 3029 1960 3078 tatem
2004 3029 2285 3094 promovit.
2335 3031 2436 3099 Qui
2470 3038 2750 3111 presbyter
2777 3058 3168 3119 consecratus,
3218 3029 3353 3112 nihil

1793 3119 2030 3187 pristina:
2066 3122 2387 3182 humilitatis
2412 3131 2612 3196 omisit,
2635 3135 2766 3190 nihil
2800 3144 3105 3200 monasticae
3128 3162 3352 3207 conver-

1786 3296 1926 3352 litati
1961 3300 2286 3373 subjiciens,
2337 3318 2502 3366 totam
2550 3317 2617 3371 ad
2662 3296 3346 3388 regularis'observantiam

1789 3384 2085 3457 disciplina:
2119 3395 2358 3450 animum
2380 3405 2692 3470 convertit,
2725 3384 3042 3481 cunctisque
3089 3415 3346 3476 fratribus

1788 3477 1899 3530 suis
1921 3493 1980 3533 se
2004 3481 2544 3554 obsequentissimum
2575 3496 2816 3552 exhibuit
2841 3517 2853 3565 ;
2879 3510 2932 3556 et
2963 3506 3043 3558 vel
3072 3510 3301 3564 orationi
3327 3553 3341 3576 ,

1784 3567 1869 3620 vel
1889 3582 2057 3625 sacrae
2077 3571 2319 3632 lectionis
2345 3581 2522 3636 studio
2543 3598 2755 3665 semper
2774 3589 3008 3647 intentus
3029 3594 3148 3649 fuit.
3177 3597 3340 3666 Cella,

1785 3657 1924 3712 sicut
1975 3663 2126 3729 prius
2177 3673 2262 3718 est
2311 3668 2510 3723 dictum
2539 3710 2556 3735 ,
2602 3661 2893 3742 paradisus.
2910 3668 2984 3738 illi
3017 3686 3257 3751 exstitit,
3289 3699 3343 3744 et
3435 3687 3440 3691 ’

1781 3750 2008 3804 chorum
2033 3753 2373 3821 psallentium
2414 3759 2688 3829 fratrum,
2721 3765 2912 3839 coaliim
2933 3803 2936 3806 η
2959 3750 3249 3840 reputavit
3273 3779 3340 3834 Et

1779 3838 1906 3906 quia
1921 3843 2133 3897 cunctis
2152 3858 2250 3911 pro
2261 3844 2459 3902 Christi
2482 3838 3336 3940 neminebnmiliterv'obsequistu-

1781 3925 1912 3992 duit,
1930 3929 2053 3999 jure
2070 3934 2316 3989 omnibus
2343 3937 2703 3996 dilectusfuit.
2735 3925 3333 4012 Amabant'eumfsancti

1780 4017 2017 4072 seniores
2044 4028 2102 4074 ut
2133 4022 2317 4088 ﬁlium,
2361 4029 2996 4093 venerabantur'smdlosi
3024 4033 3246 4111 juvenes
3275 4056 3335 4101 ιιι

1778 4108 2011 4164 οωιεειίε
2026 4111 2281 4168 doctrinae
2307 4120 2636 4187 magistrum.
2665 4124 2860 4203 Omnes
2881 4135 3098 4201 quoque
3113 4136 3164 4188 in
3193 4151 3335 4193 com-

1777 4199 1923 4252 muni
1973 4201 2132 4257 totius
2179 4204 2325 4259 illum
2383 4210 2652 4280 religionis
2698 4199 3020 4276 monasticze
3066 4225 3330 4283 habebant

1774 4289 2072 4358 exemplum
2097 4332 2112 4356 ,
2143 4301 2200 4348 et
2230 4311 2495 4352 summum
2523 4307 2833 4364 eruditionis
2869 4310 3186 4373 Christianae
3235 4321 3328 4375 do-

1773 4387 2096 4435 eumentum.
2125 4383 2396 4456 Praecipue
2444 4400 2618 4448 tamen
2649 4402 3125 4470 .congralulationis
3150 4411 3325 4466 cilicio

1774 4465 2094 4539 Ratbgarius
2133 4474 2301 4530 abbas
2342 4465 2813 4547 reverendissimus
2838 4494 3158 4560 exsultabat,
3183 4502 3322 4567 quod

1771 4557 1940 4622 illum,
1966 4576 2123 4628 quem
2156 4564 2408 4634 singulari
2438 4577 2856 4641 prosequebatur
2883 4581 3070 4636 affectu
3101 4589 3316 4654 amoris,

1771 4653 1917 4699 tanta
1945 4659 2187 4704 cerneret
2221 4653 2449 4724 insignia
2489 4663 2761 4727 possidere
2791 4667 3064 4724 virtutum.
3105 4674 3171 4728 Et
3195 4687 3318 4732 vere

1769 4733 1958 4803 dignus
2004 4736 2103 4790 fuit
2143 4743 2309 4796 amari
2337 4746 2402 4797 ab
2436 4749 2698 4813 omnibus,
2731 4755 2819 4822 qui
2846 4761 3172 4817 conditorem
3204 4782 3318 4825 om-

1766 4824 1911 4877 nium
1952 4843 2086 4895 puro
2121 4845 2332 4899 semper
2358 4835 2540 4891 dilexit
2565 4839 2775 4895 allectu.
2809 4844 3079 4916 Completa
3122 4856 3221 4910 fuit
3260 4859 3312 4912 in

1765 4912 1856 4966 illo
1886 4914 2088 4981 placida
2131 4919 2216 4972 illa
2244 4931 2456 4978 aeternae
2493 4931 2767 4996 sapientiai
2794 4912 3100 5003 pollicitatio
3131 4946 3311 5002 dicen-

1764 5002 1865 5054 tis:
1887 5002 1996 5073 Ego
2021 5006 2287 5078 diligentes
2314 5029 2393 5066 me
2415 5015 2575 5086 diligo
2599 5033 2618 5068 .'
2639 5030 2686 5073 et
2709 5002 2806 5090 qui,
2818 5042 2967 5080 mane
2991 5031 3313 5099 vigilaverint

1763 5091 1832 5142 ad
1860 5108 1960 5158 me,
1991 5095 2242 5151 invenient
2268 5117 2365 5154 me.
2400 5101 2601 5158 Mecum
2629 5120 2769 5176 sunt,
2805 5113 3000 5184 inquit,
3033 5120 3226 5177 divitia:
3262 5137 3308 5180 et

1760 5179 1927 5250 gloria
1953 5224 1968 5248 ,
2014 5202 2131 5249 opes
2178 5205 2412 5256 superate
2439 5202 2486 5245 et
2506 5194 2737 5261 justitia.
2785 5179 3072 5260 Meliore“
3107 5209 3307 5275 fructus

1759 5291 1902 5326 meus
1935 5291 2064 5327 auro
2100 5287 2148 5330 et
2179 5277 2350 5346 lapide
2394 5283 2616 5350 pretioso
2643 5299 2662 5335 :
2689 5297 2736 5339 et
2764 5292 3021 5357 genimina
3060 5313 3173 5350 mea
3204 5318 3306 5373 ,αν-

1758 5370 1909 5429 genta
1934 5361 2090 5416 electo
2131 5361 2310 5433 (Prov.
2340 5383 2455 5434 vni,
2483 5371 2590 5441 l7).
2620 5374 2810 5429 Dilexit
2838 5379 3088 5438 Rabanus
3109 5369 3303 5464 cteiiim

1759 5451 2070 5516 sapientiam
2119 5451 2212 5507 Dei
2262 5455 2472 5524 Patris,
2522 5462 2671 5529 cuius
2721 5467 2904 5521 notitia
2966 5457 3304 5530 credentibus

1757 5539 1914 5591 datur
1932 5555 2027 5608 per
2048 5541 2203 5596 ﬁdem
2228 5546 2280 5598 in
2296 5546 2585 5616 Scripturis
2597 5555 2795 5608 sanctis
2815 5575 2824 5608 :
2843 5572 3064 5626 quarum
3088 5563 3303 5622 lectioni

1758 5635 1902 5682 tanto
1948 5631 2190 5688 crebrius
2251 5638 2529 5704 incubuit,
2582 5654 2782 5710 quanto
2831 5647 2994 5702 Deum
3045 5653 3305 5728 sincerius
