3940 6318
185 239 250 292 ει
1523 206 2071 275 euomuerit-ma-
3303 216 3405 274 ‘32

186 347 383 412 densis,
414 345 501 398 vir
523 344 656 398 vitae
678 341 1024 411 admirabilis,
1079 346 1131 391 ct
1163 335 1328 390 multo
1361 341 1599 400 tempore
1656 343 1746 380 vo-
1773 329 1824 387 Α
1849 325 2066 383 teferret
2088 327 2363 397 pietatem.
2390 329 2489 397 Qui
2515 337 2679 412 tanto
2707 329 2913 386 facilius
2928 325 3200 407 justitiam
3223 319 3406 389 efvir—

185 439 416 498 luntarie
444 451 542 507 pro
566 435 782 489 Cbristo
808 434 1060 495 inclusus,
1116 426 1388 482 miraculis
1431 436 1740 484 coruscans,

187 527 445 586 nonnulla
485 525 818 594 composuit.’
837 521 1077 583 Carolus,
1121 509 1744 572 monachus'Fuldensis,

185 619 363 688 patria
389 616 632 672 Francus
655 612 932 680 orientalis
948 650 971 676 .,
1002 623 1219 678 magnas
1237 603 1510 674 sapientis:
1547 606 1602 658 et
1626 615 1747 653 eru-

189 708 406 762 dititmis
449 706 630 768 homo,
678 717 836 772 quem
885 699 1084 763 ferunt,
1136 703 1347 750 mortuo
1397 696 1747 760 prmccptore,

191 791 557 865 Meguntinmn
585 792 846 847 meruisse
876 787 1404 857 archiepiscopatum
1437 795 1508 846 ει,-
1535 788 1591 836 et
1617 795 1751 832 non-

192 883 337 937 nulla
365 881 596 938 edidisse
625 879 926 935 volumina.-
943 875 1207 930 Altfridus
1232 875 1282 937 b,
1309 871 1603 926 monachus
1626 868 1751 921 Ful-

193 974 393 1038 densis,
420 973 591 1043 patria
639 969 960 1032 Saxonieus,
1008 966 1143 1020 mira
1172 965 1456 1018 sanctitate
1478 968 1535 1016 et
1572 959 1752 1014 erudi-

192 1066 339 1120 tione
361 1063 576 1132 clarus,,'
593 1061 794 1129 Deique
819 1057 967 1117 verbi
1009 1054 1326 1125 praedicator
1347 1052 1590 1122 egregius
1611 1090 1626 1116 ,
1659 1051 1748 1118 qui

192 1155 259 1209 de
300 1153 466 1210 Fulda
503 1152 700 1206 missus
747 1150 812 1203 ad
856 1147 1059 1202 Novam
1104 1145 1163 1199 in
1189 1143 1438 1216 .Saxonia
1467 1141 1750 1197 Corbeiam

194 1246 565 1303 scholasticus,
609 1233 794 1310 postea
825 1247 1076 1308 "quartus
1102 1233 1608 1304 Hildelsheymensis
1648 1247 1752 1286 vec—

193 1337 373 1392 clesize
404 1332 643 1404 pontifex
695 1331 996 1398 ordinatur.
1047 1327 1246 1386 Omnes
1273 1324 1614 1396 praescriptos
1644 1322 1752 1374 Ra-

193 1426 318 1482 bani
357 1424 495 1494 apud
533 1421 752 1477 Fuldam
780 1421 1016 1490 insignes
1049 1416 1356 1486 discipulos,
1408 1413 1754 1483 Meginfridus

195 1502 545 1570 historiarum
580 1512 810 1581 scriptor
853 1515 1256 1570 commemorat,
1287 1513 1342 1560 et
1381 1505 1528 1558 varia
1558 1504 1754 1557 dicitur

195 1604 478 1675 scripsisse
508 1602 779 1672 opuscula.
817 1601 892 1654 Ex
920 1595 1039 1653 aliis
1071 1611 1283 1667 quoque
1322 1594 1582 1649 coenobiis
1603 1593 1754 1647 adse

1826 421 2016 472 totum
2042 417 2444 477 observantiam
2476 405 2801 489 persuadere
2843 405 3276 489 postue-quanto
3309 438 3405 480 eas

1846 520 1952 559 non
1980 507 2140 562 modo
2169 510 2368 574 verbis,
2399 511 2491 566 sed
2518 512 2690 568 etiam
2704 504 2963 579 operibus
2979 505 3397 573 demonstravit.

1848 595 2182 664 Singularem
2208 598 2442 654 habebat
2459 600 2682 655 docendi
2706 601 2952 670 gratiam,
2975 609 3030 652 et
3055 600 3402 668 persuadendi

1849 684 2136 738 maximam
2165 687 2494 744 facilitatem.
2523 689 2660 744 Nam
2708 699 2769 745 et”
2797 691 3020 762 ingenio
3040 690 3142 745 fuit
3194 681 3401 756 acutus,

1848 783 1906 828 et
1941 774 2184 836 facundia
2221 779 2471 845 disertus,
2499 796 2631 836 voce
2673 795 2884 852 quoque
2908 782 3104 836 -ωιωιὶ
3149 791 3402 843 sonoros,

1849 872 1905 918 et
1926 865 2156 933 quadam
2182 865 2829 936 gravitate‘venerandus.
2851 871 3016 931 .Unde
3037 865 3244 940 quoties
3271 873 3407 925 ratio

1851 955 2155 1023 pestulavit,
2183 957 2292 1014 sola
2312 959 2484 1026 potuit
2507 973 2638 1014 voce
2652 961 3187 1030 :vterrercrimprobos,
3220 969 3275 1015 et
3301 975 3410 1015 non

1851 1046 2024 1099 minus
2075 1046 2374 1102 humilitate
2415 1049 2648 1104 mulcere
2696 1059 3013 1120 prostratos.
3071 1051 3409 1107 Conveniens

1852 1138 2045 1191 anima:
2077 1139 2230 1193 donis
2258 1155 2473 1209 corpus,
2515 1142 2737 1198 Domino
2763 1142 3036 1212 largiente,
3070 1152 3407 1206 consecutus,

1851 1238 1905 1286 et
1920 1245 2109 1298 magna
2129 1230 2229 1285 fuit
2257 1233 2311 1294 in
2331 1248 2394 1287 eo
2408 1233 2708 1289 dilectionis
2748 1225 3148 1318 auctoritashet
3188 1247 3291 1290 non
3313 1237 3411 1290 mi-

1853 1336 1952 1374 nor
1985 1336 2107 1376 cum
2137 1322 2544 1376 mansuetudine
2570 1322 2902 1378 aﬂ’abilitatis
2938 1319 3265 1378 humanitas.
3296 1324 3410 1390 Qua

1853 1413 2218 1468 moderatione
2243 1414 2312 1468 ab
2337 1413 2694 1468 adolesCentia
2741 1409 3222 1484 tempera‘ntissime
3256 1431 3410 1480 usus,

1853 1505 1909 1552 et
1935 1499 2034 1553 sibi
2064 1499 2380 1568 tranquillus
2404 1501 2630 1566 exstitit,
2675 1510 2731 1556 et
2773 1502 3047 1583 discipulis
3092 1503 3277 1566 doctor
3309 1504 3414 1557 uti.

1855 1591 1940 1656 lis,
1969 1591 2380 1662 fructuososque
2404 1632 2417 1658 ,
2448 1601 2508 1646 ut
2545 1609 2642 1662 pro
2670 1599 2908 1663 tempore
2939 1596 3297 1660 merebantur,
3325 1611 3412 1650 oc-

199 1651 394 1749 mi‘sgos
417 1651 652 1762 insigrnes
678 1667 866 1754 habuit
891 1689 1163 1743 auditores
1193 1651 1409 1750 inultos,
1430 1683 1672 1752 doctrina
1701 1691 1755 1736 et
1781 1651 1830 1712 Β
1860 1681 2048 1757 currit.

200 1783 322 1837 vitae
344 1781 694 1838 sanctimonia
731 1778 1126 1843 celeberrimos,
1155 1790 1382 1846 quorum
1420 1774 1636 1829 nomina
1665 1787 1761 1842 per

201 1882 554 1929 memoratum
593 1872 906 1942 scriptorem
931 1881 1209 1939 expressa,
1250 1883 1357 1922 nos
1382 1867 1543 1934 isthic
1576 1878 1760 1920 amore

199 1963 806 2033 brevitatisomisimus,
833 1972 908 2015 ne
931 1960 1142 2015 taedium
1166 1958 1556 2016 induceremus.
1697 1961 1702 1965 ’

270 2050 491 2116 Curavit
541 2049 703 2105 etiam
756 2050 845 2104 hic
877 2049 1220 2123 beatissimus
1254 2047 1635 2101 menacborum
1676 2047 1759 2101 in-

204 2143 422 2197 stitutor
459 2141 729 2194 auditores
753 2153 879 2194 suos
901 2138 1117 2193 erudire
1147 2151 1252 2190 non
1280 2137 1458 2190 minus
1491 2136 1559 2189 ad
1600 2135 1761 2189 timo-

206 2244 318 2283 rem
364 2228 478 2292 Dci,
530 2235 583 2281 et
610 2227 987 2282 mandatorum
1033 2224 1455 2290 observantiam,
1494 2239 1655 2293 quam
1694 2225 1762 2278 ad

205 2318 608 2389 intelligentiam
637 2316 1038 2387 Scripturarum
1068 2356 1088 2382 ,
1118 2315 1294 2371 sciens
1325 2316 1378 2370 in
1424 2326 1611 2371 sancto
1634 2330 1760 2385 pro-

206 2411 367 2479 pheta
402 2406 590 2461 Daniel
638 2406 897 2476 scriptum
929 2426 940 2459 :
971 2405 1232 2472 Quoniam
1245 2406 1344 2476 qui
1373 2404 1512 2458 docti
1546 2405 1759 2474 fuerint,

206 2497 472 2568 fulgebunt
501 2497 649 2567 quasi
678 2496 920 2567 splendor
948 2497 1297 2565 ﬁrmamenti;
1327 2505 1373 2549 et
1397 2496 1487 2566 qui
1510 2496 1578 2548 ad
1597 2495 1762 2564 justi-

205 2588 333 2640 tiam
368 2586 609 2640 erudiunt
634 2586 846 2651 multos,
870 2588 1019 2658 quasi
1040 2585 1201 2642 stellis
1222 2589 1277 2640 in
1314 2596 1584 2657 perpetuas
1609 2593 1761 2638 teter-

207 2678 394 2730 uitates
435 2676 596 2749 (Dan.
628 2695 723 2742 xu,
759 2678 834 2750 3).
865 2676 1064 2732 Parum
1099 2686 1184 2732 est
1219 2669 1458 2732 enimad
1483 2679 1762 2733 scientiam

206 2765 440 2819 hominis
469 2764 770 2821 claustralis
824 2765 1149 2821 intellectum
1196 2766 1437 2832 erudire,
1466 2767 1568 2824 nisi
1599 2769 1762 2823 etiam

207 2858 423 2911 studeas
446 2872 544 2926 pro
562 2858 764 2912 viribus
801 2855 1049 2913 affectum
1086 2858 1152 2912 ad
1188 2858 1279 2912 Dei
1300 2873 1537 2913 amorem
1574 2874 1762 2915 accen-

207 2946 353 2999 dere.
378 2938 434 2997 In
465 2959 569 3013 quo
597 2945 817 3000 docendi
848 2960 1041 3016 genere
1068 2947 1256 3001 beatus
1294 2947 1481 3002 doctor
1508 2946 1762 3002 Rabanus

207 3053 320 3106 pne
345 3037 556 3091 caeteris
585 3037 894 3092 notabiliter
913 3039 1162 3103 emicuit;
1200 3028 1292 3107 nui
1325 3054 1450 3093 suos
1481 3040 1762 3096 auditores

206 3125 471 3195 imprimis
500 3125 846 3197 adjustitiam
873 3127 1126 3193 erudivit,
1169 3127 1366 3202 quibus
1410 3128 1550 3183 inter
1583 3129 1762 3200 legen-

209 3215 335 3268 dum
360 3215 552 3288 crebro
574 3217 894 3285 persuadere
931 3225 1153 3273 conatus
1187 3227 1271 3273 est
1303 3203 1478 3274 mores
1518 3236 1644 3275 suos
1673 3235 1762 3274 re-

207 3298 484 3373 gularibus
530 3304 885 3361 conformare
912 3307 1295 3374 sanctionibus,
1340 3309 1762 3378 cvangelicisque

207 3403 334 3450 ante
361 3395 539 3449 omnia
589 3411 799 3466 semper
847 3398 1064 3454 obedire
1092 3384 1371 3454 inStitutis.
1420 3400 1608 3457 Docuit
1646 3400 1763 3456 illos

209 3472 467 3539 mundum
496 3492 550 3539 et
591 3499 780 3542 omnes
805 3487 1100 3556 voluptates
1128 3489 1308 3543 carnis
1337 3504 1437 3558 pro
1465 3490 1556 3543 Dei
1583 3505 1765 3545 amore

207 3580 576 3638 centemnere,
603 3577 866 3631 vanitates
896 3575 1231 3633 transitorias
1257 3587 1311 3634 et
1338 3580 1516 3634 meculi
1545 3596 1764 3650 pompas

208 3661 413 3731 fugere,
446 3672 499 3717 et
538 3666 752 3718 omnem
800 3668 1288 3736 concupiscentiam
1337 3669 1655 3725 inordinata;
1683 3687 1765 3726 vo-

208 3747 431 3804 luntatis
477 3751 763 3807 declinare.
797 3754 964 3808 Deum
1010 3771 1141 3824 pura
1182 3765 1358 3812 mente
1400 3772 1560 3826 super
1585 3760 1762 3813 omnia

202 3841 532 3911 diligendum
561 3846 787 3910 monuit,
812 3846 879 3900 ~et
901 3848 1104 3913 sedulo,
1131 3857 1188 3902 ut
1207 3865 1266 3906 se
1297 3853 1766 3907 reminiscerentur

206 3933 529 3998 morituros,
579 3923 850 4004 discipulis
901 3936 1069 3992 lector
1111 3939 1413 3994 inculcavit.
1461 3941 1764 3998 Monasticze

204 4019 481 4090 religionis
507 4030 613 4076 tam
635 4023 874 4079 sincerus
895 4022 994 4080 fuit
1024 4020 1251 4093 amator,
1277 4038 1336 4083 ut
1364 4029 1414 4083 in
1440 4031 1764 4086 auditorium

199 4123 360 4162 suum
385 4111 650 4165 neminem
697 4113 1019 4180 admitteret,
1059 4117 1161 4170 nisi
1190 4118 1339 4187 prius
1379 4129 1619 4190 mentem
1638 4121 1755 4191 ejus

200 4198 612 4269 diligentissime
657 4217 816 4281 super
854 4204 1160 4275 integritate
1206 4208 1560 4265 observantiae
1605 4225 1762 4281 regn-

1929 1770 2168 1828 Fuerunt
2195 1788 2262 1828 eo
2289 1782 2547 1844 tempore,
2593 1774 2906 1846 Meginfrido
2936 1782 3186 1835 testante.
3210 1776 3282 1856 in
3310 1791 3418 1832 emo

1860 1865 2020 1919 nobio
2048 1864 2298 1922 Fuldensi
2328 1868 2574 1923 monachi
2596 1868 2695 1922 sub
2723 1868 2902 1938 regula
2932 1870 3102 1923 'sancti
3126 1864 3417 1935 Benedicti,

1859 1954 2209 2024 omnipotenti
2246 1956 2354 2012 Deo
2399 1952 2478 2010 in"
2509 1971 2715 2018 summa
2769 1958 3027 2027 religiene
3077 1945 3416 2023 famulantes,

1859 2060 2084 2101 numero
2108 2055 2322 2104 centum
2343 2039 2777 2118 ‘quinquaginta,
2806 2049 2894 2118 qui
2928 2063 3134 2112 omnes,
3167 2058 3226 2104 ut
3256 2066 3417 2119 supra

1862 2135 2063 2190 dictum
2090 2143 2190 2200 est,
2221 2151 2252 2192 a
2277 2138 2403 2191 vino
2449 2147 2503 2191 et
2532 2139 2785 2192 carnibus
2833 2139 3188 2194 abstinebant.
3222 2141 3299 2194 Ex
3332 2142 3418 2196 his

1863 2226 2143 2280 duodecim
2173 2227 2241 2281 ad
2265 2227 2461 2292 minus,
2494 2228 2548 2281 in
2598 2229 2743 2282 omni
2774 2229 2997 2283 scientia
3029 2229 3416 2302 scripturarum

1864 2314 2183 2380 doctissimi,
2215 2315 2533 2370 dicebantur
2578 2315 2818 2372 Seniores
2853 2331 2871 2368 :
2915 2333 3140 2387 quorum
3164 2323 3168 2330 ’
3195 2321 3419 2374 consilio

1866 2405 2028 2459 abbas
2051 2405 2103 2458 in
2131 2406 2456 2474 quotidianis
2476 2407 2886 2463 necessitatibus
2911 2405 3261 2471 utebatur,’ut
3288 2404 3422 2479 opus

1865 2512 1978 2550 non.
2002 2504 2144 2550 esset
2172 2498 2480 2552 universam
2505 2497 2729 2568 fatigare
2770 2500 3258 2570 congregationem.
3283 2500 3420 2566 Quo-

1865 2588 1969 2642 ties
1992 2603 2123 2643 vero
2160 2599 2225 2642 ex
2256 2589 2340 2642 his
2387 2589 2664 2643 duodecim
2710 2589 2978 2657 quispiam
3012 2630 3026 2654 ,
3055 2589 3136 2643 vel
3185 2590 3251 2644 ad
3278 2590 3418 2644 aliud

1865 2677 2168 2732 coenobium
2209 2679 2429 2744 missus,
2461 2679 2545 2734 vel
2571 2687 2743 2733 morte
2792 2678 2988 2734 fuisset
3037 2680 3321 2745 sublatus,’
3355 2696 3420 2736 ex

1865 2767 2196 2823 doctioribus
2221 2777 2274 2824 et
2299 2770 2678 2824 sanctioribus
2699 2785 2824 2824 mox
2859 2770 2995 2825 alius
3026 2771 3078 2824 in
3103 2770 3418 2839 ejns_locum

1865 2843 2092 2911 rectoris
2112 2864 2167 2911 et
2187 2857 2458 2912 seniorum
2483 2858 2741 2914 electione
2762 2843 3292 2918 constituebaturlrEt
3307 2861 3420 2918 lucc

1865 2945 2445 3002 laudabilisseniorum
2472 2949 2784 3004 constitutio
2807 2948 2984 3002 multis
3010 2950 3164 3004 annis
3186 2950 3417 3011 duravit,

1861 3034 2098 3104 quandiu
2129 3035 2378 3091 videlicet
2404 3039 2636 3092 studium
2671 3040 3054 3109 scripturarum
3081 3039 3136 3094 in
3167 3026 3417 3094 Fuidensi

1863 3124 2205 3190 monasterio,
2221 3127 2363 3194 quod
2390 3136 2611 3181 sanctus
2633 3127 2886 3183 Rabanus
2901 3128 3211 3198 incoeperat,
3229 3130 3414 3199 viguit.

1859 3213 1965 3268 Ista
1993 3223 2174 3269 autem
2205 3215 2306 3269 fuit
2334 3216 2419 3270 lex
2451 3217 2729 3271 duodecim
2783 3219 3082 3282 doctorum,
3111 3214 3169 3271 ut
3198 3219 3420 3289 singulis

1859 3302 2096 3372 legerent
2127 3305 2317 3373 singuli
2342 3304 2494 3372 juxta
2533 3305 2838 3376 principalis
2881 3308 3274 3384 ordinationem
3299 3324 3415 3362 ma-

1861 3393 2028 3460 gistri,
2067 3395 2158 3461 qui
2187 3408 2397 3462 semper
2450 3395 2636 3449 tertius
2665 3396 2901 3450 decimus
2925 3405 3060 3459 erat,
3097 3405 3151 3450 et
3179 3409 3421 3467 propter-

1862 3495 1923 3536 ea
1948 3481 2184 3534 omnium
2223 3481 2503 3550 deputator
2533 3483 2840 3548 lectionum,
2866 3485 2952 3538 cui
2976 3493 3031 3539 et
3072 3484 3287 3540 obedire
3314 3503 3414 3542 cze-

1863 3570 1961 3624 teri
1986 3577 2106 3639 post
2124 3571 2374 3625 abbatem
2392 3586 2576 3626 omnes
2597 3550 2983 3715 tenebantur;

1932 3659 2097 3714 Fama
2121 3660 2420 3715 sanctitatis
2444 3669 2498 3715 et
2536 3662 2846 3715 eruditionis
2871 3662 2946 3715 Fu
2972 3685 2982 3715 ἱ

1932 3659 2097 3714 Fama
2121 3660 2420 3716 sanctitatis
2444 3669 2498 3715 et
2536 3662 2846 3739 eruditionis
2871 3659 3211 3719 Fulaicnsium
3241 3681 3423 3722 mona-

1864 3750 2106 3814 chorum,
2136 3759 2190 3804 et
2234 3752 2400 3804 sancti
2443 3753 2708 3821 praecipue
2751 3751 2978 3818 Rabani,
3009 3770 3105 3824 per
3153 3764 3321 3809 totum
3366 3771 3423 3812 sc

1866 3852 2087 3908 regnum
2114 3841 2440 3896 Francorum
2475 3843 2681 3913 longius
2715 3843 3072 3911 diffundente,
3120 3831 3256 3903 filios
3294 3865 3420 3905 suos

1864 3928 2014 3996 multi
2042 3929 2244 3984 nobiles
2281 3939 2336 3984 et
2362 3931 2618 4000 ignobiles
2642 3933 2708 3985 ad
2739 3922 3076 3989 serviendum
3117 3937 3337 3992 Domino
3369 3941 3419 3992 in

1863 4033 2047 4072 eorum
2073 4019 2397 4072 consortium
2424 4019 2774 4086 tradiderunt,
2806 4037 2836 4076 e
2867 4025 3060 4092 quibus
3089 4034 3270 4095 postea
3304 4027 3421 4096 plu-

1864 4122 1950 4161 res
1975 4107 2028 4160 in
2049 4106 2333 4161 Germania
2361 4109 2614 4172 Ecclesia:
2635 4112 2914 4180 pontifices
2940 4114 3237 4170 habuerunt
3256 4126 3419 4184 atquc

1861 4197 2403 4268 pastores..chulari
2430 4199 2627 4252 etenim
2657 4202 2996 4256 observantia
3024 4203 3267 4267 durante,
3301 4205 3417 4256 nul-

171 4284 332 4342 'laris
372 4277 903 4357 explorasset-Unde
946 4294 991 4347 si
1018 4310 1152 4363 quos
1197 4306 1375 4353 mente
1402 4309 1495 4355 aut
1539 4277 1756 4371 corpore

1865 4287 2120 4354 losaDei
2161 4287 2377 4340 servitio
2421 4287 2801 4356 repellebatur,
2849 4291 2962 4343 sive
3009 4291 3199 4346 nobilis
3255 4303 3417 4357 esset,
3472 4279 3478 4285 ’

196 4391 368 4447 vagos
399 4417 413 4440 ,
450 4387 504 4430 et
556 4380 622 4432 ad
671 4381 1062 4436 observantiam
1113 4388 1422 4442 monasticm
1466 4388 1758 4460 disciplinae

195 4467 382 4520 minus
413 4468 696 4535 reperisset
738 4469 976 4537 idoneos,
1021 4481 1271 4543 tanquam
1321 4478 1569 4531 animalia
1599 4480 1756 4533 bruta

195 4567 252 4611 et
289 4559 494 4612 bestias
524 4560 824 4616 immundas
849 4563 1170 4621 abaccessu
1216 4571 1415 4625 montis
1454 4572 1754 4629 divinarum

195 4649 605 4719 Scripturarum
626 4654 860 4718 arcebat,
879 4656 1058 4709 dicens
1081 4674 1093 4709 :
1121 4656 1386 4728 Scriptum
1410 4670 1491 4715 est
1515 4677 1530 4714 :
1556 4661 1750 4727 Bestia,

191 4755 313 4807 quin
379 4748 603 4792 montem
647 4742 900 4820 tetigerit,
950 4745 1207 4813 lapidibus
1254 4749 1504 4804 obruatur
1555 4751 1750 4822 (Exod.

190 4831 446 4901 313,12).
472 4829 780 4900 Propterea,
805 4833 1018 4900 fratres,
1048 4836 1208 4900 abite,
1237 4847 1289 4892 et
1310 4840 1541 4907 primum
1564 4842 1754 4903 discite
1783 4894 1796 4902 _

193 4931 292 4970 vos
323 4928 510 4972 mente
554 4933 890 4991 componere,
915 4931 972 4976 ut
998 4925 1236 4980 moribus
1279 4929 1574 4983 emendatis
1615 4931 1758 5008 digpi

192 5008 317 5062 sitis
348 5023 476 5062 cum
508 5009 688 5081 Moyse
713 5012 805 5066 Dei
833 5027 1106 5069 sermones
1139 5015 1190 5070 in
1232 5018 1427 5072 montis
1477 5019 1756 5074 cacumine

189 5098 407 5152 audire.
442 5097 609 5153 Nemo
635 5103 774 5155 enim
804 5104 897 5158 Dei
927 5103 1232 5174 Scripturas
1260 5106 1513 5163 discendo
1556 5111 1760 5164 utiliter

191 5188 451 5261 percipit,
485 5187 640 5255 cujus
675 5192 844 5246 adhuc
889 5195 1065 5248 anima
1095 5197 1344 5250 vitiorum
1384 5198 1602 5267 pulvere
1640 5216 1755 5254 sor-

192 5279 395 5334 descit.
438 5277 513 5332 Et
541 5278 656 5331 haec
695 5278 861 5335 forma
894 5285 1118 5340 docendi
1168 5294 1354 5340 sancto
1383 5288 1499 5343 viro
1549 5304 1758 5358 semper

192 5368 486 5424 familiaris
513 5369 738 5439 exstitit,
769 5385 825 5427 ut
852 5377 1029 5430 studio
1057 5376 1354 5431 litterarum
1377 5378 1596 5447 iustitia:
1623 5394 1758 5448 prce.

191 5470 426 5530 poneret
461 5461 819 5530 disciplinam,
859 5476 912 5518 et
939 5467 1177 5520 scicntia:
1227 5467 1619 5538 Scripturarum
1663 5486 1755 5524 au-

262 5568 289 5595 ι
334 5556 462 5612 Hinc
498 5571 668 5626 supra
698 5558 915 5616 refutata
955 5570 1095 5615 sunt.

1866 4375 1978 4431 sive
2006 4373 2247 4445 ignobilis
2270 4390 2283 4438 ;
2311 4372 2404 4428 sed
2423 4372 2572 4442 juxta
2612 4385 2933 4446 praeceptum
2976 4377 3293 4447 lcgislaloris
3323 4379 3420 4432 Bc-

1863 4469 2079 4532 nedicti,
2111 4467 2316 4521 cunctis
2347 4469 2522 4522 aditus
2568 4470 2739 4537 patuit
2786 4485 2920 4538 pura
2978 4471 3271 4527 intentione
3295 4488 3424 4526 con-

1861 4560 1994 4614 verti
2019 4559 2335 4614 volcntibus.
2353 4559 2480 4626 Qum
2494 4568 2668 4615 tamen
2687 4562 3013 4616 consuetudo
3032 4578 3149 4616 eum
3173 4577 3421 4618 successu
3502 4597 3504 4600 ν

1862 4651 2136 4719 temporis,
2165 4657 2221 4705 et
2239 4650 2569 4704 inFuldensi
2595 4652 2941 4714 monasterio,
2973 4660 3025 4705 et
3061 4651 3112 4705 in
3150 4652 3418 4721 plerisque

1863 4742 1982 4797 aliis
2013 4748 2197 4795 contra
2230 4741 2578 4795 intentionem
2628 4741 2820 4810 regulze
2858 4741 3096 4795 cernitur
3118 4743 3414 4808 immutata,

1865 4813 2048 4900 postea
2071 4829 2320 4887 videlicet
2348 4845 2507 4899 quam
2559 4837 2613 4884 et
2639 4829 2835 4882 divitia:
2860 4830 3168 4900 religionem
3216 4834 3418 4887 exstin-

1868 4928 2082 4987 xerunt,
2117 4928 2172 4976 et
2217 4921 2371 4976 luxus
2411 4935 2530 4975 eum
2582 4920 2870 4975 ambitione
2912 4923 3141 4989 pessima
3184 4924 3417 4977 studium

1865 5014 2161 5070 eliminavit
2189 5012 2596 5081 scripturarum.
2641 5011 2842 5066 Fervor
2888 5028 2951 5066 eo
2980 5022 3215 5082 tempore
3243 5014 3416 5068 incre-

1866 5106 2042 5161 dibilis
2096 5104 2196 5158 fuit
2245 5102 2628 5156 monachorum
2703 5099 2722 5171 [
2760 5099 2975 5154 Videtur
3019 5101 3192 5156 deesse
3243 5118 3368 5172 erga
3406 5101 3416 5168 Ι

1865 5208 2168 5255 sanctarum
2219 5193 2452 5248 studium
2491 5191 2907 5264 Scripturarum,
2939 5193 3026 5262 qui
3059 5209 3153 5262 per
3176 5203 3416 5248 sanctum

1863 5291 2138 5345 Rabanum
2165 5282 2342 5337 Fuldae
2369 5283 2549 5351 erepit,
2601 5289 2660 5335 ut
2684 5297 2840 5352 supra
2891 5282 3140 5345 diximus,
3185 5289 3238 5334 et
3266 5281 3414 5334 brevi

1860 5353 1956 5450 per
1978 5375 2154 5432 omnia
2198 5387 2331 5442 pene
2367 5372 2612 5426 emnobia
2641 5371 2937 5427 Germania:
2983 5380 3036 5426 et
3075 5370 3258 5425 Galliae
3285 5385 3414 5425 con-

1862 5467 2046 5524 valuit.
2080 5464 2187 5518 Nec
2205 5471 2355 5516 erant
2376 5461 2569 5515 Latino
2594 5463 2867 5533 patrioquc
2894 5476 3134 5517 sermone
3156 5461 3414 5529 contenti,

1933 5551 1977 5599 δ’
2000 5559 2072 5613 De
2096 5569 2158 5609 eo
2179 5553 2382 5622 egimus
2410 5568 2588 5620 supra.
