3940 6336
457 254 524 309 83
1575 244 1666 297 AD
1703 238 1929 297 OPERA
1965 237 2024 292 B.
2062 236 2312 292 RABANI
2351 233 2568 290 MAURI
3614 235 3684 289 3.;

460 367 552 423 sed
585 364 819 436 linguam
875 361 1082 418 discere
1124 359 1364 414 Graecam
1393 363 1553 423 atque
1585 353 1799 418 docere,
1828 364 2014 404 neces-
2042 351 2096 411 Α,
2118 345 2271 402 duxit
2307 343 2722 409 sanctissimam,
2771 350 2825 396 et
2854 340 3114 397 universis
3141 340 3392 397 Ecclesia:
3431 340 3552 430 [illis
3582 342 3680 395 do-

463 454 664 510 sarium
723 451 836 507 fore
897 448 1171 519 discipulis
1209 447 1397 502 divinae
1451 442 1834 512 spcculationis
1877 439 2019 493 arbi-

462 542 607 605 trati,
635 541 797 594 etiam
843 537 1114 592 llebraicze
1147 533 1551 600 Chaldaicreque
1598 529 1840 585 notitiam
1895 542 2017 604 cum

462 631 644 682 labore
693 627 910 682 fuerunt
937 625 1185 680 assecuti.
1212 621 1442 677 Sanctus
1485 634 1715 689 namque
1743 618 2012 679 Rabanus,

459 721 632 774 Albini
694 719 875 772 Roma:
937 715 1182 778 auditor,
1242 709 1594 781 Theophilum
1646 721 1672 750 ι
1730 707 2018 777 quemdam

461 811 745 881 Ephesium
790 807 978 862 habuit
1021 813 1422 876 praeceptorem,
1455 817 1484 855 a
1511 816 1616 871 quo
1659 799 1865 870 Pelasgi
1899 812 2017 853 ser-

462 900 633 955 monis
658 897 1060 968 intelligentiam
1079 895 1430 966 apprehendit
1457 892 1826 956 suliicientem,
1855 905 2017 960 quam

462 1005 706 1045 reversus
749 988 801 1041 in
844 987 1072 1058 patriam
1110 987 1222 1041 suis
1253 999 1463 1055 quoque
1510 982 1782 1053 discipulis
1820 982 2020 1052 absque

461 1080 660 1139 Invidia
687 1079 1120 1135 communicavit.
1155 1077 1440 1143 Enimvero
1471 1089 1591 1128 cum
1622 1081 1768 1128 esset
1793 1073 1876 1127 vir
1903 1088 2020 1127 om-

459 1169 604 1223 nium
630 1184 734 1228 non
764 1167 936 1223 solum
965 1165 1408 1230 studiosissimus,
1440 1164 1532 1218 sed
1551 1163 1714 1217 etiam
1751 1161 1869 1215 sine
1889 1175 2018 1216 con-

464 1257 784 1313 tradictione
827 1255 1142 1325 cujusquam
1200 1254 1564 1316 doctissimus,
1615 1250 1815 1318 optime
1863 1248 2020 1302 intel-

465 1346 594 1402 lexit
643 1345 911 1401 neminem
954 1345 1091 1413 apud
1117 1344 1336 1397 Latinos
1377 1341 1644 1396 veraciter
1675 1340 1946 1394 eruditum
1969 1347 2024 1393 et

461 1436 511 1488 in
543 1436 710 1490 sacris
739 1435 931 1489 litteris
977 1439 1404 1488 consummatum
1447 1445 1602 1501 posse
1634 1429 1876 1498 reperiri,
1927 1429 2018 1497 qui

462 1525 706 1578 notitiam
736 1524 936 1578 Graecae
972 1523 1165 1593 linguae
1195 1537 1300 1577 non
1323 1521 1487 1576 fuerit
1535 1527 1833 1575 assecutus.
1866 1519 2019 1586 Quod

459 1632 522 1672 eo
545 1616 802 1671 confirmo
833 1616 1102 1679 fidentius,
1139 1629 1265 1683 quo,
1295 1621 1411 1666 arte
1445 1604 1792 1680 impresseria
1839 1610 2020 1664 multi-

2119 436 2347 492 ctrinam
2368 434 2555 490 effudit
2580 435 2899 490 salutarem!
2933 433 3078 499 Jure,
3108 435 3346 503 inquam,
3369 424 3539 488 vivaci
3570 450 3684 488 nic-

2120 529 2289 582 moria
2311 526 2767 583 commendandus
2795 534 2878 582 est
2928 526 3194 591 omnium,
3237 526 3328 595 qui
3373 541 3479 580 non
3507 525 3684 580 solum

2118 616 2364 686 exemplo
2415 625 2542 670 tunc
2588 614 2943 683 praesentibus
2996 624 3206 668 mter-na:
3253 613 3505 684 pabulum
3558 613 3684 666 vita:

2118 709 2360 778 praebuit,
2386 708 2476 762 sed
2489 707 2649 761 etiam
2672 705 2971 775 posteritati
2994 707 3105 760 suis
3127 706 3342 776 scriptis
3364 706 3688 761 documenta

2119 795 2372 852 salutaria
2403 796 2636 865 reliquit.
2666 795 2801 850 Vere
2827 794 3014 864 dignus
3038 803 3138 859 est,
3185 796 3336 866 cujus
3365 797 3418 850 in
3464 796 3690 851 benedi-

2120 885 2390 940 ctionibus
2419 886 2730 940 memoriam
2753 885 2987 940 celebret
3024 885 3197 939 omnis
3223 900 3318 954 per
3337 885 3689 941 Germaniam

2119 976 2425 1046 posteritas,
2455 990 2552 1043 per
2579 990 2738 1044 quem
2779 975 2931 1028 nobis
2959 983 3106 1027 tanta
3133 975 3329 1028 mentis
3356 983 3411 1028 et
3443 977 3690 1045 corporis

2119 1064 2367 1136 provenit
2402 1065 2625 1119 utilitas.
2655 1064 2842 1118 Fidem
2867 1062 3066 1118 Christi
3095 1065 3444 1118 orthodoxam
3475 1080 3690 1118 summa

2121 1168 2243 1207 cum
2272 1153 2551 1208 alacritate
2587 1168 2795 1222 semper
2825 1153 3024 1217 docuit,
3055 1167 3264 1207 sacram
3288 1154 3510 1207 enodem
3542 1153 3695 1208 Scri-

2120 1251 2330 1310 pturam
2359 1244 2496 1311 apud
2527 1244 2820 1298 Germanos
2844 1246 3050 1314 primus
3085 1247 3334 1311 reddidit,
3365 1249 3529 1302 vitam
3561 1262 3694 1317 apo-

2121 1335 2363 1389 stolicam
2377 1337 2576 1390 ducens
2598 1337 2928 1405 perniciosos
2944 1338 3314 1392 bzereticorum
3339 1354 3551 1393 errores
3565 1354 3698 1393 con-

2119 1425 2450 1479 stantissima
2494 1426 2699 1479 ratione
2727 1425 3042 1480 confutavit.
3071 1427 3331 1497 Denique,
3363 1429 3501 1483 sicut
3523 1429 3574 1482 in
3599 1444 3700 1482 su-

2121 1515 2422 1584 perioribus
2466 1524 2549 1570 est
2596 1517 2816 1581 dictum,
2848 1518 3055 1587 primus
3088 1519 3326 1572 omnium
3359 1519 3497 1588 apud
3548 1518 3696 1574 Cer-

2123 1621 2310 1660 manos
2357 1606 2621 1674 publicam
2677 1609 3057 1662 monachorum
3113 1608 3350 1664 scholam
3397 1612 3585 1676 tenuit,
3632 1612 3695 1666 in

461 1709 669 1775 plicatis
697 1709 853 1762 hodie
875 1706 1075 1761 Grteeis
1109 1705 1484 1768 voluminibus,
1506 1712 1560 1756 et
1588 1704 1702 1771 ipse
1740 1702 1838 1756 sub
1865 1702 2019 1755 bonis
2047 1685 2092 1744 Β
2120 1718 2223 1771 qua
2260 1718 2362 1756 non
2390 1703 2559 1756 solum
2586 1702 2899 1757 claustrales
2930 1744 2944 1767 ,
2976 1703 3069 1756 sed
3117 1703 3298 1771 plures
3336 1705 3496 1758 etiam
3524 1719 3698 1759 δείξου-

462 1799 876 1868 przeceptoribus
916 1797 1440 1866 quantulamcunque
1494 1795 1716 1864 hujusce
1761 1793 2024 1847 sermonis

462 1888 865 1959 mteiligentiam
913 1886 1258 1956 apprehendi.
1307 1885 1438 1938 Nam
1505 1884 1659 1938 sicuti
1708 1882 1912 1936 rivulus
1956 1896 2022 1934 ex

462 1980 630 2042 fonte,
659 1979 731 2031 ita
770 1990 833 2030 ex
880 1976 1052 2045 lingua
1096 1975 1278 2029 Graeca
1306 1975 1494 2027 Latina
1528 1971 1822 2027 descendit.
1869 1969 2024 2036 Quis-

462 2071 582 2140 quis
601 2085 729 2140 ergo
757 2070 916 2124 fontis
929 2069 1170 2123 notitiam
1185 2067 1427 2137 despicit,
1457 2076 1562 2119 vim
1576 2074 1632 2120 et
1643 2066 2022 2136 proprietatem

464 2160 640 2227 rivuli,
670 2159 1041 2232 poculo'cujus
1085 2159 1274 2223 utitur,
1302 2157 1523 2211 minime
1565 2155 1858 2226 cognoscit.
1896 2153 2023 2235 iure

464 2250 625 2320 igitur
643 2248 817 2303 omnis
830 2247 1115 2303 Germania
1138 2245 1293 2300 simul
1316 2255 1370 2300 et
1396 2245 1566 2300 Callia
1590 2244 1855 2313 tripartita
1881 2243 2024 2298 hunc

465 2324 832 2394 beatissimum
867 2337 1135 2390 doctorem
1170 2345 1454 2388 veneratur
1484 2334 1786 2415 Babanuin,
1815 2343 1874 2386 ut
1900 2333 2021 2386 uni-

468 2443 590 2482 cum
618 2428 782 2482 totius
799 2426 1115 2480 eruditionis
1135 2425 1428 2494 principem
1457 2443 1467 2476 :
1493 2441 1523 2477 a
1548 2439 1654 2493 quo
1669 2431 1723 2478 et
1745 2421 2024 2492 pontiﬁces

463 2516 696 2572 Romani.
717 2522 1066 2584 susceperunt
1095 2513 1472 2568 ecclesiasticae
1493 2511 1805 2581 disciplinae,
1832 2519 1885 2564 et
1912 2525 2023 2564 mo-

462 2605 638 2670 nachi,
664 2603 1065 2674 Scripturarum
1097 2603 1380 2657 salutarem
1403 2603 1610 2658 clavem
1639 2601 2018 2671 intelligentia.

465 2697 672 2759 Merito,
703 2697 942 2766 inquam,
967 2694 1355 2750 Germanorum
1387 2694 1675 2765 posteritas
1715 2694 1889 2749 omnis
1914 2692 2021 2745 Ra-

461 2788 590 2842 bani
630 2787 814 2842 laudes
861 2787 914 2840 in
964 2795 1275 2856 perpetuum
1308 2787 1633 2856 personabit,
1681 2786 1775 2856 qui
1822 2786 2024 2855 primus

463 2878 725 2943 omnium,
748 2877 914 2932 veteri
936 2878 1182 2931 barbarie
1204 2875 1375 2946 pulsa,
1424 2890 1573 2932 suam
1604 2875 1732 2930 fecit
1752 2876 2021 2931 nationem

465 2982 715 3024 sermone
749 2967 1012 3021 Latinam.
1062 2966 1274 3020 Primus
1301 2965 1445 3021 enim
1489 2967 1730 3021 omnium
1777 2967 1877 3022 sub
1920 2967 2024 3022 fide

464 3060 662 3115 Christi
685 3057 979 3114 Germanos
1003 3068 1058 3112 et
1104 3057 1346 3114 Grzecam
1387 3072 1644 3112 resonare
1671 3057 1905 3128 linguam
1933 3061 2025 3115 do—

463 3151 573 3205 cuit
593 3160 649 3204 et
681 3149 948 3204 Latinam.
981 3147 1164 3203 Nullus
1205 3155 1331 3202 ante
1366 3147 1532 3211 illum,
1563 3147 1698 3216 apud
1728 3145 2026 3203 Germanos

464 3241 546 3294 vel
587 3249 743 3294 natus
782 3239 864 3292 vel
912 3234 1206 3303 institutus,
1244 3235 1416 3292 Graeci
1469 3237 1732 3290 sermonis
1779 3238 2024 3291 notitiam

463 3336 684 3400 lza‘iens,
721 3342 799 3387 tot
831 3333 1097 3387 volumina
1133 3342 1239 3386 tam
1284 3331 1557 3401 eleganter
1580 3371 1592 3393 ,
1627 3338 1736 3384 tam
1786 3330 2020 3399 preprie,

465 3440 679 3496 tamque
708 3427 968 3482 concinne
1023 3434 1184 3496 atque
1225 3424 1414 3479 Latine
1445 3425 1650 3494 uapiam
1683 3423 2022 3492 conscripsit.

369 3567 371 3569 ,
466 3521 629 3588 Siqui
657 3535 785 3574 vero
805 3519 944 3588 apud
965 3517 1264 3572 Germanos
1287 3516 1338 3574 iu
1368 3531 1530 3586 regno
1552 3515 1882 3570 Francorum
1905 3524 2027 3569 ante

465 3610 638 3679 ipsum
667 3610 806 3665 docti
837 3609 1071 3675 fuerunt,
1103 3624 1204 3662 non
1237 3607 1519 3677 indigenae,
1557 3609 1648 3662 sed
1687 3606 1882 3670 Graeci,
1916 3607 2024 3660 Ro-

469 3701 643 3764 mani,
678 3698 843 3765 Galli,
882 3697 1027 3755 Scoti
1054 3738 1069 3765 ,
1099 3698 1376 3762 Britanni,
1408 3713 1501 3752 seu
1548 3699 1767 3752 advenze
1818 3698 2030 3752 aliunde

466 3790 740 3844 venientes
767 3789 1108 3844 exstiterunt.
1137 3787 1486 3842 Beatissimus
1513 3795 1693 3841 autem
1711 3785 2032 3841 Christianae

468 3878 589 3935 fidei
629 3880 816 3934 doctor
837 3879 1060 3949 insignis
1083 3879 1358 3943 Rabanus,
1385 3879 1574 3933 unicus
1597 3887 1650 3934 et
1672 3879 1879 3948 primus
1901 3878 2032 3933 Ger-

467 3983 750 4023 manorum
772 3969 1164 4023 institutionum
1193 3968 1466 4038 princeps,
1514 3977 1568 4022 et
1594 3969 1848 4039 magister
1869 3969 2034 4024 disci-

471 4057 630 4128 plina:
659 4098 674 4124 ,
705 4058 795 4126 qui
827 4058 1029 4112 nullum
1085 4067 1207 4113 ante
1253 4074 1310 4113 se
1353 4060 1406 4112 in
1434 4073 1527 4113 sua
1583 4060 1768 4114 habuit
1819 4060 2035 4114 natione

472 4147 861 4216 praecedentem
889 4148 1124 4202 scientia:
1141 4157 1524 4204 consummata:
1541 4150 1813 4220 doctorem
1825 4190 1838 4213 ,
1856 4150 2036 4206 divino

474 4236 662 4305 (haud
713 4235 972 4305 dubium)
1019 4252 1306 4294 succensus
1356 4239 1609 4294 instinctu
1639 4280 1654 4306 ,
1705 4241 1847 4309 quod
1893 4241 2036 4296 domi

475 4329 668 4382 habere
725 4341 831 4382 non
884 4328 1087 4397 potuit,
1130 4329 1312 4385 Romae
1358 4329 1697 4384 laudabiliter
1753 4330 2034 4400 quaesivit,

420 4440 430 4446 ·
476 4419 697 4481 invenit,
726 4419 928 4482 didicit,
961 4426 1013 4472 et
1039 4418 1320 4476 Germanis
1345 4421 1460 4474 sine
1491 4421 1688 4474 invidia
1719 4422 2031 4489 reportavit,

2124 1792 2254 1846 laris
2290 1793 2410 1846 vita:
2449 1793 2692 1848 homines
2749 1794 2932 1848 habuit
2981 1794 3270 1849 auditores.
3334 1795 3390 1849 ln
3448 1796 3700 1851 ministev

2127 1881 2263 1933 rium
2309 1880 2611 1933 divinarum
2664 1880 3061 1949 Scr'ipturarum
3123 1883 3376 1938 scientias
3426 1885 3698 1938 convertit

2125 1972 2444 2027 saeculares:
2479 1980 2552 2035 et,
2584 1971 2741 2026 veluti
2767 1972 3019 2026 Socrates
3050 1973 3204 2039 alter,
3235 1982 3460 2028 tractam
3494 1991 3524 2028 e
3550 1975 3696 2029 coelo

2124 2061 2518 2131 philosophiam
2559 2063 2617 2115 in
2654 2062 2886 2118 ethicam
2924 2065 3339 2129 transmutavit;
3386 2072 3695 2134 propterea,

2123 2163 2184 2207 ut
2205 2169 2290 2207 me
2320 2154 2518 2208 dixisse
2544 2154 2787 2219 memini,
2821 2155 3092 2210 auditores
3123 2171 3248 2210 suos
3279 2157 3330 2210 in
3376 2153 3540 2211 omni
3591 2157 3693 2212 do—

2124 2244 2296 2298 ctrina
2310 2243 2621 2297 litteratura:
2637 2244 2908 2298 saecularis
2921 2245 2985 2298 ad
3000 2246 3213 2314 plenum
3227 2246 3481 2311 instituit,
3496 2261 3700 2316 eosque

2135 2335 2400 2403 imprimis
2439 2336 2835 2404 grammaticos,
2870 2335 3198 2401 dialecticos,
3234 2338 3495 2402 rhetores,
3523 2339 3698 2392 arith-

2125 2427 2367 2491 meticos,
2422 2435 2744 2495 geometras,
2790 2435 3152 2492 astronomos,
3203 2415 3467 2495 musicos,
3528 2439 3697 2499 atquc

2125 2524 2311 2585 poetas
2367 2517 2586 2580 statuit;
2645 2526 2699 2571 et
2757 2527 2939 2586 postea
2989 2519 3208 2574 idoneos
3255 2520 3322 2574 ad
3391 2521 3694 2575 divinarum

2127 2606 2527 2675 Scripturarum
2556 2606 2834 2662 scientiam
2863 2607 3174 2663 introduxit.

2197 2696 2323 2752 Haec
2351 2695 2520 2751 forma
2565 2698 2786 2752 docendi
2814 2700 3110 2769 per-ipsum
3142 2700 3429 2756 didascalis
3473 2703 3693 2768 tradita,

2127 2788 2309 2844 multis
2341 2789 2496 2864 annis
2525 2789 2577 2842 in
2613 2789 2866 2846 Fuldensi
2925 2792 3249 2847 monasterio
3305 2793 3696 2861 perseveravit,

2127 2887 2181 2932 et
2225 2865 2475 2934 successu
2507 2881 2766 2949 temporis
2798 2879 2864 2934 ad
2915 2883 3066 2951 plura
3113 2881 3417 2937 Germania:
3446 2883 3696 2938 cmnobia

2131 2985 2235 3024 non
2257 2971 2372 3026 sine
2401 2973 2636 3026 maxima
2659 2969 2889 3028 utilitate
2911 2974 3165 3028 translata
3214 2973 3332 3039 fuit,
3358 2975 3514 3030 sicuti
3535 2975 3699 3031 facile

2129 3075 2225 3130 per
2245 3070 2483 3116 veterum
2506 3062 2703 3133 scripta
2725 3064 3119 3132 comprobatur,
3137 3079 3200 3118 eo
3223 3073 3482 3134 tempore,
3503 3075 3699 3135 pra:ter

2127 3151 2297 3206 solum
2336 3152 2576 3206 ordinem
2607 3153 2775 3206 sancti
2803 3153 2973 3222 patris
3003 3153 3294 3218 Benedicti,
3318 3152 3459 3207 nulla
3483 3152 3698 3208 fuerunt

2130 3241 2492 3296 claustralium
2525 3257 2620 3311 per
2656 3251 2818 3298 totam
2870 3243 3214 3298 Germaniam
3259 3246 3522 3308 cmnobia,
3569 3261 3691 3299 cum

2129 3345 2301 3399 neque
2333 3329 2716 3386 Cistcrcienses
2770 3333 2946 3387 adhuc
2997 3342 3178 3388 essent
3231 3333 3482 3399 instituti,
3523 3349 3700 3403 neque

2131 3420 2363 3476 fratrum
2423 3432 2719 3477 conventus
2773 3409 3207 3488 Mendicantium,
3257 3439 3430 3493 neque
3476 3423 3701 3479 alterius

2133 3513 2368 3583 cujusvis
2424 3502 2778 3569 observantia
2810 3514 3114 3583 singularis,
3158 3515 3248 3584 qui
3304 3530 3490 3569 omnes
3543 3515 3703 3585 longe

2132 3613 2317 3676 postea
2365 3614 2808 3674 supervenerunt.
2837 3605 2901 3658 Et
2928 3606 3045 3659 ideo
3089 3606 3299 3674 quoties
3327 3606 3379 3658 in
3403 3606 3504 3659 hoc
3531 3619 3700 3674 opere

2130 3692 2454 3748 mentionem
2480 3693 2546 3747 de
2571 3693 2850 3747 monachis
2875 3691 3118 3754 facimus,
3148 3708 3254 3746 non
3285 3693 3375 3746 alii
3412 3694 3702 3763 quamBe-

2133 3786 2389 3842 nedictini
2420 3793 2542 3839 sunt
2584 3784 2931 3854 intelligendi,
2981 3784 3081 3839 nisi
3111 3785 3424 3838 nominatim
3478 3784 3706 3840 alterius

2131 3877 2482 3949 professionis
2545 3877 2916 3946 exprimantur
2982 3876 3306 3945 specialiter.
3361 3874 3440 3929 Ad
3503 3875 3708 3930 multos

2133 3986 2301 4026 annos
2329 3969 2538 4025 duravit
2573 3969 2626 4023 in
2660 3968 2920 4024 ccenobiis
2950 3969 3333 4023 monachorum
3365 3968 3504 4022 istud
3535 3969 3705 4023 mira-

2133 4064 2240 4118 bile
2265 4062 2495 4117 studium
2547 4062 2955 4131 scripturarum,
2995 4070 3048 4115 et
3075 4062 3218 4115 viros
3270 4061 3555 4116 sanctitate
3590 4077 3702 4116 non
3757 4077 3761 4079 λ

2137 4158 2312 4210 minus
2337 4170 2496 4225 quam
2530 4155 2770 4208 doctrina
2810 4163 2963 4206 sacer
2986 4152 3117 4207 ordo
3144 4151 3414 4206 Benedicti
3449 4152 3706 4221 produxit

2139 4243 2840 4313 innumerabiles.Legimus
2861 4243 3022 4307 enim,
3049 4243 3204 4297 sicuti
3233 4257 3298 4296 ex
3321 4241 3727 4311 supputatione.

2143 4339 2411 4392 annalium
2445 4344 2751 4391 nostrorum
2800 4341 3012 4388 constat
3051 4332 3413 4393 manifestum,
3443 4332 3583 4400 quod
3632 4346 3704 4386 ex

2138 4426 2434 4489 monachis,
2466 4425 2709 4479 ordinem
2744 4423 2911 4478 sancti
2939 4423 3107 4492 patris
3127 4421 3396 4497 Berledicti
3421 4419 3704 4488 professis,

477 4512 813 4580 priscamque
861 4511 925 4564 de
972 4511 1143 4580 patria
1197 4512 1500 4566 barbariem
1526 4512 1747 4582 fugavit.
1805 4513 2034 4569 Gentem
2123 4527 2366 4589 quatuor
2395 4525 2448 4570 et
2483 4515 2669 4584 viginti
2715 4529 2811 4582 per
2861 4528 3166 4567 successum
3215 4512 3470 4583 temporis
3515 4525 3707 4564 sacro-

479 4619 630 4658 suam
663 4603 876 4673 gemino
903 4603 1175 4656 decoravit
1231 4613 1439 4667 ornatu,
1468 4620 1568 4673 qua
1602 4615 1657 4659 et
1705 4607 1946 4661 moribus
1968 4608 2032 4661 ad

483 4694 818 4748 sanctitatem
857 4692 1156 4762 politiorem
1186 4693 1438 4758 reddidit,
1477 4700 1532 4746 et
1561 4693 1732 4750 infusa
1772 4699 2037 4753 sermonis

486 4786 708 4840 Romani
754 4785 1015 4853 elegantia
1048 4785 1099 4838 in
1136 4799 1346 4840 omnem
1378 4785 1615 4840 scientiae
1655 4786 2035 4855 plenitudinem

484 4873 794 4930 introduxit.
823 4872 1152 4928 Odoctorem
1181 4876 1390 4929 cunctis
1420 4875 1776 4929 venerandum
1792 4879 2034 4933 smculis!

484 4968 527 5018 0
559 4969 853 5022 litterarum
899 4967 1212 5034 principem,
1248 4968 1499 5021 omnibus
1547 4967 1675 5022 viris
1710 4968 1881 5023 doctis
1919 4986 2041 5040 per-

485 5065 641 5127 petua
682 5057 1056 5111 celebrandum
1107 5055 1413 5121 festivitate,
1461 5058 1550 5125 qui
1583 5058 1747 5111 vitam
1784 5059 1836 5111 in
1881 5074 2043 5115 carne

559 5202 582 5227 a
623 5187 773 5254 Quod
800 5187 1083 5242 Browerus
1134 5190 1186 5241 in
1234 5189 1593 5244 notationibus
1637 5190 1704 5243 ad
1757 5192 1931 5245 Vitam
1984 5193 2041 5247 S.

491 5258 814 5312 Sturmionis
842 5259 904 5311 de
927 5259 1221 5312 Trithemio
1242 5259 1442 5312 veritus
1468 5256 1584 5321 fuit,
1601 5269 1658 5312 ut
1680 5260 1864 5314 lectori
1887 5263 2046 5315 verba

491 5328 730 5390 dederit,
768 5342 886 5395 qua:
922 5327 1035 5380 dari
1065 5329 1163 5381 sibi
1194 5343 1295 5380 non
1326 5327 1576 5395 postulet,
1607 5330 1766 5382 etiam
1793 5331 1858 5384 de
1878 5345 1941 5383 eo
1961 5331 2050 5386 hic

491 5397 661 5449 vereri
685 5411 979 5464 possemus.
1019 5396 1123 5450 Sed
1155 5398 1293 5451 unde
1315 5396 1611 5450 'i‘rithemio
1631 5399 1831 5452 incidat
1864 5401 1930 5454 ab
1952 5401 2052 5454 hoc

493 5465 790 5533 Theophilo
835 5466 1133 5519 Rabanum'
1177 5465 1388 5519 Grrccas
1439 5466 1619 5519 Roma:
1672 5467 1883 5523 llttcras
1923 5470 2053 5524 edo-

491 5537 671 5608 ctum?
699 5535 856 5608 Forte
892 5551 956 5608 ex
989 5535 1193 5608 Alcuini
1224 5536 1288 5588 ad
1311 5536 1465 5608 _liunc
1501 5537 1720 5604 epistola
1781 5545 2058 5608 septuage-

495 5603 628 5658 sima
661 5606 892 5660 secunda
930 5605 1067 5658 inter
1107 5604 1260 5673 hujus
1300 5604 1493 5673 Opera.

2138 4621 2336 4667 sancta:
2367 4609 2616 4665 Ecclesiae
2658 4608 2911 4662 Romanae
2940 4605 3154 4661 fuerunt
3190 4605 3488 4675 pontifices,
3523 4603 3705 4658 cardi-

2136 4702 2283 4756 nales
2307 4701 2517 4756 ducenti
2543 4699 2816 4768 sexaginta
2840 4712 3045 4761 novem,
3075 4695 3486 4766 archiepiscopi,
3510 4709 3606 4764 per
3629 4695 3709 4748 di-

2139 4806 2321 4850 versas
2343 4792 2524 4847 mundi
2553 4790 2823 4849 ecclesias,
2856 4788 2995 4841 mille
3017 4787 3256 4842 sexcenti
3279 4787 3550 4856 octoginta
3572 4799 3706 4852 qua-

2147 4895 2285 4947 tuor,
2333 4882 2565 4953 episcopi
2591 4897 2720 4935 vero
2742 4887 2972 4948 quatuor
3017 4878 3178 4931 millia
3205 4876 3480 4946 quingenti
3504 4875 3709 4929 duode-

2147 4977 2270 5030 cim.
2296 4975 2534 5043 Denique
2555 4972 2792 5038 catalogo
2825 4977 3130 5024 sanctorum
3158 4969 3184 5007 ι)
3211 4981 3275 5021 ex
3303 4968 3487 5020 eodem
3518 4966 3709 5020 ordine

2151 5064 2485 5134 reperiuntur
2505 5061 2722 5131 ascripti
2737 5060 3040 5129 quindecim
3055 5058 3216 5113 millia
3234 5056 3491 5122 sexcenti,
3509 5064 3710 5126 praeter

2223 5195 2249 5232 δ
2299 5195 2374 5248 De
2423 5193 2507 5246 his
2544 5192 2618 5245 ita
2666 5190 2927 5244 Baronius
2978 5188 3044 5242 ad
3091 5203 3288 5243 annum
3323 5185 3526 5242 Christi
3574 5182 3706 5247 491,

2156 5257 2440 5317 num.77:
2480 5280 2498 5311 ς
2536 5260 2667 5314 Cum
2714 5261 3110 5313 innumerorum
3163 5273 3296 5317 pene
3344 5255 3712 5311 sanctissimo-

2158 5349 2274 5386 rum
2305 5340 2465 5398 atque
2493 5331 2652 5384 etiam
2690 5328 3124 5398 doctissimorum
3156 5323 3371 5380 Patrum
3403 5323 3709 5394 patriarcha

2158 5397 2476 5454 Benedictus
2496 5399 2656 5452 fuerit
2677 5397 3084 5476 fecundissimus
3105 5405 3488 5476 propugnator,
3521 5406 3710 5460 perpe-

2162 5484 2299 5530 ram,
2353 5483 2471 5522 mea
2509 5469 2791 5531 sententia,
2845 5465 2920 5520 illi
2963 5466 3165 5520 faciunt
3204 5465 3292 5533 qui
3325 5465 3392 5528 ei,
3441 5476 3574 5530 quos
3602 5477 3710 5533 non

2161 5538 2363 5608 genuit,
2395 5537 2808 5608 alienosgpartus
2837 5544 3160 5608 supponunt,
3213 5532 3322 5602 Qui,
3356 5534 3592 5600 inquam.
3625 5532 3710 5582 ni-

2167 5604 2272 5662 inio
2305 5605 2417 5674 ejus
2443 5604 2664 5672 ordinis,
2711 5613 2808 5661 sub
2852 5604 2958 5674 quo
3001 5604 3319 5673 profitentur
3340 5616 3541 5666 arnore,
3572 5613 3714 5655 non~
