3940 6318
213 381 281 436 ss
1554 377 2079 438 PltOLEGOMENA.
3370 395 3439 448 si;

218 492 477 550 tuonialcs
502 499 555 547 ct
575 491 719 547 alios
746 476 1071 557 innumeros,
1126 504 1353 560 quorum
1382 490 1597 544 nomina
1631 490 1780 561 ignoo
1805 493 1853 554 Α
1885 490 2065 548 tudine
2117 492 2373 549 virtutum
2426 510 2591 566 agens
2643 494 3118 568 religiosissimam,
3151 510 3203 555 et
3230 517 3440 557 sacram

218 596 420 637 ramus.
443 579 506 635 Hi
534 592 658 635 sunt
688 580 889 635 fructus
912 580 1291 635 monachorum
1317 576 1475 633 studii
1507 577 1775 643 salutaris,

217 671 395 739 inquo
407 670 680 740 plantante
696 670 914 726 Rabano
928 671 1090 724 multa
1113 669 1275 732 millia
1300 670 1354 724 in
1373 668 1520 725 omni
1540 669 1778 723 doctrina

215 772 275 815 et
300 762 606 827 sanctitate,
632 772 795 816 totam
825 762 1155 816 illustrantur
1179 760 1494 816 Ecclesium.
1524 759 1631 815 Sed
1672 776 1779 815 non

217 851 433 905 duravit
475 852 531 905 in
562 852 718 906 tinem
769 852 883 909 ιιωο
909 859 1093 906 sancta
1127 850 1453 906 consuetudo
1499 850 1782 905 monacho-

218 957 361 1006 rum,
391 943 645 1011 quoniam
685 941 826 1011 quod
864 941 1199 997 laudabiliter
1234 940 1397 1010 cmpit
1422 954 1487 995 ex
1519 949 1775 1008 tempore,

218 1031 381 1089 etiam
406 1046 528 1085 cum
557 1039 795 1099 tempore
825 1031 1052 1101 turpiter
1075 1030 1287 1085 defecit.
1336 1028 1467 1083 Nam
1501 1029 1644 1084 circa
1675 1028 1776 1083 Do-

216 1118 433 1173 minica:
456 1119 751 1174 nativitatis
777 1135 975 1173 annum
1021 1118 1363 1174 millesimum
1406 1118 1774 1183 centesimum,

216 1209 591 1287 multiplicatis
618 1211 670 1265 in
710 1211 952 1266 Ecclesia
1001 1210 1095 1265 Dei
1126 1210 1289 1264 variis
1335 1210 1591 1263 institutis
1634 1210 1778 1264 clau-

216 1299 485 1365 straliutn,
514 1300 748 1354 studium
776 1316 804 1354 a
834 1299 1111 1354 monachis
1136 1298 1334 1353 nostris
1362 1308 1633 1368 tepescere
1668 1312 1776 1353 ete-

214 1390 317 1459 pit,
346 1404 411 1444 ac
444 1404 582 1459 pene
608 1388 827 1444 defecit.

285 1483 542 1538 Babanus
567 1490 747 1538 autem
801 1482 1035 1548 Maurus,
1074 1483 1457 1538 monachorum
1489 1481 1770 1537 scholasti-

214 1578 321 1634 cus,
361 1574 604 1643 insignis,
656 1581 1002 1643 posteaquam
1052 1573 1251 1629 scholis
1288 1571 1573 1643 przefncrat
1617 1571 1775 1625 annis

213 1663 470 1732 quinque,
494 1678 708 1718 manum
728 1664 971 1733 apposuit
992 1663 1058 1717 ad
1087 1663 1445 1727 scribendum,
1472 1661 1643 1715 atatis
1663 1676 1776 1715 suae

213 1769 355 1808 anno
383 1754 652 1809 tricesimo
678 1772 689 1807 :
720 1754 809 1823 qui
840 1754 941 1808 fuit
964 1754 1257 1809 Dominica:
1278 1752 1571 1807 nativitatis
1597 1753 1774 1809 octin-

1880 581 2243 639 indesinenter
2271 584 2562 656 explanans
2616 582 2950 656 Scripturam
3002 590 3068 643 ad
3095 590 3313 660 gloriam
3343 593 3439 647 Dei

1879 675 2281 746 omnipotentis,
2306 678 2395 747 qui
2428 678 2556 732 vivit
2589 690 2641 735 et
2666 689 2853 753 regnat
2880 680 2931 734 iu
2954 682 3156 736 ‘sascula
3214 683 3437 739 sacculo-

1878 780 2017 819 rum.
2046 765 2234 822 Amen.
3343 765 3349 771 ’

2307 878 2537 939 LIBER
2583 878 2999 943 SECUNDUS.

1946 993 2239 1061 llactenus,
2278 997 2964 1078 reverendissime'przcsul,
3010 1010 3065 1054 et
3094 1001 3342 1071 princeps
3370 1002 3435 1054 il-

1875 1084 2195 1141 lustrissime
2241 1079 2480 1153 Alherte,
2510 1090 2742 1157 primum
2768 1090 2833 1144 de
2858 1088 2978 1144 Vita
3023 1093 3193 1147 smeti
3224 1092 3431 1146 Rabaui

1874 1177 2285 1245 praedecessoris
2328 1180 2404 1233 tui
2434 1178 2651 1246 librum,
2698 1182 2988 1238 auxiliante
3039 1183 3263 1239 Domino
3302 1185 3434 1249 Deo,

1874 1266 2322 1332 continuavimus,
2351 1268 2404 1322 in
2432 1283 2538 1339 quo
2590 1272 2989 1345 conversionem
3034 1272 3149 1340 ejus
3184 1275 3250 1327 ad
3288 1275 3437 1329 insti—

1875 1357 2107 1411 tutiones
2158 1359 2498 1426 monaSIicas,
2538 1362 2772 1415 studium
2824 1378 3033 1433 quoque
3067 1374 3120 1419 et
3181 1367 3436 1421 eruditio-

1874 1461 1996 1500 nem
2028 1448 2413 1517 scripturarum
2444 1461 2630 1521 aperta
2664 1453 2973 1507 narratione
3009 1454 3349 1524 digessimus,
3377 1465 3451 1509 ut.

1873 1554 1979 1608 quo
2011 1538 2222 1594 fervore
2244 1540 2410 1594 divini
2458 1542 2660 1596 amoris
2711 1542 2866 1596 simul
2899 1550 2955 1597 et
2978 1543 3229 1599 fraterna:
3253 1546 3433 1599 chari—

1874 1627 1998 1681 tatis
2025 1628 2108 1701 vir
2137 1634 2314 1681 tantus
2342 1630 2797 1683 conversationem
2828 1646 2978 1685 suam
3008 1632 3310 1702 incmperit,
3336 1648 3431 1701 po-

1874 1714 2133 1772 steritatis
2156 1718 2428 1773 memoria:
2458 1727 2715 1788 perpetuo
2743 1721 3254 1777 eommcndarcmus.
3282 1723 3433 1778 Nunc

212 1806 543 1914 gaesa...
562 1806 785 1898 sua.
808 1806 1065 1907 rem...
1100 1806 1385 1897 mea...
1412 1806 1771 1898 ηοωέηέδηηη
1800 1834 1853 1894 θ
1874 1816 2072 1912 autem.
2102 1806 2154 1862 ίη
2187 1808 2430 1878 sequenti
2452 1808 2610 1914 13959.
2640 1825 2797 1913 φέρω
2815 1810 3104 1914 εεευηάξιηι
3136 1810 3433 1914 adicimus.

211 1900 516 1990 undecima.
575 1932 639 1986 Et
684 1933 994 2001 cumprimis
1028 1900 1116 2001 qui
1141 1933 1242 1986 lem
1271 1932 1485 1999 scripsit
1529 1930 1776 1985 mirabile
1874 1900 2049 2001 Primo
2079 1908 2287 2001 “’"TP'JS
2433 1901 2711 2001 "Fuldensi
2740 1902 3065 2001 mPMSwrio
3095 1901 3308 1973 Nam“
3338 1905 3433 2001 ab:

211 2022 340 2074 illud
365 2037 499 2091 opus
525 2020 591 2076 de
616 2020 856 2075 laudibus
882 2028 1080 2076 sancta:
1130 2020 1339 2083 Crueis,
1396 2019 1538 2087 quod
1588 2027 1773 2089 postea

210 2112 407 2165 dicavit
440 2110 701 2181 Gregorio
751 2126 962 2165 summo
1006 2110 1244 2180 pontifici
1304 2120 1496 2181 quarto
1525 2129 1537 2163 :
1569 2112 1633 2166 de
1668 2125 1773 2180 quo

209 2201 265 2253 in
306 2200 693 2271 supplicatione
740 2217 839 2272 pro
892 2201 1077 2258 Mauro
1127 2203 1206 2256 sic
1237 2202 1312 2255 ait
1359 2211 1652 2271 prmccptor
1679 2202 1773 2255 Al-

209 2291 367 2348 binus
388 2303 412 2333 ⁸
433 2311 445 2346 :

331 2417 472 2483 Hune
498 2432 701 2479 puerum
725 2420 862 2470 docui
888 2422 1032 2483 divini
1057 2422 1252 2473 nomine
1277 2424 1411 2473 verbi
1443 2411 1458 2483 ,

394 2479 576 2529 Ethice
601 2483 789 2543 monitis
809 2489 860 2531 et
880 2482 1063 2543 sophia!
1086 2484 1271 2531 studiis.
1446 2479 1452 2483 ⁷
1534 2492 1535 2495 ‘

330 2539 443 2605 Ipse
465 2544 661 2602 quilem
688 2542 898 2605 Francus
916 2539 1105 2605 genere
1140 2551 1233 2605 est,
1251 2551 1402 2605 atque
1431 2545 1582 2594 incola
1605 2546 1738 2595 silvai

394 2602 666 2661 Buchoniae,
691 2603 783 2650 huc
806 2602 979 2651 missus
996 2604 1185 2653 discere
1209 2602 1353 2654 verba
1382 2604 1491 2654 Dei.

327 2662 463 2728 Abba
487 2676 603 2728 suus
628 2674 849 2728 namque,
880 2663 1133 2728 Fuldeusis
1154 2674 1313 2728 rector
1334 2666 1474 2715 ovills
1495 2704 1509 2728 ,

393 2721 531 2795 illum
551 2726 646 2772 huc
663 2721 863 2795 direxit,
886 2725 942 2771 ad
966 2732 1047 2795 tua
1074 2732 1222 2795 tecta,
1248 2727 1406 2795 Pater.

328 2784 434 2848 Qu'p
458 2797 646 2848 mecum
670 2785 861 2843 legeret
885 2797 931 2831 m
952 2790 1025 2833 ιιι-ἱ
1052 2787 1358 2835 scholasticus
1380 2797 1532 2835 artem
1554 2824 1567 2848 ,

389 2844 687 2906 Scriptum
711 2855 760 2893 et
782 2856 832 2892 sa
865 2857 971 2892 ram
990 2849 1083 2895 rite
1106 2856 1292 2906 pararet
1313 2860 1459 2895 ovans
1485 2858 1497 2894 :

328 2906 417 2969 Ast
440 2907 531 2969 ubi
546 2904 803 2969 sextustra
830 2907 1060 2969 implevit,
1082 2904 1175 2966 jam
1198 2909 1416 2957 saribere
1441 2916 1631 2969 tempus
1651 2945 1665 2969 ,

394 2966 463 3014 Ad
486 2966 656 3016 Christi
678 2967 866 3014 laudem
890 2968 1016 3015 hunc
1040 2969 1187 3016 edidit
1210 2977 1312 3017 arte
1337 2970 1525 3017 librum.

277 3050 408 3133 Qua:
436 3080 582 3130 vero,
632 3075 849 3134 quanta,
880 3074 929 3120 et
962 3067 1136 3135 qualia
1189 3068 1439 3138 deinceps
1468 3067 1763 3138 scripserit,

203 3164 317 3208 tam
340 3154 394 3208 in
424 3153 568 3208 calce
594 3152 750 3222 hujus
776 3154 1083 3218 voluminis,
1112 3172 1271 3224 quam
1302 3157 1355 3210 in
1383 3157 1516 3212 libro
1537 3159 1603 3212 de
1633 3158 1767 3225 scri—

201 3242 450 3313 ptoribus
472 3240 849 3296 ecclesiasticis
878 3241 1046 3296 lector
1093 3243 1362 3298 studiosus
1398 3246 1591 3312 poterit
1616 3246 1762 3299 inve-

202 3334 341 3388 nire.
376 3331 563 3405 Nullus
585 3343 709 3387 ante
734 3333 878 3386 illum
903 3332 1199 3387 Germanus
1229 3343 1307 3388 tot
1332 3336 1597 3390 volumina
1621 3351 1763 3391 eom-

170 3434 171 3437 ‘
198 3424 399 3494 posuit,
428 3432 505 3487 tot
535 3423 693 3477 utiles
718 3422 969 3477 Ecclesia:
998 3432 1258 3479 tractatus
1298 3434 1444 3479 tanta
1488 3433 1762 3480 venustate

201 3516 571 3586 elegantiaque
593 3514 767 3568 Latini
809 3514 1073 3575 sermonis
1108 3515 1408 3580 rutilantes,
1443 3516 1495 3569 in
1549 3517 1764 3571 natione

201 3603 536 3660 Theutoniea
564 3594 715 3672 prius
767 3619 925 3659 nemo
970 3604 1284 3659 lucubravit.
1333 3605 1467 3660 Nam
1513 3605 1679 3661 Vetus
1706 3614 1761 3660 et

198 3695 414 3750 Novum
468 3711 533 3749 ex
583 3696 788 3765 integro
841 3694 1240 3749 Testamentum
1295 3696 1353 3749 in
1404 3696 1762 3750 voluminibus

196 3785 386 3839 multis
408 3785 673 3854 exposuit,
703 3793 757 3839 et
783 3778 1180 3859 commentariis
1212 3785 1586 3853 pulcherrimis
1615 3786 1763 3842 lucu-

195 3870 377 3929 lenter
403 3874 698 3929 exornavit.
736 3872 887 3940 Quod
940 3874 1151 3942 quidem
1205 3874 1469 3929 scribendi
1522 3876 1759 3930 studium

195 3962 265 4018 ab
292 3977 361 4018 eo
412 3971 669 4032 tempore,
699 3978 865 4031 usque
888 3962 954 4015 ad
1007 3969 1231 4015 mortem
1266 3976 1426 4017 suam
1456 3968 1552 4031 per
1589 3978 1760 4020 annos

194 4054 423 4124 triginta
474 4068 682 4118 novem,
733 4053 847 4106 sine
882 4052 1293 4117 intermissione,
1347 4054 1750 4126 semperconti—

193 4146 406 4199 uuavit.
460 4143 614 4196 Anno
678 4149 856 4196 autem
915 4140 1120 4195 Domini
1166 4141 1332 4195 nostri
1382 4138 1507 4196 Jesu
1556 4141 1758 4197 Christi

189 4233 645 4303 octingentesimo
716 4232 989 4305 vicesimo,
1053 4231 1337 4286 indictione
1392 4218 1753 4287 Romanorum

189 4322 354 4377 tertia
378 4319 611 4383 decima,
628 4308 950 4389 Rathgarius
981 4318 1008 4356 δ
1030 4317 1211 4372 Fuldaa
1240 4318 1404 4373 abbas
1428 4320 1635 4385 tertius,
1669 4321 1753 4394 cui

189 4412 430 4466 fratrum
459 4410 717 4463 electione
749 4419 973 4478 quartus
1000 4410 1052 4462 in
1087 4410 1271 4483 ordine
1295 4410 1544 4464 abbatum
1573 4426 1753 4466 succe-

1875 1991 1992 2054 bas,
2025 1998 2284 2059 quantum
2310 1990 2355 2044 si
2398 1988 2601 2062 [Forte,
2632 1990 2712 2061 se]
2760 1992 2900 2046 vires
2926 2001 3122 2047 nostra:
3147 2001 3332 2047 tenues
3354 1994 3434 2046 ni-

1876 2081 2040 2135 mium
2090 2081 2405 2146 extendunt,
2440 2081 2579 2151 stylo
2624 2082 2997 2137 commendare
3049 2083 3342 2153 pergimus,
3376 2077 3463 2136 ιιι,⁸

1875 2169 2151 2223 historiam
2169 2166 2355 2236 Ordine
2376 2169 2554 2224 debito
2579 2185 2684 2224 non
2702 2168 3027 2234 fraudemus,
3057 2180 3425 2228 verumtamen

1874 2274 1980 2313 non
2009 2258 2341 2335 pollicemur,
2391 2244 2489 2313 rios
2531 2259 2709 2313 omnia
2738 2259 3030 2329 scripturos
3056 2274 3173 2329 quze
3196 2260 3247 2313 in
3273 2260 3434 2314 abba-

1874 2349 1947 2403 tia
1975 2349 2176 2418 gessit;
2222 2348 2314 2403 sed
2360 2364 2425 2404 ex
2456 2347 2638 2403 multis
2689 2349 3062 2419 consignamus
3085 2350 3430 2420 paucissima,

1875 2445 1930 2491 ut
1962 2445 2085 2505 pote
2110 2436 2199 2505 qui
2220 2445 2441 2508 propter
2460 2437 2835 2507 negligentiam
2856 2438 3173 2507 scriptorum
3194 2438 3433 2493 invenire

1873 2526 2232 2596 nequivimus,
2262 2540 2380 2596 qua
2405 2528 2701 2591 restabant,
2734 2527 2961 2597 potiora.

1940 2614 2095 2671 Anno
2123 2616 2285 2687 igitur
2331 2616 2620 2672 Dominiea:
2670 2616 2962 2671 nativitatis
2990 2617 3433 2688 octingentesimo

1871 2705 2129 2760 vicesimo
2173 2705 2360 2775 quinto
2384 2716 2433 2775 ο,
2486 2704 2779 2761 indictione
2833 2706 3196 2762 Romanorum
3248 2709 3432 2772 tertia,

1826 2860 1827 2863 η
1873 2802 2112 2849 ntortuus
2166 2803 2249 2849 est
2310 2794 2514 2865 .Egiso,
2578 2794 2856 2850 Fuldensis
2904 2788 3211 2853 monasterii
3263 2798 3426 2853 abbas

1870 2893 2112 2954 quartus,
2140 2899 2281 2937 anno
2318 2885 2594 2955 regiminis
2635 2886 2715 2939 sui
2762 2887 2966 2955 quinto,
3001 2887 3083 2940 vir
3110 2889 3346 2943 moribus
3374 2896 3427 2943 et

1871 2975 1975 3028 vita
2003 2974 2298 3044 religiosus,
2328 2983 2381 3029 et
2432 2976 2728 3030 divinarum
2780 2976 3173 3046 Scripturarum
3220 2985 3428 3035 amator

1870 3063 2184 3132 prtncipuus.
2218 3063 2344 3118 Post
2383 3064 2533 3134 cujus
2558 3064 2882 3132 sepulturam
2929 3066 3175 3123 Rabanus
3204 3066 3421 3123 Maurus

1873 3151 2224 3222 Magnentius,
2246 3140 2432 3207 doctor
2453 3161 2508 3206 et
2534 3152 2899 3213 scholasticus,
2926 3156 3309 3211 monachorum
3326 3171 3424 3213 ce-

1866 3241 2201 3306 leberri‘mus,
2256 3240 2482 3295 fratrum
2538 3242 2799 3299 electione
2846 3245 3114 3298 communi
3170 3246 3336 3301 abbas
3366 3246 3416 3300 in

1860 3331 2048 3399 ordine
2068 3332 2284 3402 quintus
2310 3332 2624 3397 instituitur,
2655 3348 2795 3387 anno
2823 3334 2995 3389 attatis
3017 3350 3126 3389 suae
3152 3335 3424 3390 tricesimo

1860 3422 2106 3491 septimo,
2146 3430 2201 3475 et
2225 3420 2437 3490 pnefuit
2491 3423 2645 3475 annis
2671 3422 2874 3476 duobus
2898 3432 2961 3477 et'
2996 3424 3201 3493 viginti,
3239 3432 3418 3493 pasto-

1861 3526 1978 3566 rem
2009 3526 2067 3566 se
2112 3511 2289 3566 ovium
2318 3510 2516 3566 Christi
2542 3512 2823 3577 exhibens,
2859 3513 2911 3566 in
2960 3515 3101 3566 omni
3142 3514 3424 3566 sanctitate

1859 3604 1986 3657 vitze
2021 3601 2383 3671 spectabilem,
2416 3611 2467 3657 et
2500 3604 2551 3655 in
2572 3612 2732 3671 opere
2753 3617 2964 3672 semper
2988 3602 3275 3657 ellicaeem.
3299 3603 3414 3655 Pri-

1859 3708 1980 3747 mus
2006 3692 2186 3746 Fuldm
2232 3694 2397 3747 abbas
2443 3691 2598 3746 fuita
2627 3693 2785 3746 beato
2837 3691 3109 3745 Bonifacio
3155 3691 3421 3759 archiepi-

1858 3797 2019 3852 scopo
2050 3775 2571 3836 institutus'sanctus
2614 3780 2862 3835 Sturmus
2887 3780 2934 3845 ἀ,
2968 3782 3186 3836 natione
3233 3779 3411 3849 Angli-

1860 3886 1953 3926 cus
1983 3883 2029 3937 ε,
2068 3885 2207 3925 anno
2244 3870 2456 3925 Domini
2502 3871 2970 3942 septingentesimo
3006 3872 3420 3941 quadragesimo

1865 3961 2042 4025 tertio,
2082 3960 2368 4015 indictione
2393 3959 2753 4014 Romanorum
2776 3960 3073 4022 undecima,
3106 3959 3422 4028 praefuitque

1860 4051 2016 4104 annis
2066 4065 2161 4105 sex
2199 4059 2253 4103 et
2282 4050 2518 4119 triginta.
2559 4049 2686 4103 Post
2732 4062 2889 4118 quem
2920 4048 3203 4121 Baugolfus
3252 4050 3415 4103 abbas

1858 4139 2070 4210 praefuit
2105 4140 2260 4193 annis
2309 4139 2497 4210 viginti
2532 4140 2785 4208 quinque.
2823 4138 2919 4193 Cui
2974 4138 3233 4194 successit
3260 4138 3421 4193 Rath-

1856 4233 2041 4303 garius
2066 4232 2221 4285 annis
2243 4232 2493 4285 sedecim.
2525 4230 2639 4296 Quo
2673 4244 2907 4297 mortuo,
2934 4230 3077 4303 Egit
3098 4232 3265 4285 abbas
3283 4246 3421 4299 pra;-

1857 4324 1957 4377 fuit
2004 4322 2159 4377 annis
2211 4323 2464 4391 quinque.
2502 4321 2568 4375 Et
2602 4322 2689 4376 illo
2741 4322 2848 4376 vita
2882 4321 3155 4386 defuncto,
3198 4329 3435 4375 sanctus

1857 4412 2126 4475 Rabanus,
2161 4413 2213 4466 in
2240 4412 2429 4466 ordine
2488 4411 2711 4465 fratrum
2764 4410 2999 4479 quintus,
3052 4418 3109 4463 ut
3157 4410 3412 4471 diximus,

187 4500 346 4566 deus,
377 4498 590 4569 IEgiso,
614 4499 697 4553 vir
720 4514 879 4553 senex
905 4507 959 4553 et
1008 4499 1301 4567 religiosus,
1348 4496 1557 4568 praefuit
1602 4502 1756 4556 annis
1782 4521 1833 4580 ι)
1861 4504 2035 4560 fuerat
2077 4505 2376 4559 ordinatus.
2428 4502 2471 4555 A
2511 4501 2819 4557 fundatione
2866 4503 3047 4571 itaque
3100 4502 3421 4559 monasterii

184 4591 455 4659 quinque,
482 4588 581 4642 sub
613 4602 720 4656 quo
763 4587 951 4642 beatus
981 4586 1231 4642 Rabanus
1255 4595 1487 4657 emptum
1538 4598 1755 4646 strenue

184 4679 427 4737 docendi
468 4680 799 4733 continuavit
824 4678 1081 4744 oﬂcium,
1123 4680 1285 4733 vitam
1316 4680 1370 4733 in
1420 4682 1563 4735 omni
1587 4683 1757 4751 pleni-

181 4838 365 4893 uullos
398 4835 543 4889 fama
567 4835 805 4890 illustres
824 4835 991 4897 viros,
1015 4832 1104 4902 qui
1127 4833 1296 4886 etiam
1317 4840 1440 4902 ante
1460 4831 1631 4888 sancti
1658 4833 1753 4887 Be-

183 4908 387 4962 nedicti
430 4913 666 4973 tempora
696 4904 1010 4966 ﬂoruerunt,
1034 4901 1485 4973 ’ejusdemifuisse
1530 4901 1749 4973 Regulae

181 4971 555 5046 professores:
579 4974 1024 5046 imprudenteret
1068 4972 1394 5046 inconsulte__
1411 4972 1569 5023 nimis
1596 4971 1739 5046 allirf

181 5040 358 5099 fuant.
400 5044 613 5097 Etenim
643 5040 748 5095 non
776 5041 1034 5100 fecundis,
1066 5041 1157 5093 sed
1210 5040 1480 5093 sterilibus
1517 5041 1742 5109 supponi

180 5115 357 5169 altera
399 5112 621 5166 soboles
661 5111 949 5165 consuevit.
1007 5108 1263 5162 Praestitit
1305 5109 1405 5162 hoc
1451 5108 1591 5161 inter
1612 5110 1744 5164 alios

180 5183 545 5249 Trithemius,
575 5190 865 5249 auctorque
892 5178 1101 5249 exteris
1125 5177 1506 5249 posterioribus
1539 5177 1639 5231 fuit
1658 5179 1741 5232 id-

178 5252 361 5321 ipsum
390 5248 646 5304 faciendi.
684 5269 702 5301 ι
734 5247 857 5321 Haec
878 5248 1164 5321 ‘Baronius.
1201 5247 1275 5321 ΔΑιι
1302 5247 1579 5321 plurimos,
1604 5263 1741 5321 quo-

179 5263 361 5321 ipsum
390 5263 646 5304 metendi.
684 5269 702 5301 ι
734 5263 857 5302 meo
888 5263 1164 5300 uarontus.
1209 5263 1275 5299 At
1302 5263 1579 5314 pturtmos,
1602 5263 1741 5369 atto-

179 5336 303 5375 rum
350 5333 623 5387 nusquam
676 5316 917 5372 meminit
956 5314 1301 5379 Trithemius,
1354 5315 1509 5383 hujus
1538 5331 1599 5370 or
1638 5317 1743 5371 inis

176 5396 407 5444 sanctos
425 5387 805 5457 proferimus...
832 5438 843 5443 -

251 5468 279 5497 ι
321 5453 442 5511 Ιιηό
486 5458 603 5526 ipse
630 5455 881 5526 [tabanus
912 5455 971 5526 in
1009 5465 1234 5524 persona
1279 5454 1620 5526 praeceptoris
1646 5453 1743 5507 Al-

175 5526 292 5582 bini
322 5535 441 5579 tum
464 5524 668 5594 pridem
694 5524 924 5579 defuncti
955 5541 968 5575 ε
1016 5534 1071 5577 et
1095 5531 1347 5594 patronus
1377 5524 1744 5594 quemdepre-

176 5604 339 5650 catur
378 5591 711 5648 est—sanctus
733 5594 1009 5658 Martinus,
1042 5591 1145 5646 non
1175 5591 1460 5661 Gregorius
1485 5592 1548 5645 IV
1576 5591 1733 5661 papa,

177 5665 256 5717 uti
286 5677 459 5718 supra
480 5673 775 5717 ostensum.

253 5734 280 5772 δ
336 5730 502 5786 Deest
544 5733 631 5786 hic
666 5731 901 5799 verbum,
940 5730 1199 5798 depositus
1244 5739 1336 5795 est,
1382 5737 1471 5783 aut
1500 5730 1625 5799 quid
1652 5731 1727 5783 si-

1858 4593 2161 4657 Fuldensis,
2208 4606 2380 4661 usque
2428 4592 2495 4644 ad
2549 4592 2720 4659 ipsum
2771 4590 3071 4655 Bahauum,
3099 4604 3196 4659 per
3244 4605 3413 4644 annos

1856 4683 2124 4752 octoginta
2154 4682 2311 4746 duos,
2338 4681 2557 4736 abbates
2604 4695 2701 4750 per
2728 4681 2973 4735 ordinem
2996 4688 3223 4749 quatuor
3249 4680 3414 4733 exsti-

1854 4838 2020 4893 mile:
2073 4836 2334 4891 rationem
2402 4834 2838 4904 temporisnon
2868 4834 3151 4889 convenire
3199 4832 3408 4904 dictum

1854 4922 2015 4975 supra
2042 4913 2143 4961 est.
2174 4905 2250 4959 De
2286 4903 2574 4975 schismate
2596 4903 3001 4975 Fuldensi_sub
3030 4903 3407 4975 llatgarioab-

1851 4970 1976 5031 hate
2006 4983 2183 5029 exstat
2209 4990 2397 5044 poema
2430 4974 2665 5044 Rabani,
2684 4987 2827 5044 nunt.
2858 4972 2945 5025 50.
2976 4973 3050 5025 De
3077 4970 3407 5044 depositione

1845 5045 1964 5121 ejus
1986 5040 2231 5114 pluribus
2254 5044 2364 5121 agit
2391 5042 2589 5121 in_Vita
2614 5040 2799 5121 Eigilis
2843 5042 3173 5096 successoris
3203 5040 3404 5095 Candi-

1846 5116 1951 5169 dus
1982 5111 2095 5167 tum
2132 5111 2425 5167 monachus
2452 5111 2753 5164 Fuldensis.

1917 5194 1940 5222 ο
1991 5184 2108 5236 lmo
2122 5197 2263 5235 anno
2289 5180 2393 5235 832
2421 5196 2579 5247 supra
2610 5181 2887 5247 probatum
2912 5189 3010 5234 est.
3150 5219 3163 5226 .

1913 5250 1942 5291 ἀ
1992 5252 2139 5307 Aliis
2156 5250 2440 5313 διαί-ηιξκιε,
2486 5245 2717 5303 Sacr—mia
2762 5256 2813 5302 et
2850 5248 3096 5311 Samnis,
3133 5245 3282 5314 cujus
3312 5247 3402 5301 Vi-

1846 5331 1955 5376 tam
1982 5320 2199 5389 scripsit
2227 5318 2344 5386 ejus
2374 5318 2665 5389 disejpulus
2705 5317 2847 5389 Eigil‘
2873 5317 3037 5389 abbas
3066 5326 3308 5387 quartus.

1925 5336 1955 5373 u
1982 5332 2199 5389 scripsrt
2227 5334 2344 5386 ejus
2374 5332 2665 5439 orsevqmtus
2705 5332 2841 5383 mgu
2873 5332 3037 5371 auoas
3066 5332 3308 5387 quartus.

1925 5401 1949 5430 ο
1984 5390 2125 5460 Eigil
2146 5389 2347 5460 in5Vita
2371 5405 2391 5460 _:
2430 5405 2449 5439 ι
2480 5425 2499 5440 .
2527 5388 2672 5460 orica
2699 5386 2974 5455 provincia
3005 5394 3223 5441 exortus
3252 5385 3405 5460 nobi-

1848 5459 1987 5514 libus
2016 5455 2076 5513 εἰ
2094 5457 2417 5526 Christianis
2447 5456 2778 5526 parentibus,
2826 5463 3111 5526 generatus
3154 5464 3208 5526 et
3229 5455 3404 5526 nutri-

1847 5538 1932 5582 tus
1956 5528 2057 5601 fuit
2081 5546 2093 5581 :
2121 5543 2183 5601 Δ»,
2216 5528 2332 5601 hbi_
2358 5523 2667 5601 Browerus
2692 5523 2927 5601 adnotat_
2960 5524 3130 5601 Boios
3154 5523 3397 5601 intelligi,

1842 5598 1983 5667 quod
2007 5597 2268 5667 Norieiin
2298 5595 2549 5648 Boiorum
2574 5593 2828 5647 ditionem
2861 5594 3155 5662 migrarint.
3188 5594 3260 5647 De
3282 5593 3401 5645 aliis

1845 5666 2127 5722 abbatibus
2147 5666 2277 5720 satis
2304 5671 2503 5718 actum.
