3940 6354
479 367 549 422 g7
1596 357 1687 409 AD
1723 352 1947 411 OPER-A
1986 355 2048 408 B.
2086 355 2338 410 RABANI
2375 356 2588 412 MAURI
3629 361 3698 416 ἃς

379 491 382 499 λ
480 479 677 529 terunt.
705 468 959 526 Rabanus
1005 468 1184 538 itaque
1236 465 1517 522 memorati
1545 466 1774 521 cornobii
1822 466 2042 535 quintus
2068 472 2118 530 Α
2143 466 2412 537 repetivit.
2446 466 2596 522 Unde
2621 481 2728 537 quo
2751 453 2971 523 liberius
3000 483 3194 525 vacare
3240 478 3420 540 posset
3449 471 3696 536 interius,

404 625 406 627 ,
479 561 643 632 abbas
667 561 942 615 institutus
965 573 1107 614 anno
1143 564 1459 628 praenotata,
1483 556 1574 624 qui
1603 554 1703 609 fuit
1728 570 1900 609 annus
1925 555 2035 609 Lu-

481 647 653 703 dovici
685 648 831 718 regis
851 647 1178 703 Francorum
1202 647 1283 701 Pii
1305 646 1545 700 decimus
1565 656 1614 709 ε,
1642 644 1864 712 Eugenii
1885 659 2038 712 papae

479 737 718 802 secundi,
769 751 942 791 annus
968 751 1180 806 quoque
1228 735 1511 797 secundus,
1545 742 1597 786 et
1623 732 1867 802 Otbgarii
1891 733 1920 772 δ
1951 747 2039 785 ar-

477 825 797 894 chiepiscopi
823 825 1116 896 Moguntini
1145 825 1374 895 primus,
1403 823 1454 877 in
1486 821 1786 877 humilitate
1808 822 2035 891 pristina

475 919 863 988 mrscvcravit,
895 927 947 974 et
972 920 1158 984 vitam,
1206 919 1360 973 sicuti
1408 903 1780 980 consueverat,
1815 917 1866 970 in
1888 915 2037 970 omni

476 1008 711 1077 puritate
741 1008 937 1078 mentis
965 1016 1019 1062 et
1039 1008 1281 1077 corporis
1305 1022 1484 1062 coram
1517 1005 1624 1060 Deo
1670 994 2037 1060 indesinenter

473 1098 826 1161 continuavit.
859 1100 1027 1153 Deum
1073 1099 1270 1159 munda
1299 1097 1631 1153 conscientia
1660 1095 1847 1151 dilexit
1877 1111 2038 1166 super

474 1187 674 1253 orbitis,
703 1201 802 1259 pro
820 1187 971 1256 cujus
997 1202 1181 1242 amore
1196 1187 1519 1256 contempsit
1545 1187 1814 1240 universa.
1843 1185 1899 1239 In
1922 1191 2035 1239 toto

475 1278 636 1332 corde
648 1291 744 1333 suo
767 1278 1138 1332 mandatorum
1155 1275 1271 1345 ejus
1289 1289 1498 1344 semper
1514 1289 1719 1344 memor
1739 1274 1963 1337 exstitit,
1981 1280 2035 1326 et

473 1383 752 1436 nunquam
777 1383 807 1421 a
835 1367 975 1422 bono
1019 1366 1195 1420 studio
1244 1365 1492 1438 cessavit.
1537 1364 1596 1417 in
1643 1363 1886 1420 oratione
1922 1371 2034 1416 tam

471 1457 695 1513 devotus
719 1464 773 1512 et
799 1456 1083 1512 continuus
1111 1455 1336 1519 exstitit,
1365 1461 1424 1508 ut
1460 1468 1637 1518 nemo,
1666 1454 2035 1509 conversatio-

470 1547 701 1619 nisejus
746 1545 991 1620 ignarus,
1022 1554 1262 1617 putasset
1289 1545 1438 1612 illum
1486 1545 1702 1601 lectioni
1731 1544 2031 1615 Scriptura-

470 1652 591 1714 rum
616 1638 702 1693 vel
727 1644 1100 1694 momentaneo
1129 1634 1338 1708 [Forte,
1363 1634 1661 1707 momento]
1694 1635 1930 1704 potuisse
1955 1636 2035 1696 in-

471 1727 712 1794 tendere,
736 1726 822 1782 vel
841 1742 992 1782 novte
1006 1726 1406 1796 compositionis
1425 1726 1715 1797 quidquam
1731 1725 2035 1784 lucubrare.

2140 564 2516 624 procuratores
2543 571 2723 610 rerum
2751 559 3123 627 temporalium
3157 559 3478 616 suflicientes
3498 560 3697 615 consti-

2141 646 2243 713 tuit
2261 654 2315 700 et
2340 646 2576 711 idoneus,
2609 647 2676 701 de
2721 661 2947 715 qucrum
2996 647 3253 702 ﬁdelitate
3277 665 3380 704 non
3410 657 3584 720 potuit
3602 650 3699 704 du-

2139 735 2334 791 bitare.
2389 736 2628 807 Regnum
2659 737 2753 791 Dei
2794 746 2919 791 ante
2963 741 3142 792 omnia
3173 755 3411 808 quaerere
3470 741 3696 805 studuit,

2139 833 2194 877 et
2227 825 2292 878 de
2319 825 2478 879 rebus
2506 825 2830 880 transitoriis
2857 841 2913 880 se
2940 825 3100 880 nimis
3130 828 3285 881 anxie
3314 844 3589 897 nunquam
3611 828 3698 883 in-

2141 914 2391 969 tromisit.
2423 914 2488 968 Et
2512 915 2634 982 quia
2664 915 2829 969 Deum
2861 914 2913 967 in
2942 923 3053 968 toto
3081 917 3240 969 corde
3269 933 3366 971 suo
3395 917 3584 973 dilexit
3605 934 3698 972 su—

2138 1003 2459 1074 per’omnia,
2511 1002 2666 1072 hujus
2692 1005 2816 1058 vitae
2839 1005 2906 1058 ab
2955 1004 3071 1072 ipso
3100 1008 3403 1060 necessaria
3441 992 3698 1064 consecué

2140 1102 2226 1148 tus
2250 1105 2352 1156 est,
2383 1109 2574 1165 magna
2604 1095 2656 1148 in
2692 1095 3037 1150 abundantia.
3065 1095 3218 1150 Circa
3250 1098 3486 1166 regimen
3519 1102 3700 1157 tamen

2138 1185 2437 1240 animarum
2477 1186 2630 1242 valde
2682 1186 2942 1242 sollicitus
2967 1186 3192 1252 exstitit,
3236 1196 3292 1242 et
3322 1186 3459 1259 Oves.
3490 1188 3729 1266 Christi

2140 1275 2243 1329 sibi
2288 1277 2603 1332 commissas
2637 1279 2804 1332 verbo
2837 1279 3045 1344 salutis,
3075 1279 3318 1348 exemplo
3368 1281 3700 1345 sanctitatis,

2137 1369 2191 1416 et
2240 1362 2435 1431 pabulo
2486 1366 2804 1420 necessariae
2853 1367 3255 1421 sustentationis
3282 1367 3742 1424 'studiosissime.

2134 1465 2359 1520 pascere
2404 1454 2633 1519 curavit,
2689 1455 2788 1510 sub
2823 1456 2948 1523 ejus
3000 1455 3260 1526 regimine
3304 1457 3702 1515 monasterium

2135 1540 2401 1596 Fuldense
2448 1543 2626 1615 rebus.
2654 1551 2814 1613 atque
2863 1545 3108 1614 personis
3137 1545 3308 1600 crevit
3346 1547 3606 1616 quotidie,
3637 1555 3700 1603 et

2136 1629 2277 1685 fama
2297 1633 2601 1687 sanctitatis
2628 1633 3014 1688 monachorum
3042 1634 3160 1704 ejus
3188 1649 3286 1705 per
3315 1642 3487 1690 totum
3516 1635 3695 1691 Fran-

2136 1734 2322 1776 corum
2349 1736 2410 1778 se
2439 1737 2662 1793 regnum
2687 1722 2915 1778 diffudit.

469 1819 677 1875 Rursus
705 1820 761 1876 in
793 1819 1032 1890 legendis
1079 1809 1275 1898 divinis
1306 1795 1621 1888 Scripturis,
1655 1817 1710 1871 in
1745 1816 2030 1872 lucubrana
2057 1815 2106 1874 B
2202 1809 2476 1882 Praecipue
2516 1821 2695 1869 tamen
2723 1814 2931 1869 abbatis
2970 1815 3176 1870 Rabani
3223 1815 3407 1890 opinio
3436 1795 3704 1874 doctrinm

469 1909 552 1966 dis
584 1909 822 1980 quotidie
845 1908 1014 1981 ferme
1040 1909 1192 1964 novis
1241 1907 1618 1973 voluminibus,
1652 1915 1812 1976 atque
1858 1908 1912 1962 in
1934 1908 2032 1963 do-
2135 1910 2191 1958 et
2211 1904 2582 1960 sanctimonia:
2605 1904 2660 1958 in
2686 1919 2779 1959 ore
2807 1903 2905 1959 fuit
2955 1905 3194 1960 omnium
3221 1905 3448 1961 celebris
3492 1914 3548 1961 et
3569 1905 3703 1977 glo-

468 1999 655 2054 cendis
680 1997 1128 2065 instituendisque
1154 1995 1221 2051 ad
1258 1998 1515 2066 pietatem
1553 1996 1716 2073 divini
1744 1996 1939 2062 cultus,
1965 1999 2033 2051 ad
2137 1989 2300 2059 riosa,
2329 2009 2433 2050 non
2459 1996 2627 2050 solum
2651 1997 2788 2065 apud
2815 1995 3116 2051 Germaniae
3143 1997 3401 2062 Francos,
3430 1999 3523 2052 sed
3555 1999 3703 2067 apud

466 2085 729 2157 regularis
781 2086 1074 2156 disciplinae
1120 2085 1537 2151 observantiam,
1567 2091 1621 2139 et
1649 2099 1857 2138 morum
1888 2085 2029 2139 inte—
2132 2081 2439 2139 Gallicanos
2471 2099 2681 2153 quoque
2705 2093 2759 2138 et
2783 2085 2958 2139 italos.
2991 2084 3156 2152 Cujus
3177 2087 3278 2139 viri
3301 2087 3447 2143 fama
3464 2102 3626 2156 reges
3643 2095 3706 2141 et

2131 2172 2422 2243 principes,
2446 2174 2724 2245 episcopos
2742 2185 2798 2229 et
2815 2174 3061 2230 doctores
3082 2175 3368 2245 quoslibet,
3389 2176 3552 2230 etiam
3581 2176 3704 2231 lon—

2131 2262 2251 2334 gius
2264 2263 2544 2329 distantes,
2559 2263 2614 2317 in
2635 2257 2750 2332 eius
2772 2264 3170 2319 venerationem
3188 2265 3468 2334 permovit.
3491 2264 3706 2323 Omnes

2134 2351 2608 2423 incomparabilem
2632 2351 2747 2422 ejus
2776 2353 3110 2411 mirabantur
3134 2353 3457 2422 doctrinam,
3479 2364 3535 2411 et
3562 2371 3701 2412 con-

2125 2440 2367 2510 iunctam
2418 2441 2704 2497 eruditioni
2755 2443 3093 2498 sanctitatem
3141 2441 3393 2499 laudibus
3427 2446 3704 2511 continuis

2129 2529 2492 2597 praedicabant
2519 2531 2734 2601 ubique.
2795 2531 2875 2585 Ex
2925 2531 3070 2588 omni
3121 2547 3290 2603 regno
3337 2533 3698 2604 Francorum,

2131 2618 2274 2686 quod
2325 2626 2452 2675 tunc
2490 2628 2606 2676 erat
2655 2636 2837 2686 unum,
2889 2605 3471 2688 Germanis'et'Gallis,
3504 2625 3572 2679 ad
3603 2641 3702 2681 au-

2129 2707 2382 2764 diendum
2427 2709 2590 2787 illum
2641 2710 2888 2766 certatim
2915 2709 3254 2767 confluebant
3281 2714 3380 2768 viri
3404 2714 3699 2771 multarum

2127 2797 2439 2855 facultatum
2466 2801 2642 2872 periti,
2671 2809 2724 2856 et
2743 2817 2800 2856 se
2826 2801 2942 2857 fore
2961 2802 3149 2858 beatos
3172 2803 3576 2869 existimabant,
3600 2807 3698 2876 qui

2130 2889 2197 2945 ad
2225 2889 2342 2959 ejus
2369 2889 2591 2946 fuissent
2622 2890 3040 2947 familiaritatem
3093 2892 3332 2948 admissi.
3380 2893 3532 2949 Multi
3563 2910 3698 2965 quo-

2129 2995 2232 3050 que
2259 2980 2551 3053 principes,
2600 2975 2806 3037 nobiles
2830 2990 2885 3037 et
2934 2984 3079 3038 cives
3132 2983 3339 3042 Rabani
3383 2987 3700 3057 magiSterio

2131 3073 2270 3129 filios
2318 3089 2445 3129 suos
2495 3075 2882 3130 commiserunt
2928 3066 3264 3142 imbuendus,
3313 3078 3478 3132 variis
3527 3078 3696 3148 atque

464 2178 714 2252 gritatem
745 2176 1025 2233 monachis
1073 2174 1394 2240 commissis,
1427 2189 1530 2246 nec
1583 2174 1761 2228 minus
1789 2175 1845 2230 in
1881 2174 2031 2258 ordi-

465 2267 641 2329 nanda
658 2282 788 2323 cura
811 2267 1126 2332 domestica,
1154 2273 1265 2320 tam
1297 2263 1553 2335 frequens
1582 2263 1686 2320 fuit
1711 2273 1767 2321 et
1791 2266 2028 2332 sedulus,

465 2364 526 2415 ut
541 2357 729 2414 orandi
756 2347 960 2411 nullum
979 2356 1251 2412 videretur
1271 2355 1469 2425 habere
1494 2361 1844 2411 momentum.
1866 2343 2032 2412 Amor

465 2444 660 2518 quippe
676 2446 797 2512 Dei,
827 2460 934 2515 quo
961 2453 1105 2500 totus
1131 2444 1352 2500 ardebat
1396 2445 1667 2511 incensus,
1698 2461 1805 2500 non
1833 2447 2032 2516 permi-

464 2533 535 2592 sit
559 2547 678 2590 esse
697 2534 952 2600 otiosum,
987 2534 1263 2604 quoniam,
1292 2533 1447 2588 sicuti
1467 2543 1724 2603 expertus
1752 2535 2030 2590 verissime

465 2621 650 2679 beatus
679 2631 903 2678 testatur
953 2622 1266 2693 Gregorius,
1308 2637 1461 2678 amor
1488 2621 1585 2679 Dei
1630 2639 1916 2703 nunquam
1945 2634 2031 2680 est

464 2712 688 2768 otiosus.
717 2711 974 2783 Speratur
1001 2712 1143 2768 enim
1173 2727 1388 2783 magna,
1423 2713 1469 2768 si
1505 2721 1589 2769 est
1616 2730 1631 2780 ;
1658 2715 1800 2784 quod
1827 2717 1872 2770 si
1897 2730 2026 2786 ope-
2074 2779 2076 2781 _

466 2802 576 2858 rari
631 2803 829 2868 renuit,
889 2799 1130 2872 profecto
1183 2817 1342 2858 verus
1398 2802 1494 2860 Dei
1551 2818 1703 2859 amor
1753 2820 2026 2876 nunquam

467 2892 588 2948 fuit.

531 2980 728 3042 Beatus
752 2983 934 3052 itaque
959 2983 1125 3038 abbas
1150 2981 1405 3040 Rabanus
1432 2987 1612 3041 ovium
1648 2986 1850 3045 Christi
1877 2988 2025 3046 solli-

464 3072 625 3140 citus,
649 3087 839 3145 parum
867 3071 1144 3144 indulgens
1166 3089 1275 3130 suae
1300 3073 1598 3132 infirmitati
1619 3086 1845 3146 naturae,
1868 3094 2026 3135 omne

467 3172 696 3233 tempus,
723 3162 865 3233 quod
907 3163 1348 3233 occupationibus
1397 3166 1475 3221 rei
1533 3166 1812 3225 familiaris
1851 3169 2025 3223 subri-
2052 3156 2099 3220 C
2129 3165 2427 3236 magniﬁcis
2473 3174 2859 3239 praeceptorem
2901 3165 3056 3220 donis
3080 3173 3136 3220 et
3173 3163 3488 3224 muneribus
3518 3168 3699 3226 lieno-

465 3268 592 3325 pere
616 3253 809 3324 potuit,
842 3254 1074 3318 orationi
1116 3263 1171 3310 et
1197 3253 1370 3311 studio
1398 3257 1674 3328 impendit.
1703 3258 2023 3334 Monachum

2129 3261 2333 3308 rantes.
2365 3253 2510 3321 Quos
2542 3254 2632 3310 ille
2680 3260 2830 3309 tanta
2877 3253 3158 3310 sedulitate
3179 3254 3380 3334 docuit,
3432 3273 3538 3330 qua
3569 3272 3696 3316 ma-

466 3342 652 3399 habuit
677 3342 896 3399 nomine
923 3341 1172 3398 Strabum
1207 3355 1266 3410 ον
1281 3347 1457 3416 patria
1484 3346 1773 3414 Francum,
1800 3363 1867 3405 ex
1893 3350 2024 3405 urbe
2118 3342 2208 3412 lor
2236 3344 2532 3416 excogitari
2561 3344 2652 3399 vix
2681 3345 2962 3414 potuisset.
2992 3344 3117 3400 Fuit
3151 3347 3294 3400 enim
3321 3346 3566 3405 laborum
3591 3366 3695 3422 pu-

465 3431 852 3504 Praaapolitana
872 3431 900 3472 δ
926 3433 1242 3500 oriundum,
1272 3436 1463 3492 Mrum
1493 3437 1549 3490 in
1597 3439 1742 3496 omni
1793 3440 2021 3512 scientia

465 3521 766 3577 divinarum
817 3521 1281 3592 humanarumque
1306 3523 1607 3582 litterarum
1631 3527 2020 3595 doctissimum,

467 3613 706 3675 carmine
755 3627 818 3666 ac
845 3627 1007 3682 prosa
1032 3612 1189 3683 longa
1224 3615 1611 3691 exercitatione
1634 3619 1888 3695 peritum,
1926 3633 2026 3691 nec

467 3705 644 3762 minus
692 3703 815 3768 vitae
849 3703 1062 3765 merito,
1091 3718 1253 3774 quam
1283 3703 1684 3776 Scripturarum
1725 3709 2036 3764 eruditione»

468 3793 852 3858 venerandum,
905 3808 1063 3864 quem
1088 3801 1210 3865 post
1260 3809 1318 3850 se
1360 3796 1747 3852 monachorum
1778 3797 1974 3853 scholae
2000 3811 2024 3838 ο

466 3883 723 3956 praefecit,
745 3891 801 3941 et
828 3878 1190 3943 introductum
1250 3887 1474 3943 docendi
1525 3883 1741 3950 modum
1768 3890 2022 3946 observa-

466 3987 546 4039 re,
580 3982 635 4029 et
661 3975 978 4031 continuare
1029 3976 1320 4031 mandavit.
1368 3975 1469 4044 Qui
1498 3976 1726 4034 Strabus
1755 3987 1810 4034 et
1863 3996 2021 4052 prosa

463 4073 519 4120 et
544 4065 785 4122 carmine
835 4065 989 4135 plura
1034 4065 1263 4136 scripsit.
1317 4065 1434 4136 Ipse
1480 4067 1710 4137 denique
1746 4068 2020 4138 Rabanus,

469 4144 903 4227 uigilantissimus
937 4165 1144 4227 pastor,
1173 4173 1367 4213 munus
1404 4158 1626 4214 docendi
1661 4170 1877 4231 propter
1922 4163 2020 4219 ab-

463 4243 667 4308 batiam
691 4244 906 4317 penitus
926 4259 1032 4299 non
1055 4245 1441 4312 deseruit,.,nec
1461 4259 1492 4300 a
1521 4250 1905 4318 componendis
1928 4266 2022 4306 vo-

466 4333 756 4390 luminibus
800 4334 1052 4389 cessavit.
1099 4335 1322 4389 Amator
1364 4348 1556 4405 nempe
1608 4322 1703 4392 Dei
1752 4327 2016 4409 sincerus,

461 4420 677 4496 quoties
704 4430 1002 4494 opportune
1027 4423 1219 4493 potuit,
1245 4423 1469 4482 docendi
1489 4423 1742 4493 ofﬁcium,
1764 4437 1824 4482 ut
1845 4430 2014 4499 prius,

495 4584 500 4592 “
534 4607 562 4638 ι
597 4594 782 4650 Potius
832 4594 1130 4663 undecimus
1153 4592 1368 4663 fuisset
1419 4594 1732 4663 Trithemio,
1789 4613 1909 4654 cum
1945 4600 2013 4656 28

459 4665 583 4723 Jan.
634 4665 759 4718 anni
787 4662 889 4737 8H
927 4661 984 4717 S.
1012 4661 1235 4737 Carolo_
1250 4661 1440 4737 Magno
1483 4661 2009 4737 patri_suceesserit,

459 4742 556 4816 apt
580 4733 942 4816 certe-primus
970 4739 1175 4786 tantum
1195 4731 1417 4802 Eugenii
1452 4731 1601 4802 papa:
1621 4734 1663 4789 ll
1683 4739 1850 4793 creati
1871 4731 2013 4796 anno

460 4805 584 4870 εει,
606 4802 692 4858 die
718 4798 784 4856 f9
809 4798 951 4855 Maii.
1282 4798 1301 4802 ’
1453 4798 1471 4801 ⁷
1521 4798 1540 4802 ⁷

461 4939 510 4952 ﬂ
533 4875 562 4952 ξ
599 4871 845 4952 toto
864 4884 1039 4952 hanno.
1049 4940 1060 4951 .
1209 4877 1263 4923 et
1291 4867 1401 4923 fere
1429 4871 1669 4950 sequenti
1696 4873 1811 4952 82f_i_
1834 4877 2013 4952 adhuc

461 4939 834 5010 Baistulphum
860 4939 1067 5010 Otgarii
1084 4940 1427 5010 decessorem
1467 4939 1876 5010 vixissescribit
1913 4945 2012 5000 Se-

462 5013 648 5067 ranius
672 5007 792 5063 'lib.
815 5024 868 5061 IV
893 5007 1020 5063 R'er.
1053 5008 1312 5078 Mogunt.,
1363 5007 1546 5078 aitque
1576 5007 1645 5078 28
1673 5008 1921 5067 Decemb.
1956 5014 2010 5068 in

464 5079 601 5135 festo
627 5079 974 5133 lnnocentum
1021 5076 1160 5132 anni'
1173 5078 1277 5132 826
1303 5077 1524 5146 abiisse,
1558 5076 1642 5130 cui
1675 5080 1852 5146 potius
1874 5096 2015 5137 anno

464 5150 568 5206 827
597 5161 874 5204 successor
899 5147 1055 5201 datus
1084 5154 1167 5216 est
1210 5146 1480 5216 Otgarlus.
1507 5145 1859 5216 Haistulphus
1884 5165 2012 5204 san-

463 5219 575 5297 etis
585 5226 975 5297 annumeratur
1002 5216 1056 5270 in
1091 5214 1238 5271 Actis
1267 5214 1396 5270 mss.
1445 5214 1797 5285 patronorum
1829 5219 2016 5272 civita-

462 5289 533 5343 tis
557 5288 893 5356 Moguntina.

495 5427 510 5436 _
533 5367 558 5436 ξ
602 5355 1022 5436 llunc_eumder_n
1042 5359 1162 5436 esse
1179 5353 1530 5436 Walafridum
1554 5355 1872 5411 Strabonem
1893 5354 2014 5409 dein

464 5423 925 5494 abbatemjugia;
956 5423 1169 5494 divitis,
1184 5439 1346 5494 supra
1375 5424 1595 5479 dictum.

531 5494 559 5533 ἀ
582 5494 677 5573 An
700 5491 1409 5573 .f’oapolifgna‘scrib‘endum
1429 5494 1578 5573 ?:1réz
1603 5495 1787 5573 herba,
1808 5495 2012 5573 μεμε-ηδ

468 5561 758 5631 Herbipolis
815 5560 1158 5631 intelligatur.
1190 5561 1265 5631 De
1297 5561 1414 5616 loco
1437 5564 1552 5631 ejus
1577 5563 1742 5617 natali
1773 5563 1897 5616 alibi
1929 5564 2011 5616 ni-

465 5630 551 5700 bii?
565 5627 807 5700 legimus.
853 5629 1202 5700 Tritliemius,
1230 5630 1321 5700 libi.
1352 5647 1388 5684 ιι
1420 5627 1484 5686 de
1516 5633 1658 5686 Viris
1683 5632 2004 5695 illustribus,

467 5699 559 5753 ubi
581 5697 835 5755 Strabum
859 5711 890 5752 ι
939 5697 1234 5762 Walal'rido
1264 5699 1426 5758 alium
1455 5702 1660 5769 statuit,
1717 5711 2006 5772 utrumque

2044 4491 2100 4552 D

2125 3433 2283 3498 tiens,
2312 3440 2366 3488 et
2405 3433 2495 3502 qui
2530 3433 2632 3488 sibi
2683 3432 2822 3487 nihil
2843 3448 3129 3489 onerosum
3160 3443 3251 3490 aut
3296 3451 3458 3507 grave
3483 3439 3696 3510 judica-

2123 3521 2237 3588 bat,
2269 3524 2412 3592 quod
2434 3521 2516 3586 vel
2543 3523 2610 3577 ad
2637 3522 2734 3578 Dei
2761 3523 3044 3590 honorem,
3070 3523 3154 3579 vel
3181 3526 3248 3582 ad
3273 3529 3502 3596 proximi
3528 3532 3696 3600 perti-

2126 3611 2290 3684 nebat
2339 3611 2645 3679 utilitatem,
2700 3614 2840 3669 unde
2893 3615 2993 3670 sibi
3030 3615 3130 3671 soli
3180 3623 3338 3673 natus
3385 3620 3554 3675 videri
3583 3637 3691 3678 non

2128 3704 2313 3769 voluit,
2360 3704 2453 3774 qui
2505 3704 2730 3760 salutem
2780 3705 3006 3760 aliorum
3049 3721 3262 3776 semper
3310 3717 3370 3763 ut
3408 3710 3684 3779 propriam

2126 3792 2390 3863 quaesivit.
2423 3791 2506 3848 Ad
2557 3794 2794 3864 regimen
2858 3795 3181 3860 animarum,
3209 3795 3317 3851 Deo
3342 3799 3683 3867 providente,

2126 3882 2279 3938 valde
2305 3880 2408 3937 fuit
2438 3883 2681 3948 idoneus,
2713 3883 3005 3952 vigilantia,
3068 3886 3286 3954 pietate,
3339 3887 3688 3955 discretione,

2125 3969 2432 4042 prudentia,
2471 3986 2656 4041 opere,
2707 3981 2761 4027 et
2790 3973 3031 4027 doctrina
3069 3975 3202 4028 nulli
3255 3977 3538 4031 secundus.
3569 3978 3690 4034 Non

2123 4070 2242 4118 erat
2267 4076 2430 4132 penes
2466 4062 2614 4118 illum
2667 4063 2902 4132 acceptio
2953 4077 3328 4132 personarum,
3360 4067 3454 4121 sed
3496 4052 3691 4124 electio

2123 4152 2233 4208 sola
2257 4139 2568 4208 meritorum
2600 4171 2613 4208 :
2645 4154 2742 4223 qui
2764 4153 2966 4220 statim,
2990 4158 3048 4207 ut
3078 4154 3243 4209 abbas
3268 4155 3549 4212 ordinatus
3572 4156 3692 4214 fue-

2122 4249 2228 4307 rat,
2259 4248 2318 4296 ut
2358 4239 2580 4310 iustitia:
2631 4241 2965 4311 magistram,
3019 4241 3073 4294 in
3107 4242 3358 4297 omnibus
3410 4243 3698 4302 Benedicti

2120 4331 2289 4401 patris
2323 4331 2645 4399 sequebatur
2669 4330 2927 4396 regulam,
2977 4345 3008 4384 a
3032 4344 3138 4399 qua
3187 4331 3240 4385 in
3275 4332 3559 4388 omni‘vita
3585 4348 3686 4391 sua

2123 4435 2397 4491 nunquam
2445 4429 2647 4476 temere
2673 4419 2979 4475 declinavit.
3009 4420 3067 4475 ln
3096 4421 3212 4492 ipsa
3241 4436 3474 4494 namque
3495 4425 3687 4496 regula

2123 4600 2331 4655 natione
2359 4595 2696 4652 Teu'onicum
2721 4595 2906 4652 scribit
2927 4609 3043 4664 cap.
3075 4595 3144 4650 35
3167 4604 3221 4650 et
3246 4596 3362 4650 41..

2195 4681 2218 4710 ο
2257 4670 2335 4746 _De
2359 4682 2424 4722 eo
2452 4682 2610 4746 supra
2629 4665 3263 4746 Egi.mus._.Gerungumﬁll
3283 4666 3533 4746 abbatem
3561 4666 3693 4746 Hir-

2120 4739 2457 4808 saugiensem
2482 4733 2605 4816 eius
2629 4733 2813 4816 Fulda:
2838 4733 3155 4804 discipulum
3192 4734 3359 4789 fuisse
3401 4736 3596 4818 probat
3619 4737 3684 4793 in

2119 4807 2384 4864 Chronico
2432 4805 2774 4864 Hirsaugenm
2804 4804 2873 4858 ad
2922 4819 3120 4857 annum
3173 4804 3276 4859 854
3323 4803 3681 4864 Trtthemius,

2120 4820 2384 4864 chronica
2432 4820 2774 4884 mrsaugensi
2804 4820 2873 4858 an
2922 4820 3120 4884 annum
3173 4820 3276 4859 una
3324 4820 3681 4886 ‘rritnemrus,

2120 4878 2300 4946 aitque
2327 4891 2386 4930 se
2419 4894 2443 4946 ι-
2470 4887 2735 4946 reperisse
2770 4871 2950 4946 Strabi
2988 4873 3222 4946 libellum
3265 4874 3332 4946 de
3376 4873 3684 4946 arithmeti-

2121 4941 2663 5007 cis'dimensioui'bus,
2697 4945 2780 4997 cui
2809 4942 3069 5011 praeponit
3108 4941 3393 5009 epistolam
3418 4943 3486 4998 ad
3533 4942 3685 4999 hunc

2117 5013 2424 5083 Gerungum
2455 5010 2956 5083 sicgincipientem‘}
2999 5010 3443 5083 Reuerendissimo
3489 5012 3681 5083 merito

2120 5080 2470 5150 Ifatrifaetate
2502 5080 2636 5149 ﬁlio,
2679 5080 2856 5150 littera
2884 5080 3160 5150 discipulo,
3204 5081 3374 5148 gratia
3425 5082 3681 5150 magistro

2121 5149 2379 5220 (ἓεπίιηθρΔ
2397 5148 2570 5220 abbati
2599 5148 3155 5220 wternrejeqtitudinis
3184 5151 3461 5220 praemium
3497 5148 3680 5220 possi-

2120 5219 2258 5288 dere.
2290 5217 2313 5272 ἰ
2337 5218 2461 5273 Haec
2488 5219 2557 5272 ibi
2579 5234 2698 5288 quae
2738 5217 2971 5272 difﬁcilia
3001 5226 3127 5272 sunt
3151 5236 3164 5270 :
3187 5217 3320 5272 nam
3348 5217 3682 5288 Walafridus

2123 5287 2348 5343 Strabus
2374 5287 2611 5357 quinque
2636 5297 2759 5343 ante
2786 5288 2939 5342 annis
2969 5288 3103 5342 obiit
3148 5303 3308 5356 quam
3352 5289 3442 5343 bic
3466 5287 3681 5357 Gerun—

2121 5373 2221 5429 gus
2233 5355 2448 5412 creatus
2471 5355 2807 5429 fueritabbas
2835 5375 2846 5408 :
2875 5357 3015 5429 quod
3040 5355 3678 5429 a_B_rovveroponanim-

2119 5420 2435 5490 adversum,
2487 5426 2578 5494 qui
2626 5427 2813 5481 eodem
2863 5420 3037 5494 capite
3073 5425 3138 5479 il
3173 5427 3266 5481 lib.
3298 5443 3316 5482 1
3351 5420 3516 5489 Fuld.
3551 5420 3675 5478 Ἀη-

2118 5496 2213 5566 tiq.
2266 5503 2337 5566 et
2361 5493 2619 5566 iStrabum
2671 5510 2788 5566 esse
2852 5493 3225 5566 walafridum,
3294 5503 3681 5566 mortuumque

2115 5562 2256 5637 anno
2280 5564 2594 5637 849_tradit,
2625 5574 2678 5621 et
2717 5564 2840 5620 hinc
2867 5567 3057 5636 probat
3085 5564 3392 5637 Gerungum
3433 5562 3678 5634 discipu-

2115 5632 2224 5688 lum
2249 5632 2362 5703 ejus
2387 5633 2572 5694 fuisse,
2867 5632 2885 5636 “
3274 5632 3291 5637 ⁷
3571 5632 3594 5634 “
3618 5642 3626 5674 ῖ
