3940 6330
242 357 310 415 39
1582 349 2085 408 PROLEGOMENA
2096 394 2109 408 .
3408 356 3474 412 90

242 469 321 523 sic
343 467 507 520 abbas
533 447 852 519 Benedictus
875 466 1092 519 mandat
1120 464 1299 518 abbati
1341 482 1351 515 :
1390 482 1406 514 ι
1454 462 1569 517 Non
1594 477 1800 531 praepo-
1831 468 1882 528 Α
1909 479 1937 518 a
1959 468 2179 532 mundo,
2208 475 2489 538 propterea
2523 467 2697 522 factus
2733 475 2815 522 cst
2839 465 2948 520 Deo
2972 467 3263 536 proximus,
3292 476 3345 521 et
3372 467 3472 521 sibi

241 565 404 608 natur
454 554 718 624 ingenuus
754 568 821 608 ex
864 554 1085 608 servitio
1134 544 1507 616 convertenti,‘
1543 552 1645 606 nisi
1700 552 1804 606 alia

233 660 404 700 causa
432 643 764 707 rationabilis,
787 642 1337 697 existatulﬂnim-vem
1364 643 1474 696 sive
1499 653 1705 706 servus,
1734 640 1806 695 si-

238 751 308 790 ve
338 735 490 799 liber,
520 748 706 787 omnes
736 747 897 787 unum
920 734 974 786 in
999 733 1214 787 Christo
1249 749 1453 796 sumus,
1490 742 1544 786 et
1571 733 1669 786 sub
1697 746 1803 786 uno

241 824 469 878 Domino
492 822 748 890 aequalem
769 821 1044 876 servitutis
1064 821 1310 876 militiam
1334 820 1655 889 hajulamus,
1679 819 1802 887 quia

240 929 349 969 non
371 922 456 968 est
483 914 620 981 apud
651 913 815 968 Deum
842 910 1194 984 personarum
1219 914 1479 982 acceptio.
1510 911 1805 966 Solummo-

238 1007 310 1060 do
336 1007 388 1059 in
417 1006 517 1058 hac
538 1012 688 1074 parte
715 1005 852 1073 apud
876 1004 1050 1073 ipsum
1100 1003 1473 1068 discernimur,
1499 1003 1545 1056 si
1576 1002 1804 1059 humiles

238 1103 293 1149 et
322 1094 568 1148 meliores
595 1094 803 1147 ueteris
831 1093 884 1146 in
929 1092 1084 1147 bonis
1136 1093 1411 1146 etsanctis
1437 1091 1690 1160 operibus
1724 1091 1803 1145 in-

237 1185 536 1258 veniamur.
571 1202 588 1235 ι
620 1182 743 1237 Hmc
767 1191 821 1237 et
859 1182 959 1235 alia
991 1182 1299 1236 monastice:
1350 1179 1696 1250 perfectionis
1717 1180 1803 1234 in-

239 1273 432 1328 stituta
457 1280 672 1328 sanctus
703 1272 869 1326 abbas
894 1271 1172 1335 Rabanus,
1203 1283 1306 1326 una
1333 1286 1456 1326 cum
1485 1269 1802 1340 evangelicis

237 1364 521 1432 praeceptis
543 1371 701 1430 atque
731 1361 970 1416 consiliis
993 1362 1370 1417 observatione
1400 1361 1604 1416 studuit
1628 1361 1799 1416 adim-

237 1453 386 1522 plere
411 1453 683 1518 continua,
709 1461 764 1507 et
804 1451 1010 1507 ﬁdelem
1062 1467 1119 1507 se
1147 1451 1350 1508 Christi
1377 1454 1685 1508 ministrum
1716 1461 1797 1507 at.-

203 1613 208 1616 _
235 1559 343 1612 que
360 1543 620 1599 vicarium
643 1545 695 1597 in
721 1544 1044 1599 monasterio
1065 1543 1324 1598 exhibuit.
1354 1545 1412 1598 ln
1442 1545 1687 1599 doctrina
1703 1559 1798 1598 sua

235 1637 476 1707 regulam
504 1637 791 1692 custodivit
820 1637 1186 1706 apostolicam,
1220 1639 1272 1691 in
1300 1653 1404 1707 qua
1431 1637 1628 1691 Paulus
1654 1652 1801 1690 ama-

236 1734 324 1780 tor
359 1725 558 1781 Christi
587 1726 859 1796 praecepit,
905 1725 1087 1780 dicens
1111 1725 1176 1778 ad
1204 1725 1524 1794 discipulum
1557 1742 1570 1776 :
1605 1725 1799 1793 Argue,

1905 564 2004 626 per
2041 559 2310 613 binarium
2358 560 2412 613 in
2437 558 2674 618 ternario
2704 557 3000 611 monastice
3051 558 3250 610 unitus.
3307 557 3474 627 ilujus

1903 649 2254 704 sanctissima:
2309 647 2738 704 conversationis
2798 648 2863 699 ad
2920 646 3200 701 monadem
3252 647 3473 700 ternarii

1901 732 2216 807 mysterium
2253 753 2411 791 nemo
2435 720 2642 790 utiliter
2672 734 2939 804 intelligit,
2988 735 3077 803 qui
3111 732 3285 806 adhuc
3316 735 3473 789 vitio-

1901 841 2019 879 rum
2072 826 2288 894 pulvere
2331 824 2613 880 sordescit.
2669 823 2924 892 Quisquis
2975 825 3116 876 enim
3163 811 3475 892 purgatusa

1900 913 2264 982 voluptatibus
2315 913 2516 974 carnis,
2558 920 2613 964 et
2674 919 2985 981 segregatus
3030 926 3059 963 a
3087 911 3238 987 va'nis
3273 899 3472 968 mundi

1901 1004 2346 1060 sollicitudinibus
2367 1004 2420 1057 in
2447 1004 2604 1058 domo
2626 1003 2837 1056 Domini
2868 1018 3021 1056 secus
3042 998 3214 1057 solum
3241 1005 3468 1071 habitat,

1898 1092 2015 1163 jam
2045 1093 2229 1148 oculos
2260 1094 2456 1147 mentis
2485 1101 2700 1161 apertos
2730 1093 2930 1146 habere
2962 1092 3306 1149 laudabiliter
3332 1095 3470 1150 inci-

1900 1185 1998 1254 pit,
2022 1193 2078 1238 et
2099 1184 2231 1238 nihil
2252 1197 2446 1254 prmtcr
2478 1185 2646 1239 Deum
2677 1184 2848 1238 solum
2872 1183 2957 1239 vel
2979 1191 3124 1238 amat
3155 1185 3238 1239 vel
3263 1187 3471 1241 metuit.

1904 1275 2021 1342 Quo
2049 1262 2391 1330 sanctissimo
2414 1275 2746 1345 purgationis
2790 1290 2986 1344 genere
3006 1274 3350 1335 beatissimus
3377 1279 3472 1331 ab-

1901 1366 1998 1421 bas
2016 1366 2271 1419 Rabanus
2295 1365 2523 1420 mirifice
2553 1366 2870 1429 illustratus,
2900 1360 3070 1419 Deum
3100 1378 3261 1433 super
3285 1366 3467 1420 omnia

1903 1457 2083 1512 timuit
2107 1474 2119 1509 :
2150 1457 2203 1510 in
2227 1454 2377 1522 cujus
2404 1472 2663 1526 apparere
2695 1465 2986 1526 conspectu
3014 1465 3106 1510 aut
3134 1470 3280 1527 reus.
3307 1465 3401 1510 aut
3432 1473 3462 1512 ει
3542 1437 3549 1445 ’

1899 1549 2042 1604 bono
2070 1563 2230 1616 opere
2257 1563 2457 1602 vacuus
2482 1549 2736 1602 horribile
2782 1547 3062 1615 judicavit.
3094 1546 3355 1612 Quocirca
3388 1548 3470 1602 fu-

1901 1647 2037 1692 turae
2065 1639 2167 1692 sibi
2215 1639 2407 1696 mortis
2447 1639 2831 1709 imaginatione
2881 1639 3074 1693 crebro
3127 1640 3469 1707 perterritus,

1902 1726 1988 1780 cui
2009 1733 2153 1780 esset
2183 1726 2528 1781 villicationis
2558 1743 2668 1781 sua:
2695 1729 2958 1782 rationem
3005 1729 3326 1797 quandoque
3355 1730 3473 1784 red-

234 1815 464 1880 obsecra,
488 1816 694 1884 increpa
751 1813 835 1885 (II
860 1813 993 1866 Tim.
1017 1813 1114 1884 tv),
1155 1813 1206 1867 id
1243 1823 1347 1879 est,
1377 1813 1543 1868 misce
1570 1812 1804 1868 discreto
1831 1814 1877 1872 B
1907 1814 2135 1880 diturus,
2190 1815 2376 1870 sedulo
2423 1817 2713 1884 cogitabat,
2765 1817 2940 1871 sciens
2996 1825 3168 1872 artem
3208 1833 3328 1873 esse
3351 1834 3470 1873 om-

232 1903 480 1959 examine
507 1903 839 1972 temporibus
867 1911 1131 1972 tempora,
1163 1909 1218 1957 et
1249 1902 1547 1958 terroribus
1583 1901 1794 1957 blandi-

235 1996 432 2048 menta.
453 1992 633 2046 Dirum
649 1993 888 2063 magistri
910 2001 962 2047 et
985 1991 1129 2061 pium
1147 1992 1315 2061 patris
1340 1990 1588 2045 aii'ectum
1617 1990 1795 2060 subje-

232 2085 333 2139 ctis
352 2082 746 2150 sibimonachis
770 2082 1032 2144 exhibuit,
1059 2081 1274 2152 quando
1295 2081 1718 2150 indisciplinatos
1741 2088 1796 2135 et

232 2173 398 2228 duros
417 2173 589 2228 corde
612 2173 850 2227 severius
880 2171 1072 2242 arguit,
1134 2170 1445 2226 obedientes
1484 2186 1614 2226 vero
1638 2185 1792 2225 man-

233 2277 414 2323 suetos
447 2274 502 2322 et
532 2265 782 2330 humiles,
810 2272 870 2318 ut
897 2265 952 2318 in
981 2263 1171 2318 melius
1201 2263 1544 2333 proficerent,
1574 2272 1796 2333 paterno

233 2356 424 2411 affectu
446 2354 727 2411 benivolus
750 2354 1069 2408 obsecravit.
1120 2352 1406 2423 Nunquam
1436 2353 1798 2409 dissimulavit

230 2454 456 2519 peccata
499 2444 941 2514 delinquentium,
970 2445 1063 2500 sed
1091 2445 1217 2498 'mox
1250 2452 1310 2498 ut
1350 2445 1482 2499 oriri
1512 2444 1800 2513 coepissent

233 2537 388 2604 vitia,
420 2535 676 2592 radicitus
707 2535 1020 2604 amputavit.
1052 2533 1404 2590 ilonestiores‘
1423 2536 1645 2589 enimet
1674 2534 1794 2589 ani-

233 2625 336 2688 mis
366 2626 758 2702 generosiores,
805 2625 978 2700 prima
1021 2624 1106 2680 vel
1160 2624 1391 2680 secunda
1437 2624 1798 2680 admonitione

231 2723 463 2778 blandus
512 2721 793 2792 corripuit,
843 2729 893 2775 et
933 2721 1175 2776 oratione
1206 2710 1639 2774 mansuetissima
1665 2733 1796 2774 con-

237 2812 417 2869 festim
482 2813 550 2867 ad
603 2793 911 2867 sanitatem]
940 2812 1134 2867 mentis
1187 2811 1494 2875 revocavit;
1526 2810 1798 2878 improbos

231 2917 380 2966 vero,
410 2903 456 2957 si
506 2901 598 2972 qui
633 2900 1018 2966 occurrissent,
1050 2900 1215 2955 duros
1239 2900 1422 2965 corde,
1460 2899 1718 2968 superbos
1745 2906 1800 2954 et

231 2993 616 3057 inobedientes,
646 3007 754 3048 non
776 2992 952 3047 verbis
977 2992 1152 3056 modo,
1177 2992 1272 3046 sed
1297 2993 1456 3047 etiam
1489 2991 1800 3048 verberibus

230 3093 285 3140 et
315 3082 642 3138 abstinentia
691 3081 929 3137 severius
961 3082 1264 3152 castigavit,
1303 3083 1480 3138 sciens
1515 3083 1794 3151 scriptum,

1901 1905 2053 1961 nium
2088 1906 2286 1960 artium
2317 1907 2556 1977 regimen
2611 1908 2935 1978 animarum.
2968 1908 3295 1964 Continuum
3345 1925 3475 1981 ergo

1896 1997 2090 2052 futura:
2119 1997 2346 2053 rationis
2397 1999 2682 2055 reddendae
2731 2002 3047 2056 memoriam
3078 2002 3389 2058 revolvebat
3419 2003 3473 2058 in

1895 2097 2094 2154 mente,
2127 2089 2303 2144 sciens
2330 2090 2586 2144 nimirum
2645 2091 2814 2161 culpae
2851 2093 3086 2161 pastoris
3136 2090 3470 2160 incumbere,

1894 2177 2152 2246 quidquid
2182 2177 2236 2232 in
2286 2179 2478 2234 ovibus
2523 2181 2635 2235 suis
2674 2181 3066 2251 paterfamilias
3102 2185 3279 2240 minus
3323 2181 3474 2238 utili-

1896 2266 2025 2320 tatis
2052 2267 2290 2334 potuerit
2319 2267 2579 2322 invenire.
2613 2269 2904 2340 Propterea
2935 2289 3144 2329 summo
3167 2282 3359 2328 conatu
3389 2274 3470 2329 sic

1897 2355 2087 2410 statuit
2109 2357 2312 2423 vivere,
2358 2365 2434 2424 ut,
2464 2369 2724 2429 quantum
2763 2359 3026 2432 fragilitas
3077 2363 3340 2431 permittit
3368 2363 3470 2416 hu-

1896 2459 2078 2509 mana,
2103 2449 2346 2502 securior
2370 2458 2658 2520 appareret
2679 2465 2860 2506 coram
2876 2451 2985 2506 Deo
3006 2452 3060 2506 in
3092 2451 3358 2521 reddenda
3389 2467 3475 2505 ra-

1898 2535 2061 2590 tione.
2102 2536 2250 2596 Unde
2300 2556 2406 2594 non
2445 2541 2623 2595 minus
2653 2555 2816 2610 opere
2866 2555 3029 2612 quam
3079 2550 3348 2605 sermone,
3377 2556 3471 2593 ve-

1899 2640 2018 2704 rum
2046 2643 2104 2683 se
2131 2629 2278 2683 omni
2306 2640 2543 2699 tempore
2574 2639 2849 2700 pastorem
2904 2632 3085 2690 avium
3124 2629 3324 2686 Christi
3361 2639 3474 2686 stu-

1899 2715 2015 2773 duit
2042 2718 2321 2774 exhibere.
2353 2719 2419 2773 Et
2453 2720 2521 2775 ob
2544 2721 2596 2774 id
2623 2721 2801 2775 omnia
2831 2733 2950 2792 quae
2983 2719 3261 2790 discipulis
3292 2719 3473 2774 docuit

1898 2825 2018 2866 esse
2043 2811 2314 2867 contraria
2367 2811 2422 2865 in
2471 2813 2584 2868 suis
2608 2812 2776 2868 factis
2826 2813 3063 2868 ostendit
3101 2828 3208 2868 non
3241 2813 3466 2883 agenda.
3555 2863 3558 2867 .

1900 2900 2268 2971 Omnipotenti
2331 2902 2440 2973 Deo
2495 2916 2552 2956 se
2606 2911 2816 2973 gratum
2884 2902 3093 2957 cunctis
3169 2902 3470 2958 actionibus

2321 2971 2346 2983 Δ

1898 2973 2153 3047 exhibere
2203 2973 2431 3056 studuit,
2463 3005 2620 3061 quem
2673 3007 2808 3062 pura
2857 2992 3208 3057 conscientia,
3265 2991 3467 3046 mundo

1899 3082 2078 3149 corde,
2103 3090 2163 3139 et
2197 3083 2595 3138 ferventissimo
2650 3083 2929 3139 charitatis
2957 3083 3224 3139 desiderio
3246 3083 3465 3136 amavit.

231 3175 356 3246 quia
404 3172 594 3228 stultus
648 3188 752 3226 non
797 3173 1076 3241 corrigitur
1117 3173 1280 3227 verbis
1312 3172 1492 3245 (Prov.
1517 3172 1693 3245 xvnt).
1727 3163 1866 3257 ξεί]
1897 3171 1979 3227 Ad
2005 3187 2064 3228 se
2099 3173 2273 3243 ipsum
2311 3182 2456 3228 recta
2513 3174 2921 3228 conversatione
2962 3171 3472 3243 semperordinatus

231 3266 429 3320 lterum
460 3281 473 3316 :
500 3261 721 3315 Percute
755 3260 922 3329 filium
949 3269 1096 3314 tuum
1132 3260 1300 3330 uirga,
1349 3270 1396 3315 et
1422 3260 1660 3315 liberabis
1681 3261 1796 3314 ani-

233 3370 372 3406 mum
399 3352 523 3423 ejus
555 3367 588 3406 a
611 3359 770 3404 morte
802 3349 936 3423 [Al.,
969 3350 1031 3404 de
1058 3343 1287 3421 inferno]
1319 3347 1791 3421 (Prov.xxm,i4).

232 3444 628 3500 Meditationem
656 3441 947 3497 Dominica:
975 3441 1238 3511 passionis
1272 3441 1325 3494 in
1353 3443 1512 3496 corde
1544 3455 1643 3494 suo
1687 3440 1797 3494 sin-

231 3534 399 3606 gulari
438 3533 721 3589 devotione
771 3531 1008 3602 quotidie
1043 3531 1247 3586 solebat
1299 3532 1596 3598 revolvere,
1618 3540 1671 3586 et
1700 3545 1797 3601 pro

232 3631 408 3680 morte
466 3619 1245 3678 Salvatoris’innocentissima
1274 3621 1578 3692 lacrymans
1622 3629 1682 3677 et
1697 3620 1798 3692 ge;

231 3730 380 3770 mens
409 3715 613 3786 gratias
640 3710 859 3768 referre.
891 3713 1084 3768 Fertur
1127 3713 1270 3768 enim
1306 3721 1550 3768 sanctam
1575 3713 1629 3768 in
1661 3728 1794 3768 con-

229 3805 570 3860 suetudinem
604 3805 843 3869 duxisse,
893 3812 951 3859 ut
983 3808 1255 3873 nunquam
1300 3803 1479 3860 cibum
1534 3810 1792 3868 sumeret,

189 3895 329 3966 .nisi
377 3895 532 3964 prius
572 3895 770 3964 gratias
815 3909 1006 3963 agens,
1043 3894 1231 3958 vitam,
1271 3901 1441 3958 actus,
1491 3902 1546 3948 et
1591 3893 1798 3963 passio-

231 4002 349 4043 nem
378 3986 616 4049 Domini,
647 3994 708 4040 et
745 3985 1036 4040 Salvatoris
1083 3986 1252 4040 nostri
1308 3984 1435 4041 Jesu
1465 3985 1690 4050 Christi,
1727 3985 1795 4040 ab

231 4075 608 4132 incarnatione
653 4074 913 4145 incipiens
949 4075 1015 4129 ad
1055 4089 1342 4129 ascensum
1372 4076 1489 4145 ejus
1517 4075 1569 4129 in
1597 4075 1794 4131 cmlum

226 4180 324 4236 per
351 4163 598 4236 singulos
625 4163 876 4220 articulos
903 4164 1228 4228 meditando,
1261 4166 1520 4235 gemendo
1565 4173 1618 4220 et
1637 4180 1794 4220 oran-

230 4254 705 4323 dopercurrisset.
733 4253 791 4308 In
849 4261 1221 4325 argumentum
1272 4264 1357 4309 est
1377 4255 1621 4311 veritatis
1660 4269 1795 4324 opus

228 4344 354 4399 illud
381 4345 451 4400 de
473 4343 744 4399 Laudibus
772 4353 970 4399 sanctae
1008 4343 1212 4410 Crucis,
1259 4343 1311 4398 in
1339 4359 1451 4413 quo
1476 4357 1684 4399 summa
1715 4343 1796 4398 di-

227 4433 447 4504 ligentia
471 4441 535 4488 et
557 4432 834 4488 devotione
884 4433 1138 4504 mysteria
1189 4433 1476 4488 Dominicae
1529 4432 1793 4503 passionis

229 4523 505 4578 enodavit.
537 4521 649 4576 Nisi
671 4523 813 4577 enim
836 4523 1060 4592 patienti
1082 4521 1298 4578 Christo
1318 4535 1641 4593 magnopere
1663 4520 1795 4577 fuis-

227 4624 308 4672 set
332 4630 672 4685 compassus,
697 4623 843 4670 tanta
873 4615 1087 4669 laudum
1138 4617 1404 4685 praeconia
1428 4629 1702 4684 nunquam
1723 4613 1793 4668 in

225 4705 340 4776 ejus
361 4706 634 4778 passionis
661 4706 972 4762 memoriam
1019 4706 1256 4761 scribere
1282 4707 1564 4776 potuisset.
1594 4705 1794 4761 Verum

228 4800 351 4870 quia
380 4807 623 4854 mentem
650 4796 862 4852 Christo
908 4797 1315 4866 compatientem
1365 4797 1574 4860 habuit,
1628 4795 1789 4862 vires,

226 4904 358 4959 quas
385 4888 608 4960 negavit
637 4887 938 4950 inﬁrmitas,
968 4887 1139 4956 pietas
1165 4885 1510 4939 ministravit.
1544 4883 1793 4939 Omnium

225 4993 460 5048 namque
504 4977 862 5046 spiritualium
915 4976 1291 5030 exercitiorum
1343 4975 1632 5029 Dominicae
1669 4989 1795 5043 pas-

220 5067 393 5121 sionis
421 5073 510 5122 est
532 5067 846 5131 maximum,
879 5066 931 5119 in
975 5080 1081 5134 quo
1103 5065 1417 5128 monachus,
1445 5064 1535 5133 qui
1563 5071 1712 5117 recto
1738 5071 1794 5118 et

225 5156 414 5224 sapido
447 5155 613 5210 modo
635 5155 796 5210 fuerit
823 5155 1087 5220 assiduus,
1137 5155 1248 5209 cito
1276 5168 1528 5222 magnum
1557 5151 1794 5206 inveniet

223 5245 656 5300 conversationis
710 5246 933 5300 interna:
988 5245 1306 5316 profectum.
1371 5242 1687 5296 Monachum
1735 5241 1789 5293 in

227 5335 324 5390 hac
345 5342 537 5389 sancta
562 5333 907 5389 meditatione
960 5335 1160 5389 homini
1209 5331 1476 5386 mundano
1505 5329 1786 5399 praeposui,

226 5433 516 5494 propterea
544 5423 687 5491 quod
706 5432 899 5478 exutus
949 5423 1178 5494 negotiis
1206 5419 1549 5476 saecularibus
1577 5417 1644 5471 ad
1671 5432 1788 5470 me-

224 5513 544 5568 ditationem
565 5511 857 5568 Dominicae
877 5512 1162 5581 passionis,
1195 5511 1314 5565 vita:
1336 5518 1390 5563 et
1406 5507 1594 5562 mortis
1614 5504 1789 5574 aptior

220 5599 339 5667 jure
369 5613 642 5658 censetur.

293 5692 502 5750 Rabani
533 5704 719 5749 autem
768 5694 1102 5749 conversatio
1131 5694 1356 5750 multum
1382 5697 1658 5761 segregata
1685 5687 1788 5742 fuit

1897 3263 2126 3328 exstitit,
2148 3271 2203 3319 et
2235 3279 2270 3316 a
2297 3263 2505 3329 semitis
2526 3262 2750 3332 iustitia:
2793 3264 3012 3318 minime
3041 3261 3343 3336 declinavit.
3383 3261 3466 3314 Ad

1896 3351 2148 3406 subditos
2167 3367 2380 3421 quoque
2418 3365 2543 3407 suos
2578 3351 2757 3406 debita
2783 3352 2880 3406 sub
2908 3351 3194 3419 vigilantia:
3221 3365 3352 3404 cura
3383 3364 3466 3404 or-

1897 3441 2138 3497 dinatum
2171 3456 2231 3497 se
2269 3442 2520 3511 praebuit,
2570 3456 2797 3511 quorum
2847 3440 3131 3493 utilitatem
3171 3445 3227 3491 et
3277 3434 3460 3506 profe«

1897 3539 2041 3588 ctum
2073 3531 2128 3585 in
2155 3532 2402 3586 omnibus
2424 3533 2688 3602 quaesivit.
2717 3532 2773 3587 ln
2805 3533 3067 3587 charitate
3090 3532 3320 3601 proximi
3341 3541 3468 3600 pro-

1896 3629 2016 3692 pter
2043 3621 2210 3676 Deum
2239 3622 2434 3677 ardens
2460 3622 2560 3676 fuit
2588 3631 2644 3678 et
2693 3619 2948 3693 fervidus,
2978 3622 3109 3676 nulli
3155 3621 3351 3692 gravis,
3381 3622 3466 3674 in-

1898 3722 2079 3781 quam,
2105 3711 2235 3767 nulli
2267 3712 2578 3783 iniuriosus,
2607 3712 2738 3767 nulli
2775 3713 3050 3777 molestus,
3075 3712 3168 3767 sed
3197 3712 3467 3766 neminem

1897 3803 2098 3858 laedens
2125 3802 2398 3859 benefecit
2448 3804 2735 3859 universis.
2777 3803 3112 3872 Evangelicis
3143 3802 3465 3857 'obedienter

1897 3894 2170 3950 inhzerens
2193 3894 2498 3964 praceptis,
2537 3895 2756 3960 bonum,
2791 3894 2932 3962 quod
2962 3892 3062 3947 sibi
3113 3891 3252 3954 fieri,
3279 3901 3468 3945 secun-

1895 3987 2025 4042 dum
2069 3995 2275 4043 rectum
2323 3986 2546 4041 rationis
2580 3984 2860 4053 judicium,
2905 3982 3114 4048 voluit;
3154 3982 3305 4052 prior
3348 3981 3464 4050 ipse

1895 4076 2015 4131 aliis
2039 4077 2227 4132 sedulo
2250 4076 2524 4146 impendit.
2557 4073 2756 4129 Omnes
2790 4073 2842 4127 in
2885 4072 3100 4128 Christo
3149 4071 3359 4126 sincere
3385 4070 3466 4124 di-

1895 4166 2041 4230 lexit,
2071 4179 2261 4226 omnes
2285 4167 2490 4221 honore
2516 4165 2795 4234 praevenit,
2823 4172 2875 4219 et
2901 4163 3110 4219 cunctis
3133 4178 3235 4233 pro
3258 4161 3465 4219 viribus

1894 4256 2209 4313 benefacere
2262 4247 2491 4311 curavit.
2551 4255 2927 4325 Semetipsum‘
2954 4246 3057 4308 sibi
3110 4268 3208 4324 pro
3260 4251 3462 4306 Christi

1895 4360 2079 4405 amore
2105 4349 2367 4405 veraciter
2397 4349 2688 4418 abnegans,
2718 4346 3043 4417 evangelicis
3079 4344 3367 4407 mandatis,
3398 4358 3463 4397 ac

1896 4440 2209 4514 monasticis
2234 4437 2661 4514 institutionibus
2696 4439 2847 4491 suam
2875 4437 2929 4490 in
2968 4434 3177 4489 cunctis
3215 4432 3462 4488 volunta-

1817 4505 1872 4566 D
1898 4537 2004 4584 tem
2029 4512 2256 4596 subjecit
2280 4544 2293 4593 ;
2326 4507 2768 4594 mortiﬁcatisque
2807 4524 3124 4595 perniciosis
3153 4521 3456 4585 desideriis,

1891 4627 1946 4675 et
1970 4617 2330 4688 voluptatibus
2359 4617 2560 4680 carnis,
2615 4615 2938 4671 Christiana:
2991 4628 3138 4669 arma
3185 4613 3463 4684 patientia:

1891 4707 2286 4778 assumpsit,'et
2306 4706 2407 4762 sub
2447 4705 2799 4762 confessionis
2831 4705 3019 4761 ordine
3045 4704 3308 4774 martyris
3345 4717 3451 4758 non

1891 4796 2078 4860 caruit,
2105 4803 2286 4864 utpote
2310 4795 2401 4864 qui
2427 4809 2622 4864 corpus
2651 4810 2805 4848 suum
2823 4793 3063 4863 jejuniis,
3090 4791 3306 4858 vigiliis,
3338 4799 3456 4845 ora-

1890 4883 2584 4953 tionibus,disciplinis,,et
2611 4881 2731 4937 aliis
2775 4882 2923 4936 duris
2971 4876 3451 4934 exercitationibus

1891 4975 2203 5030 monasticis
2251 4975 2366 5030 sine
2416 4973 2809 5028 intermissione
2853 4971 3090 5052 graviter
3130 4967 3450 5031 maceravit,

1869 5067 2165 5133 carnibus,
2208 5067 2334 5119 vino
2369 5072 2422 5118 et
2453 5063 2778 5133 quibuslibet
2806 5060 3095 5116 esculentis
3139 5053 3454 5112 lautioribus

1891 5171 2104 5225 semper
2125 5154 2381 5210 abstinuit
2410 5173 2422 5208 :
2474 5153 2634 5219 fabis,
2667 5153 2799 5222 pisis
2821 5193 2834 5218 ,
2884 5161 2938 5207 et
2981 5151 3219 5206 oleribus
3247 5155 3452 5226 natura:

1891 5247 2238 5316 indigentiam
2287 5254 2557 5314 utcunque
2603 5245 2943 5300 sustentavit.
2992 5242 3155 5309 Quasi
3213 5236 3454 5312 paradisi

1892 5335 2108 5390 delicias
2153 5334 2352 5388 amavit
2408 5334 2692 5403 jejunium,
2741 5342 2796 5389 et
2832 5330 3240 5388 necessitatibus
3274 5325 3455 5382 carnis

1892 5439 2102 5494 semper
2155 5424 2442 5494 pmposuit
2500 5419 2692 5478 animae
2726 5423 3130 5478 nutrimentum.
3179 5411 3449 5484 Quidquid

1889 5513 2296 5567 necessitatibus
2319 5512 2430 5566 suis
2445 5512 2617 5582 potuit
2639 5512 2932 5582 subripere,
2951 5511 3004 5566 in
3029 5523 3156 5564 usus
3167 5520 3291 5561 mox
3311 5515 3444 5574 pau-

1887 5602 2313 5671 perum'censuit
2339 5617 2580 5673 erogare.
2609 5602 2741 5658 Nam
2765 5601 3129 5673 pientissimus
3152 5594 3274 5653 cum
3302 5589 3448 5678 esset

1889 5689 1942 5744 in
1993 5704 2274 5759 pauperes,
2325 5701 2380 5746 et
2409 5703 2414 5710 '
2439 5691 2602 5760 abbas
2657 5691 2853 5756 Fuldzc,
2915 5683 2968 5745 et
3012 5678 3457 5762 archiepiscopus
