3940 6350
458 365 517 422 9:
610 420 611 423 χ
762 417 770 425 ,
1156 333 1165 343 ’
1571 363 1663 418 an
1699 360 1923 418 OPERA
1959 360 2019 414 Β.

2117 359 2309 416 ΑΒΑΝΙ
2345 360 2561 423 MAURI
3601 370 3668 423 92.

458 478 759 550 Moguntize,
783 484 930 532 tanta
963 490 1056 531 eos
1077 477 1540 532 commiseratione
1566 485 1879 545 prosecutus
1905 483 2010 541 est,
2037 477 2088 537 A
2113 475 2266 531 buas.
2294 475 2443 543 Quod
2466 476 2509 532 si
2537 474 2851 551 neglexeris.
2886 480 3117 543 animam
3147 488 3289 535 tuam
3333 480 3385 535 in
3426 480 3669 535 districto

458 576 516 622 ut
542 568 608 621 de
638 567 877 621 crastino
920 565 1118 619 nullam
1166 566 1435 621 videretur
1476 564 1676 619 habere
1727 563 2011 633 providen-

463 657 613 711 tiam.
649 656 800 711 Unde
854 663 909 709 et
938 671 966 707 a
997 655 1153 709 bonis
1195 655 1345 718 viris,
1395 653 1668 721 Deumque
1704 652 2011 707 timentibus

460 755 611 816 pater
637 745 1013 799 nominabatur
1033 745 1266 812 inopum,
1294 749 1349 796 et
1377 742 1571 811 hospes
1591 756 1898 810 egenorum.
1929 740 2013 795 Ab

463 834 564 888 illis
611 849 759 896 vero,
811 848 945 901 quos
999 832 1114 886 auri
1167 830 1360 898 cupido
1413 830 1732 884 insatiabilis
1776 831 2013 884 avaritia:

463 925 689 978 flammis
713 924 1041 987 incenderat,
1092 938 1194 976 non
1226 922 1364 993 pius,
1396 938 1502 976 non
1554 922 1881 988 misericors,
1907 938 2013 981 non

464 1014 765 1077 munificus,
798 1014 886 1068 sed
916 1013 1185 1083 prodigus,
1211 1027 1344 1066 vane
1367 1012 1650 1083 gloriosus,
1683 1020 1738 1066 et
1775 1012 2006 1083 dissipa-

466 1116 549 1160 tor
578 1104 884 1161 substantia:
908 1101 1128 1168 Christi,
1159 1117 1259 1171 per
1293 1101 1568 1171 injuriam,
1602 1096 1783 1171 potius
1804 1119 2013 1158 nuncu-

463 1197 579 1265 pari
608 1192 902 1249 consuevit.
932 1191 1008 1245 Ita
1039 1192 1210 1246 virtus
1235 1205 1447 1260 semper
1487 1191 1669 1245 habet.
1694 1206 1899 1256 osores,
1923 1189 2014 1261 qui

468 1282 849 1336 l’harismorum
878 1289 933 1334 et
965 1278 1274 1336 Scribarum
1323 1280 1588 1350 exemplo,
1615 1280 1832 1346 bonum,
1874 1281 2017 1350 quod

467 1381 658 1441 negare
681 1370 732 1422 in
760 1369 1007 1438 proximo
1035 1377 1330 1438 nequeunt,
1375 1370 1428 1423 in
1477 1379 1682 1439 partem
1714 1372 1908 1427 malam
1930 1380 2016 1448 at-_-

465 1473 565 1529 que
608 1459 881 1513 sinistram
935 1452 1137 1513 temere
1176 1453 1503 1528 pervertunt.
1531 1458 1629 1514 llis
1665 1460 1858 1514 similia
1884 1454 2016 1515 ben;

465 1559 547 1602 tus
576 1548 824 1616 Rabanus
846 1547 1184 1617 ahimprobis
1209 1550 1402 1618 passus
1430 1556 1513 1602 est
1553 1548 1739 1615 multa,
1772 1550 1863 1619 qui
1886 1565 2019 1604 cum.

464 1621 967 1708 pictatcmejusin
1019 1654 1281 1709 pauperes
1341 1639 1485 1693 haud
1541 1654 1739 1710 negare
1774 1649 2016 1709 possent,

462 1734 715 1789 vanitatis
737 1722 919 1789 studio
959 1733 1229 1788 ascribere
1259 1748 1365 1788 non
1397 1734 1675 1811 timebant,
1714 1742 2035 1789 asserentes«

466 1826 611 1879 illum
643 1840 790 1878 vanre
814 1824 987 1880 laudis
1009 1840 1190 1879 amore
1212 1824 1428 1880 ductum
1454 1824 1817 1897 eleemosynas
1840 1824 2016 1879 facere

464 1915 658 1983 potius,
686 1930 844 1983 quam
867 1929 964 1983 pro
994 1914 1198 1969 honore
1233 1915 1347 1971 Dei.
1397 1914 1503 1969 Sed
1530 1915 1611 1969 vir
1636 1916 1843 1969 Domini
1874 1915 2015 1969 mili-

467 2021 585 2064 tans
614 2010 712 2063 sub
736 2007 837 2062 fide
862 2007 1082 2071 Christi,
1115 2008 1204 2076 qui
1236 2008 1386 2062 radio
1418 1998 1602 2061 divini
1654 2008 1855 2063 amoris
1905 2017 2017 2062 sta-

464 2087 709 2171 bili'jam
753 2095 1007 2150 firmitate
1052 2096 1293 2160 ardebat,
1348 2111 1448 2150 nec
1495 2111 1633 2149 vana
1683 2097 2018 2152 blateronum

466 2187 674 2240 curavit
718 2185 988 2255 obloquia,
1041 2200 1143 2241 nec
1189 2202 1218 2241 a
1248 2186 1410 2253 bono,
1462 2178 1604 2256 quod
1653 2189 2016 2255 inchoaverat,

465 2272 625 2345 opere
644 2280 925 2344 propterea
950 2275 1199 2340 cessavit,
1238 2276 1485 2345 quamvis
1521 2292 1627 2331 non
1652 2280 1811 2334 modo
1837 2276 2015 2333 detra-

466 2364 730 2430 etionibus
778 2380 1016 2430 suorum,
1068 2366 1163 2421 sed
1210 2367 1373 2422 etiam
1409 2368 1664 2423 conviciis
1714 2376 2013 2440 urgeretur.

466 2454 575 2511 Nec
600 2442 777 2512 tamen
803 2455 1017 2518 mirum,
1050 2455 1093 2509 si
1121 2456 1175 2509 in
1203 2462 1351 2509 tanta
1378 2458 1799 2527 congregatione
1847 2458 2021 2526 bono:

468 2533 1007 2605 i‘utninveniebantur
1020 2547 1180 2601 etiam
1204 2546 1438 2601 nonnulli
1464 2548 1639 2603 minus
1659 2534 1905 2618 perfecti,
1927 2559 2020 2605 aut

467 2633 615 2701 tua",
646 2626 768 2697 eum
816 2634 959 2689 inter
1002 2636 1282 2691 duodecim
1312 2626 1581 2707 apoStolos
1632 2636 1829 2693 Christi
1881 2655 2020 2696 unus

465 2724 628 2781 fuerit
651 2718 899 2788 inventus
940 2727 1167 2781 traditor
1204 2742 1322 2783 esse
1370 2727 1650 2798 magistri;
1682 2737 1736 2783 et
1760 2744 1790 2784 e
1814 2737 2018 2798 septem

463 2810 652 2886 primis
678 2804 929 2885 ecclesia:
965 2813 1278 2869 diaeonibus
1332 2815 1413 2868 sui
1462 2815 1729 2870 exstiterit
1788 2817 2020 2872 nominis

466 2911 653 2959 auctor
686 2904 909 2957 erroris.
942 2903 1319 2958 Verumtamen
1365 2919 1469 2958 non
1521 2905 1806 2976 dereliquit
1831 2904 2017 2961 Omni-

465 2998 654 3061 potens
681 2990 936 3046 famulum
965 3008 1116 3048 suum
1149 2994 1203 3048 in
1248 2986 1614 3060 tribulatione,
1662 3012 1820 3065 quem
1851 2996 1905 3051 in
1932 3013 2020 3051 ca-

466 3082 609 3137 mino
658 3083 984 3152 paupertatis
1022 3084 1408 3157 multipliciter
1464 3085 1749 3155 probatum
1811 3088 2020 3143 invenit

2110 565 2206 619 Dei
2225 563 2430 633 judicio
2456 583 2603 623 ream
2632 568 2749 625 fore
2773 583 3018 635 noveris,
3044 578 3099 624 et
3124 571 3466 639 puniendam.
3510 590 3529 623 ι
3565 570 3669 624 Re-

2113 655 2328 723 spondit
2354 655 2719 721 Adelhardus,
2767 673 2827 713 se
2862 660 3029 727 patris
3057 658 3206 728 jussa
3247 659 3468 715 libenter
3495 660 3669 715 factu.

2112 758 2251 798 rum.
2278 743 2406 810 Sed,
2435 760 2469 800 ο
2493 746 2640 802 virus
2664 747 3021 815 mortiferum,
3051 765 3211 819 quam
3234 752 3394 804 noxia
3420 760 3503 807 est
3519 767 3672 806 sem—

2110 850 2207 905 per
2233 835 2605 920 elaustralibus
2644 842 2905 907 avaritia,
2945 857 3077 911 quos
3116 851 3172 897 et
3214 845 3442 914 propria:
3480 845 3672 906 salutis

2113 926 2242 982 facit
2270 928 2631 997 immemores,
2656 940 2713 987 et
2735 941 2919 987 contra
2938 934 3225 1001 puritatem
3246 922 3671 991 monasticamin

2114 1017 2362 1085 superbia
2408 1010 2729 1088 pertinaces.
2760 1021 3094 1077 Adelhardus
3123 1026 3275 1094 piger
3305 1027 3371 1079 ad
3411 1028 3671 1081 obedien-

2115 1104 2267 1169 tiam,
2298 1108 2483 1164 tardus
2512 1110 2577 1164 ad
2608 1112 2859 1179 pietatem
2880 1156 2895 1181 ,
2922 1124 2977 1170 et
3004 1117 3196 1171 ardens
3226 1125 3367 1170 totus
3393 1117 3459 1171 ad
3487 1116 3675 1170 avari-

2116 1192 2268 1258 tiam,
2299 1210 2590 1265 pauperum
2637 1200 2868 1269 inopiam
2898 1205 3163 1274 neglexit,
3193 1214 3247 1258 et
3272 1205 3435 1258 nimia
3468 1204 3675 1275 cupidi-

2120 1290 2230 1337 tate
2259 1285 2530 1354 seduetus,
2570 1288 2819 1362 suﬂ‘ragia
2850 1295 3075 1350 mortuis
3103 1294 3276 1356 debita
3308 1293 3677 1349 fraudulenter

2117 1373 2398 1436 subtraxit.
2425 1375 2561 1431 Nam
2589 1380 2785 1449 partim
2815 1391 3116 1453 contemptu
3141 1383 3373 1450 abbatis,
3400 1384 3551 1454 cujus
3577 1383 3679 1437 ob-

2114 1461 2418 1516 luctabatur
2435 1464 2643 1533 pietati,
2663 1468 2858 1536 partim
2895 1471 3139 1533 avaritia,
3165 1487 3270 1526 non
3307 1472 3481 1526 minus
3508 1487 3675 1541 quam

2116 1554 2391 1622 tepiditate
2430 1555 2763 1625 pemiciosa,
2809 1560 2967 1614 datus
3004 1561 3058 1614 in
3104 1562 3674 1629 reprobum-sensnm,

2116 1644 2501 1714 quicseentium
2547 1647 2599 1701 in
2631 1648 2856 1704 Domino
2897 1651 3240 1719 praebendas,
3271 1660 3375 1711 aut
3404 1653 3458 1706 in
3502 1662 3676 1709 totum

2116 1735 2364 1799 retinuit,
2390 1745 2484 1790 aut
2513 1736 2795 1792 infideliter
2831 1735 3151 1810 pauperibus
3180 1741 3526 1796 ministravit.
3565 1742 3678 1798 Sed

2044 1807 2091 1866 Β
2120 1838 2222 1879 non
2246 1824 2365 1877 tulit
2380 1826 2609 1893 aequitas
2630 1827 2805 1885 divina
2828 1807 3031 1883 tantam
3052 1829 3167 1899 ejus
3183 1832 3535 1887 temeritatem
3560 1834 3683 1889 sine

2117 1914 2387 1981 vindicta.
2408 1914 2645 1981 Quadam
2672 1930 2901 1987 namque
2930 1918 3048 1983 die,
3079 1934 3200 1973 cum
3227 1922 3462 1975 externis
3495 1937 3683 1976 rerum

2120 2004 2267 2058 euris
2301 2004 2524 2057 nimium
2549 2012 2859 2074 occupatus,
2894 2008 3025 2061 hora
3047 2008 3161 2078 jam
3188 2018 3331 2063 esset
3360 2010 3577 2073 tardior,
3620 2019 3687 2065 et

2119 2090 2506 2147 dormientibus
2538 2096 2749 2149 caeteris
2784 2110 2885 2165 per
2928 2095 3101 2150 locum
3142 2098 3486 2166 capitularem
3531 2099 3688 2156 solus

2120 2184 2362 2239 tenderet
2384 2184 2439 2238 in
2468 2184 2862 2250 dormitorium,
2884 2186 3300 2243 lucernulam'ex
3322 2204 3469 2244 more
3486 2190 3540 2243 in
3563 2204 3685 2243 ma-

2119 2275 2283 2332 nibus
2307 2281 2554 2344 gestans,
2580 2275 2720 2331 vidit.
2737 2275 2849 2330 illic
2874 2290 2971 2346 per
2996 2292 3185 2347 gyrum
3226 2279 3515 2335 monachos
3544 2268 3683 2334 conc

2119 2363 2309 2418 sedere
2340 2362 2620 2432 plurimos,
2650 2373 2916 2419 consuete.
2934 2366 3208 2420 schemate
3247 2366 3400 2435 nigro
3428 2366 3680 2433 indutos,

2117 2452 2367 2509 etnimio
2392 2444 2597 2509 terrore
2626 2460 2927 2524 correptus,
2964 2455 3093 2525 quid
3128 2465 3335 2526 ageret,
3383 2456 3680 2511 nesciebat.

2080 2548 2084 2556 ‘
2118 2542 2251 2601 Erat
2271 2543 2416 2597 enim
2444 2543 2647 2597 tardior
2673 2545 2805 2598 hora
2834 2545 3028 2610 noctis,
3054 2559 3161 2613 qua
3177 2553 3499 2599 conventum
3518 2541 3685 2600 simul

2120 2642 2249 2687 tunc
2273 2631 2562 2687 adunatum
2588 2632 2847 2702 suspicari
2876 2648 2982 2689 non
3008 2633 3199 2702 potuit.
3244 2631 3391 2687 Unde
3412 2647 3534 2689 eum
3558 2632 3685 2688 dili-

2118 2724 2328 2792 gentius
2355 2722 2685 2788 intueretur,
2717 2720 2953 2793 singulas
2996 2720 3219 2775 fratrum
3252 2737 3418 2789 nuper
3445 2722 3555 2776 vita
3580 2723 3681 2778 de-

2118 2814 2422 2869 functorum
2451 2814 2670 2869 umbras
2714 2828 2831 2869 esse
2874 2814 3157 2884 cognovit,
3188 2814 3381 2881 quibus
3419 2812 3678 2882 stipendia

2120 2902 2460 2957 subtraxerat
2487 2902 2766 2968 ordinata,
2814 2910 2868 2956 et
2912 2901 3051 2978 ultra
3094 2903 3308 2956 modum
3335 2902 3684 2972 perturbatus

2120 2992 2319 3057 animo,
2348 2992 2687 3053 retrocedere
2718 2993 2973 3047 tentahat.
3003 2992 3111 3047 Sed
3135 2993 3333 3048 nimius
3355 3007 3542 3061 pavor,
3557 3008 3683 3047 san-

2119 3082 2276 3152 guine
2306 3083 2577 3139 concitato
2606 3083 2661 3137 in
2690 3084 2971 3138 adversum
2991 3123 3012 3148 ,
3052 3090 3107 3137 et
3145 3098 3305 3137 crura
3330 3084 3687 3154 ebrigescere

465 3186 585 3226 esse
610 3171 834 3235 ﬁdelem,
888 3188 952 3226 ac
1003 3159 1178 3228 stabili
1229 3174 1480 3230 firmitate
1526 3175 1814 3231 voluntatis
1866 3178 2019 3233 bona:
2046 3162 2091 3225 Ο
2122 3167 2251 3227 fecit
2275 3181 2331 3226 et
2357 3174 2543 3242 pedes,
2566 3187 2737 3242 usque
2771 3173 2926 3237 adeo,
2960 3173 3103 3241 quod
3127 3188 3186 3226 se
3219 3187 3432 3227 movere
3462 3172 3528 3227 de
3560 3172 3690 3228 loco

464 3261 1000 3327 peneinvincibilem.
1055 3262 1239 3318 Nullus
1288 3279 1491 3328 eorum,
1526 3266 1719 3333 quibus
1752 3260 1844 3321 Dei
1871 3283 2022 3323 amor

418 3366 419 3369 ‘
467 3352 617 3406 cordi
648 3334 840 3416 fuerat,
869 3361 923 3406 et
946 3368 1218 3407 sacrarum
1249 3354 1479 3409 studium
1508 3354 1923 3425 Scripturarum,
1947 3358 2024 3413 fa—

464 3440 694 3494 cientem
715 3440 1079 3512 eleemosynas
1126 3443 1301 3497 virum
1327 3444 1419 3498 Dei
1462 3446 1792 3502 molcstahat,‘
1829 3450 1882 3503 in
1924 3449 2023 3503 ali-

466 3548 612 3599 quo;
654 3531 749 3585 sed
776 3544 861 3586 ex
892 3532 1168 3587 monachis
1196 3532 1290 3599 illi,
1345 3549 1479 3603 quos
1508 3535 1787 3593 ministros
1830 3548 1886 3593 et
1908 3540 2022 3594 dis-

468 3629 777 3691 pensatores
807 3633 991 3689 rerum
1018 3622 1435 3678 domesticarum
1484 3629 1853 3695 constituerat,
1884 3631 2019 3686 faei-

468 3713 567 3766 bus
594 3706 851 3775 avaritiae,
881 3713 1144 3776 succensi,
1204 3712 1358 3768 bonis
1407 3715 1786 3772 obnitebantur
1831 3722 2021 3776 studiis

466 3799 545 3854 sui
568 3801 818 3869 pastoris.
846 3792 903 3856 Ἐ
940 3801 1131 3869 quibus
1165 3818 1300 3857 unus
1330 3803 1447 3867 fuit,
1503 3807 1719 3861 nomine
1758 3807 2022 3864 Edelhar-

468 3891 588 3956 dus,
615 3892 788 3959 patria
812 3885 1067 3955 Francus,
1085 3893 1243 3948 homo
1271 3892 1389 3963 plus
1410 3910 1563 3963 mque
1579 3896 1631 3951 in
1654 3897 1814 3953 rebus
1838 3901 2022 3957 mundi

469 3981 743 4045 sollicitus,
776 3996 933 4050 quem
962 3990 1115 4052 pater
1159 3983 1417 4052 majorem
1470 3985 1804 4042 cellerarium
1833 3992 2021 4048 domus

467 4070 839 4136 constituerat,
872 4072 1022 4142 cujus
1048 4072 1328 4127 historiam
1361 4073 1690 4133 infelicitatis
1720 4087 1779 4133 ut
1820 4081 2020 4137 scriba-

468 4173 604 4222 mus,
638 4150 773 4213 ratio
808 4161 1039 4229 postulat
1060 4163 1345 4231 aequitatis.

537 4247 993 4304 Clementissimus
1039 4251 1255 4319 inopum
1301 4264 1454 4321 pater
1496 4256 1706 4325 publico
1750 4260 2022 4316 mandavit

470 4335 677 4401 edicto,
710 4345 769 4390 ut
810 4332 1016 4405 quoties
1060 4348 1213 4393 extra
1260 4343 1430 4397 tribus
1472 4347 1780 4401 monasterii
1827 4348 2020 4417 aliquis

471 4433 641 4480 morte
683 4435 1035 4482 commutaret
1080 4428 1219 4484 hanc
1263 4432 1616 4488 miserabilem
1661 4436 1860 4504 vitam,
1906 4437 2022 4507 ejus

468 4516 751 4585 praebenda
794 4516 848 4569 in
894 4518 1012 4572 cibo
1051 4526 1105 4572 et
1136 4527 1263 4587 potu
1296 4520 1523 4593 integra,
1554 4532 1608 4578 et
1638 4526 1752 4581 sine
1787 4527 2021 4583 diminu-

473 4607 633 4667 tione,
663 4620 759 4674 per
782 4606 894 4661 dies
921 4608 1132 4677 triginta
1158 4611 1436 4666 continuos
1460 4627 1555 4681 pro
1576 4616 1765 4669 animae
1789 4615 2026 4672 defuncti

472 4699 637 4754 salute
679 4700 999 4770 pauperibus
1039 4701 1256 4769 deberet
1299 4706 1528 4775 erogari.
1574 4707 1806 4777 Contigit
1842 4717 2024 4764 autem

2120 3277 2227 3316 non
2264 3261 2459 3331 potuit.
2501 3261 2842 3333 Consurgunt
2888 3276 3011 3315 mox
3058 3261 3354 3330 impetuose
3396 3260 3688 3329 spirituum

2118 3351 2792 3409 defunctorumterribiles
2821 3353 3045 3416 umbrae,
3066 3357 3493 3421 prostratumque
3514 3349 3690 3403 nimio

2114 3427 2316 3513 pavore
2340 3442 2603 3508 videntes,
2644 3442 3003 3507 indumentis,
3019 3442 3216 3496 virtute
3237 3440 3468 3505 occulta,
3489 3439 3679 3509 spolia-

2118 3542 2263 3596 runt,
2290 3547 2356 3586 ac
2387 3532 2568 3597 dorso,
2601 3547 2706 3586 non
2751 3532 2921 3586 solum
2966 3539 3029 3585 ut
3062 3530 3216 3585 nobis
3244 3538 3328 3584 est
3352 3530 3673 3585 consuetudc

2120 3622 2447 3694 castigandis
2476 3623 2676 3677 nudato
2696 3661 2711 3687 ,
2742 3623 2835 3677 sed
2864 3622 3082 3691 insuper
3119 3635 3341 3691 corpore
3373 3631 3483 3676 toto
3518 3623 3671 3676 mise-

2120 3728 2238 3768 rum
2260 3713 2490 3777 credunt,
2506 3713 2831 3767 sensibiliter
2848 3712 3014 3782 virgis
3028 3712 3677 3782 verberant,pereutiunt,

2119 3801 2363 3857 horribili
2385 3802 2529 3857 vocis
2552 3801 2780 3871 imagine
2805 3808 3187 3855 consonantes:
3217 3818 3234 3851 ι
3260 3800 3452 3870 Arripe
3472 3798 3678 3870 [Fortc,

2118 3894 2359 3966 Accipe],
2385 3893 2592 3959 infelix,
2615 3893 2872 3957 avaritiae,
2900 3908 3062 3961 quam
3085 3892 3344 3957 meruisti,
3364 3892 3675 3956 vindictam,

2118 3982 2239 4057 post
2264 3986 2497 4039 triduum
2525 3982 2771 4054 graviora
2811 3991 3151 4051 recepturus,
3195 3989 3537 4049 posteaquam
3573 3996 3675 4037 no-

2117 4078 2324 4133 biscum
2367 4076 2508 4130 inter
2554 4081 2791 4141 mortuos
2821 4073 2988 4141 fueris
3016 4080 3367 4140 eomputatus.
3397 4091 3416 4123 ι
3469 4069 3713 4129 Ev‘ane—~

2119 4165 2389 4222 scentibus
2417 4179 2539 4219 mox
2564 4163 2791 4223 umbris,
2819 4162 3076 4218 remansit
3106 4160 3439 4217 Adelhardus
3459 4160 3676 4229 jacens,

2120 4263 2181 4308 ut
2214 4263 2477 4309 mortuus.
2506 4250 2666 4307 Circa
2687 4250 2919 4305 medium
2950 4266 3079 4305 vero
3104 4251 3296 4313 noctis,
3334 4267 3458 4304 eum
3484 4250 3683 4306 fratres

2121 4352 2505 4411 consurgerent
2530 4341 2599 4397 ad
2627 4340 2811 4395 laudes
2836 4340 3143 4403 matutinas,
3173 4339 3488 4409 ﬂagellatam
3516 4341 3684 4395 mise-

2098 4423 2241 4488 rum
2272 4440 2609 4500 repererunt,
2636 4432 2691 4485 in
2715 4432 2831 4486 loco
2852 4432 3128 4500 capitulari
3150 4431 3439 4500 jacentem,
3465 4414 3687 4485 mortui)

2122 4540 2285 4595 quam
2311 4524 2433 4577 vivo
2460 4523 2789 4578 similiorem.
2821 4522 2924 4589 Qui
2954 4522 3261 4590 deportatus
3297 4522 3363 4575 ad
3396 4522 3683 4580 infirmito-

2121 4619 2282 4681 rium,
2318 4624 2373 4671 et
2400 4615 2465 4669 ad
2492 4630 2549 4670 se
2580 4616 2831 4679 tandem,
2847 4614 3069 4668 fratrum
3099 4629 3221 4683 ope,
3250 4628 3523 4678 reversus,
3550 4615 3680 4682 quid

2121 4705 2334 4770 viderit,
2374 4714 2428 4759 et
2468 4719 2590 4774 qua:
2624 4704 2763 4758 mala
2792 4719 3081 4773 perpessus
3124 4702 3302 4765 fuerit,
3344 4704 3681 4759 audientibus

473 4804 611 4844 anno
635 4789 840 4843 Rabani
870 4789 1076 4845 abbatis
1109 4792 1448 4859 duodecimo,
1488 4797 1577 4863 qui
1608 4796 1708 4849 fuit
1732 4798 2029 4852 Dominica’.
2121 4793 2398 4859 revelavit,
2427 4804 2482 4848 et
2502 4794 2645 4862 quod
2663 4794 2749 4848 die
2770 4794 2928 4848 tertia
2945 4794 3263 4859 moriturus,
3284 4792 3437 4860 juxta
3456 4796 3678 4850 verbum

474 4878 767 4931 nativitatis
794 4879 1264 4949 octingentesimns
1286 4882 1585 4937 tricesimus
1615 4886 1901 4954 septimus,
1933 4884 2021 4938 iii-

475 4969 703 5023 dictione
745 4968 1103 5025 Romanerum
1146 4972 1571 5041 quintadecima,
1600 4974 1781 5043 plures
1819 4978 1870 5030 in
1903 4977 2025 5030 Furio

475 5058 624 5112 densi
648 5059 891 5133 eoenobio
924 5063 1232 5127 monachos,
1276 5073 1498 5118 vocante
1524 5065 1775 5132 Domino,
1821 5069 1888 5122 ab
1922 5069 2024 5124 hac

478 5145 689 5199 miseria
729 5147 959 5215 futuram
1003 5151 1385 5220 transmigrare
1428 5153 1494 5207 ad
1540 5154 1721 5207 vitam.
1769 5156 1915 5210 [inde
1943 5158 2025 5212 vir

478 5242 713 5299 sanctus,
733 5244 787 5288 et
814 5236 1074 5292 defunctis
1101 5240 1429 5309 compatiens
1450 5249 1503 5294 et
1524 5244 1846 5312 pauperibus
1868 5245 2022 5298 vivis.

478 5324 575 5391 ipsi
605 5323 922 5388 Adelhardo,
968 5326 1323 5395 dispensatori
1351 5327 1557 5394 domus,
1595 5331 1848 5385 seriosius
1876 5312 2026 5386 man-

479 5413 642 5476 davit,
690 5428 871 5468 coram
918 5417 1161 5481 omnibus
1206 5418 1389 5472 dicens
1436 5418 1514 5472 ei:
1560 5438 1576 5469 ι
1608 5418 1777 5485 Cura,
1827 5420 2024 5489 frater,

481 5517 636 5567 quam
659 5504 1077 5573 diligentissime,
1107 5514 1167 5558 ut
1184 5506 1501 5575 prmbendas
1525 5507 1893 5564 defunctorum
1920 5508 2028 5564 fra-

487 5603 623 5644 trum
654 5608 888 5648 meorum
917 5595 1098 5663 plenas
1134 5605 1190 5649 et
1217 5596 1480 5665 integras,
1525 5598 1679 5653 sicuti
1717 5615 1815 5668 pro
1840 5614 2025 5654 eorum

484 5678 652 5733 salute
681 5681 949 5749 constitui,
987 5685 1209 5757 singulis
1238 5686 1464 5743 fideliter
1497 5690 1821 5759 pauperibus
1845 5691 2029 5745 distri-

2125 4886 2494 4955 apparentium
2516 4886 2617 4940 sibi
2638 4886 2941 4954 spirituum,
2957 4884 3219 4955 praedixit.
3244 4887 3309 4940 Et
3327 4902 3391 4940 ne
3412 4888 3677 4941 somnium

2126 4975 2515 5038 existimarent,
2535 4982 2627 5027 aut
2652 4974 2815 5028 solius
2834 4974 3133 5043 passionem
3156 4974 3348 5027 mentis
3368 4992 3379 5026 τ
3406 4994 3423 5024 ι
3443 4974 3687 5036 Cernite,

2125 5064 2317 5133 inquit,
2343 5063 2547 5131 plagas,
2574 5070 2631 5118 et
2656 5064 2937 5120 verberum
2959 5064 3289 5119 considerate
3316 5062 3528 5129 livores,
3554 5065 3685 5131 quia

2124 5170 2286 5211 nemo
2309 5154 2387 5209 sic
2425 5153 2724 5218 dormiens,
2758 5155 2960 5222 absque
2988 5153 3336 5222 impressione
3371 5152 3543 5220 aliqua
3569 5155 3680 5210 vio-

2123 5244 2266 5299 lenta
2295 5244 2629 5299 extrinsecus
2664 5244 2858 5312 poterit
2891 5243 3110 5314 signari.
3146 5262 3163 5293 ι
3196 5242 3539 5296 lntuebantur
3580 5245 3678 5297 mi-

2126 5331 2342 5388 serabili
2377 5331 2661 5385 severitate
2689 5331 2991 5400 perculsum
3012 5339 3269 5395 astantes,
3294 5345 3390 5385 nec
3416 5331 3687 5401 lacrymas
3782 5401 3787 5407 ι

2125 5428 2371 5490 poterant
2396 5421 2687 5487 coruinere,
2720 5422 2862 5477 inter
2884 5436 3019 5491 quos
3054 5430 3269 5475 sanctus
3292 5431 3471 5491 pastor
3500 5422 3677 5477 Raba-

2126 5527 2229 5567 nus
2252 5512 2338 5567 ovi
2364 5512 2523 5566 nimis
2547 5512 2863 5580 periclitanti
2892 5513 3133 5584 ampliori
3161 5514 3579 5581 compatiebatur
3600 5514 3681 5569 af-

2126 5601 2266 5657 fectu
2287 5600 2561 5655 charitatis
2591 5609 2647 5655 et
2678 5602 2779 5670 pia:
2801 5601 3293 5657 commiserationis.
3317 5599 3531 5655 Curavit
3549 5617 3689 5672 ergo

2128 5689 2417 5755 sollicitus,
2432 5688 2573 5758 quod
2596 5688 2826 5745 ofﬁcium
2857 5690 3159 5760 requirebat
3199 5688 3434 5752 abbatis,
3458 5687 3680 5761 jamque
