3940 6354
216 293 282 349 95
1553 282 2090 343 PROLECOMENA.
3316 322 3322 328 -
3374 290 3449 344 95

207 406 409 460 viribus
427 402 783 468 deiicientem,
801 407 1026 472 paterno
1044 399 1293 455 monebat
1313 395 1505 453 affectu
1529 396 1597 453 de
1619 413 1767 453 com-
1791 404 1844 463 Α
1868 399 2046 454 ctione
2069 396 2342 469 prohibuit
2367 406 2423 455 et
2444 366 2765 485 negavit_.]ln
2794 398 2951 468 hujus
2984 399 3280 470 primordio
3309 417 3439 455 con-

207 496 385 552 missis
402 495 771 566 penitentiam
794 507 970 563 agere,
990 499 1045 545 et
1065 490 1131 545 de
1152 488 1521 544 misericordia
1542 488 1637 543 Dei
1656 487 1769 542 nul-

205 584 413 640 latenus
440 584 744 652 desperare.
772 581 940 647 Quem
975 580 1137 634 etiam
1176 578 1377 632 salubri
1406 576 1771 633 admonitione

204 676 493 730 contritum
521 682 575 731 et
602 674 950 744 ptenitentem
974 713 988 737 ,
1036 673 1389 727 sacramentis
1430 670 1773 742 praemunivit

207 766 518 829 Dominicis,
529 766 955 831 morientemque
973 763 1225 831 precibus
1239 762 1464 816 Domino
1486 761 1771 815 instantius

204 854 613 910 commendavit.
637 853 706 907 At
733 853 821 907 ille
843 853 941 907 sub
961 866 1153 921 magno
1172 859 1226 905 et
1251 858 1436 920 aperto
1459 851 1610 921 signo
1630 866 1769 905 verte

204 942 542 998 contritionis
571 942 657 996 die
690 940 848 995 tertia
869 939 1119 1010 migravit
1148 954 1177 993 e
1206 940 1334 993 vita.
1365 938 1481 1005 Quo
1516 947 1729 993 mortuo
1751 979 1766 1005 ,

202 1031 542 1087 beatissimus
564 1032 729 1086 abbas
753 1030 1005 1085 Rabanus
1028 1031 1378 1100 omnipotenti
1414 1032 1523 1086 Deo
1555 1030 1697 1086 sacri
1708 1030 1771 1084 fi-

200 1124 345 1179 cium
372 1122 562 1178 hostite
592 1124 840 1178 salutaris
874 1138 972 1192 pro
1006 1116 1242 1180 remedio
1270 1125 1461 1179 animce
1500 1124 1639 1180 illius
1674 1127 1770 1180 ob-

202 1210 344 1277 tulit,
366 1209 572 1283 jejunia
600 1220 654 1266 et
676 1211 948 1266 orationes
977 1220 1032 1265 et
1070 1212 1171 1266 sibi
1193 1220 1247 1266 et
1275 1210 1530 1285 fratribus
1555 1214 1767 1281 indixit,

198 1302 569 1374 deemosynas
595 1301 761 1367 auxit,
788 1310 841 1357 et
869 1303 922 1356 in
951 1302 1174 1357 salutem
1204 1302 1336 1372 ejus,
1364 1305 1619 1373 quidquid
1644 1307 1767 1362 boni

194 1399 429 1462 poterat,
459 1391 878 1446 misericorditer
922 1387 1199 1462 impendit.
1246 1392 1380 1449 Cum
1421 1379 1548 1451 ecce
1579 1396 1768 1451 defun-

194 1492 337 1549 ctus,
371 1484 639 1539 tricesima
664 1485 749 1539 die
769 1493 889 1555 post
914 1494 1139 1540 mortem
1162 1502 1335 1551 suam,
1358 1489 1411 1541 in
1434 1489 1566 1542 cella
1588 1487 1765 1542 oranti

194 1572 420 1630 Babano
452 1584 573 1646 post
615 1575 905 1631 matutinas
946 1576 1172 1631 visibilis
1210 1586 1264 1630 et
1304 1578 1577 1647 squalidus
1604 1592 1767 1647 appa-

194 1663 337 1729 ruit,
384 1672 441 1720 et
479 1664 607 1734 quid
644 1673 949 1735 pateretur,
979 1668 1140 1721 etiam
1168 1666 1349 1722 habitu
1395 1676 1448 1722 et
1492 1677 1766 1739 assumpto

1869 491 2162 546 stitutionis
2181 500 2427 546 matrona
2452 492 2697 561 quaedam
2719 492 2933 557 nobilis,
2960 490 3273 546 curiositate
3294 490 3443 546 femi—
3467 520 3470 524 λ

1869 595 1969 634 nea
1986 588 2255 649 superata,
2272 581 2442 635 sancti
2459 581 2668 635 abbatis
2686 579 3051 635 inhibitionem
3068 588 3438 643 contemnens,

1869 671 2226 742 adjunctaque
2246 673 2347 727 sibi
2371 671 2714 727 familiarium
2740 672 2892 726 turba
2929 688 3026 742 per
3044 674 3267 728 vetitam
3288 673 3439 728 urbis

1868 774 2078 834 portam
2100 764 2354 830 exivit,ct
2372 765 2656 819 ecclesiam
2678 764 2990 819 monasterii
3017 774 3439 835 praesumptuosa
3474 754 3481 763 ’

1870 856 2171 911 temeritate
2216 857 2452 911 intravit.
2486 855 2614 923 Qua:
2641 873 2787 923 mox,
2835 872 2865 911 a
2911 858 3150 912 daemone
3180 865 3395 926 arrepta
3420 897 3436 922 ,

1868 947 2155 1003 horribiles
2190 948 2355 1023 coepit
2395 948 2641 1003 emittere
2668 964 2856 1015 voces,
2898 956 3244 1018 astantes‘que
3275 949 3443 1003 nimio

1866 1052 2067 1106 pavore
2096 1039 2407 1108 perterruit.
2426 1038 2594 1105 Quam
2622 1039 2798 1109 ligatis
2827 1040 3073 1093 manibus
3095 1040 3177 1093 sui
3203 1047 3443 1107 reporta-

1868 1134 1995 1179 runt
2018 1127 2070 1180 in
2100 1127 2373 1196 oppidum,
2413 1138 2466 1181 et
2495 1127 2723 1183 salutem
2757 1125 2874 1195 ejus
2902 1142 3023 1181 eum
3053 1128 3305 1198 lacrymis
3332 1126 3440 1180 Ra-

1868 1216 1991 1270 bani
2024 1223 2077 1269 et
2104 1217 2489 1270 monachorum
2512 1215 2761 1284 precibus
2785 1216 3188 1271 commiserunt.
3217 1215 3440 1279 Verum,

1866 1306 2094 1361 Domino
2119 1307 2484 1375 permittente,
2516 1314 2623 1359 tam
2653 1305 2944 1361 crudeliter
2965 1305 3017 1358 in
3044 1320 3164 1359 eam
3190 1304 3444 1359 saeviebat

1865 1395 2217 1461 daemonium,
2248 1396 2391 1465 quod
2418 1382 2556 1448 intra
2582 1410 2782 1464 paucos
2821 1394 2934 1448 dies
2972 1394 3106 1447 mori
3152 1392 3252 1447 fuit
3294 1407 3441 1447 com-

1864 1484 2039 1554 pulsa,
2071 1483 2331 1538 daemonio
2359 1485 2415 1538 in
2447 1500 2509 1539 ea
2539 1484 2654 1539 sine
2695 1484 3092 1538 intermissione
3130 1483 3398 1538 clamante
3424 1500 3437 1536 :

1871 1596 1889 1629 ι
1926 1573 2031 1632 Pro
2054 1592 2142 1631 me
2169 1577 2291 1631 data
2310 1583 2398 1633 est
2414 1578 2681 1632 sententia
2704 1576 2799 1631 Dei
2848 1577 3100 1645 quoniam
3125 1591 3302 1640 nemo,
3328 1575 3442 1630 sola

1863 1677 2037 1723 morte
2061 1676 2304 1737 excepta,
2334 1682 2421 1722 me
2450 1668 2517 1721 ah
2556 1668 2658 1723 hoc
2695 1666 2913 1722 vasculo
2942 1667 3138 1735 ejicict.
3177 1686 3196 1719 ›
3231 1665 3440 1722 Similia

194 1756 473 1811 schemate
498 1756 889 1825 quodammodo
916 1756 1318 1813 demonstravit.
1341 1758 1423 1811 Ad
1447 1772 1604 1826 quem
1632 1759 1767 1812 nihil
1794 1753 1841 1811 B
1868 1760 2136 1815 nonnullis
2161 1770 2372 1816 constat
2401 1770 2587 1831 postea
2623 1762 2911 1832 contigisse
2942 1761 3277 1825 mulieribus,
3308 1775 3444 1829 quas

191 1847 415 1903 territus
436 1848 517 1901 vir
542 1846 755 1902 Domini
794 1849 905 1901 ait:
945 1869 962 1900 ί
1005 1848 1280 1915 Quomodo
1326 1858 1436 1914 est,
1480 1850 1679 1917 frater,
1710 1858 1767 1904 et

192 1940 322 2009 quid
349 1940 494 1995 circa
526 1948 577 1994 te
600 1956 743 1995 nunc
775 1941 985 2011 agitur,
1030 1942 1122 2011 qui
1164 1950 1273 1996 tam
1319 1942 1595 2012 squalidus
1630 1943 1763 1997 mihi

190 2032 466 2103 appares?
500 2030 596 2086 Die
632 2032 761 2085 mihi
785 2072 799 2097 ,
830 2046 923 2102 per
948 2031 1229 2086 Dominum
1258 2046 1478 2101 precor,
1509 2031 1637 2100 quid
1668 2030 1761 2084 tibi

189 2121 510 2194 profuerunt
551 2123 822 2179 orationes
865 2132 1081 2190 nostrae,
1124 2124 1499 2193 castigationes
1536 2130 1591 2178 et
1624 2120 1765 2191 jeju-

190 2212 318 2267 nio?
359 2232 379 2265 ι
416 2211 514 2268 Cui
561 2212 837 2283 respondit
874 2212 1132 2283 spiritus:
1182 2231 1199 2263 ι
1249 2212 1531 2269 Orationes
1570 2219 1764 2267 vestra:

189 2302 547 2373 omnipotenti
574 2302 686 2357 Deo
710 2310 875 2373 gratae
900 2309 954 2357 et
978 2310 1210 2372 acceptae
1246 2302 1489 2370 fuerunt,
1520 2294 1765 2371 mihique

190 2406 300 2447 non
329 2391 382 2445 in
414 2406 638 2461 parvum
673 2391 975 2446 relevamen
1010 2390 1258 2462 profuere
1302 2405 1582 2461 poenarum
1604 2430 1619 2455 ,
1668 2389 1789 2444 sed,

187 2479 405 2554 plenam
431 2481 676 2536 obtinere
702 2481 911 2535 veniam
932 2496 1159 2551 nequeo,
1183 2480 1351 2545 donec
1376 2479 1570 2535 fratres
1592 2479 1762 2534 nostri

188 2572 532 2630 ascenderin't
559 2572 611 2627 in
646 2571 838 2626 caelum
863 2572 1093 2642 purgati,
1118 2586 1254 2642 quos
1276 2586 1372 2644 ego
1402 2573 1454 2627 in
1482 2586 1645 2628 carne
1672 2586 1765 2641 po-

187 2670 350 2735 situs,
380 2683 502 2723 mea
528 2667 819 2722 tenacitate
844 2679 907 2719 ac
937 2665 1258 2735 negligentia
1282 2666 1335 2719 in
1364 2665 1537 2735 ptenis
1564 2679 1763 2735 purga-

188 2757 349 2815 toriis
399 2756 688 2815 retardavi.
736 2756 867 2809 Nam
917 2754 1299 2825 etr’prtebenda
1344 2754 1476 2808 mihi
1520 2754 1761 2818 alioquin

186 2848 373 2906 debita
396 2847 531 2918 ipsis
568 2848 622 2901 in
648 2846 942 2902 subsidium
972 2846 1247 2916 provenit,
1279 2846 1436 2900 sicuti
1471 2845 1651 2899 divina
1675 2843 1762 2912 ju-

184 2940 334 2997 stitia
362 2938 655 3016 ordinavit.
685 2936 790 2993 Sed
819 2952 916 2991 oro
948 2948 1017 3000 te,
1046 2945 1219 3007 pater,
1260 2936 1596 3007 duplicentur
1623 2951 1760 3006 pra:-

180 3031 379 3089 benda:
405 3045 721 3101 pauperum,
760 3036 815 3084 et
854 3028 1065 3084 confido
1102 3028 1245 3097 quod
1290 3028 1381 3083 Dei
1418 3029 1761 3087 miseratione

1867 1853 1966 1907 sub
1993 1852 2154 1906 simili
2174 1853 2596 1922 praesumptione
2622 1853 2943 1907 dzemonium
2967 1852 3185 1906 invasit.
3209 1850 3268 1905 ln
3292 1850 3444 1906 festis

1868 1951 2043 1998 tamen
2071 1944 2241 1999 sancti
2268 1940 2529 1998 Bonifaeii
2553 1944 2809 2014 martyris
2829 1951 2883 1997 et
2903 1942 3256 1997 dedicationis
3278 1941 3441 1996 hodie

1865 2030 2181 2091 mulieribus
2204 2035 2272 2089 ad
2298 2034 2583 2089 ecclesiam
2612 2034 2923 2089 monasterii
2955 2042 3162 2087 tantum
3187 2046 3439 2086 accessus

1866 2123 2215 2195 permittitur,
2242 2124 2383 2193 quod
2402 2122 2547 2177 beati
2570 2123 2796 2190 Rabani,
2812 2130 2869 2177 et
2894 2122 3076 2177 multis
3094 2130 3284 2192 postea
3306 2129 3440 2175 tem-

1864 2215 2085 2287 poribus
2113 2214 2328 2284 penitus
2358 2215 2678 2285 negabatur.

1934 2305 2032 2361 His
2054 2313 2115 2359 et
2146 2304 2264 2360 aliis
2296 2304 2480 2359 multis
2511 2318 2609 2375 per
2632 2303 2804 2357 virum
2826 2302 2919 2358 Dei
2954 2301 3294 2357 laudabiliter
3316 2315 3441 2356 con-

1866 2394 2089 2461 stitutis,
2114 2403 2170 2450 et
2191 2394 2511 2449 mirabiliter
2536 2394 2781 2463 patratis,
2812 2408 2969 2447 nemo
3003 2392 3069 2447 de
3104 2390 3218 2460 ejus
3245 2392 3443 2447 sancti-

1867 2494 1976 2541 tate
2003 2492 2217 2555 poterat
2249 2485 2518 2551 dubitare,
2549 2483 2702 2553 cujus
2724 2484 2873 2538 nutui
2900 2497 3089 2539 omnes
3117 2491 3222 2536 tam
3253 2496 3439 2551 prom-

1865 2588 2011 2649 ptam
2067 2577 2363 2634 cernebant
2407 2577 2640 2633 divinam
2687 2578 2877 2633 adesse
2922 2576 3235 2647 potentiam.
3286 2575 3439 2633 Unde

1865 2686 2062 2726 nomen
2096 2670 2212 2741 ejus
2234 2672 2286 2726 in
2314 2678 2425 2727 toto
2449 2687 2614 2742 regno
2642 2670 2971 2725 Francorum
2994 2668 3194 2723 factum
3225 2676 3309 2723 est
3326 2683 3441 2721 ma-

1865 2777 1967 2833 gna
1997 2762 2309 2817 celebritate
2334 2762 2646 2833 gloriosum,
2671 2768 2726 2816 et
2753 2761 2905 2815 multi
2932 2760 2998 2815 de
3024 2758 3248 2814 remotis
3278 2766 3440 2813 terrae

1864 2854 2157 2926 provinciis
2182 2854 2300 2924 ejus
2334 2852 2476 2907 fama
2513 2853 2830 2908 eruditionis
2869 2860 2923 2906 et
2963 2851 3262 2906 sanctitatis
3287 2849 3435 2905 exci-

1865 2946 1998 3011 tati,"
2015 2944 2081 2998 ad
2106 2944 2395 2999 videndum
2426 2944 2573 2998 illum
2612 2952 2666 2998 et
2695 2943 3019 2999 audiendum
3045 2942 3285 3012 quotidie
3311 2955 3440 2995 con-

1864 3032 2133 3101 ﬂuebant,
2170 3049 2261 3103 qui
2291 3035 2698 3089 conversatione
2729 3049 2793 3088 ac
2815 3033 3053 3088 moribus
3081 3033 3197 3102 ejus
3222 3026 3440 3101 perspee

182 3120 348 3178 citius
384 3121 671 3179 liberabor.
702 3140 720 3173 ι
752 3120 1005 3175 Promisit
1035 3120 1120 3175 vir
1150 3129 1385 3182 sanctus,
1420 3120 1763 3189 quodpostu-
1790 3130 1835 3193 (ζ
1867 3122 1988 3188 etis,
2020 3123 2088 3177 ad
2115 3123 2337 3178 meliora
2375 3122 2741 3193 profecerunt.
2781 3122 2960 3177 Multis
2987 3123 3040 3175 in
3069 3121 3284 3176 abbatia
3314 3119 3442 3173 Ful-

181 3209 322 3266 lavit
346 3208 647 3267 defunctus.
672 3210 970 3279 Duplicavit
993 3210 1175 3281 egenis
1201 3209 1533 3279 praebendas,
1561 3219 1614 3264 et
1638 3224 1761 3265 ora-

182 3301 366 3356 tiones
389 3300 743 3356 continuavit.
772 3298 923 3355 Unde
941 3308 1063 3370 post
1093 3299 1222 3354 alios
1260 3297 1476 3370 triginta
1516 3297 1632 3353 dies
1662 3299 1763 3353 ite-

182 3409 311 3449 rum
337 3392 485 3449 elaro
518 3393 790 3457 schemate
818 3390 1100 3448 defunctus
1124 3392 1369 3463 apparuit
1388 3391 1510 3447 vivo
1535 3390 1758 3460 pastori,

181 3500 246 3542 se
278 3482 393 3554 jam
437 3492 566 3539 tunc
600 3483 880 3538 liberatum
909 3483 1113 3549 retulit,
1150 3484 1375 3561 Domino
1415 3482 1525 3539 Deo
1563 3490 1618 3538 et
1648 3481 1760 3538 Ra-

179 3575 334 3631 bano
360 3575 562 3646 gratias
583 3574 712 3644 egit.
741 3573 821 3627 Ex
842 3587 905 3627 eo
933 3582 1176 3642 tempore
1196 3571 1491 3628 Fuldenses
1510 3570 1761 3628 monachi

183 3680 393 3737 pavore
425 3672 531 3719 tam
569 3662 891 3719 miserabilis
920 3662 1161 3716 historiae
1188 3662 1451 3733 perculsi,
1489 3671 1543 3717 et
1575 3674 1760 3718 curam

179 3753 557 3812 satisfaciendi
582 3768 681 3823 pro
706 3751 931 3807 mortuis
950 3753 1124 3808 tribus
1142 3752 1435 3807 adhibuere
1455 3752 1755 3817 sollicitam,

176 3857 241 3906 et
269 3847 484 3903 abbatis
512 3846 594 3901 sui
621 3853 921 3917 prmeepta,
963 3843 1077 3898 sine
1121 3843 1577 3909 contradictione,
1614 3858 1679 3897 ac
1714 3842 1760 3901 si

176 3937 452 3996 divinitus
492 3944 835 3992 emanassent
857 3974 873 4001 ,
910 3932 1201 3989 custodire
1248 3934 1579 4004 satagebant.
1624 3932 1760 3989 Nam

172 4044 314 4087 cum
358 4028 519 4097 hujus
558 4026 694 4086 facti.
726 4027 877 4098 apud.
911 4041 1004 4083 eos
1033 4026 1290 4081 memoria
1310 4066 1325 4092 ,
1352 4026 1443 4095 qui
1470 4032 1595 4081 tunc
1622 4025 1762 4081 inter

173 4120 453 4176 mortales
480 4120 750 4183 vivebant,
776 4119 987 4189 penitus
1014 4124 1159 4173 esset
1186 4116 1512 4183 indelebilis,
1553 4126 1788 4173 mentes

116 4268 128 4275 ,
170 4213 435 4270 omnium
481 4220 629 4266 tanto
668 4210 997 4280 pereulserat
1036 4208 1439 4279 metupavoris,
1479 4208 1621 4278 quod
1654 4223 1768 4263 non

172 4303 368 4361 solum
400 4302 606 4359 debitas
626 4303 736 4356 vita
759 4299 1022 4356 defunctis
1044 4301 1301 4356 fratribus
1326 4300 1639 4370 praebendas
1657 4300 1764 4355 dis-

172 4393 506 4450 tribuebant
550 4393 815 4463 integras,
860 4400 916 4446 et
954 4392 1142 4461 plenas
1189 4391 1242 4445 in
1288 4406 1418 4445 usus
1446 4406 1759 4461 pauperum,

1863 3211 2016 3266 densi
2041 3212 2331 3267 virtutibus
2355 3198 2667 3267 coruscavit
2686 3219 2742 3265 et
2763 3212 2951 3281 signis,
2975 3224 3201 3281 quorum
3231 3224 3261 3262 a
3287 3208 3441 3263 nobis
3465 3233 3472 3239 -

1862 3301 2206 3369 memoriam,
2233 3302 2399 3377 nimia
2430 3301 2779 3370 intercapedo
2806 3299 3060 3370 temporis
3082 3297 3438 3359 abscondens,

1863 3388 2133 3449 oblivione
2166 3401 2424 3464 perpetua
2454 3391 2722 3462 sepelivit.
2753 3391 2828 3444 lta
2869 3387 3186 3444 mortalibus
3227 3400 3441 3455 semper
3526 3384 3536 3393 ’

1861 3483 2133 3558 vilescunt
2149 3483 2455 3555 praesentia,
2478 3490 2541 3537 ut
2557 3480 2954 3551 quantumlibet
2978 3478 3308 3534 excellenter
3327 3475 3440 3531 suis

1863 3576 2196 3647 temporibus
2223 3575 2367 3631 dicta
2397 3590 2491 3630 seu
2522 3573 2665 3628 faeta
2696 3570 2987 3642 insignium
3017 3570 3287 3633 virorum’,
3332 3582 3437 3621 non

1863 3667 2037 3724 solum
2060 3667 2439 3722 commendem
2461 3666 2655 3721 litteris
2674 3665 2993 3734 despiciant,
3021 3662 3113 3718 sed
3135 3662 3298 3716 etiam
3322 3660 3440 3714 lau-

1862 3760 1984 3815 dem
2028 3758 2285 3815 adhibere
2324 3758 2534 3813 meritis
2571 3772 2761 3813 eorum
2807 3756 3022 3825 dignam
3068 3761 3435 3808 contemnant.

1860 3847 2121 3907 Veterum
2142 3848 2428 3923 magnifice
2455 3858 2606 3922 gesta
2624 3857 2677 3905 et
2698 3849 2882 3919 legunt
2910 3849 3086 3913 avide,
3113 3854 3169 3902 et
3188 3845 3443 3902 laudibus

1862 3940 2157 4009 celebrant,
2186 3940 2281 3997 sed
2311 3949 2793 4011 contemporaneos
2831 3939 2933 3995 sibi
2962 3939 3142 4005 viros,
3186 3939 3352 3994 etiam
3391 3940 3442 3993 si

1862 4029 2133 4087 veteribus
2155 4031 2265 4085 sint
2291 4030 2560 4096 meliores,
2591 4030 2744 4094 quasi
2773 4035 2949 4093 notos,
2970 4038 3025 4081 et
3045 4030 3114 4083 ob
3137 4026 3191 4083 id
3213 4028 3445 4083 minoris

1860 4122 2052 4193 pretii,
2083 4122 2385 4190 spernendo
2419 4121 2629 4177 meritis
2674 4121 2903 4190 privant.
2956 4120 3087 4174 Tam
3129 4127 3212 4174 est
3254 4119 3436 4189 iniqua

1861 4210 2173 4268 mortalium
2198 4210 2264 4266 de
2290 4210 2451 4267 rebus
2476 4211 2764 4266 aestimatio
2788 4224 3031 4279 semper,
3071 4217 3131 4262 ut
3162 4208 3436 4279 incognita
3470 4246 3480 4252 .

1862 4306 2111 4370 miretur,
2160 4311 2215 4359 et
2260 4303 2507 4373 laudibus
2551 4303 2823 4367 celebret;
2862 4310 2987 4357 nota
3024 4317 3192 4366 vero,
3231 4309 3286 4356 et
3334 4301 3438 4361 sibi

1861 4394 2171 4463 praesentia,
2197 4384 2451 4463 tanquam
2476 4392 2705 4447 nihilum
2727 4392 3018 4461 vilipendat
3040 4410 3066 4448 ε⁴
3088 4391 3246 4446 fidem
3271 4393 3439 4463 majo-

169 4485 279 4542 θεὰ
316 4498 463 4539 unus
491 4483 650 4537 etiam
680 4482 907 4552 Quisque
935 4482 999 4537 de
1035 4497 1131 4537 sua
1155 4481 1399 4557 portione
1429 4481 1601 4535 victus
1628 4496 1763 4550 quo-
1785 4483 1840 4543 D
1866 4501 1981 4541 rem
2010 4485 2232 4540 incertis
2260 4483 2476 4554 scriptis
2504 4492 2767 4563 praestans
2804 4482 3017 4547 alienis,
3054 4498 3216 4552 quam
3257 4485 3437 4538 scien-

169 4578 318 4634 tidie
342 4576 673 4632 subtrahens
697 4575 898 4645 aliquid
919 4574 1020 4629 sibi
1046 4573 1216 4628 libens
1236 4574 1291 4629 in
1314 4573 1610 4629 subsidium
1633 4588 1761 4630 con—

168 4672 309 4739 tulit
333 4683 657 4739 egenorum.

188 4712 191 4723 ,
262 4672 309 4725 it
333 4683 657 4739 egenorum.

188 4670 419 4857 EFecit
450 4771 505 4816 et
538 4761 696 4815 aliam
724 4760 883 4815 valde
918 4759 1277 4815 necessariam
1323 4758 1765 4815 constitutionem

166 4846 386 4911 b'Eatus
406 4846 581 4906 abbas
604 4851 874 4915 Rabanus,
896 4865 1037 4920 quae,
1057 4860 1117 4905 ut
1138 4848 1327 4916 fertur,
1351 4864 1519 4919 usque
1547 4850 1600 4903 in
1626 4864 1765 4921 prte-

164 4955 405 5003 sentem
436 4943 577 4999 diem
623 4945 675 4997 in
707 4944 1034 5000 monasterio
1076 4950 1341 5013 servatur.
1388 4942 1585 4997 Sciens.
1618 4940 1763 4997 enim

162 5051 350 5109 quam
404 5034 481 5088 sit
521 5034 797 5088 monachis
842 5034 1094 5102 frequens
1132 5040 1453 5102 conspectus,
1479 5030 1765 5085 mulierum

163 5124 555 5199 periculosus,
572 5123 675 5179 illis
694 5124 922 5178 maxime
945 5124 1036 5194 qui
1058 5122 1300 5191 juniores
1320 5129 1476 5178 aetate
1496 5121 1552 5175 in
1575 5121 1767 5189 timore

163 5216 414 5275 Domini
446 5215 622 5270 adhuc
651 5216 825 5271 minus
849 5216 1171 5271 exercitatos
1206 5215 1405 5271 habent
1430 5230 1652 5279 sensus,
1700 5213 1767 5269 de

159 5304 429 5362 consilio
456 5303 735 5358 duodecim
765 5304 1033 5358 seniorum
1062 5304 1269 5359 cunctis
1291 5309 1549 5373 perpetuo
1574 5300 1766 5355 mulie-

163 5398 343 5455 ribus
366 5394 445 5450 ad
470 5396 850 5457 monasterium
871 5396 1149 5451 interdixit
1167 5410 1459 5451 accessum.
1492 5392 1620 5460 Quae
1642 5407 1764 5448 san-

160 5494 262 5545 et:
288 5486 630 5542 constitutio
657 5492 715 5538 ut
741 5483 900 5538 robur
922 5485 1190 5539 obtineret
1215 5495 1552 5555 perpetuum,
1592 5491 1767 5539 transr-

166 5581 322 5633 iuun
358 5571 607 5629 femineo
648 5572 792 5627 sexui
822 5587 920 5641 per
955 5573 1320 5642 aquilonarem
1349 5572 1497 5627 urbis
1522 5579 1731 5641 portam
1750 5614 1763 5638 ,

162 5677 342 5726 extra
385 5680 557 5729 quam
587 5665 751 5719 situm
788 5674 867 5721 est
902 5664 1311 5730 monasterium,
1356 5671 1607 5732 perpetua
1647 5656 1769 5719 san;

1867 4577 1995 4631 tiam
2023 4575 2108 4630 vel
2132 4575 2543 4631 aestimationem
2568 4573 2741 4645 oculis
2769 4574 3019 4643 propriis.
3053 4572 3187 4629 Hine
3213 4572 3271 4627 fit
3298 4572 3440 4643 inju-

1865 4666 1947 4719 ria
1973 4664 2176 4729 multis,
2198 4664 2289 4735 qui
2311 4678 2503 4734 magna
2532 4641 2855 4719 fecert’mtin
2876 4641 2981 4717 hoc
3004 4662 3203 4719 mundo
3233 4641 3437 4732 tempo-

1865 4759 2013 4819 ribus
2032 4757 2163 4822 suis,
2190 4765 2244 4810 et
2268 4755 2586 4826 scriptorum
2612 4754 2694 4809 vel
2718 4755 2960 4824 penuria,
2986 4755 3068 4808 vel
3091 4755 3439 4825 negligentia,

1865 4849 2090 4913 nullam,
2127 4858 2219 4902 aut
2250 4860 2490 4915 parvam,
2527 4848 2667 4915 apud
2692 4845 3092 4913 posteritatem,
3121 4844 3439 4899 memoriam

1866 4947 1993 4996 sunt
2018 4936 2310 4992 consecuti.
2352 4934 2444 4989 Sic
2486 4934 2769 4997 Rabanus,
2818 4934 3192 4989 sanctissimus
3236 4934 3435 4999 abbas,

1868 5041 2089 5098 magnas
2117 5024 2246 5079 fecit
2277 5024 2330 5077 in
2358 5022 2547 5077 diebus
2567 5022 2679 5076 suis
2711 5022 2961 5086 virtutes,
2984 5036 3081 5075 nec
3104 5029 3280 5075 tamen
3309 5026 3440 5075 con-

1867 5121 2081 5191 dignam
2129 5116 2337 5173 meritis
2377 5131 2407 5169 a
2456 5112 2811 5183 scriptoribus
2852 5114 3063 5181 accepit
3096 5113 3433 5167 memoriam.
3481 5163 3484 5166 .

1867 5207 2053 5263 Refert
2078 5207 2221 5262 enim
2248 5204 2585 5274 supradictus
2619 5209 2827 5267 auctor,
2858 5200 3224 5271 Meginfridus,
3252 5203 3305 5257 in
3340 5218 3436 5258 vo—

1865 5298 2068 5353 lumine
2093 5298 2158 5353 de
2181 5294 2535 5364 Temporibus
2564 5294 2768 5363 gratiae,
2794 5291 3075 5347 Rabanum
3099 5293 3272 5357 hunc,
3293 5292 3431 5347 bea-

1868 5388 2137 5443 tissimum
2171 5386 2440 5451 abbatem,
2468 5384 2581 5439 suis
2611 5382 2679 5439 ad
2706 5383 2872 5438 Deum
2910 5382 3241 5437 orationibus
3264 5399 3441 5440 caecos

1870 5480 2205 5536 illuminasse
2257 5478 2410 5543 duos.
2440 5474 2658 5537 claudos
2694 5474 2965 5544 gressibus
2994 5472 3256 5528 formasse
3306 5489 3437 5543 qua-

1874 5580 2031 5635 tuor,
2060 5571 2124 5625 de
2168 5567 2416 5623 humanis
2455 5565 2619 5620 etiam
2647 5566 2961 5634 corporibus
2998 5564 3178 5633 plures
3216 5562 3441 5631 eiecisse

1877 5664 2169 5729 daemones,
2195 5668 2248 5727 et
2268 5660 2452 5717 multis
2474 5657 2592 5715 aliis
2610 5657 2868 5713 claruisse
2889 5654 3179 5712 miraculis.
3204 5653 3312 5711 Sed
3331 5669 3444 5725 quo
