3940 6362
442 311 512 369 95
1563 307 1652 360 AD
1690 305 1920 371 OPERA
1957 304 2016 358 Β.
2057 301 2313 358 RABANI
2350 298 2566 358 MAUR]
3602 309 3675 365 9i:

584 417 725 503 facta
751 391 860 482 sint
887 419 1092 485 ordine,
1116 419 1377 493 nonsatis
1402 418 1699 473 luculenter
1721 415 2003 487 expressit,
2035 427 2085 487 Α
2109 416 2203 480 tia,
2234 414 2484 485 precibus
2511 428 2751 470 annuens
2780 416 3162 486 supplicantis.
3181 419 3517 505 'Lutbertum
3546 418 3673 477 [lir-

437 500 736 581 propterea
756 521 933 590 tamen
956 513 1025 569 de
1049 512 1330 568 sanctitate
1358 510 1497 579 illius
1520 510 1870 564 dubitandum
1898 523 2005 562 non

437 605 543 664 est,
568 599 713 670 quod
736 590 899 663 vitam
923 598 1041 668 ejus
1062 616 1173 667 non
1193 600 1494 673 invenimus
1514 599 1583 653 ex
1606 599 1797 654 ordine
1816 598 1885 653 ab
1911 612 2007 651 an-

436 677 605 756 tiquis
644 679 1027 758 compositam,
1074 705 1197 745 cum
1228 689 1433 755 similia
1474 690 1657 745 multis
1694 698 2006 747 sanctorum

437 762 815 843 acciderint..~
897 819 900 824 .
1062 770 1063 773 “
1539 816 1549 823 .
1594 790 1599 793 ‘
1908 819 1917 832 .
2000 786 2004 790 ‘

506 860 778 928 Verumsi
806 868 933 937 quis
959 865 1212 939 de'hujus
1235 868 1336 923 viri
1363 869 1720 927 sanctimonia
1756 870 2000 937 dubitat,

433 955 621 1039 libros,
659 972 794 1026 quos
838 952 1033 1030 magno
1065 959 1255 1039 labore
1290 960 1786 1030 quondam‘edidit‘,
1831 968 2005 1015 atten—

431 1045 542 1127 tius
568 1040 825 1116 revolvat.
847 1048 1062 1121 Optima
1082 1052 1318 1123 scripsit,
1333 1040 1587 1131 quoniam
1607 1052 1792 1107 divino
1811 1053 2003 1122 spiritu

328 1170 331 1173 -
433 1136 758 1205 illustratus,
806 1130 986 1216 pure,
1044 1152 1229 1200 sancte
1272 1153 1327 1199 et
1370 1132 1907 1213 irréprehensibiliter
1944 1144 2002 1199 in

433 1227 611 1309 medio
636 1232 1069 1311 pravanationis
1089 1233 1246 1300 vixit.
1289 1233 1397 1288 Nec
1423 1234 1578 1288 aliter
1598 1234 1779 1289 vivere
1798 1236 1999 1304 potuit,

433 1319 525 1387 qui
572 1328 679 1374 tam
722 1332 907 1377 sancta
937 1324 1112 1378 docuit
1147 1334 1202 1379 et
1231 1325 1479 1394 scripsit.
1516 1324 1652 1386 Nam
1692 1340 1814 1379 cum
1857 1335 2003 1382 esset

432 1409 633 1482 ardens
651 1411 707 1465 in
739 1412 919 1467 divino
948 1428 1151 1479 amore,
1181 1414 1383 1471 nullum
1412 1399 1528 1469 sine
1552 1415 1823 1484 spirituali'
1845 1430 2001 1471 exer-

430 1496 558 1564 citio
587 1508 795 1572 tempus
817 1504 1099 1575 praeteriit,
1114 1504 1432 1574 quippequi
1463 1521 1523 1562 se
1560 1513 1730 1561 totum
1759 1507 1854 1562 Dei
1879 1523 1996 1564 ser-

427 1586 559 1644 vitio
585 1592 933 1662 mancipavit.
963 1593 1117 1665 Legit
1138 1595 1317 1663 utilia,
1343 1597 1564 1667 scripsit
1587 1606 1793 1663 sancta,
1815 1598 2001 1655 docuit

425 1683 594 1741 recta,
617 1680 942 1747 operabatur
965 1682 1225 1748 coelestia;
1245 1692 1307 1738 et
1327 1685 1444 1740 sine
1465 1685 1864 1750 intermissione
1885 1702 1998 1746 me-

2108 504 2311 577 saugite
2333 504 2562 573 primum
2599 504 2843 561 abbatem
2871 504 3283 575 constituit,’cui
3314 513 3379 567 de
3398 512 3535 577 suis,
3563 530 3675 568 nio-

2108 520 2168 560 sa
2242 520 2311 559 ιω
2333 520 2562 573 primum
2599 520 2843 561 abbatem
2871 520 3172 575 constituit,
3198 520 3283 566 cui
3314 520 3379 567 (te
3398 520 3535 577 sitis,
3563 530 3674 568 m0-

2108 520 2310 649 na'gios
2343 594 2397 649 in
2423 594 2569 650 omni
2601 594 2855 666 religione
2879 595 3141 665 perfectos
3178 602 3489 666 monastiea,
3519 603 3674 672 quin-

2107 675 2559 740 decitnnumeros
2588 683 2885 753 conjunxit.
2926 686 3011 740 Ad
3032 690 3415 744 monasterium
3458 705 3674 761 quoque

2103 771 2267 832 Nova!
2287 772 2531 832 Corbeite
2540 766 2595 840 1’,
2609 774 2749 843 quod
2768 774 2822 828 in
2847 772 3109 831 Saxonica
3132 779 3366 847 regione,
3387 795 3506 849 qua:
3519 796 3672 836 nunc

2105 854 2418 934 Westgallia
2445 876 2468 904 ο
2499 864 3094 937 ηιιιιουρθιιιιξν-Ῑυηάειτὶ
3122 870 3305 938 etrapit,
3328 868 3470 925 anno
3491 873 3699 942 florui-.

2104 959 2243 1014 uicae
2279 958 2584 1015 natiVitatis'
2619 960 3059 1031 octingentesimo
3080 960 3587 1019 vicesimosecuudo
3617 964 3644 1003 ιι

2105 1037 2397 1107 indictione
2441 1049 2808 1116 Romanorum
2855 1051 3039 1119 quinta
3084 1050 3327 1116 decima,
3376 1053 3671 1107 monachos

2102 1144 2711 1212 postea,ebnsummatos
2739 1141 3048 1207 destinavit,
3078 1140 3235 1211 viros,
3249 1142 3488 1197 eruditos
3507 1151 3680 1212 atque

2102 1231 2493 1297 sanctissimos,
2527 1232 2672 1287 inter
2717 1240 2851 1301 quos
2904 1239 3121 1287 sanctus
3158 1230 3441 1295 Altfridus,
3481 1228 3672 1302 postea

2101 1324 2401 1393 quartusin
2427 1321 2771 1379 Hildclsheim
2800 1323 3044 1393 pontifex
3064 1363 3078 1389 ,
3120 1337 3261 1378 unus
3285 1322 3530 1378 exstitit:
3567 1338 3681 1393 per

2100 1428 2259 1483 quem
2280 1413 2423 1469 Deus
2453 1413 2618 1479 multa
2652 1414 2805 1484 signa
2848 1400 2904 1469 et.
2941 1413 3195 1468 miracula
3222 1412 3467 1469 ﬁdelibus
3486 1416 3676 1470 esten—

2098 1503 2305 1565 dit.,Ad
2341 1496 2444 1558 alia
2468 1512 2681 1574 quoque
2711 1505 2864 1574 plura
2900 1505 3173 1571 caenobia,
3211 1502 3279 1581 eo
3304 1513 3544 1575 tempore
3568 1521 3674 1561 uo-

2096 1594 2236 1655 Yiter
2256 1602 2586 1662 constructa,
2612 1595 2806 1650 beatus
2830 1594 3231 1657 Paterabbates
3270 1595 3416 1650 misit
3450 1601 3506 1649 et
3523 1598 3525 1601 ’
3541 1607 3669 1651 moo'

2098 1682 2320 1747 nacbos,
2335 1696 2564 1752 quorum
2585 1683 2797 1737 nomina
2818 1681 3094 1737 brevitatis
3114 1696 3295 1738 amore
3314 1681 3528 1737 silentio
3547 1695 3673 1752 per-

427 1767 702 1823 ditabatur
736 1771 937 1828 divina.
982 1771 1108 1845 Haec
1148 1775 1296 1836 illum
1340 1786 1529 1832 sancta
1551 1780 1910 1849 conversatio,
1940 1791 1990 1836 et

2097 1772 2463 1839 transivimus,
2482 1772 2550 1831 ut
2573 1784 2702 1844 pote
2725 1775 2815 1845 qui
2840 1775 2907 1830 ad
2943 1774 3109 1830 linem
3143 1767 3379 1829 historia:
3423 1768 3665 1845 rationira-

426 1858 580 1917 nobis
604 1862 798 1918 merito
822 1866 1181 1923 venerabilem
1206 1866 1333 1923 fecit
1357 1869 1412 1923 in
1441 1870 1621 1937 terris,
1647 1880 1703 1927 et
1726 1888 1847 1928 cum
1870 1889 1994 1929 sau-

426 1944 537 2003 etis:
558 1948 651 2005 Dei
677 1953 927 2023 omnibus
969 1954 1257 2024 gloriosum
1302 1959 1529 2014 reddidit
1570 1961 1624 2015 in
1671 1963 1840 2018 caelis.
1884 1965 1993 2019 Deo

419 2033 632 2105 juvenis
659 2038 712 2092 in
742 2045 1064 2097 monasterio
1099 2044 1262 2114 etrapit
1293 2048 1507 2113 vivere,
1546 2065 1611 2104 ac
1651 2048 1786 2121 bene
1815 2062 1990 2123 coepta

424 2123 651 2197 ﬁdeliter
676 2146 846 2200 usque
864 2133 937 2214 ad}
950 2142 1177 2191 mortem
1200 2138 1553 2196 continuavit.
1578 2141 1869 2199 Monachus
1889 2144 1991 2201 fuit

418 2214 699 2287 innocens,
729 2223 895 2280 abbas
930 2225 985 2280 in
1010 2226 1120 2282 Deo
1144 2242 1356 2309 semper
1377 2232 1691 2301 proficiens,
1722 2236 1989 2307 archiepi-

400 2310 619 2378 ’scopus
642 2309 784 2367 inter
807 2314 1087 2381 praefectos
1120 2318 1403 2386 excellens,
1441 2318 1692 2378 fraternae
1712 2326 1991 2384 charitatis

419 2406 629 2467 amator
663 2409 719 2455 et
755 2404 932 2458 cultor
959 2404 1384 2464 ferventissimus
1416 2414 1639 2479 exstitit,
1669 2422 1723 2469 et
1761 2417 1987 2473 salutem

421 2487 660 2543 omnium
704 2493 1095 2553 studiosissime
1145 2501 1410 2568 quazsivit.
1468 2501 1615 2558 Unde
1661 2506 1777 2563 zelo
1822 2509 1987 2566 divini

420 2579 622 2635 amoris
649 2597 929 2653 accensus,
958 2587 1140 2645 multis
1164 2591 1452 2659 coenobiis,
1490 2610 1609 2664 qua:
1651 2603 1775 2652 tunc
1802 2597 1988 2655 funda-

423 2665 622 2758 bantur
648 2668 712 2724 de
740 2686 898 2739 novo,
926 2683 980 2729 et
1008 2679 1296 2734 monachos
1320 2696 1386 2735 ex
1425 2683 1537 2738 suis
1566 2683 1710 2739 dedit
1743 2696 1983 2758 rogatus,

422 2763 477 2809 et
504 2756 745 2851 doctrina
765 2764 1053 2835 prteclaros
1080 2770 1318 2831 abbates.
1344 2773 1668 2834 lnﬁrmiores
1708 2756 1983 2851 quosque;

418 2854 478 2900 et
501 2848 677 2906 minus
701 2851 755 2905 in
778 2852 1117 2912 observantia
1142 2862 1373 2932 regulari
1403 2860 1610 2922 zelosos
1629 2848 1788 2939 atque
1810 2848 1987 2941 perfc;

419 2941 639 3034 ctos,’in
672 2948 994 3003 monasterio
1025 2965 1204 3006 secum
1238 2953 1492 3022 detinuit,
1520 2966 1573 3012 et
1601 2962 1699 3015 sub
1725 2963 1873 3034 virga
1899 2965 1984 3019 di-

419 3029 657 3101 sciplintc
676 3034 741 3088 ad
765 3036 983 3092 meliora
1010 3041 1245 3109 quotidie
1267 3046 1582 3114 compellere
1604 3065 1708 3103 non
1732 3029 1981 3108 cessavit.

2098 1865 2279 1921 biliter
2305 1865 2650 1922 festinamus.
3384 1886 3389 1895 ‘
3560 1926 3565 1931 .

2167 1957 2300 2013 Cum
2348 1960 2529 2027 itaque
2573 1960 3049 2014 reverendissimus
3095 1959 3267 2015 abbas
3309 1942 3664 2013 Rabanust‘in

2080 2028 2209 2119 'lege
2235 2049 2529 2105 monastica
2557 2047 3100 2118 irreprehensibiliter
3126 2050 3347 2113 viveret,
3379 2058 3433 2103 et
3463 2049 3665 2104 multos

2094 2140 2259 2196 verbo
2281 2149 2338 2195 et
2358 2139 2605 2209 exemplo
2628 2141 2693 2195 ad
2713 2139 2976 2210 justitiam
3010 2139 3266 2204 erudiret,
3290 2138 3439 2193 saevit
3460 2139 3514 2197 in
3534 2154 3665 2193 eum

2097 2232 2262 2286 totius
2289 2231 2415 2286 boni
2443 2230 2803 2295 adversarius,
2832 2238 2886 2285 et
2914 2228 3078 2283 variis
3107 2228 3279 2283 modis
3320 2229 3420 2282 viri
3459 2242 3663 2298 propo-

2095 2321 2257 2377 situm
2280 2307 2554 2385 enervare,
2581 2321 2895 2391 penitusque
2922 2318 3233 2373 subvertere
3252 2316 3544 2371 “laborabat
3564 2357 3579 2382 ,
3603 2323 3664 2371 et

2095 2410 2278 2466 multis
2300 2410 2570 2480 variisque
2593 2408 2815 2463 nocendi
2843 2406 3033 2462 mediis
3062 2407 3237 2461 virum
3275 2414 3517 2460 sanctum
3558 2420 3654 2475 ag-

2095 2514 2330 2571 gressus,
2351 2514 2473 2554 cum
2492 2497 2657 2552 animi
2676 2497 2790 2567 ejus
2808 2494 3165 2551 constantiam
3187 2508 3520 2563 nequaquam
3543 2508 3666 2562 pos-

2093 2599 2174 2645 set
2211 2588 2542 2660 perfringere
2562 2628 2576 2654 ,
2622 2588 2954 2642 subditorum
2983 2584 3101 2653 ejus
3142 2592 3348 2639 mentes
3376 2583 3659 2638 adodium

2091 2679 2324 2750 pastoris
2379 2668 2570 2734 callida
2633 2677 2836 2732 studuit
2893 2674 3287 2730 machinatione
3341 2686 3653 2743 provocare.

2090 2770 2246 2827 Anno
2265 2770 2427 2839 igitur
2448 2767 2741 2823 nativitatis
2761 2765 2876 2835 ejus
2894 2764 3338 2836 quinquagesimo
3356 2763 3587 2832 septimo
3606 2772 3656 2826 0,

2091 2872 2152 2917 ut
2170 2858 2517 2932 Meginfridus
2551 2857 2753 2929 (Fulda:
2778 2865 2960 2927 postea
2983 2854 3294 2924 monachus)
3331 2862 3415 2909 est
3437 2860 3655 2918 auctor,

2028 2940 2036 2952 ⁸
2090 2949 2229 3005 facta
2263 2957 2355 3005 .est
2399 2949 2540 3002 inter
2582 2962 2704 3001 eum
2749 2956 2804 3000 et
2843 2946 3135 3000 monachos
3167 2942 3302 3012 ejus,
3333 2942 3661 2998 sollicitante

2092 3040 2325 3106 diabolo,
2364 3039 2543 3108 gravis
2585 3038 2827 3107 quaedam
2855 3044 2909 3090 et
2946 3036 3133 3090 nociva
3165 3034 3456 3099 dissensio,
3501 3031 3655 3101 cujus

420 3121 502 3178 Ad
532 3128 858 3182 monasteria
883 3144 1012 3185 vero
1032 3134 1246 3189 noviter
1273 3134 1510 3204 fundata,
1534 3155 1638 3194 non
1666 3142 1809 3197 misit
1835 3144 1989 3199 ‘infir-
2015 3116 2060 3179 C
2092 3140 2271 3185 tamen
2297 3142 2513 3185 causam
2540 3144 2644 3183 non
2673 3127 2950 3197 exrressil-
2980 3126 3147 3193 Quam
3170 3125 3654 3180 LUdOViCUS’Gel“

419 3226 557 3280 mos,
582 3217 676 3271 sed
698 3215 885 3285 fortes,
909 3236 1013 3275 non
1035 3223 1241 3291 tepidos
1264 3234 1319 3278 et
1341 3229 1602 3295 carnales,
1628 3232 1721 3286 sed
1747 3237 1986 3291 moribus

419 3310 477 3357 et
505 3307 810 3363 eruditione
855 3321 1252 3375 consummatos
1294 3324 1453 3385 atque
1496 3320 1779 3388 perfectos.
1831 3324 1987 3382 Anno

420 3393 696 3463 regiminis
725 3396 806 3451 sui
829 3398 1109 3457 abbatialis
1141 3405 1298 3459 tertio
1320 3407 1553 3475 decimo,‘
1567 3412 1657 3480 qui
1688 3412 1789 3467 fuit
1808 3416 1990 3471 Domi-

418 3483 552 3539 nictn
582 3486 875 3542 nativitatis
898 3483 1373 3563 octingentesimus
1403 3500 1707 3556 tricesimus
1741 3514 1986 3572 octavus,

419 3573 710 3631 indictione
750 3579 1110 3636 Romanorum
1136 3587 1340 3653 prima,
1377 3604 1499 3644 cum
1540 3592 1839 3650 Erlafridus
1864 3599 1986 3667 qui-

421 3667 541 3721 dam
568 3683 750 3722 comes
772 3669 825 3722 in
846 3670 1011 3725 Galba
1039 3678 1420 3732 monasterium
1446 3680 1499 3734 in
1523 3666 1837 3739 memoriam
1866 3666 1989 3743 san-

419 3758 491 3848 cti
521 3757 724 3848 Aurelii
754 3771 781 3799 ιι
805 3761 1091 3829 pontificis,
1128 3766 1269 3833 apud
1312 3767 1645 3848 Hirsaugiam
1668 3814 1682 3838 ,
1720 3775 1987 3845 Spirensis

422 3847 694 3913 dimcesis,
718 3864 914 3905 novum
946 3867 977 3905 a
1013 3851 1358 3912 fundamento
1386 3863 1794 3931 construxisset,
1823 3868 1986 3923 missa

420 3934 684 4004 legatione
712 3938 765 3993 in
798 3939 1019 3996 Fuldam
1047 3958 1166 3999 cum
1204 3948 1455 4015 precibus
1491 3950 1676 4022 Otgari
1717 3958 1984 4028 archiepi-

421 4029 567 4097 scopi
597 4028 887 4099 Moguntini
925 4041 978 4087 et
1008 4032 1210 4105 [Forte
1238 4036 1343 4110 ad]
1385 4039 1667 4097 Rabanum
1705 4046 1983 4117 abbatem,

420 4118 714 4173 monachos
734 4119 801 4173 ab
819 4134 882 4174 eo
901 4122 1076 4190 petiit,
1089 4131 1144 4179 et
1163 4125 1277 4195 ejus
1297 4127 1632 4198 dispositioni
1658 4137 1981 4205 coenobium,

418 4208 564 4278 quod
591 4218 856 4274 erexerat,
892 4215 1299 4272 commendavit.
1338 4218 1441 4285 Qui
1483 4236 1584 4291 pro
1617 4220 1711 4277 Dei
1740 4240 1988 4282 reveren-

495 4375 522 4404 ι
545 4363 646 4446 llic
664 4370 747 4418 est
762 4363 1031 4446 innocuus
1056 4362 1459 4426 Bedicianorum
1478 4376 1714 4446 episcop.
1740 4377 1797 4433 S.
1819 4380 1978 4436 Basil.

424 4432 602 4514 Magni
632 4435 967 4514 synchronus
987 4445 1041 4491 et
1061 4446 1307 4514 notatam,

425 4503 603 4557 rarius
650 4503 846 4572 aliique
874 4503 1113 4559 referunt
1135 4506 1238 4562 coli
1270 4503 1304 4563 9

422 4571 495 4626 25
526 4571 671 4625 Maii.

579 4587 671 4625 an.

496 4640 525 4681 δ
548 4642 625 4713 l_)e
652 4646 789 4713 nova
820 4642 922 4697 hac
950 4641 1175 4702 Corbeia
1201 4649 1321 4702 vide
1343 4647 1518 4704 Vitam
1539 4654 1708 4707 sancti
1734 4656 1985 4713 Adelardi

428 4723 523 4781 per
550 4710 1051 4784 Badlre_rtum,'cap.
1084 4716 1171 4782 16,
1198 4725 1252 4771 et
1280 4717 1457 4772 Vitam
1495 4717 1552 4771 S.
1578 4721 1880 4780 Anscharii.

497 4791 519 4818 ε
551 4780 662 4835 lmo
681 4780 1030 4856 Westphalia.
1061 4786 1135 4839 De
1158 4780 1364 4856 origine
1383 4786 1539 4855 hujus
1558 4793 1797 4847 vocabuli
1822 4796 1986 4851 multa

428 4861 720 4932 cengerent
759 4854 1046 4932 geographi
1090 4854 1460 4932 moderni,“et
1505 4856 1796 4932 Weruerus
1833 4864 1989 4919 Rele-

430 4918 605 4995 vvinclt
628 4918 1002 4995 libro'defSit’u
1028 4932 1082 4995 et
1106 4918 1824 4995 Moribus'Westphalorum,
1859 4918 1978 4995 cap.

427 4992 496 5057 9.,
525 5006 749 5059 quorum
775 4992 950 5046 nullus
972 5007 1001 5045 a
1022 4994 1186 5049 Gallis
1210 5010 1405 5049 nomen
1442 4992 1582 5049 illius
1618 4992 1878 5054 concedit.
1910 4992 1984 5058 lle

430 5062 500 5143 iis
525 5070 681 5144 poeta
722 5062 1175 5144 Saxonitiufs,‘qui
1200 5064 1461 5144 _Ar_nulphi
1501 5066 1839 5135 imperatoris
1872 5087 1985 5127 aevo

431 5131 569 5187 vixit
588 5132 655 5186 ad
681 5147 878 5185 annum
905 5131 1028 5196 772,
1058 5133 1173 5187 inec
1199 5131 1388 5188 habet}

1384 4514 1590 4569 ovemb.
1635 4515 1981 4586 Trithemius,

550 5260 651 5322 Sed
677 5258 924 5320 generalis
945 5258 1084 5313 habet
1112 5259 1307 5320 populos
1329 5260 1499 5322 divisio
1520 5266 1706 5322 ternos,

553 5321 782 5380 lnsiguila
799 5322 974 5381 quibus
997 5322 1200 5369 Saxonis
1232 5322 1393 5369 timuit
1415 5320 1524 5369 olim
1545 5335 1558 5369 :

550 5381 750 5429 Nomina
769 5394 895 5428 nunc
916 5386 1186 5440 remanent,
1212 5386 1366 5430 virtus
1388 5384 1577 5438 antiqua
1602 5385 1825 5433 recessit.

552 5442 773 5503 Denique
796 5440 1097 5500 Westphalos
1120 5443 1323 5503 vocitant
1343 5442 1389 5488 in
1416 5450 1548 5502 parte
1572 5453 1825 5494 manentes

549 5500 775 5562 Oct-idus,
797 5513 1109 5562 quorum_nou
1131 5500 1274 5562 longe
1306 5500 1536 5562 terminus
1566 5516 1705 5553 amne

554 5562 596 5622 Α
620 5561 784 5611 Rheno
803 5560 962 5610 distat.
988 5560 1258 5622 Regiouem
1276 5561 1389 5610 solis
1412 5563 1468 5609 ad
1489 5570 1642 5610 ortum

553 5621 821 5686 inhabitant
844 5621 1153 5686 Qosierlingi,
1182 5636 1304 5686 quos
1328 5624 1516 5686 nomine
1536 5623 1727 5682 quidam

550 5682 808 5743 0stpbalos
827 5681 917 5733 alio
937 5681 1159 5748 vocitant,
1180 5681 1378 5736 conﬁnia
1396 5681 1597 5746 quorum

1401 4458 1485 4497 em
1513 4446 1836 4517 Qalesinius,
1858 4449 1985 4504 Fer—
2008 4457 2062 4517 D

2090 3235 2372 3276 manorum
2405 3233 2520 3284 rex,
2552 3218 2717 3272 frater
2753 3217 2991 3273 Lotbarii
3035 3216 3375 3285 imperatoris
3405 3230 3469 3270 ac
3512 3216 3655 3286 regis

2088 3313 2269 3377 Italite,
2297 3310 2434 3366 filius
2454 3311 2705 3365 Ludovici
2732 3309 2887 3379 primi
2910 3302 3030 3363 cum
3054 3309 3363 3371 audivisset,
3386 3308 3565 3363 missis
3586 3309 3653 3364 ad

2088 3405 2311 3460 Fuldam
2337 3404 2556 3470 nuntiis,
2586 3403 2863 3457 Rabanum
2896 3403 2963 3458 ad
2983 3417 3041 3456 se
3064 3402 3275 3456 vocavit
3303 3401 3573 3467 abbatem,
3599 3409 3656 3456 et

2088 3498 2474 3554 monachorum
2503 3498 2856 3551 temeritatem
2900 3495 3065 3567 regali
3095 3494 3413 3550 auctoritate
3438 3504 3663 3565 c0mpe~

2092 3588 2248 3652 seuit,
2283 3585 2691 3655 venientemque
2719 3598 2840 3640 cum
2868 3585 3073 3640 honore
3109 3585 3372 3654 suscepit,
3416 3592 3470 3640 et
3508 3584 3657 3638 bien.

2090 3680 2180 3734 nio
2215 3681 2239 3719 ³
2268 3677 2438 3735 ferme
2466 3677 2645 3733 secum
2683 3678 2734 3732 in
2767 3679 2915 3733 curia
2953 3678 3115 3748 regali
3152 3663 3399 3732 detinuit.
3443 3655 3655 3732 litterea

2082 3770 2339 3826 monachi
2364 3769 2673 3832 Fuldenses,
2690 3768 3003 3839 paenitentia
3028 3768 3193 3833 ducti,
3225 3775 3469 3822 oratores
3489 3768 3656 3824 mise-

2088 3870 2215 3918 runt
2256 3862 2568 3932 adregem,
2612 3860 2799 3914 humili
2844 3859 3229 3931 supplicatione
3260 3866 3542 3928 rogantes,
3588 3863 3656 3917 ut

2088 3953 2324 4008 ablatum
2350 3953 2448 4007 sibi
2475 3952 2763 4007 redonarct
2781 3950 3047 4005 abbatem.
3072 3949 3221 4017 Quod
3244 3958 3423 4005 tamen
3448 3950 3651 4019 facere,

2086 4050 2304 4111 propter
2342 4056 2561 4096 causam
2590 4039 2988 4105 rationabilem,
3025 4047 3079 4094 ct
3101 4039 3267 4095 abbas
3296 4039 3409 4108 ipse
3439 4041 3651 4104 renuit,

2085 4141 2139 4188 et
2158 4147 2251 4187 rex
2282 4130 2567 4186 admittere
2592 4129 2890 4184 nullatenus
2911 4128 3201 4182 consensit.
3226 4127 3420 4183 Mansit
3444 4144 3574 4200 ergo
3593 4130 3654 4186 in

2086 4221 2205 4277 aula
2231 4221 2379 4291 regia
2406 4220 2596 4275 beatus
2626 4219 2788 4274 abbas
2812 4217 3063 4273 [tabanus
3097 4217 3340 4284 biennio,
3384 4234 3555 4289 usque
3580 4220 3654 4275 ad

2209 4374 2443 4424 lnfestant
2463 4374 2712 4435 conjuncta
2732 4373 2833 4435 suis
2854 4383 2978 4433 gens
3000 4370 3180 4433 perﬁda
3204 4370 3380 4422 Sclavi.

2208 4436 2341 4486 Inter
2363 4433 2616 4495 prodictas
2635 4433 2791 4495 media
2809 4435 3012 4493 regione
3038 4441 3280 4495 morantur

2208 4492 2423 4560 Augarii,
2450 4492 2651 4557 pOpulus
2668 4492 2913 4544 Saxonum
2936 4494 3112 4543 tertius

2088 4600 2226 4654 Sunt
2248 4613 2379 4670 ergo
2402 4597 2695 4670 Westphali
2720 4596 2866 4661 dicti,
2899 4596 3115 4670 quodin
3138 4596 3357 4670 occidua
3372 4605 3534 4670 parte
3551 4612 3649 4651 seu

2086 4670 2269 4724 limine
2295 4665 2389 4723 a'ut
2426 4665 2596 4722 limite
2634 4666 2903 4722 Saxonum
2944 4665 3258 4720 occidentali
3302 4666 3646 4731 habitarent;

2087 4738 2383 4809 Oostpbali,
2406 4738 2617 4809 quodin
2642 4736 2912 4809 orientali.
2945 4736 3187 4809 Estne}:
3220 4734 3502 4809 occidens,
3533 4746 3649 4789 oost

2087 4804 2305 4879 oriens;
2339 4804 2516 4879 palen,
2545 4806 2772 4871 limites,
2817 4805 2987 4871 lines,
3031 4804 3216 4858 limina
3250 4804 3525 4873 regionum
3552 4814 3652 4859 aut

2089 4878 2321 4933 imperii.

2198 4946 2550 5001 Consentium
2572 4946 2624 4998 in
2650 4959 2791 4999 anno
2824 4953 3009 4998 auctor
3035 4943 3286 5012 antiquus
3313 4943 3377 4997 de
3402 4950 3648 5012 constru-

2087 5016 2261 5072 ctione
2280 5015 2587 5068 monasterii
2602 5015 2839 5069 Corbeite
2859 5015 2996 5082 apud
3012 5009 3348 5082 Meibomium
3370 5020 3423 5082 et
3444 5020 3587 5067 tomo
3599 5009 3651 5069 ΙΙ

2088 5086 2407 5154 scriptorum
2435 5083 2693 5154 Francite,
2728 5081 3241 5154 Scliafnahurgensis
3280 5082 3336 5154 in_
3356 5081 3649 5154 Chronico,

2016 5216 2021 5219 Α
2088 5148 2339 5209 Albertus
2362 5151 2756 5207 Crantziuslib.
2783 5169 2799 5206 ι
2822 5148 3148 5219 Metropolis,
3175 5165 3291 5219 cap.
3318 5151 3400 5213 19,
3427 5148 3647 5219 aliique.

2165 5234 2189 5262 θ
2219 5222 2299 5276 Ex
2351 5222 2452 5275 hoc
2499 5220 2614 5277 loco
2667 5236 2825 5290 supra
2868 5221 3198 5274 Ostendimus
3234 5221 3287 5273 in
3325 5228 3482 5275 aetate
3527 5220 3650 5275 Tri-

2092 5292 2350 5347 themium
2378 5292 2482 5345 huc
2510 5306 2672 5359 usque
2700 5290 2932 5345 triennio
2955 5291 3222 5359 aberrare.

2160 5362 2179 5400 ί
2205 5361 2316 5415 lmo
2340 5358 2615 5413 llabanum
2650 5360 2715 5414 ad
2745 5359 3023 5414 ecclesiam
3053 5360 3111 5413 S.
3136 5358 3276 5413 Petri
3300 5360 3353 5413 in
3378 5368 3558 5412 monte
3576 5359 3648 5411 ad

2061 5417 2344 5486 orientem
2374 5430 2681 5483 monasterii
2706 5430 3008 5493 secessisse,
3033 5428 3301 5495 libi-osque
3325 5437 3529 5495 coeptos
3550 5427 3655 5482 ab-

2086 5499 2325 5560 solvisse,
2350 5499 2550 5552 dictum
2577 5499 2627 5553 iu
2654 5500 2831 5568 priore
2860 5498 3001 5563 Vita,
3027 5514 3172 5551 num.
3200 5497 3286 5549 49.

2158 5570 2184 5610 ⁸
2209 5568 2580 5693 (ἐυίιυιυεηιιίυ
2602 5569 2846 5638 privatim
2876 5568 3074 5623 vixisse
3107 5574 3313 5622 certum
3340 5571 3424 5619 cst
3452 5577 3514 5618 ex
3552 5577 3653 5620 sue

2158 5655 2181 5693 ιι
2254 5638 2391 5693 ictis.

2085 5654 2181 5708 pra
2217 5654 2391 5694 uictis.
