  <div class='ocr_page' id='page_1' title='image "/cluster/home/n/w/nwhite01/storage/ocr_20150623/107/uva.x000827064/054.png"; bbox 0 0 3940 6326; ppageno 0'>
   <div class='ocr_carea' id='block_1_1' title="bbox 381 325 1931 397">
    <p class='ocr_par' dir='ltr' id='par_1_1' title="bbox 381 325 1931 388">
     <span class='ocr_line' id='line_1_1' title="bbox 381 325 1931 388; baseline -0.005 -1"><span class='ocrx_word' id='word_1_1' title='bbox 381 333 445 388; x_wconf 74' lang='grc' dir='ltr'><strong>9Ὶ</strong></span> <span class='ocrx_word' id='word_1_2' title='bbox 509 332 518 340; x_wconf 87' lang='grc'><em>’</em></span> <span class='ocrx_word' id='word_1_3' title='bbox 1727 325 1931 382; x_wconf 64' lang='grc' dir='ltr'>ινιιοιε</span> 
     </span>
    </p>
   </div>
   <div class='ocr_carea' id='block_1_2' title="bbox 2043 325 3603 397">
    <p class='ocr_par' dir='ltr' id='par_1_2' title="bbox 2046 325 3603 397">
     <span class='ocr_line' id='line_1_2' title="bbox 2046 325 3603 397; baseline 0.012 -18"><span class='ocrx_word' id='word_1_4' title='bbox 2046 325 2250 380; x_wconf 75' lang='lat' dir='ltr'><strong>MENA.</strong></span> <span class='ocrx_word' id='word_1_5' title='bbox 3534 343 3603 397; x_wconf 71' lang='lat'><strong>98</strong></span> 
     </span>
    </p>
   </div>
   <div class='ocr_carea' id='block_1_3' title="bbox 380 429 3600 520">
    <p class='ocr_par' dir='ltr' id='par_1_3' title="bbox 380 429 3600 520">
     <span class='ocr_line' id='line_1_3' title="bbox 380 429 3600 520; baseline 0.004 -20"><span class='ocrx_word' id='word_1_6' title='bbox 380 452 606 500; x_wconf 83' lang='lat' dir='ltr'><strong>mortem</strong></span> <span class='ocrx_word' id='word_1_7' title='bbox 643 441 842 513; x_wconf 80' lang='lat' dir='ltr'><strong>Otgarii</strong></span> <span class='ocrx_word' id='word_1_8' title='bbox 883 442 1266 512; x_wconf 69' lang='lat' dir='ltr'><strong>archiepiscopi</strong></span> <span class='ocrx_word' id='word_1_9' title='bbox 1311 442 1620 511; x_wconf 73' lang='lat' dir='ltr'><strong>Moguntini,</strong></span> <span class='ocrx_word' id='word_1_10' title='bbox 1658 441 1932 497; x_wconf 80' lang='lat' dir='ltr'><strong>monachis</strong></span> <span class='ocrx_word' id='word_1_11' title='bbox 1963 447 2006 504; x_wconf 81' lang='grc' dir='ltr'>Α</span> <span class='ocrx_word' id='word_1_12' title='bbox 2035 457 2153 512; x_wconf 76' lang='lat' dir='ltr'><strong>qua:</strong></span> <span class='ocrx_word' id='word_1_13' title='bbox 2194 442 2514 513; x_wconf 82' lang='lat' dir='ltr'><strong>pontificalis</strong></span> <span class='ocrx_word' id='word_1_14' title='bbox 2554 445 2834 501; x_wconf 77' lang='lat' dir='ltr'><strong>ministerii</strong></span> <span class='ocrx_word' id='word_1_15' title='bbox 2868 447 3098 503; x_wconf 83' lang='lat' dir='ltr'><strong>ollicium</strong></span> <span class='ocrx_word' id='word_1_16' title='bbox 3133 451 3405 520; x_wconf 80' lang='lat' dir='ltr'><strong>requirere</strong></span> <span class='ocrx_word' id='word_1_17' title='bbox 3447 429 3600 512; x_wconf 46' lang='lat' dir='ltr'><strong>vide?</strong></span> 
     </span>
    </p>
   </div>
   <div class='ocr_carea' id='block_1_4' title="bbox 380 530 1099 600">
    <p class='ocr_par' dir='ltr' id='par_1_4' title="bbox 380 530 1099 600">
     <span class='ocr_line' id='line_1_4' title="bbox 380 530 1099 600; baseline -0.004 -13"><span class='ocrx_word' id='word_1_18' title='bbox 380 534 593 589; x_wconf 88' lang='lat' dir='ltr'><strong>interim</strong></span> <span class='ocrx_word' id='word_1_19' title='bbox 623 530 1054 586; x_wconf 89' lang='lat' dir='ltr'><strong>lamentantibus.</strong></span> <span class='ocrx_word' id='word_1_20' title='bbox 1094 594 1099 600; x_wconf 86' lang='lat'><strong><em>_</em></strong></span> 
     </span>
    </p>
   </div>
   <div class='ocr_carea' id='block_1_5' title="bbox 756 656 1473 727">
    <p class='ocr_par' dir='ltr' id='par_1_5' title="bbox 756 656 1473 727">
     <span class='ocr_line' id='line_1_5' title="bbox 756 656 1473 727; baseline -0.001 -2"><span class='ocrx_word' id='word_1_21' title='bbox 756 656 759 657; x_wconf 15' lang='grc' dir='ltr'><em>ν</em></span> <span class='ocrx_word' id='word_1_22' title='bbox 849 666 1079 727; x_wconf 82' lang='lat' dir='ltr'><strong>LIBER</strong></span> <span class='ocrx_word' id='word_1_23' title='bbox 1121 661 1473 726; x_wconf 77' lang='lat' dir='ltr'><strong>TERTIUS.</strong></span> 
     </span>
    </p>
   </div>
   <div class='ocr_carea' id='block_1_6' title="bbox 452 787 1937 857">
    <p class='ocr_par' dir='ltr' id='par_1_6' title="bbox 452 787 1937 857">
     <span class='ocr_line' id='line_1_6' title="bbox 452 787 1937 857; baseline 0 -17"><span class='ocrx_word' id='word_1_24' title='bbox 452 787 616 855; x_wconf 77' lang='lat' dir='ltr'><strong>Igitur</strong></span> <span class='ocrx_word' id='word_1_25' title='bbox 654 795 774 854; x_wconf 89' lang='lat' dir='ltr'><strong>post</strong></span> <span class='ocrx_word' id='word_1_26' title='bbox 821 795 1046 842; x_wconf 89' lang='lat' dir='ltr'><strong>mortem</strong></span> <span class='ocrx_word' id='word_1_27' title='bbox 1090 787 1367 841; x_wconf 87' lang='lat' dir='ltr'><strong>memorati</strong></span> <span class='ocrx_word' id='word_1_28' title='bbox 1406 787 1790 857; x_wconf 80' lang='lat' dir='ltr'><strong>archiepiscopi</strong></span> <span class='ocrx_word' id='word_1_29' title='bbox 1829 787 1937 848; x_wconf 81' lang='lat' dir='ltr'><strong>Mo-</strong></span> 
     </span>
    </p>
   </div>
   <div class='ocr_carea' id='block_1_7' title="bbox 380 873 1933 946">
    <p class='ocr_par' dir='ltr' id='par_1_7' title="bbox 380 873 1933 946">
     <span class='ocr_line' id='line_1_7' title="bbox 380 873 1933 946; baseline 0.003 -17"><span class='ocrx_word' id='word_1_30' title='bbox 380 874 585 946; x_wconf 86' lang='lat' dir='ltr'><strong>guntini</strong></span> <span class='ocrx_word' id='word_1_31' title='bbox 623 873 860 944; x_wconf 81' lang='lat' dir='ltr'><strong>Otgarii,</strong></span> <span class='ocrx_word' id='word_1_32' title='bbox 891 876 982 944; x_wconf 88' lang='lat' dir='ltr'><strong>qui</strong></span> <span class='ocrx_word' id='word_1_33' title='bbox 1025 875 1127 930; x_wconf 84' lang='lat' dir='ltr'><strong>fuit</strong></span> <span class='ocrx_word' id='word_1_34' title='bbox 1173 876 1228 930; x_wconf 92' lang='lat' dir='ltr'><strong>in</strong></span> <span class='ocrx_word' id='word_1_35' title='bbox 1262 876 1449 930; x_wconf 86' lang='lat' dir='ltr'><strong>ordine</strong></span> <span class='ocrx_word' id='word_1_36' title='bbox 1494 878 1933 946; x_wconf 68' lang='lat' dir='ltr'><strong>archiprzesul&#39;um</strong></span> 
     </span>
    </p>
   </div>
   <div class='ocr_carea' id='block_1_8' title="bbox 379 963 1935 1032">
    <p class='ocr_par' dir='ltr' id='par_1_8' title="bbox 379 963 1935 1032">
     <span class='ocr_line' id='line_1_8' title="bbox 379 963 1935 1032; baseline 0.004 -16"><span class='ocrx_word' id='word_1_37' title='bbox 379 963 633 1032; x_wconf 89' lang='lat' dir='ltr'><strong>quintus,</strong></span> <span class='ocrx_word' id='word_1_38' title='bbox 671 971 724 1017; x_wconf 90' lang='lat' dir='ltr'><strong>et</strong></span> <span class='ocrx_word' id='word_1_39' title='bbox 759 963 893 1018; x_wconf 90' lang='lat' dir='ltr'><strong>obiit</strong></span> <span class='ocrx_word' id='word_1_40' title='bbox 933 967 1074 1019; x_wconf 88' lang='lat' dir='ltr'><strong>anno</strong></span> <span class='ocrx_word' id='word_1_41' title='bbox 1104 963 1395 1020; x_wconf 69' lang='lat' dir='ltr'><strong>Dominicaa</strong></span> <span class='ocrx_word' id='word_1_42' title='bbox 1434 966 1728 1020; x_wconf 66' lang='lat' dir='ltr'><strong>nativitatis</strong></span> <span class='ocrx_word' id='word_1_43' title='bbox 1761 968 1935 1022; x_wconf 86' lang='lat' dir='ltr'><strong>octin-</strong></span> 
     </span>
    </p>
   </div>
   <div class='ocr_carea' id='block_1_9' title="bbox 378 1041 1934 1125">
    <p class='ocr_par' dir='ltr' id='par_1_9' title="bbox 378 1041 1934 1125">
     <span class='ocr_line' id='line_1_9' title="bbox 378 1041 1934 1125; baseline 0.004 -20"><span class='ocrx_word' id='word_1_44' title='bbox 378 1053 676 1121; x_wconf 86' lang='lat' dir='ltr'><strong>gentesimo</strong></span> <span class='ocrx_word' id='word_1_45' title='bbox 730 1054 1133 1125; x_wconf 83' lang='lat' dir='ltr'><strong>quadragesimo</strong></span> <span class='ocrx_word' id='word_1_46' title='bbox 1177 1054 1438 1123; x_wconf 89' lang='lat' dir='ltr'><strong>septimo,</strong></span> <span class='ocrx_word' id='word_1_47' title='bbox 1496 1041 1785 1111; x_wconf 83' lang='lat' dir='ltr'><strong>indictione</strong></span> <span class='ocrx_word' id='word_1_48' title='bbox 1829 1057 1934 1112; x_wconf 85' lang='lat' dir='ltr'><strong>Ro-</strong></span> 
     </span>
    </p>
   </div>
   <div class='ocr_carea' id='block_1_10' title="bbox 380 1131 1930 1213">
    <p class='ocr_par' dir='ltr' id='par_1_10' title="bbox 380 1131 1930 1213">
     <span class='ocr_line' id='line_1_10' title="bbox 380 1131 1930 1213; baseline 0.003 -17"><span class='ocrx_word' id='word_1_49' title='bbox 380 1156 660 1196; x_wconf 88' lang='lat' dir='ltr'><strong>manorum</strong></span> <span class='ocrx_word' id='word_1_50' title='bbox 683 1142 905 1209; x_wconf 91' lang='lat' dir='ltr'><strong>decima,</strong></span> <span class='ocrx_word' id='word_1_51' title='bbox 928 1131 1341 1213; x_wconf 79' lang='lat' dir='ltr'><strong>mensis&#39;Aprilis</strong></span> <span class='ocrx_word' id='word_1_52' title='bbox 1362 1143 1448 1198; x_wconf 89' lang='lat' dir='ltr'><strong>die</strong></span> <span class='ocrx_word' id='word_1_53' title='bbox 1469 1144 1717 1199; x_wconf 90' lang='lat' dir='ltr'><strong>vicesima</strong></span> <span class='ocrx_word' id='word_1_54' title='bbox 1738 1146 1930 1213; x_wconf 90' lang='lat' dir='ltr'><strong>prima,</strong></span> 
     </span>
    </p>
   </div>
   <div class='ocr_carea' id='block_1_11' title="bbox 380 1232 1935 1306">
    <p class='ocr_par' dir='ltr' id='par_1_11' title="bbox 380 1232 1935 1306">
     <span class='ocr_line' id='line_1_11' title="bbox 380 1232 1935 1306; baseline 0.003 -21"><span class='ocrx_word' id='word_1_55' title='bbox 380 1233 433 1286; x_wconf 90' lang='lat' dir='ltr'><strong>in</strong></span> <span class='ocrx_word' id='word_1_56' title='bbox 472 1233 794 1295; x_wconf 85' lang='lat' dir='ltr'><strong>monasterio</strong></span> <span class='ocrx_word' id='word_1_57' title='bbox 836 1232 1007 1289; x_wconf 87' lang='lat' dir='ltr'><strong>sancti</strong></span> <span class='ocrx_word' id='word_1_58' title='bbox 1050 1233 1236 1286; x_wconf 78' lang='lat' dir='ltr'><strong>Albani</strong></span> <span class='ocrx_word' id='word_1_59' title='bbox 1277 1233 1525 1304; x_wconf 80' lang='lat' dir='ltr'><strong>martyris</strong></span> <span class='ocrx_word' id='word_1_60' title='bbox 1550 1234 1689 1303; x_wconf 91' lang='lat' dir='ltr'><strong>apud</strong></span> <span class='ocrx_word' id='word_1_61' title='bbox 1717 1234 1935 1306; x_wconf 74' lang='lat' dir='ltr'><strong>Mogun-</strong></span> 
     </span>
    </p>
   </div>
   <div class='ocr_carea' id='block_1_12' title="bbox 378 1321 1932 1394">
    <p class='ocr_par' dir='ltr' id='par_1_12' title="bbox 378 1321 1932 1394">
     <span class='ocr_line' id='line_1_12' title="bbox 378 1321 1932 1394; baseline 0.003 -19"><span class='ocrx_word' id='word_1_62' title='bbox 378 1321 532 1386; x_wconf 89' lang='lat' dir='ltr'><strong>tiam,</strong></span> <span class='ocrx_word' id='word_1_63' title='bbox 547 1322 598 1376; x_wconf 91' lang='lat' dir='ltr'><strong>in</strong></span> <span class='ocrx_word' id='word_1_64' title='bbox 618 1322 816 1393; x_wconf 79' lang='lat' dir='ltr'><strong>capella</strong></span> <span class='ocrx_word' id='word_1_65' title='bbox 839 1321 1009 1378; x_wconf 84' lang='lat' dir='ltr'><strong>sancti</strong></span> <span class='ocrx_word' id='word_1_66' title='bbox 1028 1321 1284 1376; x_wconf 86' lang='lat' dir='ltr'><strong>Bonifacii</strong></span> <span class='ocrx_word' id='word_1_67' title='bbox 1308 1337 1429 1378; x_wconf 92' lang='lat' dir='ltr'><strong>cum</strong></span> <span class='ocrx_word' id='word_1_68' title='bbox 1451 1323 1661 1392; x_wconf 84' lang='lat' dir='ltr'><strong>honore</strong></span> <span class='ocrx_word' id='word_1_69' title='bbox 1674 1324 1932 1394; x_wconf 88' lang='lat' dir='ltr'><strong>sepultus,</strong></span> 
     </span>
    </p>
   </div>
   <div class='ocr_carea' id='block_1_13' title="bbox 377 1407 1934 1480">
    <p class='ocr_par' dir='ltr' id='par_1_13' title="bbox 377 1407 1934 1480">
     <span class='ocr_line' id='line_1_13' title="bbox 377 1407 1934 1480; baseline 0.002 -16"><span class='ocrx_word' id='word_1_70' title='bbox 377 1424 521 1464; x_wconf 90' lang='lat' dir='ltr'><strong>anno</strong></span> <span class='ocrx_word' id='word_1_71' title='bbox 538 1410 878 1480; x_wconf 84' lang='lat' dir='ltr'><strong>pontificatus</strong></span> <span class='ocrx_word' id='word_1_72' title='bbox 896 1409 980 1465; x_wconf 87' lang='lat' dir='ltr'><strong>sui</strong></span> <span class='ocrx_word' id='word_1_73' title='bbox 1004 1411 1258 1466; x_wconf 90' lang='lat' dir='ltr'><strong>vicesimo</strong></span> <span class='ocrx_word' id='word_1_74' title='bbox 1279 1412 1511 1466; x_wconf 87' lang='lat' dir='ltr'><strong>secundo</strong></span> <span class='ocrx_word' id='word_1_75' title='bbox 1533 1425 1581 1477; x_wconf 71' lang='grc' dir='ltr'><strong>ε,</strong></span> <span class='ocrx_word' id='word_1_76' title='bbox 1612 1414 1799 1467; x_wconf 91' lang='lat' dir='ltr'><strong>beatus</strong></span> <span class='ocrx_word' id='word_1_77' title='bbox 1822 1407 1934 1467; x_wconf 71' lang='lat' dir='ltr'><strong>lla-</strong></span> 
     </span>
    </p>
   </div>
   <div class='ocr_carea' id='block_1_14' title="bbox 378 1498 1934 1584">
    <p class='ocr_par' dir='ltr' id='par_1_14' title="bbox 378 1498 1934 1584">
     <span class='ocr_line' id='line_1_14' title="bbox 378 1498 1934 1584; baseline 0.003 -25"><span class='ocrx_word' id='word_1_78' title='bbox 378 1506 550 1560; x_wconf 89' lang='lat' dir='ltr'><strong>banus</strong></span> <span class='ocrx_word' id='word_1_79' title='bbox 580 1503 792 1560; x_wconf 76' lang='lat' dir='ltr'><strong>Maurus</strong></span> <span class='ocrx_word' id='word_1_80' title='bbox 814 1503 1163 1576; x_wconf 75' lang='lat' dir='ltr'><strong>Magnentius,</strong></span> <span class='ocrx_word' id='word_1_81' title='bbox 1195 1505 1358 1562; x_wconf 86' lang='lat' dir='ltr'><strong>abbas</strong></span> <span class='ocrx_word' id='word_1_82' title='bbox 1392 1498 1691 1574; x_wconf 81' lang='lat' dir='ltr'><strong>FuldenSis,</strong></span> <span class='ocrx_word' id='word_1_83' title='bbox 1721 1525 1934 1584; x_wconf 88' lang='lat' dir='ltr'><strong>promo—</strong></span> 
     </span>
    </p>
   </div>
   <div class='ocr_carea' id='block_1_15' title="bbox 381 1586 1934 1668">
    <p class='ocr_par' dir='ltr' id='par_1_15' title="bbox 381 1586 1934 1668">
     <span class='ocr_line' id='line_1_15' title="bbox 381 1586 1934 1668; baseline 0.004 -19"><span class='ocrx_word' id='word_1_84' title='bbox 381 1596 525 1650; x_wconf 90' lang='lat' dir='ltr'><strong>tione</strong></span> <span class='ocrx_word' id='word_1_85' title='bbox 560 1595 814 1651; x_wconf 84' lang='lat' dir='ltr'><strong>Ludovici</strong></span> <span class='ocrx_word' id='word_1_86' title='bbox 857 1595 1034 1666; x_wconf 89' lang='lat' dir='ltr'><strong>regis,</strong></span> <span class='ocrx_word' id='word_1_87' title='bbox 1077 1592 1130 1649; x_wconf 90' lang='lat' dir='ltr'><strong>in</strong></span> <span class='ocrx_word' id='word_1_88' title='bbox 1170 1586 1627 1666; x_wconf 84' lang='lat' dir='ltr'><strong>archiepiscopmn</strong></span> <span class='ocrx_word' id='word_1_89' title='bbox 1670 1597 1934 1668; x_wconf 82' lang='lat' dir='ltr'><strong>Mogunti-</strong></span> 
     </span>
    </p>
   </div>
   <div class='ocr_carea' id='block_1_16' title="bbox 379 1685 1934 1763">
    <p class='ocr_par' dir='ltr' id='par_1_16' title="bbox 379 1685 1934 1763">
     <span class='ocr_line' id='line_1_16' title="bbox 379 1685 1934 1763; baseline 0.005 -26"><span class='ocrx_word' id='word_1_90' title='bbox 379 1700 506 1740; x_wconf 90' lang='lat' dir='ltr'><strong>num</strong></span> <span class='ocrx_word' id='word_1_91' title='bbox 542 1685 772 1751; x_wconf 83' lang='lat' dir='ltr'><strong>electus,</strong></span> <span class='ocrx_word' id='word_1_92' title='bbox 817 1685 955 1739; x_wconf 88' lang='lat' dir='ltr'><strong>votis</strong></span> <span class='ocrx_word' id='word_1_93' title='bbox 984 1700 1265 1757; x_wconf 88' lang='lat' dir='ltr'><strong>procerum</strong></span> <span class='ocrx_word' id='word_1_94' title='bbox 1294 1688 1585 1752; x_wconf 84' lang='lat' dir='ltr'><strong>successit,</strong></span> <span class='ocrx_word' id='word_1_95' title='bbox 1631 1697 1686 1763; x_wconf 84' lang='lat' dir='ltr'><strong>et</strong></span> <span class='ocrx_word' id='word_1_96' title='bbox 1723 1689 1934 1756; x_wconf 76' lang='lat' dir='ltr'><strong>praefuit</strong></span> 
     </span>
    </p>
   </div>
   <div class='ocr_carea' id='block_1_17' title="bbox 379 1766 2010 1844">
    <p class='ocr_par' dir='ltr' id='par_1_17' title="bbox 379 1766 2010 1844">
     <span class='ocr_line' id='line_1_17' title="bbox 379 1766 2010 1844; baseline 0.006 -16"><span class='ocrx_word' id='word_1_97' title='bbox 379 1776 535 1830; x_wconf 87' lang='lat' dir='ltr'><strong>annis</strong></span> <span class='ocrx_word' id='word_1_98' title='bbox 580 1791 771 1830; x_wconf 90' lang='lat' dir='ltr'><strong>novem</strong></span> <span class='ocrx_word' id='word_1_99' title='bbox 807 1776 881 1840; x_wconf 49' lang='grc' dir='ltr'><strong>δέ</strong></span> <span class='ocrx_word' id='word_1_100' title='bbox 911 1777 1180 1830; x_wconf 84' lang='lat' dir='ltr'><strong>mensibus</strong></span> <span class='ocrx_word' id='word_1_101' title='bbox 1233 1785 1478 1844; x_wconf 81' lang='lat' dir='ltr'><strong>quatuor.</strong></span> <span class='ocrx_word' id='word_1_102' title='bbox 1526 1766 1646 1832; x_wconf 20' lang='lat' dir='ltr'><strong>Cui.</strong></span> <span class='ocrx_word' id='word_1_103' title='bbox 1680 1781 1935 1838; x_wconf 85' lang='lat' dir='ltr'><strong>substitu-</strong></span> <span class='ocrx_word' id='word_1_104' title='bbox 1964 1780 2010 1837; x_wconf 87' lang='grc' dir='ltr'><strong><em>Β</em></strong></span> 
     </span>
    </p>
   </div>
   <div class='ocr_carea' id='block_1_18' title="bbox 379 1863 1935 1938">
    <p class='ocr_par' dir='ltr' id='par_1_18' title="bbox 379 1863 1935 1938">
     <span class='ocr_line' id='line_1_18' title="bbox 379 1863 1935 1938; baseline 0.004 -22"><span class='ocrx_word' id='word_1_105' title='bbox 379 1874 466 1919; x_wconf 89' lang='lat' dir='ltr'><strong>tus</strong></span> <span class='ocrx_word' id='word_1_106' title='bbox 508 1863 668 1918; x_wconf 85' lang='lat' dir='ltr'><strong>Hatto</strong></span> <span class='ocrx_word' id='word_1_107' title='bbox 717 1864 770 1917; x_wconf 92' lang='lat' dir='ltr'><strong>in</strong></span> <span class='ocrx_word' id='word_1_108' title='bbox 814 1865 1024 1918; x_wconf 87' lang='lat' dir='ltr'><strong>abbatia</strong></span> <span class='ocrx_word' id='word_1_109' title='bbox 1085 1863 1327 1919; x_wconf 85' lang='lat' dir='ltr'><strong>Fuldensi</strong></span> <span class='ocrx_word' id='word_1_110' title='bbox 1376 1868 1668 1922; x_wconf 88' lang='lat' dir='ltr'><strong>succedens</strong></span> <span class='ocrx_word' id='word_1_111' title='bbox 1722 1869 1935 1938; x_wconf 80' lang='lat' dir='ltr'><strong>praefuit</strong></span> 
     </span>
    </p>
   </div>
   <div class='ocr_carea' id='block_1_19' title="bbox 378 1940 1934 2023">
    <p class='ocr_par' dir='ltr' id='par_1_19' title="bbox 378 1940 1934 2023">
     <span class='ocr_line' id='line_1_19' title="bbox 378 1940 1934 2023; baseline 0.004 -17"><span class='ocrx_word' id='word_1_112' title='bbox 378 1955 534 2008; x_wconf 88' lang='lat' dir='ltr'><strong>annis</strong></span> <span class='ocrx_word' id='word_1_113' title='bbox 580 1963 802 2023; x_wconf 83' lang='lat' dir='ltr'><strong>septem.</strong></span> <span class='ocrx_word' id='word_1_114' title='bbox 854 1951 1110 2008; x_wconf 79' lang='lat' dir='ltr'><strong>Babanus</strong></span> <span class='ocrx_word' id='word_1_115' title='bbox 1141 1954 1319 2023; x_wconf 86' lang='lat' dir='ltr'><strong>itaque</strong></span> <span class='ocrx_word' id='word_1_116' title='bbox 1364 1940 1529 2012; x_wconf 84' lang='lat' dir='ltr'><strong>abbas</strong></span> <span class='ocrx_word' id='word_1_117' title='bbox 1575 1945 1714 2012; x_wconf 85' lang='lat' dir='ltr'><strong>anno</strong></span> <span class='ocrx_word' id='word_1_118' title='bbox 1760 1960 1934 2014; x_wconf 88' lang='lat' dir='ltr'><strong>aetatis</strong></span> 
     </span>
    </p>
   </div>
   <div class='ocr_carea' id='block_1_20' title="bbox 382 2043 1933 2117">
    <p class='ocr_par' dir='ltr' id='par_1_20' title="bbox 382 2043 1933 2117">
     <span class='ocr_line' id='line_1_20' title="bbox 382 2043 1933 2117; baseline 0.005 -21"><span class='ocrx_word' id='word_1_119' title='bbox 382 2059 492 2098; x_wconf 66' lang='lat' dir='ltr'><strong>suae</strong></span> <span class='ocrx_word' id='word_1_120' title='bbox 521 2043 961 2114; x_wconf 87' lang='lat' dir='ltr'><strong>quinquagesimo</strong></span> <span class='ocrx_word' id='word_1_121' title='bbox 985 2059 1157 2107; x_wconf 88' lang='lat' dir='ltr'><strong>nono,</strong></span> <span class='ocrx_word' id='word_1_122' title='bbox 1192 2045 1284 2112; x_wconf 88' lang='lat' dir='ltr'><strong>qui</strong></span> <span class='ocrx_word' id='word_1_123' title='bbox 1313 2045 1411 2099; x_wconf 90' lang='lat' dir='ltr'><strong>fuit</strong></span> <span class='ocrx_word' id='word_1_124' title='bbox 1435 2046 1670 2101; x_wconf 90' lang='lat' dir='ltr'><strong>Lotbarii</strong></span> <span class='ocrx_word' id='word_1_125' title='bbox 1701 2049 1933 2117; x_wconf 81' lang='lat' dir='ltr'><strong>impera—</strong></span> 
     </span>
    </p>
   </div>
   <div class='ocr_carea' id='block_1_21' title="bbox 378 2124 1927 2207">
    <p class='ocr_par' dir='ltr' id='par_1_21' title="bbox 378 2124 1927 2207">
     <span class='ocr_line' id='line_1_21' title="bbox 378 2124 1927 2207; baseline 0.004 -19"><span class='ocrx_word' id='word_1_126' title='bbox 378 2135 512 2189; x_wconf 88' lang='lat' dir='ltr'><strong>toris</strong></span> <span class='ocrx_word' id='word_1_127' title='bbox 539 2134 828 2202; x_wconf 85' lang='lat' dir='ltr'><strong>septimus,</strong></span> <span class='ocrx_word' id='word_1_128' title='bbox 860 2142 914 2187; x_wconf 88' lang='lat' dir='ltr'><strong>et</strong></span> <span class='ocrx_word' id='word_1_129' title='bbox 953 2135 1126 2204; x_wconf 88' lang='lat' dir='ltr'><strong>quarti</strong></span> <span class='ocrx_word' id='word_1_130' title='bbox 1169 2136 1360 2190; x_wconf 91' lang='lat' dir='ltr'><strong>Leonis</strong></span> <span class='ocrx_word' id='word_1_131' title='bbox 1401 2152 1549 2207; x_wconf 73' lang='lat' dir='ltr'><strong>papae</strong></span> <span class='ocrx_word' id='word_1_132' title='bbox 1583 2124 1845 2194; x_wconf 83' lang='lat' dir='ltr'><strong>secundus</strong></span> <span class='ocrx_word' id='word_1_133' title='bbox 1874 2152 1927 2205; x_wconf 76' lang='grc' dir='ltr'><em>ε,</em></span> 
     </span>
    </p>
   </div>
   <div class='ocr_carea' id='block_1_22' title="bbox 374 2216 1934 2298">
    <p class='ocr_par' dir='ltr' id='par_1_22' title="bbox 374 2216 1934 2298">
     <span class='ocr_line' id='line_1_22' title="bbox 374 2216 1934 2298; baseline 0.003 -19"><span class='ocrx_word' id='word_1_134' title='bbox 374 2225 870 2293; x_wconf 86' lang='lat' dir='ltr'><strong>Germanorumque</strong></span> <span class='ocrx_word' id='word_1_135' title='bbox 890 2216 1042 2296; x_wconf 75' lang='lat' dir='ltr'><strong>regis</strong></span> <span class='ocrx_word' id='word_1_136' title='bbox 1070 2224 1318 2280; x_wconf 79' lang='lat' dir='ltr'><strong>Ludovici</strong></span> <span class='ocrx_word' id='word_1_137' title='bbox 1351 2242 1503 2296; x_wconf 78' lang='lat' dir='ltr'><strong>aeque</strong></span> <span class='ocrx_word' id='word_1_138' title='bbox 1542 2229 1801 2298; x_wconf 88' lang='lat' dir='ltr'><strong>septimus</strong></span> <span class='ocrx_word' id='word_1_139' title='bbox 1821 2270 1836 2294; x_wconf 95' lang='lat'><strong>,</strong></span> <span class='ocrx_word' id='word_1_140' title='bbox 1879 2238 1934 2284; x_wconf 92' lang='lat' dir='ltr'><strong>et</strong></span> 
     </span>
    </p>
   </div>
   <div class='ocr_carea' id='block_1_23' title="bbox 374 2313 1934 2387">
    <p class='ocr_par' dir='ltr' id='par_1_23' title="bbox 374 2313 1934 2387">
     <span class='ocr_line' id='line_1_23' title="bbox 374 2313 1934 2387; baseline 0.001 -17"><span class='ocrx_word' id='word_1_141' title='bbox 374 2316 665 2371; x_wconf 69' lang='lat' dir='ltr'><strong>Dominicaa</strong></span> <span class='ocrx_word' id='word_1_142' title='bbox 695 2315 1012 2379; x_wconf 74' lang='lat' dir='ltr'><strong>nativitatis,</strong></span> <span class='ocrx_word' id='word_1_143' title='bbox 1056 2313 1168 2382; x_wconf 88' lang='lat' dir='ltr'><strong>jam</strong></span> <span class='ocrx_word' id='word_1_144' title='bbox 1212 2325 1540 2384; x_wconf 64' lang='lat' dir='ltr'><strong>praenotatus</strong></span> <span class='ocrx_word' id='word_1_145' title='bbox 1583 2319 1638 2371; x_wconf 89' lang='lat' dir='ltr'><strong>in</strong></span> <span class='ocrx_word' id='word_1_146' title='bbox 1668 2319 1934 2387; x_wconf 84' lang='lat' dir='ltr'><strong>archiepi-</strong></span> 
     </span>
    </p>
   </div>
   <div class='ocr_carea' id='block_1_24' title="bbox 372 2405 1934 2476">
    <p class='ocr_par' dir='ltr' id='par_1_24' title="bbox 372 2405 1934 2476">
     <span class='ocr_line' id='line_1_24' title="bbox 372 2405 1934 2476; baseline -0.003 -12"><span class='ocrx_word' id='word_1_147' title='bbox 372 2422 591 2476; x_wconf 78' lang='lat' dir='ltr'><strong>scopum</strong></span> <span class='ocrx_word' id='word_1_148' title='bbox 610 2407 907 2471; x_wconf 89' lang='lat' dir='ltr'><strong>ordinatus,</strong></span> <span class='ocrx_word' id='word_1_149' title='bbox 927 2405 1210 2474; x_wconf 88' lang='lat' dir='ltr'><strong>pristinum</strong></span> <span class='ocrx_word' id='word_1_150' title='bbox 1232 2406 1352 2460; x_wconf 84' lang='lat' dir='ltr'><strong>vitae</strong></span> <span class='ocrx_word' id='word_1_151' title='bbox 1385 2407 1612 2475; x_wconf 81' lang='lat' dir='ltr'><strong>rigorem</strong></span> <span class='ocrx_word' id='word_1_152' title='bbox 1635 2422 1740 2460; x_wconf 91' lang='lat' dir='ltr'><strong>non</strong></span> <span class='ocrx_word' id='word_1_153' title='bbox 1762 2408 1934 2461; x_wconf 87' lang='lat' dir='ltr'><strong>solum</strong></span> 
     </span>
    </p>
   </div>
   <div class='ocr_carea' id='block_1_25' title="bbox 374 2491 1936 2567">
    <p class='ocr_par' dir='ltr' id='par_1_25' title="bbox 374 2491 1936 2567">
     <span class='ocr_line' id='line_1_25' title="bbox 374 2491 1936 2567; baseline 0.001 -18"><span class='ocrx_word' id='word_1_154' title='bbox 374 2497 430 2551; x_wconf 89' lang='lat' dir='ltr'><strong>in</strong></span> <span class='ocrx_word' id='word_1_155' title='bbox 459 2495 604 2550; x_wconf 92' lang='lat' dir='ltr'><strong>nullo</strong></span> <span class='ocrx_word' id='word_1_156' title='bbox 652 2491 861 2559; x_wconf 88' lang='lat' dir='ltr'><strong>minuit,</strong></span> <span class='ocrx_word' id='word_1_157' title='bbox 915 2495 1006 2548; x_wconf 89' lang='lat' dir='ltr'><strong>sed</strong></span> <span class='ocrx_word' id='word_1_158' title='bbox 1038 2494 1189 2563; x_wconf 90' lang='lat' dir='ltr'><strong>quasi</strong></span> <span class='ocrx_word' id='word_1_159' title='bbox 1225 2502 1349 2548; x_wconf 91' lang='lat' dir='ltr'><strong>tunc</strong></span> <span class='ocrx_word' id='word_1_160' title='bbox 1393 2497 1623 2564; x_wconf 91' lang='lat' dir='ltr'><strong>primum</strong></span> <span class='ocrx_word' id='word_1_161' title='bbox 1673 2497 1936 2567; x_wconf 83' lang='lat' dir='ltr'><strong>inciperet</strong></span> 
     </span>
    </p>
   </div>
   <div class='ocr_carea' id='block_1_26' title="bbox 369 2580 1932 2656">
    <p class='ocr_par' dir='ltr' id='par_1_26' title="bbox 369 2580 1932 2656">
     <span class='ocr_line' id='line_1_26' title="bbox 369 2580 1932 2656; baseline 0.001 -17"><span class='ocrx_word' id='word_1_162' title='bbox 369 2584 614 2639; x_wconf 80' lang='lat' dir='ltr'><strong>converti</strong></span> <span class='ocrx_word' id='word_1_163' title='bbox 637 2584 704 2637; x_wconf 90' lang='lat' dir='ltr'><strong>ad</strong></span> <span class='ocrx_word' id='word_1_164' title='bbox 734 2584 915 2648; x_wconf 88' lang='lat' dir='ltr'><strong>Deum,</strong></span> <span class='ocrx_word' id='word_1_165' title='bbox 942 2584 1199 2654; x_wconf 79' lang='lat' dir='ltr'><strong>regularis</strong></span> <span class='ocrx_word' id='word_1_166' title='bbox 1221 2580 1574 2640; x_wconf 77' lang='lat' dir='ltr'><strong>observantiae</strong></span> <span class='ocrx_word' id='word_1_167' title='bbox 1600 2586 1932 2656; x_wconf 89' lang='lat' dir='ltr'><strong>disciplinam</strong></span> 
     </span>
    </p>
   </div>
   <div class='ocr_carea' id='block_1_27' title="bbox 374 2673 1935 2742">
    <p class='ocr_par' dir='ltr' id='par_1_27' title="bbox 374 2673 1935 2742">
     <span class='ocr_line' id='line_1_27' title="bbox 374 2673 1935 2742; baseline -0.001 -12"><span class='ocrx_word' id='word_1_168' title='bbox 374 2676 431 2730; x_wconf 92' lang='lat' dir='ltr'><strong>in</strong></span> <span class='ocrx_word' id='word_1_169' title='bbox 475 2675 656 2730; x_wconf 89' lang='lat' dir='ltr'><strong>multis</strong></span> <span class='ocrx_word' id='word_1_170' title='bbox 691 2683 902 2729; x_wconf 87' lang='lat' dir='ltr'><strong>auctam</strong></span> <span class='ocrx_word' id='word_1_171' title='bbox 952 2689 1123 2742; x_wconf 88' lang='lat' dir='ltr'><strong>usque</strong></span> <span class='ocrx_word' id='word_1_172' title='bbox 1171 2673 1238 2728; x_wconf 92' lang='lat' dir='ltr'><strong>ad</strong></span> <span class='ocrx_word' id='word_1_173' title='bbox 1268 2682 1500 2729; x_wconf 89' lang='lat' dir='ltr'><strong>mortem</strong></span> <span class='ocrx_word' id='word_1_174' title='bbox 1541 2675 1844 2730; x_wconf 85' lang='lat' dir='ltr'><strong>custodivit.</strong></span> <span class='ocrx_word' id='word_1_175' title='bbox 1889 2676 1935 2728; x_wconf 84' lang='lat' dir='ltr'><strong>A</strong></span> 
     </span>
    </p>
   </div>
   <div class='ocr_carea' id='block_1_28' title="bbox 370 2757 1934 2836">
    <p class='ocr_par' dir='ltr' id='par_1_28' title="bbox 370 2757 1934 2836">
     <span class='ocr_line' id='line_1_28' title="bbox 370 2757 1934 2836; baseline -0.001 -14"><span class='ocrx_word' id='word_1_176' title='bbox 370 2768 625 2822; x_wconf 78' lang='lat' dir='ltr'><strong>carnibus</strong></span> <span class='ocrx_word' id='word_1_177' title='bbox 667 2775 722 2821; x_wconf 93' lang='lat' dir='ltr'><strong>et</strong></span> <span class='ocrx_word' id='word_1_178' title='bbox 749 2767 871 2821; x_wconf 90' lang='lat' dir='ltr'><strong>vino</strong></span> <span class='ocrx_word' id='word_1_179' title='bbox 919 2767 1177 2836; x_wconf 91' lang='lat' dir='ltr'><strong>imprimis</strong></span> <span class='ocrx_word' id='word_1_180' title='bbox 1221 2767 1509 2833; x_wconf 88' lang='lat' dir='ltr'><strong>abstinuit,</strong></span> <span class='ocrx_word' id='word_1_181' title='bbox 1556 2757 1776 2822; x_wconf 83' lang='lat' dir='ltr'><strong>delicias</strong></span> <span class='ocrx_word' id='word_1_182' title='bbox 1827 2783 1934 2824; x_wconf 90' lang='lat' dir='ltr'><strong>non</strong></span> 
     </span>
    </p>
   </div>
   <div class='ocr_carea' id='block_1_29' title="bbox 369 2857 1935 2928">
    <p class='ocr_par' dir='ltr' id='par_1_29' title="bbox 369 2857 1935 2928">
     <span class='ocr_line' id='line_1_29' title="bbox 369 2857 1935 2928; baseline 0.001 -16"><span class='ocrx_word' id='word_1_183' title='bbox 369 2859 637 2928; x_wconf 65' lang='lat' dir='ltr'><strong>quaesivit,</strong></span> <span class='ocrx_word' id='word_1_184' title='bbox 665 2857 836 2911; x_wconf 89' lang='lat' dir='ltr'><strong>nullas</strong></span> <span class='ocrx_word' id='word_1_185' title='bbox 878 2857 1103 2910; x_wconf 68' lang='lat' dir='ltr'><strong>infirmat</strong></span> <span class='ocrx_word' id='word_1_186' title='bbox 1137 2857 1313 2911; x_wconf 90' lang='lat' dir='ltr'><strong>carnis</strong></span> <span class='ocrx_word' id='word_1_187' title='bbox 1341 2868 1433 2911; x_wconf 88' lang='lat' dir='ltr'><strong>aut</strong></span> <span class='ocrx_word' id='word_1_188' title='bbox 1478 2858 1663 2912; x_wconf 90' lang='lat' dir='ltr'><strong>mundi</strong></span> <span class='ocrx_word' id='word_1_189' title='bbox 1695 2857 1935 2927; x_wconf 88' lang='lat' dir='ltr'><strong>volupta-</strong></span> 
     </span>
    </p>
   </div>
   <div class='ocr_carea' id='block_1_30' title="bbox 370 2947 1935 3015">
    <p class='ocr_par' dir='ltr' id='par_1_30' title="bbox 370 2947 1935 3015">
     <span class='ocr_line' id='line_1_30' title="bbox 370 2947 1935 3015; baseline -0.002 -9"><span class='ocrx_word' id='word_1_190' title='bbox 370 2958 455 3006; x_wconf 89' lang='lat' dir='ltr'><strong>tes</strong></span> <span class='ocrx_word' id='word_1_191' title='bbox 473 2951 586 3004; x_wconf 86' lang='lat' dir='ltr'><strong>sive</strong></span> <span class='ocrx_word' id='word_1_192' title='bbox 611 2948 886 3004; x_wconf 89' lang='lat' dir='ltr'><strong>illecebras</strong></span> <span class='ocrx_word' id='word_1_193' title='bbox 906 2947 1169 3001; x_wconf 90' lang='lat' dir='ltr'><strong>ullatenus</strong></span> <span class='ocrx_word' id='word_1_194' title='bbox 1188 2947 1403 3002; x_wconf 88' lang='lat' dir='ltr'><strong>admisit</strong></span> <span class='ocrx_word' id='word_1_195' title='bbox 1426 2965 1440 3015; x_wconf 91' lang='lat'><strong>;</strong></span> <span class='ocrx_word' id='word_1_196' title='bbox 1472 2948 1682 3014; x_wconf 90' lang='lat' dir='ltr'><strong>balnea,</strong></span> <span class='ocrx_word' id='word_1_197' title='bbox 1704 2957 1759 3003; x_wconf 93' lang='lat' dir='ltr'><strong>et</strong></span> <span class='ocrx_word' id='word_1_198' title='bbox 1776 2964 1935 3003; x_wconf 91' lang='lat' dir='ltr'><strong>omne</strong></span> 
     </span>
    </p>
   </div>
   <div class='ocr_carea' id='block_1_31' title="bbox 367 3036 1932 3110">
    <p class='ocr_par' dir='ltr' id='par_1_31' title="bbox 367 3036 1932 3110">
     <span class='ocr_line' id='line_1_31' title="bbox 367 3036 1932 3110; baseline -0.001 -16"><span class='ocrx_word' id='word_1_199' title='bbox 367 3041 516 3110; x_wconf 85' lang='lat' dir='ltr'><strong>quod</strong></span> <span class='ocrx_word' id='word_1_200' title='bbox 541 3054 734 3110; x_wconf 86' lang='lat' dir='ltr'><strong>corpus</strong></span> <span class='ocrx_word' id='word_1_201' title='bbox 776 3043 1016 3093; x_wconf 87' lang='lat' dir='ltr'><strong>tenerum</strong></span> <span class='ocrx_word' id='word_1_202' title='bbox 1064 3036 1228 3103; x_wconf 90' lang='lat' dir='ltr'><strong>fovet,</strong></span> <span class='ocrx_word' id='word_1_203' title='bbox 1284 3040 1378 3093; x_wconf 90' lang='lat' dir='ltr'><strong>sed</strong></span> <span class='ocrx_word' id='word_1_204' title='bbox 1413 3047 1660 3093; x_wconf 54' lang='lat' dir='ltr'><strong>.mentem</strong></span> <span class='ocrx_word' id='word_1_205' title='bbox 1697 3039 1932 3105; x_wconf 88' lang='lat' dir='ltr'><strong>resolvit,</strong></span> 
     </span>
    </p>
   </div>
   <div class='ocr_carea' id='block_1_32' title="bbox 369 3125 2005 3209">
    <p class='ocr_par' dir='ltr' id='par_1_32' title="bbox 369 3125 2005 3209">
     <span class='ocr_line' id='line_1_32' title="bbox 369 3125 2005 3209; baseline -0.002 -20"><span class='ocrx_word' id='word_1_206' title='bbox 369 3134 712 3190; x_wconf 87' lang='lat' dir='ltr'><strong>damnatione</strong></span> <span class='ocrx_word' id='word_1_207' title='bbox 735 3139 987 3202; x_wconf 90' lang='lat' dir='ltr'><strong>perpetua</strong></span> <span class='ocrx_word' id='word_1_208' title='bbox 1017 3130 1524 3209; x_wconf 21' lang='lat' dir='ltr'><strong>refutavit,.gregem</strong></span> <span class='ocrx_word' id='word_1_209' title='bbox 1555 3131 1653 3186; x_wconf 88' lang='lat' dir='ltr'><strong>sibi</strong></span> <span class='ocrx_word' id='word_1_210' title='bbox 1684 3132 1934 3186; x_wconf 82' lang='lat' dir='ltr'><strong>commis-</strong></span> <span class='ocrx_word' id='word_1_211' title='bbox 1960 3125 2005 3185; x_wconf 91' lang='lat' dir='ltr'>C</span> 
     </span>
    </p>
   </div>
   <div class='ocr_carea' id='block_1_33' title="bbox 371 3219 1931 3301">
    <p class='ocr_par' dir='ltr' id='par_1_33' title="bbox 371 3219 1931 3301">
     <span class='ocr_line' id='line_1_33' title="bbox 371 3219 1931 3301; baseline -0.003 -24"><span class='ocrx_word' id='word_1_212' title='bbox 371 3238 511 3301; x_wconf 67' lang='lat' dir='ltr'><strong>sum,</strong></span> <span class='ocrx_word' id='word_1_213' title='bbox 535 3231 596 3276; x_wconf 91' lang='lat' dir='ltr'><strong>nt</strong></span> <span class='ocrx_word' id='word_1_214' title='bbox 614 3236 772 3275; x_wconf 90' lang='lat' dir='ltr'><strong>verus</strong></span> <span class='ocrx_word' id='word_1_215' title='bbox 797 3220 1057 3294; x_wconf 78' lang='lat' dir='ltr'><strong>pontifex,</strong></span> <span class='ocrx_word' id='word_1_216' title='bbox 1085 3219 1421 3288; x_wconf 82' lang='lat' dir='ltr'><strong>fervidosque</strong></span> <span class='ocrx_word' id='word_1_217' title='bbox 1447 3219 1648 3274; x_wconf 84' lang='lat' dir='ltr'><strong>Christi</strong></span> <span class='ocrx_word' id='word_1_218' title='bbox 1669 3220 1931 3286; x_wconf 89' lang='lat' dir='ltr'><strong>minister,</strong></span> 
     </span>
    </p>
   </div>
   <div class='ocr_carea' id='block_1_34' title="bbox 372 3309 1935 3382">
    <p class='ocr_par' dir='ltr' id='par_1_34' title="bbox 372 3309 1935 3382">
     <span class='ocr_line' id='line_1_34' title="bbox 372 3309 1935 3382; baseline -0.004 -12"><span class='ocrx_word' id='word_1_219' title='bbox 372 3329 582 3370; x_wconf 87' lang='lat' dir='ltr'><strong>summa</strong></span> <span class='ocrx_word' id='word_1_220' title='bbox 616 3312 888 3382; x_wconf 76' lang='lat' dir='ltr'><strong>diligentia</strong></span> <span class='ocrx_word' id='word_1_221' title='bbox 918 3310 1241 3376; x_wconf 86' lang='lat' dir='ltr'><strong>custodivit;</strong></span> <span class='ocrx_word' id='word_1_222' title='bbox 1272 3324 1429 3380; x_wconf 89' lang='lat' dir='ltr'><strong>quem</strong></span> <span class='ocrx_word' id='word_1_223' title='bbox 1463 3311 1645 3374; x_wconf 88' lang='lat' dir='ltr'><strong>verbo,</strong></span> <span class='ocrx_word' id='word_1_224' title='bbox 1689 3309 1935 3378; x_wconf 78' lang='lat' dir='ltr'><strong>exemplo</strong></span> 
     </span>
    </p>
   </div>
   <div class='ocr_carea' id='block_1_35' title="bbox 374 3399 1930 3471">
    <p class='ocr_par' dir='ltr' id='par_1_35' title="bbox 374 3399 1930 3471">
     <span class='ocr_line' id='line_1_35' title="bbox 374 3399 1930 3471; baseline -0.005 -13"><span class='ocrx_word' id='word_1_225' title='bbox 374 3403 552 3466; x_wconf 87' lang='lat' dir='ltr'><strong>simul,</strong></span> <span class='ocrx_word' id='word_1_226' title='bbox 576 3411 630 3457; x_wconf 90' lang='lat' dir='ltr'><strong>et</strong></span> <span class='ocrx_word' id='word_1_227' title='bbox 653 3401 811 3471; x_wconf 85' lang='lat' dir='ltr'><strong>hujus</strong></span> <span class='ocrx_word' id='word_1_228' title='bbox 845 3400 967 3454; x_wconf 63' lang='lat' dir='ltr'><strong>vita:</strong></span> <span class='ocrx_word' id='word_1_229' title='bbox 992 3399 1206 3469; x_wconf 89' lang='lat' dir='ltr'><strong>pabulo,</strong></span> <span class='ocrx_word' id='word_1_230' title='bbox 1233 3414 1336 3469; x_wconf 91' lang='lat' dir='ltr'><strong>qua</strong></span> <span class='ocrx_word' id='word_1_231' title='bbox 1358 3400 1529 3467; x_wconf 91' lang='lat' dir='ltr'><strong>potuit</strong></span> <span class='ocrx_word' id='word_1_232' title='bbox 1555 3399 1930 3464; x_wconf 89' lang='lat' dir='ltr'><strong>sollicitudine,</strong></span> 
     </span>
    </p>
   </div>
   <div class='ocr_carea' id='block_1_36' title="bbox 371 3490 1934 3566">
    <p class='ocr_par' dir='ltr' id='par_1_36' title="bbox 371 3490 1934 3566">
     <span class='ocr_line' id='line_1_36' title="bbox 371 3490 1934 3566; baseline -0.003 -17"><span class='ocrx_word' id='word_1_233' title='bbox 371 3495 522 3566; x_wconf 85' lang='lat' dir='ltr'><strong>pavit</strong></span> <span class='ocrx_word' id='word_1_234' title='bbox 548 3502 602 3548; x_wconf 93' lang='lat' dir='ltr'><strong>et</strong></span> <span class='ocrx_word' id='word_1_235' title='bbox 625 3492 899 3547; x_wconf 89' lang='lat' dir='ltr'><strong>enutrivit.</strong></span> <span class='ocrx_word' id='word_1_236' title='bbox 940 3491 1021 3546; x_wconf 86' lang='lat' dir='ltr'><strong>Ab</strong></span> <span class='ocrx_word' id='word_1_237' title='bbox 1041 3490 1156 3558; x_wconf 87' lang='lat' dir='ltr'><strong>ejus</strong></span> <span class='ocrx_word' id='word_1_238' title='bbox 1179 3492 1432 3545; x_wconf 90' lang='lat' dir='ltr'><strong>memoria</strong></span> <span class='ocrx_word' id='word_1_239' title='bbox 1459 3506 1730 3559; x_wconf 89' lang='lat' dir='ltr'><strong>nunquam</strong></span> <span class='ocrx_word' id='word_1_240' title='bbox 1756 3494 1934 3545; x_wconf 77' lang='lat' dir='ltr'><strong>reCes-</strong></span> 
     </span>
    </p>
   </div>
   <div class='ocr_carea' id='block_1_37' title="bbox 371 3577 1986 3653">
    <p class='ocr_par' dir='ltr' id='par_1_37' title="bbox 371 3577 1986 3653">
     <span class='ocr_line' id='line_1_37' title="bbox 371 3577 1986 3653; baseline -0.006 -13"><span class='ocrx_word' id='word_1_241' title='bbox 371 3587 444 3641; x_wconf 82' lang='lat' dir='ltr'><strong>sit</strong></span> <span class='ocrx_word' id='word_1_242' title='bbox 472 3582 759 3653; x_wconf 89' lang='lat' dir='ltr'><strong>apostolica</strong></span> <span class='ocrx_word' id='word_1_243' title='bbox 792 3581 1056 3636; x_wconf 88' lang='lat' dir='ltr'><strong>sententia</strong></span> <span class='ocrx_word' id='word_1_244' title='bbox 1097 3579 1242 3634; x_wconf 84' lang='lat' dir='ltr'><strong>Pauli</strong></span> <span class='ocrx_word' id='word_1_245' title='bbox 1272 3580 1535 3634; x_wconf 89' lang='lat' dir='ltr'><strong>dicentis:</strong></span> <span class='ocrx_word' id='word_1_246' title='bbox 1570 3577 1782 3649; x_wconf 82' lang='lat' dir='ltr'><strong>Oportet</strong></span> <span class='ocrx_word' id='word_1_247' title='bbox 1821 3581 1933 3649; x_wconf 85' lang='lat' dir='ltr'><strong>epi-</strong></span> <span class='ocrx_word' id='word_1_248' title='bbox 1979 3604 1986 3611; x_wconf 63' lang='grc' dir='ltr'><em>ί</em></span> 
     </span>
    </p>
   </div>
   <div class='ocr_carea' id='block_1_38' title="bbox 369 3669 1931 3743">
    <p class='ocr_par' dir='ltr' id='par_1_38' title="bbox 369 3669 1931 3743">
     <span class='ocr_line' id='line_1_38' title="bbox 369 3669 1931 3743; baseline -0.004 -14"><span class='ocrx_word' id='word_1_249' title='bbox 369 3690 581 3743; x_wconf 73' lang='lat' dir='ltr'><strong>scopum</strong></span> <span class='ocrx_word' id='word_1_250' title='bbox 607 3669 1096 3741; x_wconf 76' lang='lat' dir='ltr'><strong>irreprehensibilem</strong></span> <span class='ocrx_word' id='word_1_251' title='bbox 1142 3686 1267 3735; x_wconf 71' lang='lat' dir='ltr'><strong>esse,</strong></span> <span class='ocrx_word' id='word_1_252' title='bbox 1314 3669 1470 3723; x_wconf 80' lang='lat' dir='ltr'><strong>unius</strong></span> <span class='ocrx_word' id='word_1_253' title='bbox 1521 3669 1700 3722; x_wconf 75' lang='lat' dir='ltr'><strong>uxoris</strong></span> <span class='ocrx_word' id='word_1_254' title='bbox 1744 3670 1931 3734; x_wconf 81' lang='lat' dir='ltr'><strong>virum,</strong></span> 
     </span>
    </p>
   </div>
   <div class='ocr_carea' id='block_1_39' title="bbox 369 3757 1936 3828">
    <p class='ocr_par' dir='ltr' id='par_1_39' title="bbox 369 3757 1936 3828">
     <span class='ocr_line' id='line_1_39' title="bbox 369 3757 1936 3828; baseline -0.005 -11"><span class='ocrx_word' id='word_1_255' title='bbox 369 3762 625 3825; x_wconf 69' lang='lat' dir='ltr'><strong>sobrium,</strong></span> <span class='ocrx_word' id='word_1_256' title='bbox 645 3768 864 3823; x_wconf 76' lang='lat' dir='ltr'><strong>castum,</strong></span> <span class='ocrx_word' id='word_1_257' title='bbox 894 3757 1158 3812; x_wconf 76' lang='lat' dir='ltr'><strong>virtutibus</strong></span> <span class='ocrx_word' id='word_1_258' title='bbox 1186 3766 1448 3823; x_wconf 83' lang='lat' dir='ltr'><strong>ornatum,</strong></span> <span class='ocrx_word' id='word_1_259' title='bbox 1490 3757 1812 3827; x_wconf 78' lang='lat' dir='ltr'><strong>prudentem,</strong></span> <span class='ocrx_word' id='word_1_260' title='bbox 1839 3775 1936 3828; x_wconf 90' lang='lat' dir='ltr'><strong>pu-</strong></span> 
     </span>
    </p>
   </div>
   <div class='ocr_carea' id='block_1_40' title="bbox 371 3845 1932 3918">
    <p class='ocr_par' dir='ltr' id='par_1_40' title="bbox 371 3845 1932 3918">
     <span class='ocr_line' id='line_1_40' title="bbox 371 3845 1932 3918; baseline -0.003 -14"><span class='ocrx_word' id='word_1_261' title='bbox 371 3851 567 3911; x_wconf 80' lang='lat' dir='ltr'><strong>dicum,</strong></span> <span class='ocrx_word' id='word_1_262' title='bbox 588 3846 912 3918; x_wconf 80' lang='lat' dir='ltr'><strong>hospitalem,</strong></span> <span class='ocrx_word' id='word_1_263' title='bbox 937 3857 1088 3917; x_wconf 87' lang='lat' dir='ltr'><strong>atque</strong></span> <span class='ocrx_word' id='word_1_264' title='bbox 1112 3845 1356 3900; x_wconf 76' lang='lat' dir='ltr'><strong>salutaris</strong></span> <span class='ocrx_word' id='word_1_265' title='bbox 1384 3848 1610 3900; x_wconf 63' lang='lat' dir='ltr'><strong>scientia</strong></span> <span class='ocrx_word' id='word_1_266' title='bbox 1637 3847 1932 3912; x_wconf 86' lang='lat' dir='ltr'><strong>doctorem;</strong></span> 
     </span>
    </p>
   </div>
   <div class='ocr_carea' id='block_1_41' title="bbox 373 3937 1933 4007">
    <p class='ocr_par' dir='ltr' id='par_1_41' title="bbox 373 3937 1933 4007">
     <span class='ocr_line' id='line_1_41' title="bbox 373 3937 1933 4007; baseline -0.004 -12"><span class='ocrx_word' id='word_1_267' title='bbox 373 3959 477 3995; x_wconf 82' lang='lat' dir='ltr'><strong>non</strong></span> <span class='ocrx_word' id='word_1_268' title='bbox 508 3939 843 4005; x_wconf 78' lang='lat' dir='ltr'><strong>vinolentum,</strong></span> <span class='ocrx_word' id='word_1_269' title='bbox 885 3954 987 3992; x_wconf 86' lang='lat' dir='ltr'><strong>non</strong></span> <span class='ocrx_word' id='word_1_270' title='bbox 1033 3953 1381 4007; x_wconf 79' lang='lat' dir='ltr'><strong>percussorem</strong></span> <span class='ocrx_word' id='word_1_271' title='bbox 1407 3977 1422 4003; x_wconf 93' lang='lat'><strong>,</strong></span> <span class='ocrx_word' id='word_1_272' title='bbox 1471 3937 1560 3990; x_wconf 79' lang='lat' dir='ltr'><strong>sed</strong></span> <span class='ocrx_word' id='word_1_273' title='bbox 1605 3937 1933 4001; x_wconf 83' lang='lat' dir='ltr'><strong>modestum;</strong></span> 
     </span>
    </p>
   </div>
   <div class='ocr_carea' id='block_1_42' title="bbox 373 4025 1935 4096">
    <p class='ocr_par' dir='ltr' id='par_1_42' title="bbox 373 4025 1935 4096">
     <span class='ocr_line' id='line_1_42' title="bbox 373 4025 1935 4096; baseline -0.003 -14"><span class='ocrx_word' id='word_1_274' title='bbox 373 4046 477 4085; x_wconf 76' lang='lat' dir='ltr'><strong>non</strong></span> <span class='ocrx_word' id='word_1_275' title='bbox 499 4030 799 4096; x_wconf 83' lang='lat' dir='ltr'><strong>litigiosum,</strong></span> <span class='ocrx_word' id='word_1_276' title='bbox 823 4043 923 4079; x_wconf 83' lang='lat' dir='ltr'><strong>non</strong></span> <span class='ocrx_word' id='word_1_277' title='bbox 964 4025 1222 4094; x_wconf 84' lang='lat' dir='ltr'><strong>cupidum,</strong></span> <span class='ocrx_word' id='word_1_278' title='bbox 1248 4034 1295 4076; x_wconf 89' lang='lat' dir='ltr'><strong>et</strong></span> <span class='ocrx_word' id='word_1_279' title='bbox 1318 4025 1405 4093; x_wconf 86' lang='lat' dir='ltr'><strong>qui</strong></span> <span class='ocrx_word' id='word_1_280' title='bbox 1455 4026 1800 4078; x_wconf 82' lang='lat' dir='ltr'><strong>testimonium</strong></span> <span class='ocrx_word' id='word_1_281' title='bbox 1839 4025 1935 4078; x_wconf 83' lang='lat' dir='ltr'><strong>Ita-</strong></span> 
     </span>
    </p>
   </div>
   <div class='ocr_carea' id='block_1_43' title="bbox 373 4107 1934 4181">
    <p class='ocr_par' dir='ltr' id='par_1_43' title="bbox 373 4107 1934 4181">
     <span class='ocr_line' id='line_1_43' title="bbox 373 4107 1934 4181; baseline -0.006 -9"><span class='ocrx_word' id='word_1_282' title='bbox 373 4120 487 4172; x_wconf 82' lang='lat' dir='ltr'><strong>beat</strong></span> <span class='ocrx_word' id='word_1_283' title='bbox 518 4117 704 4169; x_wconf 85' lang='lat' dir='ltr'><strong>bonum</strong></span> <span class='ocrx_word' id='word_1_284' title='bbox 725 4114 787 4167; x_wconf 84' lang='lat' dir='ltr'><strong>ab</strong></span> <span class='ocrx_word' id='word_1_285' title='bbox 813 4115 892 4167; x_wconf 78' lang='lat' dir='ltr'><strong>Itis</strong></span> <span class='ocrx_word' id='word_1_286' title='bbox 926 4113 1082 4165; x_wconf 88' lang='lat' dir='ltr'><strong>etiam</strong></span> <span class='ocrx_word' id='word_1_287' title='bbox 1108 4112 1194 4181; x_wconf 85' lang='lat' dir='ltr'><strong>qui</strong></span> <span class='ocrx_word' id='word_1_288' title='bbox 1223 4111 1350 4180; x_wconf 80' lang='lat' dir='ltr'><strong>foris</strong></span> <span class='ocrx_word' id='word_1_289' title='bbox 1379 4119 1518 4175; x_wconf 80' lang='lat' dir='ltr'><strong>sunt,</strong></span> <span class='ocrx_word' id='word_1_290' title='bbox 1550 4121 1605 4163; x_wconf 89' lang='lat' dir='ltr'><strong>ut</strong></span> <span class='ocrx_word' id='word_1_291' title='bbox 1631 4129 1732 4164; x_wconf 87' lang='lat' dir='ltr'><strong>non</strong></span> <span class='ocrx_word' id='word_1_292' title='bbox 1754 4107 1808 4164; x_wconf 85' lang='lat' dir='ltr'><strong>in</strong></span> <span class='ocrx_word' id='word_1_293' title='bbox 1836 4111 1934 4164; x_wconf 79' lang='lat' dir='ltr'><strong>im-</strong></span> 
     </span>
    </p>
   </div>
   <div class='ocr_carea' id='block_1_44' title="bbox 369 4200 1927 4275">
    <p class='ocr_par' dir='ltr' id='par_1_44' title="bbox 369 4200 1927 4275">
     <span class='ocr_line' id='line_1_44' title="bbox 369 4200 1927 4275; baseline -0.003 -17"><span class='ocrx_word' id='word_1_294' title='bbox 369 4206 666 4275; x_wconf 72' lang='lat' dir='ltr'><strong>propen‘um</strong></span> <span class='ocrx_word' id='word_1_295' title='bbox 698 4203 911 4263; x_wconf 82' lang='lat' dir='ltr'><strong>incidat,</strong></span> <span class='ocrx_word' id='word_1_296' title='bbox 943 4211 987 4255; x_wconf 87' lang='lat' dir='ltr'><strong>et</strong></span> <span class='ocrx_word' id='word_1_297' title='bbox 1018 4203 1072 4254; x_wconf 89' lang='lat' dir='ltr'><strong>in</strong></span> <span class='ocrx_word' id='word_1_298' title='bbox 1100 4200 1335 4269; x_wconf 87' lang='lat' dir='ltr'><strong>laqueum</strong></span> <span class='ocrx_word' id='word_1_299' title='bbox 1364 4200 1556 4254; x_wconf 86' lang='lat' dir='ltr'><strong>diaboli</strong></span> <span class='ocrx_word' id='word_1_300' title='bbox 1584 4201 1635 4271; x_wconf 93' lang='grc' dir='ltr'><strong>(Ι</strong></span> <span class='ocrx_word' id='word_1_301' title='bbox 1668 4201 1801 4254; x_wconf 88' lang='lat' dir='ltr'><strong>Tim.</strong></span> <span class='ocrx_word' id='word_1_302' title='bbox 1825 4200 1927 4272; x_wconf 89' lang='grc' dir='ltr'>ιιι).</span> 
     </span>
    </p>
   </div>
   <div class='ocr_carea' id='block_1_45' title="bbox 373 4289 1930 4361">
    <p class='ocr_par' dir='ltr' id='par_1_45' title="bbox 373 4289 1930 4361">
     <span class='ocr_line' id='line_1_45' title="bbox 373 4289 1930 4361; baseline -0.004 -12"><span class='ocrx_word' id='word_1_303' title='bbox 373 4297 504 4361; x_wconf 65' lang='lat' dir='ltr'><strong>Quae</strong></span> <span class='ocrx_word' id='word_1_304' title='bbox 532 4293 707 4348; x_wconf 90' lang='lat' dir='ltr'><strong>omnia</strong></span> <span class='ocrx_word' id='word_1_305' title='bbox 733 4292 972 4345; x_wconf 88' lang='lat' dir='ltr'><strong>crebrius</strong></span> <span class='ocrx_word' id='word_1_306' title='bbox 999 4291 1051 4342; x_wconf 93' lang='lat' dir='ltr'><strong>in</strong></span> <span class='ocrx_word' id='word_1_307' title='bbox 1072 4297 1248 4343; x_wconf 88' lang='lat' dir='ltr'><strong>mente</strong></span> <span class='ocrx_word' id='word_1_308' title='bbox 1271 4290 1561 4354; x_wconf 91' lang='lat' dir='ltr'><strong>revolvens,</strong></span> <span class='ocrx_word' id='word_1_309' title='bbox 1595 4289 1726 4343; x_wconf 90' lang='lat' dir='ltr'><strong>nihil</strong></span> <span class='ocrx_word' id='word_1_310' title='bbox 1745 4305 1930 4344; x_wconf 89' lang='lat' dir='ltr'><strong>eorum</strong></span> 
     </span>
    </p>
   </div>
   <div class='ocr_carea' id='block_1_46' title="bbox 2038 534 3602 607">
    <p class='ocr_par' dir='ltr' id='par_1_46' title="bbox 2038 534 3602 607">
     <span class='ocr_line' id='line_1_46' title="bbox 2038 534 3602 607; baseline 0.01 -21"><span class='ocrx_word' id='word_1_311' title='bbox 2038 534 2216 597; x_wconf 83' lang='lat' dir='ltr'><strong>batur,</strong></span> <span class='ocrx_word' id='word_1_312' title='bbox 2254 534 2592 599; x_wconf 29' lang='lat' dir='ltr'><strong>[omisit,,sed</strong></span> <span class='ocrx_word' id='word_1_313' title='bbox 2640 538 3163 607; x_wconf 79' lang='lat' dir='ltr'><strong>irrcprehensibilem</strong></span> <span class='ocrx_word' id='word_1_314' title='bbox 3213 556 3270 596; x_wconf 78' lang='lat' dir='ltr'><strong>se</strong></span> <span class='ocrx_word' id='word_1_315' title='bbox 3314 547 3520 601; x_wconf 89' lang='lat' dir='ltr'><strong>cunctis</strong></span> <span class='ocrx_word' id='word_1_316' title='bbox 3547 550 3602 602; x_wconf 88' lang='lat' dir='ltr'><strong>in</strong></span> 
     </span>
    </p>
   </div>
   <div class='ocr_carea' id='block_1_47' title="bbox 2037 625 3601 698">
    <p class='ocr_par' dir='ltr' id='par_1_47' title="bbox 2037 625 3601 698">
     <span class='ocr_line' id='line_1_47' title="bbox 2037 625 3601 698; baseline 0.01 -19"><span class='ocrx_word' id='word_1_317' title='bbox 2037 625 2288 694; x_wconf 86' lang='lat' dir='ltr'><strong>operibus</strong></span> <span class='ocrx_word' id='word_1_318' title='bbox 2339 626 2492 680; x_wconf 91' lang='lat' dir='ltr'><strong>bonis</strong></span> <span class='ocrx_word' id='word_1_319' title='bbox 2540 643 2754 698; x_wconf 89' lang='lat' dir='ltr'><strong>semper</strong></span> <span class='ocrx_word' id='word_1_320' title='bbox 2795 630 3053 686; x_wconf 80' lang='lat' dir='ltr'><strong>exhibuit.</strong></span> <span class='ocrx_word' id='word_1_321' title='bbox 3090 632 3377 689; x_wconf 88' lang='lat' dir='ltr'><strong>Ordinatus</strong></span> <span class='ocrx_word' id='word_1_322' title='bbox 3421 647 3601 694; x_wconf 87' lang='lat' dir='ltr'><strong>autem</strong></span> 
     </span>
    </p>
   </div>
   <div class='ocr_carea' id='block_1_48' title="bbox 2037 715 3605 789">
    <p class='ocr_par' dir='ltr' id='par_1_48' title="bbox 2037 715 3605 789">
     <span class='ocr_line' id='line_1_48' title="bbox 2037 715 3605 789; baseline 0.011 -21"><span class='ocrx_word' id='word_1_323' title='bbox 2037 715 2141 769; x_wconf 93' lang='lat' dir='ltr'><strong>fuit</strong></span> <span class='ocrx_word' id='word_1_324' title='bbox 2168 717 2222 770; x_wconf 90' lang='lat' dir='ltr'><strong>in</strong></span> <span class='ocrx_word' id='word_1_325' title='bbox 2255 717 2739 788; x_wconf 88' lang='lat' dir='ltr'><strong>archiepiscopum,</strong></span> <span class='ocrx_word' id='word_1_326' title='bbox 2784 721 2924 775; x_wconf 88' lang='lat' dir='ltr'><strong>sicut</strong></span> <span class='ocrx_word' id='word_1_327' title='bbox 2968 731 3051 776; x_wconf 90' lang='lat' dir='ltr'><strong>est</strong></span> <span class='ocrx_word' id='word_1_328' title='bbox 3079 724 3301 789; x_wconf 91' lang='lat' dir='ltr'><strong>dictum,</strong></span> <span class='ocrx_word' id='word_1_329' title='bbox 3348 727 3605 786; x_wconf 76' lang='lat' dir='ltr'><strong>vicesima</strong></span> 
     </span>
    </p>
   </div>
   <div class='ocr_carea' id='block_1_49' title="bbox 2035 803 3605 880">
    <p class='ocr_par' dir='ltr' id='par_1_49' title="bbox 2035 803 3605 880">
     <span class='ocr_line' id='line_1_49' title="bbox 2035 803 3605 880; baseline 0.009 -22"><span class='ocrx_word' id='word_1_330' title='bbox 2035 813 2186 858; x_wconf 79' lang='lat' dir='ltr'><strong>sexta</strong></span> <span class='ocrx_word' id='word_1_331' title='bbox 2206 803 2233 843; x_wconf 75' lang='grc' dir='ltr'><em>ά</em></span> <span class='ocrx_word' id='word_1_332' title='bbox 2249 805 2359 880; x_wconf 67' lang='lat' dir='ltr'><strong>,dio</strong></span> <span class='ocrx_word' id='word_1_333' title='bbox 2391 808 2590 862; x_wconf 88' lang='lat' dir='ltr'><strong>mensis</strong></span> <span class='ocrx_word' id='word_1_334' title='bbox 2621 808 2788 872; x_wconf 84' lang='lat' dir='ltr'><strong>Junii,</strong></span> <span class='ocrx_word' id='word_1_335' title='bbox 2821 825 2938 878; x_wconf 74' lang='lat' dir='ltr'><strong>qua:</strong></span> <span class='ocrx_word' id='word_1_336' title='bbox 2966 810 3067 865; x_wconf 87' lang='lat' dir='ltr'><strong>fuit</strong></span> <span class='ocrx_word' id='word_1_337' title='bbox 3108 822 3414 870; x_wconf 89' lang='lat' dir='ltr'><strong>sanctorum</strong></span> <span class='ocrx_word' id='word_1_338' title='bbox 3443 814 3605 871; x_wconf 83' lang='lat' dir='ltr'><strong>Joan-</strong></span> 
     </span>
    </p>
   </div>
   <div class='ocr_carea' id='block_1_50' title="bbox 2035 893 3604 974">
    <p class='ocr_par' dir='ltr' id='par_1_50' title="bbox 2035 893 3604 974">
     <span class='ocr_line' id='line_1_50' title="bbox 2035 893 3604 974; baseline 0.008 -28"><span class='ocrx_word' id='word_1_339' title='bbox 2035 893 2120 947; x_wconf 89' lang='lat' dir='ltr'><strong>nis</strong></span> <span class='ocrx_word' id='word_1_340' title='bbox 2165 903 2220 948; x_wconf 92' lang='lat' dir='ltr'><strong>et</strong></span> <span class='ocrx_word' id='word_1_341' title='bbox 2253 893 2404 948; x_wconf 81' lang='lat' dir='ltr'><strong>Pauli</strong></span> <span class='ocrx_word' id='word_1_342' title='bbox 2445 905 2739 968; x_wconf 83' lang='lat' dir='ltr'><strong>martyrum</strong></span> <span class='ocrx_word' id='word_1_343' title='bbox 2797 900 3084 956; x_wconf 82' lang='lat' dir='ltr'><strong>festivitate</strong></span> <span class='ocrx_word' id='word_1_344' title='bbox 3135 903 3408 970; x_wconf 90' lang='lat' dir='ltr'><strong>solemnis,</strong></span> <span class='ocrx_word' id='word_1_345' title='bbox 3465 905 3604 974; x_wconf 86' lang='lat' dir='ltr'><strong>apud</strong></span> 
     </span>
    </p>
   </div>
   <div class='ocr_carea' id='block_1_51' title="bbox 2035 981 3608 1062">
    <p class='ocr_par' dir='ltr' id='par_1_51' title="bbox 2035 981 3608 1062">
     <span class='ocr_line' id='line_1_51' title="bbox 2035 981 3608 1062; baseline 0.011 -28"><span class='ocrx_word' id='word_1_346' title='bbox 2035 981 2364 1052; x_wconf 87' lang='lat' dir='ltr'><strong>Moguntiam</strong></span> <span class='ocrx_word' id='word_1_347' title='bbox 2396 983 2448 1037; x_wconf 93' lang='lat' dir='ltr'><strong>in</strong></span> <span class='ocrx_word' id='word_1_348' title='bbox 2471 987 2698 1041; x_wconf 82' lang='lat' dir='ltr'><strong>ecclesia</strong></span> <span class='ocrx_word' id='word_1_349' title='bbox 2741 989 3051 1056; x_wconf 85' lang='lat' dir='ltr'><strong>cathedrali,</strong></span> <span class='ocrx_word' id='word_1_350' title='bbox 3093 1008 3217 1062; x_wconf 77' lang='lat' dir='ltr'><strong>rege</strong></span> <span class='ocrx_word' id='word_1_351' title='bbox 3254 994 3525 1051; x_wconf 87' lang='lat' dir='ltr'><strong>Ludovico</strong></span> <span class='ocrx_word' id='word_1_352' title='bbox 3550 1004 3608 1050; x_wconf 88' lang='lat' dir='ltr'><strong>et</strong></span> 
     </span>
    </p>
   </div>
   <div class='ocr_carea' id='block_1_52' title="bbox 2034 1071 2750 1143">
    <p class='ocr_par' dir='ltr' id='par_1_52' title="bbox 2034 1071 2750 1143">
     <span class='ocr_line' id='line_1_52' title="bbox 2034 1071 2750 1143; baseline 0.008 -19"><span class='ocrx_word' id='word_1_353' title='bbox 2034 1071 2226 1127; x_wconf 88' lang='lat' dir='ltr'><strong>multis</strong></span> <span class='ocrx_word' id='word_1_354' title='bbox 2239 1073 2360 1127; x_wconf 91' lang='lat' dir='ltr'><strong>aliis</strong></span> <span class='ocrx_word' id='word_1_355' title='bbox 2382 1076 2750 1143; x_wconf 83' lang='lat' dir='ltr'><strong>praesentibus.</strong></span> 
     </span>
    </p>
   </div>
   <div class='ocr_carea' id='block_1_53' title="bbox 2110 1182 3605 1263">
    <p class='ocr_par' dir='ltr' id='par_1_53' title="bbox 2110 1182 3605 1263">
     <span class='ocr_line' id='line_1_53' title="bbox 2110 1182 3605 1263; baseline 0.011 -30"><span class='ocrx_word' id='word_1_356' title='bbox 2110 1193 2132 1221; x_wconf 76' lang='grc' dir='ltr'><strong>ο</strong></span> <span class='ocrx_word' id='word_1_357' title='bbox 2164 1182 2361 1237; x_wconf 86' lang='lat' dir='ltr'><strong>Eodem</strong></span> <span class='ocrx_word' id='word_1_358' title='bbox 2389 1199 2549 1248; x_wconf 88' lang='lat' dir='ltr'><strong>anno,</strong></span> <span class='ocrx_word' id='word_1_359' title='bbox 2585 1183 2803 1251; x_wconf 90' lang='lat' dir='ltr'><strong>jubente</strong></span> <span class='ocrx_word' id='word_1_360' title='bbox 2831 1185 3099 1244; x_wconf 82' lang='lat' dir='ltr'><strong>Ludovico</strong></span> <span class='ocrx_word' id='word_1_361' title='bbox 3135 1207 3282 1263; x_wconf 89' lang='lat' dir='ltr'><strong>rege,</strong></span> <span class='ocrx_word' id='word_1_362' title='bbox 3325 1196 3462 1262; x_wconf 89' lang='lat' dir='ltr'><strong>apud</strong></span> <span class='ocrx_word' id='word_1_363' title='bbox 3493 1194 3605 1249; x_wconf 83' lang='lat' dir='ltr'><strong>Mo-</strong></span> 
     </span>
    </p>
   </div>
   <div class='ocr_carea' id='block_1_54' title="bbox 2032 1272 3608 1365">
    <p class='ocr_par' dir='ltr' id='par_1_54' title="bbox 2032 1272 3608 1365">
     <span class='ocr_line' id='line_1_54' title="bbox 2032 1272 3608 1365; baseline 0.01 -41"><span class='ocrx_word' id='word_1_364' title='bbox 2032 1272 2270 1343; x_wconf 85' lang='lat' dir='ltr'><strong>guntiam</strong></span> <span class='ocrx_word' id='word_1_365' title='bbox 2299 1272 2352 1326; x_wconf 89' lang='lat' dir='ltr'><strong>in</strong></span> <span class='ocrx_word' id='word_1_366' title='bbox 2386 1275 2709 1365; x_wconf 74' lang='lat' dir='ltr'><strong>monasterio</strong></span> <span class='ocrx_word' id='word_1_367' title='bbox 2733 1277 2904 1331; x_wconf 82' lang='lat' dir='ltr'><strong>sancti</strong></span> <span class='ocrx_word' id='word_1_368' title='bbox 2930 1277 3120 1332; x_wconf 84' lang='lat' dir='ltr'><strong>Albani</strong></span> <span class='ocrx_word' id='word_1_369' title='bbox 3161 1283 3433 1352; x_wconf 87' lang='lat' dir='ltr'><strong>martyris,</strong></span> <span class='ocrx_word' id='word_1_370' title='bbox 3461 1284 3608 1339; x_wconf 81' lang='lat' dir='ltr'><strong>circa</strong></span> 
     </span>
    </p>
   </div>
   <div class='ocr_carea' id='block_1_55' title="bbox 2033 1360 3608 1439">
    <p class='ocr_par' dir='ltr' id='par_1_55' title="bbox 2033 1360 3608 1439">
     <span class='ocr_line' id='line_1_55' title="bbox 2033 1360 3608 1439; baseline 0.011 -28"><span class='ocrx_word' id='word_1_371' title='bbox 2033 1360 2352 1429; x_wconf 85' lang='lat' dir='ltr'><strong>principium</strong></span> <span class='ocrx_word' id='word_1_372' title='bbox 2407 1360 2608 1416; x_wconf 85' lang='lat' dir='ltr'><strong>mensis</strong></span> <span class='ocrx_word' id='word_1_373' title='bbox 2661 1361 2908 1419; x_wconf 88' lang='lat' dir='ltr'><strong>Octobris</strong></span> <span class='ocrx_word' id='word_1_374' title='bbox 2960 1369 3218 1437; x_wconf 84' lang='lat' dir='ltr'><strong>synodum</strong></span> <span class='ocrx_word' id='word_1_375' title='bbox 3275 1371 3481 1439; x_wconf 87' lang='lat' dir='ltr'><strong>habuit,</strong></span> <span class='ocrx_word' id='word_1_376' title='bbox 3539 1377 3608 1430; x_wconf 86' lang='lat' dir='ltr'><strong>ad</strong></span> 
     </span>
    </p>
   </div>
   <div class='ocr_carea' id='block_1_56' title="bbox 2034 1451 3608 1523">
    <p class='ocr_par' dir='ltr' id='par_1_56' title="bbox 2034 1451 3608 1523">
     <span class='ocr_line' id='line_1_56' title="bbox 2034 1451 3608 1523; baseline 0.012 -22"><span class='ocrx_word' id='word_1_377' title='bbox 2034 1462 2192 1516; x_wconf 88' lang='lat' dir='ltr'><strong>quam</strong></span> <span class='ocrx_word' id='word_1_378' title='bbox 2224 1464 2327 1504; x_wconf 93' lang='lat' dir='ltr'><strong>non</strong></span> <span class='ocrx_word' id='word_1_379' title='bbox 2355 1451 2528 1505; x_wconf 90' lang='lat' dir='ltr'><strong>solum</strong></span> <span class='ocrx_word' id='word_1_380' title='bbox 2551 1452 2617 1506; x_wconf 88' lang='lat' dir='ltr'><strong>de</strong></span> <span class='ocrx_word' id='word_1_381' title='bbox 2647 1467 2740 1507; x_wconf 91' lang='lat' dir='ltr'><strong>sua</strong></span> <span class='ocrx_word' id='word_1_382' title='bbox 2763 1455 3056 1523; x_wconf 87' lang='lat' dir='ltr'><strong>provincia,</strong></span> <span class='ocrx_word' id='word_1_383' title='bbox 3087 1458 3179 1512; x_wconf 93' lang='lat' dir='ltr'><strong>sed</strong></span> <span class='ocrx_word' id='word_1_384' title='bbox 3208 1461 3370 1515; x_wconf 90' lang='lat' dir='ltr'><strong>etiam</strong></span> <span class='ocrx_word' id='word_1_385' title='bbox 3401 1463 3467 1518; x_wconf 91' lang='lat' dir='ltr'><strong>de</strong></span> <span class='ocrx_word' id='word_1_386' title='bbox 3489 1465 3608 1521; x_wconf 87' lang='lat' dir='ltr'><strong>aliis</strong></span> 
     </span>
    </p>
   </div>
   <div class='ocr_carea' id='block_1_57' title="bbox 2033 1531 3609 1621">
    <p class='ocr_par' dir='ltr' id='par_1_57' title="bbox 2033 1531 3609 1621">
     <span class='ocr_line' id='line_1_57' title="bbox 2033 1531 3609 1621; baseline 0.013 -30"><span class='ocrx_word' id='word_1_387' title='bbox 2033 1531 2212 1608; x_wconf 81' lang='lat' dir='ltr'><strong>plures</strong></span> <span class='ocrx_word' id='word_1_388' title='bbox 2240 1543 2517 1612; x_wconf 90' lang='lat' dir='ltr'><strong>episcopos</strong></span> <span class='ocrx_word' id='word_1_389' title='bbox 2538 1551 2592 1598; x_wconf 90' lang='lat' dir='ltr'><strong>et</strong></span> <span class='ocrx_word' id='word_1_390' title='bbox 2614 1546 2837 1601; x_wconf 86' lang='lat' dir='ltr'><strong>abbates</strong></span> <span class='ocrx_word' id='word_1_391' title='bbox 2860 1551 3170 1608; x_wconf 86' lang='lat' dir='ltr'><strong>convocavit</strong></span> <span class='ocrx_word' id='word_1_392' title='bbox 3193 1569 3206 1615; x_wconf 91' lang='lat'><strong>;</strong></span> <span class='ocrx_word' id='word_1_393' title='bbox 3237 1568 3464 1621; x_wconf 87' lang='lat' dir='ltr'><strong>quorum</strong></span> <span class='ocrx_word' id='word_1_394' title='bbox 3485 1571 3609 1610; x_wconf 86' lang='lat' dir='ltr'><strong>con-</strong></span> 
     </span>
    </p>
   </div>
   <div class='ocr_carea' id='block_1_58' title="bbox 2034 1631 3609 1704">
    <p class='ocr_par' dir='ltr' id='par_1_58' title="bbox 2034 1631 3609 1704">
     <span class='ocr_line' id='line_1_58' title="bbox 2034 1631 3609 1704; baseline 0.012 -19"><span class='ocrx_word' id='word_1_395' title='bbox 2034 1631 2171 1694; x_wconf 83' lang='lat' dir='ltr'><strong>silio,</strong></span> <span class='ocrx_word' id='word_1_396' title='bbox 2200 1632 2364 1686; x_wconf 91' lang='lat' dir='ltr'><strong>multa</strong></span> <span class='ocrx_word' id='word_1_397' title='bbox 2394 1649 2490 1703; x_wconf 88' lang='lat' dir='ltr'><strong>pro</strong></span> <span class='ocrx_word' id='word_1_398' title='bbox 2526 1637 2794 1690; x_wconf 89' lang='lat' dir='ltr'><strong>communi</strong></span> <span class='ocrx_word' id='word_1_399' title='bbox 2836 1638 3065 1694; x_wconf 86' lang='lat' dir='ltr'><strong>utilitate</strong></span> <span class='ocrx_word' id='word_1_400' title='bbox 3116 1641 3190 1696; x_wconf 86' lang='lat' dir='ltr'><strong>rei</strong></span> <span class='ocrx_word' id='word_1_401' title='bbox 3229 1643 3609 1704; x_wconf 54' lang='lat' dir='ltr'><strong>ecclesiastica</strong></span> 
     </span>
    </p>
   </div>
   <div class='ocr_carea' id='block_1_59' title="bbox 2035 1721 2641 1789">
    <p class='ocr_par' dir='ltr' id='par_1_59' title="bbox 2035 1721 2641 1789">
     <span class='ocr_line' id='line_1_59' title="bbox 2035 1721 2641 1789; baseline 0.003 -15"><span class='ocrx_word' id='word_1_402' title='bbox 2035 1721 2330 1789; x_wconf 84' lang='lat' dir='ltr'><strong>prudenter</strong></span> <span class='ocrx_word' id='word_1_403' title='bbox 2355 1724 2641 1778; x_wconf 86' lang='lat' dir='ltr'><strong>ordinavit.</strong></span> 
     </span>
    </p>
   </div>
   <div class='ocr_carea' id='block_1_60' title="bbox 2111 1831 3609 1907">
    <p class='ocr_par' dir='ltr' id='par_1_60' title="bbox 2111 1831 3609 1907">
     <span class='ocr_line' id='line_1_60' title="bbox 2111 1831 3609 1907; baseline 0.011 -25"><span class='ocrx_word' id='word_1_404' title='bbox 2111 1832 2126 1868; x_wconf 81' lang='grc'>¹</span> <span class='ocrx_word' id='word_1_405' title='bbox 2167 1831 2269 1884; x_wconf 88' lang='lat' dir='ltr'><strong>Per</strong></span> <span class='ocrx_word' id='word_1_406' title='bbox 2299 1832 2438 1886; x_wconf 85' lang='lat' dir='ltr'><strong>idem</strong></span> <span class='ocrx_word' id='word_1_407' title='bbox 2469 1841 2678 1903; x_wconf 88' lang='lat' dir='ltr'><strong>tempus</strong></span> <span class='ocrx_word' id='word_1_408' title='bbox 2705 1835 2898 1892; x_wconf 89' lang='lat' dir='ltr'><strong>mulier</strong></span> <span class='ocrx_word' id='word_1_409' title='bbox 2943 1839 3206 1907; x_wconf 87' lang='lat' dir='ltr'><strong>quaedam,</strong></span> <span class='ocrx_word' id='word_1_410' title='bbox 3250 1839 3482 1897; x_wconf 86' lang='lat' dir='ltr'><strong>Thierda</strong></span> <span class='ocrx_word' id='word_1_411' title='bbox 3508 1834 3609 1899; x_wconf 76' lang='lat' dir='ltr'><strong>no-</strong></span> 
     </span>
    </p>
   </div>
   <div class='ocr_carea' id='block_1_61' title="bbox 2021 1921 3612 2001">
    <p class='ocr_par' dir='ltr' id='par_1_61' title="bbox 2021 1921 3612 2001">
     <span class='ocr_line' id='line_1_61' title="bbox 2021 1921 3612 2001; baseline 0.011 -25"><span class='ocrx_word' id='word_1_412' title='bbox 2021 1921 2199 1985; x_wconf 80' lang='lat' dir='ltr'><strong>&#39;mine,</strong></span> <span class='ocrx_word' id='word_1_413' title='bbox 2230 1923 2792 1995; x_wconf 74' lang='lat' dir='ltr'><strong>pseudOproph‘etissa,</strong></span> <span class='ocrx_word' id='word_1_414' title='bbox 2834 1930 2899 1986; x_wconf 90' lang='lat' dir='ltr'><strong>de</strong></span> <span class='ocrx_word' id='word_1_415' title='bbox 2942 1931 3184 2001; x_wconf 86' lang='lat' dir='ltr'><strong>partibus</strong></span> <span class='ocrx_word' id='word_1_416' title='bbox 3230 1933 3417 1990; x_wconf 88' lang='lat' dir='ltr'><strong>alienis</strong></span> <span class='ocrx_word' id='word_1_417' title='bbox 3462 1938 3612 1993; x_wconf 90' lang='lat' dir='ltr'><strong>venit</strong></span> 
     </span>
    </p>
   </div>
   <div class='ocr_carea' id='block_1_62' title="bbox 2036 2011 3638 2092">
    <p class='ocr_par' dir='ltr' id='par_1_62' title="bbox 2036 2011 3638 2092">
     <span class='ocr_line' id='line_1_62' title="bbox 2036 2011 3638 2092; baseline 0.009 -28"><span class='ocrx_word' id='word_1_418' title='bbox 2036 2012 2101 2065; x_wconf 92' lang='lat' dir='ltr'><strong>ad</strong></span> <span class='ocrx_word' id='word_1_419' title='bbox 2133 2011 2497 2082; x_wconf 81' lang='lat' dir='ltr'><strong>Moguntiam:</strong></span> <span class='ocrx_word' id='word_1_420' title='bbox 2544 2031 2664 2084; x_wconf 65' lang='lat' dir='ltr'><strong>quae</strong></span> <span class='ocrx_word' id='word_1_421' title='bbox 2705 2016 3006 2076; x_wconf 84' lang='lat' dir='ltr'><strong>Salomonis</strong></span> <span class='ocrx_word' id='word_1_422' title='bbox 3057 2022 3294 2092; x_wconf 88' lang='lat' dir='ltr'><strong>episcopi</strong></span> <span class='ocrx_word' id='word_1_423' title='bbox 3343 2024 3638 2083; x_wconf 86' lang='lat' dir='ltr'><strong>Constan-.</strong></span> 
     </span>
    </p>
   </div>
   <div class='ocr_carea' id='block_1_63' title="bbox 2038 2103 3611 2186">
    <p class='ocr_par' dir='ltr' id='par_1_63' title="bbox 2038 2103 3611 2186">
     <span class='ocr_line' id='line_1_63' title="bbox 2038 2103 3611 2186; baseline 0.011 -31"><span class='ocrx_word' id='word_1_424' title='bbox 2038 2103 2222 2157; x_wconf 89' lang='lat' dir='ltr'><strong>tiensis</strong></span> <span class='ocrx_word' id='word_1_425' title='bbox 2248 2104 2556 2172; x_wconf 86' lang='lat' dir='ltr'><strong>parochiam</strong></span> <span class='ocrx_word' id='word_1_426' title='bbox 2591 2108 2702 2162; x_wconf 88' lang='lat' dir='ltr'><strong>suis</strong></span> <span class='ocrx_word' id='word_1_427' title='bbox 2733 2109 3000 2168; x_wconf 84' lang='lat' dir='ltr'><strong>vaticiniis</strong></span> <span class='ocrx_word' id='word_1_428' title='bbox 3030 2129 3134 2166; x_wconf 90' lang='lat' dir='ltr'><strong>non</strong></span> <span class='ocrx_word' id='word_1_429' title='bbox 3163 2115 3370 2171; x_wconf 82' lang='lat' dir='ltr'><strong>modice</strong></span> <span class='ocrx_word' id='word_1_430' title='bbox 3397 2127 3611 2186; x_wconf 88' lang='lat' dir='ltr'><strong>pertur-</strong></span> 
     </span>
    </p>
   </div>
   <div class='ocr_carea' id='block_1_64' title="bbox 2031 2189 3611 2266">
    <p class='ocr_par' dir='ltr' id='par_1_64' title="bbox 2031 2189 3611 2266">
     <span class='ocr_line' id='line_1_64' title="bbox 2031 2189 3611 2266; baseline 0.012 -23"><span class='ocrx_word' id='word_1_431' title='bbox 2031 2189 2268 2245; x_wconf 87' lang='lat' dir='ltr'><strong>baverat.</strong></span> <span class='ocrx_word' id='word_1_432' title='bbox 2301 2192 2435 2246; x_wconf 84' lang='lat' dir='ltr'><strong>Nam</strong></span> <span class='ocrx_word' id='word_1_433' title='bbox 2463 2202 2668 2249; x_wconf 90' lang='lat' dir='ltr'><strong>certam</strong></span> <span class='ocrx_word' id='word_1_434' title='bbox 2695 2196 2759 2250; x_wconf 90' lang='lat' dir='ltr'><strong>de</strong></span> <span class='ocrx_word' id='word_1_435' title='bbox 2783 2200 3028 2266; x_wconf 83' lang='lat' dir='ltr'><strong>proximo</strong></span> <span class='ocrx_word' id='word_1_436' title='bbox 3057 2201 3344 2258; x_wconf 90' lang='lat' dir='ltr'><strong>instantem</strong></span> <span class='ocrx_word' id='word_1_437' title='bbox 3368 2220 3611 2261; x_wconf 85' lang='lat' dir='ltr'><strong>consum-</strong></span> 
     </span>
    </p>
   </div>
   <div class='ocr_carea' id='block_1_65' title="bbox 2032 2282 3612 2363">
    <p class='ocr_par' dir='ltr' id='par_1_65' title="bbox 2032 2282 3612 2363">
     <span class='ocr_line' id='line_1_65' title="bbox 2032 2282 3612 2363; baseline 0.011 -29"><span class='ocrx_word' id='word_1_438' title='bbox 2032 2282 2282 2335; x_wconf 90' lang='lat' dir='ltr'><strong>mationis</strong></span> <span class='ocrx_word' id='word_1_439' title='bbox 2330 2283 2514 2338; x_wconf 75' lang='lat' dir='ltr'><strong>szeculi</strong></span> <span class='ocrx_word' id='word_1_440' title='bbox 2562 2285 2726 2349; x_wconf 89' lang='lat' dir='ltr'><strong>diem,</strong></span> <span class='ocrx_word' id='word_1_441' title='bbox 2775 2287 2984 2357; x_wconf 89' lang='lat' dir='ltr'><strong>aliaque</strong></span> <span class='ocrx_word' id='word_1_442' title='bbox 3030 2291 3303 2359; x_wconf 86' lang='lat' dir='ltr'><strong>perplura,</strong></span> <span class='ocrx_word' id='word_1_443' title='bbox 3354 2309 3472 2363; x_wconf 69' lang='lat' dir='ltr'><strong>qua:</strong></span> <span class='ocrx_word' id='word_1_444' title='bbox 3508 2295 3612 2352; x_wconf 84' lang='lat' dir='ltr'><strong>soli</strong></span> 
     </span>
    </p>
   </div>
   <div class='ocr_carea' id='block_1_66' title="bbox 2034 2370 3610 2452">
    <p class='ocr_par' dir='ltr' id='par_1_66' title="bbox 2034 2370 3610 2452">
     <span class='ocr_line' id='line_1_66' title="bbox 2034 2370 3610 2452; baseline 0.013 -29"><span class='ocrx_word' id='word_1_445' title='bbox 2034 2370 2145 2425; x_wconf 88' lang='lat' dir='ltr'><strong>Deo</strong></span> <span class='ocrx_word' id='word_1_446' title='bbox 2170 2381 2297 2426; x_wconf 91' lang='lat' dir='ltr'><strong>sunt</strong></span> <span class='ocrx_word' id='word_1_447' title='bbox 2329 2371 2561 2444; x_wconf 84' lang='lat' dir='ltr'><strong>cognita,</strong></span> <span class='ocrx_word' id='word_1_448' title='bbox 2609 2378 2761 2444; x_wconf 92' lang='lat' dir='ltr'><strong>quasi</strong></span> <span class='ocrx_word' id='word_1_449' title='bbox 2810 2379 3067 2434; x_wconf 87' lang='lat' dir='ltr'><strong>divinitus</strong></span> <span class='ocrx_word' id='word_1_450' title='bbox 3096 2382 3195 2436; x_wconf 88' lang='lat' dir='ltr'><strong>sibi</strong></span> <span class='ocrx_word' id='word_1_451' title='bbox 3247 2385 3504 2452; x_wconf 82' lang='lat' dir='ltr'><strong>revelata,</strong></span> <span class='ocrx_word' id='word_1_452' title='bbox 3549 2403 3610 2443; x_wconf 88' lang='lat' dir='ltr'><strong>se</strong></span> 
     </span>
    </p>
   </div>
   <div class='ocr_carea' id='block_1_67' title="bbox 2035 2463 3610 2534">
    <p class='ocr_par' dir='ltr' id='par_1_67' title="bbox 2035 2463 3610 2534">
     <span class='ocr_line' id='line_1_67' title="bbox 2035 2463 3610 2534; baseline 0.012 -19"><span class='ocrx_word' id='word_1_453' title='bbox 2035 2463 2195 2526; x_wconf 90' lang='lat' dir='ltr'><strong>scire,</strong></span> <span class='ocrx_word' id='word_1_454' title='bbox 2225 2463 2432 2532; x_wconf 89' lang='lat' dir='ltr'><strong>publice</strong></span> <span class='ocrx_word' id='word_1_455' title='bbox 2454 2467 2799 2534; x_wconf 64' lang='lat' dir='ltr'><strong>praedicabat,</strong></span> <span class='ocrx_word' id='word_1_456' title='bbox 2845 2469 3029 2524; x_wconf 89' lang='lat' dir='ltr'><strong>dicens</strong></span> <span class='ocrx_word' id='word_1_457' title='bbox 3069 2474 3252 2527; x_wconf 85' lang='lat' dir='ltr'><strong>eodem</strong></span> <span class='ocrx_word' id='word_1_458' title='bbox 3300 2491 3439 2532; x_wconf 91' lang='lat' dir='ltr'><strong>anno</strong></span> <span class='ocrx_word' id='word_1_459' title='bbox 3483 2479 3610 2534; x_wconf 87' lang='lat' dir='ltr'><strong>ulti-</strong></span> 
     </span>
    </p>
   </div>
   <div class='ocr_carea' id='block_1_68' title="bbox 2036 2551 3610 2634">
    <p class='ocr_par' dir='ltr' id='par_1_68' title="bbox 2036 2551 3610 2634">
     <span class='ocr_line' id='line_1_68' title="bbox 2036 2551 3610 2634; baseline 0.01 -30"><span class='ocrx_word' id='word_1_460' title='bbox 2036 2565 2180 2604; x_wconf 87' lang='lat' dir='ltr'><strong>tnum</strong></span> <span class='ocrx_word' id='word_1_461' title='bbox 2211 2551 2393 2605; x_wconf 79' lang='lat' dir='ltr'><strong>mundi</strong></span> <span class='ocrx_word' id='word_1_462' title='bbox 2421 2552 2561 2606; x_wconf 90' lang='lat' dir='ltr'><strong>diem</strong></span> <span class='ocrx_word' id='word_1_463' title='bbox 2605 2554 2906 2611; x_wconf 89' lang='lat' dir='ltr'><strong>imminere.</strong></span> <span class='ocrx_word' id='word_1_464' title='bbox 2940 2557 3091 2614; x_wconf 91' lang='lat' dir='ltr'><strong>Unde</strong></span> <span class='ocrx_word' id='word_1_465' title='bbox 3135 2561 3285 2615; x_wconf 90' lang='lat' dir='ltr'><strong>multi</strong></span> <span class='ocrx_word' id='word_1_466' title='bbox 3309 2578 3374 2616; x_wconf 83' lang='lat' dir='ltr'><strong>ex</strong></span> <span class='ocrx_word' id='word_1_467' title='bbox 3413 2566 3610 2634; x_wconf 89' lang='lat' dir='ltr'><strong>populo</strong></span> 
     </span>
    </p>
   </div>
   <div class='ocr_carea' id='block_1_69' title="bbox 2036 2644 3607 2724">
    <p class='ocr_par' dir='ltr' id='par_1_69' title="bbox 2036 2644 3607 2724">
     <span class='ocr_line' id='line_1_69' title="bbox 2036 2644 3607 2724; baseline 0.01 -29"><span class='ocrx_word' id='word_1_468' title='bbox 2036 2644 2317 2713; x_wconf 91' lang='lat' dir='ltr'><strong>utriusque</strong></span> <span class='ocrx_word' id='word_1_469' title='bbox 2343 2661 2510 2724; x_wconf 77' lang='lat' dir='ltr'><strong>sexus</strong></span> <span class='ocrx_word' id='word_1_470' title='bbox 2543 2646 2734 2702; x_wconf 91' lang='lat' dir='ltr'><strong>timore</strong></span> <span class='ocrx_word' id='word_1_471' title='bbox 2779 2650 3031 2718; x_wconf 87' lang='lat' dir='ltr'><strong>perculsi,</strong></span> <span class='ocrx_word' id='word_1_472' title='bbox 3066 2652 3133 2706; x_wconf 91' lang='lat' dir='ltr'><strong>ad</strong></span> <span class='ocrx_word' id='word_1_473' title='bbox 3163 2666 3280 2707; x_wconf 89' lang='lat' dir='ltr'><strong>eam</strong></span> <span class='ocrx_word' id='word_1_474' title='bbox 3324 2665 3607 2722; x_wconf 88' lang='lat' dir='ltr'><strong>venerunt,</strong></span> 
     </span>
    </p>
   </div>
   <div class='ocr_carea' id='block_1_70' title="bbox 2036 2734 3610 2816">
    <p class='ocr_par' dir='ltr' id='par_1_70' title="bbox 2036 2734 3610 2816">
     <span class='ocr_line' id='line_1_70' title="bbox 2036 2734 3610 2816; baseline 0.01 -28"><span class='ocrx_word' id='word_1_475' title='bbox 2036 2734 2334 2804; x_wconf 86' lang='lat' dir='ltr'><strong>oblatisque</strong></span> <span class='ocrx_word' id='word_1_476' title='bbox 2379 2737 2711 2802; x_wconf 88' lang='lat' dir='ltr'><strong>muneribus,</strong></span> <span class='ocrx_word' id='word_1_477' title='bbox 2770 2753 2826 2793; x_wconf 93' lang='lat' dir='ltr'><strong>se</strong></span> <span class='ocrx_word' id='word_1_478' title='bbox 2868 2738 3010 2795; x_wconf 91' lang='lat' dir='ltr'><strong>illius</strong></span> <span class='ocrx_word' id='word_1_479' title='bbox 3055 2744 3410 2812; x_wconf 87' lang='lat' dir='ltr'><strong>orationibus,</strong></span> <span class='ocrx_word' id='word_1_480' title='bbox 3450 2747 3610 2816; x_wconf 83' lang='lat' dir='ltr'><strong>quasi</strong></span> 
     </span>
    </p>
   </div>
   <div class='ocr_carea' id='block_1_71' title="bbox 2036 2824 3600 2907">
    <p class='ocr_par' dir='ltr' id='par_1_71' title="bbox 2036 2824 3600 2907">
     <span class='ocr_line' id='line_1_71' title="bbox 2036 2824 3600 2907; baseline 0.01 -31"><span class='ocrx_word' id='word_1_481' title='bbox 2036 2824 2259 2892; x_wconf 78' lang='lat' dir='ltr'><strong>alicujus</strong></span> <span class='ocrx_word' id='word_1_482' title='bbox 2281 2833 2480 2880; x_wconf 73' lang='lat' dir='ltr'><strong>sancta:</strong></span> <span class='ocrx_word' id='word_1_483' title='bbox 2501 2826 2964 2907; x_wconf 85' lang='lat' dir='ltr'><strong>commendabant.</strong></span> <span class='ocrx_word' id='word_1_484' title='bbox 2989 2830 3075 2896; x_wconf 85' lang='lat' dir='ltr'><strong>Et,</strong></span> <span class='ocrx_word' id='word_1_485' title='bbox 3100 2833 3238 2900; x_wconf 90' lang='lat' dir='ltr'><strong>quod</strong></span> <span class='ocrx_word' id='word_1_486' title='bbox 3260 2835 3476 2904; x_wconf 77' lang='lat' dir='ltr'><strong>gravius</strong></span> <span class='ocrx_word' id='word_1_487' title='bbox 3495 2846 3600 2900; x_wconf 90' lang='lat' dir='ltr'><strong>est,</strong></span> 
     </span>
    </p>
   </div>
   <div class='ocr_carea' id='block_1_72' title="bbox 2037 2913 3609 2993">
    <p class='ocr_par' dir='ltr' id='par_1_72' title="bbox 2037 2913 3609 2993">
     <span class='ocr_line' id='line_1_72' title="bbox 2037 2913 3609 2993; baseline 0.008 -27"><span class='ocrx_word' id='word_1_488' title='bbox 2037 2913 2174 2966; x_wconf 90' lang='lat' dir='ltr'><strong>sacri</strong></span> <span class='ocrx_word' id='word_1_489' title='bbox 2201 2913 2364 2967; x_wconf 88' lang='lat' dir='ltr'><strong>etiam</strong></span> <span class='ocrx_word' id='word_1_490' title='bbox 2389 2914 2592 2968; x_wconf 87' lang='lat' dir='ltr'><strong>ordinis</strong></span> <span class='ocrx_word' id='word_1_491' title='bbox 2619 2915 2720 2968; x_wconf 89' lang='lat' dir='ltr'><strong>viri</strong></span> <span class='ocrx_word' id='word_1_492' title='bbox 2747 2916 3016 2973; x_wconf 91' lang='lat' dir='ltr'><strong>doctrinas</strong></span> <span class='ocrx_word' id='word_1_493' title='bbox 3036 2920 3435 2977; x_wconf 89' lang='lat' dir='ltr'><strong>ecclesiasticas</strong></span> <span class='ocrx_word' id='word_1_494' title='bbox 3460 2934 3609 2993; x_wconf 84' lang='lat' dir='ltr'><strong>post-</strong></span> 
     </span>
    </p>
   </div>
   <div class='ocr_carea' id='block_1_73' title="bbox 2035 2997 3608 3076">
    <p class='ocr_par' dir='ltr' id='par_1_73' title="bbox 2035 2997 3608 3076">
     <span class='ocr_line' id='line_1_73' title="bbox 2035 2997 3608 3076; baseline 0.009 -22"><span class='ocrx_word' id='word_1_495' title='bbox 2035 3010 2317 3070; x_wconf 87' lang='lat' dir='ltr'><strong>ponentes,</strong></span> <span class='ocrx_word' id='word_1_496' title='bbox 2344 3002 2490 3056; x_wconf 89' lang='lat' dir='ltr'><strong>illam</strong></span> <span class='ocrx_word' id='word_1_497' title='bbox 2525 3004 2678 3072; x_wconf 88' lang='lat' dir='ltr'><strong>quasi</strong></span> <span class='ocrx_word' id='word_1_498' title='bbox 2703 3006 3009 3075; x_wconf 84' lang='lat' dir='ltr'><strong>magistram</strong></span> <span class='ocrx_word' id='word_1_499' title='bbox 3043 3009 3253 3064; x_wconf 67' lang='lat' dir='ltr'><strong>coalitus</strong></span> <span class='ocrx_word' id='word_1_500' title='bbox 3287 2997 3608 3076; x_wconf 81' lang='lat' dir='ltr'><strong>destinatam</strong></span> 
     </span>
    </p>
   </div>
   <div class='ocr_carea' id='block_1_74' title="bbox 2037 3091 3607 3163">
    <p class='ocr_par' dir='ltr' id='par_1_74' title="bbox 2037 3091 3607 3163">
     <span class='ocr_line' id='line_1_74' title="bbox 2037 3091 3607 3163; baseline 0.009 -19"><span class='ocrx_word' id='word_1_501' title='bbox 2037 3091 2415 3159; x_wconf 81' lang='lat' dir='ltr'><strong>sequebantur.</strong></span> <span class='ocrx_word' id='word_1_502' title='bbox 2460 3091 2585 3148; x_wconf 86' lang='lat' dir='ltr'><strong>Haec</strong></span> <span class='ocrx_word' id='word_1_503' title='bbox 2611 3094 2676 3148; x_wconf 88' lang='lat' dir='ltr'><strong>ad</strong></span> <span class='ocrx_word' id='word_1_504' title='bbox 2715 3096 3053 3163; x_wconf 76' lang='lat' dir='ltr'><strong>praesentiam</strong></span> <span class='ocrx_word' id='word_1_505' title='bbox 3082 3099 3251 3153; x_wconf 88' lang='lat' dir='ltr'><strong>sancti</strong></span> <span class='ocrx_word' id='word_1_506' title='bbox 3281 3099 3488 3156; x_wconf 87' lang='lat' dir='ltr'><strong>Rabani</strong></span> <span class='ocrx_word' id='word_1_507' title='bbox 3516 3118 3607 3157; x_wconf 89' lang='lat' dir='ltr'><strong>ar-</strong></span> 
     </span>
    </p>
   </div>
   <div class='ocr_carea' id='block_1_75' title="bbox 2034 3181 3604 3260">
    <p class='ocr_par' dir='ltr' id='par_1_75' title="bbox 2034 3181 3604 3260">
     <span class='ocr_line' id='line_1_75' title="bbox 2034 3181 3604 3260; baseline 0.01 -26"><span class='ocrx_word' id='word_1_508' title='bbox 2034 3181 2368 3250; x_wconf 84' lang='lat' dir='ltr'><strong>chipraesulis</strong></span> <span class='ocrx_word' id='word_1_509' title='bbox 2413 3190 2465 3237; x_wconf 91' lang='lat' dir='ltr'><strong>et</strong></span> <span class='ocrx_word' id='word_1_510' title='bbox 2491 3183 2720 3238; x_wconf 82' lang='lat' dir='ltr'><strong>aliorum</strong></span> <span class='ocrx_word' id='word_1_511' title='bbox 2769 3186 3142 3257; x_wconf 86' lang='lat' dir='ltr'><strong>episc0p0rum</strong></span> <span class='ocrx_word' id='word_1_512' title='bbox 3192 3193 3331 3260; x_wconf 90' lang='lat' dir='ltr'><strong>apud</strong></span> <span class='ocrx_word' id='word_1_513' title='bbox 3359 3202 3604 3249; x_wconf 89' lang='lat' dir='ltr'><strong>sanctum</strong></span> 
     </span>
    </p>
   </div>
   <div class='ocr_carea' id='block_1_76' title="bbox 2033 3273 3608 3349">
    <p class='ocr_par' dir='ltr' id='par_1_76' title="bbox 2033 3273 3608 3349">
     <span class='ocr_line' id='line_1_76' title="bbox 2033 3273 3608 3349; baseline 0.009 -23"><span class='ocrx_word' id='word_1_514' title='bbox 2033 3273 2298 3328; x_wconf 82' lang='lat' dir='ltr'><strong>Albanum</strong></span> <span class='ocrx_word' id='word_1_515' title='bbox 2323 3275 2567 3339; x_wconf 87' lang='lat' dir='ltr'><strong>deducta,</strong></span> <span class='ocrx_word' id='word_1_516' title='bbox 2598 3285 2652 3331; x_wconf 85' lang='lat' dir='ltr'><strong>et</strong></span> <span class='ocrx_word' id='word_1_517' title='bbox 2673 3277 2954 3349; x_wconf 81' lang='lat' dir='ltr'><strong>diligenter</strong></span> <span class='ocrx_word' id='word_1_518' title='bbox 2988 3278 3054 3336; x_wconf 87' lang='lat' dir='ltr'><strong>de</strong></span> <span class='ocrx_word' id='word_1_519' title='bbox 3083 3281 3194 3336; x_wconf 90' lang='lat' dir='ltr'><strong>suis</strong></span> <span class='ocrx_word' id='word_1_520' title='bbox 3219 3283 3608 3340; x_wconf 86' lang='lat' dir='ltr'><strong>assertionibus</strong></span> 
     </span>
    </p>
   </div>
   <div class='ocr_carea' id='block_1_77' title="bbox 2034 3366 3604 3445">
    <p class='ocr_par' dir='ltr' id='par_1_77' title="bbox 2034 3366 3604 3445">
     <span class='ocr_line' id='line_1_77' title="bbox 2034 3366 3604 3445; baseline 0.008 -27"><span class='ocrx_word' id='word_1_521' title='bbox 2034 3366 2312 3434; x_wconf 88' lang='lat' dir='ltr'><strong>requisita,</strong></span> <span class='ocrx_word' id='word_1_522' title='bbox 2343 3369 2717 3438; x_wconf 88' lang='lat' dir='ltr'><strong>presbyterum</strong></span> <span class='ocrx_word' id='word_1_523' title='bbox 2748 3371 3029 3438; x_wconf 89' lang='lat' dir='ltr'><strong>quemdam</strong></span> <span class='ocrx_word' id='word_1_524' title='bbox 3057 3373 3159 3427; x_wconf 87' lang='lat' dir='ltr'><strong>sibi</strong></span> <span class='ocrx_word' id='word_1_525' title='bbox 3200 3388 3265 3428; x_wconf 89' lang='lat' dir='ltr'><strong>ea</strong></span> <span class='ocrx_word' id='word_1_526' title='bbox 3302 3376 3604 3445; x_wconf 82' lang='lat' dir='ltr'><strong>suggessis-</strong></span> 
     </span>
    </p>
   </div>
   <div class='ocr_carea' id='block_1_78' title="bbox 2033 3461 3604 3533">
    <p class='ocr_par' dir='ltr' id='par_1_78' title="bbox 2033 3461 3604 3533">
     <span class='ocr_line' id='line_1_78' title="bbox 2033 3461 3604 3533; baseline 0.006 -21"><span class='ocrx_word' id='word_1_527' title='bbox 2033 3474 2113 3522; x_wconf 90' lang='lat' dir='ltr'><strong>se,</strong></span> <span class='ocrx_word' id='word_1_528' title='bbox 2136 3467 2190 3513; x_wconf 88' lang='lat' dir='ltr'><strong>et</strong></span> <span class='ocrx_word' id='word_1_529' title='bbox 2212 3475 2270 3514; x_wconf 91' lang='lat' dir='ltr'><strong>se</strong></span> <span class='ocrx_word' id='word_1_530' title='bbox 2299 3461 2447 3524; x_wconf 91' lang='lat' dir='ltr'><strong>talia,</strong></span> <span class='ocrx_word' id='word_1_531' title='bbox 2476 3470 2708 3528; x_wconf 79' lang='lat' dir='ltr'><strong>qmestus</strong></span> <span class='ocrx_word' id='word_1_532' title='bbox 2730 3478 2911 3528; x_wconf 89' lang='lat' dir='ltr'><strong>causa,</strong></span> <span class='ocrx_word' id='word_1_533' title='bbox 2938 3464 2988 3517; x_wconf 91' lang='lat' dir='ltr'><strong>in</strong></span> <span class='ocrx_word' id='word_1_534' title='bbox 3012 3464 3260 3533; x_wconf 92' lang='lat' dir='ltr'><strong>populum</strong></span> <span class='ocrx_word' id='word_1_535' title='bbox 3282 3467 3604 3532; x_wconf 88' lang='lat' dir='ltr'><strong>seminasse,</strong></span> 
     </span>
    </p>
   </div>
   <div class='ocr_carea' id='block_1_79' title="bbox 1992 3548 3607 3637">
    <p class='ocr_par' dir='ltr' id='par_1_79' title="bbox 1992 3548 3607 3637">
     <span class='ocr_line' id='line_1_79' title="bbox 1992 3548 3607 3637; baseline 0.005 -35"><span class='ocrx_word' id='word_1_536' title='bbox 1992 3548 2272 3620; x_wconf 80' lang='lat' dir='ltr'><strong>.professa</strong></span> <span class='ocrx_word' id='word_1_537' title='bbox 2323 3557 2423 3605; x_wconf 91' lang='lat' dir='ltr'><strong>est.</strong></span> <span class='ocrx_word' id='word_1_538' title='bbox 2473 3550 2808 3620; x_wconf 86' lang='lat' dir='ltr'><strong>Quapropter</strong></span> <span class='ocrx_word' id='word_1_539' title='bbox 2856 3553 3094 3624; x_wconf 88' lang='lat' dir='ltr'><strong>synodali</strong></span> <span class='ocrx_word' id='word_1_540' title='bbox 3142 3552 3348 3621; x_wconf 89' lang='lat' dir='ltr'><strong>judicio</strong></span> <span class='ocrx_word' id='word_1_541' title='bbox 3394 3555 3607 3637; x_wconf 84' lang='lat' dir='ltr'><strong>publice</strong></span> 
     </span>
    </p>
   </div>
   <div class='ocr_carea' id='block_1_80' title="bbox 2033 3642 3610 3715">
    <p class='ocr_par' dir='ltr' id='par_1_80' title="bbox 2033 3642 3610 3715">
     <span class='ocr_line' id='line_1_80' title="bbox 2033 3642 3610 3715; baseline 0.004 -20"><span class='ocrx_word' id='word_1_542' title='bbox 2033 3656 2170 3696; x_wconf 65' lang='lat'><strong>03383</strong></span> <span class='ocrx_word' id='word_1_543' title='bbox 2193 3642 2434 3713; x_wconf 81' lang='lat' dir='ltr'><strong>flagellis,</strong></span> <span class='ocrx_word' id='word_1_544' title='bbox 2463 3643 2818 3697; x_wconf 89' lang='lat' dir='ltr'><strong>ministerium</strong></span> <span class='ocrx_word' id='word_1_545' title='bbox 2846 3644 3256 3713; x_wconf 70' lang='lat' dir='ltr'><strong>pmdicationis,</strong></span> <span class='ocrx_word' id='word_1_546' title='bbox 3302 3646 3444 3715; x_wconf 88' lang='lat' dir='ltr'><strong>quod</strong></span> <span class='ocrx_word' id='word_1_547' title='bbox 3473 3647 3610 3701; x_wconf 87' lang='lat' dir='ltr'><strong>irra-</strong></span> 
     </span>
    </p>
   </div>
   <div class='ocr_carea' id='block_1_81' title="bbox 2033 3731 3608 3801">
    <p class='ocr_par' dir='ltr' id='par_1_81' title="bbox 2033 3731 3608 3801">
     <span class='ocr_line' id='line_1_81' title="bbox 2033 3731 3608 3801; baseline 0.004 -16"><span class='ocrx_word' id='word_1_548' title='bbox 2033 3731 2361 3786; x_wconf 90' lang='lat' dir='ltr'><strong>tionabiliter</strong></span> <span class='ocrx_word' id='word_1_549' title='bbox 2387 3742 2754 3801; x_wconf 87' lang='lat' dir='ltr'><strong>usurpaverat,</strong></span> <span class='ocrx_word' id='word_1_550' title='bbox 2790 3741 2845 3786; x_wconf 91' lang='lat' dir='ltr'><strong>et</strong></span> <span class='ocrx_word' id='word_1_551' title='bbox 2867 3732 2966 3786; x_wconf 86' lang='lat' dir='ltr'><strong>sibi</strong></span> <span class='ocrx_word' id='word_1_552' title='bbox 2995 3731 3182 3787; x_wconf 83' lang='lat' dir='ltr'><strong>contra</strong></span> <span class='ocrx_word' id='word_1_553' title='bbox 3207 3741 3413 3789; x_wconf 88' lang='lat' dir='ltr'><strong>morem</strong></span> <span class='ocrx_word' id='word_1_554' title='bbox 3436 3736 3608 3792; x_wconf 86' lang='lat' dir='ltr'><strong>eccle-</strong></span> 
     </span>
    </p>
   </div>
   <div class='ocr_carea' id='block_1_82' title="bbox 2035 3820 3607 3890">
    <p class='ocr_par' dir='ltr' id='par_1_82' title="bbox 2035 3820 3607 3890">
     <span class='ocr_line' id='line_1_82' title="bbox 2035 3820 3607 3890; baseline 0.005 -17"><span class='ocrx_word' id='word_1_555' title='bbox 2035 3820 2311 3875; x_wconf 89' lang='lat' dir='ltr'><strong>siasticum</strong></span> <span class='ocrx_word' id='word_1_556' title='bbox 2359 3820 2643 3875; x_wconf 82' lang='lat' dir='ltr'><strong>vendicare</strong></span> <span class='ocrx_word' id='word_1_557' title='bbox 2684 3825 3114 3890; x_wconf 76' lang='lat' dir='ltr'><strong>prtesumpscrat,</strong></span> <span class='ocrx_word' id='word_1_558' title='bbox 3171 3836 3292 3877; x_wconf 91' lang='lat' dir='ltr'><strong>cum</strong></span> <span class='ocrx_word' id='word_1_559' title='bbox 3347 3823 3607 3881; x_wconf 88' lang='lat' dir='ltr'><strong>dedecore</strong></span> 
     </span>
    </p>
   </div>
   <div class='ocr_carea' id='block_1_83' title="bbox 2035 3908 3599 3981">
    <p class='ocr_par' dir='ltr' id='par_1_83' title="bbox 2035 3908 3599 3981">
     <span class='ocr_line' id='line_1_83' title="bbox 2035 3908 3599 3981; baseline 0.003 -18"><span class='ocrx_word' id='word_1_560' title='bbox 2035 3911 2268 3964; x_wconf 84' lang='lat' dir='ltr'><strong>maximo</strong></span> <span class='ocrx_word' id='word_1_561' title='bbox 2298 3918 2352 3965; x_wconf 86' lang='lat' dir='ltr'><strong>et</strong></span> <span class='ocrx_word' id='word_1_562' title='bbox 2380 3908 2994 3964; x_wconf 86' lang='lat' dir='ltr'><strong>manifestacoufusione</strong></span> <span class='ocrx_word' id='word_1_563' title='bbox 3031 3911 3232 3977; x_wconf 89' lang='lat' dir='ltr'><strong>amisit,</strong></span> <span class='ocrx_word' id='word_1_564' title='bbox 3261 3912 3479 3981; x_wconf 90' lang='lat' dir='ltr'><strong>suisque</strong></span> <span class='ocrx_word' id='word_1_565' title='bbox 3504 3929 3599 3968; x_wconf 87' lang='lat' dir='ltr'><strong>va-</strong></span> 
     </span>
    </p>
   </div>
   <div class='ocr_carea' id='block_1_84' title="bbox 2036 3997 3237 4069">
    <p class='ocr_par' dir='ltr' id='par_1_84' title="bbox 2036 3997 3237 4069">
     <span class='ocr_line' id='line_1_84' title="bbox 2036 3997 3237 4069; baseline -0.002 -15"><span class='ocrx_word' id='word_1_566' title='bbox 2036 4001 2237 4055; x_wconf 90' lang='lat' dir='ltr'><strong>ticiniis</strong></span> <span class='ocrx_word' id='word_1_567' title='bbox 2267 4000 2480 4053; x_wconf 89' lang='lat' dir='ltr'><strong>tandem</strong></span> <span class='ocrx_word' id='word_1_568' title='bbox 2508 3997 2752 4063; x_wconf 89' lang='lat' dir='ltr'><strong>confusa,</strong></span> <span class='ocrx_word' id='word_1_569' title='bbox 2782 3998 2939 4053; x_wconf 86' lang='lat' dir='ltr'><strong>linem</strong></span> <span class='ocrx_word' id='word_1_570' title='bbox 2970 3999 3237 4069; x_wconf 90' lang='lat' dir='ltr'><strong>imposuit.</strong></span> 
     </span>
    </p>
   </div>
   <div class='ocr_carea' id='block_1_85' title="bbox 2109 4106 3605 4179">
    <p class='ocr_par' dir='ltr' id='par_1_85' title="bbox 2109 4106 3605 4179">
     <span class='ocr_line' id='line_1_85' title="bbox 2109 4106 3605 4179; baseline 0.003 -17"><span class='ocrx_word' id='word_1_571' title='bbox 2109 4111 2134 4148; x_wconf 74' lang='grc' dir='ltr'><em>ε</em></span> <span class='ocrx_word' id='word_1_572' title='bbox 2160 4106 2503 4164; x_wconf 88' lang='lat' dir='ltr'><strong>Gotescalcus</strong></span> <span class='ocrx_word' id='word_1_573' title='bbox 2530 4122 2741 4178; x_wconf 92' lang='lat' dir='ltr'><strong>quoque</strong></span> <span class='ocrx_word' id='word_1_574' title='bbox 2770 4109 2795 4147; x_wconf 70' lang='grc' dir='ltr'>δ</span> <span class='ocrx_word' id='word_1_575' title='bbox 2819 4109 3095 4179; x_wconf 88' lang='lat' dir='ltr'><strong>presbyter</strong></span> <span class='ocrx_word' id='word_1_576' title='bbox 3119 4110 3358 4179; x_wconf 88' lang='lat' dir='ltr'><strong>quidam,</strong></span> <span class='ocrx_word' id='word_1_577' title='bbox 3387 4112 3605 4173; x_wconf 75' lang='lat' dir='ltr'><strong>natione</strong></span> 
     </span>
    </p>
   </div>
   <div class='ocr_carea' id='block_1_86' title="bbox 2033 4199 3602 4273">
    <p class='ocr_par' dir='ltr' id='par_1_86' title="bbox 2033 4199 3602 4273">
     <span class='ocr_line' id='line_1_86' title="bbox 2033 4199 3602 4273; baseline 0.003 -19"><span class='ocrx_word' id='word_1_578' title='bbox 2033 4199 2234 4262; x_wconf 78' lang='lat' dir='ltr'><strong>Gallus,</strong></span> <span class='ocrx_word' id='word_1_579' title='bbox 2265 4215 2330 4254; x_wconf 81' lang='lat' dir='ltr'><strong>ex</strong></span> <span class='ocrx_word' id='word_1_580' title='bbox 2366 4202 2380 4240; x_wconf 78' lang='grc' dir='ltr'><strong>ί</strong></span> <span class='ocrx_word' id='word_1_581' title='bbox 2418 4199 2744 4253; x_wconf 85' lang='lat' dir='ltr'><strong>Rhemorum</strong></span> <span class='ocrx_word' id='word_1_582' title='bbox 2789 4199 3005 4254; x_wconf 72' lang='lat' dir='ltr'><strong>dimcesi</strong></span> <span class='ocrx_word' id='word_1_583' title='bbox 3034 4199 3341 4266; x_wconf 88' lang='lat' dir='ltr'><strong>adveniens,</strong></span> <span class='ocrx_word' id='word_1_584' title='bbox 3370 4202 3437 4257; x_wconf 91' lang='lat' dir='ltr'><strong>de</strong></span> <span class='ocrx_word' id='word_1_585' title='bbox 3464 4219 3602 4273; x_wconf 62' lang='lat' dir='ltr'><strong>pr:e«</strong></span> 
     </span>
    </p>
   </div>
   <div class='ocr_carea' id='block_1_87' title="bbox 2034 4289 3706 4373">
    <p class='ocr_par' dir='ltr' id='par_1_87' title="bbox 2034 4289 3706 4373">
     <span class='ocr_line' id='line_1_87' title="bbox 2034 4289 3706 4373; baseline 0.003 -30"><span class='ocrx_word' id='word_1_586' title='bbox 2034 4289 2387 4347; x_wconf 90' lang='lat' dir='ltr'><strong>destinatione</strong></span> <span class='ocrx_word' id='word_1_587' title='bbox 2425 4289 2519 4342; x_wconf 90' lang='lat' dir='ltr'><strong>Dei</strong></span> <span class='ocrx_word' id='word_1_588' title='bbox 2583 4301 2778 4342; x_wconf 91' lang='lat' dir='ltr'><strong>novum</strong></span> <span class='ocrx_word' id='word_1_589' title='bbox 2818 4297 2870 4343; x_wconf 91' lang='lat' dir='ltr'><strong>et</strong></span> <span class='ocrx_word' id='word_1_590' title='bbox 2910 4290 3267 4358; x_wconf 89' lang='lat' dir='ltr'><strong>perniciosum</strong></span> <span class='ocrx_word' id='word_1_591' title='bbox 3305 4293 3604 4348; x_wconf 87' lang='lat' dir='ltr'><strong>seminabat</strong></span> <span class='ocrx_word' id='word_1_592' title='bbox 3701 4368 3706 4373; x_wconf 27' lang='grc' dir='ltr'><strong><em>Ι</em></strong></span> 
     </span>
    </p>
   </div>
   <div class='ocr_carea' id='block_1_88' title="bbox 442 4429 3599 4518">
    <p class='ocr_par' dir='ltr' id='par_1_88' title="bbox 442 4429 3599 4518">
     <span class='ocr_line' id='line_1_88' title="bbox 442 4429 3599 4518; baseline 0 -21"><span class='ocrx_word' id='word_1_593' title='bbox 442 4444 630 4518; x_wconf 50' lang='lat' dir='ltr'><strong>{Aliis</strong></span> <span class='ocrx_word' id='word_1_594' title='bbox 656 4443 898 4518; x_wconf 56' lang='lat' dir='ltr'><strong>vigesimo</strong></span> <span class='ocrx_word' id='word_1_595' title='bbox 922 4441 1105 4518; x_wconf 73' lang='lat' dir='ltr'><strong>primo,</strong></span> <span class='ocrx_word' id='word_1_596' title='bbox 1137 4441 1276 4510; x_wconf 89' lang='lat' dir='ltr'><strong>quod</strong></span> <span class='ocrx_word' id='word_1_597' title='bbox 1296 4429 1572 4518; x_wconf 79' lang='lat' dir='ltr'><strong>ordinatus</strong></span> <span class='ocrx_word' id='word_1_598' title='bbox 1590 4445 1808 4518; x_wconf 75' lang='lat' dir='ltr'><strong>putetur</strong></span> <span class='ocrx_word' id='word_1_599' title='bbox 1828 4439 1926 4494; x_wconf 90' lang='lat' dir='ltr'><strong>sub</strong></span> <span class='ocrx_word' id='word_1_600' title='bbox 1953 4459 2006 4518; x_wconf 79' lang='lat' dir='ltr'><strong>D</strong></span> <span class='ocrx_word' id='word_1_601' title='bbox 2064 4441 2129 4518; x_wconf 77' lang='lat' dir='ltr'><strong>__d</strong></span> <span class='ocrx_word' id='word_1_602' title='bbox 2170 4440 2490 4518; x_wconf 69' lang='lat' dir='ltr'><strong>Sequentem</strong></span> <span class='ocrx_word' id='word_1_603' title='bbox 2527 4441 2663 4495; x_wconf 91' lang='lat' dir='ltr'><strong>diem</strong></span> <span class='ocrx_word' id='word_1_604' title='bbox 2695 4453 2789 4494; x_wconf 92' lang='lat' dir='ltr'><strong>seu</strong></span> <span class='ocrx_word' id='word_1_605' title='bbox 2817 4455 2849 4493; x_wconf 93' lang='lat' dir='ltr'><strong>v</strong></span> <span class='ocrx_word' id='word_1_606' title='bbox 2879 4440 3101 4502; x_wconf 85' lang='lat' dir='ltr'><strong>Kalend.</strong></span> <span class='ocrx_word' id='word_1_607' title='bbox 3149 4439 3276 4495; x_wconf 80' lang='lat' dir='ltr'><strong>Julii</strong></span> <span class='ocrx_word' id='word_1_608' title='bbox 3319 4443 3599 4513; x_wconf 87' lang='lat' dir='ltr'><strong>assignant</strong></span> 
     </span>
    </p>
   </div>
   <div class='ocr_carea' id='block_1_89' title="bbox 371 4508 1706 4578">
    <p class='ocr_par' dir='ltr' id='par_1_89' title="bbox 371 4508 1706 4578">
     <span class='ocr_line' id='line_1_89' title="bbox 371 4508 1706 4578; baseline -0.006 -10"><span class='ocrx_word' id='word_1_609' title='bbox 371 4514 585 4568; x_wconf 89' lang='lat' dir='ltr'><strong>initium</strong></span> <span class='ocrx_word' id='word_1_610' title='bbox 612 4508 734 4566; x_wconf 81' lang='lat' dir='ltr'><strong>anni</strong></span> <span class='ocrx_word' id='word_1_611' title='bbox 764 4511 865 4565; x_wconf 74' lang='lat'><strong>827</strong></span> <span class='ocrx_word' id='word_1_612' title='bbox 890 4508 1310 4567; x_wconf 43' lang='lat' dir='ltr'><strong>autfinem‘anni</strong></span> <span class='ocrx_word' id='word_1_613' title='bbox 1338 4508 1706 4578; x_wconf 63' lang='lat' dir='ltr'><strong>praecedentis.</strong></span> 
     </span>
    </p>
   </div>
   <div class='ocr_carea' id='block_1_90' title="bbox 445 4576 1920 4635">
    <p class='ocr_par' dir='ltr' id='par_1_90' title="bbox 445 4576 1920 4635">
     <span class='ocr_line' id='line_1_90' title="bbox 445 4576 1920 4635; baseline -0.003 0"><span class='ocrx_word' id='word_1_614' title='bbox 445 4585 472 4622; x_wconf 71' lang='grc' dir='ltr'>δ</span> <span class='ocrx_word' id='word_1_615' title='bbox 509 4581 790 4635; x_wconf 79' lang='lat' dir='ltr'><strong>llattonem</strong></span> <span class='ocrx_word' id='word_1_616' title='bbox 831 4595 970 4632; x_wconf 91' lang='lat' dir='ltr'><strong>anno</strong></span> <span class='ocrx_word' id='word_1_617' title='bbox 998 4578 1103 4631; x_wconf 58' lang='lat' dir='ltr'><strong>8t?</strong></span> <span class='ocrx_word' id='word_1_618' title='bbox 1139 4576 1404 4632; x_wconf 82' lang='lat' dir='ltr'><strong>secedenti</strong></span> <span class='ocrx_word' id='word_1_619' title='bbox 1449 4577 1501 4630; x_wconf 90' lang='lat' dir='ltr'><strong>in</strong></span> <span class='ocrx_word' id='word_1_620' title='bbox 1538 4577 1818 4631; x_wconf 88' lang='lat' dir='ltr'><strong>ecclesiam</strong></span> <span class='ocrx_word' id='word_1_621' title='bbox 1863 4576 1920 4631; x_wconf 93' lang='lat' dir='ltr'><strong>S.</strong></span> 
     </span>
    </p>
   </div>
   <div class='ocr_carea' id='block_1_91' title="bbox 373 4646 1924 4714">
    <p class='ocr_par' dir='ltr' id='par_1_91' title="bbox 373 4646 1924 4714">
     <span class='ocr_line' id='line_1_91' title="bbox 373 4646 1924 4714; baseline -0.003 -10"><span class='ocrx_word' id='word_1_622' title='bbox 373 4652 514 4706; x_wconf 88' lang='lat' dir='ltr'><strong>Petri</strong></span> <span class='ocrx_word' id='word_1_623' title='bbox 546 4651 764 4704; x_wconf 79' lang='lat' dir='ltr'><strong>Rabano</strong></span> <span class='ocrx_word' id='word_1_624' title='bbox 791 4648 1112 4702; x_wconf 86' lang='lat' dir='ltr'><strong>successisse</strong></span> <span class='ocrx_word' id='word_1_625' title='bbox 1148 4657 1353 4700; x_wconf 91' lang='lat' dir='ltr'><strong>certum</strong></span> <span class='ocrx_word' id='word_1_626' title='bbox 1380 4654 1465 4699; x_wconf 90' lang='lat' dir='ltr'><strong>est</strong></span> <span class='ocrx_word' id='word_1_627' title='bbox 1506 4662 1570 4700; x_wconf 80' lang='lat' dir='ltr'><strong>ex</strong></span> <span class='ocrx_word' id='word_1_628' title='bbox 1603 4646 1826 4714; x_wconf 91' lang='lat' dir='ltr'><strong>epistola</strong></span> <span class='ocrx_word' id='word_1_629' title='bbox 1855 4646 1924 4700; x_wconf 76' lang='grc'>40</span> 
     </span>
    </p>
   </div>
   <div class='ocr_carea' id='block_1_92' title="bbox 371 4714 1918 4788">
    <p class='ocr_par' dir='ltr' id='par_1_92' title="bbox 371 4714 1918 4788">
     <span class='ocr_line' id='line_1_92' title="bbox 371 4714 1918 4788; baseline -0.004 -14"><span class='ocrx_word' id='word_1_630' title='bbox 371 4721 506 4788; x_wconf 88' lang='lat' dir='ltr'><strong>Lupi</strong></span> <span class='ocrx_word' id='word_1_631' title='bbox 532 4718 739 4788; x_wconf 83' lang='lat' dir='ltr'><strong>abbatis</strong></span> <span class='ocrx_word' id='word_1_632' title='bbox 777 4716 1135 4788; x_wconf 78' lang='lat' dir='ltr'><strong>Ferrariensis</strong></span> <span class='ocrx_word' id='word_1_633' title='bbox 1168 4716 1241 4788; x_wconf 88' lang='lat' dir='ltr'><strong>ad</strong></span> <span class='ocrx_word' id='word_1_634' title='bbox 1268 4714 1584 4788; x_wconf 83' lang='lat' dir='ltr'><strong>Rabanum:</strong></span> <span class='ocrx_word' id='word_1_635' title='bbox 1631 4733 1649 4765; x_wconf 84' lang='grc'><em>‹</em></span> <span class='ocrx_word' id='word_1_636' title='bbox 1694 4715 1918 4788; x_wconf 82' lang='lat' dir='ltr'><strong>Audivi,</strong></span> 
     </span>
    </p>
   </div>
   <div class='ocr_carea' id='block_1_93' title="bbox 372 4784 1923 4856">
    <p class='ocr_par' dir='ltr' id='par_1_93' title="bbox 372 4784 1923 4856">
     <span class='ocr_line' id='line_1_93' title="bbox 372 4784 1923 4856; baseline -0.003 -15"><span class='ocrx_word' id='word_1_637' title='bbox 372 4784 1365 4856; x_wconf 70' lang='lat' dir='ltr'><strong>inquit;sarcinam__administrationis</strong></span> <span class='ocrx_word' id='word_1_638' title='bbox 1395 4792 1589 4837; x_wconf 63' lang='lat' dir='ltr'><strong>vestrae</strong></span> <span class='ocrx_word' id='word_1_639' title='bbox 1626 4799 1720 4837; x_wconf 90' lang='lat' dir='ltr'><strong>vos</strong></span> <span class='ocrx_word' id='word_1_640' title='bbox 1744 4784 1923 4856; x_wconf 76' lang='lat' dir='ltr'><strong>depo-</strong></span> 
     </span>
    </p>
   </div>
   <div class='ocr_carea' id='block_1_94' title="bbox 280 4853 1920 4916">
    <p class='ocr_par' dir='ltr' id='par_1_94' title="bbox 280 4853 1920 4916">
     <span class='ocr_line' id='line_1_94' title="bbox 280 4853 1920 4916; baseline -0.004 -4"><span class='ocrx_word' id='word_1_641' title='bbox 280 4869 294 4877; x_wconf 86' lang='lat'>&#39;</span> <span class='ocrx_word' id='word_1_642' title='bbox 372 4853 568 4916; x_wconf 68' lang='lat' dir='ltr'><strong>misse,</strong></span> <span class='ocrx_word' id='word_1_643' title='bbox 597 4863 652 4907; x_wconf 93' lang='lat' dir='ltr'><strong>et</strong></span> <span class='ocrx_word' id='word_1_644' title='bbox 674 4856 833 4908; x_wconf 89' lang='lat' dir='ltr'><strong>rebus</strong></span> <span class='ocrx_word' id='word_1_645' title='bbox 850 4853 1041 4907; x_wconf 91' lang='lat' dir='ltr'><strong>divinis</strong></span> <span class='ocrx_word' id='word_1_646' title='bbox 1070 4853 1397 4907; x_wconf 88' lang='lat' dir='ltr'><strong>solummodo</strong></span> <span class='ocrx_word' id='word_1_647' title='bbox 1430 4868 1571 4906; x_wconf 88' lang='lat' dir='ltr'><strong>nunc</strong></span> <span class='ocrx_word' id='word_1_648' title='bbox 1599 4867 1718 4906; x_wconf 92' lang='lat' dir='ltr'><strong>esse</strong></span> <span class='ocrx_word' id='word_1_649' title='bbox 1743 4853 1920 4905; x_wconf 90' lang='lat' dir='ltr'><strong>inten-</strong></span> 
     </span>
    </p>
   </div>
   <div class='ocr_carea' id='block_1_95' title="bbox 371 4921 1923 4988">
    <p class='ocr_par' dir='ltr' id='par_1_95' title="bbox 371 4921 1923 4988">
     <span class='ocr_line' id='line_1_95' title="bbox 371 4921 1923 4988; baseline -0.003 -8"><span class='ocrx_word' id='word_1_650' title='bbox 371 4934 494 4980; x_wconf 83' lang='lat' dir='ltr'><strong>tos:</strong></span> <span class='ocrx_word' id='word_1_651' title='bbox 537 4922 750 4977; x_wconf 86' lang='lat' dir='ltr'><strong>llattoni</strong></span> <span class='ocrx_word' id='word_1_652' title='bbox 779 4937 903 4975; x_wconf 84' lang='lat' dir='ltr'><strong>vero</strong></span> <span class='ocrx_word' id='word_1_653' title='bbox 925 4931 1106 4975; x_wconf 90' lang='lat' dir='ltr'><strong>nostro</strong></span> <span class='ocrx_word' id='word_1_654' title='bbox 1128 4937 1307 4975; x_wconf 90' lang='lat' dir='ltr'><strong>curam</strong></span> <span class='ocrx_word' id='word_1_655' title='bbox 1328 4923 1538 4975; x_wconf 87' lang='lat' dir='ltr'><strong>sudoris</strong></span> <span class='ocrx_word' id='word_1_656' title='bbox 1566 4921 1776 4988; x_wconf 91' lang='lat' dir='ltr'><strong>plenam</strong></span> <span class='ocrx_word' id='word_1_657' title='bbox 1799 4922 1923 4975; x_wconf 87' lang='lat' dir='ltr'><strong>reli-</strong></span> 
     </span>
    </p>
   </div>
   <div class='ocr_carea' id='block_1_96' title="bbox 371 4989 1920 5062">
    <p class='ocr_par' dir='ltr' id='par_1_96' title="bbox 371 4989 1920 5062">
     <span class='ocr_line' id='line_1_96' title="bbox 371 4989 1920 5062; baseline -0.002 -15"><span class='ocrx_word' id='word_1_658' title='bbox 371 4994 570 5062; x_wconf 87' lang='lat' dir='ltr'><strong>quisse.</strong></span> <span class='ocrx_word' id='word_1_659' title='bbox 610 5011 628 5043; x_wconf 82' lang='grc' dir='ltr'><strong>ι</strong></span> <span class='ocrx_word' id='word_1_660' title='bbox 661 4991 874 5062; x_wconf 75' lang='lat' dir='ltr'><strong>obitum</strong></span> <span class='ocrx_word' id='word_1_661' title='bbox 912 4989 1028 5056; x_wconf 89' lang='lat' dir='ltr'><strong>ejus</strong></span> <span class='ocrx_word' id='word_1_662' title='bbox 1052 4990 1336 5062; x_wconf 73' lang='lat' dir='ltr'><strong>assignant</strong></span> <span class='ocrx_word' id='word_1_663' title='bbox 1354 4990 1598 5062; x_wconf 81' lang='lat' dir='ltr'><strong>_Annales</strong></span> <span class='ocrx_word' id='word_1_664' title='bbox 1627 4989 1920 5062; x_wconf 77' lang='lat' dir='ltr'><strong>Fuldenses</strong></span> 
     </span>
    </p>
   </div>
   <div class='ocr_carea' id='block_1_97' title="bbox 371 5058 1924 5126">
    <p class='ocr_par' dir='ltr' id='par_1_97' title="bbox 371 5058 1924 5126">
     <span class='ocr_line' id='line_1_97' title="bbox 371 5058 1924 5126; baseline -0.001 -12"><span class='ocrx_word' id='word_1_665' title='bbox 371 5058 438 5116; x_wconf 79' lang='lat' dir='ltr'><strong>ad</strong></span> <span class='ocrx_word' id='word_1_666' title='bbox 469 5076 666 5115; x_wconf 90' lang='lat' dir='ltr'><strong>annum</strong></span> <span class='ocrx_word' id='word_1_667' title='bbox 689 5059 822 5122; x_wconf 86' lang='lat'><strong>856,</strong></span> <span class='ocrx_word' id='word_1_668' title='bbox 846 5074 951 5126; x_wconf 87' lang='lat' dir='ltr'><strong>quo</strong></span> <span class='ocrx_word' id='word_1_669' title='bbox 985 5060 1154 5126; x_wconf 89' lang='lat' dir='ltr'><strong>pridie</strong></span> <span class='ocrx_word' id='word_1_670' title='bbox 1187 5059 1308 5111; x_wconf 90' lang='lat' dir='ltr'><strong>ldus</strong></span> <span class='ocrx_word' id='word_1_671' title='bbox 1339 5058 1506 5126; x_wconf 86' lang='lat' dir='ltr'><strong>April.</strong></span> <span class='ocrx_word' id='word_1_672' title='bbox 1555 5059 1807 5113; x_wconf 87' lang='lat' dir='ltr'><strong>scribitur</strong></span> <span class='ocrx_word' id='word_1_673' title='bbox 1834 5061 1924 5113; x_wconf 85' lang='lat' dir='ltr'><strong>de-</strong></span> 
     </span>
    </p>
   </div>
   <div class='ocr_carea' id='block_1_98' title="bbox 371 5128 1924 5195">
    <p class='ocr_par' dir='ltr' id='par_1_98' title="bbox 371 5128 1924 5195">
     <span class='ocr_line' id='line_1_98' title="bbox 371 5128 1924 5195; baseline -0.001 -11"><span class='ocrx_word' id='word_1_674' title='bbox 371 5131 615 5184; x_wconf 69' lang='lat' dir='ltr'><strong>cessisse.</strong></span> <span class='ocrx_word' id='word_1_675' title='bbox 645 5128 862 5183; x_wconf 75' lang='lat' dir='ltr'><strong>Przeluit</strong></span> <span class='ocrx_word' id='word_1_676' title='bbox 893 5130 1020 5195; x_wconf 83' lang='lat' dir='ltr'><strong>ergo</strong></span> <span class='ocrx_word' id='word_1_677' title='bbox 1047 5129 1196 5180; x_wconf 74' lang='lat' dir='ltr'><strong>annis</strong></span> <span class='ocrx_word' id='word_1_678' title='bbox 1224 5142 1328 5179; x_wconf 88' lang='lat' dir='ltr'><strong>non</strong></span> <span class='ocrx_word' id='word_1_679' title='bbox 1354 5137 1562 5195; x_wconf 80' lang='lat' dir='ltr'><strong>septem.</strong></span> <span class='ocrx_word' id='word_1_680' title='bbox 1592 5130 1682 5182; x_wconf 88' lang='lat' dir='ltr'><strong>sed</strong></span> <span class='ocrx_word' id='word_1_681' title='bbox 1708 5129 1924 5183; x_wconf 89' lang='lat' dir='ltr'><strong>circiter</strong></span> 
     </span>
    </p>
   </div>
   <div class='ocr_carea' id='block_1_99' title="bbox 371 5196 1920 5269">
    <p class='ocr_par' dir='ltr' id='par_1_99' title="bbox 371 5196 1920 5269">
     <span class='ocr_line' id='line_1_99' title="bbox 371 5196 1920 5269; baseline 0 -18"><span class='ocrx_word' id='word_1_682' title='bbox 371 5199 631 5269; x_wconf 69' lang='lat' dir='ltr'><strong>tredecim.</strong></span> <span class='ocrx_word' id='word_1_683' title='bbox 666 5198 884 5269; x_wconf 78' lang='lat' dir='ltr'><strong>Reliqua</strong></span> <span class='ocrx_word' id='word_1_684' title='bbox 906 5197 1139 5269; x_wconf 79' lang='lat' dir='ltr'><strong>suggerit</strong></span> <span class='ocrx_word' id='word_1_685' title='bbox 1159 5197 1438 5269; x_wconf 62' lang='lat' dir='ltr'><strong>Brovverus</strong></span> <span class='ocrx_word' id='word_1_686' title='bbox 1466 5197 1518 5249; x_wconf 91' lang='lat' dir='ltr'><strong>in</strong></span> <span class='ocrx_word' id='word_1_687' title='bbox 1549 5196 1920 5264; x_wconf 90' lang='lat' dir='ltr'><strong>Fuldensibus,</strong></span> 
     </span>
    </p>
   </div>
   <div class='ocr_carea' id='block_1_100' title="bbox 371 5265 1924 5334">
    <p class='ocr_par' dir='ltr' id='par_1_100' title="bbox 371 5265 1924 5334">
     <span class='ocr_line' id='line_1_100' title="bbox 371 5265 1924 5334; baseline 0 -13"><span class='ocrx_word' id='word_1_688' title='bbox 371 5268 456 5321; x_wconf 92' lang='lat' dir='ltr'><strong>cui</strong></span> <span class='ocrx_word' id='word_1_689' title='bbox 479 5267 562 5321; x_wconf 87' lang='lat' dir='ltr'><strong>his</strong></span> <span class='ocrx_word' id='word_1_690' title='bbox 580 5265 873 5323; x_wconf 81' lang='lat' dir='ltr'><strong>Annalibus</strong></span> <span class='ocrx_word' id='word_1_691' title='bbox 900 5265 1097 5322; x_wconf 75' lang='lat' dir='ltr'><strong>certior</strong></span> <span class='ocrx_word' id='word_1_692' title='bbox 1125 5267 1211 5319; x_wconf 80' lang='lat' dir='ltr'><strong>lux</strong></span> <span class='ocrx_word' id='word_1_693' title='bbox 1237 5265 1467 5334; x_wconf 82' lang='lat' dir='ltr'><strong>effulget,</strong></span> <span class='ocrx_word' id='word_1_694' title='bbox 1498 5281 1658 5334; x_wconf 90' lang='lat' dir='ltr'><strong>quam</strong></span> <span class='ocrx_word' id='word_1_695' title='bbox 1687 5281 1750 5319; x_wconf 86' lang='lat' dir='ltr'><strong>ex</strong></span> <span class='ocrx_word' id='word_1_696' title='bbox 1779 5276 1924 5321; x_wconf 84' lang='lat' dir='ltr'><strong>vete-</strong></span> 
     </span>
    </p>
   </div>
   <div class='ocr_carea' id='block_1_101' title="bbox 375 5335 1922 5404">
    <p class='ocr_par' dir='ltr' id='par_1_101' title="bbox 375 5335 1922 5404">
     <span class='ocr_line' id='line_1_101' title="bbox 375 5335 1922 5404; baseline 0.001 -16"><span class='ocrx_word' id='word_1_697' title='bbox 375 5350 492 5388; x_wconf 87' lang='lat' dir='ltr'><strong>rum</strong></span> <span class='ocrx_word' id='word_1_698' title='bbox 529 5336 781 5390; x_wconf 87' lang='lat' dir='ltr'><strong>abbatum</strong></span> <span class='ocrx_word' id='word_1_699' title='bbox 811 5338 1049 5404; x_wconf 81' lang='lat' dir='ltr'><strong>catalogo</strong></span> <span class='ocrx_word' id='word_1_700' title='bbox 1072 5352 1171 5391; x_wconf 91' lang='lat' dir='ltr'><strong>ms.</strong></span> <span class='ocrx_word' id='word_1_701' title='bbox 1205 5336 1372 5388; x_wconf 90' lang='lat' dir='ltr'><strong>relato</strong></span> <span class='ocrx_word' id='word_1_702' title='bbox 1396 5337 1446 5388; x_wconf 92' lang='lat' dir='ltr'><strong>in</strong></span> <span class='ocrx_word' id='word_1_703' title='bbox 1477 5335 1689 5389; x_wconf 85' lang='lat' dir='ltr'><strong>scholiis</strong></span> <span class='ocrx_word' id='word_1_704' title='bbox 1716 5337 1778 5389; x_wconf 90' lang='lat' dir='ltr'><strong>ad</strong></span> <span class='ocrx_word' id='word_1_705' title='bbox 1801 5351 1922 5404; x_wconf 90' lang='lat' dir='ltr'><strong>poe-</strong></span> 
     </span>
    </p>
   </div>
   <div class='ocr_carea' id='block_1_102' title="bbox 373 5404 1918 5473">
    <p class='ocr_par' dir='ltr' id='par_1_102' title="bbox 373 5404 1918 5473">
     <span class='ocr_line' id='line_1_102' title="bbox 373 5404 1918 5473; baseline 0.001 -16"><span class='ocrx_word' id='word_1_706' title='bbox 373 5413 514 5457; x_wconf 87' lang='lat' dir='ltr'><strong>mata</strong></span> <span class='ocrx_word' id='word_1_707' title='bbox 543 5404 768 5469; x_wconf 81' lang='lat' dir='ltr'><strong>Rabani,</strong></span> <span class='ocrx_word' id='word_1_708' title='bbox 801 5422 944 5458; x_wconf 89' lang='lat' dir='ltr'><strong>num.</strong></span> <span class='ocrx_word' id='word_1_709' title='bbox 972 5407 1056 5466; x_wconf 71' lang='lat'><strong>28,</strong></span> <span class='ocrx_word' id='word_1_710' title='bbox 1094 5406 1180 5459; x_wconf 91' lang='lat' dir='ltr'><strong>ubi</strong></span> <span class='ocrx_word' id='word_1_711' title='bbox 1208 5405 1400 5460; x_wconf 85' lang='lat' dir='ltr'><strong>dicitur</strong></span> <span class='ocrx_word' id='word_1_712' title='bbox 1423 5420 1520 5473; x_wconf 90' lang='lat' dir='ltr'><strong>per</strong></span> <span class='ocrx_word' id='word_1_713' title='bbox 1547 5420 1713 5459; x_wconf 89' lang='lat' dir='ltr'><strong>annos</strong></span> <span class='ocrx_word' id='word_1_714' title='bbox 1738 5405 1808 5458; x_wconf 71' lang='grc'>22</span> <span class='ocrx_word' id='word_1_715' title='bbox 1835 5420 1918 5460; x_wconf 90' lang='lat' dir='ltr'><strong>re-</strong></span> 
     </span>
    </p>
   </div>
   <div class='ocr_carea' id='block_1_103' title="bbox 375 5473 1160 5537">
    <p class='ocr_par' dir='ltr' id='par_1_103' title="bbox 375 5473 1160 5537">
     <span class='ocr_line' id='line_1_103' title="bbox 375 5473 1160 5537; baseline 0.005 -14"><span class='ocrx_word' id='word_1_716' title='bbox 375 5473 538 5537; x_wconf 76' lang='lat' dir='ltr'><strong>xisse,</strong></span> <span class='ocrx_word' id='word_1_717' title='bbox 566 5475 634 5527; x_wconf 88' lang='lat' dir='ltr'><strong>ab</strong></span> <span class='ocrx_word' id='word_1_718' title='bbox 657 5489 794 5528; x_wconf 88' lang='lat' dir='ltr'><strong>anno</strong></span> <span class='ocrx_word' id='word_1_719' title='bbox 827 5475 918 5528; x_wconf 75' lang='lat' dir='ltr'><strong>8-H</strong></span> <span class='ocrx_word' id='word_1_720' title='bbox 953 5476 1017 5527; x_wconf 91' lang='lat' dir='ltr'><strong>ad</strong></span> <span class='ocrx_word' id='word_1_721' title='bbox 1038 5475 1160 5529; x_wconf 72' lang='lat'><strong>862.</strong></span> 
     </span>
    </p>
   </div>
   <div class='ocr_carea' id='block_1_104' title="bbox 431 5541 1919 5615">
    <p class='ocr_par' dir='ltr' id='par_1_104' title="bbox 431 5541 1919 5615">
     <span class='ocr_line' id='line_1_104' title="bbox 431 5541 1919 5615; baseline 0.002 -20"><span class='ocrx_word' id='word_1_722' title='bbox 431 5551 468 5580; x_wconf 61' lang='grc' dir='ltr'>ἐ</span> <span class='ocrx_word' id='word_1_723' title='bbox 500 5541 610 5615; x_wconf 84' lang='lat' dir='ltr'><strong>lmo</strong></span> <span class='ocrx_word' id='word_1_724' title='bbox 627 5544 854 5615; x_wconf 77' lang='lat' dir='ltr'><strong>primus.</strong></span> <span class='ocrx_word' id='word_1_725' title='bbox 901 5544 1032 5596; x_wconf 86' lang='lat' dir='ltr'><strong>Nam</strong></span> <span class='ocrx_word' id='word_1_726' title='bbox 1079 5544 1264 5615; x_wconf 78' lang='lat' dir='ltr'><strong>Sergio</strong></span> <span class='ocrx_word' id='word_1_727' title='bbox 1296 5546 1398 5615; x_wconf 81' lang='lat' dir='ltr'><strong>hoc</strong></span> <span class='ocrx_word' id='word_1_728' title='bbox 1441 5561 1580 5599; x_wconf 90' lang='lat' dir='ltr'><strong>anno</strong></span> <span class='ocrx_word' id='word_1_729' title='bbox 1613 5547 1712 5602; x_wconf 63' lang='lat'><strong>847</strong></span> <span class='ocrx_word' id='word_1_730' title='bbox 1748 5545 1919 5614; x_wconf 87' lang='lat' dir='ltr'><strong>pridie</strong></span> 
     </span>
    </p>
   </div>
   <div class='ocr_carea' id='block_1_105' title="bbox 377 5607 1918 5680">
    <p class='ocr_par' dir='ltr' id='par_1_105' title="bbox 377 5607 1918 5680">
     <span class='ocr_line' id='line_1_105' title="bbox 377 5607 1918 5680; baseline 0.004 -20"><span class='ocrx_word' id='word_1_731' title='bbox 377 5607 497 5680; x_wconf 80' lang='lat' dir='ltr'><strong>ldus</strong></span> <span class='ocrx_word' id='word_1_732' title='bbox 513 5607 680 5680; x_wconf 81' lang='lat' dir='ltr'><strong>April.</strong></span> <span class='ocrx_word' id='word_1_733' title='bbox 710 5611 972 5672; x_wconf 87' lang='lat' dir='ltr'><strong>defuncto,</strong></span> <span class='ocrx_word' id='word_1_734' title='bbox 1003 5607 1207 5668; x_wconf 51' lang='lat' dir='ltr'><strong>eodem&#39;</strong></span> <span class='ocrx_word' id='word_1_735' title='bbox 1221 5615 1304 5668; x_wconf 89' lang='lat' dir='ltr'><strong>die</strong></span> <span class='ocrx_word' id='word_1_736' title='bbox 1328 5613 1436 5669; x_wconf 90' lang='lat' dir='ltr'><strong>Leo</strong></span> <span class='ocrx_word' id='word_1_737' title='bbox 1471 5607 1918 5670; x_wconf 55' lang='lat' dir='ltr'><strong>successithna-</strong></span> 
     </span>
    </p>
   </div>
   <div class='ocr_carea' id='block_1_106' title="bbox 376 5679 1878 5757">
    <p class='ocr_par' dir='ltr' id='par_1_106' title="bbox 376 5679 1878 5757">
     <span class='ocr_line' id='line_1_106' title="bbox 376 5679 1878 5757; baseline 0.003 -25"><span class='ocrx_word' id='word_1_738' title='bbox 376 5679 573 5754; x_wconf 73' lang='lat' dir='ltr'><strong>stasius</strong></span> <span class='ocrx_word' id='word_1_739' title='bbox 592 5681 1049 5757; x_wconf 59' lang='lat' dir='ltr'><strong>Bibliothecatjius,</strong></span> <span class='ocrx_word' id='word_1_740' title='bbox 1077 5693 1129 5738; x_wconf 90' lang='lat' dir='ltr'><strong>et</strong></span> <span class='ocrx_word' id='word_1_741' title='bbox 1156 5698 1221 5740; x_wconf 79' lang='lat' dir='ltr'><strong>ex</strong></span> <span class='ocrx_word' id='word_1_742' title='bbox 1247 5698 1310 5739; x_wconf 89' lang='lat' dir='ltr'><strong>eo</strong></span> <span class='ocrx_word' id='word_1_743' title='bbox 1334 5683 1622 5752; x_wconf 87' lang='lat' dir='ltr'><strong>Baronius,</strong></span> <span class='ocrx_word' id='word_1_744' title='bbox 1653 5699 1796 5737; x_wconf 91' lang='lat' dir='ltr'><strong>num.</strong></span> <span class='ocrx_word' id='word_1_745' title='bbox 1830 5684 1878 5736; x_wconf 88' lang='lat'><strong>7.</strong></span> 
     </span>
    </p>
   </div>
   <div class='ocr_carea' id='block_1_107' title="bbox 2032 4511 3388 4570">
    <p class='ocr_par' dir='ltr' id='par_1_107' title="bbox 2032 4511 3388 4570">
     <span class='ocr_line' id='line_1_107' title="bbox 2032 4511 3388 4570; baseline -0.004 0"><span class='ocrx_word' id='word_1_746' title='bbox 2032 4511 2215 4570; x_wconf 76' lang='lat' dir='ltr'><strong>aliqui.</strong></span> <span class='ocrx_word' id='word_1_747' title='bbox 3384 4561 3388 4565; x_wconf 89' lang='lat'><strong>.</strong></span> 
     </span>
    </p>
   </div>
   <div class='ocr_carea' id='block_1_108' title="bbox 2105 4530 3600 4648">
    <p class='ocr_par' dir='ltr' id='par_1_108' title="bbox 2105 4530 3600 4648">
     <span class='ocr_line' id='line_1_108' title="bbox 2105 4530 3600 4648; baseline 0.002 -13"><span class='ocrx_word' id='word_1_748' title='bbox 2105 4530 2354 4636; x_wconf 52' lang='lat' dir='ltr'><strong>glutinum.</strong></span> <span class='ocrx_word' id='word_1_749' title='bbox 2407 4579 2734 4635; x_wconf 83' lang='lat' dir='ltr'><strong>Fuldenses:</strong></span> <span class='ocrx_word' id='word_1_750' title='bbox 2771 4599 2788 4631; x_wconf 87' lang='grc'><strong><em>‹</em></strong></span> <span class='ocrx_word' id='word_1_751' title='bbox 2841 4580 2899 4634; x_wconf 90' lang='lat' dir='ltr'><strong>ln</strong></span> <span class='ocrx_word' id='word_1_752' title='bbox 2945 4580 3132 4635; x_wconf 91' lang='lat' dir='ltr'><strong>eodem</strong></span> <span class='ocrx_word' id='word_1_753' title='bbox 3181 4595 3344 4645; x_wconf 91' lang='lat' dir='ltr'><strong>anno,</strong></span> <span class='ocrx_word' id='word_1_754' title='bbox 3375 4561 3600 4648; x_wconf 87' lang='lat' dir='ltr'><strong>jubente</strong></span> 
     </span>
    </p>
   </div>
   <div class='ocr_carea' id='block_1_109' title="bbox 2029 4649 3600 4721">
    <p class='ocr_par' dir='ltr' id='par_1_109' title="bbox 2029 4649 3600 4721">
     <span class='ocr_line' id='line_1_109' title="bbox 2029 4649 3600 4721; baseline -0.001 -13"><span class='ocrx_word' id='word_1_755' title='bbox 2029 4651 2299 4721; x_wconf 87' lang='lat' dir='ltr'><strong>Ludovico</strong></span> <span class='ocrx_word' id='word_1_756' title='bbox 2330 4651 2642 4721; x_wconf 82' lang='lat' dir='ltr'><strong>rege,_apud</strong></span> <span class='ocrx_word' id='word_1_757' title='bbox 2685 4649 3076 4721; x_wconf 82' lang='lat' dir='ltr'><strong>Moguntiacum</strong></span> <span class='ocrx_word' id='word_1_758' title='bbox 3115 4653 3377 4720; x_wconf 78' lang='lat' dir='ltr'><strong>synodum</strong></span> <span class='ocrx_word' id='word_1_759' title='bbox 3412 4653 3600 4707; x_wconf 86' lang='lat' dir='ltr'><strong>habuit</strong></span> 
     </span>
    </p>
   </div>
   <div class='ocr_carea' id='block_1_110' title="bbox 2029 4665 2696 4777">
    <p class='ocr_par' dir='ltr' id='par_1_110' title="bbox 2029 4665 2696 4777">
     <span class='ocr_line' id='line_1_110' title="bbox 2030 4665 2696 4718; baseline -0.009 -10"><span class='ocrx_word' id='word_1_760' title='bbox 2030 4665 2299 4708; x_wconf 83' lang='lat' dir='ltr'><strong>Ludovico</strong></span> <span class='ocrx_word' id='word_1_761' title='bbox 2330 4666 2387 4704; x_wconf 90' lang='lat' dir='ltr'><strong>re</strong></span> <span class='ocrx_word' id='word_1_762' title='bbox 2425 4665 2474 4713; x_wconf 94' lang='lat' dir='ltr'><strong>e,</strong></span> <span class='ocrx_word' id='word_1_763' title='bbox 2504 4665 2642 4718; x_wconf 87' lang='lat' dir='ltr'><strong>apuo</strong></span> <span class='ocrx_word' id='word_1_764' title='bbox 2685 4665 2696 4702; x_wconf 77' lang='grc' dir='ltr'><strong>ι</strong></span> 
     </span>
     <span class='ocr_line' id='line_1_111' title="bbox 2029 4665 2696 4777; baseline -0.01 0"><span class='ocrx_word' id='word_1_765' title='bbox 2029 4724 2173 4777; x_wconf 84' lang='lat' dir='ltr'><strong>circa</strong></span> <span class='ocrx_word' id='word_1_766' title='bbox 2205 4665 2425 4775; x_wconf 52' lang='lat' dir='ltr'><strong>Kalemf.</strong></span> <span class='ocrx_word' id='word_1_767' title='bbox 2460 4719 2647 4774; x_wconf 90' lang='lat' dir='ltr'><strong>Octob.</strong></span> <span class='ocrx_word' id='word_1_768' title='bbox 2678 4738 2696 4769; x_wconf 77' lang='grc' dir='ltr'><strong>ι</strong></span> 
     </span>
    </p>
   </div>
   <div class='ocr_carea' id='block_1_111' title="bbox 2105 4789 3597 4858">
    <p class='ocr_par' dir='ltr' id='par_1_111' title="bbox 2105 4789 3597 4858">
     <span class='ocr_line' id='line_1_112' title="bbox 2105 4789 3597 4858; baseline 0.001 -14"><span class='ocrx_word' id='word_1_769' title='bbox 2105 4791 2124 4830; x_wconf 73' lang='grc' dir='ltr'><strong>ί</strong></span> <span class='ocrx_word' id='word_1_770' title='bbox 2157 4791 2282 4844; x_wconf 65' lang='lat' dir='ltr'><strong>Huic</strong></span> <span class='ocrx_word' id='word_1_771' title='bbox 2324 4789 2610 4858; x_wconf 88' lang='lat' dir='ltr'><strong>descripsit</strong></span> <span class='ocrx_word' id='word_1_772' title='bbox 2639 4803 2706 4842; x_wconf 83' lang='lat' dir='ltr'><strong>ex</strong></span> <span class='ocrx_word' id='word_1_773' title='bbox 2754 4789 2952 4843; x_wconf 89' lang='lat' dir='ltr'><strong>eisdem</strong></span> <span class='ocrx_word' id='word_1_774' title='bbox 2995 4789 3210 4849; x_wconf 79' lang='lat' dir='ltr'><strong>Annal.,</strong></span> <span class='ocrx_word' id='word_1_775' title='bbox 3260 4789 3348 4843; x_wconf 89' lang='lat' dir='ltr'><strong>ubi</strong></span> <span class='ocrx_word' id='word_1_776' title='bbox 3402 4790 3597 4845; x_wconf 87' lang='lat' dir='ltr'><strong>dicitur</strong></span> 
     </span>
    </p>
   </div>
   <div class='ocr_carea' id='block_1_112' title="bbox 2027 4857 3593 4926">
    <p class='ocr_par' dir='ltr' id='par_1_112' title="bbox 2027 4857 3593 4926">
     <span class='ocr_line' id='line_1_113' title="bbox 2027 4857 3593 4926; baseline -0.001 -11"><span class='ocrx_word' id='word_1_777' title='bbox 2027 4861 2220 4915; x_wconf 77' lang='lat' dir='ltr'><strong>venisse</strong></span> <span class='ocrx_word' id='word_1_778' title='bbox 2246 4859 2432 4912; x_wconf 87' lang='lat' dir='ltr'><strong>mulier</strong></span> <span class='ocrx_word' id='word_1_779' title='bbox 2450 4857 2513 4912; x_wconf 76' lang='lat' dir='ltr'><strong>ea:</strong></span> <span class='ocrx_word' id='word_1_780' title='bbox 2541 4857 2858 4912; x_wconf 74' lang='lat' dir='ltr'><strong>Alemanniae</strong></span> <span class='ocrx_word' id='word_1_781' title='bbox 2876 4859 3126 4926; x_wconf 83' lang='lat' dir='ltr'><strong>partibus,</strong></span> <span class='ocrx_word' id='word_1_782' title='bbox 3156 4860 3359 4910; x_wconf 86' lang='lat' dir='ltr'><strong>nomine</strong></span> <span class='ocrx_word' id='word_1_783' title='bbox 3388 4858 3593 4914; x_wconf 77' lang='lat' dir='ltr'><strong>Thiota.</strong></span> 
     </span>
    </p>
   </div>
   <div class='ocr_carea' id='block_1_113' title="bbox 2029 4926 3596 4985">
    <p class='ocr_par' dir='ltr' id='par_1_113' title="bbox 2029 4926 3596 4985">
     <span class='ocr_line' id='line_1_114' title="bbox 2029 4926 3596 4985; baseline 0.001 -2"><span class='ocrx_word' id='word_1_784' title='bbox 2029 4931 2286 4983; x_wconf 87' lang='lat' dir='ltr'><strong>Eamdem</strong></span> <span class='ocrx_word' id='word_1_785' title='bbox 2314 4929 2593 4982; x_wconf 90' lang='lat' dir='ltr'><strong>historiam</strong></span> <span class='ocrx_word' id='word_1_786' title='bbox 2641 4927 2806 4981; x_wconf 89' lang='lat' dir='ltr'><strong>refert</strong></span> <span class='ocrx_word' id='word_1_787' title='bbox 2851 4927 3176 4982; x_wconf 89' lang='lat' dir='ltr'><strong>Trithemius</strong></span> <span class='ocrx_word' id='word_1_788' title='bbox 3227 4927 3279 4980; x_wconf 90' lang='lat' dir='ltr'><strong>in</strong></span> <span class='ocrx_word' id='word_1_789' title='bbox 3326 4926 3596 4985; x_wconf 88' lang='lat' dir='ltr'><strong>Chronico</strong></span> 
     </span>
    </p>
   </div>
   <div class='ocr_carea' id='block_1_114' title="bbox 2029 4996 2867 5068">
    <p class='ocr_par' dir='ltr' id='par_1_114' title="bbox 2029 4996 2867 5068">
     <span class='ocr_line' id='line_1_115' title="bbox 2029 4996 2867 5068; baseline -0.006 -16"><span class='ocrx_word' id='word_1_790' title='bbox 2029 4998 2395 5068; x_wconf 77' lang='lat' dir='ltr'><strong>Ilirsaugiensi</strong></span> <span class='ocrx_word' id='word_1_791' title='bbox 2424 4998 2491 5051; x_wconf 92' lang='lat' dir='ltr'><strong>ad</strong></span> <span class='ocrx_word' id='word_1_792' title='bbox 2519 5011 2713 5068; x_wconf 85' lang='lat' dir='ltr'><strong>annum</strong></span> <span class='ocrx_word' id='word_1_793' title='bbox 2743 4996 2867 5068; x_wconf 69' lang='lat'><strong>848.</strong></span> 
     </span>
    </p>
   </div>
   <div class='ocr_carea' id='block_1_115' title="bbox 2102 5065 3591 5136">
    <p class='ocr_par' dir='ltr' id='par_1_115' title="bbox 2102 5065 3591 5136">
     <span class='ocr_line' id='line_1_116' title="bbox 2102 5065 3591 5136; baseline 0.002 -16"><span class='ocrx_word' id='word_1_794' title='bbox 2102 5065 2306 5121; x_wconf 62' lang='lat' dir='ltr'><strong>BAn&#39;no</strong></span> <span class='ocrx_word' id='word_1_795' title='bbox 2355 5066 2597 5136; x_wconf 85' lang='lat' dir='ltr'><strong>sequenti</strong></span> <span class='ocrx_word' id='word_1_796' title='bbox 2637 5065 2689 5118; x_wconf 91' lang='lat' dir='ltr'><strong>in</strong></span> <span class='ocrx_word' id='word_1_797' title='bbox 2739 5065 2839 5118; x_wconf 89' lang='lat' dir='ltr'><strong>alia</strong></span> <span class='ocrx_word' id='word_1_798' title='bbox 2886 5065 3088 5134; x_wconf 82' lang='lat' dir='ltr'><strong>synodo</strong></span> <span class='ocrx_word' id='word_1_799' title='bbox 3135 5065 3421 5122; x_wconf 85' lang='lat' dir='ltr'><strong>damnatus</strong></span> <span class='ocrx_word' id='word_1_800' title='bbox 3471 5068 3591 5135; x_wconf 88' lang='lat' dir='ltr'><strong>fuit,</strong></span> 
     </span>
    </p>
   </div>
   <div class='ocr_carea' id='block_1_116' title="bbox 2027 5137 2512 5192">
    <p class='ocr_par' dir='ltr' id='par_1_116' title="bbox 2027 5137 2512 5192">
     <span class='ocr_line' id='line_1_117' title="bbox 2027 5137 2512 5192; baseline -0.008 0"><span class='ocrx_word' id='word_1_801' title='bbox 2027 5146 2086 5192; x_wconf 94' lang='lat' dir='ltr'><strong>ut</strong></span> <span class='ocrx_word' id='word_1_802' title='bbox 2106 5152 2266 5192; x_wconf 80' lang='lat' dir='ltr'><strong>supra</strong></span> <span class='ocrx_word' id='word_1_803' title='bbox 2295 5137 2512 5191; x_wconf 90' lang='lat' dir='ltr'><strong>dictum.</strong></span> 
     </span>
    </p>
   </div>
   <div class='ocr_carea' id='block_1_117' title="bbox 2097 5202 3592 5268">
    <p class='ocr_par' dir='ltr' id='par_1_117' title="bbox 2097 5202 3592 5268">
     <span class='ocr_line' id='line_1_118' title="bbox 2097 5202 3592 5268; baseline 0.001 -9"><span class='ocrx_word' id='word_1_804' title='bbox 2097 5208 2122 5246; x_wconf 77' lang='grc' dir='ltr'><strong>ιι</strong></span> <span class='ocrx_word' id='word_1_805' title='bbox 2157 5202 2266 5260; x_wconf 76' lang='lat' dir='ltr'><strong>fmo</strong></span> <span class='ocrx_word' id='word_1_806' title='bbox 2309 5216 2362 5259; x_wconf 91' lang='lat' dir='ltr'><strong>et</strong></span> <span class='ocrx_word' id='word_1_807' title='bbox 2395 5203 2684 5258; x_wconf 88' lang='lat' dir='ltr'><strong>monachus</strong></span> <span class='ocrx_word' id='word_1_808' title='bbox 2725 5203 3032 5257; x_wconf 83' lang='lat' dir='ltr'><strong>monasterii</strong></span> <span class='ocrx_word' id='word_1_809' title='bbox 3064 5202 3276 5268; x_wconf 84' lang='lat' dir='ltr'><strong>Orbaci,</strong></span> <span class='ocrx_word' id='word_1_810' title='bbox 3320 5205 3525 5259; x_wconf 89' lang='lat' dir='ltr'><strong>fundati</strong></span> <span class='ocrx_word' id='word_1_811' title='bbox 3559 5222 3592 5260; x_wconf 88' lang='lat' dir='ltr'><strong>a</strong></span> 
     </span>
    </p>
   </div>
   <div class='ocr_carea' id='block_1_118' title="bbox 2027 5272 3587 5343">
    <p class='ocr_par' dir='ltr' id='par_1_118' title="bbox 2027 5272 3587 5343">
     <span class='ocr_line' id='line_1_119' title="bbox 2027 5272 3587 5343; baseline -0.001 -13"><span class='ocrx_word' id='word_1_812' title='bbox 2027 5286 2210 5330; x_wconf 90' lang='lat' dir='ltr'><strong>sancto</strong></span> <span class='ocrx_word' id='word_1_813' title='bbox 2236 5275 2433 5343; x_wconf 82' lang='lat' dir='ltr'><strong>Regqu</strong></span> <span class='ocrx_word' id='word_1_814' title='bbox 2454 5272 2851 5342; x_wconf 83' lang='lat' dir='ltr'><strong>archiepiscopo</strong></span> <span class='ocrx_word' id='word_1_815' title='bbox 2875 5273 3159 5327; x_wconf 82' lang='lat' dir='ltr'><strong>Rhemensi</strong></span> <span class='ocrx_word' id='word_1_816' title='bbox 3190 5274 3242 5326; x_wconf 91' lang='lat' dir='ltr'><strong>in</strong></span> <span class='ocrx_word' id='word_1_817' title='bbox 3268 5289 3332 5329; x_wconf 89' lang='lat' dir='ltr'><strong>eo</strong></span> <span class='ocrx_word' id='word_1_818' title='bbox 3359 5275 3587 5343; x_wconf 87' lang='lat' dir='ltr'><strong>sepulto,</strong></span> 
     </span>
    </p>
   </div>
   <div class='ocr_carea' id='block_1_119' title="bbox 2020 5343 2763 5412">
    <p class='ocr_par' dir='ltr' id='par_1_119' title="bbox 2020 5343 2763 5412">
     <span class='ocr_line' id='line_1_120' title="bbox 2020 5343 2763 5412; baseline -0.008 -13"><span class='ocrx_word' id='word_1_819' title='bbox 2020 5347 2119 5399; x_wconf 86' lang='lat' dir='ltr'><strong>sub</strong></span> <span class='ocrx_word' id='word_1_820' title='bbox 2146 5346 2304 5398; x_wconf 83' lang='lat' dir='ltr'><strong>tinem</strong></span> <span class='ocrx_word' id='word_1_821' title='bbox 2328 5343 2533 5412; x_wconf 87' lang='lat' dir='ltr'><strong>septimi</strong></span> <span class='ocrx_word' id='word_1_822' title='bbox 2565 5343 2763 5394; x_wconf 71' lang='lat' dir='ltr'><strong>szcculi.</strong></span> 
     </span>
    </p>
   </div>
   <div class='ocr_carea' id='block_1_120' title="bbox 2098 5412 3580 5481">
    <p class='ocr_par' dir='ltr' id='par_1_120' title="bbox 2098 5412 3580 5481">
     <span class='ocr_line' id='line_1_121' title="bbox 2098 5412 3580 5481; baseline -0.001 -15"><span class='ocrx_word' id='word_1_823' title='bbox 2098 5417 2112 5454; x_wconf 75' lang='grc' dir='ltr'><strong>ί</strong></span> <span class='ocrx_word' id='word_1_824' title='bbox 2146 5415 2327 5468; x_wconf 82' lang='lat' dir='ltr'><strong>Potius</strong></span> <span class='ocrx_word' id='word_1_825' title='bbox 2361 5412 2648 5464; x_wconf 77' lang='lat' dir='ltr'><strong>Prouincia:</strong></span> <span class='ocrx_word' id='word_1_826' title='bbox 2691 5412 3139 5481; x_wconf 79' lang='lat' dir='ltr'><strong>archiepiscopalis</strong></span> <span class='ocrx_word' id='word_1_827' title='bbox 3170 5421 3226 5464; x_wconf 92' lang='lat' dir='ltr'><strong>ut</strong></span> <span class='ocrx_word' id='word_1_828' title='bbox 3260 5412 3371 5480; x_wconf 89' lang='lat' dir='ltr'><strong>jam</strong></span> <span class='ocrx_word' id='word_1_829' title='bbox 3415 5413 3580 5481; x_wconf 82' lang='lat' dir='ltr'><strong>loqui-</strong></span> 
     </span>
    </p>
   </div>
   <div class='ocr_carea' id='block_1_121' title="bbox 2019 5479 3589 5550">
    <p class='ocr_par' dir='ltr' id='par_1_121' title="bbox 2019 5479 3589 5550">
     <span class='ocr_line' id='line_1_122' title="bbox 2019 5479 3589 5550; baseline -0.004 -14"><span class='ocrx_word' id='word_1_830' title='bbox 2019 5499 2160 5546; x_wconf 91' lang='lat' dir='ltr'><strong>mur,</strong></span> <span class='ocrx_word' id='word_1_831' title='bbox 2190 5484 2326 5550; x_wconf 87' lang='lat' dir='ltr'><strong>quod</strong></span> <span class='ocrx_word' id='word_1_832' title='bbox 2354 5481 2617 5535; x_wconf 87' lang='lat' dir='ltr'><strong>Orbacum</strong></span> <span class='ocrx_word' id='word_1_833' title='bbox 2661 5482 2730 5534; x_wconf 93' lang='lat' dir='ltr'><strong>sit</strong></span> <span class='ocrx_word' id='word_1_834' title='bbox 2759 5479 3004 5534; x_wconf 62' lang='lat' dir='ltr'><strong>dumosis</strong></span> <span class='ocrx_word' id='word_1_835' title='bbox 3047 5479 3466 5535; x_wconf 84' lang='lat' dir='ltr'><strong>Suessionensis.</strong></span> <span class='ocrx_word' id='word_1_836' title='bbox 3488 5479 3589 5550; x_wconf 81' lang='lat' dir='ltr'><strong>Sic</strong></span> 
     </span>
    </p>
   </div>
   <div class='ocr_carea' id='block_1_122' title="bbox 2018 5546 3582 5620">
    <p class='ocr_par' dir='ltr' id='par_1_122' title="bbox 2018 5546 3582 5620">
     <span class='ocr_line' id='line_1_123' title="bbox 2018 5546 3582 5620; baseline -0.001 -15"><span class='ocrx_word' id='word_1_837' title='bbox 2018 5546 2273 5605; x_wconf 77' lang='lat' dir='ltr'><strong>diwcesim</strong></span> <span class='ocrx_word' id='word_1_838' title='bbox 2310 5565 2405 5620; x_wconf 82' lang='lat' dir='ltr'><strong>pro</strong></span> <span class='ocrx_word' id='word_1_839' title='bbox 2443 5550 2707 5620; x_wconf 69' lang='lat' dir='ltr'><strong>provincia</strong></span> <span class='ocrx_word' id='word_1_840' title='bbox 2748 5551 2942 5619; x_wconf 85' lang='lat' dir='ltr'><strong>accipit</strong></span> <span class='ocrx_word' id='word_1_841' title='bbox 2978 5551 3227 5606; x_wconf 72' lang='lat' dir='ltr'><strong>llabanus</strong></span> <span class='ocrx_word' id='word_1_842' title='bbox 3275 5551 3325 5604; x_wconf 91' lang='lat' dir='ltr'><strong>iu</strong></span> <span class='ocrx_word' id='word_1_843' title='bbox 3355 5546 3582 5620; x_wconf 85' lang='lat' dir='ltr'><strong>epistola</strong></span> 
     </span>
    </p>
   </div>
   <div class='ocr_carea' id='block_1_123' title="bbox 2020 5619 2932 5691">
    <p class='ocr_par' dir='ltr' id='par_1_123' title="bbox 2020 5619 2932 5691">
     <span class='ocr_line' id='line_1_124' title="bbox 2020 5619 2932 5691; baseline -0.003 -17"><span class='ocrx_word' id='word_1_844' title='bbox 2020 5621 2257 5691; x_wconf 81' lang='lat' dir='ltr'><strong>synodali</strong></span> <span class='ocrx_word' id='word_1_845' title='bbox 2285 5622 2348 5673; x_wconf 87' lang='lat' dir='ltr'><strong>ad</strong></span> <span class='ocrx_word' id='word_1_846' title='bbox 2379 5619 2701 5673; x_wconf 81' lang='lat' dir='ltr'><strong>Ludovicum</strong></span> <span class='ocrx_word' id='word_1_847' title='bbox 2737 5635 2932 5690; x_wconf 77' lang='lat' dir='ltr'><strong>regem.</strong></span> 
     </span>
    </p>
   </div>
  </div>
