3940 6328
403 282 473 344 99
1536 284 1631 339 an
1668 284 1891 343 orans
1927 286 1987 339 Β.
2027 281 2277 342 RABANI
2314 282 2531 345 naua]
3388 292 3393 297 '
3520 297 3621 355 too

391 406 659 449 errorem.
687 391 905 448 Dicebat
928 391 1071 447 enim
1111 399 1218 448 tam
1257 394 1425 450 bonos
1451 394 1517 449 ad
1549 396 1717 449 vitam
1744 404 1959 451 aeterna:
1985 400 2036 461 Α
2061 399 2113 452 in
2138 401 2413 470 proprium
2462 400 2764 472 pontiﬁcem
2811 404 3093 461 consilium
3134 407 3458 463 adunarunt.
3502 408 3627 465 Fuit

389 483 673 547 ,‘felicitatis
700 498 861 553 quam
889 483 1057 539 malos
1084 484 1149 538 ad
1192 494 1415 542 mortem
1444 493 1753 554 perpetuam
1798 487 1965 540 inevi—
2063 497 2238 543 autem
2267 490 2516 553 {tabanus
2540 490 2797 560 pontifex-
2817 476 2948 548 etin
2977 510 3035 549 se
3081 504 3279 563 rectus,
3308 496 3535 567 integer,
3567 508 3625 554 et

394 572 638 627 nabiliter
665 587 695 626 a
736 572 846 627 Deo
895 575 1298 642 prmdestinatos
1342 587 1499 638 esse;
1529 582 1711 630 etnec
1734 574 1838 629 illis
1865 591 1963 630 uo-
2057 576 2273 647 justus;
2305 578 2371 632 ad
2395 578 2634 633 subditos
2671 594 2799 635 vero
2840 582 3070 649 zelosus,
3099 592 3154 638 et
3199 585 3453 654 pastorali
3478 584 3629 640 solli-

388 678 544 728 tccre,
574 664 617 717 si
648 673 890 732 peccent,
922 679 1019 718 nec
1046 664 1197 717 malis
1239 670 1292 717 et
1316 663 1576 731 praescitis
1600 664 1873 733 prodesse,
1921 666 1967 720 si

388 752 470 807 ad
500 752 739 807 melioris
771 754 895 808 vita:
936 752 1259 822 propositum
1304 760 1707 825 convertantur,
1736 769 1801 809 eo
1827 755 1969 823 quod
2007 795 2011 798 ρ

406 844 743 914 providentia
774 844 867 899 Dei
894 844 1110 915 omnino
1137 844 1207 897 sit
1245 842 1557 899 infallibilis.
1587 844 1782 900 Contra
1808 861 1967 915 quem

405 935 747 990 beatissimus
786 932 1127 1001 archiprmsul
1170 932 1422 988 Rabanus
1450 949 1698 1003 campum
1727 935 1968 1005 disputa-

408 1024 570 1079 tionis
596 1023 758 1077 latum
790 1022 1079 1094 ingressus,
1109 1031 1218 1076 tam
1258 1022 1657 1093 Scripturarum
1688 1026 1971 1080 auctorita-

411 1123 460 1170 te
485 1129 645 1184 quam
672 1112 937 1167 evidentia
966 1114 1190 1168 rationis
1213 1127 1337 1168 eum
1365 1126 1546 1169 coram
1571 1114 1839 1180 omnibus,
1860 1114 1970 1169 Deo

405 1205 713 1268 auxiliante,
766 1204 1057 1274 superavit,
1106 1212 1161 1259 et
1190 1204 1241 1258 vi
1281 1205 1755 1274 argumentationis
1802 1210 1971 1274 usque

404 1295 538 1349 adeo
583 1293 815 1349 reddidit
856 1302 1085 1361 mutum,
1111 1294 1252 1364 quod
1282 1294 1415 1349 nihil
1457 1309 1557 1365 pro
1600 1308 1695 1349 sua
1722 1294 1971 1364 opinione

404 1385 633 1455 amplius
661 1384 835 1456 potuit
885 1383 1101 1439 inferre.
1148 1384 1466 1445 Benedictus
1495 1399 1592 1453 per
1624 1384 1802 1438 omnia
1830 1382 1971 1438 Deus

404 1474 494 1543 qui
519 1473 1030 1544 perniciosissimum
1064 1472 1253 1543 dogma
1301 1473 1523 1537 erroris,
1558 1486 1654 1541 per
1693 1486 1755 1526 os
1784 1470 1973 1525 famuli

404 1566 489 1620 sui
520 1564 729 1621 Rabani
774 1563 1090 1621 confutavit.
1132 1562 1546 1618 Rationabiliter
1583 1563 1761 1631 itaque
1790 1576 1820 1615 a
1850 1576 1973 1621 san-

406 1662 495 1709 cto
516 1653 739 1709 Rabauo
759 1652 1055 1717 convictus,
1078 1660 1379 1722 superatus,
1403 1658 1466 1706 et
1490 1650 1744 1707 confusus
1772 1650 1825 1705 in
1844 1665 1974 1706 con-

2065 668 2299 723 citudine
2325 668 2781 738 vigilantissimus,
2809 673 2900 741 qui
2924 688 3047 728 cum
3088 675 3328 731 ecclesiae
3352 674 3634 732 ministros

2066 756 2135 810 ad
2161 755 2455 829 canonieas
2484 758 2913 824 constitutiones,
2960 761 3113 831 juxta
3137 762 3298 818 ollieii
3343 765 3628 829 rationem,

2064 844 2223 899 vellet
2250 846 2528 911 reducere,
2556 862 2843 916 pravorum
2864 858 3052 905 contra
3081 867 3139 907 se
3164 861 3371 910 mentes
3394 856 3633 926 graviter

2066 933 2313 988 irritavit.
2345 935 2536 1015 Etnisi
2578 936 2913 1021 providentia
2964 940 3161 1008 divina,
3191 958 3310 1012 qua:
3356 958 3629 1014 nunquam

2066 1024 2120 1079 in
2151 1040 2245 1080 sua
2275 1026 2623 1095 dispositione
2652 1025 2872 1099 fallitur,
2901 1024 3059 1085 aliter
3082 1032 3401 1097 ordinasset,
3430 1048 3623 1089 manus

2066 1112 2350 1182 impiorum
2396 1113 2629 1185 effugere
2678 1114 2897 1170 minime
2942 1112 3222 1186 potuisset.
3278 1119 3379 1174 Sed
3425 1138 3527 1176 non
3556 1131 3632 1175 est

2067 1202 2337 1256 consilium
2361 1204 2582 1258 hominis
2621 1214 2803 1258 contra
2840 1203 3005 1259 Deum
3048 1205 3228 1277 (Prov.
3252 1207 3387 1278 ut).
3430 1210 3634 1265 Eodem

2067 1306 2301 1360 namque
2344 1298 2585 1362 tempore
2634 1291 2887 1348 Rabanus
2946 1294 3378 1366 archiepiscopus
3428 1297 3636 1368 synodo

2068 1376 2405 1452 praesidebat,
2434 1382 2573 1450 apud
2602 1392 2846 1459 sanctum
2887 1382 3169 1448 Albanum,
3210 1384 3511 1442 Ludovicus
3536 1402 3635 1460 rex

2069 1474 2124 1528 in
2173 1474 2389 1528 civitate
2440 1472 2739 1547 Mdguntina
2794 1489 3077 1542 procerum
3128 1476 3276 1546 regni
3332 1476 3640 1533 celebrabat

2066 1570 2408 1628 conventum,
2441 1564 2533 1633 qui
2562 1563 2807 1619 homines
2833 1565 3005 1620 sancti
3046 1564 3272 1631 Rabani,
3322 1574 3383 1621 ut
3425 1566 3635 1638 Regina

2076 1665 2101 1693 ο
2136 1662 2362 1709 testatur
2389 1654 2444 1709 in
2472 1654 2761 1721 chronicis,
2791 1655 3159 1726 conspirantes
3181 1657 3435 1711 adversus
3466 1658 3643 1713 domi-

407 1753 593 1813 spectu
635 1742 1027 1813 episcoporum,
1079 1741 1351 1807 abbatum,
1402 1749 1457 1795 et
1505 1748 1821 1795 cancrorum
1863 1755 1981 1795 om-
2005 1745 2054 1805 B
2081 1760 2208 1799 num
2234 1760 2408 1809 suum,
2429 1744 2641 1815 publice
2665 1745 2959 1811 convictos,
2984 1762 3103 1805 cum
3142 1760 3207 1801 eo
3232 1746 3551 1817 paciﬁcavit,
3581 1758 3642 1804 et

405 1834 577 1899 nium,
636 1832 730 1904 qui
780 1827 931 1889 fuere
977 1840 1287 1902 praesentes,
1331 1832 1718 1888 correctionem
1770 1847 1977 1887 assum-

396 1926 532 1999 psit,
585 1940 934 1997 erroremque
978 1941 1134 1981 suum
1181 1938 1209 1967 ι
1243 1924 1453 1996 publice
1496 1926 1525 1965 ιι
1563 1925 1851 1980 revocavit.
1900 1924 1977 1985 De

398 2018 672 2075 sententia
725 2032 855 2073 vero
906 2018 1091 2088 synodi
1146 2026 1346 2072 sanctte
1389 2016 1457 2070 ad
1508 2017 1813 2086 episcopum
1854 2030 1978 2086 pro-

404 2108 581 2180 prium
633 2106 981 2183 Hincmarum
1038 2106 1260 2181 Rbemis
1311 2106 1658 2161 transmissus
1701 2114 1803 2169 est,
1851 2106 1977 2160 dato

402 2199 556 2269 prius
570 2198 880 2269 iuramento
904 2196 1350 2262 conﬁrmationis,
1377 2211 1446 2250 ne
1480 2196 1533 2250 in
1560 2210 1782 2267 regnum
1808 2194 1980 2252 Ludo-

303 2278 311 2286 ’
402 2288 531 2355 vlci,
561 2290 665 2345 hoc
694 2299 777 2345 est
801 2287 1199 2353 Germanicum,
1245 2286 1473 2355 amplius
1509 2285 1727 2340 rediret.
1758 2296 1782 2324 ο
1814 2283 1977 2339 Multa

405 2394 622 2450 quoque
644 2379 698 2433 in
720 2378 908 2434 eadem
943 2378 1146 2450 synodo
1165 2386 1219 2432 et
1263 2376 1364 2432 alia
1403 2375 1619 2432 fuerunt
1654 2375 1856 2431 utiliter
1878 2374 1975 2431 de-

402 2477 576 2534 creta,
598 2483 718 2538 quae
748 2468 873 2523 alibi
897 2467 1178 2522 habentur.

477 2556 680 2614 Verum
726 2556 940 2612 silentio
979 2554 1411 2625 praetereundum
1442 2561 1692 2621 nonest,
1723 2554 1975 2623 quemad-

406 2647 625 2704 modum
651 2645 827 2701 omnis
855 2644 980 2700 boni
1010 2644 1181 2699 hostis
1206 2653 1263 2698 et
1287 2644 1557 2723 ininiicus,
1586 2642 1828 2698 diabolus
1855 2657 1977 2698 san-

405 2738 507 2792 ctis
534 2736 740 2791 Rabani
770 2735 964 2790 studiis
1006 2735 1389 2789 adversabatur
1417 2734 1472 2787 in
1514 2734 1761 2789 omnibus
1795 2734 1881 2788 die
1913 2748 1979 2788 ac

407 2832 568 2880 nocte
591 2840 607 2899 ;‘
656 2837 904 2899 qumrens
932 2828 987 2875 et
1030 2822 1323 2876 observans
1349 2819 1466 2889 eius
1503 2821 1625 2875 vitae
1654 2821 1891 2886 semitas,
1917 2828 1979 2875 ut

403 2928 531 2969 eum
559 2896 640 2967 vel
671 2927 702 2966 a
728 2895 1030 2966 sanctitatis
1084 2918 1361 2965 revocaret
1409 2909 1703 2980 proposito,
1752 2909 1839 2965 vel
1876 2925 1979 2980 pn—

404 3001 561 3057 blicze
582 3002 700 3056 neci
721 3009 1031 3071 exponeret,
1061 3008 1155 3055 aut
1176 2998 1475 3055 confusioni
1496 2999 1782 3070 personali.
1814 2988 1921 3055 Nec
1944 3014 1975 3053 a

2077 1830 2365 1906 unicuique
2409 1851 2507 1907 pro
2565 1850 2817 1892 mensura
2862 1837 3043 1894 delicti
3093 1837 3511 1895 satisfactionem
3556 1840 3635 1896 in-

2069 1926 2269 1998 iunxit.
3576 1928 3584 1935 ‘

2146 2017 2299 2072 Anno
2324 2025 2447 2087 post
2482 2018 2596 2072 haec
2649 2014 2938 2073 Dominicaa
2973 2018 3267 2076 nativitatis
3306 2019 3640 2092 octingente-

2058 2106 2212 2161 ‘simo
2231 2105 2670 2177 quinquagesimo
2688 2106 2945 2173 secundo,
2965 2107 3254 2163 indictione
3275 2108 3641 2165 Romanorum

2075 2182 2493 2267 quintadecima,
2547 2197 2637 2266 qui
2684 2194 2787 2252 fuit
2826 2196 3173 2266 pontiﬁcatus
3234 2198 3380 2257 beati
3419 2198 3641 2257 .Babani

2076 2284 2294 2357 quintus
2322 2301 2514 2351 annus,
2548 2286 2740 2341 iterum
2785 2282 3051 2345 celebrata
3087 2295 3170 2343 est
3215 2290 3471 2360 synodus,
3514 2278 3644 2360 rege

2034 2379 2043 2389 ί
2076 2376 2345 2432 Ludovico
2365 2376 2607 2446 jubente,
2643 2378 2781 2445 apud
2832 2373 3207 2448 Moguntiamy
3233 2378 3287 2433 in
3316 2380 3643 2435 monasterio

2074 2467 2248 2523 sancti
2294 2465 2486 2522 Albani
2540 2466 2792 2537 martyris
2817 2505 2833 2531 ,
2892 2466 3008 2537 ipso
3056 2466 3643 2538 Rabanoprazsidente

2077 2555 2495 2624 archiepiscopo,
2522 2553 2576 2609 in
2605 2569 2711 2624 qua
2734 2570 2869 2625 pene
2897 2570 3085 2612 omnes
3102 2556 3363 2627 episcopi,
3390 2565 3447 2611 et
3472 2557 3641 2612 abba.

2070 2652 2157 2698 tes
2201 2639 2441 2696 Francia;
2488 2641 2764 2697 orientalis
2806 2642 2849 2709 ί,
2879 2642 3119 2699 Bavaria:
3162 2652 3324 2714 atque
3371 2642 3638 2711 Saxoniz,

2069 2749 2197 2788 cum
2227 2733 2497 2788 Rhenanis
2521 2740 2576 2788 et
2603 2731 2903 2789 Mosellanis
2950 2744 3369 2805 c'omparuerunt
3411 2736 3642 2807 propriis

2076 2823 2130 2877 in
2156 2823 2417 2892 personis.
2445 2821 2607 2876 Multa
2631 2823 2685 2876 in
2701 2837 2768 2878 ea
2793 2824 2997 2895 synodo
3014 2832 3217 2879 statuta
3243 2833 3389 2890 sunt,
3411 2825 3478 2879 ad
3496 2838 3643 2880 com-

2076 2928 2291 2970 munem
2315 2909 2603 2968 utilitatem
2647 2912 2907 2979 ecclesiae,
2954 2930 3158 2985 proque
3204 2929 3412 2976 morum
3464 2928 3643 2970 corre-

2076 3004 2255 3058 ctione
2309 3003 2419 3058 Deo
2470 3000 2841 3057 famulantium
2891 3001 3248 3069 clericorum,
3299 3018 3417 3072 qua).
3462 3002 3642 3058 omnia

410 3094 550 3149 male
574 3093 763 3163 emptis
800 3093 1020 3162 quievit,
1049 3105 1327 3161 quousque
1357 3090 1570 3146 tandem
1601 3091 1657 3145 in
1684 3091 1829 3145 brevi
1854 3091 1972 3161 plu-
1999 3072 2045 3135 Ο
2074 3092 2376 3149 Ludovicus
2426 3093 2539 3162 ipse
2589 3091 2753 3163 regali
2800 3084 3119 3148 auctoritate
3162 3092 3516 3147 continuavit.
3575 3086 3643 3147 Et

396 3184 553 3242 .rium
585 3186 791 3241 animas
847 3185 1183 3239 subditorum
1232 3183 1511 3239 subvertit.
1548 3181 1683 3237 Nam
1725 3198 1846 3237 cum
1887 3182 1977 3237 vix

411 3275 440 3317 ά
460 3276 593 3332 duos
620 3277 674 3330 in
699 3274 1009 3345 pontiﬁcatu
1033 3260 1246 3329 menses
1267 3273 1554 3343 implesset,
1576 3274 1688 3328 suis
1703 3288 1838 3343 pene
1863 3287 1977 3328 om-

399 3371 590 3434 .nibus,
638 3368 925 3439 instigante
982 3367 1171 3437 spiritu
1231 3366 1483 3434 maligno,
1546 3366 1707 3435 cmpit
1756 3366 1978 3439 nimium

398 3458 714 3531 displicere,
760 3436 986 3528 quorum
1014 3436 1186 3509 tanta
1216 3454 1315 3509 fuit
1363 3456 1648 3510 subsecuta
1686 3436 1977 3531 temeritas,

408 3560 469 3607 nt
492 3529 763 3607 occultum
814 3548 881 3604 de
910 3557 1084 3602 morte
1139 3547 1280 3601 illius
1310 3553 1607 3602 tractarent
1658 3529 2015 3603 consilium‘!‘

412 3640 793 3711 Conspirantes
814 3638 957 3695 enim
993 3639 1251 3692 adversus
1273 3650 1395 3691 eum
1420 3651 1487 3691 ex
1510 3636 1723 3691 clericis
1740 3635 1981 3691 ecclesia:

416 3730 736 3801 Moguntina:
764 3728 1086 3799 complures,
1126 3742 1353 3797 quorum
1390 3727 1518 3780 vitia
1547 3734 1601 3781 et
1625 3726 1981 3781 inordinatam

416 3818 874 3874 conversationem
917 3816 998 3870 vir
1037 3825 1255 3871 sanctus
1285 3815 1675 3870 rationabiliter
1704 3810 1980 3886 arguebat,

420 3910 486 3962 de
515 3908 664 3963 laicis
689 3907 851 3962 etiam
878 3906 1077 3961 multos
1102 3906 1309 3961 nobiles
1349 3913 1404 3959 et
1448 3903 1705 3975 ignobiles
1737 3906 1791 3959 in
1832 3920 1983 3959 suam

418 4014 724 4072 perversam
752 4000 1062 4055 societatem
1099 3998 1305 4054 occulte
1354 4005 1651 4062 traxerunt,
1703 4005 1758 4050 et
1785 3994 1983 4050 malum

493 4169 519 4199 ι
542 4156 599 4212 1n
626 4156 881 4227 synodica
926 4154 1151 4224 epistola
1182 4153 1384 4227 Rabaui
1408 4153 1485 4227 _ad
1517 4150 1984 4227 Hincmarum_ar-

417 4220 814 4297 chiepiscopum
868 4220 1221 4297 llhcmensem
1245 4223 1447 4297 _scribit
1486 4241 1505 4273 ‹
1570 4220 1987 4297 incorrigibilem

418 4291 842 4365 eum'repe‘rtum
886 4292 1362 4365 etgreeludendum
1404 4306 1544 4356 esse,
1586 4291 1987 4365 necsinendum

419 4358 650 4436 amplius
669 4380 909 4436 emerem
937 4362 1130 4436 docere
1178 4369 1234 4436 et
1272 4362 1531 4436 seducere
1556 4360 1809 4436 populum
1831 4358 1987 4436 C_l_n_‘i-
2014 4418 2063 4436 ﬁ
2091 4358 2324 4412 llrabani

420 4418 718 4489 sti-ium.»
755 4433 819 4488 Et
844 4434 895 4486 in
923 4432 1105 4486 ultima
1141 4430 1207 4484 ad
1233 4431 1477 4486 eumdem
1515 4418 1740 4499 epistola
1775 4427 1984 4499 scribit,
2014 4418 2065 4479 Β
2088 4437 2271 4499 rantes
2290 4442 2358 4495 pu

418 4520 587 4574 eum;
620 4512 936 4574 prtesentem
956 4518 985 4555 a
1011 4517 1119 4574 sua
1135 4502 1369 4574 nequitia
1390 4499 1543 4574 avelli
1554 4498 1665 4553 non
1681 4498 1939 4574 pot_uisse.
1964 4516 1983 4548 ι

423 4567 739 4642 Sigebcrtus
765 4573 832 4625 ad
855 4587 980 4625 ann.
1024 4570 1128 4625 849
1158 4567 1233 4623 ait
1256 4588 1275 4621 ι
1308 4570 1644 4633 Convictum,
1690 4567 1783 4623 sed
1810 4574 1988 4621 tamen

419 4644 475 4699 in
496 4658 593 4697 suo
616 4655 984 4711 perseverasse
1008 4653 1209 4711 errore.
1234 4656 1253 4688 ι
1426 4709 1435 4711 _

493 4712 521 4751 δ
558 4706 1033 4779 Arcltiepiscopnm.
1078 4707 1211 4760 Nam
1260 4709 1505 4779 proprius
1548 4706 1831 4779 episcopus
1878 4713 1993 4779 erat

422 4775 808 4837 Suessonensis
856 4775 1179 4837 Rothardus.
1217 4775 1310 4829 seu
1344 4775 1661 4837 llrothadus,
1694 4776 1784 4844 qui
1826 4775 1989 4828 etiam

420 4851 704 4907 Carisiacre
743 4849 943 4919 synodo
974 4845 1315 4919 interfuittin
1340 4861 1443 4919 qua
1468 4846 1660 4919 dicitur
1689 4864 1708 4895 ε
1734 4847 1989 4898 honorem

423 4914 841 4995 prcsbyteralcm
887 4934 983 4986 per
1027 4914 1342 4995 Bigboldum
1385 4916 1822 4995 chorepiseopmn
1853 4927 1992 4995 Leu-tn

424 4983 567 5044 esset
588 4983 923 5043 Suessonch
948 4983 1212 5055 parochia:
1238 4984 1553 5048 monachus,
1580 4983 1744 5038 inscio
1765 4983 1995 5037 civitatis

428 5075 535 5115 suae
560 5060 829 5127 episcopo,
860 5071 1163 5127 usurpasse.
1180 5075 1214 5127 is

502 5141 523 5168 ο
557 5123 783 5182 Decreto
836 5123 1021 5195 synodi
1072 5124 1378 5195 Carisiaczc,
1414 5142 1440 5195 t4
1472 5123 1675 5195 honore
1717 5124 1992 5193 presbyte-

430 5198 528 5257 rali
563 5198 804 5251 detectus
832 5191 933 5259 est,
978 5203 1034 5247 nt
1070 5194 1343 5261 improbus
1391 5191 1560 5262 virgis
1607 5205 1797 5254 etesns,
1832 5191 1888 5244 et
1927 5206 1994 5245 ne

428 5268 547 5321 aliis
575 5274 810 5329 noceret,
834 5263 1101 5333 ergastulo
1126 5270 1380 5333 retrosus.
1406 5282 1424 5315 ι

501 5336 527 5374 ιι
560 5334 671 5388 1ηιο
709 5326 821 5388 hate
850 5326 988 5386 auito
1016 5331 1504 5399 archiepiscopatus
1529 5331 1586 5396 2,
1621 5328 1822 5384 Christi
1870 5326 1994 5391 8L8,

431 5405 717 5471 contigisse
743 5419 806 5457 ex
838 5402 1180 5471 sequentibus
1204 5410 1429 5471 certum.

509 5486 535 5514 ο
564 5466 679 5555 [ἤμει
704 5466 1032 5555 Regitt?,qui
1056 5469 1392 5555 itabanino‘n
1417 5466 1792 5555 meminit:
1816 5475 2002 5555 auctor

436 5544 720 5597 Annalium
763 5535 1128 5599 Fulden‘sium,
1159 5538 1212 5590 in
1262 5539 1455 5607 quibus
1504 5539 1617 5607 haec
1662 5538 1909 5607 leguntur
1936 5535 2003 5607 ad

440 5627 638 5666 sonum
667 5610 769 5666 848
795 5624 811 5664 ;
836 5629 851 5657 ι
886 5607 1187 5663 Ludovicus
1216 5605 1303 5661 rex
1340 5607 1483 5663 circa
1506 5606 1725 5659 Kalend.
1759 5605 2004 5659 Octobris

2077 3184 2311 3254 episcopi
2337 3183 2551 3253 quidem
2572 3179 2856 3253 synodales
2881 3180 3202 3250 quaestiones
3224 3180 3277 3235 in
3301 3180 3646 3260 conciliode-

2081 3276 2475 3337 terminabant:
2503 3290 2596 3329 rex
2626 3282 2805 3329 autem
2833 3287 2957 3328 cum
2992 3272 3324 3343 principibus
3346 3272 3399 3327 in
3425 3266 3646 3329 civitate

2079 3366 2328 3422 sedandis
2350 3365 2533 3420 litibus
2562 3362 2891 3434 invigilabat.

2148 3456 2304 3509 Anno
2344 3453 2643 3507 Dominicaa
2684 3450 2979 3506 nativitatis
3007 3448 3448 3521 octingentesimo
3488 3447 3649 3519 quin-

2080 3544 2412 3617 quagesimo,
2443 3542 2729 3599 indictione
2756 3540 3119 3595 Romanorum
3144 3538 3529 3602 tertiadecima,
3550 3534 3647 3607 qui

2082 3634 2182 3689 fuit
2200 3632 2370 3689 sancti
2394 3630 2602 3685 Rabani
2628 3646 2799 3686 annus
2821 3630 2878 3685 in
2920 3627 3231 3700 pontiﬁcatu
3263 3627 3477 3694 tertius,
3513 3624 3645 3681 Ger-

2084 3724 2273 3781 manim
2312 3722 2535 3792 populos
2560 3722 2874 3793 gravissima
2906 3717 3074 3775 fames
3098 3718 3385 3789 oppressit,
3408 3718 3644 3772 maxime

2083 3814 2226 3871 circa
2254 3812 2502 3869 Rhenum
2529 3811 2850 3865 habitantes.
2878 3808 3013 3863 Nam
3043 3823 3181 3863 unus
3204 3807 3413 3862 modius
3437 3807 3505 3862 de
3529 3805 3645 3861 fru-

2085 3914 2264 3973 mento
2301 3903 2585 3975 Moguntite
2624 3901 2953 3978 vendebatur
3001 3914 3099 3974 pro
3131 3899 3160 3939 ⁸
3188 3898 3372 3952 decem
3416 3895 3648 3951 nummis

2085 3991 2317 4065 argenti,
2344 4005 2570 4062 quorum
2595 4004 2689 4045 sex
2714 3996 2786 4045 _et
2808 3987 2996 4059 viginti
3034 4000 3199 4041 unum
3243 3984 3401 4040 hodie
3445 3982 3648 4038 faciunt

2086 4148 2336 4272 fenerale
2364 4147 2615 4216 placitum
2642 4144 2827 4199 habuit
2852 4143 2989 4212 apud
3020 4140 3432 4211 Mogontiacum,
3459 4137 3515 4191 in
3540 4151 3649 4208 quo
3719 4132 3729 4136 ’

2106 4227 2290 4272 enatos
2314 4217 2537 4270 fratrum
2560 4229 2795 4272 suorum,
2826 4220 2881 4266 et
2906 4211 3368 4265 Nordmannorum
3433 4206 3652 4262 Sclavoo

2106 4206 2290 4288 cgatos
2314 4206 2537 4270 fratrum
2558 4206 3368 4288 suorumtet'Nordmanngrum
3433 4206 3652 4288 Sclavoo

2089 4277 2321 4360 ruuntque
2363 4286 2615 4360 suscepit,
2646 4282 2847 4360 audivit
2869 4290 2923 4336 et
2943 4280 3186 4360 absolvit.
3216 4277 3468 4332 Homines
3487 4277 3650 4357 etiam

2432 4351 2596 4423 iscopi
2634 4352 2891 4405 adversus
2928 4351 3198 4404 dominum
3247 4361 3401 4401 suum
3442 4351 3628 4415 eonspi

2362 4371 2791 4497 lmceoonvictos
2814 4436 2935 4497 cum
2964 4434 3029 4473 eo
3066 4416 3427 4497 paciﬁcavitAi
3469 4483 3482 4497 .

2168 4496 2187 4535 ί
2216 4484 2449 4549 Annales
2472 4492 2764 4546 Fuldenses
2806 4490 2872 4542 ad
2898 4489 3041 4541 hunc
3066 4484 3263 4541 annum
3297 4484 3400 4538 852
3440 4484 3517 4539 sic
3559 4496 3649 4538 re-

2090 4565 2267 4620 ferunt
2292 4582 2306 4618 :
2344 4582 2363 4615 ‹
2395 4563 2588 4617 Habita
2616 4566 2699 4614 est
2724 4568 2899 4615 autem
2926 4567 2981 4612 et
3010 4556 3242 4626 synodus
3269 4569 3331 4608 ex
3356 4552 3652 4626 .volu‘ntate

2092 4643 2252 4704 atque
2287 4638 2552 4704 praecepto
2574 4630 2817 4704 ejusdem
2857 4620 3182 4704 serenissimi
3209 4622 3463 4704 principis
3487 4620 3651 4702 (regis

2089 4691 2366 4769 Ludovici)
2394 4703 2447 4756 in
2464 4691 2701 4755 'civitate
2725 4696 2989 4769 Moguntia
3014 4691 3296 4769 metropoli
3318 4691 3647 4769 Germaniae,

2089 4759 2408 4843 prarsidente
2445 4770 2663 4824 Rabano
2698 4759 2985 4843 venErabili
3030 4759 3267 4843 ejusdem
3299 4760 3451 4843 urbis
3475 4759 3651 4843 archif

2094 4830 2361 4912 episcopo,
2412 4856 2532 4912 cum
2578 4838 2824 4912 omnibus
2873 4830 3340 4912 episcopisnatque
3369 4830 3652 4912 abbatilm‘s.

2095 4896 2383 4967 tiu-tenditis
2428 4909 2686 4970 Francize,
2735 4896 2993 4958 Baioariaa
3039 4896 3091 4957 ἐι
3139 4896 3404 4970 Saxonite.
3462 4898 3528 4970 _Et
3571 4896 3653 4970 illi

2094 4966 2310 5053 quidem
2362 4981 2441 5053 de
2471 4966 2807 5053 absolvendis
2855 4970 3238 5042 quaestionibus
3292 4966 3653 5053 ecclesiastici}

2097 5037 2384 5108 tractatum
2404 5048 2712 5103 'babebant.
2766 5037 2890 5097 Rex"
2917 5056 3045 5094 vero
3087 5055 3209 5093 cum
3240 5037 3567 5108 principibus
3597 5042 3654 5088 et

2095 5105 2361 5193 praefectis
2412 5113 2808 5193 provinciarum
2866 5110 3093 5193 publicis
3140 5105 3316 5193 causis
3351 5105 3655 5193 ‘litib-usqne

2096 5174 2477 5259 componendis
2526 5185 2797 5259 insistens,
2830 5174 3117 5259 postquam
3149 5174 3419 5259 synodalia
3466 5188 3653 5259 corino

2096 5241 2315 5315 digii-Bia
2335 5241 2431 5311 Suo
2456 5255 2654 5322 judicio
2678 5241 3041 5322 comprobavit
3070 5256 3125 5322 et
3152 5241 3443 5322 legationes
3466 5241 3659 5312 Bu‘ga-

2097 5314 2276 5385 rerum
2306 5314 2720 5391 Sclavorumque
2746 5314 2947 5391 audivit
2973 5314 3308 5391 et_abs0lvit,
3356 5314 3659 5368 Baioaruam

2100 5412 2348 5453 reversus
2389 5403 2491 5448 est.
2526 5412 2543 5443 ι
2576 5386 2650 5445 Δί
2671 5388 2985 5444 Mosellanos
3029 5386 3193 5451 fuisse
3235 5392 3385 5438 extra
3434 5399 3660 5456 regnum

2102 5465 2353 5521 Ludovici
2382 5475 2583 5517 certum
2608 5469 2712 5515 est.

2176 5539 2199 5576 ⁸
2228 5520 2458 5588 Annales
2486 5531 2775 5585 Fuldeuses
2812 5526 3006 5599 iterum
3045 5520 3346 5599 descripsit.
3388 5526 3439 5599 i_n
3466 5522 3662 5599 qtti_l_)us

2105 5606 2276 5657 decem
2300 5603 2445 5658 siclis
2487 5599 2690 5669 argenti
2725 5597 2951 5667 legitur:
2988 5592 3189 5661 reliqua
3219 5589 3283 5644 de
3316 5589 3519 5649 malarb
3540 5589 3661 5645 Tri-
