3940 6322
187 341 278 394 {Ol

1527 318 2049 381 PROLEGOMENA.

3298 310 3400 370 (οξ

155 442 300 504 'auri
341 448 623 501 llorenum.
654 441 729 497 Ex
774 457 878 512 qua
921 441 1293 512 supputatione
1319 446 1544 493 .constat
1571 448 1735 489 unum
1762 433 1814 491 Λ
1840 445 2040 495 rarum,
2068 428 2398 484 meditationi
2428 443 2658 498 quoque,
2708 428 2936 512 orationi
2975 438 3031 483 et
3075 422 3403 499 ccutemplav

184 537 359 593 octale
382 533 666 596 frumenti,
707 532 847 601 quod
887 530 1145 584 maldrum
1173 535 1383 591 vocant,
1428 526 1551 595 plus
1578 538 1739 593 quam

186 635 299 679 tres
327 622 547 678 solvisse
575 620 804 674 llorcnos
841 620 995 672 dicta:
1022 632 1282 671 mensurae
1304 613 1739 685 Moguntineusis.

185 713 495 769 llorabatur
518 699 696 764 autem
738 723 803 763 eo
840 716 1078 776 tempore
1125 708 1312 760 beatus
1358 704 1610 758 Rabauus
1653 716 1742 754 ar—-

184 803 555 872 chiepiscopus
581 800 634 853 in
662 798 889 867 quadam
913 796 1035 850 villa
1048 795 1327 865 .parocbizn
1370 808 1506 857 sua),
1536 791 1622 845 cui
1647 804 1744 842 vo-

185 892 435 946 cabulum
490 897 573 943 est
626 886 902 950 Wincella,
959 900 1118 954 quam
1175 885 1229 937 in
1265 885 1520 938 descensu
1573 878 1745 933 Rheni

183 979 419 1034 fluminis
442 977 508 1030 ad
533 976 794 1037 dextram,
831 972 999 1027 ferme
1028 972 1199 1045 tribus
1226 988 1256 1026 a
1285 972 1550 1041 Moguntia
1584 970 1745 1024 distat

184 1067 524 1133 milliaribus,
561 1072 615 1120 et
642 1080 781 1119 nunc
809 1063 878 1118 ab
920 1063 1108 1119 incolis
1144 1073 1299 1117 terrae
1327 1060 1743 1115 Wun‘ckeliuun-

1846 521 1995 585 tioni,
2023 521 2230 588 quoties
2252 535 2281 573 a
2303 519 2591 593 pontificali
2615 528 2825 588 poterat
2848 508 3160 573 ministerio
3181 533 3399 582 vacare,

1842 625 2054 678 semper
2082 608 2180 663 fuit
2206 609 2459 673 intentus,
2500 617 2553 663 et
2580 606 2876 663 sanctitatis
2902 609 3236 672 exercitium,
3260 609 3407 677 quoii

1844 700 2133 755 monachus
2160 701 2213 753 in
2241 701 2484 753 cmnobio
2530 700 2809 764 didicerat,
2846 701 3005 753 etiam
3046 698 3407 769 ‘arcltipnesul‘

1847 789 2043 853 factus,
2093 792 2207 843 sine
2234 791 2627 843 intermissione
2652 792 2989 853 continuans,
3020 807 3291 860 nunquam
3323 793 3401 845 in-

1846 879 2093 932 termisit.
2127 878 2358 932 Verbum
2384 878 2477 931 Dei
2517 880 2809 946 przedicare
2854 879 2956 932 sibi
2986 880 3273 933 commisso
3301 894 3399 948 po-

1846 967 1974 1036 pulo
2003 983 2109 1020 non
2152 968 2366 1021 embuit
2396 984 2410 1031 ;
2452 968 2646 1041 quippe
2675 969 2762 1036 qui
2793 983 2853 1022 se
2883 969 3239 1036 apostolorum
3273 986 3400 1023 con-

1845 1065 2083 1110 secutum
2099 1071 2217 1109 esse
2232 1055 2583 1111 ministerium
2601 1060 2922 1126 recognovit.
2946 1058 3099 1111 Enim
3117 1076 3245 1112 vero
3267 1059 3407 1111 sicut

184 1167 432 1227 eupatur.
466 1157 521 1211 In
545 1171 607 1211 ea
648 1155 912 1219 residens,
960 1168 1222 1223 pauperes
1265 1152 1330 1207 de
1364 1150 1589 1205 diversis
1615 1138 1777 1202 locis'
1808 1180 1809 1183 η
1844 1160 1949 1199 non
1992 1154 2225 1198 meretur
2254 1145 2354 1199 dici
2398 1145 2686 1214 apostolus,
2719 1146 2807 1214 qui
2843 1162 3040 1202 vacans
3086 1149 3266 1201 mundi
3310 1164 3405 1201 ne-

185 1247 533 1302 atlvenientes
550 1246 787 1318 quotidie
806 1244 924 1314 plus
943 1259 1102 1313 quam
1120 1249 1385 1297 trecentos
1402 1238 1744 1305 suscipiebat,
1846 1235 2001 1304 gotiis
2044 1233 2126 1287 vel
2165 1234 2296 1299 otio,
2346 1236 2565 1288 verbum
2596 1236 2689 1289 Dei
2719 1239 3018 1292 commissis
3063 1240 3163 1292 sibi
3195 1240 3403 1308 pepulis

184 1326 517 1409 etjlimcnto
545 1336 895 1397 sustentabat,
926 1332 1164 1402 exceptis
1190 1331 1274 1385 his
1294 1329 1389 1399 qui
1436 1327 1489 1383 in
1509 1340 1745 1395 prmscn-
1842 1338 1953 1375 non
1976 1324 2253 1391 przedicat,
2290 1326 2359 1375 ita
2407 1324 2693 1392 episcopali
2728 1326 2927 1379 honore
2973 1327 3183 1394 penitus
3213 1337 3294 1380 est
3326 1327 3407 1380 in—

185 1425 259 1478 tia
288 1424 428 1478 illius
456 1423 669 1492 assidue
692 1422 1065 1475 vescebantur.
1413 1485 1419 1495 ‘
1846 1411 2057 1479 dignus,
2087 1411 2177 1479 qui
2227 1411 2483 1480 neglectis
2530 1414 2641 1467 sive
2670 1416 2979 1483 postpositis
3021 1416 3405 1485 Spiritualibus,

257 1511 417 1565 Venit
446 1492 657 1564 autem’
678 1508 819 1578 inter
846 1508 996 1571 alios,
1044 1521 1149 1561 una
1205 1492 1419 1561 dierum
1456 1511 1511 1559 et
1558 1502 1751 1558 mulier
1847 1500 1960 1553 sola
2008 1500 2322 1568 temporalia
2377 1511 2546 1555 curat.
2604 1504 2893 1559 Transicns
2944 1521 3071 1575 ergo
3117 1521 3212 1575 per
3240 1507 3409 1569 vicos,
3450 1504 3455 1513 “

186 1604 431 1670 quaedam
454 1615 520 1654 ex
541 1599 661 1652 villa
682 1596 1130 1671 Crucinacomua:
1154 1609 1295 1650 nunc
1326 1594 1575 1663 oppidum
1592 1600 1680 1663 est
1698 1591 1747 1659 α)
1847 1603 2044 1656 perque
2081 1590 2295 1642 castella
2322 1599 2377 1644 et
2405 1591 2579 1655 villas,
2618 1592 2989 1660 Apostolorum
3018 1610 3186 1660 more,
3231 1595 3409 1651 Raba~

187 1689 437 1751 oriunda,
470 1688 641 1742 inedia
692 1702 827 1757 pene
866 1693 1179 1754 consumpta
1214 1700 1334 1738 cum
1386 1683 1587 1738 infante
1628 1697 1751 1751 par-
1783 1750 1822 1757 _
1852 1690 1953 1727 nus
1979 1690 2098 1728 cum
2124 1675 2334 1730 clericis
2356 1679 2620 1732 nonnullis
2652 1689 2704 1732 et
2730 1682 3019 1745 monachis,
3060 1698 3191 1751 quos
3214 1686 3281 1738 ad
3310 1687 3413 1740 hoc

186 1780 333 1845 wh.
370 1750 489 1835 mm
518 1780 638 1833 aliis
687 1750 1033 1849 βαθρει-ίδυε,
1070 1750 1369 1839 ἡξει-οοῃιωιί
1422 1774 1748 1829 desiderans,
1781 1750 1826 1808 Β
1854 1765 2207 1819 ministerium
2232 1767 2382 1819 novit
2416 1768 2653 1832 idoneos,
2697 1769 3039 1841 Evangelium
3080 1750 3181 1827 Dei
3218 1775 3411 1844 populo

187 1868 318 1934 Qum
343 1868 829 1939 priusquam“an
850 1875 1015 1936 βοτηε
1038 1865 1227 1919 domus
1244 1850 1559 1933 episcopalis
1579 1872 1755 1917 trans.
1852 1856 2139 1919 nuntiavit,
2191 1856 2561 1926 delinquentes
2612 1863 2889 1931 corripuit,
2941 1865 3261 1932 pmnitentes
3312 1869 3413 1922 Do-

189 1958 459 2030 cenderat.
482 1971 591 2026 pra:
610 1955 771 2009 nimia
796 1953 1152 2009 imbecillitate
1174 1966 1430 2006 corruens
1454 1951 1506 2004 in
1532 1959 1775 2013 terram,.
1854 1943 1997 1997 mino
2024 1946 2405 2001 reconciliavit.
2454 1948 2627 2004 Mones
2678 1951 2994 2007 clericorum
3041 1956 3166 2011 totis
3210 1957 3414 2012 viribus

188 2048 434 2117 spiritum
456 2046 741 2121 exhalavit.
780 2045 919 2099 Puer
958 2058 1085 2098 vero
1113 2042 1399 2099 mamillam
1440 2042 1629 2096 matris
1656 2041 1749 2096 de.

191 2140 395 2193 functa:
414 2139 662 2209 jacentis,
690 2136 843 2205 quasi
886 2135 1132 2199 viventis,
1162 2134 1228 2189 de
1266 2133 1386 2187 sinu
1414 2132 1752 2201 protrahens,

189 2237 245 2282 et
276 2241 467 2298 sugere
495 2235 729 2289 tentaus,
760 2225 954 2280 multos
980 2224 1247 2278 intuentes
1266 2222 1334 2301 ad
1359 2220 1538 2276 ﬂetum
1561 2223 1751 2291 coegit.

191 2316 321 2384 Qum
360 2332 479 2371 cum
505 2316 660 2371 beato
684 2314 917 2385 pontifici
948 2314 1190 2383 nuntiata
1221 2312 1465 2378 fuissent,
1501 2313 1757 2383 ingemuit

190 2416 245 2461 et
265 2422 377 2476 pra:
404 2406 569 2461 nimio
592 2403 978 2473 compassionis
1004 2402 1187 2457 dolore
1207 2402 1474 2473 lacrymas
1503 2403 1757 2457 cohibere

189 2508 296 2548 non
330 2491 521 2561 potuit.
552 2490 627 2544 Ex
652 2490 739 2544 illa
767 2490 854 2545 die
894 2504 991 2558 per
1012 2503 1225 2543 omnem
1254 2489 1523 2557 regionem
1550 2488 1758 2543 miseri-

190 2581 427 2636 cordiam
483 2581 762 2651 praedicari
820 2579 945 2634 fecit
991 2579 1194 2648 egenis,
1247 2578 1611 2650 eleemosynas
1658 2594 1757 2649 pro

189 2672 400 2726 viribus
424 2672 591 2725 auxit.
629 2670 981 2740 Pauperibus,
1010 2670 1361 2739 undecunque
1389 2671 1753 2735 venientibus,

189 2762 563 2819 necessarium
608 2761 886 2831 praesentis
932 2761 1053 2815 vita:
1096 2761 1352 2830 pabulum
1400 2761 1757 2816 abundantius

188 2852 539 2907 ministravit.
587 2851 734 2906 lianc
766 2850 881 2918 ejus
927 2850 1341 2905 muniﬁcentiam
1398 2852 1451 2905 in
1499 2865 1758 2922 pauperes

190 2941 534 3009 omnipotens
561 2940 700 2994 Deus
728 2948 932 3010 gratam
978 2940 1199 3005 habens,
1253 2940 1448 3009 duplici
1496 2941 1758 2996 beneficio

193 3043 572 3108 remunerasse
623 3028 849 3099 legitur;
889 3029 1013 3083 dum
1042 3030 1091 3083 ei
1144 3029 1608 3099 copiosamhujus
1632 3031 1757 3085 vitae

190 3121 553 3192 provisionem
584 3120 636 3174 in
666 3120 936 3191 pnesenti.
966 3120 1231 3186 retribuit,
1259 3129 1314 3175 et
1342 3122 1577 3175 animam
1619 3116 1760 3179 illius

190 3210 413 3265 tandem
454 3224 483 3263 a
509 3224 735 3283 corpore
784 3215 1086 3277 separatam
1138 3217 1352 3263 aeterna:
1392 3208 1664 3263 felicitatis
1705 3208 1759 3263 in

188 3298 330 3355 mlo
355 3298 566 3353 deliciis
589 3306 848 3368 perpetuo
887 3297 1118 3352 satiavit.
1148 3296 1403 3368 Dixpem’t
1433 3300 1575 3355 enim
1604 3298 1761 3368 hujus

188 3389 316 3443 vita:
340 3388 559 3443 divitias
584 3402 680 3457 pro
717 3386 913 3442 Christi
943 3402 1143 3452 amore,
1174 3395 1228 3442 et
1254 3389 1393 3442 dedit
1429 3389 1759 3459 pauperibus,

192 3486 415 3548 propter
444 3478 587 3546 quod
617 3486 671 3532 et
694 3477 910 3531 Justitia
950 3478 1063 3547 ejus
1102 3487 1275 3531 manet
1305 3479 1359 3530 in
1386 3478 1631 3532 saxulum
1658 3495 1759 3533 ta:-

190 3566 294 3621 culi
322 3564 499 3637 (Psal.
522 3582 630 3629 cxi,
661 3565 736 3636 9),
760 3573 816 3621 et
853 3566 1154 3620 convivium
1187 3564 1263 3637 [et
1290 3566 1478 3639 cornu]
1502 3566 1617 3635 ejus
1639 3581 1761 3622 cum

192 3657 393 3709 sanctis
424 3654 676 3707 omnibus
698 3653 964 3707 exaltatur
986 3654 1038 3707 in
1062 3654 1247 3724 gloria.
1280 3654 1548 3709 Christum
1578 3653 1759 3710 Iesum

192 3741 533 3811 unigenitum
565 3743 655 3795 Dei
694 3742 911 3808 Filium,
955 3742 1107 3811 cujus
1147 3744 1390 3798 minister
1417 3752 1535 3799 erat
1555 3752 1609 3800 et
1631 3759 1761 3815 pon-

196 3828 343 3893 tifex,
378 3833 586 3885 amavit
611 3848 771 3901 super
798 3834 997 3898 omnia,
1028 3848 1125 3902 pro
1146 3832 1296 3902 cujus
1324 3835 1528 3891 honore
1551 3836 1759 3891 ﬁdelem

191 3932 251 3973 se
283 3919 468 3972 ovium
516 3918 631 3986 ejus
661 3928 952 3999 pastorem
1002 3922 1263 3987 exhibuit,
1312 3922 1509 3978 inscios
1559 3926 1758 3993 docuit,

190 4020 455 4077 pauperes
490 4009 659 4079 pavit,
706 4018 949 4064 errantes
998 4017 1053 4064 et
1098 4026 1194 4080 per
1222 4012 1374 4066 devia
1416 4023 1759 4083 peccatorum

189 4099 554 4173 praecipitatus
582 4100 647 4152 ad
694 4100 834 4154 viam
881 4098 1101 4168 justitiaa
1139 4109 1360 4170 paterna
1411 4096 1762 4162 sollicitudine

192 4186 421 4241 reduxit.
457 4186 597 4242 Vere
627 4186 809 4255 justus
828 4199 882 4243 et
919 4198 1152 4255 sanctus,
1185 4192 1274 4261 qui
1300 4201 1412 4261 post
1439 4210 1625 4247 aurum
1660 4211 1761 4249 non

191 4275 316 4327 abiit
340 4291 359 4328 :
385 4291 481 4328 nec
526 4276 582 4328 in
606 4278 860 4330 thesauris
886 4278 1115 4345 pecunia:
1137 4280 1357 4348 speravit
1386 4279 1575 4351 (Ecclt'.
1606 4298 1757 4348 χιιι,

190 4364 266 4435 8).
302 4363 499 4419 Omnis
527 4364 848 4419 conﬁdentia
878 4366 992 4437 ejus
1028 4366 1126 4421 fuit
1165 4368 1217 4422 in
1256 4369 1502 4435 Domino,
1532 4386 1632 4441 pro
1664 4387 1757 4426 eu-

186 4454 274 4522 jus
300 4468 490 4507 amore
518 4462 712 4507 caetera
744 4454 920 4507 omnia
954 4455 1209 4524 despexit.
1245 4456 1396 4512 Unde
1420 4474 1599 4513 rerum
1628 4467 1759 4514 tetu-

190 4543 455 4610 poralium
484 4556 672 4595 curam
696 4543 938 4612 exemplo
978 4546 1273 4614 priscorum
1300 4547 1609 4615 pontificum
1633 4552 1761 4607 viris

193 4640 464 4693 commisit
516 4639 766 4693 idoneis:
825 4654 1050 4709 quorum
1103 4641 1367 4697 relevatus
1416 4644 1757 4711 ministerio,

190 4727 565 4796 spiritualibus
592 4727 847 4782 intentius
867 4736 1096 4783 vacaret.
1144 4729 1217 4782 Ea
1246 4744 1372 4783 vero
1399 4746 1517 4799 quae
1548 4732 1762 4799 pontiﬁ-

192 4817 304 4872 cale
327 4816 952 4889 requirehantoflicium,
980 4817 1034 4870 in
1063 4825 1171 4871 tota
1201 4818 1414 4872 dioecesi
1446 4834 1542 4888 per
1567 4829 1761 4881 semet-

192 4908 363 4977 ipsum
392 4907 829 4962 administrabat.
872 4906 1111 4962 Lectioni
1158 4907 1457 4961 divinarum
1512 4907 1756 4978 Scriptu-

196 5042 378 5111 thcmii
409 5041 685 5111 expositio
709 5049 820 5111 est.
841 5040 1166 5111 Charitatem
1188 5040 1391 5111 Rabani
1420 5041 1471 5095 in
1499 5042 1599 5097 hac
1621 5042 1761 5099 fame

192 5109 540 5182 laudati-dein
558 5109 893 5182 Irithemius
932 5110 986 5165 in
1013 5109 1277 5164 Chronico
1306 5109 1668 5182 Hirsaugiensi
1694 5113 1759 5167 ad

193 5193 280 5231 an.
301 5178 408 5233 849
426 5188 486 5232 et
512 5179 643 5235 856.

261 5259 284 5286 ι
315 5247 660 5301 Palatinatus
688 5246 1164 5309 inferioris..Deest
1203 5261 1395 5303 nomen
1422 5246 1521 5303 loci
1562 5248 1616 5302 in
1653 5248 1761 5303 An-

194 5316 408 5370 nalibus
432 5315 814 5370 Fuldensibus.

262 5384 291 5423 5
328 5386 486 5438 Anno
520 5384 727 5438 Christi
752 5385 871 5447 8l9,
913 5384 1137 5440 necdum
1166 5392 1275 5439 tum
1302 5385 1485 5439 abbas.

261 5464 283 5491 τ
314 5452 465 5506 Sedit
508 5452 793 5507 Ricbolfus
839 5454 906 5508 ab
949 5468 1088 5508 anno
1120 5453 1219 5507 787
1259 5454 1324 5507 ad
1351 5454 1473 5508 8H.
1518 5453 1755 5508 Ecclesia

195 5519 250 5573 S.
281 5519 481 5575 Albani
496 5531 817 5575 consecrata
840 5531 921 5576 est
942 5537 1065 5576 ann.
1092 5520 1196 5577 805
1240 5521 1460 5575 Kalend.
1504 5522 1753 5576 Decemb.

194 5590 502 5644 C(Pltoltltlm
529 5592 635 5643 hoc
662 5591 1061 5656 monachorum,
1082 5605 1334 5643 concessu
1359 5590 1566 5643 Martini
1592 5605 1763 5660 τηρεῖν,

1853 2032 1919 2085 ad
1972 2034 2320 2102 apostolicam
2373 2036 2764 2095 institutionem
2823 2042 3115 2111 reformare
3168 2049 3413 2113 studuit,

1852 2138 1949 2192 pro
2003 2140 2230 2194 quorum
2285 2127 2577 2184 directione
2632 2132 2851 2199 salubri,
2908 2143 3017 2189 tres
3052 2136 3214 2192 libros
3266 2148 3417 2191 nota-

1854 2214 1984 2269 biles
2009 2217 2075 2269 ad
2122 2216 2461 2283 Haildolfum,
2511 2230 2757 2288 quartum
2798 2225 3256 2296 archiepiscopum
3299 2227 3413 2283 Mo-

1853 2307 2157 2376 guntinum,
2185 2316 2577 2364 antecessorem
2600 2327 2772 2376 suum,
2800 2315 2947 2384 prius
2972 2318 3270 2373 lucubravit
3294 2330 3342 2372 ι.

1923 2398 2144 2465 Quoties
2191 2414 2319 2453 vero
2366 2403 2433 2455 ab
2468 2404 2770 2458 actionibus
2798 2402 3036 2461 ecclesia:
3072 2408 3299 2477 publicis
3326 2424 3420 2465 vr.-

1853 2488 2011 2540 cabat
2040 2527 2055 2552 ,
2115 2489 2448 2545 mansionem
2508 2493 2813 2548 residentia:
2866 2497 3158 2564 corporalis
3207 2501 3419 2555 tenebat

1854 2575 1937 2630 vel
1962 2577 2014 2630 in
2046 2588 2337 2632 memorata
2356 2580 2481 2633 villa
2506 2581 2648 2636 circa
2673 2581 2917 2657 Rhenum
2949 2580 3228 2653 Wincella,
3258 2588 3340 2642 vel
3362 2588 3415 2643 in

1853 2664 2144 2735 Moguntia,
2170 2667 2316 2723 circa
2345 2670 2601 2739 majorem
2628 2656 2927 2739 ecclesiam,
2958 2674 3010 2729 in
3032 2677 3188 2731 domo
3213 2678 3417 2747 episco-

1852 2754 1981 2822 pali,
2012 2763 2104 2809 aut
2127 2764 2273 2813 certe
2298 2758 2350 2811 in
2379 2770 2580 2825 monte,
2612 2760 2752 2815 haud
2782 2763 2967 2831 procul
2992 2778 3022 2817 a
3060 2768 3414 2834 praenomina-

1853 2852 1908 2899 to
1938 2846 2071 2911 vico,
2104 2847 2193 2915 qui
2218 2848 2281 2903 de
2309 2850 2523 2903 nomine
2558 2850 2696 2906 illius
2744 2853 2919 2909 dictus
2965 2863 3049 2909 est
3078 2854 3411 2910 Bisthofebc—

1855 2952 1969 3002 rus,
2002 2938 2053 2991 in
2082 2954 2188 3007 quo
2209 2953 2351 2992 nunc
2378 2942 2761 2996 monasterium
2800 2944 2969 2999 sancti
2992 2936 3211 2999 Joan‘nis
3244 2945 3418 3015 Bapti-

1858 3034 1953 3081 stae
1996 3028 2237 3089 cernitur
2280 3042 2399 3083 esse
2449 3040 2831 3085 constructum.
2883 3032 3217 3104 Frequenter
3256 3036 3416 3088 etiam

1781 3092 1829 3155 (ἶ
1862 3130 2081 3171 manere
2105 3117 2378 3173 consuevit
2430 3118 2484 3171 in
2536 3120 2780 3175 ρωποι)ἰο
2824 3092 3023 3176 sancti.
3051 3123 3303 3192 martyris
3323 3122 3420 3179 Al-

1860 3204 2007 3271 bani,
2034 3206 2175 3276 quod
2208 3207 2262 3260 in
2290 3216 2470 3263 monte
2492 3223 2659 3278 prope
2702 3209 3025 3281 MOguntiam
3069 3211 3341 3267 Rieholfus
3363 3201 3418 3276 ib,

1861 3296 2051 3349 tertius
2070 3295 2517 3364 archiepiscopus,
2564 3299 2877 3363 cunstrusit,
2920 3314 3060 3353 anno
3102 3300 3308 3356 Domini
3337 3314 3420 3357 se-

1860 3385 2269 3455 ptingentesimo
2296 3387 2639 3457 nonagesimo
2668 3398 2849 3454 sexto,
2900 3389 3189 3445 indictione
3218 3391 3417 3447 Roma-

1862 3491 2051 3539 norum
2073 3487 2287 3546 quarta,
2313 3466 2938 3547 propter‘monachorum
2961 3480 3087 3535 inibi
3103 3481 3226 3536 'Deo
3250 3482 3421 3538 famu-

1859 3564 2082 3619 lantium
2113 3565 2236 3620 vitae
2266 3569 2628 3621 sanctitatem.
2674 3558 2733 3620 In
2773 3569 3097 3623 monasterio
3142 3571 3302 3625 etiam
3330 3587 3419 3627 ca-

1860 3657 2173 3711 nonicorum
2205 3655 2387 3711 Sancti
2424 3655 2656 3711 Victoris
2682 3667 2729 3723 σ,
2760 3666 2913 3712 extra
2938 3658 3285 3730 Moguntiam,
3316 3677 3415 3717 sa:-

1859 3749 1978 3818 pius
2004 3749 2299 3815 habitabat,
2331 3764 2451 3803 cum
2482 3757 2701 3819 propter
2746 3750 2887 3805 aeris
2942 3753 3271 3821 temperiem,
3305 3761 3416 3809 tum

1859 3846 2077 3911 propter
2101 3840 2201 3895 loci
2232 3848 2287 3894 et
2310 3840 2444 3895 situs
2481 3841 2866 3896 amtenitatem.
2911 3843 2985 3897 lbi
3028 3845 3281 3899 nonnulla
3320 3861 3418 3915 pro

1861 3929 2093 3984 ﬁdelium
2127 3928 2533 3983 aedificationem
2579 3929 2818 3984 scribens
2869 3931 3183 3999 composuit,
3230 3933 3319 3987 ubi
3364 3944 3419 3988 et

1860 4026 2081 4073 sanctus
2142 4016 2326 4072 Lulltts
2380 4016 2649 4086 quondam
2707 4019 3135 4089 archiepiscopus
3188 4023 3415 4077 orationi

1860 4107 2298 4176 tneditationiqne
2322 4107 2569 4161 insistere
2589 4108 2879 4163 consuevit.

1930 4194 2025 4249 llic
2039 4195 2149 4263 jam
2188 4208 2306 4248 reor
2332 4202 2710 4262 Opportunum,
2740 4202 2798 4247 ut
2828 4209 2986 4262 quam
3034 4196 3212 4265 plura,
3238 4210 3415 4265 quam-

1860 4301 1965 4355 que
1988 4286 2139 4339 utilia
2174 4284 2452 4355 scripserit
2474 4284 2739 4339 volumina
2763 4283 3012 4341 Rabanus
3054 4287 3155 4342 iste
3195 4290 3415 4344 sanctis-

1863 4376 2029 4432 simus
2055 4373 2316 4445 pontifex,
2354 4372 2423 4427 ab
2442 4388 2580 4428 anno
2604 4373 2775 4428 mtatis
2808 4388 2916 4427 sua:
2953 4375 3221 4429 tricesimo
3250 4392 3415 4445 usque

1861 4466 1926 4519 ad
1964 4466 2121 4520 linem
2146 4466 2267 4519 viL'e
2290 4480 2386 4534 per
2413 4478 2580 4519 annos
2602 4464 2771 4519 ferme
2798 4472 2921 4519 octo
2941 4474 2997 4520 et
3024 4466 3265 4536 triginta,
3298 4468 3415 4536 qni—

1858 4556 1959 4611 bus
1997 4570 2265 4624 nunquam
2295 4570 2324 4608 a
2368 4554 2542 4608 studio
2573 4553 2965 4623 Scripturarum
3014 4564 3068 4609 et
3092 4555 3325 4610 editione
3353 4555 3413 4617 lie

1858 4644 2074 4700 brorum
2100 4645 2346 4709 cessavit,
2378 4645 2701 4712 posteritatis
2732 4646 3000 4699 memoriae
3027 4647 3410 4701 commendem.

1858 4732 1982 4787 Fuit
2004 4735 2165 4797 enim,
2216 4732 2656 4802 quemadmodum
2706 4734 2757 4787 in
2805 4735 3167 4802 superioribus
3213 4735 3411 4789 dictum

1859 4827 1962 4883 est,
1988 4834 2084 4888 per
2110 4818 2451 4873 Germaniam
2494 4820 2733 4873 omnium
2780 4820 3136 4885 doctissimus,
3167 4821 3255 4889 qui
3284 4820 3412 4875 mul-

1861 4906 2101 4972 titudine,
2130 4906 2378 4971 utilitate,
2409 4906 2655 4961 facundia
2706 4915 2777 4961 et-
2801 4907 3061 4975 elegantia
3104 4906 3362 4963 librorum
3382 4924 3411 4963 a

1860 5058 2002 5097 anno
2044 5040 2178 5094 1419
2211 5040 2261 5093 in
2292 5041 2665 5109 canonicorum
2713 5038 2988 5109 collegium
3022 5040 3409 5109 commigravit.

1862 5112 1994 5167 Vide
2020 5109 2295 5163 Feratium
2334 5109 2385 5162 in
2432 5107 2762 5175 Moguntiaca
2792 5107 2881 5162 lib.
2928 5125 2963 5171 ι,
2995 5123 3112 5177 cap.
3142 5107 3296 5163 30'et
3320 5108 3410 5173 3t,

1861 5189 1916 5236 et
1942 5180 2035 5234 lib.
2062 5195 2136 5244 tv,
2162 5178 2215 5231 in
2242 5177 2653 5245 Archiepiscopo
2676 5177 2727 5245 3.

1933 5248 1959 5288 δ
1992 5267 2011 5299 ι
2046 5247 2103 5302 S.
2154 5245 2511 5313 Willibaldum
2539 5263 2557 5295 ι
2588 5244 2800 5313 profert
2844 5245 3097 5300 Wicelius
3138 5246 3190 5299 in
3220 5244 3413 5313 Hagio—

1866 5317 2005 5399 legio
2036 5335 2070 5397 ε.
2090 5314 2388 5399 scripsisse.
2409 5312 2585 5399 Vitatur
2606 5312 2789 5399 sancti
2828 5315 3103 5399 Doniﬁglcii,
3131 5323 3185 5368 et

1862 5381 2031 5456 psisse
2057 5385 2110 5456 in
2138 5381 2390 5456 Ioéo__qui
2421 5382 2477 5435 S.
2527 5381 2757 5456 Victoris
2784 5391 2932 5437 extra
2962 5383 3160 5456 Δλίψ-οε»
3190 5383 3385 5437 dicitur

1864 5452 1951 5508 ubi
1981 5454 2159 5507 Lullus
2181 5460 2233 5505 et
2270 5452 2519 5504 Halanus
2547 5452 2805 5505 vacabant
2841 5452 3168 5506 orationibus
3196 5492 3208 5511 ,
3244 5470 3264 5519 ρ
3292 5466 3413 5519 qua:

1862 5538 1891 5577 a
1924 5524 2056 5577 Vita!
2085 5520 2466 5583 amplificatorc
2486 5519 2690 5583 adjecta
2719 5530 2859 5583 sunt,
2907 5535 3025 5573 cum
3056 5520 3111 5573 S.
3142 5517 3408 5575 Wilibal-

1866 5594 1964 5648 dus
1992 5599 2111 5645 autc
2136 5587 2326 5645 abierit
2352 5601 2510 5656 quam
2539 5587 2784 5641 liabanns
2811 5598 3132 5644 nasceretur.
