  <div class='ocr_page' id='page_1' title='image "/cluster/home/n/w/nwhite01/storage/ocr_20150623/107/uva.x000827064/057.png"; bbox 0 0 3940 6326; ppageno 0'>
   <div class='ocr_carea' id='block_1_1' title="bbox 531 344 632 401">
    <p class='ocr_par' dir='ltr' id='par_1_1' title="bbox 531 344 632 401">
     <span class='ocr_line' id='line_1_1' title="bbox 531 344 632 401; baseline -0.02 0"><span class='ocrx_word' id='word_1_1' title='bbox 531 344 632 401; x_wconf 71' lang='grc' dir='ltr'>ίυδ</span> 
     </span>
    </p>
   </div>
   <div class='ocr_carea' id='block_1_2' title="bbox 1527 275 2622 372">
    <p class='ocr_par' dir='ltr' id='par_1_2' title="bbox 1527 275 2622 372">
     <span class='ocr_line' id='line_1_2' title="bbox 1527 275 2622 372; baseline -0.017 2"><span class='ocrx_word' id='word_1_2' title='bbox 1527 341 1529 343; x_wconf 61' lang='grc' dir='ltr'><strong><em>ι</em></strong></span> <span class='ocrx_word' id='word_1_3' title='bbox 1629 275 1719 372; x_wconf 57' lang='lat' dir='ltr'><strong>in</strong></span> <span class='ocrx_word' id='word_1_4' title='bbox 1756 309 1983 371; x_wconf 61' lang='lat' dir='ltr'><strong>orans</strong></span> <span class='ocrx_word' id='word_1_5' title='bbox 2021 312 2082 367; x_wconf 74' lang='grc' dir='ltr'><strong>Β.</strong></span> <span class='ocrx_word' id='word_1_6' title='bbox 2119 304 2370 362; x_wconf 66' lang='lat' dir='ltr'><strong>uanam</strong></span> <span class='ocrx_word' id='word_1_7' title='bbox 2405 300 2622 358; x_wconf 70' lang='lat' dir='ltr'><strong>mum</strong></span> 
     </span>
    </p>
   </div>
   <div class='ocr_carea' id='block_1_3' title="bbox 3646 295 3746 351">
    <p class='ocr_par' dir='ltr' id='par_1_3' title="bbox 3646 295 3746 351">
     <span class='ocr_line' id='line_1_3' title="bbox 3646 295 3746 351; baseline 0.02 -2"><span class='ocrx_word' id='word_1_8' title='bbox 3646 295 3746 351; x_wconf 64' lang='lat'><strong>{05</strong></span> 
     </span>
    </p>
   </div>
   <div class='ocr_carea' id='block_1_4' title="bbox 517 408 3757 513">
    <p class='ocr_par' dir='ltr' id='par_1_4' title="bbox 517 408 3757 513">
     <span class='ocr_line' id='line_1_4' title="bbox 517 408 3757 513; baseline -0.012 -8"><span class='ocrx_word' id='word_1_9' title='bbox 517 466 578 510; x_wconf 82' lang='lat' dir='ltr'><strong>se</strong></span> <span class='ocrx_word' id='word_1_10' title='bbox 604 445 888 511; x_wconf 86' lang='lat' dir='ltr'><strong>editorum,</strong></span> <span class='ocrx_word' id='word_1_11' title='bbox 937 459 1037 499; x_wconf 85' lang='lat' dir='ltr'><strong>nec</strong></span> <span class='ocrx_word' id='word_1_12' title='bbox 1073 439 1472 513; x_wconf 65' lang='lat' dir='ltr'><strong>praecedentem</strong></span> <span class='ocrx_word' id='word_1_13' title='bbox 1521 445 1846 502; x_wconf 88' lang='lat' dir='ltr'><strong>quemquam</strong></span> <span class='ocrx_word' id='word_1_14' title='bbox 1889 426 2080 482; x_wconf 87' lang='lat' dir='ltr'><strong>habuit</strong></span> <span class='ocrx_word' id='word_1_15' title='bbox 2105 426 2154 484; x_wconf 81' lang='grc' dir='ltr'>Α</span> <span class='ocrx_word' id='word_1_16' title='bbox 2179 421 2359 476; x_wconf 84' lang='lat' dir='ltr'><strong>Fuldae</strong></span> <span class='ocrx_word' id='word_1_17' title='bbox 2399 418 2692 513; x_wconf 79' lang='lat' dir='ltr'><strong>monachus</strong></span> <span class='ocrx_word' id='word_1_18' title='bbox 2723 424 2798 513; x_wconf 39' lang='lat' dir='ltr'><strong>.et</strong></span> <span class='ocrx_word' id='word_1_19' title='bbox 2845 413 3213 513; x_wconf 73' lang='lat' dir='ltr'><strong>sdiolasticus,</strong></span> <span class='ocrx_word' id='word_1_20' title='bbox 3263 411 3453 513; x_wconf 79' lang='lat' dir='ltr'><strong>deinde</strong></span> <span class='ocrx_word' id='word_1_21' title='bbox 3477 411 3677 513; x_wconf 49' lang='lat' dir='ltr'><strong>abbas,-</strong></span> <span class='ocrx_word' id='word_1_22' title='bbox 3701 423 3757 467; x_wconf 81' lang='lat' dir='ltr'><strong>et</strong></span> 
     </span>
    </p>
   </div>
   <div class='ocr_carea' id='block_1_5' title="bbox 518 519 2085 605">
    <p class='ocr_par' dir='ltr' id='par_1_5' title="bbox 518 519 2085 605">
     <span class='ocr_line' id='line_1_5' title="bbox 518 519 2085 605; baseline -0.018 -9"><span class='ocrx_word' id='word_1_23' title='bbox 518 540 776 604; x_wconf 82' lang='lat' dir='ltr'><strong>similem,</strong></span> <span class='ocrx_word' id='word_1_24' title='bbox 806 551 907 591; x_wconf 90' lang='lat' dir='ltr'><strong>nec</strong></span> <span class='ocrx_word' id='word_1_25' title='bbox 936 542 1058 605; x_wconf 86' lang='lat' dir='ltr'><strong>post</strong></span> <span class='ocrx_word' id='word_1_26' title='bbox 1081 547 1139 587; x_wconf 90' lang='lat' dir='ltr'><strong>se</strong></span> <span class='ocrx_word' id='word_1_27' title='bbox 1161 529 1376 597; x_wconf 73' lang='lat' dir='ltr'><strong>reliquit</strong></span> <span class='ocrx_word' id='word_1_28' title='bbox 1414 522 1688 593; x_wconf 64' lang='lat' dir='ltr'><strong>aequalem.</strong></span> <span class='ocrx_word' id='word_1_29' title='bbox 1723 519 1873 586; x_wconf 85' lang='lat' dir='ltr'><strong>Quod</strong></span> <span class='ocrx_word' id='word_1_30' title='bbox 1898 531 2085 571; x_wconf 90' lang='lat' dir='ltr'><strong>verum</strong></span> 
     </span>
    </p>
   </div>
   <div class='ocr_carea' id='block_1_6' title="bbox 522 605 2087 685">
    <p class='ocr_par' dir='ltr' id='par_1_6' title="bbox 522 605 2087 685">
     <span class='ocr_line' id='line_1_6' title="bbox 522 605 2087 685; baseline -0.017 0"><span class='ocrx_word' id='word_1_31' title='bbox 522 645 590 685; x_wconf 78' lang='lat' dir='ltr'><strong>ex</strong></span> <span class='ocrx_word' id='word_1_32' title='bbox 611 643 676 684; x_wconf 92' lang='lat' dir='ltr'><strong>eo</strong></span> <span class='ocrx_word' id='word_1_33' title='bbox 703 625 970 682; x_wconf 91' lang='lat' dir='ltr'><strong>constabit</strong></span> <span class='ocrx_word' id='word_1_34' title='bbox 993 622 1223 684; x_wconf 77' lang='lat' dir='ltr'><strong>facilius,</strong></span> <span class='ocrx_word' id='word_1_35' title='bbox 1265 618 1311 672; x_wconf 93' lang='lat' dir='ltr'><strong>si</strong></span> <span class='ocrx_word' id='word_1_36' title='bbox 1351 614 1538 669; x_wconf 86' lang='lat' dir='ltr'><strong>titulos</strong></span> <span class='ocrx_word' id='word_1_37' title='bbox 1566 611 1827 665; x_wconf 89' lang='lat' dir='ltr'><strong>librorum</strong></span> <span class='ocrx_word' id='word_1_38' title='bbox 1853 605 1967 675; x_wconf 85' lang='lat' dir='ltr'><strong>ejus</strong></span> <span class='ocrx_word' id='word_1_39' title='bbox 1992 620 2087 674; x_wconf 87' lang='lat' dir='ltr'><strong>per</strong></span> 
     </span>
    </p>
   </div>
   <div class='ocr_carea' id='block_1_7' title="bbox 516 696 2087 783">
    <p class='ocr_par' dir='ltr' id='par_1_7' title="bbox 516 696 2087 783">
     <span class='ocr_line' id='line_1_7' title="bbox 516 696 2087 783; baseline -0.015 -11"><span class='ocrx_word' id='word_1_40' title='bbox 516 718 760 772; x_wconf 82' lang='lat' dir='ltr'><strong>ordinem</strong></span> <span class='ocrx_word' id='word_1_41' title='bbox 776 703 1169 783; x_wconf 74' lang='lat' dir='ltr'><strong>exprimamus,</strong></span> <span class='ocrx_word' id='word_1_42' title='bbox 1194 721 1299 763; x_wconf 91' lang='lat' dir='ltr'><strong>non</strong></span> <span class='ocrx_word' id='word_1_43' title='bbox 1322 719 1428 774; x_wconf 89' lang='lat' dir='ltr'><strong>quo</strong></span> <span class='ocrx_word' id='word_1_44' title='bbox 1449 710 1572 756; x_wconf 90' lang='lat' dir='ltr'><strong>sunt</strong></span> <span class='ocrx_word' id='word_1_45' title='bbox 1595 699 1743 764; x_wconf 87' lang='lat' dir='ltr'><strong>editi,</strong></span> <span class='ocrx_word' id='word_1_46' title='bbox 1769 697 1862 753; x_wconf 86' lang='lat' dir='ltr'><strong>sed</strong></span> <span class='ocrx_word' id='word_1_47' title='bbox 1883 712 1916 751; x_wconf 92' lang='lat' dir='ltr'><strong>a</strong></span> <span class='ocrx_word' id='word_1_48' title='bbox 1935 696 2087 751; x_wconf 89' lang='lat' dir='ltr'><strong>nobis</strong></span> 
     </span>
    </p>
   </div>
   <div class='ocr_carea' id='block_1_8' title="bbox 519 808 1582 865">
    <p class='ocr_par' dir='ltr' id='par_1_8' title="bbox 519 808 1582 865">
     <span class='ocr_line' id='line_1_8' title="bbox 519 808 1582 865; baseline -0.017 -1"><span class='ocrx_word' id='word_1_49' title='bbox 519 808 786 865; x_wconf 87' lang='lat' dir='ltr'><strong>collocati.</strong></span> <span class='ocrx_word' id='word_1_50' title='bbox 1580 844 1582 846; x_wconf 74' lang='grc'>,</span> 
     </span>
    </p>
   </div>
   <div class='ocr_carea' id='block_1_9' title="bbox 589 875 2087 963">
    <p class='ocr_par' dir='ltr' id='par_1_9' title="bbox 589 875 2087 963">
     <span class='ocr_line' id='line_1_9' title="bbox 589 875 2087 963; baseline -0.013 -14"><span class='ocrx_word' id='word_1_51' title='bbox 589 894 814 963; x_wconf 90' lang='lat' dir='ltr'><strong>Scripsit</strong></span> <span class='ocrx_word' id='word_1_52' title='bbox 841 892 1001 960; x_wconf 79' lang='lat' dir='ltr'><strong>igitur</strong></span> <span class='ocrx_word' id='word_1_53' title='bbox 1020 889 1084 943; x_wconf 91' lang='lat' dir='ltr'><strong>ad</strong></span> <span class='ocrx_word' id='word_1_54' title='bbox 1110 883 1410 942; x_wconf 87' lang='lat' dir='ltr'><strong>Frecolfum</strong></span> <span class='ocrx_word' id='word_1_55' title='bbox 1456 881 1844 936; x_wconf 79' lang='lat' dir='ltr'><strong>Lexoviensem</strong></span> <span class='ocrx_word' id='word_1_56' title='bbox 1875 878 1928 932; x_wconf 91' lang='lat' dir='ltr'><strong>in</strong></span> <span class='ocrx_word' id='word_1_57' title='bbox 1951 875 2087 963; x_wconf 87' lang='lat' dir='ltr'><strong>Nor-</strong></span> 
     </span>
    </p>
   </div>
   <div class='ocr_carea' id='block_1_10' title="bbox 519 962 2085 1051">
    <p class='ocr_par' dir='ltr' id='par_1_10' title="bbox 519 962 2085 1051">
     <span class='ocr_line' id='line_1_10' title="bbox 519 962 2085 1051; baseline -0.011 -14"><span class='ocrx_word' id='word_1_58' title='bbox 519 962 737 1051; x_wconf 82' lang='lat' dir='ltr'><strong>mannia</strong></span> <span class='ocrx_word' id='word_1_59' title='bbox 784 979 1114 1050; x_wconf 78' lang='lat' dir='ltr'><strong>episcopum,</strong></span> <span class='ocrx_word' id='word_1_60' title='bbox 1143 972 1416 1044; x_wconf 90' lang='lat' dir='ltr'><strong>quondam</strong></span> <span class='ocrx_word' id='word_1_61' title='bbox 1459 968 1776 1038; x_wconf 87' lang='lat' dir='ltr'><strong>discipulum</strong></span> <span class='ocrx_word' id='word_1_62' title='bbox 1819 979 1995 1031; x_wconf 88' lang='lat' dir='ltr'><strong>suum,</strong></span> <span class='ocrx_word' id='word_1_63' title='bbox 2018 962 2085 1019; x_wconf 87' lang='lat' dir='ltr'><strong>de</strong></span> 
     </span>
    </p>
   </div>
   <div class='ocr_carea' id='block_1_11' title="bbox 520 1052 2083 1141">
    <p class='ocr_par' dir='ltr' id='par_1_11' title="bbox 520 1052 2083 1141">
     <span class='ocr_line' id='line_1_11' title="bbox 520 1052 2083 1141; baseline -0.013 -17"><span class='ocrx_word' id='word_1_64' title='bbox 520 1089 628 1141; x_wconf 84' lang='lat' dir='ltr'><strong>quo</strong></span> <span class='ocrx_word' id='word_1_65' title='bbox 647 1085 807 1141; x_wconf 85' lang='lat' dir='ltr'><strong>supra</strong></span> <span class='ocrx_word' id='word_1_66' title='bbox 832 1068 1084 1130; x_wconf 78' lang='lat' dir='ltr'><strong>diximus,</strong></span> <span class='ocrx_word' id='word_1_67' title='bbox 1115 1064 1168 1117; x_wconf 90' lang='lat' dir='ltr'><strong>in</strong></span> <span class='ocrx_word' id='word_1_68' title='bbox 1222 1061 1472 1116; x_wconf 88' lang='lat' dir='ltr'><strong>Genesim</strong></span> <span class='ocrx_word' id='word_1_69' title='bbox 1519 1058 1685 1113; x_wconf 88' lang='lat' dir='ltr'><strong>libros</strong></span> <span class='ocrx_word' id='word_1_70' title='bbox 1735 1062 1998 1126; x_wconf 85' lang='lat' dir='ltr'><strong>quatuor;</strong></span> <span class='ocrx_word' id='word_1_71' title='bbox 2029 1052 2083 1104; x_wconf 92' lang='lat' dir='ltr'><strong>in</strong></span> 
     </span>
    </p>
   </div>
   <div class='ocr_carea' id='block_1_12' title="bbox 492 1146 2079 1225">
    <p class='ocr_par' dir='ltr' id='par_1_12' title="bbox 492 1146 2079 1225">
     <span class='ocr_line' id='line_1_12' title="bbox 492 1146 2079 1225; baseline -0.016 -7"><span class='ocrx_word' id='word_1_72' title='bbox 492 1216 499 1219; x_wconf 96' lang='lat'>_</span> <span class='ocrx_word' id='word_1_73' title='bbox 522 1160 763 1215; x_wconf 84' lang='lat' dir='ltr'><strong>Exodum</strong></span> <span class='ocrx_word' id='word_1_74' title='bbox 796 1158 962 1212; x_wconf 90' lang='lat' dir='ltr'><strong>libros</strong></span> <span class='ocrx_word' id='word_1_75' title='bbox 983 1162 1243 1225; x_wconf 88' lang='lat' dir='ltr'><strong>quatuor;</strong></span> <span class='ocrx_word' id='word_1_76' title='bbox 1272 1151 1327 1205; x_wconf 91' lang='lat' dir='ltr'><strong>in</strong></span> <span class='ocrx_word' id='word_1_77' title='bbox 1347 1150 1612 1204; x_wconf 79' lang='lat' dir='ltr'><strong>Numeros</strong></span> <span class='ocrx_word' id='word_1_78' title='bbox 1639 1146 1804 1201; x_wconf 86' lang='lat' dir='ltr'><strong>libros</strong></span> <span class='ocrx_word' id='word_1_79' title='bbox 1824 1149 2079 1213; x_wconf 85' lang='lat' dir='ltr'><strong>quatuor;</strong></span> 
     </span>
    </p>
   </div>
   <div class='ocr_carea' id='block_1_13' title="bbox 521 1233 2085 1314">
    <p class='ocr_par' dir='ltr' id='par_1_13' title="bbox 521 1233 2085 1314">
     <span class='ocr_line' id='line_1_13' title="bbox 521 1233 2085 1314; baseline -0.011 -13"><span class='ocrx_word' id='word_1_80' title='bbox 521 1252 570 1304; x_wconf 91' lang='lat' dir='ltr'><strong>in</strong></span> <span class='ocrx_word' id='word_1_81' title='bbox 588 1248 881 1304; x_wconf 89' lang='lat' dir='ltr'><strong>Leviticum</strong></span> <span class='ocrx_word' id='word_1_82' title='bbox 901 1246 1066 1300; x_wconf 87' lang='lat' dir='ltr'><strong>libros</strong></span> <span class='ocrx_word' id='word_1_83' title='bbox 1085 1251 1342 1314; x_wconf 83' lang='lat' dir='ltr'><strong>quatuor;</strong></span> <span class='ocrx_word' id='word_1_84' title='bbox 1364 1239 1420 1294; x_wconf 84' lang='lat' dir='ltr'><strong>in</strong></span> <span class='ocrx_word' id='word_1_85' title='bbox 1441 1235 1907 1294; x_wconf 89' lang='lat' dir='ltr'><strong>Deuteronomium</strong></span> <span class='ocrx_word' id='word_1_86' title='bbox 1922 1233 2085 1286; x_wconf 87' lang='lat' dir='ltr'><strong>libros</strong></span> 
     </span>
    </p>
   </div>
   <div class='ocr_carea' id='block_1_14' title="bbox 477 1321 2094 1408">
    <p class='ocr_par' dir='ltr' id='par_1_14' title="bbox 477 1321 2094 1408">
     <span class='ocr_line' id='line_1_14' title="bbox 477 1321 2094 1408; baseline -0.012 -16"><span class='ocrx_word' id='word_1_87' title='bbox 477 1389 480 1392; x_wconf 83' lang='lat'><strong>.</strong></span> <span class='ocrx_word' id='word_1_88' title='bbox 519 1349 782 1408; x_wconf 88' lang='lat' dir='ltr'><strong>quatuor;</strong></span> <span class='ocrx_word' id='word_1_89' title='bbox 831 1337 883 1390; x_wconf 93' lang='lat' dir='ltr'><strong>in</strong></span> <span class='ocrx_word' id='word_1_90' title='bbox 912 1334 1190 1389; x_wconf 87' lang='lat' dir='ltr'><strong>historiam</strong></span> <span class='ocrx_word' id='word_1_91' title='bbox 1218 1328 1379 1384; x_wconf 81' lang='lat' dir='ltr'><strong>Josue</strong></span> <span class='ocrx_word' id='word_1_92' title='bbox 1418 1328 1585 1381; x_wconf 89' lang='lat' dir='ltr'><strong>libros</strong></span> <span class='ocrx_word' id='word_1_93' title='bbox 1614 1326 1782 1386; x_wconf 86' lang='lat' dir='ltr'><strong>duos;</strong></span> <span class='ocrx_word' id='word_1_94' title='bbox 1835 1323 1887 1374; x_wconf 87' lang='lat' dir='ltr'><strong>in</strong></span> <span class='ocrx_word' id='word_1_95' title='bbox 1918 1321 2094 1381; x_wconf 52' lang='lat' dir='ltr'><strong>histos</strong></span> 
     </span>
    </p>
   </div>
   <div class='ocr_carea' id='block_1_15' title="bbox 520 1408 2145 1500">
    <p class='ocr_par' dir='ltr' id='par_1_15' title="bbox 520 1408 2145 1500">
     <span class='ocr_line' id='line_1_15' title="bbox 520 1408 2145 1500; baseline -0.011 -22"><span class='ocrx_word' id='word_1_96' title='bbox 520 1428 655 1480; x_wconf 79' lang='lat' dir='ltr'><strong>riam</strong></span> <span class='ocrx_word' id='word_1_97' title='bbox 676 1424 921 1479; x_wconf 86' lang='lat' dir='ltr'><strong>Judicum</strong></span> <span class='ocrx_word' id='word_1_98' title='bbox 946 1423 1110 1476; x_wconf 89' lang='lat' dir='ltr'><strong>libros</strong></span> <span class='ocrx_word' id='word_1_99' title='bbox 1129 1420 1298 1500; x_wconf 78' lang='lat' dir='ltr'><strong>duos;</strong></span> <span class='ocrx_word' id='word_1_100' title='bbox 1333 1418 1384 1471; x_wconf 91' lang='lat' dir='ltr'><strong>in</strong></span> <span class='ocrx_word' id='word_1_101' title='bbox 1408 1414 1685 1470; x_wconf 87' lang='lat' dir='ltr'><strong>historiam</strong></span> <span class='ocrx_word' id='word_1_102' title='bbox 1716 1409 1859 1500; x_wconf 82' lang='lat' dir='ltr'><strong>Ruth</strong></span> <span class='ocrx_word' id='word_1_103' title='bbox 1887 1408 2083 1463; x_wconf 89' lang='lat' dir='ltr'><strong>librum</strong></span> <span class='ocrx_word' id='word_1_104' title='bbox 2137 1464 2145 1474; x_wconf 86' lang='lat'><em>_</em></span> 
     </span>
    </p>
   </div>
   <div class='ocr_carea' id='block_1_16' title="bbox 519 1497 2076 1573">
    <p class='ocr_par' dir='ltr' id='par_1_16' title="bbox 519 1497 2076 1573">
     <span class='ocr_line' id='line_1_16' title="bbox 519 1497 2076 1573; baseline -0.008 -7"><span class='ocrx_word' id='word_1_105' title='bbox 519 1529 720 1570; x_wconf 89' lang='lat' dir='ltr'><strong>unum:</strong></span> <span class='ocrx_word' id='word_1_106' title='bbox 773 1514 840 1567; x_wconf 89' lang='lat' dir='ltr'><strong>ad</strong></span> <span class='ocrx_word' id='word_1_107' title='bbox 889 1497 1274 1573; x_wconf 79' lang='lat' dir='ltr'><strong>Hildowinum,</strong></span> <span class='ocrx_word' id='word_1_108' title='bbox 1317 1508 1562 1561; x_wconf 84' lang='lat' dir='ltr'><strong>abbatem</strong></span> <span class='ocrx_word' id='word_1_109' title='bbox 1611 1501 1786 1557; x_wconf 79' lang='lat' dir='ltr'><strong>sancti</strong></span> <span class='ocrx_word' id='word_1_110' title='bbox 1834 1497 2076 1570; x_wconf 84' lang='lat' dir='ltr'><strong>Dionysii</strong></span> 
     </span>
    </p>
   </div>
   <div class='ocr_carea' id='block_1_17' title="bbox 517 1590 2082 1675">
    <p class='ocr_par' dir='ltr' id='par_1_17' title="bbox 517 1590 2082 1675">
     <span class='ocr_line' id='line_1_17' title="bbox 517 1590 2082 1675; baseline -0.012 -18"><span class='ocrx_word' id='word_1_111' title='bbox 517 1621 676 1675; x_wconf 71' lang='lat' dir='ltr'><strong>super</strong></span> <span class='ocrx_word' id='word_1_112' title='bbox 699 1603 978 1658; x_wconf 89' lang='lat' dir='ltr'><strong>historiam</strong></span> <span class='ocrx_word' id='word_1_113' title='bbox 1008 1601 1218 1671; x_wconf 31' lang='lat' dir='ltr'><strong>Regum.</strong></span> <span class='ocrx_word' id='word_1_114' title='bbox 1261 1597 1424 1653; x_wconf 89' lang='lat' dir='ltr'><strong>libros</strong></span> <span class='ocrx_word' id='word_1_115' title='bbox 1451 1596 1668 1665; x_wconf 82' lang='lat' dir='ltr'><strong>plures;</strong></span> <span class='ocrx_word' id='word_1_116' title='bbox 1718 1592 1774 1645; x_wconf 94' lang='lat' dir='ltr'><strong>in</strong></span> <span class='ocrx_word' id='word_1_117' title='bbox 1810 1590 2082 1660; x_wconf 87' lang='lat' dir='ltr'><strong>Paralipo.</strong></span> 
     </span>
    </p>
   </div>
   <div class='ocr_carea' id='block_1_18' title="bbox 521 1683 2081 1760">
    <p class='ocr_par' dir='ltr' id='par_1_18' title="bbox 521 1683 2081 1760">
     <span class='ocr_line' id='line_1_18' title="bbox 521 1683 2081 1760; baseline -0.008 -12"><span class='ocrx_word' id='word_1_118' title='bbox 521 1710 713 1749; x_wconf 84' lang='lat' dir='ltr'><strong>menon</strong></span> <span class='ocrx_word' id='word_1_119' title='bbox 761 1692 924 1747; x_wconf 90' lang='lat' dir='ltr'><strong>libros</strong></span> <span class='ocrx_word' id='word_1_120' title='bbox 967 1698 1231 1760; x_wconf 86' lang='lat' dir='ltr'><strong>quatuor;</strong></span> <span class='ocrx_word' id='word_1_121' title='bbox 1289 1688 1342 1740; x_wconf 90' lang='lat' dir='ltr'><strong>in</strong></span> <span class='ocrx_word' id='word_1_122' title='bbox 1385 1686 1664 1740; x_wconf 52' lang='lat' dir='ltr'><strong>Esdramﬁ</strong></span> <span class='ocrx_word' id='word_1_123' title='bbox 1689 1692 1744 1738; x_wconf 92' lang='lat' dir='ltr'><strong>et</strong></span> <span class='ocrx_word' id='word_1_124' title='bbox 1770 1683 2081 1740; x_wconf 82' lang='lat' dir='ltr'><strong>Nehemiam</strong></span> 
     </span>
    </p>
   </div>
   <div class='ocr_carea' id='block_1_19' title="bbox 2186 501 3753 579">
    <p class='ocr_par' dir='ltr' id='par_1_19' title="bbox 2186 501 3753 579">
     <span class='ocr_line' id='line_1_19' title="bbox 2186 501 3753 579; baseline -0.006 -14"><span class='ocrx_word' id='word_1_125' title='bbox 2186 520 2457 579; x_wconf 85' lang='lat' dir='ltr'><strong>postremo</strong></span> <span class='ocrx_word' id='word_1_126' title='bbox 2500 504 2934 573; x_wconf 79' lang='lat' dir='ltr'><strong>archiepisCOpus</strong></span> <span class='ocrx_word' id='word_1_127' title='bbox 2960 503 3076 557; x_wconf 86' lang='lat' dir='ltr'><strong>sine</strong></span> <span class='ocrx_word' id='word_1_128' title='bbox 3104 503 3499 558; x_wconf 86' lang='lat' dir='ltr'><strong>intermissione</strong></span> <span class='ocrx_word' id='word_1_129' title='bbox 3526 517 3628 572; x_wconf 89' lang='lat' dir='ltr'><strong>pro</strong></span> <span class='ocrx_word' id='word_1_130' title='bbox 3655 501 3753 557; x_wconf 85' lang='lat' dir='ltr'><strong>Dei</strong></span> 
     </span>
    </p>
   </div>
   <div class='ocr_carea' id='block_1_20' title="bbox 2186 591 3540 669">
    <p class='ocr_par' dir='ltr' id='par_1_20' title="bbox 2186 591 3540 669">
     <span class='ocr_line' id='line_1_20' title="bbox 2186 591 3540 669; baseline -0.004 -17"><span class='ocrx_word' id='word_1_131' title='bbox 2186 599 2352 669; x_wconf 79' lang='lat' dir='ltr'><strong>gloria</strong></span> <span class='ocrx_word' id='word_1_132' title='bbox 2373 607 2427 652; x_wconf 89' lang='lat' dir='ltr'><strong>et</strong></span> <span class='ocrx_word' id='word_1_133' title='bbox 2455 595 2687 650; x_wconf 85' lang='lat' dir='ltr'><strong>fidelium</strong></span> <span class='ocrx_word' id='word_1_134' title='bbox 2716 592 2948 646; x_wconf 87' lang='lat' dir='ltr'><strong>utilitate</strong></span> <span class='ocrx_word' id='word_1_135' title='bbox 2977 591 3210 646; x_wconf 84' lang='lat' dir='ltr'><strong>maxima</strong></span> <span class='ocrx_word' id='word_1_136' title='bbox 3250 594 3540 648; x_wconf 88' lang='lat' dir='ltr'><strong>insudavit.</strong></span> 
     </span>
    </p>
   </div>
   <div class='ocr_carea' id='block_1_21' title="bbox 2255 680 3764 743">
    <p class='ocr_par' dir='ltr' id='par_1_21' title="bbox 2255 680 3764 743">
     <span class='ocr_line' id='line_1_21' title="bbox 2255 680 3764 743; baseline -0.003 -1"><span class='ocrx_word' id='word_1_137' title='bbox 2255 688 2377 743; x_wconf 89' lang='lat' dir='ltr'><strong>Fuit</strong></span> <span class='ocrx_word' id='word_1_138' title='bbox 2401 686 2545 740; x_wconf 90' lang='lat' dir='ltr'><strong>enim</strong></span> <span class='ocrx_word' id='word_1_139' title='bbox 2573 685 2654 737; x_wconf 87' lang='lat' dir='ltr'><strong>vir</strong></span> <span class='ocrx_word' id='word_1_140' title='bbox 2673 698 2767 737; x_wconf 92' lang='lat' dir='ltr'><strong>sua</strong></span> <span class='ocrx_word' id='word_1_141' title='bbox 2796 689 2950 735; x_wconf 62' lang='lat' dir='ltr'><strong>aetate</strong></span> <span class='ocrx_word' id='word_1_142' title='bbox 2971 680 3358 736; x_wconf 88' lang='lat' dir='ltr'><strong>Germanorum</strong></span> <span class='ocrx_word' id='word_1_143' title='bbox 3381 683 3618 738; x_wconf 89' lang='lat' dir='ltr'><strong>omnium</strong></span> <span class='ocrx_word' id='word_1_144' title='bbox 3647 690 3764 737; x_wconf 79' lang='lat' dir='ltr'><strong>stu-</strong></span> 
     </span>
    </p>
   </div>
   <div class='ocr_carea' id='block_1_22' title="bbox 2187 770 3755 841">
    <p class='ocr_par' dir='ltr' id='par_1_22' title="bbox 2187 770 3755 841">
     <span class='ocr_line' id='line_1_22' title="bbox 2187 770 3755 841; baseline -0.003 -8"><span class='ocrx_word' id='word_1_145' title='bbox 2187 777 2542 839; x_wconf 89' lang='lat' dir='ltr'><strong>diosissimus,</strong></span> <span class='ocrx_word' id='word_1_146' title='bbox 2568 781 2621 826; x_wconf 91' lang='lat' dir='ltr'><strong>et</strong></span> <span class='ocrx_word' id='word_1_147' title='bbox 2666 770 2984 825; x_wconf 83' lang='lat' dir='ltr'><strong>universalis</strong></span> <span class='ocrx_word' id='word_1_148' title='bbox 3021 770 3174 824; x_wconf 80' lang='lat' dir='ltr'><strong>facile</strong></span> <span class='ocrx_word' id='word_1_149' title='bbox 3202 772 3447 841; x_wconf 87' lang='lat' dir='ltr'><strong>princeps</strong></span> <span class='ocrx_word' id='word_1_150' title='bbox 3475 772 3755 839; x_wconf 69' lang='lat' dir='ltr'><strong>doctrinm,</strong></span> 
     </span>
    </p>
   </div>
   <div class='ocr_carea' id='block_1_23' title="bbox 2186 858 3756 940">
    <p class='ocr_par' dir='ltr' id='par_1_23' title="bbox 2186 858 3756 940">
     <span class='ocr_line' id='line_1_23' title="bbox 2186 858 3756 940; baseline -0.004 -16"><span class='ocrx_word' id='word_1_151' title='bbox 2186 869 2275 940; x_wconf 89' lang='lat' dir='ltr'><strong>qui</strong></span> <span class='ocrx_word' id='word_1_152' title='bbox 2316 865 2574 936; x_wconf 86' lang='lat' dir='ltr'><strong>sapientia</strong></span> <span class='ocrx_word' id='word_1_153' title='bbox 2626 871 2680 916; x_wconf 94' lang='lat' dir='ltr'><strong>et</strong></span> <span class='ocrx_word' id='word_1_154' title='bbox 2711 861 3012 917; x_wconf 92' lang='lat' dir='ltr'><strong>eruditione</strong></span> <span class='ocrx_word' id='word_1_155' title='bbox 3061 860 3114 914; x_wconf 90' lang='lat' dir='ltr'><strong>in</strong></span> <span class='ocrx_word' id='word_1_156' title='bbox 3155 877 3257 930; x_wconf 87' lang='lat' dir='ltr'><strong>sua</strong></span> <span class='ocrx_word' id='word_1_157' title='bbox 3308 864 3523 918; x_wconf 82' lang='lat' dir='ltr'><strong>natione</strong></span> <span class='ocrx_word' id='word_1_158' title='bbox 3566 858 3756 918; x_wconf 83' lang='lat' dir='ltr'><strong>omnes</strong></span> 
     </span>
    </p>
   </div>
   <div class='ocr_carea' id='block_1_24' title="bbox 2184 952 3754 1028">
    <p class='ocr_par' dir='ltr' id='par_1_24' title="bbox 2184 952 3754 1028">
     <span class='ocr_line' id='line_1_24' title="bbox 2184 952 3754 1028; baseline -0.005 -12"><span class='ocrx_word' id='word_1_159' title='bbox 2184 957 2473 1028; x_wconf 86' lang='lat' dir='ltr'><strong>superavit,</strong></span> <span class='ocrx_word' id='word_1_160' title='bbox 2504 955 2737 1023; x_wconf 78' lang='lat' dir='ltr'><strong>vicitque</strong></span> <span class='ocrx_word' id='word_1_161' title='bbox 2755 952 3137 1022; x_wconf 78' lang='lat' dir='ltr'><strong>praecedentes,</strong></span> <span class='ocrx_word' id='word_1_162' title='bbox 3165 967 3264 1006; x_wconf 87' lang='lat' dir='ltr'><strong>nec</strong></span> <span class='ocrx_word' id='word_1_163' title='bbox 3283 953 3507 1008; x_wconf 89' lang='lat' dir='ltr'><strong>similem</strong></span> <span class='ocrx_word' id='word_1_164' title='bbox 3547 961 3671 1023; x_wconf 86' lang='lat' dir='ltr'><strong>post</strong></span> <span class='ocrx_word' id='word_1_165' title='bbox 3696 968 3754 1009; x_wconf 89' lang='lat' dir='ltr'><strong>se</strong></span> 
     </span>
    </p>
   </div>
   <div class='ocr_carea' id='block_1_25' title="bbox 2184 1041 3754 1113">
    <p class='ocr_par' dir='ltr' id='par_1_25' title="bbox 2184 1041 3754 1113">
     <span class='ocr_line' id='line_1_25' title="bbox 2184 1041 3754 1113; baseline -0.003 -10"><span class='ocrx_word' id='word_1_166' title='bbox 2184 1048 2393 1111; x_wconf 85' lang='lat' dir='ltr'><strong>habuit,</strong></span> <span class='ocrx_word' id='word_1_167' title='bbox 2423 1045 2565 1099; x_wconf 86' lang='lat' dir='ltr'><strong>inter</strong></span> <span class='ocrx_word' id='word_1_168' title='bbox 2590 1057 2868 1113; x_wconf 84' lang='lat' dir='ltr'><strong>sequaces.</strong></span> <span class='ocrx_word' id='word_1_169' title='bbox 2901 1041 2981 1096; x_wconf 83' lang='lat' dir='ltr'><strong>Ah</strong></span> <span class='ocrx_word' id='word_1_170' title='bbox 3011 1057 3075 1096; x_wconf 93' lang='lat' dir='ltr'><strong>eo</strong></span> <span class='ocrx_word' id='word_1_171' title='bbox 3098 1055 3328 1110; x_wconf 89' lang='lat' dir='ltr'><strong>namque</strong></span> <span class='ocrx_word' id='word_1_172' title='bbox 3355 1050 3613 1112; x_wconf 91' lang='lat' dir='ltr'><strong>tempore,</strong></span> <span class='ocrx_word' id='word_1_173' title='bbox 3647 1059 3754 1113; x_wconf 88' lang='lat' dir='ltr'><strong>quo</strong></span> 
     </span>
    </p>
   </div>
   <div class='ocr_carea' id='block_1_26' title="bbox 2184 1131 3753 1204">
    <p class='ocr_par' dir='ltr' id='par_1_26' title="bbox 2184 1131 3753 1204">
     <span class='ocr_line' id='line_1_26' title="bbox 2184 1131 3753 1204; baseline -0.002 -13"><span class='ocrx_word' id='word_1_174' title='bbox 2184 1136 2562 1192; x_wconf 90' lang='lat' dir='ltr'><strong>scholasticam</strong></span> <span class='ocrx_word' id='word_1_175' title='bbox 2592 1134 2733 1204; x_wconf 89' lang='lat' dir='ltr'><strong>apud</strong></span> <span class='ocrx_word' id='word_1_176' title='bbox 2775 1132 2998 1186; x_wconf 89' lang='lat' dir='ltr'><strong>Fuldam</strong></span> <span class='ocrx_word' id='word_1_177' title='bbox 3029 1131 3403 1186; x_wconf 83' lang='lat' dir='ltr'><strong>claustralibus</strong></span> <span class='ocrx_word' id='word_1_178' title='bbox 3445 1134 3753 1202; x_wconf 63' lang='lat' dir='ltr'><strong>palaestram</strong></span> 
     </span>
    </p>
   </div>
   <div class='ocr_carea' id='block_1_27' title="bbox 2184 1221 3751 1295">
    <p class='ocr_par' dir='ltr' id='par_1_27' title="bbox 2184 1221 3751 1295">
     <span class='ocr_line' id='line_1_27' title="bbox 2184 1221 3751 1295; baseline -0.001 -14"><span class='ocrx_word' id='word_1_179' title='bbox 2184 1226 2434 1291; x_wconf 65' lang='lat' dir='ltr'><strong>instituit;</strong></span> <span class='ocrx_word' id='word_1_180' title='bbox 2468 1240 2566 1295; x_wconf 91' lang='lat' dir='ltr'><strong>per</strong></span> <span class='ocrx_word' id='word_1_181' title='bbox 2609 1239 2778 1280; x_wconf 91' lang='lat' dir='ltr'><strong>annos</strong></span> <span class='ocrx_word' id='word_1_182' title='bbox 2821 1224 2989 1277; x_wconf 82' lang='lat' dir='ltr'><strong>ferme</strong></span> <span class='ocrx_word' id='word_1_183' title='bbox 3036 1221 3475 1292; x_wconf 82' lang='lat' dir='ltr'><strong>quadringentos,</strong></span> <span class='ocrx_word' id='word_1_184' title='bbox 3505 1225 3659 1278; x_wconf 91' lang='lat' dir='ltr'><strong>multi</strong></span> <span class='ocrx_word' id='word_1_185' title='bbox 3700 1226 3751 1279; x_wconf 90' lang='lat' dir='ltr'><strong>in</strong></span> 
     </span>
    </p>
   </div>
   <div class='ocr_carea' id='block_1_28' title="bbox 2179 1312 3751 1383">
    <p class='ocr_par' dir='ltr' id='par_1_28' title="bbox 2179 1312 3751 1383">
     <span class='ocr_line' id='line_1_28' title="bbox 2179 1312 3751 1383; baseline -0.001 -13"><span class='ocrx_word' id='word_1_186' title='bbox 2179 1316 2367 1370; x_wconf 84' lang='lat' dir='ltr'><strong>ordine</strong></span> <span class='ocrx_word' id='word_1_187' title='bbox 2395 1315 2566 1370; x_wconf 83' lang='lat' dir='ltr'><strong>sancti</strong></span> <span class='ocrx_word' id='word_1_188' title='bbox 2617 1315 2787 1383; x_wconf 88' lang='lat' dir='ltr'><strong>patris</strong></span> <span class='ocrx_word' id='word_1_189' title='bbox 2827 1313 3099 1368; x_wconf 86' lang='lat' dir='ltr'><strong>Benedicti</strong></span> <span class='ocrx_word' id='word_1_190' title='bbox 3145 1325 3241 1381; x_wconf 88' lang='lat' dir='ltr'><strong>per</strong></span> <span class='ocrx_word' id='word_1_191' title='bbox 3283 1319 3445 1365; x_wconf 89' lang='lat' dir='ltr'><strong>totam</strong></span> <span class='ocrx_word' id='word_1_192' title='bbox 3482 1312 3751 1382; x_wconf 84' lang='lat' dir='ltr'><strong>Europam</strong></span> 
     </span>
    </p>
   </div>
   <div class='ocr_carea' id='block_1_29' title="bbox 2160 1399 3754 1469">
    <p class='ocr_par' dir='ltr' id='par_1_29' title="bbox 2160 1399 3754 1469">
     <span class='ocr_line' id='line_1_29' title="bbox 2160 1399 3754 1469; baseline -0.001 -13"><span class='ocrx_word' id='word_1_193' title='bbox 2160 1404 2431 1469; x_wconf 82' lang='lat' dir='ltr'><strong>monachi</strong></span> <span class='ocrx_word' id='word_1_194' title='bbox 2453 1402 2750 1457; x_wconf 90' lang='lat' dir='ltr'><strong>doctissimi</strong></span> <span class='ocrx_word' id='word_1_195' title='bbox 2793 1402 3120 1456; x_wconf 88' lang='lat' dir='ltr'><strong>claruerunt.</strong></span> <span class='ocrx_word' id='word_1_196' title='bbox 3167 1400 3242 1454; x_wconf 89' lang='lat' dir='ltr'><strong>De</strong></span> <span class='ocrx_word' id='word_1_197' title='bbox 3275 1400 3468 1469; x_wconf 90' lang='lat' dir='ltr'><strong>quibus</strong></span> <span class='ocrx_word' id='word_1_198' title='bbox 3498 1399 3552 1452; x_wconf 91' lang='lat' dir='ltr'><strong>in</strong></span> <span class='ocrx_word' id='word_1_199' title='bbox 3578 1399 3754 1468; x_wconf 90' lang='lat' dir='ltr'><strong>primo</strong></span> 
     </span>
    </p>
   </div>
   <div class='ocr_carea' id='block_1_30' title="bbox 2180 1489 3749 1555">
    <p class='ocr_par' dir='ltr' id='par_1_30' title="bbox 2180 1489 3749 1555">
     <span class='ocr_line' id='line_1_30' title="bbox 2180 1489 3749 1555; baseline -0.001 -11"><span class='ocrx_word' id='word_1_200' title='bbox 2180 1491 2316 1546; x_wconf 86' lang='lat' dir='ltr'><strong>libro</strong></span> <span class='ocrx_word' id='word_1_201' title='bbox 2337 1493 2576 1546; x_wconf 88' lang='lat' dir='ltr'><strong>virorum</strong></span> <span class='ocrx_word' id='word_1_202' title='bbox 2617 1491 2922 1555; x_wconf 86' lang='lat' dir='ltr'><strong>illustrium,</strong></span> <span class='ocrx_word' id='word_1_203' title='bbox 2973 1489 3175 1544; x_wconf 91' lang='lat' dir='ltr'><strong>ordinis</strong></span> <span class='ocrx_word' id='word_1_204' title='bbox 3225 1489 3393 1543; x_wconf 88' lang='lat' dir='ltr'><strong>nostri</strong></span> <span class='ocrx_word' id='word_1_205' title='bbox 3445 1490 3749 1554; x_wconf 86' lang='lat' dir='ltr'><strong>memorati,</strong></span> 
     </span>
    </p>
   </div>
   <div class='ocr_carea' id='block_1_31' title="bbox 2181 1579 3756 1653">
    <p class='ocr_par' dir='ltr' id='par_1_31' title="bbox 2181 1579 3756 1653">
     <span class='ocr_line' id='line_1_31' title="bbox 2181 1579 3756 1653; baseline -0.001 -19"><span class='ocrx_word' id='word_1_206' title='bbox 2181 1580 2484 1653; x_wconf 88' lang='lat' dir='ltr'><strong>complures</strong></span> <span class='ocrx_word' id='word_1_207' title='bbox 2537 1579 2852 1634; x_wconf 85' lang='lat' dir='ltr'><strong>nominatim</strong></span> <span class='ocrx_word' id='word_1_208' title='bbox 2901 1579 3166 1645; x_wconf 90' lang='lat' dir='ltr'><strong>recensui,</strong></span> <span class='ocrx_word' id='word_1_209' title='bbox 3209 1587 3263 1634; x_wconf 91' lang='lat' dir='ltr'><strong>et</strong></span> <span class='ocrx_word' id='word_1_210' title='bbox 3297 1579 3456 1634; x_wconf 81' lang='lat' dir='ltr'><strong>etiam</strong></span> <span class='ocrx_word' id='word_1_211' title='bbox 3489 1595 3594 1634; x_wconf 92' lang='lat' dir='ltr'><strong>non</strong></span> <span class='ocrx_word' id='word_1_212' title='bbox 3623 1595 3756 1649; x_wconf 84' lang='lat' dir='ltr'><strong>pau-</strong></span> 
     </span>
    </p>
   </div>
   <div class='ocr_carea' id='block_1_32' title="bbox 2182 1655 3755 1738">
    <p class='ocr_par' dir='ltr' id='par_1_32' title="bbox 2182 1655 3755 1738">
     <span class='ocr_line' id='line_1_32' title="bbox 2182 1655 3755 1738; baseline -0.003 -12"><span class='ocrx_word' id='word_1_213' title='bbox 2182 1685 2274 1726; x_wconf 90' lang='lat' dir='ltr'><strong>eos</strong></span> <span class='ocrx_word' id='word_1_214' title='bbox 2294 1670 2347 1724; x_wconf 93' lang='lat' dir='ltr'><strong>in</strong></span> <span class='ocrx_word' id='word_1_215' title='bbox 2368 1669 2636 1724; x_wconf 86' lang='lat' dir='ltr'><strong>volumine</strong></span> <span class='ocrx_word' id='word_1_216' title='bbox 2674 1669 2739 1724; x_wconf 89' lang='lat' dir='ltr'><strong>de</strong></span> <span class='ocrx_word' id='word_1_217' title='bbox 2759 1655 3106 1738; x_wconf 77' lang='lat' dir='ltr'><strong>Scriptoribns</strong></span> <span class='ocrx_word' id='word_1_218' title='bbox 3143 1669 3518 1724; x_wconf 88' lang='lat' dir='ltr'><strong>ecclesiasticis</strong></span> <span class='ocrx_word' id='word_1_219' title='bbox 3551 1669 3755 1726; x_wconf 90' lang='lat' dir='ltr'><strong>dudum</strong></span> 
     </span>
    </p>
   </div>
   <div class='ocr_carea' id='block_1_33' title="bbox 518 1757 3755 1847">
    <p class='ocr_par' dir='ltr' id='par_1_33' title="bbox 518 1757 3755 1847">
     <span class='ocr_line' id='line_1_33' title="bbox 518 1757 3755 1847; baseline -0.008 -11"><span class='ocrx_word' id='word_1_220' title='bbox 518 1786 682 1839; x_wconf 84' lang='lat' dir='ltr'><strong>libros</strong></span> <span class='ocrx_word' id='word_1_221' title='bbox 706 1792 855 1847; x_wconf 87' lang='lat' dir='ltr'><strong>tres;</strong></span> <span class='ocrx_word' id='word_1_222' title='bbox 905 1781 959 1835; x_wconf 92' lang='lat' dir='ltr'><strong>in</strong></span> <span class='ocrx_word' id='word_1_223' title='bbox 986 1757 1280 1835; x_wconf 73' lang='lat' dir='ltr'><strong>historiam</strong></span> <span class='ocrx_word' id='word_1_224' title='bbox 1308 1775 1488 1830; x_wconf 59' lang='lat' dir='ltr'><strong>Tobias</strong></span> <span class='ocrx_word' id='word_1_225' title='bbox 1537 1774 1733 1828; x_wconf 89' lang='lat' dir='ltr'><strong>librum</strong></span> <span class='ocrx_word' id='word_1_226' title='bbox 1775 1788 1985 1837; x_wconf 77' lang='lat' dir='ltr'><strong>unum;</strong></span> <span class='ocrx_word' id='word_1_227' title='bbox 2025 1771 2078 1826; x_wconf 90' lang='lat' dir='ltr'><strong>in</strong></span> <span class='ocrx_word' id='word_1_228' title='bbox 2109 1764 2156 1822; x_wconf 89' lang='lat' dir='ltr'><strong>B</strong></span> <span class='ocrx_word' id='word_1_229' title='bbox 2184 1759 2459 1815; x_wconf 74' lang='lat' dir='ltr'><strong>COllocavi-</strong></span> <span class='ocrx_word' id='word_1_230' title='bbox 2493 1759 2572 1813; x_wconf 86' lang='grc' dir='ltr'>ΕΟ</span> <span class='ocrx_word' id='word_1_231' title='bbox 2602 1767 2840 1828; x_wconf 73' lang='lat' dir='ltr'><strong>tempore</strong></span> <span class='ocrx_word' id='word_1_232' title='bbox 2861 1758 3202 1847; x_wconf 61' lang='lat' dir='ltr'><strong>proverbium</strong></span> <span class='ocrx_word' id='word_1_233' title='bbox 3224 1757 3351 1812; x_wconf 88' lang='lat' dir='ltr'><strong>illud</strong></span> <span class='ocrx_word' id='word_1_234' title='bbox 3375 1772 3561 1847; x_wconf 83' lang='lat' dir='ltr'><strong>verum</strong></span> <span class='ocrx_word' id='word_1_235' title='bbox 3584 1757 3755 1812; x_wconf 78' lang='lat' dir='ltr'><strong>exsti-</strong></span> 
     </span>
    </p>
   </div>
   <div class='ocr_carea' id='block_1_34' title="bbox 517 1863 2083 1948">
    <p class='ocr_par' dir='ltr' id='par_1_34' title="bbox 517 1863 2083 1948">
     <span class='ocr_line' id='line_1_34' title="bbox 517 1863 2083 1948; baseline -0.01 -16"><span class='ocrx_word' id='word_1_236' title='bbox 517 1875 795 1932; x_wconf 79' lang='lat' dir='ltr'><strong>historiam</strong></span> <span class='ocrx_word' id='word_1_237' title='bbox 818 1871 999 1948; x_wconf 83' lang='lat' dir='ltr'><strong>Judith</strong></span> <span class='ocrx_word' id='word_1_238' title='bbox 1022 1869 1189 1923; x_wconf 90' lang='lat' dir='ltr'><strong>libros</strong></span> <span class='ocrx_word' id='word_1_239' title='bbox 1214 1874 1415 1948; x_wconf 82' lang='lat' dir='ltr'><strong>septem</strong></span> <span class='ocrx_word' id='word_1_240' title='bbox 1439 1882 1454 1930; x_wconf 91' lang='lat'><strong>;</strong></span> <span class='ocrx_word' id='word_1_241' title='bbox 1496 1866 1550 1918; x_wconf 91' lang='lat' dir='ltr'><strong>in</strong></span> <span class='ocrx_word' id='word_1_242' title='bbox 1587 1863 1870 1919; x_wconf 85' lang='lat' dir='ltr'><strong>historiam</strong></span> <span class='ocrx_word' id='word_1_243' title='bbox 1891 1863 2083 1918; x_wconf 87' lang='lat' dir='ltr'><strong>Esther</strong></span> 
     </span>
    </p>
   </div>
   <div class='ocr_carea' id='block_1_35' title="bbox 518 1944 2084 2024">
    <p class='ocr_par' dir='ltr' id='par_1_35' title="bbox 518 1944 2084 2024">
     <span class='ocr_line' id='line_1_35' title="bbox 518 1944 2084 2024; baseline -0.007 -6"><span class='ocrx_word' id='word_1_244' title='bbox 518 1963 719 2019; x_wconf 87' lang='lat' dir='ltr'><strong>librum</strong></span> <span class='ocrx_word' id='word_1_245' title='bbox 757 1944 964 2024; x_wconf 82' lang='lat' dir='ltr'><strong>unum;</strong></span> <span class='ocrx_word' id='word_1_246' title='bbox 1010 1959 1063 2012; x_wconf 90' lang='lat' dir='ltr'><strong>in</strong></span> <span class='ocrx_word' id='word_1_247' title='bbox 1093 1944 1371 2012; x_wconf 84' lang='lat' dir='ltr'><strong>historiam</strong></span> <span class='ocrx_word' id='word_1_248' title='bbox 1407 1954 1507 2009; x_wconf 81' lang='lat' dir='ltr'><strong>Job</strong></span> <span class='ocrx_word' id='word_1_249' title='bbox 1552 1955 1720 2010; x_wconf 86' lang='lat' dir='ltr'><strong>libros</strong></span> <span class='ocrx_word' id='word_1_250' title='bbox 1758 1954 1976 2023; x_wconf 78' lang='lat' dir='ltr'><strong>plures;</strong></span> <span class='ocrx_word' id='word_1_251' title='bbox 2025 1955 2084 2008; x_wconf 85' lang='lat' dir='ltr'><strong>in</strong></span> 
     </span>
    </p>
   </div>
   <div class='ocr_carea' id='block_1_36' title="bbox 517 2042 2081 2120">
    <p class='ocr_par' dir='ltr' id='par_1_36' title="bbox 517 2042 2081 2120">
     <span class='ocr_line' id='line_1_36' title="bbox 517 2042 2081 2120; baseline -0.006 -14"><span class='ocrx_word' id='word_1_252' title='bbox 517 2059 685 2106; x_wconf 86' lang='lat' dir='ltr'><strong>totum</strong></span> <span class='ocrx_word' id='word_1_253' title='bbox 716 2049 1028 2104; x_wconf 79' lang='lat' dir='ltr'><strong>Psalterium</strong></span> <span class='ocrx_word' id='word_1_254' title='bbox 1053 2047 1218 2099; x_wconf 85' lang='lat' dir='ltr'><strong>libros</strong></span> <span class='ocrx_word' id='word_1_255' title='bbox 1251 2045 1471 2120; x_wconf 86' lang='lat' dir='ltr'><strong>plures;</strong></span> <span class='ocrx_word' id='word_1_256' title='bbox 1525 2044 1578 2096; x_wconf 89' lang='lat' dir='ltr'><strong>in</strong></span> <span class='ocrx_word' id='word_1_257' title='bbox 1609 2043 1898 2097; x_wconf 83' lang='lat' dir='ltr'><strong>Proverbia</strong></span> <span class='ocrx_word' id='word_1_258' title='bbox 1926 2042 2081 2096; x_wconf 89' lang='lat' dir='ltr'><strong>Salo-</strong></span> 
     </span>
    </p>
   </div>
   <div class='ocr_carea' id='block_1_37' title="bbox 519 2124 2078 2204">
    <p class='ocr_par' dir='ltr' id='par_1_37' title="bbox 519 2124 2078 2204">
     <span class='ocr_line' id='line_1_37' title="bbox 519 2124 2078 2204; baseline -0.005 -11"><span class='ocrx_word' id='word_1_259' title='bbox 519 2139 694 2194; x_wconf 88' lang='lat' dir='ltr'><strong>monis</strong></span> <span class='ocrx_word' id='word_1_260' title='bbox 724 2138 888 2192; x_wconf 88' lang='lat' dir='ltr'><strong>libros</strong></span> <span class='ocrx_word' id='word_1_261' title='bbox 911 2135 1126 2204; x_wconf 82' lang='lat' dir='ltr'><strong>plures;</strong></span> <span class='ocrx_word' id='word_1_262' title='bbox 1170 2124 1224 2186; x_wconf 69' lang='lat' dir='ltr'><strong>in</strong></span> <span class='ocrx_word' id='word_1_263' title='bbox 1256 2133 1616 2186; x_wconf 87' lang='lat' dir='ltr'><strong>Ecclesiasten</strong></span> <span class='ocrx_word' id='word_1_264' title='bbox 1665 2131 1831 2185; x_wconf 86' lang='lat' dir='ltr'><strong>libros</strong></span> <span class='ocrx_word' id='word_1_265' title='bbox 1857 2131 2038 2200; x_wconf 88' lang='lat' dir='ltr'><strong>plures</strong></span> <span class='ocrx_word' id='word_1_266' title='bbox 2064 2148 2078 2194; x_wconf 89' lang='lat'><strong>;</strong></span> 
     </span>
    </p>
   </div>
   <div class='ocr_carea' id='block_1_38' title="bbox 516 2219 2080 2292">
    <p class='ocr_par' dir='ltr' id='par_1_38' title="bbox 516 2219 2080 2292">
     <span class='ocr_line' id='line_1_38' title="bbox 516 2219 2080 2292; baseline -0.006 -10"><span class='ocrx_word' id='word_1_267' title='bbox 516 2229 569 2282; x_wconf 91' lang='lat' dir='ltr'><strong>in</strong></span> <span class='ocrx_word' id='word_1_268' title='bbox 599 2227 816 2282; x_wconf 87' lang='lat' dir='ltr'><strong>Cantica</strong></span> <span class='ocrx_word' id='word_1_269' title='bbox 837 2223 1165 2288; x_wconf 84' lang='lat' dir='ltr'><strong>canticorum</strong></span> <span class='ocrx_word' id='word_1_270' title='bbox 1195 2219 1362 2279; x_wconf 77' lang='lat' dir='ltr'><strong>libros</strong></span> <span class='ocrx_word' id='word_1_271' title='bbox 1397 2220 1607 2290; x_wconf 83' lang='lat' dir='ltr'><strong>plures;</strong></span> <span class='ocrx_word' id='word_1_272' title='bbox 1657 2220 1710 2274; x_wconf 93' lang='lat' dir='ltr'><strong>in</strong></span> <span class='ocrx_word' id='word_1_273' title='bbox 1751 2220 1950 2275; x_wconf 80' lang='lat' dir='ltr'><strong>lihrn’m</strong></span> <span class='ocrx_word' id='word_1_274' title='bbox 1971 2221 2080 2292; x_wconf 85' lang='lat' dir='ltr'><strong>Sa-</strong></span> 
     </span>
    </p>
   </div>
   <div class='ocr_carea' id='block_1_39' title="bbox 512 2308 2080 2388">
    <p class='ocr_par' dir='ltr' id='par_1_39' title="bbox 512 2308 2080 2388">
     <span class='ocr_line' id='line_1_39' title="bbox 512 2308 2080 2388; baseline -0.004 -18"><span class='ocrx_word' id='word_1_275' title='bbox 512 2317 728 2388; x_wconf 77' lang='lat' dir='ltr'><strong>pientiae</strong></span> <span class='ocrx_word' id='word_1_276' title='bbox 754 2314 916 2367; x_wconf 88' lang='lat' dir='ltr'><strong>libros</strong></span> <span class='ocrx_word' id='word_1_277' title='bbox 945 2319 1087 2375; x_wconf 87' lang='lat' dir='ltr'><strong>tres;</strong></span> <span class='ocrx_word' id='word_1_278' title='bbox 1118 2308 1170 2362; x_wconf 90' lang='lat' dir='ltr'><strong>in</strong></span> <span class='ocrx_word' id='word_1_279' title='bbox 1198 2308 1634 2386; x_wconf 86' lang='lat' dir='ltr'><strong>Ecclesiasticum</strong></span> <span class='ocrx_word' id='word_1_280' title='bbox 1671 2309 1836 2364; x_wconf 88' lang='lat' dir='ltr'><strong>libros</strong></span> <span class='ocrx_word' id='word_1_281' title='bbox 1856 2309 2080 2375; x_wconf 88' lang='lat' dir='ltr'><strong>decem;</strong></span> 
     </span>
    </p>
   </div>
   <div class='ocr_carea' id='block_1_40' title="bbox 475 2398 2084 2473">
    <p class='ocr_par' dir='ltr' id='par_1_40' title="bbox 475 2398 2084 2473">
     <span class='ocr_line' id='line_1_40' title="bbox 475 2398 2084 2473; baseline -0.006 -10"><span class='ocrx_word' id='word_1_282' title='bbox 475 2443 488 2462; x_wconf 90' lang='lat'><strong>.-</strong></span> <span class='ocrx_word' id='word_1_283' title='bbox 517 2410 571 2462; x_wconf 92' lang='lat' dir='ltr'><strong>in</strong></span> <span class='ocrx_word' id='word_1_284' title='bbox 621 2405 808 2461; x_wconf 89' lang='lat' dir='ltr'><strong>lsaiam</strong></span> <span class='ocrx_word' id='word_1_285' title='bbox 833 2402 1150 2473; x_wconf 88' lang='lat' dir='ltr'><strong>prophetam</strong></span> <span class='ocrx_word' id='word_1_286' title='bbox 1193 2400 1360 2454; x_wconf 89' lang='lat' dir='ltr'><strong>libros</strong></span> <span class='ocrx_word' id='word_1_287' title='bbox 1406 2398 1631 2468; x_wconf 79' lang='lat' dir='ltr'><strong>viginti;</strong></span> <span class='ocrx_word' id='word_1_288' title='bbox 1660 2398 1714 2452; x_wconf 93' lang='lat' dir='ltr'><strong>in</strong></span> <span class='ocrx_word' id='word_1_289' title='bbox 1745 2399 2084 2454; x_wconf 86' lang='lat' dir='ltr'><strong>Ezechielem</strong></span> 
     </span>
    </p>
   </div>
   <div class='ocr_carea' id='block_1_41' title="bbox 518 2487 2082 2563">
    <p class='ocr_par' dir='ltr' id='par_1_41' title="bbox 518 2487 2082 2563">
     <span class='ocr_line' id='line_1_41' title="bbox 518 2487 2082 2563; baseline -0.006 -12"><span class='ocrx_word' id='word_1_290' title='bbox 518 2497 683 2550; x_wconf 84' lang='lat' dir='ltr'><strong>libros</strong></span> <span class='ocrx_word' id='word_1_291' title='bbox 710 2492 897 2563; x_wconf 89' lang='lat' dir='ltr'><strong>viginti</strong></span> <span class='ocrx_word' id='word_1_292' title='bbox 923 2508 935 2556; x_wconf 91' lang='lat'><strong>;</strong></span> <span class='ocrx_word' id='word_1_293' title='bbox 970 2491 1023 2544; x_wconf 93' lang='lat' dir='ltr'><strong>in</strong></span> <span class='ocrx_word' id='word_1_294' title='bbox 1053 2488 1326 2544; x_wconf 84' lang='lat' dir='ltr'><strong>Danielem</strong></span> <span class='ocrx_word' id='word_1_295' title='bbox 1375 2489 1689 2558; x_wconf 87' lang='lat' dir='ltr'><strong>prophetam</strong></span> <span class='ocrx_word' id='word_1_296' title='bbox 1733 2487 1902 2542; x_wconf 89' lang='lat' dir='ltr'><strong>libros</strong></span> <span class='ocrx_word' id='word_1_297' title='bbox 1932 2496 2082 2554; x_wconf 90' lang='lat' dir='ltr'><strong>tres;</strong></span> 
     </span>
    </p>
   </div>
   <div class='ocr_carea' id='block_1_42' title="bbox 519 2574 2082 2651">
    <p class='ocr_par' dir='ltr' id='par_1_42' title="bbox 519 2574 2082 2651">
     <span class='ocr_line' id='line_1_42' title="bbox 519 2574 2082 2651; baseline -0.009 -10"><span class='ocrx_word' id='word_1_298' title='bbox 519 2587 572 2641; x_wconf 91' lang='lat' dir='ltr'><strong>in</strong></span> <span class='ocrx_word' id='word_1_299' title='bbox 609 2583 885 2640; x_wconf 86' lang='lat' dir='ltr'><strong>duodecim</strong></span> <span class='ocrx_word' id='word_1_300' title='bbox 935 2580 1224 2651; x_wconf 86' lang='lat' dir='ltr'><strong>prophetas</strong></span> <span class='ocrx_word' id='word_1_301' title='bbox 1271 2577 1510 2631; x_wconf 87' lang='lat' dir='ltr'><strong>minores</strong></span> <span class='ocrx_word' id='word_1_302' title='bbox 1557 2576 1722 2630; x_wconf 90' lang='lat' dir='ltr'><strong>libros</strong></span> <span class='ocrx_word' id='word_1_303' title='bbox 1763 2574 2082 2638; x_wconf 84' lang='lat' dir='ltr'><strong>duodecim;</strong></span> 
     </span>
    </p>
   </div>
   <div class='ocr_carea' id='block_1_43' title="bbox 517 2663 2089 2732">
    <p class='ocr_par' dir='ltr' id='par_1_43' title="bbox 517 2663 2089 2732">
     <span class='ocr_line' id='line_1_43' title="bbox 517 2663 2089 2732; baseline -0.01 -1"><span class='ocrx_word' id='word_1_304' title='bbox 517 2677 573 2731; x_wconf 89' lang='lat' dir='ltr'><strong>in</strong></span> <span class='ocrx_word' id='word_1_305' title='bbox 594 2673 877 2730; x_wconf 87' lang='lat' dir='ltr'><strong>historiam</strong></span> <span class='ocrx_word' id='word_1_306' title='bbox 899 2668 1328 2724; x_wconf 65' lang='lat' dir='ltr'><strong>Machabaaorum</strong></span> <span class='ocrx_word' id='word_1_307' title='bbox 1369 2665 1536 2720; x_wconf 87' lang='lat' dir='ltr'><strong>libros</strong></span> <span class='ocrx_word' id='word_1_308' title='bbox 1568 2675 1716 2728; x_wconf 87' lang='lat' dir='ltr'><strong>tres;</strong></span> <span class='ocrx_word' id='word_1_309' title='bbox 1747 2663 1802 2718; x_wconf 90' lang='lat' dir='ltr'><strong>in</strong></span> <span class='ocrx_word' id='word_1_310' title='bbox 1849 2663 2089 2732; x_wconf 86' lang='lat' dir='ltr'><strong>Evange-</strong></span> 
     </span>
    </p>
   </div>
   <div class='ocr_carea' id='block_1_44' title="bbox 517 2751 2087 2826">
    <p class='ocr_par' dir='ltr' id='par_1_44' title="bbox 517 2751 2087 2826">
     <span class='ocr_line' id='line_1_44' title="bbox 517 2751 2087 2826; baseline -0.007 -8"><span class='ocrx_word' id='word_1_311' title='bbox 517 2766 647 2818; x_wconf 89' lang='lat' dir='ltr'><strong>lium</strong></span> <span class='ocrx_word' id='word_1_312' title='bbox 672 2761 903 2816; x_wconf 65' lang='lat' dir='ltr'><strong>Matthaai</strong></span> <span class='ocrx_word' id='word_1_313' title='bbox 932 2760 1097 2814; x_wconf 89' lang='lat' dir='ltr'><strong>libros</strong></span> <span class='ocrx_word' id='word_1_314' title='bbox 1114 2767 1268 2823; x_wconf 89' lang='lat' dir='ltr'><strong>octo;</strong></span> <span class='ocrx_word' id='word_1_315' title='bbox 1303 2758 1356 2811; x_wconf 88' lang='lat' dir='ltr'><strong>in</strong></span> <span class='ocrx_word' id='word_1_316' title='bbox 1377 2753 1723 2826; x_wconf 86' lang='lat' dir='ltr'><strong>Evangelium</strong></span> <span class='ocrx_word' id='word_1_317' title='bbox 1749 2751 1904 2810; x_wconf 66' lang='lat' dir='ltr'><strong>Luca:</strong></span> <span class='ocrx_word' id='word_1_318' title='bbox 1925 2751 2087 2808; x_wconf 77' lang='lat' dir='ltr'><strong>libros</strong></span> 
     </span>
    </p>
   </div>
   <div class='ocr_carea' id='block_1_45' title="bbox 505 2843 2131 2919">
    <p class='ocr_par' dir='ltr' id='par_1_45' title="bbox 505 2843 2131 2919">
     <span class='ocr_line' id='line_1_45' title="bbox 505 2843 2131 2919; baseline -0.009 -9"><span class='ocrx_word' id='word_1_319' title='bbox 505 2865 629 2910; x_wconf 77' lang='lat' dir='ltr'><strong>tres</strong></span> <span class='ocrx_word' id='word_1_320' title='bbox 653 2870 669 2919; x_wconf 85' lang='lat'><strong>;</strong></span> <span class='ocrx_word' id='word_1_321' title='bbox 700 2853 753 2906; x_wconf 91' lang='lat' dir='ltr'><strong>in</strong></span> <span class='ocrx_word' id='word_1_322' title='bbox 780 2850 1126 2919; x_wconf 84' lang='lat' dir='ltr'><strong>Evangelium</strong></span> <span class='ocrx_word' id='word_1_323' title='bbox 1154 2848 1318 2902; x_wconf 84' lang='lat' dir='ltr'><strong>Marci</strong></span> <span class='ocrx_word' id='word_1_324' title='bbox 1341 2846 1506 2902; x_wconf 89' lang='lat' dir='ltr'><strong>libros</strong></span> <span class='ocrx_word' id='word_1_325' title='bbox 1527 2853 1793 2918; x_wconf 88' lang='lat' dir='ltr'><strong>quatuor;</strong></span> <span class='ocrx_word' id='word_1_326' title='bbox 1825 2844 1880 2898; x_wconf 92' lang='lat' dir='ltr'><strong>in</strong></span> <span class='ocrx_word' id='word_1_327' title='bbox 1908 2843 2098 2897; x_wconf 27' lang='lat' dir='ltr'><strong>Evan-t</strong></span> <span class='ocrx_word' id='word_1_328' title='bbox 2126 2859 2131 2865; x_wconf 78' lang='lat'>&#39;</span> 
     </span>
    </p>
   </div>
   <div class='ocr_carea' id='block_1_46' title="bbox 519 2925 2088 3014">
    <p class='ocr_par' dir='ltr' id='par_1_46' title="bbox 519 2925 2088 3014">
     <span class='ocr_line' id='line_1_46' title="bbox 519 2925 2088 3014; baseline -0.009 -15"><span class='ocrx_word' id='word_1_329' title='bbox 519 2943 715 3014; x_wconf 84' lang='lat' dir='ltr'><strong>gelium</strong></span> <span class='ocrx_word' id='word_1_330' title='bbox 741 2940 964 2995; x_wconf 79' lang='lat' dir='ltr'><strong>Joannis</strong></span> <span class='ocrx_word' id='word_1_331' title='bbox 1006 2931 1172 2994; x_wconf 83' lang='lat' dir='ltr'><strong>libros</strong></span> <span class='ocrx_word' id='word_1_332' title='bbox 1199 2937 1417 3007; x_wconf 86' lang='lat' dir='ltr'><strong>plures;</strong></span> <span class='ocrx_word' id='word_1_333' title='bbox 1448 2937 1516 2990; x_wconf 89' lang='lat' dir='ltr'><strong>ad</strong></span> <span class='ocrx_word' id='word_1_334' title='bbox 1569 2925 1774 2989; x_wconf 61' lang='lat' dir='ltr'><strong>Lusum</strong></span> <span class='ocrx_word' id='word_1_335' title='bbox 1805 2931 2088 2988; x_wconf 85' lang='lat' dir='ltr'><strong>Servatum</strong></span> 
     </span>
    </p>
   </div>
   <div class='ocr_carea' id='block_1_47' title="bbox 518 3025 2092 3104">
    <p class='ocr_par' dir='ltr' id='par_1_47' title="bbox 518 3025 2092 3104">
     <span class='ocr_line' id='line_1_47' title="bbox 518 3025 2092 3104; baseline -0.005 -16"><span class='ocrx_word' id='word_1_336' title='bbox 518 3034 902 3104; x_wconf 87' lang='lat' dir='ltr'><strong>presbyterum</strong></span> <span class='ocrx_word' id='word_1_337' title='bbox 925 3031 977 3084; x_wconf 91' lang='lat' dir='ltr'><strong>in</strong></span> <span class='ocrx_word' id='word_1_338' title='bbox 1007 3045 1194 3086; x_wconf 87' lang='lat' dir='ltr'><strong>omnes</strong></span> <span class='ocrx_word' id='word_1_339' title='bbox 1214 3028 1469 3098; x_wconf 80' lang='lat' dir='ltr'><strong>epistolas</strong></span> <span class='ocrx_word' id='word_1_340' title='bbox 1505 3027 1656 3082; x_wconf 85' lang='lat' dir='ltr'><strong>Pauli</strong></span> <span class='ocrx_word' id='word_1_341' title='bbox 1683 3025 1903 3096; x_wconf 87' lang='lat' dir='ltr'><strong>apostoli</strong></span> <span class='ocrx_word' id='word_1_342' title='bbox 1928 3025 2092 3080; x_wconf 85' lang='lat' dir='ltr'><strong>iibros</strong></span> 
     </span>
    </p>
   </div>
   <div class='ocr_carea' id='block_1_48' title="bbox 2181 1844 3755 1918">
    <p class='ocr_par' dir='ltr' id='par_1_48' title="bbox 2181 1844 3755 1918">
     <span class='ocr_line' id='line_1_48' title="bbox 2181 1844 3755 1918; baseline -0.003 -15"><span class='ocrx_word' id='word_1_343' title='bbox 2181 1850 2245 1903; x_wconf 91' lang='lat' dir='ltr'><strong>tit</strong></span> <span class='ocrx_word' id='word_1_344' title='bbox 2271 1863 2379 1918; x_wconf 86' lang='lat' dir='ltr'><strong>quo</strong></span> <span class='ocrx_word' id='word_1_345' title='bbox 2413 1848 2724 1903; x_wconf 84' lang='lat' dir='ltr'><strong>dicebatur:</strong></span> <span class='ocrx_word' id='word_1_346' title='bbox 2761 1847 2989 1902; x_wconf 80' lang='lat' dir='ltr'><strong>Scientia</strong></span> <span class='ocrx_word' id='word_1_347' title='bbox 3016 1844 3402 1916; x_wconf 81' lang='lat' dir='ltr'><strong>Scripturarum</strong></span> <span class='ocrx_word' id='word_1_348' title='bbox 3447 1846 3502 1899; x_wconf 80' lang='lat' dir='ltr'><strong>in</strong></span> <span class='ocrx_word' id='word_1_349' title='bbox 3533 1845 3755 1898; x_wconf 73' lang='lat' dir='ltr'><strong>cucullis</strong></span> 
     </span>
    </p>
   </div>
   <div class='ocr_carea' id='block_1_49' title="bbox 2145 1933 3757 2002">
    <p class='ocr_par' dir='ltr' id='par_1_49' title="bbox 2145 1933 3757 2002">
     <span class='ocr_line' id='line_1_49' title="bbox 2145 1933 3757 2002; baseline -0.006 -8"><span class='ocrx_word' id='word_1_350' title='bbox 2145 1937 2352 2002; x_wconf 23' lang='lat' dir='ltr'><strong>,Jatitat</strong></span> <span class='ocrx_word' id='word_1_351' title='bbox 2376 1937 2766 1991; x_wconf 77' lang='lat' dir='ltr'><strong>monachorum.</strong></span> <span class='ocrx_word' id='word_1_352' title='bbox 2805 1934 3048 1989; x_wconf 82' lang='lat' dir='ltr'><strong>Monacbi</strong></span> <span class='ocrx_word' id='word_1_353' title='bbox 3070 1935 3209 1988; x_wconf 90' lang='lat' dir='ltr'><strong>enim</strong></span> <span class='ocrx_word' id='word_1_354' title='bbox 3247 1941 3372 1988; x_wconf 91' lang='lat' dir='ltr'><strong>tunc</strong></span> <span class='ocrx_word' id='word_1_355' title='bbox 3400 1933 3616 1988; x_wconf 89' lang='lat' dir='ltr'><strong>fuerunt</strong></span> <span class='ocrx_word' id='word_1_356' title='bbox 3641 1941 3757 1986; x_wconf 88' lang='lat' dir='ltr'><strong>stu-</strong></span> 
     </span>
    </p>
   </div>
   <div class='ocr_carea' id='block_1_50' title="bbox 2179 2022 3756 2093">
    <p class='ocr_par' dir='ltr' id='par_1_50' title="bbox 2179 2022 3756 2093">
     <span class='ocr_line' id='line_1_50' title="bbox 2179 2022 3756 2093; baseline -0.002 -14"><span class='ocrx_word' id='word_1_357' title='bbox 2179 2025 2316 2079; x_wconf 91' lang='lat' dir='ltr'><strong>diosi</strong></span> <span class='ocrx_word' id='word_1_358' title='bbox 2346 2034 2506 2093; x_wconf 91' lang='lat' dir='ltr'><strong>atque</strong></span> <span class='ocrx_word' id='word_1_359' title='bbox 2535 2025 2853 2088; x_wconf 89' lang='lat' dir='ltr'><strong>doctissimi,</strong></span> <span class='ocrx_word' id='word_1_360' title='bbox 2904 2024 2995 2091; x_wconf 90' lang='lat' dir='ltr'><strong>qui</strong></span> <span class='ocrx_word' id='word_1_361' title='bbox 3026 2038 3132 2076; x_wconf 93' lang='lat' dir='ltr'><strong>non</strong></span> <span class='ocrx_word' id='word_1_362' title='bbox 3166 2023 3337 2077; x_wconf 87' lang='lat' dir='ltr'><strong>solum</strong></span> <span class='ocrx_word' id='word_1_363' title='bbox 3391 2023 3621 2087; x_wconf 90' lang='lat' dir='ltr'><strong>Latinis,</strong></span> <span class='ocrx_word' id='word_1_364' title='bbox 3661 2022 3756 2077; x_wconf 89' lang='lat' dir='ltr'><strong>sed</strong></span> 
     </span>
    </p>
   </div>
   <div class='ocr_carea' id='block_1_51' title="bbox 2179 2106 3759 2181">
    <p class='ocr_par' dir='ltr' id='par_1_51' title="bbox 2179 2106 3759 2181">
     <span class='ocr_line' id='line_1_51' title="bbox 2179 2106 3759 2181; baseline -0.002 -14"><span class='ocrx_word' id='word_1_365' title='bbox 2179 2113 2344 2167; x_wconf 90' lang='lat' dir='ltr'><strong>etiam</strong></span> <span class='ocrx_word' id='word_1_366' title='bbox 2365 2111 2568 2167; x_wconf 67' lang='lat' dir='ltr'><strong>Graecis</strong></span> <span class='ocrx_word' id='word_1_367' title='bbox 2593 2112 2786 2166; x_wconf 85' lang='lat' dir='ltr'><strong>litteris</strong></span> <span class='ocrx_word' id='word_1_368' title='bbox 2829 2106 2968 2181; x_wconf 88' lang='lat' dir='ltr'><strong>apud</strong></span> <span class='ocrx_word' id='word_1_369' title='bbox 2997 2110 3297 2166; x_wconf 88' lang='lat' dir='ltr'><strong>Germanos</strong></span> <span class='ocrx_word' id='word_1_370' title='bbox 3341 2121 3393 2164; x_wconf 92' lang='lat' dir='ltr'><strong>et</strong></span> <span class='ocrx_word' id='word_1_371' title='bbox 3432 2110 3615 2166; x_wconf 81' lang='lat' dir='ltr'><strong>Gallos</strong></span> <span class='ocrx_word' id='word_1_372' title='bbox 3643 2119 3759 2164; x_wconf 62' lang='grc' dir='ltr'><strong>ειυς</strong></span> 
     </span>
    </p>
   </div>
   <div class='ocr_carea' id='block_1_52' title="bbox 2180 2201 3759 2272">
    <p class='ocr_par' dir='ltr' id='par_1_52' title="bbox 2180 2201 3759 2272">
     <span class='ocr_line' id='line_1_52' title="bbox 2180 2201 3759 2272; baseline -0.001 -15"><span class='ocrx_word' id='word_1_373' title='bbox 2180 2203 2327 2257; x_wconf 90' lang='lat' dir='ltr'><strong>dium</strong></span> <span class='ocrx_word' id='word_1_374' title='bbox 2375 2202 2600 2272; x_wconf 82' lang='lat' dir='ltr'><strong>diligens</strong></span> <span class='ocrx_word' id='word_1_375' title='bbox 2628 2202 3019 2272; x_wconf 71' lang='lat' dir='ltr'><strong>impenderent.</strong></span> <span class='ocrx_word' id='word_1_376' title='bbox 3070 2201 3278 2256; x_wconf 88' lang='lat' dir='ltr'><strong>Nostris</strong></span> <span class='ocrx_word' id='word_1_377' title='bbox 3302 2214 3428 2255; x_wconf 89' lang='lat' dir='ltr'><strong>vero</strong></span> <span class='ocrx_word' id='word_1_378' title='bbox 3475 2201 3759 2255; x_wconf 87' lang='lat' dir='ltr'><strong>monachis</strong></span> 
     </span>
    </p>
   </div>
   <div class='ocr_carea' id='block_1_53' title="bbox 2182 2289 3763 2360">
    <p class='ocr_par' dir='ltr' id='par_1_53' title="bbox 2182 2289 3763 2360">
     <span class='ocr_line' id='line_1_53' title="bbox 2182 2289 3763 2360; baseline 0 -16"><span class='ocrx_word' id='word_1_379' title='bbox 2182 2300 2459 2359; x_wconf 90' lang='lat' dir='ltr'><strong>postremo</strong></span> <span class='ocrx_word' id='word_1_380' title='bbox 2491 2291 2800 2360; x_wconf 85' lang='lat' dir='ltr'><strong>voluptates</strong></span> <span class='ocrx_word' id='word_1_381' title='bbox 2832 2292 3015 2346; x_wconf 86' lang='lat' dir='ltr'><strong>carnis</strong></span> <span class='ocrx_word' id='word_1_382' title='bbox 3050 2298 3104 2345; x_wconf 85' lang='lat' dir='ltr'><strong>et</strong></span> <span class='ocrx_word' id='word_1_383' title='bbox 3132 2291 3241 2346; x_wconf 89' lang='lat' dir='ltr'><strong>otia</strong></span> <span class='ocrx_word' id='word_1_384' title='bbox 3271 2290 3483 2345; x_wconf 90' lang='lat' dir='ltr'><strong>lectioni</strong></span> <span class='ocrx_word' id='word_1_385' title='bbox 3516 2289 3763 2359; x_wconf 80' lang='lat' dir='ltr'><strong>Scriptu-</strong></span> 
     </span>
    </p>
   </div>
   <div class='ocr_carea' id='block_1_54' title="bbox 2184 2378 3762 2449">
    <p class='ocr_par' dir='ltr' id='par_1_54' title="bbox 2184 2378 3762 2449">
     <span class='ocr_line' id='line_1_54' title="bbox 2184 2378 3762 2449; baseline 0 -15"><span class='ocrx_word' id='word_1_386' title='bbox 2184 2395 2366 2434; x_wconf 91' lang='lat' dir='ltr'><strong>rarum</strong></span> <span class='ocrx_word' id='word_1_387' title='bbox 2411 2378 2842 2449; x_wconf 67' lang='lat' dir='ltr'><strong>praeferentibus,</strong></span> <span class='ocrx_word' id='word_1_388' title='bbox 2892 2379 3198 2435; x_wconf 80' lang='lat' dir='ltr'><strong>Graecarum</strong></span> <span class='ocrx_word' id='word_1_389' title='bbox 3243 2380 3402 2434; x_wconf 88' lang='lat' dir='ltr'><strong>etiam</strong></span> <span class='ocrx_word' id='word_1_390' title='bbox 3458 2380 3762 2434; x_wconf 85' lang='lat' dir='ltr'><strong>litterarum</strong></span> 
     </span>
    </p>
   </div>
   <div class='ocr_carea' id='block_1_55' title="bbox 2185 2465 3767 2538">
    <p class='ocr_par' dir='ltr' id='par_1_55' title="bbox 2185 2465 3767 2538">
     <span class='ocr_line' id='line_1_55' title="bbox 2185 2465 3767 2538; baseline -0.001 -16"><span class='ocrx_word' id='word_1_391' title='bbox 2185 2467 2408 2522; x_wconf 89' lang='lat' dir='ltr'><strong>scientia</strong></span> <span class='ocrx_word' id='word_1_392' title='bbox 2434 2468 2637 2536; x_wconf 90' lang='lat' dir='ltr'><strong>pariter</strong></span> <span class='ocrx_word' id='word_1_393' title='bbox 2665 2468 2805 2538; x_wconf 91' lang='lat' dir='ltr'><strong>apud</strong></span> <span class='ocrx_word' id='word_1_394' title='bbox 2830 2466 3127 2522; x_wconf 90' lang='lat' dir='ltr'><strong>Germanos</strong></span> <span class='ocrx_word' id='word_1_395' title='bbox 3153 2467 3206 2521; x_wconf 84' lang='lat' dir='ltr'><strong>et</strong></span> <span class='ocrx_word' id='word_1_396' title='bbox 3232 2465 3411 2521; x_wconf 88' lang='lat' dir='ltr'><strong>Gallos</strong></span> <span class='ocrx_word' id='word_1_397' title='bbox 3436 2467 3648 2536; x_wconf 84' lang='lat' dir='ltr'><strong>penitus</strong></span> <span class='ocrx_word' id='word_1_398' title='bbox 3673 2466 3767 2521; x_wconf 78' lang='lat' dir='ltr'><strong>de-</strong></span> 
     </span>
    </p>
   </div>
   <div class='ocr_carea' id='block_1_56' title="bbox 2187 2554 3766 2628">
    <p class='ocr_par' dir='ltr' id='par_1_56' title="bbox 2187 2554 3766 2628">
     <span class='ocr_line' id='line_1_56' title="bbox 2187 2554 3766 2628; baseline -0.001 -16"><span class='ocrx_word' id='word_1_399' title='bbox 2187 2558 2334 2614; x_wconf 81' lang='lat' dir='ltr'><strong>fecit.</strong></span> <span class='ocrx_word' id='word_1_400' title='bbox 2379 2557 2822 2628; x_wconf 87' lang='lat' dir='ltr'><strong>Supervenerunt</strong></span> <span class='ocrx_word' id='word_1_401' title='bbox 2864 2572 3002 2610; x_wconf 91' lang='lat' dir='ltr'><strong>nova</strong></span> <span class='ocrx_word' id='word_1_402' title='bbox 3032 2555 3258 2610; x_wconf 82' lang='lat' dir='ltr'><strong>fratrum</strong></span> <span class='ocrx_word' id='word_1_403' title='bbox 3285 2556 3526 2610; x_wconf 84' lang='lat' dir='ltr'><strong>instituta</strong></span> <span class='ocrx_word' id='word_1_404' title='bbox 3560 2554 3766 2610; x_wconf 79' lang='lat' dir='ltr'><strong>Mendi-</strong></span> 
     </span>
    </p>
   </div>
   <div class='ocr_carea' id='block_1_57' title="bbox 2187 2646 3765 2712">
    <p class='ocr_par' dir='ltr' id='par_1_57' title="bbox 2187 2646 3765 2712">
     <span class='ocr_line' id='line_1_57' title="bbox 2187 2646 3765 2712; baseline 0.001 -10"><span class='ocrx_word' id='word_1_405' title='bbox 2187 2648 2442 2712; x_wconf 90' lang='lat' dir='ltr'><strong>eantium,</strong></span> <span class='ocrx_word' id='word_1_406' title='bbox 2469 2657 2525 2703; x_wconf 92' lang='lat' dir='ltr'><strong>et</strong></span> <span class='ocrx_word' id='word_1_407' title='bbox 2572 2663 2740 2703; x_wconf 90' lang='lat' dir='ltr'><strong>novos</strong></span> <span class='ocrx_word' id='word_1_408' title='bbox 2789 2648 3088 2702; x_wconf 90' lang='lat' dir='ltr'><strong>studiorum</strong></span> <span class='ocrx_word' id='word_1_409' title='bbox 3130 2649 3316 2703; x_wconf 90' lang='lat' dir='ltr'><strong>modos</strong></span> <span class='ocrx_word' id='word_1_410' title='bbox 3340 2663 3461 2702; x_wconf 90' lang='lat' dir='ltr'><strong>cum</strong></span> <span class='ocrx_word' id='word_1_411' title='bbox 3507 2646 3765 2703; x_wconf 86' lang='lat' dir='ltr'><strong>familiari</strong></span> 
     </span>
    </p>
   </div>
   <div class='ocr_carea' id='block_1_58' title="bbox 2187 2736 3762 2810">
    <p class='ocr_par' dir='ltr' id='par_1_58' title="bbox 2187 2736 3762 2810">
     <span class='ocr_line' id='line_1_58' title="bbox 2187 2736 3762 2810; baseline -0.004 -15"><span class='ocrx_word' id='word_1_412' title='bbox 2187 2739 2416 2810; x_wconf 88' lang='lat' dir='ltr'><strong>quodam</strong></span> <span class='ocrx_word' id='word_1_413' title='bbox 2439 2745 2601 2809; x_wconf 72' lang='lat' dir='ltr'><strong>atQue</strong></span> <span class='ocrx_word' id='word_1_414' title='bbox 2626 2737 2914 2808; x_wconf 89' lang='lat' dir='ltr'><strong>campestri</strong></span> <span class='ocrx_word' id='word_1_415' title='bbox 2937 2751 3128 2807; x_wconf 84' lang='lat' dir='ltr'><strong>genere</strong></span> <span class='ocrx_word' id='word_1_416' title='bbox 3153 2737 3416 2792; x_wconf 89' lang='lat' dir='ltr'><strong>scribendi</strong></span> <span class='ocrx_word' id='word_1_417' title='bbox 3444 2736 3762 2791; x_wconf 87' lang='lat' dir='ltr'><strong>attulerunt.</strong></span> 
     </span>
    </p>
   </div>
   <div class='ocr_carea' id='block_1_59' title="bbox 2231 2826 3767 2898">
    <p class='ocr_par' dir='ltr' id='par_1_59' title="bbox 2231 2826 3767 2898">
     <span class='ocr_line' id='line_1_59' title="bbox 2231 2826 3767 2898; baseline 0.001 -18"><span class='ocrx_word' id='word_1_418' title='bbox 2231 2829 2512 2886; x_wconf 80' lang='lat' dir='ltr'><strong>.Rabanus</strong></span> <span class='ocrx_word' id='word_1_419' title='bbox 2548 2837 2731 2883; x_wconf 91' lang='lat' dir='ltr'><strong>autem</strong></span> <span class='ocrx_word' id='word_1_420' title='bbox 2777 2827 2983 2898; x_wconf 89' lang='lat' dir='ltr'><strong>primus</strong></span> <span class='ocrx_word' id='word_1_421' title='bbox 3022 2827 3162 2882; x_wconf 90' lang='lat' dir='ltr'><strong>inter</strong></span> <span class='ocrx_word' id='word_1_422' title='bbox 3203 2826 3536 2893; x_wconf 89' lang='lat' dir='ltr'><strong>Germanos,</strong></span> <span class='ocrx_word' id='word_1_423' title='bbox 3572 2826 3767 2882; x_wconf 90' lang='lat' dir='ltr'><strong>doctor</strong></span> 
     </span>
    </p>
   </div>
   <div class='ocr_carea' id='block_1_60' title="bbox 2191 2917 3766 2988">
    <p class='ocr_par' dir='ltr' id='par_1_60' title="bbox 2191 2917 3766 2988">
     <span class='ocr_line' id='line_1_60' title="bbox 2191 2917 3766 2988; baseline -0.001 -14"><span class='ocrx_word' id='word_1_424' title='bbox 2191 2919 2571 2974; x_wconf 86' lang='lat' dir='ltr'><strong>universaliter</strong></span> <span class='ocrx_word' id='word_1_425' title='bbox 2595 2919 2872 2983; x_wconf 90' lang='lat' dir='ltr'><strong>eruditus,</strong></span> <span class='ocrx_word' id='word_1_426' title='bbox 2916 2918 3141 2973; x_wconf 90' lang='lat' dir='ltr'><strong>scientia</strong></span> <span class='ocrx_word' id='word_1_427' title='bbox 3181 2917 3505 2987; x_wconf 87' lang='lat' dir='ltr'><strong>profundus,</strong></span> <span class='ocrx_word' id='word_1_428' title='bbox 3545 2918 3766 2988; x_wconf 90' lang='lat' dir='ltr'><strong>eloquio</strong></span> 
     </span>
    </p>
   </div>
   <div class='ocr_carea' id='block_1_61' title="bbox 2196 3008 3763 3073">
    <p class='ocr_par' dir='ltr' id='par_1_61' title="bbox 2196 3008 3763 3073">
     <span class='ocr_line' id='line_1_61' title="bbox 2196 3008 3763 3073; baseline -0.001 -8"><span class='ocrx_word' id='word_1_429' title='bbox 2196 3011 2430 3065; x_wconf 85' lang='lat' dir='ltr'><strong>disertus</strong></span> <span class='ocrx_word' id='word_1_430' title='bbox 2471 3017 2526 3063; x_wconf 91' lang='lat' dir='ltr'><strong>et</strong></span> <span class='ocrx_word' id='word_1_431' title='bbox 2563 3008 2800 3073; x_wconf 91' lang='lat' dir='ltr'><strong>solidus,</strong></span> <span class='ocrx_word' id='word_1_432' title='bbox 2841 3009 2947 3062; x_wconf 89' lang='lat' dir='ltr'><strong>vita</strong></span> <span class='ocrx_word' id='word_1_433' title='bbox 2986 3009 3204 3064; x_wconf 91' lang='lat' dir='ltr'><strong>emicuit</strong></span> <span class='ocrx_word' id='word_1_434' title='bbox 3240 3018 3294 3062; x_wconf 91' lang='lat' dir='ltr'><strong>et</strong></span> <span class='ocrx_word' id='word_1_435' title='bbox 3322 3009 3763 3073; x_wconf 86' lang='lat' dir='ltr'><strong>conversatione,</strong></span> 
     </span>
    </p>
   </div>
   <div class='ocr_carea' id='block_1_62' title="bbox 524 3089 3768 3197">
    <p class='ocr_par' dir='ltr' id='par_1_62' title="bbox 524 3089 3768 3197">
     <span class='ocr_line' id='line_1_62' title="bbox 524 3089 3768 3197; baseline -0.007 -21"><span class='ocrx_word' id='word_1_436' title='bbox 524 3089 637 3176; x_wconf 59' lang='lat' dir='ltr'><strong>ires</strong></span> <span class='ocrx_word' id='word_1_437' title='bbox 665 3089 719 3175; x_wconf 38' lang='grc' dir='ltr'><strong>ενι</strong></span> <span class='ocrx_word' id='word_1_438' title='bbox 744 3119 974 3191; x_wconf 86' lang='lat' dir='ltr'><strong>viginti;</strong></span> <span class='ocrx_word' id='word_1_439' title='bbox 1005 3119 1059 3174; x_wconf 93' lang='lat' dir='ltr'><strong>in</strong></span> <span class='ocrx_word' id='word_1_440' title='bbox 1081 3089 1266 3174; x_wconf 50' lang='lat' dir='ltr'><strong>Actus.</strong></span> <span class='ocrx_word' id='word_1_441' title='bbox 1281 3117 1645 3187; x_wconf 84' lang='lat' dir='ltr'><strong>apostolorum</strong></span> <span class='ocrx_word' id='word_1_442' title='bbox 1674 3089 1841 3168; x_wconf 83' lang='lat' dir='ltr'><strong>libros</strong></span> <span class='ocrx_word' id='word_1_443' title='bbox 1866 3113 2049 3197; x_wconf 78' lang='lat' dir='ltr'><strong>plures</strong></span> <span class='ocrx_word' id='word_1_444' title='bbox 2075 3129 2090 3179; x_wconf 90' lang='lat'><strong>;</strong></span> <span class='ocrx_word' id='word_1_445' title='bbox 2121 3108 2165 3168; x_wconf 88' lang='lat' dir='ltr'>C</span> <span class='ocrx_word' id='word_1_446' title='bbox 2197 3100 2539 3156; x_wconf 87' lang='lat' dir='ltr'><strong>doctissimus</strong></span> <span class='ocrx_word' id='word_1_447' title='bbox 2563 3138 2576 3164; x_wconf 93' lang='lat'><strong>,</strong></span> <span class='ocrx_word' id='word_1_448' title='bbox 2634 3099 2919 3169; x_wconf 88' lang='lat' dir='ltr'><strong>religiosus</strong></span> <span class='ocrx_word' id='word_1_449' title='bbox 2965 3089 3124 3168; x_wconf 86' lang='lat' dir='ltr'><strong>atque</strong></span> <span class='ocrx_word' id='word_1_450' title='bbox 3171 3098 3541 3153; x_wconf 89' lang='lat' dir='ltr'><strong>sanctissimus</strong></span> <span class='ocrx_word' id='word_1_451' title='bbox 3567 3116 3581 3164; x_wconf 88' lang='lat'><strong>;</strong></span> <span class='ocrx_word' id='word_1_452' title='bbox 3634 3113 3768 3154; x_wconf 66' lang='lat' dir='ltr'><strong>vere</strong></span> 
     </span>
    </p>
   </div>
   <div class='ocr_carea' id='block_1_63' title="bbox 522 3199 2094 3295">
    <p class='ocr_par' dir='ltr' id='par_1_63' title="bbox 522 3199 2094 3295">
     <span class='ocr_line' id='line_1_63' title="bbox 522 3199 2094 3295; baseline -0.008 -27"><span class='ocrx_word' id='word_1_453' title='bbox 522 3215 578 3268; x_wconf 92' lang='lat' dir='ltr'><strong>in</strong></span> <span class='ocrx_word' id='word_1_454' title='bbox 628 3199 893 3281; x_wconf 79' lang='lat' dir='ltr'><strong>Epistulas</strong></span> <span class='ocrx_word' id='word_1_455' title='bbox 940 3210 1260 3292; x_wconf 32' lang='lat' dir='ltr'><strong>Canonicas’</strong></span> <span class='ocrx_word' id='word_1_456' title='bbox 1288 3209 1463 3295; x_wconf 23' lang='lat' dir='ltr'><strong>libros;</strong></span> <span class='ocrx_word' id='word_1_457' title='bbox 1477 3214 1720 3295; x_wconf 78' lang='lat' dir='ltr'><strong>septem;</strong></span> <span class='ocrx_word' id='word_1_458' title='bbox 1752 3205 1804 3259; x_wconf 91' lang='lat' dir='ltr'><strong>in</strong></span> <span class='ocrx_word' id='word_1_459' title='bbox 1831 3203 2094 3274; x_wconf 79' lang='lat' dir='ltr'><strong>Apocaly-</strong></span> 
     </span>
    </p>
   </div>
   <div class='ocr_carea' id='block_1_64' title="bbox 521 3293 2098 3374">
    <p class='ocr_par' dir='ltr' id='par_1_64' title="bbox 521 3293 2098 3374">
     <span class='ocr_line' id='line_1_64' title="bbox 521 3293 2098 3374; baseline -0.008 -17"><span class='ocrx_word' id='word_1_460' title='bbox 521 3302 646 3374; x_wconf 84' lang='lat' dir='ltr'><strong>psin</strong></span> <span class='ocrx_word' id='word_1_461' title='bbox 691 3299 918 3355; x_wconf 72' lang='lat' dir='ltr'><strong>Joannis</strong></span> <span class='ocrx_word' id='word_1_462' title='bbox 961 3299 1128 3358; x_wconf 85' lang='lat' dir='ltr'><strong>libros</strong></span> <span class='ocrx_word' id='word_1_463' title='bbox 1170 3297 1392 3367; x_wconf 84' lang='lat' dir='ltr'><strong>plures;</strong></span> <span class='ocrx_word' id='word_1_464' title='bbox 1444 3293 1510 3350; x_wconf 87' lang='lat' dir='ltr'><strong>ad</strong></span> <span class='ocrx_word' id='word_1_465' title='bbox 1558 3293 1874 3365; x_wconf 86' lang='lat' dir='ltr'><strong>Gregorium</strong></span> <span class='ocrx_word' id='word_1_466' title='bbox 1905 3307 2098 3361; x_wconf 89' lang='lat' dir='ltr'><strong>papam</strong></span> 
     </span>
    </p>
   </div>
   <div class='ocr_carea' id='block_1_65' title="bbox 520 3387 2115 3468">
    <p class='ocr_par' dir='ltr' id='par_1_65' title="bbox 520 3387 2115 3468">
     <span class='ocr_line' id='line_1_65' title="bbox 520 3387 2115 3468; baseline -0.006 -18"><span class='ocrx_word' id='word_1_467' title='bbox 520 3405 772 3468; x_wconf 89' lang='lat' dir='ltr'><strong>quartum</strong></span> <span class='ocrx_word' id='word_1_468' title='bbox 806 3394 872 3448; x_wconf 89' lang='lat' dir='ltr'><strong>de</strong></span> <span class='ocrx_word' id='word_1_469' title='bbox 917 3392 1190 3447; x_wconf 88' lang='lat' dir='ltr'><strong>Laudibus</strong></span> <span class='ocrx_word' id='word_1_470' title='bbox 1221 3399 1420 3445; x_wconf 64' lang='lat' dir='ltr'><strong>sanctae</strong></span> <span class='ocrx_word' id='word_1_471' title='bbox 1461 3388 1649 3458; x_wconf 83' lang='lat' dir='ltr'><strong>Crucis</strong></span> <span class='ocrx_word' id='word_1_472' title='bbox 1691 3387 2012 3443; x_wconf 85' lang='lat' dir='ltr'><strong>laboriosum</strong></span> <span class='ocrx_word' id='word_1_473' title='bbox 2044 3397 2115 3441; x_wconf 87' lang='lat' dir='ltr'><strong>et.</strong></span> 
     </span>
    </p>
   </div>
   <div class='ocr_carea' id='block_1_66' title="bbox 521 3474 2097 3554">
    <p class='ocr_par' dir='ltr' id='par_1_66' title="bbox 521 3474 2097 3554">
     <span class='ocr_line' id='line_1_66' title="bbox 521 3474 2097 3554; baseline -0.004 -13"><span class='ocrx_word' id='word_1_474' title='bbox 521 3485 766 3542; x_wconf 87' lang='lat' dir='ltr'><strong>mirabile</strong></span> <span class='ocrx_word' id='word_1_475' title='bbox 797 3499 950 3554; x_wconf 88' lang='lat' dir='ltr'><strong>opus,</strong></span> <span class='ocrx_word' id='word_1_476' title='bbox 982 3483 1148 3537; x_wconf 90' lang='lat' dir='ltr'><strong>libros</strong></span> <span class='ocrx_word' id='word_1_477' title='bbox 1198 3484 1370 3546; x_wconf 90' lang='lat' dir='ltr'><strong>duos;</strong></span> <span class='ocrx_word' id='word_1_478' title='bbox 1420 3474 1486 3536; x_wconf 89' lang='lat' dir='ltr'><strong>ad</strong></span> <span class='ocrx_word' id='word_1_479' title='bbox 1537 3480 1850 3535; x_wconf 81' lang='lat' dir='ltr'><strong>llaimonem</strong></span> <span class='ocrx_word' id='word_1_480' title='bbox 1889 3480 2097 3549; x_wconf 91' lang='lat' dir='ltr'><strong>episco-</strong></span> 
     </span>
    </p>
   </div>
   <div class='ocr_carea' id='block_1_67' title="bbox 518 3568 2094 3647">
    <p class='ocr_par' dir='ltr' id='par_1_67' title="bbox 518 3568 2094 3647">
     <span class='ocr_line' id='line_1_67' title="bbox 518 3568 2094 3647; baseline -0.006 -17"><span class='ocrx_word' id='word_1_481' title='bbox 518 3592 648 3647; x_wconf 88' lang='lat' dir='ltr'><strong>pum</strong></span> <span class='ocrx_word' id='word_1_482' title='bbox 683 3574 1176 3629; x_wconf 85' lang='lat' dir='ltr'><strong>Halherstatensem</strong></span> <span class='ocrx_word' id='word_1_483' title='bbox 1221 3573 1287 3626; x_wconf 91' lang='lat' dir='ltr'><strong>de</strong></span> <span class='ocrx_word' id='word_1_484' title='bbox 1334 3570 1621 3636; x_wconf 90' lang='lat' dir='ltr'><strong>Universo,</strong></span> <span class='ocrx_word' id='word_1_485' title='bbox 1681 3571 1848 3624; x_wconf 90' lang='lat' dir='ltr'><strong>libros</strong></span> <span class='ocrx_word' id='word_1_486' title='bbox 1895 3568 2094 3639; x_wconf 86' lang='lat' dir='ltr'><strong>viginti</strong></span> 
     </span>
    </p>
   </div>
   <div class='ocr_carea' id='block_1_68' title="bbox 531 3659 2105 3736">
    <p class='ocr_par' dir='ltr' id='par_1_68' title="bbox 531 3659 2105 3736">
     <span class='ocr_line' id='line_1_68' title="bbox 531 3659 2105 3736; baseline -0.005 -15"><span class='ocrx_word' id='word_1_487' title='bbox 531 3669 665 3722; x_wconf 91' lang='lat' dir='ltr'><strong>duos</strong></span> <span class='ocrx_word' id='word_1_488' title='bbox 691 3684 706 3734; x_wconf 90' lang='lat'><strong>;</strong></span> <span class='ocrx_word' id='word_1_489' title='bbox 749 3668 813 3721; x_wconf 80' lang='lat' dir='ltr'><strong>de</strong></span> <span class='ocrx_word' id='word_1_490' title='bbox 840 3665 1138 3727; x_wconf 83' lang='lat' dir='ltr'><strong>Universali</strong></span> <span class='ocrx_word' id='word_1_491' title='bbox 1170 3673 1385 3730; x_wconf 87' lang='lat' dir='ltr'><strong>natura,</strong></span> <span class='ocrx_word' id='word_1_492' title='bbox 1412 3664 1606 3718; x_wconf 91' lang='lat' dir='ltr'><strong>librum</strong></span> <span class='ocrx_word' id='word_1_493' title='bbox 1633 3678 1798 3718; x_wconf 90' lang='lat' dir='ltr'><strong>unum</strong></span> <span class='ocrx_word' id='word_1_494' title='bbox 1825 3680 1838 3728; x_wconf 93' lang='lat'><strong>;</strong></span> <span class='ocrx_word' id='word_1_495' title='bbox 1867 3661 1934 3716; x_wconf 90' lang='lat' dir='ltr'><strong>ad</strong></span> <span class='ocrx_word' id='word_1_496' title='bbox 1961 3659 2105 3736; x_wconf 43' lang='lat' dir='ltr'><strong>llailf</strong></span> 
     </span>
    </p>
   </div>
   <div class='ocr_carea' id='block_1_69' title="bbox 529 3750 2106 3824">
    <p class='ocr_par' dir='ltr' id='par_1_69' title="bbox 529 3750 2106 3824">
     <span class='ocr_line' id='line_1_69' title="bbox 529 3750 2106 3824; baseline -0.003 -16"><span class='ocrx_word' id='word_1_497' title='bbox 529 3755 728 3810; x_wconf 85' lang='lat' dir='ltr'><strong>folsum</strong></span> <span class='ocrx_word' id='word_1_498' title='bbox 776 3762 1024 3824; x_wconf 88' lang='lat' dir='ltr'><strong>quartum</strong></span> <span class='ocrx_word' id='word_1_499' title='bbox 1086 3753 1327 3808; x_wconf 69' lang='lat' dir='ltr'><strong>ecclesiae</strong></span> <span class='ocrx_word' id='word_1_500' title='bbox 1377 3752 1698 3822; x_wconf 73' lang='lat' dir='ltr'><strong>Moguntina:</strong></span> <span class='ocrx_word' id='word_1_501' title='bbox 1745 3750 2106 3819; x_wconf 88' lang='lat' dir='ltr'><strong>archiepisco-</strong></span> 
     </span>
    </p>
   </div>
   <div class='ocr_carea' id='block_1_70' title="bbox 525 3838 2101 3914">
    <p class='ocr_par' dir='ltr' id='par_1_70' title="bbox 525 3838 2101 3914">
     <span class='ocr_line' id='line_1_70' title="bbox 525 3838 2101 3914; baseline -0.001 -20"><span class='ocrx_word' id='word_1_502' title='bbox 525 3860 682 3914; x_wconf 85' lang='lat' dir='ltr'><strong>pum,</strong></span> <span class='ocrx_word' id='word_1_503' title='bbox 716 3844 781 3897; x_wconf 91' lang='lat' dir='ltr'><strong>de</strong></span> <span class='ocrx_word' id='word_1_504' title='bbox 817 3842 1182 3907; x_wconf 86' lang='lat' dir='ltr'><strong>Institutione,</strong></span> <span class='ocrx_word' id='word_1_505' title='bbox 1213 3841 1322 3895; x_wconf 89' lang='lat' dir='ltr'><strong>vita</strong></span> <span class='ocrx_word' id='word_1_506' title='bbox 1371 3850 1425 3895; x_wconf 92' lang='lat' dir='ltr'><strong>et</strong></span> <span class='ocrx_word' id='word_1_507' title='bbox 1475 3839 1714 3894; x_wconf 88' lang='lat' dir='ltr'><strong>moribus</strong></span> <span class='ocrx_word' id='word_1_508' title='bbox 1764 3838 2101 3903; x_wconf 86' lang='lat' dir='ltr'><strong>clericorum,</strong></span> 
     </span>
    </p>
   </div>
   <div class='ocr_carea' id='block_1_71' title="bbox 534 3927 2105 4000">
    <p class='ocr_par' dir='ltr' id='par_1_71' title="bbox 534 3927 2105 4000">
     <span class='ocr_line' id='line_1_71' title="bbox 534 3927 2105 4000; baseline -0.002 -15"><span class='ocrx_word' id='word_1_509' title='bbox 534 3935 701 3987; x_wconf 85' lang='lat' dir='ltr'><strong>libros</strong></span> <span class='ocrx_word' id='word_1_510' title='bbox 727 3939 872 3996; x_wconf 86' lang='lat' dir='ltr'><strong>tres;</strong></span> <span class='ocrx_word' id='word_1_511' title='bbox 913 3931 978 3986; x_wconf 89' lang='lat' dir='ltr'><strong>ad</strong></span> <span class='ocrx_word' id='word_1_512' title='bbox 1020 3927 1377 3986; x_wconf 42' lang='lat' dir='ltr'><strong>‘Heribertum‘</strong></span> <span class='ocrx_word' id='word_1_513' title='bbox 1401 3929 1710 4000; x_wconf 87' lang='lat' dir='ltr'><strong>episcopum</strong></span> <span class='ocrx_word' id='word_1_514' title='bbox 1742 3929 1808 3984; x_wconf 90' lang='lat' dir='ltr'><strong>de</strong></span> <span class='ocrx_word' id='word_1_515' title='bbox 1844 3927 2105 3994; x_wconf 73' lang='lat' dir='ltr'><strong>Qumstio-</strong></span> 
     </span>
    </p>
   </div>
   <div class='ocr_carea' id='block_1_72' title="bbox 529 4017 2109 4089">
    <p class='ocr_par' dir='ltr' id='par_1_72' title="bbox 529 4017 2109 4089">
     <span class='ocr_line' id='line_1_72' title="bbox 529 4017 2109 4089; baseline -0.003 -13"><span class='ocrx_word' id='word_1_516' title='bbox 529 4022 686 4076; x_wconf 89' lang='lat' dir='ltr'><strong>nibus</strong></span> <span class='ocrx_word' id='word_1_517' title='bbox 709 4035 976 4075; x_wconf 90' lang='lat' dir='ltr'><strong>canonum</strong></span> <span class='ocrx_word' id='word_1_518' title='bbox 1000 4020 1193 4073; x_wconf 91' lang='lat' dir='ltr'><strong>librum</strong></span> <span class='ocrx_word' id='word_1_519' title='bbox 1222 4034 1386 4072; x_wconf 91' lang='lat' dir='ltr'><strong>unum</strong></span> <span class='ocrx_word' id='word_1_520' title='bbox 1410 4034 1426 4084; x_wconf 94' lang='lat'><strong>;</strong></span> <span class='ocrx_word' id='word_1_521' title='bbox 1468 4019 1541 4074; x_wconf 82' lang='lat' dir='ltr'><strong>ad</strong></span> <span class='ocrx_word' id='word_1_522' title='bbox 1567 4018 1951 4089; x_wconf 75' lang='lat' dir='ltr'><strong>Reginbaldum</strong></span> <span class='ocrx_word' id='word_1_523' title='bbox 1996 4017 2109 4087; x_wconf 91' lang='lat' dir='ltr'><strong>epi-</strong></span> 
     </span>
    </p>
   </div>
   <div class='ocr_carea' id='block_1_73' title="bbox 538 4095 2108 4180">
    <p class='ocr_par' dir='ltr' id='par_1_73' title="bbox 538 4095 2108 4180">
     <span class='ocr_line' id='line_1_73' title="bbox 538 4095 2108 4180; baseline -0.003 -14"><span class='ocrx_word' id='word_1_524' title='bbox 538 4126 759 4180; x_wconf 90' lang='lat' dir='ltr'><strong>scopum</strong></span> <span class='ocrx_word' id='word_1_525' title='bbox 790 4111 864 4164; x_wconf 84' lang='lat' dir='ltr'><strong>de</strong></span> <span class='ocrx_word' id='word_1_526' title='bbox 887 4111 1072 4165; x_wconf 89' lang='lat' dir='ltr'><strong>eadem</strong></span> <span class='ocrx_word' id='word_1_527' title='bbox 1103 4095 1345 4173; x_wconf 73' lang='lat' dir='ltr'><strong>materia,</strong></span> <span class='ocrx_word' id='word_1_528' title='bbox 1384 4107 1579 4162; x_wconf 89' lang='lat' dir='ltr'><strong>librum</strong></span> <span class='ocrx_word' id='word_1_529' title='bbox 1616 4124 1780 4162; x_wconf 91' lang='lat' dir='ltr'><strong>unum</strong></span> <span class='ocrx_word' id='word_1_530' title='bbox 1807 4125 1821 4173; x_wconf 91' lang='lat'><strong>;</strong></span> <span class='ocrx_word' id='word_1_531' title='bbox 1858 4109 1922 4161; x_wconf 88' lang='lat' dir='ltr'><strong>de</strong></span> <span class='ocrx_word' id='word_1_532' title='bbox 1937 4107 2108 4162; x_wconf 88' lang='lat' dir='ltr'><strong>Bene-</strong></span> 
     </span>
    </p>
   </div>
   <div class='ocr_carea' id='block_1_74' title="bbox 535 4199 2110 4273">
    <p class='ocr_par' dir='ltr' id='par_1_74' title="bbox 535 4199 2110 4273">
     <span class='ocr_line' id='line_1_74' title="bbox 535 4199 2110 4273; baseline -0.003 -14"><span class='ocrx_word' id='word_1_533' title='bbox 535 4204 861 4259; x_wconf 86' lang='lat' dir='ltr'><strong>dictionibus</strong></span> <span class='ocrx_word' id='word_1_534' title='bbox 885 4202 1335 4273; x_wconf 90' lang='lat' dir='ltr'><strong>patriarcharum,</strong></span> <span class='ocrx_word' id='word_1_535' title='bbox 1363 4201 1555 4255; x_wconf 89' lang='lat' dir='ltr'><strong>librum</strong></span> <span class='ocrx_word' id='word_1_536' title='bbox 1585 4216 1749 4254; x_wconf 90' lang='lat' dir='ltr'><strong>unum</strong></span> <span class='ocrx_word' id='word_1_537' title='bbox 1773 4217 1786 4263; x_wconf 87' lang='lat'><strong>;</strong></span> <span class='ocrx_word' id='word_1_538' title='bbox 1821 4199 1888 4255; x_wconf 88' lang='lat' dir='ltr'><strong>de</strong></span> <span class='ocrx_word' id='word_1_539' title='bbox 1916 4199 2110 4255; x_wconf 86' lang='lat' dir='ltr'><strong>divinis</strong></span> 
     </span>
    </p>
   </div>
   <div class='ocr_carea' id='block_1_75' title="bbox 534 4289 2111 4362">
    <p class='ocr_par' dir='ltr' id='par_1_75' title="bbox 534 4289 2111 4362">
     <span class='ocr_line' id='line_1_75' title="bbox 534 4289 2111 4362; baseline -0.003 -13"><span class='ocrx_word' id='word_1_540' title='bbox 534 4293 753 4356; x_wconf 83' lang='lat' dir='ltr'><strong>Olliciis,</strong></span> <span class='ocrx_word' id='word_1_541' title='bbox 780 4292 945 4347; x_wconf 91' lang='lat' dir='ltr'><strong>libros</strong></span> <span class='ocrx_word' id='word_1_542' title='bbox 963 4301 1083 4357; x_wconf 84' lang='lat' dir='ltr'><strong>octo</strong></span> <span class='ocrx_word' id='word_1_543' title='bbox 1109 4308 1122 4357; x_wconf 94' lang='lat'><strong>;</strong></span> <span class='ocrx_word' id='word_1_544' title='bbox 1151 4291 1217 4347; x_wconf 90' lang='lat' dir='ltr'><strong>de</strong></span> <span class='ocrx_word' id='word_1_545' title='bbox 1244 4289 1506 4362; x_wconf 86' lang='lat' dir='ltr'><strong>Computo</strong></span> <span class='ocrx_word' id='word_1_546' title='bbox 1531 4291 1918 4354; x_wconf 86' lang='lat' dir='ltr'><strong>ecclesiastico,</strong></span> <span class='ocrx_word' id='word_1_547' title='bbox 1946 4290 2111 4345; x_wconf 89' lang='lat' dir='ltr'><strong>libros</strong></span> 
     </span>
    </p>
   </div>
   <div class='ocr_carea' id='block_1_76' title="bbox 536 4381 2115 4452">
    <p class='ocr_par' dir='ltr' id='par_1_76' title="bbox 536 4381 2115 4452">
     <span class='ocr_line' id='line_1_76' title="bbox 536 4381 2115 4452; baseline -0.003 -14"><span class='ocrx_word' id='word_1_548' title='bbox 536 4386 670 4438; x_wconf 88' lang='lat' dir='ltr'><strong>duos</strong></span> <span class='ocrx_word' id='word_1_549' title='bbox 693 4400 707 4448; x_wconf 90' lang='lat'><strong>;</strong></span> <span class='ocrx_word' id='word_1_550' title='bbox 732 4382 914 4452; x_wconf 69' lang='lat' dir='ltr'><strong>Prmpa</strong></span> <span class='ocrx_word' id='word_1_551' title='bbox 926 4391 1163 4436; x_wconf 90' lang='lat' dir='ltr'><strong>ramenta</strong></span> <span class='ocrx_word' id='word_1_552' title='bbox 1192 4391 1396 4452; x_wconf 89' lang='lat' dir='ltr'><strong>septem</strong></span> <span class='ocrx_word' id='word_1_553' title='bbox 1423 4383 1618 4438; x_wconf 90' lang='lat' dir='ltr'><strong>artium</strong></span> <span class='ocrx_word' id='word_1_554' title='bbox 1641 4382 1958 4447; x_wconf 88' lang='lat' dir='ltr'><strong>liberalium,</strong></span> <span class='ocrx_word' id='word_1_555' title='bbox 1983 4381 2115 4434; x_wconf 91' lang='lat' dir='ltr'><strong>mul-</strong></span> 
     </span>
    </p>
   </div>
   <div class='ocr_carea' id='block_1_77' title="bbox 2199 3192 3770 3264">
    <p class='ocr_par' dir='ltr' id='par_1_77' title="bbox 2199 3192 3770 3264">
     <span class='ocr_line' id='line_1_77' title="bbox 2199 3192 3770 3264; baseline -0.001 -14"><span class='ocrx_word' id='word_1_556' title='bbox 2199 3194 2418 3264; x_wconf 85' lang='lat' dir='ltr'><strong>dignus,</strong></span> <span class='ocrx_word' id='word_1_557' title='bbox 2461 3201 2679 3262; x_wconf 86' lang='lat' dir='ltr'><strong>gratus,</strong></span> <span class='ocrx_word' id='word_1_558' title='bbox 2721 3200 2776 3247; x_wconf 91' lang='lat' dir='ltr'><strong>et</strong></span> <span class='ocrx_word' id='word_1_559' title='bbox 2821 3201 3073 3261; x_wconf 87' lang='lat' dir='ltr'><strong>acceptus</strong></span> <span class='ocrx_word' id='word_1_560' title='bbox 3113 3193 3222 3248; x_wconf 91' lang='lat' dir='ltr'><strong>Deo</strong></span> <span class='ocrx_word' id='word_1_561' title='bbox 3264 3192 3504 3263; x_wconf 80' lang='lat' dir='ltr'><strong>pontifex</strong></span> <span class='ocrx_word' id='word_1_562' title='bbox 3550 3207 3770 3262; x_wconf 70' lang='lat' dir='ltr'><strong>semper</strong></span> 
     </span>
    </p>
   </div>
   <div class='ocr_carea' id='block_1_78' title="bbox 2198 3283 3771 3353">
    <p class='ocr_par' dir='ltr' id='par_1_78' title="bbox 2198 3283 3771 3353">
     <span class='ocr_line' id='line_1_78' title="bbox 2198 3283 3771 3353; baseline -0.001 -11"><span class='ocrx_word' id='word_1_563' title='bbox 2198 3287 2421 3342; x_wconf 80' lang='lat' dir='ltr'><strong>exstitit.</strong></span> <span class='ocrx_word' id='word_1_564' title='bbox 2449 3284 2507 3338; x_wconf 89' lang='lat' dir='ltr'><strong>In</strong></span> <span class='ocrx_word' id='word_1_565' title='bbox 2534 3285 2684 3353; x_wconf 84' lang='lat' dir='ltr'><strong>cujus</strong></span> <span class='ocrx_word' id='word_1_566' title='bbox 2708 3285 3011 3340; x_wconf 90' lang='lat' dir='ltr'><strong>ministerio</strong></span> <span class='ocrx_word' id='word_1_567' title='bbox 3036 3283 3121 3340; x_wconf 86' lang='lat' dir='ltr'><strong>die</strong></span> <span class='ocrx_word' id='word_1_568' title='bbox 3144 3293 3200 3339; x_wconf 89' lang='lat' dir='ltr'><strong>et</strong></span> <span class='ocrx_word' id='word_1_569' title='bbox 3225 3293 3378 3339; x_wconf 91' lang='lat' dir='ltr'><strong>nocte</strong></span> <span class='ocrx_word' id='word_1_570' title='bbox 3401 3293 3508 3338; x_wconf 85' lang='lat' dir='ltr'><strong>tam</strong></span> <span class='ocrx_word' id='word_1_571' title='bbox 3537 3285 3771 3341; x_wconf 86' lang='lat' dir='ltr'><strong>sollicite</strong></span> 
     </span>
    </p>
   </div>
   <div class='ocr_carea' id='block_1_79' title="bbox 2201 3375 3769 3449">
    <p class='ocr_par' dir='ltr' id='par_1_79' title="bbox 2201 3375 3769 3449">
     <span class='ocr_line' id='line_1_79' title="bbox 2201 3375 3769 3449; baseline -0.001 -17"><span class='ocrx_word' id='word_1_572' title='bbox 2201 3378 2465 3449; x_wconf 78' lang='lat' dir='ltr'><strong>vigilavit.</strong></span> <span class='ocrx_word' id='word_1_573' title='bbox 2507 3376 2777 3446; x_wconf 84' lang='lat' dir='ltr'><strong>Quidquid</strong></span> <span class='ocrx_word' id='word_1_574' title='bbox 2813 3375 2991 3431; x_wconf 87' lang='lat' dir='ltr'><strong>facere</strong></span> <span class='ocrx_word' id='word_1_575' title='bbox 3033 3375 3099 3431; x_wconf 90' lang='lat' dir='ltr'><strong>ad</strong></span> <span class='ocrx_word' id='word_1_576' title='bbox 3140 3377 3400 3432; x_wconf 88' lang='lat' dir='ltr'><strong>honorem</strong></span> <span class='ocrx_word' id='word_1_577' title='bbox 3430 3376 3523 3431; x_wconf 90' lang='lat' dir='ltr'><strong>Dei</strong></span> <span class='ocrx_word' id='word_1_578' title='bbox 3552 3377 3769 3446; x_wconf 90' lang='lat' dir='ltr'><strong>potuit,</strong></span> 
     </span>
    </p>
   </div>
   <div class='ocr_carea' id='block_1_80' title="bbox 2200 3465 3771 3536">
    <p class='ocr_par' dir='ltr' id='par_1_80' title="bbox 2200 3465 3771 3536">
     <span class='ocr_line' id='line_1_80' title="bbox 2200 3465 3771 3536; baseline -0.003 -13"><span class='ocrx_word' id='word_1_579' title='bbox 2200 3469 2346 3524; x_wconf 86' lang='lat' dir='ltr'><strong>nullo</strong></span> <span class='ocrx_word' id='word_1_580' title='bbox 2383 3482 2620 3536; x_wconf 88' lang='lat' dir='ltr'><strong>unquam</strong></span> <span class='ocrx_word' id='word_1_581' title='bbox 2661 3475 2938 3536; x_wconf 89' lang='lat' dir='ltr'><strong>tempore,</strong></span> <span class='ocrx_word' id='word_1_582' title='bbox 2973 3465 3186 3523; x_wconf 89' lang='lat' dir='ltr'><strong>nullave</strong></span> <span class='ocrx_word' id='word_1_583' title='bbox 3219 3466 3503 3520; x_wconf 89' lang='lat' dir='ltr'><strong>occasione</strong></span> <span class='ocrx_word' id='word_1_584' title='bbox 3543 3473 3771 3535; x_wconf 62' lang='lat' dir='ltr'><strong>praeter-</strong></span> 
     </span>
    </p>
   </div>
   <div class='ocr_carea' id='block_1_81' title="bbox 2203 3556 3774 3628">
    <p class='ocr_par' dir='ltr' id='par_1_81' title="bbox 2203 3556 3774 3628">
     <span class='ocr_line' id='line_1_81' title="bbox 2203 3556 3774 3628; baseline -0.002 -13"><span class='ocrx_word' id='word_1_585' title='bbox 2203 3560 2368 3615; x_wconf 78' lang='lat' dir='ltr'><strong>misit.</strong></span> <span class='ocrx_word' id='word_1_586' title='bbox 2396 3558 2586 3613; x_wconf 88' lang='lat' dir='ltr'><strong>Plures</strong></span> <span class='ocrx_word' id='word_1_587' title='bbox 2607 3573 2704 3628; x_wconf 91' lang='lat' dir='ltr'><strong>per</strong></span> <span class='ocrx_word' id='word_1_588' title='bbox 2727 3558 3001 3614; x_wconf 73' lang='lat' dir='ltr'><strong>diceeesim</strong></span> <span class='ocrx_word' id='word_1_589' title='bbox 3026 3558 3391 3628; x_wconf 79' lang='lat' dir='ltr'><strong>Moguntinam</strong></span> <span class='ocrx_word' id='word_1_590' title='bbox 3417 3556 3676 3612; x_wconf 84' lang='lat' dir='ltr'><strong>ecclesias</strong></span> <span class='ocrx_word' id='word_1_591' title='bbox 3703 3557 3774 3612; x_wconf 88' lang='lat' dir='ltr'><strong>de</strong></span> 
     </span>
    </p>
   </div>
   <div class='ocr_carea' id='block_1_82' title="bbox 2204 3649 3774 3716">
    <p class='ocr_par' dir='ltr' id='par_1_82' title="bbox 2204 3649 3774 3716">
     <span class='ocr_line' id='line_1_82' title="bbox 2204 3649 3774 3716; baseline -0.001 -10"><span class='ocrx_word' id='word_1_592' title='bbox 2204 3666 2344 3707; x_wconf 91' lang='lat' dir='ltr'><strong>novo</strong></span> <span class='ocrx_word' id='word_1_593' title='bbox 2367 3650 2673 3716; x_wconf 87' lang='lat' dir='ltr'><strong>constituit,</strong></span> <span class='ocrx_word' id='word_1_594' title='bbox 2717 3658 2956 3705; x_wconf 88' lang='lat' dir='ltr'><strong>vetustas</strong></span> <span class='ocrx_word' id='word_1_595' title='bbox 2983 3660 3036 3705; x_wconf 90' lang='lat' dir='ltr'><strong>et</strong></span> <span class='ocrx_word' id='word_1_596' title='bbox 3074 3651 3323 3705; x_wconf 89' lang='lat' dir='ltr'><strong>ruinosas</strong></span> <span class='ocrx_word' id='word_1_597' title='bbox 3365 3650 3526 3705; x_wconf 88' lang='lat' dir='ltr'><strong>etiam</strong></span> <span class='ocrx_word' id='word_1_598' title='bbox 3571 3649 3774 3704; x_wconf 82' lang='lat' dir='ltr'><strong>multas</strong></span> 
     </span>
    </p>
   </div>
   <div class='ocr_carea' id='block_1_83' title="bbox 2207 3737 3772 3812">
    <p class='ocr_par' dir='ltr' id='par_1_83' title="bbox 2207 3737 3772 3812">
     <span class='ocr_line' id='line_1_83' title="bbox 2207 3737 3772 3812; baseline -0.004 -14"><span class='ocrx_word' id='word_1_599' title='bbox 2207 3742 2496 3812; x_wconf 87' lang='lat' dir='ltr'><strong>reparavit.</strong></span> <span class='ocrx_word' id='word_1_600' title='bbox 2557 3739 2881 3796; x_wconf 83' lang='lat' dir='ltr'><strong>Monasterio</strong></span> <span class='ocrx_word' id='word_1_601' title='bbox 2927 3739 3178 3795; x_wconf 87' lang='lat' dir='ltr'><strong>Fuldensi</strong></span> <span class='ocrx_word' id='word_1_602' title='bbox 3227 3739 3392 3793; x_wconf 89' lang='lat' dir='ltr'><strong>abbas</strong></span> <span class='ocrx_word' id='word_1_603' title='bbox 3437 3737 3772 3810; x_wconf 14' lang='lat' dir='ltr'><strong>preside‘ns,</strong></span> 
     </span>
    </p>
   </div>
   <div class='ocr_carea' id='block_1_84' title="bbox 2206 3828 3776 3900">
    <p class='ocr_par' dir='ltr' id='par_1_84' title="bbox 2206 3828 3776 3900">
     <span class='ocr_line' id='line_1_84' title="bbox 2206 3828 3776 3900; baseline -0.002 -15"><span class='ocrx_word' id='word_1_604' title='bbox 2206 3831 2535 3886; x_wconf 90' lang='lat' dir='ltr'><strong>monasticas</strong></span> <span class='ocrx_word' id='word_1_605' title='bbox 2554 3829 2935 3900; x_wconf 63' lang='lat' dir='ltr'><strong>praeposituras</strong></span> <span class='ocrx_word' id='word_1_606' title='bbox 2956 3829 3236 3884; x_wconf 89' lang='lat' dir='ltr'><strong>nonnullas</strong></span> <span class='ocrx_word' id='word_1_607' title='bbox 3258 3828 3523 3892; x_wconf 91' lang='lat' dir='ltr'><strong>condidit,</strong></span> <span class='ocrx_word' id='word_1_608' title='bbox 3547 3836 3604 3881; x_wconf 89' lang='lat' dir='ltr'><strong>et</strong></span> <span class='ocrx_word' id='word_1_609' title='bbox 3625 3842 3776 3898; x_wconf 76' lang='lat' dir='ltr'><strong>quae-</strong></span> 
     </span>
    </p>
   </div>
   <div class='ocr_carea' id='block_1_85' title="bbox 2210 3915 3771 3977">
    <p class='ocr_par' dir='ltr' id='par_1_85' title="bbox 2210 3915 3771 3977">
     <span class='ocr_line' id='line_1_85' title="bbox 2210 3915 3771 3977; baseline -0.004 0"><span class='ocrx_word' id='word_1_610' title='bbox 2210 3923 2332 3977; x_wconf 90' lang='lat' dir='ltr'><strong>dam</strong></span> <span class='ocrx_word' id='word_1_611' title='bbox 2364 3922 2608 3976; x_wconf 72' lang='lat' dir='ltr'><strong>cmuobia</strong></span> <span class='ocrx_word' id='word_1_612' title='bbox 2647 3919 2960 3975; x_wconf 90' lang='lat' dir='ltr'><strong>monialium</strong></span> <span class='ocrx_word' id='word_1_613' title='bbox 2990 3920 3070 3974; x_wconf 91' lang='lat' dir='ltr'><strong>sui</strong></span> <span class='ocrx_word' id='word_1_614' title='bbox 3096 3918 3300 3973; x_wconf 88' lang='lat' dir='ltr'><strong>ordinis</strong></span> <span class='ocrx_word' id='word_1_615' title='bbox 3335 3919 3386 3972; x_wconf 93' lang='lat' dir='ltr'><strong>in</strong></span> <span class='ocrx_word' id='word_1_616' title='bbox 3427 3916 3622 3971; x_wconf 84' lang='lat' dir='ltr'><strong>ﬁnibus</strong></span> <span class='ocrx_word' id='word_1_617' title='bbox 3659 3915 3771 3970; x_wconf 80' lang='lat' dir='ltr'><strong>Bu—</strong></span> 
     </span>
    </p>
   </div>
   <div class='ocr_carea' id='block_1_86' title="bbox 2209 4005 3778 4069">
    <p class='ocr_par' dir='ltr' id='par_1_86' title="bbox 2209 4005 3778 4069">
     <span class='ocr_line' id='line_1_86' title="bbox 2209 4005 3778 4069; baseline -0.006 -1"><span class='ocrx_word' id='word_1_618' title='bbox 2209 4013 2418 4069; x_wconf 90' lang='lat' dir='ltr'><strong>chonici</strong></span> <span class='ocrx_word' id='word_1_619' title='bbox 2448 4011 2683 4066; x_wconf 90' lang='lat' dir='ltr'><strong>nemoris</strong></span> <span class='ocrx_word' id='word_1_620' title='bbox 2720 4009 2980 4064; x_wconf 87' lang='lat' dir='ltr'><strong>fundavit.</strong></span> <span class='ocrx_word' id='word_1_621' title='bbox 3011 4007 3117 4063; x_wconf 88' lang='lat' dir='ltr'><strong>Sed</strong></span> <span class='ocrx_word' id='word_1_622' title='bbox 3143 4017 3196 4063; x_wconf 90' lang='lat' dir='ltr'><strong>et</strong></span> <span class='ocrx_word' id='word_1_623' title='bbox 3223 4009 3328 4060; x_wconf 90' lang='lat' dir='ltr'><strong>alia</strong></span> <span class='ocrx_word' id='word_1_624' title='bbox 3359 4016 3661 4062; x_wconf 90' lang='lat' dir='ltr'><strong>memoratu</strong></span> <span class='ocrx_word' id='word_1_625' title='bbox 3689 4005 3778 4060; x_wconf 84' lang='lat' dir='ltr'><strong>di-</strong></span> 
     </span>
    </p>
   </div>
   <div class='ocr_carea' id='block_1_87' title="bbox 2210 4095 3781 4174">
    <p class='ocr_par' dir='ltr' id='par_1_87' title="bbox 2210 4095 3781 4174">
     <span class='ocr_line' id='line_1_87' title="bbox 2210 4095 3781 4174; baseline -0.004 -18"><span class='ocrx_word' id='word_1_626' title='bbox 2210 4118 2314 4174; x_wconf 88' lang='lat' dir='ltr'><strong>gna</strong></span> <span class='ocrx_word' id='word_1_627' title='bbox 2349 4102 2578 4173; x_wconf 86' lang='lat' dir='ltr'><strong>gessisse</strong></span> <span class='ocrx_word' id='word_1_628' title='bbox 2617 4101 2785 4155; x_wconf 89' lang='lat' dir='ltr'><strong>multa</strong></span> <span class='ocrx_word' id='word_1_629' title='bbox 2825 4099 3040 4170; x_wconf 87' lang='lat' dir='ltr'><strong>legitur,</strong></span> <span class='ocrx_word' id='word_1_630' title='bbox 3070 4098 3345 4153; x_wconf 86' lang='lat' dir='ltr'><strong>miraculis</strong></span> <span class='ocrx_word' id='word_1_631' title='bbox 3369 4095 3781 4174; x_wconf 45' lang='lat' dir='ltr'><strong>quoque‘variis</strong></span> 
     </span>
    </p>
   </div>
   <div class='ocr_carea' id='block_1_88' title="bbox 2212 4161 3782 4260">
    <p class='ocr_par' dir='ltr' id='par_1_88' title="bbox 2212 4161 3782 4260">
     <span class='ocr_line' id='line_1_88' title="bbox 2212 4161 3782 4260; baseline -0.003 -12"><span class='ocrx_word' id='word_1_632' title='bbox 2212 4208 2525 4252; x_wconf 88' lang='lat' dir='ltr'><strong>coruscasse</strong></span> <span class='ocrx_word' id='word_1_633' title='bbox 2565 4200 2913 4248; x_wconf 85' lang='lat' dir='ltr'><strong>memoratur.</strong></span> <span class='ocrx_word' id='word_1_634' title='bbox 2957 4191 3033 4246; x_wconf 92' lang='lat' dir='ltr'><strong>De</strong></span> <span class='ocrx_word' id='word_1_635' title='bbox 3072 4191 3264 4260; x_wconf 84' lang='lat' dir='ltr'><strong>quibus</strong></span> <span class='ocrx_word' id='word_1_636' title='bbox 3303 4205 3424 4244; x_wconf 91' lang='lat' dir='ltr'><strong>cum</strong></span> <span class='ocrx_word' id='word_1_637' title='bbox 3465 4161 3672 4243; x_wconf 67' lang='lat' dir='ltr'><strong>certum</strong></span> <span class='ocrx_word' id='word_1_638' title='bbox 3713 4202 3782 4245; x_wconf 81' lang='lat' dir='ltr'><strong>ac</strong></span> 
     </span>
    </p>
   </div>
   <div class='ocr_carea' id='block_1_89' title="bbox 2213 4277 3778 4344">
    <p class='ocr_par' dir='ltr' id='par_1_89' title="bbox 2213 4277 3778 4344">
     <span class='ocr_line' id='line_1_89' title="bbox 2213 4277 3778 4344; baseline -0.008 -1"><span class='ocrx_word' id='word_1_639' title='bbox 2213 4288 2556 4343; x_wconf 78' lang='lat' dir='ltr'><strong>manifestum</strong></span> <span class='ocrx_word' id='word_1_640' title='bbox 2583 4301 2688 4339; x_wconf 92' lang='lat' dir='ltr'><strong>non</strong></span> <span class='ocrx_word' id='word_1_641' title='bbox 2714 4290 2923 4340; x_wconf 85' lang='lat' dir='ltr'><strong>constet</strong></span> <span class='ocrx_word' id='word_1_642' title='bbox 2947 4282 3098 4336; x_wconf 91' lang='lat' dir='ltr'><strong>nobis</strong></span> <span class='ocrx_word' id='word_1_643' title='bbox 3122 4280 3360 4335; x_wconf 87' lang='lat' dir='ltr'><strong>veritatis</strong></span> <span class='ocrx_word' id='word_1_644' title='bbox 3379 4277 3778 4344; x_wconf 84' lang='lat' dir='ltr'><strong>testimonium,</strong></span> 
     </span>
    </p>
   </div>
   <div class='ocr_carea' id='block_1_90' title="bbox 2219 4365 3782 4441">
    <p class='ocr_par' dir='ltr' id='par_1_90' title="bbox 2219 4365 3782 4441">
     <span class='ocr_line' id='line_1_90' title="bbox 2219 4365 3782 4441; baseline -0.009 -9"><span class='ocrx_word' id='word_1_645' title='bbox 2219 4379 2387 4432; x_wconf 83' lang='lat' dir='ltr'><strong>satius</strong></span> <span class='ocrx_word' id='word_1_646' title='bbox 2414 4376 2663 4431; x_wconf 79' lang='lat' dir='ltr'><strong>duximus</strong></span> <span class='ocrx_word' id='word_1_647' title='bbox 2687 4382 2866 4428; x_wconf 89' lang='lat' dir='ltr'><strong>tacere</strong></span> <span class='ocrx_word' id='word_1_648' title='bbox 2893 4370 3135 4441; x_wconf 88' lang='lat' dir='ltr'><strong>penitus,</strong></span> <span class='ocrx_word' id='word_1_649' title='bbox 3164 4384 3326 4438; x_wconf 91' lang='lat' dir='ltr'><strong>quam</strong></span> <span class='ocrx_word' id='word_1_650' title='bbox 3353 4369 3555 4421; x_wconf 90' lang='lat' dir='ltr'><strong>incerta</strong></span> <span class='ocrx_word' id='word_1_651' title='bbox 3582 4365 3782 4419; x_wconf 88' lang='lat' dir='ltr'><strong>litteris</strong></span> 
     </span>
    </p>
   </div>
   <div class='ocr_carea' id='block_1_91' title="bbox 538 4438 3781 4541">
    <p class='ocr_par' dir='ltr' id='par_1_91' title="bbox 538 4438 3781 4541">
     <span class='ocr_line' id='line_1_91' title="bbox 538 4438 3781 4541; baseline -0.006 -15"><span class='ocrx_word' id='word_1_652' title='bbox 538 4484 588 4526; x_wconf 87' lang='lat' dir='ltr'><strong>ta</strong></span> <span class='ocrx_word' id='word_1_653' title='bbox 605 4472 814 4541; x_wconf 74' lang='lat' dir='ltr'><strong>juvenis</strong></span> <span class='ocrx_word' id='word_1_654' title='bbox 837 4438 1107 4524; x_wconf 68' lang='lat' dir='ltr'><strong>volumina</strong></span> <span class='ocrx_word' id='word_1_655' title='bbox 1130 4438 1460 4538; x_wconf 75' lang='lat' dir='ltr'><strong>composuit’;</strong></span> <span class='ocrx_word' id='word_1_656' title='bbox 1489 4442 1922 4541; x_wconf 83' lang='lat' dir='ltr'><strong>Epigrammaton</strong></span> <span class='ocrx_word' id='word_1_657' title='bbox 1946 4438 2117 4528; x_wconf 83' lang='lat' dir='ltr'><strong>libros</strong></span> <span class='ocrx_word' id='word_1_658' title='bbox 2142 4438 2192 4496; x_wconf 82' lang='lat' dir='ltr'>D</span> <span class='ocrx_word' id='word_1_659' title='bbox 2219 4466 2618 4523; x_wconf 88' lang='lat' dir='ltr'><strong>commendare.</strong></span> <span class='ocrx_word' id='word_1_660' title='bbox 2659 4462 2772 4517; x_wconf 86' lang='lat' dir='ltr'><strong>Hoc</strong></span> <span class='ocrx_word' id='word_1_661' title='bbox 2797 4438 2925 4516; x_wconf 83' lang='lat' dir='ltr'><strong>vero</strong></span> <span class='ocrx_word' id='word_1_662' title='bbox 2960 4458 3099 4529; x_wconf 91' lang='lat' dir='ltr'><strong>quod</strong></span> <span class='ocrx_word' id='word_1_663' title='bbox 3119 4499 3133 4524; x_wconf 91' lang='lat'><strong>,</strong></span> <span class='ocrx_word' id='word_1_664' title='bbox 3165 4455 3481 4527; x_wconf 84' lang='lat' dir='ltr'><strong>Meginfrido</strong></span> <span class='ocrx_word' id='word_1_665' title='bbox 3507 4461 3746 4509; x_wconf 83' lang='lat' dir='ltr'><strong>testante</strong></span> <span class='ocrx_word' id='word_1_666' title='bbox 3765 4493 3781 4518; x_wconf 94' lang='lat'><strong>,</strong></span> 
     </span>
    </p>
   </div>
   <div class='ocr_carea' id='block_1_92' title="bbox 540 4560 2116 4630">
    <p class='ocr_par' dir='ltr' id='par_1_92' title="bbox 540 4560 2116 4630">
     <span class='ocr_line' id='line_1_92' title="bbox 540 4560 2116 4630; baseline 0.001 -16"><span class='ocrx_word' id='word_1_667' title='bbox 540 4569 804 4630; x_wconf 84' lang='lat' dir='ltr'><strong>quatuor;</strong></span> <span class='ocrx_word' id='word_1_668' title='bbox 856 4562 921 4615; x_wconf 90' lang='lat' dir='ltr'><strong>de</strong></span> <span class='ocrx_word' id='word_1_669' title='bbox 960 4560 1177 4615; x_wconf 83' lang='lat' dir='ltr'><strong>Metrica</strong></span> <span class='ocrx_word' id='word_1_670' title='bbox 1206 4560 1624 4629; x_wconf 86' lang='lat' dir='ltr'><strong>Compositione,</strong></span> <span class='ocrx_word' id='word_1_671' title='bbox 1663 4561 1830 4616; x_wconf 90' lang='lat' dir='ltr'><strong>libros</strong></span> <span class='ocrx_word' id='word_1_672' title='bbox 1864 4569 2016 4626; x_wconf 87' lang='lat' dir='ltr'><strong>tres;</strong></span> <span class='ocrx_word' id='word_1_673' title='bbox 2048 4561 2116 4615; x_wconf 91' lang='lat' dir='ltr'><strong>ad</strong></span> 
     </span>
    </p>
   </div>
   <div class='ocr_carea' id='block_1_93' title="bbox 541 4644 2107 4726">
    <p class='ocr_par' dir='ltr' id='par_1_93' title="bbox 541 4644 2107 4726">
     <span class='ocr_line' id='line_1_93' title="bbox 541 4644 2107 4726; baseline -0.003 -21"><span class='ocrx_word' id='word_1_674' title='bbox 541 4644 874 4726; x_wconf 79' lang='lat' dir='ltr'><strong>Ludovicum</strong></span> <span class='ocrx_word' id='word_1_675' title='bbox 907 4647 1207 4702; x_wconf 81' lang='lat' dir='ltr'><strong>Germaniae</strong></span> <span class='ocrx_word' id='word_1_676' title='bbox 1239 4662 1418 4717; x_wconf 83' lang='lat' dir='ltr'><strong>regem</strong></span> <span class='ocrx_word' id='word_1_677' title='bbox 1444 4648 1610 4703; x_wconf 91' lang='lat' dir='ltr'><strong>libros</strong></span> <span class='ocrx_word' id='word_1_678' title='bbox 1632 4657 1686 4703; x_wconf 91' lang='lat' dir='ltr'><strong>et</strong></span> <span class='ocrx_word' id='word_1_679' title='bbox 1714 4649 1969 4719; x_wconf 90' lang='lat' dir='ltr'><strong>epistolas</strong></span> <span class='ocrx_word' id='word_1_680' title='bbox 2003 4649 2107 4703; x_wconf 85' lang='lat' dir='ltr'><strong>edi-</strong></span> 
     </span>
    </p>
   </div>
   <div class='ocr_carea' id='block_1_94' title="bbox 544 4735 2116 4808">
    <p class='ocr_par' dir='ltr' id='par_1_94' title="bbox 544 4735 2116 4808">
     <span class='ocr_line' id='line_1_94' title="bbox 544 4735 2116 4808; baseline -0.002 -15"><span class='ocrx_word' id='word_1_681' title='bbox 544 4740 623 4794; x_wconf 90' lang='lat' dir='ltr'><strong>dit</strong></span> <span class='ocrx_word' id='word_1_682' title='bbox 650 4737 933 4808; x_wconf 88' lang='lat' dir='ltr'><strong>plurimas,</strong></span> <span class='ocrx_word' id='word_1_683' title='bbox 983 4735 1050 4790; x_wconf 90' lang='lat' dir='ltr'><strong>de</strong></span> <span class='ocrx_word' id='word_1_684' title='bbox 1085 4735 1326 4788; x_wconf 90' lang='lat' dir='ltr'><strong>materiis</strong></span> <span class='ocrx_word' id='word_1_685' title='bbox 1358 4735 1584 4789; x_wconf 76' lang='lat' dir='ltr'><strong>diversis</strong></span> <span class='ocrx_word' id='word_1_686' title='bbox 1625 4745 1681 4790; x_wconf 90' lang='lat' dir='ltr'><strong>et</strong></span> <span class='ocrx_word' id='word_1_687' title='bbox 1706 4738 1869 4792; x_wconf 90' lang='lat' dir='ltr'><strong>variis</strong></span> <span class='ocrx_word' id='word_1_688' title='bbox 1911 4737 2009 4792; x_wconf 88' lang='lat' dir='ltr'><strong>sibi</strong></span> <span class='ocrx_word' id='word_1_689' title='bbox 2048 4737 2116 4790; x_wconf 91' lang='lat' dir='ltr'><strong>ab</strong></span> 
     </span>
    </p>
   </div>
   <div class='ocr_carea' id='block_1_95' title="bbox 542 4824 2113 4899">
    <p class='ocr_par' dir='ltr' id='par_1_95' title="bbox 542 4824 2113 4899">
     <span class='ocr_line' id='line_1_95' title="bbox 542 4824 2113 4899; baseline -0.003 -15"><span class='ocrx_word' id='word_1_690' title='bbox 542 4844 611 4884; x_wconf 87' lang='lat' dir='ltr'><strong>eo</strong></span> <span class='ocrx_word' id='word_1_691' title='bbox 637 4825 947 4899; x_wconf 86' lang='lat' dir='ltr'><strong>propositis.</strong></span> <span class='ocrx_word' id='word_1_692' title='bbox 1000 4824 1267 4894; x_wconf 86' lang='lat' dir='ltr'><strong>Epistolas</strong></span> <span class='ocrx_word' id='word_1_693' title='bbox 1293 4838 1525 4892; x_wconf 89' lang='lat' dir='ltr'><strong>quoque,</strong></span> <span class='ocrx_word' id='word_1_694' title='bbox 1557 4839 1830 4880; x_wconf 89' lang='lat' dir='ltr'><strong>sermones</strong></span> <span class='ocrx_word' id='word_1_695' title='bbox 1851 4835 1906 4881; x_wconf 89' lang='lat' dir='ltr'><strong>et</strong></span> <span class='ocrx_word' id='word_1_696' title='bbox 1927 4827 2113 4881; x_wconf 82' lang='lat' dir='ltr'><strong>home-</strong></span> 
     </span>
    </p>
   </div>
   <div class='ocr_carea' id='block_1_96' title="bbox 548 4917 2120 4993">
    <p class='ocr_par' dir='ltr' id='par_1_96' title="bbox 548 4917 2120 4993">
     <span class='ocr_line' id='line_1_96' title="bbox 548 4917 2120 4993; baseline -0.004 -16"><span class='ocrx_word' id='word_1_697' title='bbox 548 4924 646 4978; x_wconf 90' lang='lat' dir='ltr'><strong>lias</strong></span> <span class='ocrx_word' id='word_1_698' title='bbox 670 4922 869 4993; x_wconf 83' lang='lat' dir='ltr'><strong>plures,</strong></span> <span class='ocrx_word' id='word_1_699' title='bbox 907 4929 961 4976; x_wconf 89' lang='lat' dir='ltr'><strong>et</strong></span> <span class='ocrx_word' id='word_1_700' title='bbox 981 4921 1097 4975; x_wconf 88' lang='lat' dir='ltr'><strong>sine</strong></span> <span class='ocrx_word' id='word_1_701' title='bbox 1125 4926 1272 4974; x_wconf 86' lang='lat' dir='ltr'><strong>certo</strong></span> <span class='ocrx_word' id='word_1_702' title='bbox 1296 4932 1517 4971; x_wconf 93' lang='lat' dir='ltr'><strong>numero</strong></span> <span class='ocrx_word' id='word_1_703' title='bbox 1545 4917 1773 4984; x_wconf 89' lang='lat' dir='ltr'><strong>scripsit,</strong></span> <span class='ocrx_word' id='word_1_704' title='bbox 1806 4918 2120 4987; x_wconf 83' lang='lat' dir='ltr'><strong>composuit,</strong></span> 
     </span>
    </p>
   </div>
   <div class='ocr_carea' id='block_1_97' title="bbox 549 5008 2124 5082">
    <p class='ocr_par' dir='ltr' id='par_1_97' title="bbox 549 5008 2124 5082">
     <span class='ocr_line' id='line_1_97' title="bbox 549 5008 2124 5082; baseline -0.007 -10"><span class='ocrx_word' id='word_1_705' title='bbox 549 5024 606 5072; x_wconf 88' lang='lat' dir='ltr'><strong>et</strong></span> <span class='ocrx_word' id='word_1_706' title='bbox 649 5014 815 5079; x_wconf 78' lang='lat' dir='ltr'><strong>dixit;</strong></span> <span class='ocrx_word' id='word_1_707' title='bbox 857 5027 1080 5082; x_wconf 87' lang='lat' dir='ltr'><strong>quorum</strong></span> <span class='ocrx_word' id='word_1_708' title='bbox 1134 5009 1463 5079; x_wconf 88' lang='lat' dir='ltr'><strong>singulorum</strong></span> <span class='ocrx_word' id='word_1_709' title='bbox 1520 5024 1618 5077; x_wconf 89' lang='lat' dir='ltr'><strong>per</strong></span> <span class='ocrx_word' id='word_1_710' title='bbox 1652 5008 1894 5061; x_wconf 90' lang='lat' dir='ltr'><strong>ordinem</strong></span> <span class='ocrx_word' id='word_1_711' title='bbox 1946 5008 2124 5062; x_wconf 86' lang='lat' dir='ltr'><strong>facere</strong></span> 
     </span>
    </p>
   </div>
   <div class='ocr_carea' id='block_1_98' title="bbox 553 5095 2124 5177">
    <p class='ocr_par' dir='ltr' id='par_1_98' title="bbox 553 5095 2124 5177">
     <span class='ocr_line' id='line_1_98' title="bbox 553 5095 2124 5177; baseline -0.007 -18"><span class='ocrx_word' id='word_1_712' title='bbox 553 5104 879 5159; x_wconf 83' lang='lat' dir='ltr'><strong>mentionem</strong></span> <span class='ocrx_word' id='word_1_713' title='bbox 924 5101 1083 5177; x_wconf 80' lang='lat' dir='ltr'><strong>nimis</strong></span> <span class='ocrx_word' id='word_1_714' title='bbox 1128 5099 1265 5153; x_wconf 89' lang='lat' dir='ltr'><strong>foret</strong></span> <span class='ocrx_word' id='word_1_715' title='bbox 1313 5099 1601 5154; x_wconf 86' lang='lat' dir='ltr'><strong>lectoribus</strong></span> <span class='ocrx_word' id='word_1_716' title='bbox 1629 5096 1925 5151; x_wconf 67' lang='lat' dir='ltr'><strong>tmdiosum.</strong></span> <span class='ocrx_word' id='word_1_717' title='bbox 1962 5095 2124 5150; x_wconf 82' lang='lat' dir='ltr'><strong>Multa</strong></span> 
     </span>
    </p>
   </div>
   <div class='ocr_carea' id='block_1_99' title="bbox 553 5185 2126 5261">
    <p class='ocr_par' dir='ltr' id='par_1_99' title="bbox 553 5185 2126 5261">
     <span class='ocr_line' id='line_1_99' title="bbox 553 5185 2126 5261; baseline -0.006 -11"><span class='ocrx_word' id='word_1_718' title='bbox 553 5200 700 5251; x_wconf 82' lang='lat' dir='ltr'><strong>enim</strong></span> <span class='ocrx_word' id='word_1_719' title='bbox 728 5202 782 5248; x_wconf 89' lang='lat' dir='ltr'><strong>et</strong></span> <span class='ocrx_word' id='word_1_720' title='bbox 827 5193 929 5246; x_wconf 90' lang='lat' dir='ltr'><strong>alia</strong></span> <span class='ocrx_word' id='word_1_721' title='bbox 959 5192 1239 5261; x_wconf 89' lang='lat' dir='ltr'><strong>scripsisse</strong></span> <span class='ocrx_word' id='word_1_722' title='bbox 1269 5191 1527 5256; x_wconf 90' lang='lat' dir='ltr'><strong>creditur,</strong></span> <span class='ocrx_word' id='word_1_723' title='bbox 1561 5204 1678 5257; x_wconf 78' lang='lat' dir='ltr'><strong>qua:</strong></span> <span class='ocrx_word' id='word_1_724' title='bbox 1724 5188 1776 5240; x_wconf 91' lang='lat' dir='ltr'><strong>in</strong></span> <span class='ocrx_word' id='word_1_725' title='bbox 1807 5185 2126 5255; x_wconf 86' lang='lat' dir='ltr'><strong>cognitionis</strong></span> 
     </span>
    </p>
   </div>
   <div class='ocr_carea' id='block_1_100' title="bbox 558 5278 2130 5354">
    <p class='ocr_par' dir='ltr' id='par_1_100' title="bbox 558 5278 2130 5354">
     <span class='ocr_line' id='line_1_100' title="bbox 558 5278 2130 5354; baseline -0.009 -11"><span class='ocrx_word' id='word_1_726' title='bbox 558 5296 759 5343; x_wconf 58' lang='lat' dir='ltr'><strong>nostra!</strong></span> <span class='ocrx_word' id='word_1_727' title='bbox 781 5284 1134 5354; x_wconf 87' lang='lat' dir='ltr'><strong>ergasterium</strong></span> <span class='ocrx_word' id='word_1_728' title='bbox 1167 5283 1390 5335; x_wconf 90' lang='lat' dir='ltr'><strong>necdum</strong></span> <span class='ocrx_word' id='word_1_729' title='bbox 1420 5287 1798 5350; x_wconf 90' lang='lat' dir='ltr'><strong>pervenerunt.</strong></span> <span class='ocrx_word' id='word_1_730' title='bbox 1841 5278 1966 5332; x_wconf 63' lang='lat' dir='ltr'><strong>Haec</strong></span> <span class='ocrx_word' id='word_1_731' title='bbox 2006 5285 2130 5330; x_wconf 90' lang='lat' dir='ltr'><strong>sunt</strong></span> 
     </span>
    </p>
   </div>
   <div class='ocr_carea' id='block_1_101' title="bbox 561 5367 2132 5440">
    <p class='ocr_par' dir='ltr' id='par_1_101' title="bbox 561 5367 2132 5440">
     <span class='ocr_line' id='line_1_101' title="bbox 561 5367 2132 5440; baseline -0.006 -10"><span class='ocrx_word' id='word_1_732' title='bbox 561 5377 768 5432; x_wconf 81' lang='lat' dir='ltr'><strong>ﬂabani</strong></span> <span class='ocrx_word' id='word_1_733' title='bbox 812 5372 1112 5428; x_wconf 87' lang='lat' dir='ltr'><strong>doctissimi</strong></span> <span class='ocrx_word' id='word_1_734' title='bbox 1150 5381 1309 5440; x_wconf 88' lang='lat' dir='ltr'><strong>atque</strong></span> <span class='ocrx_word' id='word_1_735' title='bbox 1368 5371 1690 5424; x_wconf 88' lang='lat' dir='ltr'><strong>sanctissimi</strong></span> <span class='ocrx_word' id='word_1_736' title='bbox 1737 5367 2132 5437; x_wconf 65' lang='lat' dir='ltr'><strong>archiprmsulis</strong></span> 
     </span>
    </p>
   </div>
   <div class='ocr_carea' id='block_1_102' title="bbox 558 5456 2134 5537">
    <p class='ocr_par' dir='ltr' id='par_1_102' title="bbox 558 5456 2134 5537">
     <span class='ocr_line' id='line_1_102' title="bbox 558 5456 2134 5537; baseline -0.009 -15"><span class='ocrx_word' id='word_1_737' title='bbox 558 5467 835 5537; x_wconf 85' lang='lat' dir='ltr'><strong>opuscula,</strong></span> <span class='ocrx_word' id='word_1_738' title='bbox 868 5469 997 5532; x_wconf 68' lang='lat' dir='ltr'><strong>quae</strong></span> <span class='ocrx_word' id='word_1_739' title='bbox 1034 5477 1134 5516; x_wconf 85' lang='lat' dir='ltr'><strong>me</strong></span> <span class='ocrx_word' id='word_1_740' title='bbox 1174 5462 1364 5531; x_wconf 86' lang='lat' dir='ltr'><strong>legisse</strong></span> <span class='ocrx_word' id='word_1_741' title='bbox 1397 5460 1629 5522; x_wconf 88' lang='lat' dir='ltr'><strong>memini,</strong></span> <span class='ocrx_word' id='word_1_742' title='bbox 1662 5473 1888 5528; x_wconf 86' lang='lat' dir='ltr'><strong>quorum</strong></span> <span class='ocrx_word' id='word_1_743' title='bbox 1916 5456 2134 5511; x_wconf 90' lang='lat' dir='ltr'><strong>editioni</strong></span> 
     </span>
    </p>
   </div>
   <div class='ocr_carea' id='block_1_103' title="bbox 559 5547 2135 5621">
    <p class='ocr_par' dir='ltr' id='par_1_103' title="bbox 559 5547 2135 5621">
     <span class='ocr_line' id='line_1_103' title="bbox 559 5547 2135 5621; baseline -0.007 -13"><span class='ocrx_word' id='word_1_744' title='bbox 559 5571 654 5621; x_wconf 83' lang='lat' dir='ltr'><strong>per</strong></span> <span class='ocrx_word' id='word_1_745' title='bbox 677 5568 869 5617; x_wconf 83' lang='lat' dir='ltr'><strong>annos,</strong></span> <span class='ocrx_word' id='word_1_746' title='bbox 901 5552 1038 5607; x_wconf 90' lang='lat' dir='ltr'><strong>sicut</strong></span> <span class='ocrx_word' id='word_1_747' title='bbox 1065 5549 1312 5611; x_wconf 81' lang='lat' dir='ltr'><strong>diximus,</strong></span> <span class='ocrx_word' id='word_1_748' title='bbox 1364 5555 1486 5602; x_wconf 89' lang='lat' dir='ltr'><strong>octo</strong></span> <span class='ocrx_word' id='word_1_749' title='bbox 1510 5557 1565 5603; x_wconf 88' lang='lat' dir='ltr'><strong>et</strong></span> <span class='ocrx_word' id='word_1_750' title='bbox 1611 5548 1827 5617; x_wconf 85' lang='lat' dir='ltr'><strong>triginta</strong></span> <span class='ocrx_word' id='word_1_751' title='bbox 1852 5559 1876 5588; x_wconf 71' lang='grc' dir='ltr'>α</span> <span class='ocrx_word' id='word_1_752' title='bbox 1905 5547 2135 5616; x_wconf 91' lang='lat' dir='ltr'><strong>primum</strong></span> 
     </span>
    </p>
   </div>
   <div class='ocr_carea' id='block_1_104' title="bbox 2218 4545 3777 4628">
    <p class='ocr_par' dir='ltr' id='par_1_104' title="bbox 2218 4545 3777 4628">
     <span class='ocr_line' id='line_1_104' title="bbox 2218 4545 3777 4628; baseline -0.01 -16"><span class='ocrx_word' id='word_1_753' title='bbox 2218 4557 2607 4628; x_wconf 84' lang='lat' dir='ltr'><strong>cognovimus,</strong></span> <span class='ocrx_word' id='word_1_754' title='bbox 2657 4553 2823 4607; x_wconf 89' lang='lat' dir='ltr'><strong>etiam</strong></span> <span class='ocrx_word' id='word_1_755' title='bbox 2875 4551 2995 4622; x_wconf 89' lang='lat' dir='ltr'><strong>styli</strong></span> <span class='ocrx_word' id='word_1_756' title='bbox 3044 4548 3216 4604; x_wconf 76' lang='lat' dir='ltr'><strong>oﬂicio</strong></span> <span class='ocrx_word' id='word_1_757' title='bbox 3268 4545 3572 4617; x_wconf 84' lang='lat' dir='ltr'><strong>posteritati</strong></span> <span class='ocrx_word' id='word_1_758' title='bbox 3623 4558 3777 4597; x_wconf 88' lang='lat' dir='ltr'><strong>com—-</strong></span> 
     </span>
    </p>
   </div>
   <div class='ocr_carea' id='block_1_105' title="bbox 2218 4637 3780 4700">
    <p class='ocr_par' dir='ltr' id='par_1_105' title="bbox 2218 4637 3780 4700">
     <span class='ocr_line' id='line_1_105' title="bbox 2218 4637 3780 4700; baseline -0.009 0"><span class='ocrx_word' id='word_1_759' title='bbox 2218 4646 2477 4700; x_wconf 90' lang='lat' dir='ltr'><strong>mendare</strong></span> <span class='ocrx_word' id='word_1_760' title='bbox 2503 4658 2607 4700; x_wconf 91' lang='lat' dir='ltr'><strong>non</strong></span> <span class='ocrx_word' id='word_1_761' title='bbox 2633 4642 2958 4697; x_wconf 86' lang='lat' dir='ltr'><strong>dubitamus.</strong></span> <span class='ocrx_word' id='word_1_762' title='bbox 2999 4639 3247 4692; x_wconf 71' lang='lat' dir='ltr'><strong>llabanus</strong></span> <span class='ocrx_word' id='word_1_763' title='bbox 3283 4637 3480 4691; x_wconf 88' lang='lat' dir='ltr'><strong>etenim</strong></span> <span class='ocrx_word' id='word_1_764' title='bbox 3521 4647 3780 4688; x_wconf 86' lang='lat' dir='ltr'><strong>reveren-</strong></span> 
     </span>
    </p>
   </div>
   <div class='ocr_carea' id='block_1_106' title="bbox 2217 4726 3780 4806">
    <p class='ocr_par' dir='ltr' id='par_1_106' title="bbox 2217 4726 3780 4806">
     <span class='ocr_line' id='line_1_106' title="bbox 2217 4726 3780 4806; baseline -0.009 -15"><span class='ocrx_word' id='word_1_765' title='bbox 2217 4738 2456 4792; x_wconf 90' lang='lat' dir='ltr'><strong>tissimus</strong></span> <span class='ocrx_word' id='word_1_766' title='bbox 2494 4734 2716 4806; x_wconf 63' lang='lat' dir='ltr'><strong>praesul,</strong></span> <span class='ocrx_word' id='word_1_767' title='bbox 2749 4743 2855 4788; x_wconf 90' lang='lat' dir='ltr'><strong>tam</strong></span> <span class='ocrx_word' id='word_1_768' title='bbox 2898 4734 2950 4788; x_wconf 91' lang='lat' dir='ltr'><strong>in</strong></span> <span class='ocrx_word' id='word_1_769' title='bbox 2989 4731 3200 4787; x_wconf 86' lang='lat' dir='ltr'><strong>abbatia</strong></span> <span class='ocrx_word' id='word_1_770' title='bbox 3232 4728 3483 4784; x_wconf 88' lang='lat' dir='ltr'><strong>Fuldensi</strong></span> <span class='ocrx_word' id='word_1_771' title='bbox 3519 4741 3682 4796; x_wconf 87' lang='lat' dir='ltr'><strong>quam</strong></span> <span class='ocrx_word' id='word_1_772' title='bbox 3727 4726 3780 4778; x_wconf 91' lang='lat' dir='ltr'><strong>in</strong></span> 
     </span>
    </p>
   </div>
   <div class='ocr_carea' id='block_1_107' title="bbox 2218 4813 3784 4896">
    <p class='ocr_par' dir='ltr' id='par_1_107' title="bbox 2218 4813 3784 4896">
     <span class='ocr_line' id='line_1_107' title="bbox 2218 4813 3784 4896; baseline -0.01 -16"><span class='ocrx_word' id='word_1_773' title='bbox 2218 4825 2527 4896; x_wconf 84' lang='lat' dir='ltr'><strong>pontificatu</strong></span> <span class='ocrx_word' id='word_1_774' title='bbox 2566 4824 2809 4879; x_wconf 60' lang='lat' dir='ltr'><strong>ecclesia</strong></span> <span class='ocrx_word' id='word_1_775' title='bbox 2845 4822 3197 4892; x_wconf 55' lang='lat' dir='ltr'><strong>Moguntina,</strong></span> <span class='ocrx_word' id='word_1_776' title='bbox 3243 4819 3439 4872; x_wconf 91' lang='lat' dir='ltr'><strong>multas</strong></span> <span class='ocrx_word' id='word_1_777' title='bbox 3473 4816 3539 4870; x_wconf 85' lang='lat' dir='ltr'><strong>ab</strong></span> <span class='ocrx_word' id='word_1_778' title='bbox 3573 4813 3784 4869; x_wconf 77' lang='lat' dir='ltr'><strong>aemulis</strong></span> 
     </span>
    </p>
   </div>
   <div class='ocr_carea' id='block_1_108' title="bbox 2230 4912 3784 4985">
    <p class='ocr_par' dir='ltr' id='par_1_108' title="bbox 2230 4912 3784 4985">
     <span class='ocr_line' id='line_1_108' title="bbox 2230 4912 3784 4985; baseline -0.01 -15"><span class='ocrx_word' id='word_1_779' title='bbox 2230 4917 2480 4985; x_wconf 86' lang='lat' dir='ltr'><strong>injurias,</strong></span> <span class='ocrx_word' id='word_1_780' title='bbox 2522 4916 2917 4978; x_wconf 90' lang='lat' dir='ltr'><strong>oblocutiones,</strong></span> <span class='ocrx_word' id='word_1_781' title='bbox 2962 4912 3324 4967; x_wconf 88' lang='lat' dir='ltr'><strong>detractiones</strong></span> <span class='ocrx_word' id='word_1_782' title='bbox 3403 4916 3458 4962; x_wconf 89' lang='lat' dir='ltr'><strong>et</strong></span> <span class='ocrx_word' id='word_1_783' title='bbox 3499 4912 3784 4960; x_wconf 87' lang='lat' dir='ltr'><strong>contume-</strong></span> 
     </span>
    </p>
   </div>
   <div class='ocr_carea' id='block_1_109' title="bbox 2231 4995 3783 5076">
    <p class='ocr_par' dir='ltr' id='par_1_109' title="bbox 2231 4995 3783 5076">
     <span class='ocr_line' id='line_1_109' title="bbox 2231 4995 3783 5076; baseline -0.009 -16"><span class='ocrx_word' id='word_1_784' title='bbox 2231 5008 2330 5062; x_wconf 87' lang='lat' dir='ltr'><strong>lias</strong></span> <span class='ocrx_word' id='word_1_785' title='bbox 2349 5048 2361 5070; x_wconf 86' lang='lat'><strong>,</strong></span> <span class='ocrx_word' id='word_1_786' title='bbox 2387 5008 2547 5060; x_wconf 89' lang='lat' dir='ltr'><strong>etiam</strong></span> <span class='ocrx_word' id='word_1_787' title='bbox 2576 5021 2605 5060; x_wconf 90' lang='lat' dir='ltr'><strong>a</strong></span> <span class='ocrx_word' id='word_1_788' title='bbox 2635 5009 2746 5061; x_wconf 89' lang='lat' dir='ltr'><strong>suis</strong></span> <span class='ocrx_word' id='word_1_789' title='bbox 2773 5005 3003 5076; x_wconf 88' lang='lat' dir='ltr'><strong>propriis</strong></span> <span class='ocrx_word' id='word_1_790' title='bbox 3021 5043 3036 5070; x_wconf 93' lang='lat'><strong>,</strong></span> <span class='ocrx_word' id='word_1_791' title='bbox 3064 5004 3177 5057; x_wconf 92' lang='lat' dir='ltr'><strong>sine</strong></span> <span class='ocrx_word' id='word_1_792' title='bbox 3201 4999 3461 5054; x_wconf 89' lang='lat' dir='ltr'><strong>demerito</strong></span> <span class='ocrx_word' id='word_1_793' title='bbox 3485 4995 3783 5059; x_wconf 84' lang='lat' dir='ltr'><strong>sustinuit;</strong></span> 
     </span>
    </p>
   </div>
   <div class='ocr_carea' id='block_1_110' title="bbox 2231 5085 3790 5166">
    <p class='ocr_par' dir='ltr' id='par_1_110' title="bbox 2231 5085 3790 5166">
     <span class='ocr_line' id='line_1_110' title="bbox 2231 5085 3790 5166; baseline -0.008 -15"><span class='ocrx_word' id='word_1_794' title='bbox 2231 5107 2287 5152; x_wconf 89' lang='lat' dir='ltr'><strong>et</strong></span> <span class='ocrx_word' id='word_1_795' title='bbox 2331 5112 2476 5166; x_wconf 78' lang='lat' dir='ltr'><strong>saepe</strong></span> <span class='ocrx_word' id='word_1_796' title='bbox 2521 5090 2800 5166; x_wconf 70' lang='lat' dir='ltr'><strong>usquead</strong></span> <span class='ocrx_word' id='word_1_797' title='bbox 2846 5103 3074 5151; x_wconf 91' lang='lat' dir='ltr'><strong>mortem</strong></span> <span class='ocrx_word' id='word_1_798' title='bbox 3117 5091 3448 5163; x_wconf 87' lang='lat' dir='ltr'><strong>periclitatus</strong></span> <span class='ocrx_word' id='word_1_799' title='bbox 3493 5086 3610 5140; x_wconf 92' lang='lat' dir='ltr'><strong>fuit.</strong></span> <span class='ocrx_word' id='word_1_800' title='bbox 3655 5085 3790 5152; x_wconf 70' lang='lat' dir='ltr'><strong>Qum</strong></span> 
     </span>
    </p>
   </div>
   <div class='ocr_carea' id='block_1_111' title="bbox 2232 5176 3795 5254">
    <p class='ocr_par' dir='ltr' id='par_1_111' title="bbox 2232 5176 3795 5254">
     <span class='ocr_line' id='line_1_111' title="bbox 2232 5176 3795 5254; baseline -0.007 -15"><span class='ocrx_word' id='word_1_801' title='bbox 2232 5187 2414 5239; x_wconf 90' lang='lat' dir='ltr'><strong>omnia</strong></span> <span class='ocrx_word' id='word_1_802' title='bbox 2461 5200 2557 5254; x_wconf 91' lang='lat' dir='ltr'><strong>pro</strong></span> <span class='ocrx_word' id='word_1_803' title='bbox 2602 5187 2697 5240; x_wconf 90' lang='lat' dir='ltr'><strong>Dei</strong></span> <span class='ocrx_word' id='word_1_804' title='bbox 2739 5199 2922 5240; x_wconf 90' lang='lat' dir='ltr'><strong>amore</strong></span> <span class='ocrx_word' id='word_1_805' title='bbox 2965 5181 3351 5254; x_wconf 83' lang='lat' dir='ltr'><strong>patientissime</strong></span> <span class='ocrx_word' id='word_1_806' title='bbox 3394 5176 3688 5240; x_wconf 89' lang='lat' dir='ltr'><strong>sustinuit,</strong></span> <span class='ocrx_word' id='word_1_807' title='bbox 3742 5187 3795 5228; x_wconf 87' lang='lat' dir='ltr'><strong>et</strong></span> 
     </span>
    </p>
   </div>
   <div class='ocr_carea' id='block_1_112' title="bbox 2235 5268 3793 5344">
    <p class='ocr_par' dir='ltr' id='par_1_112' title="bbox 2235 5268 3793 5344">
     <span class='ocr_line' id='line_1_112' title="bbox 2235 5268 3793 5344; baseline -0.004 -16"><span class='ocrx_word' id='word_1_808' title='bbox 2235 5275 2491 5344; x_wconf 90' lang='lat' dir='ltr'><strong>quidquid</strong></span> <span class='ocrx_word' id='word_1_809' title='bbox 2519 5275 2730 5330; x_wconf 90' lang='lat' dir='ltr'><strong>adversi</strong></span> <span class='ocrx_word' id='word_1_810' title='bbox 2757 5286 2944 5331; x_wconf 91' lang='lat' dir='ltr'><strong>contra</strong></span> <span class='ocrx_word' id='word_1_811' title='bbox 2981 5290 3101 5328; x_wconf 88' lang='lat' dir='ltr'><strong>eum</strong></span> <span class='ocrx_word' id='word_1_812' title='bbox 3141 5272 3363 5336; x_wconf 89' lang='lat' dir='ltr'><strong>accidit,</strong></span> <span class='ocrx_word' id='word_1_813' title='bbox 3403 5269 3515 5324; x_wconf 91' lang='lat' dir='ltr'><strong>suis</strong></span> <span class='ocrx_word' id='word_1_814' title='bbox 3550 5268 3793 5336; x_wconf 79' lang='lat' dir='ltr'><strong>peccatis</strong></span> 
     </span>
    </p>
   </div>
   <div class='ocr_carea' id='block_1_113' title="bbox 2232 5357 3794 5434">
    <p class='ocr_par' dir='ltr' id='par_1_113' title="bbox 2232 5357 3794 5434">
     <span class='ocr_line' id='line_1_113' title="bbox 2232 5357 3794 5434; baseline -0.006 -17"><span class='ocrx_word' id='word_1_815' title='bbox 2232 5365 2503 5418; x_wconf 87' lang='lat' dir='ltr'><strong>humiliter</strong></span> <span class='ocrx_word' id='word_1_816' title='bbox 2529 5366 2798 5434; x_wconf 91' lang='lat' dir='ltr'><strong>ascripsit.</strong></span> <span class='ocrx_word' id='word_1_817' title='bbox 2831 5366 2980 5420; x_wconf 90' lang='lat' dir='ltr'><strong>Unde</strong></span> <span class='ocrx_word' id='word_1_818' title='bbox 3007 5380 3111 5418; x_wconf 88' lang='lat' dir='ltr'><strong>non</strong></span> <span class='ocrx_word' id='word_1_819' title='bbox 3139 5362 3308 5418; x_wconf 89' lang='lat' dir='ltr'><strong>solum</strong></span> <span class='ocrx_word' id='word_1_820' title='bbox 3336 5377 3392 5416; x_wconf 87' lang='lat' dir='ltr'><strong>se</strong></span> <span class='ocrx_word' id='word_1_821' title='bbox 3419 5362 3711 5430; x_wconf 88' lang='lat' dir='ltr'><strong>patientem</strong></span> <span class='ocrx_word' id='word_1_822' title='bbox 3743 5357 3794 5408; x_wconf 88' lang='lat' dir='ltr'><strong>in</strong></span> 
     </span>
    </p>
   </div>
   <div class='ocr_carea' id='block_1_114' title="bbox 2237 5446 3798 5528">
    <p class='ocr_par' dir='ltr' id='par_1_114' title="bbox 2237 5446 3798 5528">
     <span class='ocr_line' id='line_1_114' title="bbox 2237 5446 3798 5528; baseline -0.005 -24"><span class='ocrx_word' id='word_1_823' title='bbox 2237 5452 2474 5528; x_wconf 78' lang='lat' dir='ltr'><strong>adversis</strong></span> <span class='ocrx_word' id='word_1_824' title='bbox 2533 5467 2744 5523; x_wconf 87' lang='lat' dir='ltr'><strong>semper</strong></span> <span class='ocrx_word' id='word_1_825' title='bbox 2793 5454 3071 5519; x_wconf 79' lang='lat' dir='ltr'><strong>exhibuit;</strong></span> <span class='ocrx_word' id='word_1_826' title='bbox 3121 5453 3213 5506; x_wconf 87' lang='lat' dir='ltr'><strong>sed</strong></span> <span class='ocrx_word' id='word_1_827' title='bbox 3256 5451 3398 5520; x_wconf 86' lang='lat' dir='ltr'><strong>quod</strong></span> <span class='ocrx_word' id='word_1_828' title='bbox 3447 5446 3662 5514; x_wconf 84' lang='lat' dir='ltr'><strong>majoris</strong></span> <span class='ocrx_word' id='word_1_829' title='bbox 3711 5455 3798 5499; x_wconf 84' lang='lat' dir='ltr'><strong>est</strong></span> 
     </span>
    </p>
   </div>
   <div class='ocr_carea' id='block_1_115' title="bbox 2239 5535 3797 5606">
    <p class='ocr_par' dir='ltr' id='par_1_115' title="bbox 2239 5535 3797 5606">
     <span class='ocr_line' id='line_1_115' title="bbox 2239 5535 3797 5606; baseline -0.005 -10"><span class='ocrx_word' id='word_1_830' title='bbox 2239 5543 2446 5606; x_wconf 85' lang='lat' dir='ltr'><strong>meriti,</strong></span> <span class='ocrx_word' id='word_1_831' title='bbox 2483 5554 2678 5598; x_wconf 82' lang='lat' dir='ltr'><strong>cuncta</strong></span> <span class='ocrx_word' id='word_1_832' title='bbox 2713 5545 2811 5598; x_wconf 86' lang='lat' dir='ltr'><strong>sibi</strong></span> <span class='ocrx_word' id='word_1_833' title='bbox 2857 5543 3126 5599; x_wconf 82' lang='lat' dir='ltr'><strong>contraria</strong></span> <span class='ocrx_word' id='word_1_834' title='bbox 3165 5543 3322 5598; x_wconf 88' lang='lat' dir='ltr'><strong>etiam</strong></span> <span class='ocrx_word' id='word_1_835' title='bbox 3359 5535 3655 5595; x_wconf 81' lang='lat' dir='ltr'><strong>voluntarie</strong></span> <span class='ocrx_word' id='word_1_836' title='bbox 3698 5547 3797 5602; x_wconf 87' lang='lat' dir='ltr'><strong>pro</strong></span> 
     </span>
    </p>
   </div>
   <div class='ocr_carea' id='block_1_116' title="bbox 631 5653 2411 5740">
    <p class='ocr_par' dir='ltr' id='par_1_116' title="bbox 631 5653 2411 5740">
     <span class='ocr_line' id='line_1_116' title="bbox 631 5653 2411 5740; baseline -0.008 -23"><span class='ocrx_word' id='word_1_837' title='bbox 631 5663 798 5717; x_wconf 62' lang='lat' dir='ltr'><strong>limo</strong></span> <span class='ocrx_word' id='word_1_838' title='bbox 854 5661 1201 5732; x_wconf 73' lang='lat' dir='ltr'><strong>quadraginta</strong></span> <span class='ocrx_word' id='word_1_839' title='bbox 1254 5674 1434 5723; x_wconf 80' lang='lat' dir='ltr'><strong>unum,</strong></span> <span class='ocrx_word' id='word_1_840' title='bbox 1483 5665 1540 5740; x_wconf 79' lang='lat' dir='ltr'><strong>ut</strong></span> <span class='ocrx_word' id='word_1_841' title='bbox 1587 5672 1651 5710; x_wconf 78' lang='lat' dir='ltr'><strong>ex</strong></span> <span class='ocrx_word' id='word_1_842' title='bbox 1702 5665 1890 5711; x_wconf 87' lang='lat' dir='ltr'><strong>nostro</strong></span> <span class='ocrx_word' id='word_1_843' title='bbox 1942 5653 2148 5709; x_wconf 88' lang='lat' dir='ltr'><strong>calculo</strong></span> <span class='ocrx_word' id='word_1_844' title='bbox 2187 5661 2411 5705; x_wconf 88' lang='lat' dir='ltr'><strong>constat.</strong></span> 
     </span>
    </p>
   </div>
  </div>
