3940 6318
174 317 279 371 {£95

1549 301 2083 359 l’llOLEGOMENA.

3327 296 3429 355 iOG

161 426 435 484 charitate
462 423 673 479 Domini
703 420 970 476 toleravit.
996 419 1284 473 Enimvero
1308 430 1430 471 cum
1458 423 1605 470 esset
1626 430 1739 468 om—
1772 420 1818 477 Α
1848 414 2217 477 ordinaverat,
2248 410 2572 478 Moguntiam
2603 412 2829 466 relatum
2858 423 2967 474 cst.
3013 421 3067 466 ot
3111 414 3162 465 in
3203 413 3427 468 ecclesia

165 521 317 574 nium
356 512 673 585 pontiﬁcum
700 527 797 567 suo
822 522 1061 581 tempore
1088 508 1559 564 mansuetissimus
1576 547 1592 572 ,
1618 522 1744 575 pcr-

161 616 448 663 secutores
473 613 531 657 et
552 601 775 656 mmulos
801 616 928 656 suos
966 613 1239 669 nunquam
1274 598 1493 653 vocavit
1525 596 1593 651 ad
1627 610 1745 666 poe-

1851 503 2025 574 sancti
2056 498 2645 572 martyrisAlbanicum
2672 503 2879 557 honore
2905 500 3192 571 sepultum.
3222 503 3297 558 De
3324 520 3431 572 quo

1851 606 2085 661 sequens
2121 590 2395 647 invenitur
2438 591 2804 660 epitaphium,
2853 594 2909 649 in
2953 592 3269 647 memoriam
3314 594 3431 662 ejus

110 748 132 774 κ
161 716 327 763 nam,
353 682 470 752 nec
504 696 671 751 verbo
706 710 808 750 nec
843 678 986 748 facto
1023 691 1187 746 ullam
1227 691 1294 746 de
1337 690 1471 760 ipsis
1510 702 1747 760 unquam
1848 679 2157 756 scriptum”:
2198 692 2205 701 ‘

158 792 354 863 petivit
399 788 714 843 vindictam.
761 784 1038 863 Fundatus
1093 782 1238 837 enim
1291 781 1487 836 divina:
1542 778 1748 849 glutino

160 858 449 938 citaritatis
486 893 651 948 supra
698 858 910 931 ﬁrmam
955 883 1167 945 petram
1194 914 1210 939 ,
1256 872 1402 927 nulla
1449 870 1751 925 tentatione

159 975 340 1045 potuit
380 989 410 1026 a
447 970 678 1026 Domino
716 968 992 1038 separari,
1029 966 1173 1020 viam
1211 965 1424 1019 timoris
1457 970 1513 1017 et
1548 962 1749 1016 amoris

161 1065 413 1131 Domini,
462 1077 623 1131 quam
668 1078 698 1116 a
740 1058 946 1115 teneris
985 1058 1230 1129 pueritia).
1283 1060 1438 1111 annis
1478 1064 1626 1111 recte
1667 1056 1747 1108 vi-

161 1156 342 1210 vendo
388 1152 665 1207 ambulare
711 1150 921 1205 didicit.
964 1148 1134 1203 Nemo
1181 1147 1331 1201 illum
1374 1146 1526 1227 viditl
1555 1154 1751 1215 praeter

155 1244 320 1313 justas
346 1242 576 1297 rationis
602 1240 921 1295 modestiam
951 1239 1030 1292 ira
1060 1246 1389 1293 commotum
1411 1276 1425 1301 ,
1465 1220 1623 1290 nemo
1660 1249 1748 1289 re-
1792 1220 1797 1227 ’
1832 1228 1833 1231 “

162 1334 310 1403 perit
354 1332 538 1385 animo
583 1329 1005 1398 perturbatum;
1057 1326 1153 1381 sed
1197 1327 1353 1380 bonas
1397 1323 1747 1403 conscientia}

163 1394 482 1479 lestimonio
521 1394 706 1485 hctus,
745 1427 929 1474 mente
968 1434 1181 1489 semper
1215 1418 1318 1472 fuit
1355 1416 1647 1488 paciﬁcus,
1693 1394 1749 1470 el

163 1514 523 1582 sibimetipsi,
556 1500 677 1567 cum
719 1500 831 1566 Deo
872 1511 1087 1575 unitus,
1136 1510 1282 1564 omni
1326 1517 1570 1578 tempore
1598 1516 1746 1560 tran-

164 1604 387 1679 quillus.
414 1602 717 1677 Permansit
739 1610 994 1656 constans
1020 1602 1071 1654 in
1098 1600 1182 1654 his
1208 1599 1486 1654 exercitiis
1508 1596 1747 1679 pietatis,

162 1708 218 1753 et
244 1677 465 1766 lquanto
502 1710 560 1750 se
600 1694 914 1750 viciniorem
956 1693 1115 1748 morti
1159 1691 1331 1746 sensit
1371 1689 1455 1744 vel
1482 1677 1745 1751 credidit,

168 1796 324 1840 tanto
352 1794 590 1841 mentem
616 1799 645 1838 a
670 1783 889 1838 caducis
914 1792 967 1837 et
999 1781 1151 1835 vanis
1178 1778 1362 1833 mundi
1400 1777 1593 1832 studiis
1630 1791 1747 1830 am-
1780 1776 1826 1835 B

167 1875 639 1946 piinsclongavit.
676 1872 939 1941 Jejnniis,
981 1870 1208 1939 vigiliis,
1250 1866 1617 1941 orationibus,
1666 1880 1754 1921 sa-

169 1970 281 2022 cris
330 1967 725 2037 clecmosynis,
772 1963 1284 2036 prccdicationibus,
1330 1970 1385 2015 et
1427 1959 1548 2014 aliis
1596 1957 1753 2013 bonis

166 2051 458 2127 operibus,
489 2048 611 2111 sine
647 2055 1048 2133 intermissione
1084 2052 1186 2106 fuit
1223 2053 1461 2105 intentus
1481 2089 1495 2115 ,
1521 2060 1578 2103 et
1602 2047 1751 2103 omni

170 2146 497 2216 tempore‘in
526 2142 740 2200 oilicina
769 2143 936 2199 divini
973 2142 1175 2197 amoris
1202 2140 1408 2195 utiliter
1431 2145 1746 2208 occupatus.

240 2236 379 2291 Cum
408 2244 589 2289 autem
615 2243 823 2304 tempus
863 2232 931 2286 ab
968 2240 1174 2286 aeterno
1212 2230 1449 2284 venisset
1487 2227 1749 2297 pmordi-

170 2336 358 2382 natum
379 2368 393 2393 ,
419 2341 524 2395 quo
548 2324 858 2379 misericors
881 2330 937 2377 et
962 2322 1247 2375 miserator
1268 2318 1526 2373 Dominus
1550 2314 1754 2370 famulo

169 2433 272 2474 suo
293 2432 394 2487 pro
416 2416 626 2470 meritis
648 2415 803 2469 bona:
824 2411 1116 2467 voluntatis
1140 2410 1440 2465 mercedem
1465 2408 1596 2462 dare
1617 2420 1757 2476 prte-

168 2507 467 2564 destinavit
504 2504 779 2560 felicitatis
818 2512 1068 2568 aeternae,
1103 2508 1388 2571 correptus
1424 2497 1575 2553 febre
1613 2498 1756 2552 lecto

168 2592 466 2664 decubuit,
500 2607 557 2653 et
590 2600 879 2652 crescente
899 2593 1089 2651 morbo
1109 2635 1124 2659 ,
1152 2592 1368 2648 tandem
1409 2591 1476 2646 ad
1508 2597 1753 2645 extrema

168 2692 440 2764 pervenit.
468 2689 571 2757 Qui
597 2689 804 2745 visione
827 2686 1178 2759 praemonitus
1225 2683 1469 2754 angelica
1504 2680 1754 2736 ultimum

169 2784 271 2837 sibi
300 2783 463 2852 hujus
486 2781 614 2835 vita:
638 2779 964 2836 miserabilis
988 2778 1193 2833 instare
1218 2784 1491 2831 certamen
1509 2814 1525 2839 ,
1549 2771 1755 2827 exitum

167 2891 329 2932 suum
357 2874 514 2929 hctus
538 2860 832 2928 Dominicis
854 2866 1211 2926 sacramentis
1233 2865 1495 2931 munivit,
1525 2872 1581 2919 et
1602 2862 1756 2918 libris

164 2967 280 3021 suis
308 2965 512 3035 partim
542 2964 611 3018 ad
636 2963 861 3019 Fuldam
878 3003 894 3029 ,
921 2962 1232 3033 partimque
1256 2960 1324 3014 ad
1349 2956 1741 3017 monasterium

169 3056 349 3109 sancti
390 3054 620 3118 Albani,
666 3060 823 3108 extra
866 3053 1066 3109 mtenia
1112 3050 1353 3110 civitatis
1385 3046 1756 3119 Moguntinae,

1975 795 2149 845 Lector
2171 797 2397 856 honeste,
2426 808 2584 845 meam
2608 796 2646 844 si
2672 795 2745 843 vis
2769 792 3067 854 cognoscere
3095 795 3237 841 vitam
3263 831 3276 853 ,

2034 859 2276 920 Tempore
2301 859 2490 908 mortali
2514 858 2706 906 discere
2732 858 2804 905 sic
2828 858 3027 920 poteris.

1976 916 2322 995 Urbe'q'nlidcm
2344 920 2543 995 genitus
2559 930 2686 995 sum,
2723 924 2776 966 et
2802 930 2941 965 sacro
2964 916 3095 995 [nunc
3117 925 3315 986 renatus

2038 982 2090 1030 in
2117 979 2288 1041 Fulda,
2317 979 2425 1039 post
2451 982 2555 1029 haec
2577 979 2751 1037 dogma
2772 991 2962 1041 sacrum
2987 980 3154 1026 dialici.

1974 1043 2080 1101 Quo
2106 1043 2368 1090 monachus
2391 1041 2544 1091 factus
2565 1041 2765 1088 seniora
2787 1056 2812 1085 υ
2833 1040 2965 1099 jus»:
2990 1040 3273 1099 sequebar;

2038 1104 2210 1151 Norma
2235 1104 2347 1150 mihi
2374 1106 2487 1149 vitae
2520 1101 2692 1161 regula
2714 1110 2874 1149 sancta
2901 1101 2997 1147 fuit

1976 1166 2072 1214 Sed
2095 1165 2210 1213 licet
2235 1165 2428 1213 incaute
2455 1164 2596 1223 hanc,
2622 1174 2714 1210 nec
2739 1162 2837 1211 fixe
2862 1174 3059 1219 semper
3081 1161 3313 1209 haberem
3336 1200 3349 1222 ,

2038 1225 2170 1274 Cella
2192 1232 2353 1272 tamen
2380 1226 2594 1272 mihimet
2624 1225 2809 1272 mansio
2828 1230 2962 1283 grata
2988 1223 3095 1271 fuit.

1973 1288 2069 1356 Ast
2079 1287 2163 1336 ubi
2183 1287 2279 1347 jam
2303 1286 2471 1356 plures
2497 1285 2784 1356 transissent
2803 1288 3036 1356 temporis
3058 1286 3222 1356 ιπηιί,κ

2036 1344 2325 1397 Convenere
2352 1348 2443 1395 viri
2470 1353 2667 1396 vertere
2692 1344 2913 1395 'tata‘loci
2937 1383 2951 1404 ,

1977 1410 2052 1457 tle
2085 1410 2373 1459 abstraxcre
2396 1407 2541 1456 domo
2562 1406 2840 1469 invalidum,
2864 1403 3073 1469 regique
3110 1403 3293 1465 tulere,

2040 1472 2305 1520 l‘oscentes
2322 1469 2457 1530 fungi
2490 1467 2707 1531 prauis
2728 1469 2883 1517 oﬂicio
2906 1482 2917 1515 :

1978 1532 2032 1581 In
2058 1546 2155 1592 quo
2182 1544 2273 1581 nec
2295 1530 2525 1581 meritum
2553 1532 2681 1591 vim,
2708 1543 2801 1578 nec
2816 1530 2990 1589 dogma
3019 1537 3266 1590 repertum
3289 1536 3385 1585 est,

1992 1600 2010 1658 ‘_
2040 1593 2141 1642 Nec
2170 1594 2375 1653 pastoris
2388 1605 2515 1658 .opus
2534 1592 2647 1657 jure
2674 1592 3052 1658 bencplacitum.

1979 1652 2239 1713 Ρνοιιὶτιῐυε
2264 1662 2369 1702 erat
2388 1652 2601 1713 animus,
2628 1653 2715 1701 sed
2744 1654 2938 1713 tardans
2956 1652 3120 1713 debile
3145 1660 3337 1708 corpus.

2046 1711 2161 1764 Feci
2181 1714 2309 1775 quod
2332 1722 2571 1775 poteram,
2591 1711 2828 1775 quodque
2856 1712 2991 1775 Deus
3016 1711 3238 1775 dederat.

1978 1773 2118 1835 Nunc
2138 1771 2264 1835 rogo
2289 1771 2344 1823 te
2366 1787 2427 1823 ex
2455 1771 2658 1832 tumulo,
2684 1771 2835 1821 frater
2857 1772 3073 1835 dilecteL
3096 1771 3305 1835 iuvando

2038 1810 3254 1891 ἅπίὧῖἶιόἕξῶιὶῖζςῖὄἐἶῖἐιῖίᾙτὲἑίὶῑὰξὺὸὶιιῖιῆ)

1982 1894 2164 1957 ιυςιίὶεἰε
2177 1898 2348 1945 interni
2372 1908 2452 1945 me
2477 1904 2531 1945 ut
2550 1898 2703 1957 gratia
2722 1894 2949 1957 siit-etin
2972 1908 3129 1944 aevum
3153 1930 3168 1952 ,

1917 1960 1921 1963 '
1979 2016 2009 2019 _
2041 1956 2147 2005 Non
2172 1960 2398 2006 meritum
2422 1955 2681 2019 aspiciens,
2701 1955 2789 2019 sed
2816 1958 3011 2019 pietatis
3035 1966 3177 2018 opus.

1930 2032 1933 2035 '
1978 2016 2165 2079 Rabani
2188 2030 2367 2079 nempe
2388 2016 2503 2066 milii
2526 2029 2721 2078 nomen,
2746 2016 2895 2079 lectio
2917 2016 3075 2067 dulcis

2039 2077 2229 2140 Divinas
2252 2077 2379 2138 legis
2396 2090 2598 2140 semper
2622 2077 2801 2140 nhiQne
2822 2078 2931 2127 fuit.

1976 2138 2063 2189 Cui
2088 2138 2224 2188 Deus
2239 2138 2550 2200 omnipotens
2575 2138 2761 2188 tribuas
2782 2151 2840 2188 co
2859 2140 3001 2188 testia
3025 2151 3199 2200 regna,

2044 2200 2106 2250 Et
2126 2213 2290 2251 veram
2312 2202 2536 2262 requiem
2558 2212 2759 2263 semper
2780 2202 2829 2249 in
2853 2214 2965 2251 arce
2994 2202 3112 2263 puli.

1926 2324 1996 2377 Et
2019 2323 2122 2378 iste
2145 2322 2366 2391 quidem
2405 2317 2711 2377 beatissimi
2740 2321 3017 2391 pontiﬁcis
3043 2320 3256 2375 Bahani
3284 2320 3436 2383 ﬁnis,

1858 2414 1913 2467 in
1941 2412 2270 2467 hocmundo
2293 2411 2510 2467 vivendi
2535 2412 2762 2468 exstitit.
2788 2410 2955 2481 Cujus
2980 2421 3224 2468 sanctum
3246 2426 3445 2482 corpus

1859 2502 2017 2557 annis
2056 2502 2332 2557 sexcentis
2370 2502 2763 2573 quinquaginta
2802 2517 2995 2558 novem
3039 2503 3093 2557 in
3142 2510 3444 2557 memorato

1859 2584 2111 2651 emnobio
2142 2593 2316 2653 sancti
2354 2593 2610 2665 martyris
2633 2592 2826 2648 Albani
2851 2592 3118 2662 sepultum
3137 2633 3151 2658 ,
3182 2593 3237 2646 in
3261 2605 3444 2646 sarco-

1858 2688 2036 2762 phago
2055 2686 2210 2756 juxta
2237 2702 2453 2741 murum
2480 2687 2631 2742 chori
2660 2686 2871 2742 elevato
2892 2685 3211 2756 permansit.
3240 2685 3319 2739 Ad
3347 2699 3445 2739 cu—

1856 2778 1946 2850 jus
1973 2776 2188 2848 quoque
2212 2777 2479 2833 tumulum
2517 2794 2547 2833 a
2570 2778 2840 2849 principio
2873 2792 3098 2849 magnus
3132 2775 3316 2847 populi
3346 2775 3449 2830 fuit

1862 2885 2195 2936 concursus,
2234 2879 2290 2926 et
2327 2870 2483 2941 plura
2519 2879 2820 2925 narrantur
2841 2869 2987 2927 facta
3023 2869 3323 2934 miracula;
3354 2869 3446 2938 qui

1862 2967 2044 3015 tamen
2086 2974 2343 3017 successu
2381 2961 2645 3045 temporis
2682 2960 2904 3016 omnino
2944 2960 3173 3027 defecit,
3202 2968 3259 3016 et
3280 2958 3450 3015 sacel-

1862 3047 1975 3104 lum
2005 3048 2124 3119 ejus
2147 3048 2239 3104 diu
2265 3048 2384 3104 sine
2409 3049 2615 3105 honore
2640 3049 2960 3120 permansit.
2991 3049 3146 3105 Unde
3168 3048 3451 3119 provideri.

169 3144 401 3216 provide
432 3109 737 3198 distributis
763 3184 778 3209 ,
820 3144 886 3215 ad
914 3144 1209 3198 Dominum
1227 3184 1241 3208 ,
1270 3157 1430 3213 quem
1455 3109 1569 3196 toto
1592 3109 1758 3196 cordo
1786 3109 1831 3172 Ο
1863 3140 1938 3195 tia
1965 3109 2061 3194 Dei
2086 3148 2281 3195 cuncta
2308 3109 2694 3211 gubernantis,
2722 3140 2791 3195 ad
2816 3126 3052 3218 nominis
3077 3109 3444 3208 sui-gloriam,

170 3250 392 3306 semper
412 3246 715 3300 amaverat,
743 3235 883 3290 inter
904 3234 1166 3290 orationis
1187 3235 1351 3289 verba
1375 3232 1608 3289 feliciter
1624 3232 1758 3287 emi.
1790 3268 1795 3273 ο

172 3326 383 3397 gravit,
411 3332 568 3380 sexto
592 3324 954 3380 Kalendarum
997 3320 1381 3380 Novembrium
1402 3364 1417 3388 ,
1462 3337 1607 3378 anno
1642 3322 1753 3377 Do-

174 3416 393 3470 miniczn
436 3413 736 3469 nativitatis
798 3402 1247 3483 octingentesimo
1305 3410 1753 3482 quinquagesimo

177 3515 369 3572 sexto,
408 3505 703 3560 indictione
737 3504 1105 3559 Romanorum
1143 3514 1369 3573 quarta,
1404 3503 1755 3573 pontiﬁcatus

178 3597 262 3651 sui
302 3610 450 3651 anno
486 3610 648 3650 nono.
688 3595 747 3649 in
785 3596 938 3665 cujus
976 3594 1205 3649 transitu
1247 3608 1406 3649 voces
1444 3592 1753 3648 canentium

80 3676 83 3677 ν
176 3686 495 3757 angelorum
522 3686 721 3741 auditas
744 3695 870 3741 sunt
887 3684 1220 3755 ,,dicentium
1250 3702 1262 3737 :
1296 3682 1403 3738 Iste
1431 3693 1642 3738 sanctus
1668 3683 1751 3735 di-

174 3794 276 3848 gne
312 3779 371 3830 in
410 3762 719 3830 memoriam
753 3776 972 3831 vertitur
996 3775 1297 3841 hominum,
1323 3774 1411 3853 qui
1437 3773 1630 3843 gaudio
1659 3772 1757 3825 du-

177 3869 320 3920 citur
367 3862 717 3936 angelorum:
763 3866 889 3937 quia
932 3867 987 3920 in
1030 3866 1128 3920 hac
1171 3865 1616 3936 peregrinatione,
1647 3872 1754 3918 etc.

176 3957 428 4012 Mortuus
465 3966 549 4013 est
589 3967 768 4013 autem
808 3958 1156 4014 beatissimus
1178 3958 1621 4027 archiepiscopus
1644 3957 1755 4011 Ra-

175 4047 355 4102 banus
395 4047 536 4117 apud
559 4046 875 4102 Vinicellam
895 4088 911 4113 ,
938 4046 1287 4103 habitationis
1312 4062 1423 4101 sua:
1450 4048 1627 4101 vicum
1646 4088 1662 4111 ,
1689 4046 1757 4100 ad

172 4136 361 4191 littora
409 4135 604 4189 Rheni.
653 4135 820 4206 Cujus
869 4150 1085 4192 sacrum
1137 4150 1361 4206 corpus,
1415 4136 1556 4190 sicut
1606 4137 1759 4191 vivus

1862 3236 1918 3301 e_t
1961 3229 2149 3284 famuli
2194 3230 2278 3284 sui
2328 3237 2651 3300 perpetuum
2699 3229 2996 3294 honorem,
3042 3226 3446 3284 sanctissimum

1868 3336 2068 3391 corpus
2092 3318 2208 3388 ejus
2233 3319 2299 3374 de
2327 3319 2597 3390 Moguntia
2620 3316 2920 3385 ordinavit,
2948 3328 3005 3374 et
3041 3318 3210 3374 voluit
3249 3317 3304 3372 in
3342 3316 3445 3371 Sa-

1862 3413 2080 3467 xoniam
2104 3410 2393 3467 transferri
2429 3425 2573 3473 anno
2606 3412 2895 3483 praesenti,
2938 3427 3047 3482 quo
3085 3412 3189 3466 hoc
3227 3410 3449 3480 scripsi—

1861 3518 1983 3557 mus
2000 3544 2015 3569 ,
2044 3500 2341 3557 Dominicaa
2367 3501 2619 3557 videlicet
2645 3502 2945 3556 nativitatis
2970 3501 3259 3557 millesimo
3283 3500 3445 3570 quin-

1863 3590 2162 3664 gentesimo
2204 3593 2393 3663 quinto
2440 3592 2683 3659 decimo,
2732 3592 3030 3649 indictione
3079 3592 3448 3647 Romanorum

1865 3670 2045 3737 tertia.
2089 3679 2219 3748 Quae
2255 3678 2474 3753 quidem
2516 3678 2798 3738 translatio
2823 3698 2920 3753 per
2955 3698 3114 3754 quem
3136 3724 3151 3748 ,
3190 3682 3444 3754 qualiter,

1865 3770 2083 3839 quando
2104 3812 2119 3837 ,
2146 3780 2204 3827 et
2237 3786 2496 3842 quorsum
2535 3772 2607 3827 sit
2644 3772 2786 3827 facta
2817 3813 2832 3838 ,
2862 3773 3083 3843 speciali
3110 3779 3450 3844 syntagmate

1866 3850 2255 3932 descripsimus
2297 3865 2364 3919 ad
2412 3864 2624 3920 laudem
2679 3876 2734 3919 et
2778 3865 3003 3935 gloriam
3047 3865 3140 3921 Dei
3204 3865 3450 3933 omnipo-

1871 3954 2067 4017 tentis,
2118 3951 2325 4019 Patris,
2377 3963 2434 4010 et
2483 3951 2642 4016 Filii,
2695 3963 2751 4009 et
2801 3951 3038 4024 Spiritus
3086 3956 3302 4010 sancti:
3355 3954 3447 4025 qui

1870 4045 2014 4099 Deus
2048 4054 2165 4109 est,
2202 4046 2333 4100 vivit
2380 4054 2435 4100 et
2480 4055 2669 4117 regnat
2714 4048 2855 4101 unus
2886 4060 2984 4117 per
3024 4047 3210 4102 omnia
3252 4046 3447 4102 saecula

1868 4137 2129 4192 szeculoru
2138 4154 2209 4192 m.
2256 4138 2450 4193 Amen.

1194 4324 1550 4387 EIUSDEM
1597 4327 1814 4388 va
1850 4308 2404 4389 ‘COMPENDIUM.

1620 4436 1980 4451 Ἦ

248 4466 515 4556 Rabanus
535 4483 589 4537 in
607 4482 774 4556 Fulda
798 4484 1058 4556 nascitur,
1082 4491 1234 4556 patre
1253 4481 1552 4556 Ruthardo,
1580 4492 1758 4556 matre
1784 4484 1837 4545 D
1934 4484 2147 4540 Rabani
2199 4494 2565 4541 recensentur
2601 4464 2721 4554 qua:
2742 4473 2988 4556 ’scripsit
3034 4494 3087 4541 et
3112 4542 3117 4547 ,
3141 4486 3447 4543 lucubravit

174 4554 537 4637 §ldcgttnde,
554 4553 799 4637 secunda
841 4548 942 4634 die.
964 4548 1244 4607 Februarii
1284 4567 1426 4606 anno
1463 4551 1759 4607 Dominicm

179 4621 492 4681 nativitatis
512 4663 527 4685 ,
554 4621 675 4676 788.
712 4622 825 4675 Lib.
863 4622 1051 4689 primo.

250 4694 518 4753 Rabanus
551 4693 611 4745 iit
649 4692 946 4747 monachus
984 4706 1125 4746 anno
1152 4690 1363 4746 Domini
1405 4690 1537 4755 797,
1581 4692 1762 4747 :etatis

178 4781 291 4820 sua:
317 4777 470 4817 anno
492 4777 637 4817 nono
669 4760 867 4815 Fnldm.
898 4760 1013 4813 Lib.
1042 4762 1229 4831 primo.
1252 4830 1265 4831 γ
1660 4785 1666 4791 -

251 4832 517 4891 [tabanus
541 4833 837 4887 monachus
873 4845 1036 4886 causa
1064 4830 1224 4885 Studii
1248 4830 1473 4885 Romam
1514 4832 1580 4886 ad
1607 4832 1759 4887 Albi-

178 4920 309 4957 num
328 4903 678 4972 magistrum,
694 4910 755 4972 et
772 4901 1150 4972 scholasticam
1179 4901 1565 4956 monachorum
1595 4903 1761 4957 mitti-

181 4982 290 5033 tur,
320 4969 474 5026 anni)
502 4972 711 5027 Domini
737 4970 859 5026 806.
888 4969 1001 5024 Lib.
1029 4972 1217 5039 primo.
1548 5000 1555 5008 -

250 5040 541 5103 Rabanus,
568 5040 751 5095 Roma:
774 5054 869 5096 sex
897 5042 1059 5095 annis
1078 5041 1133 5094 in
1159 5040 1337 5095 Studio
1365 5042 1599 5107 exactis,
1629 5042 1760 5097 Ful-

180 5111 306 5165 dam
334 5112 631 5166 revertitur
654 5126 795 5165 anno
815 5110 1023 5165 Domini
1048 5108 1170 5165 812.
1194 5110 1308 5164 Lib.
1335 5111 1523 5179 primo.
1547 5112 1615 5166 Et
1636 5126 1760 5167 mox

180 5180 549 5235 scholasticus
574 5181 959 5235 monachorum
982 5179 1166 5234 Fuldaa
1191 5180 1510 5235 instituitur.
1716 5220 1719 5223 -

249 5249 625 5327 βξρὒιεηιρερε
656 5251 824 5327 abbas
864 5248 1235 5327 Fuldeltsisjn
1264 5246 1464 5327 ordine
1498 5251 1754 5327 quintus,

226 5315 345 5381 libis
369 5317 571 5389 viginti
594 5317 799 5389 duobus
818 5360 833 5383 ,
852 5334 1000 5389 anno
1023 5318 1235 5389 Domini
1262 5318 1366 5374 895
1383 5358 1397 5381 ,
1427 5315 1603 5374 (etatis
1628 5334 1757 5374 vero

175 5382 297 5459 ἕως
328 5382 614 5459 trigesimo
637 5386 807 5441 serto.
838 5387 953 5441 Lib.
980 5387 1208 5459 secundo
1234 5390 1289 5442 iri
1318 5390 1594 5459 principio.

258 5454 553 5529 “abantis
576 5454 753 5529 factus
801 5465 911 5529 est“
933 5454 1367 5529 archiepiscopus
1407 5454 1765 5529 Moguntinus

184 5537 345 5581 sexto
374 5524 496 5581 Kal.
525 5523 684 5589 Julii,
713 5540 856 5579 anno
886 5526 1097 5597 Domini
1118 5523 1248 5592 847,
1269 5523 1583 5597 "(etatissuaz
1603 5524 1765 5597 quin-

185 5597 511 5665 (πειθαρςίωο
535 5609 698 5659 nono,
720 5604 775 5648 et
796 5595 1009 5663 prmfuit
1034 5597 1191 5653 annis
1214 5612 1423 5662 novem.
1447 5595 1562 5650 Lib.
1590 5595 1763 5666 tertio.

252 5699 285 5725 ἰ
330 5683 717 5755 licponendum
748 5682 902 5738 i5i5.
932 5683 1084 5741 Eutr.

376 5798 381 5801 ·
440 5774 717 5833 ΡΑτκοι.
774 5773 960 5834 CVII.

1863 4556 2156 4627 opuscula,
2182 4570 2287 4627 per
2307 4570 2479 4611 annos
2516 4556 2742 4627 triginta
2778 4555 2969 4627 novem
2998 4555 3303 4611 continuos.
3337 4558 3445 4615 Eo-

1863 4623 1981 4678 dem
2010 4624 2143 4679 libro
2173 4623 2345 4679 tertia.
2598 4623 2617 4627 ⁷
2848 4680 2851 4683 λ
2876 4640 2879 4645 ’
2907 4623 2913 4629 ’

1930 4693 2188 4766 {labantis
2214 4696 2661 4766 archiepiscopus
2687 4695 2976 4766 Moguntina
3002 4704 3189 4751 sextus
3217 4697 3269 4751 in
3291 4696 3445 4753 .Vini-

1863 4764 2000 4821 cella
2045 4781 2097 4819 vi
2146 4764 2265 4819 Kal.
2310 4764 2632 4821 Novembris
2680 4764 2931 4830 moritur,
2973 4766 3317 4835 pontiticatus
3360 4768 3443 4822 sui

1864 4850 2003 4890 anno
2027 4850 2191 4900 nono,
2224 4850 2411 4890 mense
2436 4845 2651 4905 quarto,
2679 4835 2853 4890 :etatis
2875 4848 3141 4906 verosuge
3166 4838 3443 4906 sexagesi-

1868 4921 1965 5028 rlng
1977 4914 2190 4988 octavo,
2217 4918 2404 4960 mense
2424 4904 2568 4960 nono
2589 4913 2644 4959 et
2662 4905 3053 4959 incarnationis
3076 4904 3288 4959 Domini
3306 4904 3439 4962 856.

1915 4991 1931 5028 ι
1971 4991 2026 5028 ro
2054 4986 2230 5028 tertia.
2563 5006 2569 5012 -

1915 4977 2026 5028 ibro
2054 4977 2230 5031 tertio.
2563 5006 2569 5012 ε

1938 5044 2147 5117 Rabani
2186 5058 2386 5117 corpus
2429 5045 2483 5117 in
2517 5044 2748 5099 ecclesia
2779 5042 2954 5117 iacuit
2979 5044 3444 5117 sepultumannis

1866 5116 2137 5185 sexcentis
2160 5112 2551 5185 quinquaginta
2575 5129 2788 5185 novem.
2813 5112 2881 5169 In
2898 5113 3010 5185 ﬁne
3034 5112 3124 5169 lib.
3152 5116 3312 5169 tertii.

1936 5184 2143 5240 Rabani
2158 5182 2354 5255 corpus
2377 5182 2430 5238 in
2446 5182 2738 5255 Saxoniam
2751 5198 2874 5239 cum
2898 5182 3099 5255 honore
3120 5184 3443 5255 transfertur

1866 5256 1919 5308 in
1946 5264 2133 5311 mense
2156 5253 2400 5324 Augusto
2417 5293 2432 5317 ,
2461 5269 2603 5309 anno
2631 5253 2845 5309 Domini
2872 5254 3157 5309 millesimo
3182 5254 3443 5324 quingen-

1870 5326 2063 5379 tesimo
2084 5326 2272 5394 quinto
2293 5323 2521 5377 decimo.
3014 5393 3019 5394 γ
3048 5351 3069 5362 -

1922 5389 2152 5451 .Rabani
2189 5393 2438 5462 corporis
2473 5393 2829 5462 siveossium
2857 5393 3266 5448 translationem
3294 5391 3351 5462 in
3374 5389 3442 5445 li-

1872 5465 1972 5519 bro
2010 5462 2231 5533 speciali
2263 5460 2555 5533 descripsit
2588 5461 2839 5533 Joannes,
2865 5461 3245 5533 Trithemius_,_
3270 5460 3438 5533 abbas

1875 5528 2387 5597 monasterii-sancti
2412 5528 2595 5587 Jacobi
2638 5532 2863 5601 apostoli
2904 5532 3045 5601 apud
3086 5528 3436 5601 Herbjpolim.

1876 5602 2026 5657 Finis
2052 5616 2174 5655 cum
2197 5601 2404 5657 auxilio
2431 5602 2524 5655 Dei
2554 5598 2813 5671 vigesimo
2841 5598 3201 5655 die'Octobris
3225 5598 3329 5654 9i5
3354 5612 3404 5653 ι.
