3940 6342
485 434 584 490 143

484 541 617 598 Nam
642 539 744 594 hoc
769 538 920 592 funus
944 546 1094 591 tanto
1123 537 1345 607 girando
1371 537 1586 591 cardine
1617 534 1811 605 prodit,

479 632 618 691 Orbe
644 633 779 687 sciat
805 639 861 683 ut
891 630 1094 698 galeam
1127 623 1371 684 consultu
1396 625 1620 684 Caesaris
1644 634 1760 678 oret
1791 664 1801 687 ,

480 720 720 791 Augusto
743 733 873 789 pure
895 717 1030 772 feret
1051 718 1242 772 almam
1267 717 1389 772 hinc
1409 716 1563 769 laude
1587 729 1860 768 coronam.

477 809 612 865 Nam
639 810 836 879 optima
865 808 1114 862 dextram
1135 808 1306 862 virtus
1333 806 1506 860 divina
1528 811 1680 873 paret
1705 811 1819 857 arte
1845 845 1857 865 ,

478 897 944 970 Stips,llicsu,tua
960 900 1153 967 detque
1183 897 1526 964 triumphum,
1557 894 1824 963 poscimus
1853 907 2038 947 omnes

479 990 585 1047 lam
615 990 810 1044 almum
830 988 971 1057 justo
985 989 1204 1058 justiti-.3
1225 987 1364 1057 quod
1389 993 1574 1056 regnet
1593 985 1788 1054 ubique
1818 1023 1832 1047 ,

480 1082 602 1140 δίη
631 1081 783 1136 silice
805 1082 989 1136 induat
1013 1090 1172 1152 atque
1200 1080 1366 1150 ligatu
1387 1079 1522 1149 giret
1549 1077 1720 1130 amico
1741 1117 1754 1139 ,

483 1165 614 1226 Dum
646 1168 800 1224 adert
834 1168 997 1224 lorica
1037 1169 1292 1238 placitum
1315 1168 1393 1223 sic
1423 1168 1534 1237 ipsa
1565 1174 1810 1236 paratum
1836 1205 1850 1228 ,

477 1263 730 1332 Optemus
753 1250 848 1316 nos
875 1276 1085 1330 semper
1110 1261 1358 1324 amicum,
1387 1274 1543 1328 quem
1575 1257 1661 1327 pie
1687 1256 1934 1311 Christus

477 1348 556 1407 lle
581 1357 802 1414 tutatur,
835 1365 996 1420 quam
1027 1349 1200 1404 nullus
1216 1349 1397 1417 jaculo
1424 1348 1640 1417 premit,
1673 1353 1757 1401 ast
1780 1345 1865 1400 fur

477 1439 599 1505 Fas,
630 1440 712 1496 vel
739 1441 792 1494 in
817 1438 907 1496 illo
934 1448 1173 1508 proterat
1212 1439 1381 1493 hostis
1407 1438 1631 1492 crimine
1656 1437 1774 1505 diro

476 1527 734 1584 Defensor
760 1527 891 1582 artis
915 1529 1006 1580 sed
1035 1525 1246 1580 firmum
1279 1519 1543 1580 monstrat
1565 1524 1852 1580 amandum

478 1617 575 1675 Jus
597 1625 788 1673 ornatu
829 1616 1007 1670 laneat
1035 1614 1262 1670 Caesaris
1291 1617 1497 1670 obtinet
1523 1615 1794 1676 haustum.

473 1707 640 1766 Omen
667 1706 829 1777 ﬁtque
846 1721 1023 1782 omne,
1050 1721 1113 1762 ac
1134 1714 1304 1759 tutum
1334 1705 1615 1775 imperium
1647 1710 1829 1758 manet
1851 1705 2000 1757 orbe.

473 1800 551 1855 En
582 1813 745 1870 regna
771 1797 990 1853 Graium
1012 1812 1170 1852 omne
1193 1811 1289 1865 per
1315 1810 1486 1850 aevum
1513 1807 1736 1848 munera
1757 1793 1959 1848 donant
1978 1831 1993 1856 ,

474 1889 539 1946 Et
563 1886 726 1945 Persa
749 1889 861 1953 dat‘,
891 1888 1074 1957 sicque
1098 1881 1214 1957 ejus
1242 1886 1439 1942 sobolis
1466 1885 1605 1939 latus
1635 1885 1822 1939 ambit.

472 1976 616 2034 Gens
635 1978 783 2048 plebs
801 1978 921 2032 laeta
940 1993 1174 2048 propago
1199 1976 1469 2031 succinam
1494 1976 1580 2046 pie
1605 1976 1766 2029 donat

472 2066 678 2123 Musam
705 2066 856 2136 juvat
898 2057 1062 2123 edens
1089 2076 1323 2132 maneat,
1349 2067 1449 2120 scit
1469 2073 1674 2120 scutum
1700 2073 1754 2120 et
1780 2077 1960 2120 amare

471 2156 632 2230 Spem
661 2157 808 2212 exsul
837 2165 1043 2226 sceptra
1071 2156 1300 2211 tenendo
1318 2195 1331 2218 ,
1357 2156 1480 2207 dum
1506 2153 1625 2207 fidei
1649 2153 1740 2207 dat
1762 2155 1956 2221 ubique

423 2241 430 2247 ’
467 2253 603 2308 Rern
628 2249 818 2304 haustu
840 2246 1009 2303 donec
1033 2246 1187 2300 satela
1210 2260 1304 2300 sua
1327 2241 1541 2312 depellit
1576 2242 1643 2296 ab
1660 2247 1663 2252 '
1680 2249 1794 2296 arte
1816 2283 1829 2302 ,

1144 431 1204 484 B.’
1246 428 1499 500 MBAN].
1533 426 1750 481 MAUN
1786 424 2095 478 ARCHlEP.
2140 423 2443 481 MOGUNT.
2487 425 2766 482 OPERL'M
2806 428 2982 482 PARS
3023 429 3058 481 l.

2074 538 2115 592 Α
2148 529 2274 597 Qum
2302 532 2531 586 formose
2556 533 2675 600 jura
2709 536 3087 588 tenebunt'tola
3115 537 3265 590 nefas
3290 539 3392 590 sint
3426 578 3438 599 ,

3607 427 3708 481 ιιι

2140 621 2206 675 Ει
2235 624 2422 676 sedare
2451 624 2539 691 qui
2572 632 2624 676 et
2653 632 2808 678 terra:
2836 625 3108 681 solidanda
3138 630 3462 694 proterviam
3491 669 3505 691 ,

2137 710 2310 777 Quam
2353 721 2435 766 est
2465 713 2666 766 solidus
2689 730 2941 781 permane
2982 716 3114 784 tegit
3145 717 3417 786 Augustus
3438 720 3600 784 ovile,

2139 800 2512 879 Transformat
2537 805 2684 857 orbis
2711 804 2910 859 Christi
2936 821 3059 860 cum
3083 805 3224 860 clara
3253 809 3471 874 tributa,

2135 878 2262 947 Jnre
2291 895 2496 948 colendi
2525 895 2648 949 dum
2678 910 2883 950 memor
2913 912 3063 965 aeque
3089 899 3325 967 trophzea
3352 915 3550 968 parans
3575 901 3666 954 dat
3694 939 3709 966 ,

2137 983 2265 1049 Qua:
2308 985 2408 1040 hoc
2446 985 2552 1039 sint
2588 1000 2781 1040 nomen
2808 988 3004 1056 ubique
3031 1003 3216 1042 means
3243 989 3489 1043 devotum
3518 991 3587 1044 ab
3613 1007 3710 1046 ore

2139 1073 2336 1144 Nempe
2359 1084 2522 1137 tonat,
2554 1084 2811 1146 urgetque
2831 1076 2995 1146 probe
3020 1085 3205 1147 pectus
3232 1079 3318 1132 diu
3341 1082 3510 1134 amari
3535 1121 3548 1143 ,

2137 1164 2218 1219 Sit
2248 1174 2449 1219 tremor
2471 1173 2659 1233 estque
2683 1167 2835 1221 bonae
2861 1167 3039 1222 divino
3066 1183 3292 1222 munere
3315 1168 3490 1234 famaz,

2135 1255 2354 1312 Proficit
2384 1257 2504 1310 inde
2526 1258 2657 1311 orbe
2687 1258 2959 1312 madidum
2983 1256 3176 1313 fretum
3201 1257 3492 1328 illicitaque

2136 1343 2225 1398 Sic
2253 1344 2416 1399 abicit
2455 1354 2669 1414 portum
2693 1387 2706 1410 ,
2734 1359 2895 1400 cruce
2927 1347 3016 1400 dat
3033 1345 3215 1402 Iesum
3241 1347 3588 1416 sequiturque

2133 1433 2286 1490 Hunc
2300 1436 2392 1490 tibi
2407 1436 2548 1490 enim
2566 1437 2691 1491 inde
2705 1437 3173 1508 datum,osemper
3185 1447 3468 1508 castusque
3479 1439 3711 1509 piusque

2133 1524 2332 1590 Cassar,
2355 1526 2503 1596 large
2529 1527 2688 1581 modo
2719 1529 2835 1585 visu
2865 1538 2917 1581 tu
2944 1538 3121 1583 castra
3152 1529 3354 1585 inimici
3384 1538 3466 1583 ast

2135 1616 2328 1672 Terres
2357 1630 2613 1686 spemque
2640 1617 2798 1670 timor
2818 1617 2957 1671 altus
2976 1619 3189 1673 inimica
3217 1618 3406 1688 fugans
3433 1620 3520 1673 dat
3547 1660 3560 1680 .

2133 1704 2210 1758 Tu
2232 1705 2349 1775 pius
2374 1712 2428 1758 et
2451 1713 2635 1774 gratus
2657 1705 2881 1760 nimium
2901 1721 3125 1775 pronum
3155 1692 3308 1777 rogat
3330 1708 3442 1762 haec
3463 1722 3599 1777 gens

2133 1793 2212 1848 Ad
2240 1793 2452 1848 veniam
2476 1794 2553 1847 ire
2583 1794 2796 1847 animus
2821 1793 2974 1848 nobis
2999 1791 3226 1861 adjussa
3252 1797 3494 1863 parentis
3518 1814 3530 1847 2

2060 1876 2113 1936 Β
2135 1881 2440 1952 Conscripsi
2469 1884 2667 1938 dudum
2693 1898 2816 1939 nam
2844 1884 3041 1939 Christi
3071 1885 3226 1939 laude
3254 1885 3491 1941 libellum

2135 1974 2390 2029 Versibus
2424 1982 2479 2029 et
2509 1989 2687 2044 prosa,
2714 1973 2809 2028 tibi
2833 1989 2990 2042 quem
3021 1989 3177 2040 nunc,
3207 1976 3556 2046 induperator
3582 2020 3596 2040 ,

2134 2064 2330 2128 Oﬂ'ero,
2347 2073 2552 2129 sancte,
2584 2063 2779 2128 libens,
2798 2064 2948 2132 cujus
2969 2066 3223 2134 praecedit
3246 2066 3422 2137 imago

2134 2155 2294 2208 Stans
2317 2164 2521 2207 armata
2546 2153 2648 2209 fide
2673 2155 2929 2216 victorem
2962 2164 3222 2210 monstrat
3245 2158 3457 2226 ubique.

1631 2421 2140 2484 DECLARATIO
2196 2421 2536 2481 FIGURAE.

1975 2560 2166 2571 .____

454 2677 457 2680 ·
540 2652 583 2710 0
606 2646 1106 2710 Christe-salvator,
1137 2659 1231 2698 rex
1272 2656 1453 2711 regum
1479 2649 1533 2695 et
1561 2639 1818 2694 Dominus
1847 2613 2020 2690 domi—

468 2755 695 2802 norum,
727 2735 1118 2806 qui-mundum
1144 2731 1357 2801 propria
1383 2729 1583 2783 ditione
1622 2727 1923 2797 gubernas,
1970 2732 2026 2780 et

2125 2641 2324 2698 actum,
2345 2632 2577 2702 hincque
2597 2634 2713 2703 ejus
2737 2633 3016 2703 imperium
3044 2644 3185 2690 terra
3213 2637 3419 2692 scilicet
3438 2646 3493 2692 et
3509 2639 3702 2712 pelago

2109 2728 2298 2777 .tu'tum
2326 2733 2560 2778 maneat.
2593 2722 2724 2776 Nam
2744 2733 2951 2800 gentes,
2979 2717 3286 2780 Graecorum
3314 2728 3450 2782 dona
3496 2733 3702 2799 pretio-

467 2805 1172 2899 sceptrumiineorruptibile
1201 2818 1427 2874 tenendo
1457 2816 1577 2885 jure
1605 2815 1823 2886 perenni
1862 2827 2024 2882 super
2126 2812 2339 2865 sissima
2382 2811 2457 2866 illi
2488 2805 2754 2878 deferunt,
2786 2813 3034 2867 similiter
3075 2823 3128 2869 et
3159 2806 3337 2898 oregna
3369 2818 3658 2874 Persarum
3678 2863 3694 2886 ,

463 2918 889 2983 omnia-regnas:
915 2919 971 2965 tu
987 2909 1209 2964 crimina
1231 2907 1395 2972 multa
1418 2914 1699 2978 parentum
1720 2911 2019 2957 nostrorum
2122 2917 2224 2956 nec
2249 2917 2352 2955 non
2389 2909 2442 2956 et
2471 2911 2679 2957 caetera:
2703 2904 2890 2973 gebtes
2917 2903 3085 2973 ipsius
3108 2905 3267 2959 simul
3289 2905 3507 2979 ejusque
3530 2911 3700 2980 prolis

446 3007 520 3064 ‘in
569 3019 733 3061 cruce
761 3001 946 3058 delesti
993 3017 1005 3053 :
1039 3000 1250 3074 quando
1293 2999 1526 3068 humano
1574 2994 1753 3065 generi
1799 2991 2019 3062 justitiaa
2119 2993 2262 3047 latus
2285 2993 2481 3047 tuendo
2510 2991 2869 3061 frequentant,
2897 2994 3128 3048 maxime
3148 3011 3282 3066 gens
3301 2996 3604 3053 Germanae
3638 3009 3698 3054 et

462 3097 613 3153 frena
634 3091 976 3156 constituisti,
997 3098 1156 3160 atque
1177 3088 1281 3144 tuis
1301 3087 1544 3144 fidelibus
1564 3087 1617 3140 in
1640 3085 1790 3140 caelis
1807 3085 2017 3138 beatam
2117 3081 2348 3152 populus
2379 3082 2706 3140 Francorum
2735 3081 2821 3152 (de
2850 3083 3044 3152 quibus
3072 3085 3188 3155 ejus
3220 3087 3413 3143 nobilis
3441 3093 3696 3164 prosapia

462 3185 629 3242 vitam
664 3195 911 3251 sperare,
951 3178 1310 3246 velociterque
1355 3175 1577 3245 adipisci
1607 3187 1763 3244 posse
1804 3173 2015 3227 dedisti.
2046 3172 2089 3232 C
2120 3171 2381 3242 originem
2433 3170 2616 3242 traxit)
2665 3171 2721 3225 in
2759 3171 2883 3240 ejus
2911 3172 3156 3256 laudibus
3193 3177 3452 3248 concinit,
3522 3180 3695 3237 vitam

462 3275 604 3347 Ergo
629 3274 706 3328 tui
735 3271 970 3326 muneris
991 3277 1073 3324 est
1102 3267 1384 3339 largissimi
1412 3267 1687 3337 patrisque
1710 3265 1784 3320 tui
1814 3263 2020 3318 scilicet

465 3356 847 3436 potentissimi,
876 3357 1017 3428 quod
1043 3371 1236 3411 nomen
1266 3353 1394 3409 illud
1425 3362 1573 3407 tuum
1603 3351 1868 3406 ineffabile
1901 3362 2021 3405 om-
2067 3411 2072 3415 _

463 3453 726 3520 nibusque
773 3446 982 3502 seculis
1031 3438 1230 3499 dudum
1280 3441 1549 3505 terribile,
1598 3455 1739 3495 nunc
1795 3439 2018 3510 piissimi

461 3538 720 3612 principis
746 3535 944 3591 vertice
964 3541 1202 3604 gestetur
1229 3532 1452 3599 honesta
1484 3529 1757 3600 religione,
1790 3541 1908 3597 quae
1951 3527 2018 3580 ab
2053 3569 2060 3581 κ

464 3628 712 3685 omnibus
734 3631 1019 3682 venentur
1046 3621 1413 3687 celeberrima.
1449 3618 1582 3700 Hine
1607 3631 1817 3687 quoque
1841 3623 2020 3672 osten-

465 3721 608 3775 ditur
626 3717 769 3788 quod
795 3714 910 3785 ejus
933 3715 1249 3770 auctoritate
1300 3720 1460 3781 atque
1489 3709 1819 3774 defensione,
1848 3721 2017 3777 augu-

465 3821 608 3868 stum
651 3808 931 3880 imperium
980 3804 1204 3859 firmiter
1240 3811 1479 3867 tenetur,
1532 3809 1594 3869 et,
1622 3799 1815 3869 cuique
1859 3811 2020 3854 avaro

466 3898 812 3970 religionique
840 3891 1156 3954 Christiana:
1197 3891 1489 3954 contrario,
1534 3903 1628 3960 per
1649 3887 1849 3957 justum
1873 3885 2016 3958 judi-

464 3989 607 4044 cium
635 3986 872 4058 potestas
918 3981 1180 4048 aufertur,
1207 3987 1268 4035 ut
1307 3979 1565 4050 religiosi“
1587 3977 1845 4048 principis
1884 3983 2017 4032 nutu

465 4086 610 4134 totus
637 4075 781 4130 orbis
805 4080 1037 4146 regatur.
1077 4070 1212 4128 Nam
1233 4067 1446 4139 largitio
1468 4067 1793 4137 amplissima
1827 4079 2016 4120 mune-

461 4183 579 4224 rum
609 4166 748 4221 illius
776 4166 879 4221 hoc
899 4161 1095 4235 ubique
1114 4160 1320 4233 prodit,
1362 4159 1427 4214 ad
1474 4157 1683 4211 laudem
1725 4155 2015 4211 venerandi

462 4255 802 4327 imperatoris
845 4260 1104 4312 mum
1132 4249 1353 4321 populos
1380 4260 1706 4320 provocans,
1751 4238 2014 4316 quatenus

460 4346 732 4404 communi
771 4331 1061 4403 consilloc
1075 4353 1140 4400 us
1175 4339 1538 4399 defensionem
1585 4353 1771 4393 omnes
1808 4338 2015 4425 pariter

461 4444 721 4507 quaram.
747 4432 898 4502 Quod
918 4430 1129 4505 quidem
1155 4447 1253 4487 nos
1274 4431 1350 4487 tui
1372 4429 1576 4498 famuli,
1601 4428 1833 4492 Christe,
1864 4428 2012 4482 mitis

2121 3259 2195 3313 illi
2249 3268 2302 3313 et
2356 3259 2769 3329 prosperitatem
2820 3263 3143 3328 continuam,
3183 3259 3462 3336 exoptans.
3524 3268 3694 3326 Exsul

2119 3363 2331 3418 quoque
2365 3350 2668 3418 quicunque
2697 3350 2893 3419 priscis
2914 3353 3241 3422 temporibus
3262 3372 3291 3409 a
3319 3357 3444 3412 sede
3469 3361 3694 3428 propria

2119 3440 2433 3506 aberravit,
2489 3440 2610 3511 ejus
2657 3441 2957 3510 triumphos
3001 3445 3230 3514 amando
3283 3461 3408 3502 mox
3458 3449 3694 3504 reditum

2117 3533 2354 3588 velocem
2394 3541 2604 3603 sperat,
2644 3532 2768 3602 quia
2814 3542 3023 3602 sceptra
3053 3537 3280 3591 tenendo
3309 3538 3431 3592 fidei
3463 3541 3691 3594 verbum

2118 3623 2324 3693 spargit
2348 3621 2564 3692 ubique,
2591 3623 2760 3678 donec
2784 3623 3036 3693 populum
3071 3640 3225 3679 suum
3255 3642 3300 3680 a.
3324 3636 3537 3682 vetusto
3565 3644 3692 3683 sce-

2117 3712 2291 3766 lerum
2313 3727 2413 3766 usu
2440 3721 2650 3782 purget,
2689 3714 2778 3780 qui
2815 3713 3039 3781 juvante
3067 3713 3280 3770 Christo
3306 3716 3535 3773 firmiter
3563 3719 3692 3774 ﬁdei

2119 3800 2397 3855 catholicae
2418 3800 2539 3868 jura
2572 3802 2774 3856 tenebit
2803 3819 2815 3854 :
2859 3817 2927 3856 ne
2952 3801 3149 3857 frustra
3181 3805 3327 3858 verbi
3345 3804 3524 3874 jacula
3555 3822 3690 3876 pro-

2119 3887 2277 3953 ferat,
2302 3889 2396 3942 sed
2421 3878 2528 3943 Sint
2565 3904 2712 3943 arma
2740 3891 2976 3959 potentia
3003 3890 3112 3946 Deo
3140 3892 3193 3946 in
3224 3907 3384 3947 omne
3419 3910 3554 3965 opus
3587 3897 3688 3951 bo—

2119 3993 2265 4044 num,
2298 3986 2353 4032 et
2377 3977 2598 4044 Christi,
2622 3979 2724 4034 ﬁde
2764 3979 3009 4035 roborata
3033 3984 3212 4037 carnis
3234 3985 3560 4052 proterviam
3592 3986 3697 4042 do-

2117 4075 2286 4123 ment.
2330 4065 2373 4122 Ο
2395 4082 2553 4137 quam
2583 4068 2784 4123 solidus
2814 4069 2918 4124 ﬁde
2961 4079 3018 4124 et
3056 4071 3262 4126 stabilis
3290 4073 3342 4126 in
3377 4073 3689 4130 Christiana

2119 4159 2372 4230 religione
2406 4168 2615 4224 manet,
2666 4160 2758 4228 qui
2792 4174 2920 4214 oves
2956 4161 3058 4215 sibi
3113 4163 3514 4218 commendatas
3561 4165 3690 4219 dili-

2117 4258 2303 4319 genter
2349 4249 2494 4306 omni
2549 4249 2682 4304 hora
2725 4251 2996 4320 custodit,
3053 4260 3108 4305 et
3149 4267 3373 4321 pensum
3415 4255 3684 4310 Dominici

2116 4341 2321 4394 servitii
2345 4339 2655 4409 cultumque
2683 4340 2919 4395 divinum
2951 4349 3165 4395 strenue
3192 4343 3260 4397 ab
3291 4344 3538 4400 omnibus
3577 4348 3682 4402 sibi

2114 4431 2604 4502 obterhperantibus
2623 4430 2847 4498 expetit,
2871 4430 2998 4484 dum
3020 4433 3236 4502 superni
3263 4434 3405 4504 regis
3425 4435 3681 4492 vexillum

461 4527 711 4590 salvator,
760 4523 1026 4596 supplices
1047 4522 1299 4595 petimus,
1347 4528 1608 4590 quatenus
1635 4533 1733 4587 per
1757 4517 2005 4571 vexillum
2033 4508 2086 4566 D
2113 4521 2318 4575 cunctis
2332 4520 2692 4574 venerandum
2713 4535 2832 4575 esse
2847 4515 3104 4584 ostendit,
3124 4531 3178 4575 et
3199 4523 3267 4577 ad
3280 4525 3680 4592 prmdicandum

460 4625 662 4675 Sanctae
695 4617 887 4681 crucis,
917 4624 1017 4671 tua
1038 4616 1394 4672 sacratissima
1424 4614 1594 4667 virtus
1634 4613 1800 4681 ipsius
1825 4613 2013 4667 dexte-

464 4725 579 4766 ram
620 4710 796 4763 divina
835 4709 1036 4762 imbuat
1075 4716 1226 4771 arte,
1267 4714 1424 4773 atque
1467 4703 1789 4773 triumphum
1814 4704 2011 4771 ubique

462 4797 700 4855 conferat
742 4795 978 4866 jnstitiw.
1024 4791 1149 4848 [Iaso
1194 4806 1406 4861 quoque
1450 4792 1599 4846 illum
1623 4791 1840 4846 thorace
1886 4790 2009 4845 ﬁdei

461 4890 744 4945 adamante
787 4883 1000 4938 duriore
1043 4882 1254 4945 induit,
1297 4895 1418 4949 qua:
1443 4880 1649 4934 scilicet
1674 4888 1739 4934 et.
1765 4888 2010 4934 ornatum

461 4976 894 5032 decentissimum
913 4983 968 5031 et
994 4972 1388 5034 munimentum,
1399 4968 1611 5035 confert
1632 4968 2008 5030 fortissimam.

469 5065 615 5122 Unde
643 5079 858 5120 necesse
887 5072 969 5119 est
1005 5072 1063 5117 ut
1101 5062 1427 5132 nospariter
1464 5073 1584 5116 cum
1634 5060 1779 5114 omni
1820 5060 2012 5128 populo

464 5155 768 5212 Christiano
819 5153 931 5221 ejus
973 5152 1221 5206 amicitia:
1261 5151 1486 5222 gratiam
1515 5158 1760 5218 optemus
1793 5166 1804 5200 :
1852 5162 2012 5216 quem

464 5244 717 5302 Dominus
753 5243 992 5298 Cbrisms
1037 5244 1108 5297 ita
1139 5250 1420 5311 protegens
1453 5239 1693 5295 custodit
1736 5247 1795 5292 ut
1837 5237 2022 5292 nullus

464 5332 723 5402 insidians
749 5348 873 5387 eum
896 5333 1078 5400 aliquo
1099 5333 1255 5388 modo
1280 5345 1472 5386 nocere
1493 5332 1682 5400 possit,
1709 5330 1791 5384 vel
1815 5329 2010 5384 famam

464 5424 601 5492 ejus
627 5421 973 5491 justissimam
1023 5421 1198 5489 aliquo
1256 5423 1478 5474 crimine
1536 5421 1848 5491 maculare;
1917 5420 2011 5474 sed

457 5507 712 5566 defuisor
753 5507 1116 5576 omnipotens,
1167 5507 1376 5575 adjutor
1427 5508 1549 5562 boni
1602 5508 1759 5563 studii
1790 5507 1905 5575 ejus
1959 5516 2013 5560 et

457 5597 620 5653 bona)
659 5596 974 5663 voluntatis,
1023 5599 1375 5652 constantiam
1419 5606 1473 5652 et
1521 5613 1660 5653 verae
1697 5597 2011 5652 innocentia:

468 5687 692 5740 formam
736 5687 789 5740 in
832 5701 896 5742 eo
942 5687 1094 5742 nobis
1132 5700 1340 5754 semper
1377 5686 1683 5741 imitabilem
1730 5688 2013 5755 proponit,

475 5777 683 5846 vultque
701 5785 759 5832 ut
776 5776 1085 5834 nobilissimi
1107 5773 1338 5831 Cesaris
1354 5788 1564 5830 omnem
1589 5774 1798 5830 felicem
1815 5777 2012 5832 habeat

2116 4611 2312 4666 Christi
2340 4610 2682 4681 Evangelium
2705 4610 2903 4681 ubique
2930 4611 3173 4667 doctores
3199 4629 3324 4668 suos
3352 4614 3556 4686 dirigit,
3586 4620 3679 4686 qui

2114 4706 2426 4760 duricordes
2479 4706 2814 4782 sermonibus
2853 4707 2963 4760 suis
2994 4707 3264 4772 molliant,
3310 4717 3365 4764 et
3390 4710 3456 4764 ad
3501 4712 3682 4780 perci-

2112 4796 2362 4866 piendum
2389 4797 2585 4848 honum
2626 4794 2844 4850 odorem
2875 4797 3130 4852 virtutum
3162 4797 3339 4852 divina
3364 4800 3534 4869 gratia
3562 4801 3679 4870 Opi-

2113 4885 2314 4941 tulante
2337 4884 2664 4953 producant,
2701 4884 2959 4939 utluxus
2981 4886 3176 4955 saeculi
3205 4897 3490 4956 spernant,
3538 4899 3593 4942 et
3620 4890 3675 4943 in

2111 4973 2325 5027 Christo
2346 4987 2493 5040 spem
2524 4971 2844 5028 collocantes
2877 4973 3043 5042 ipsius
3067 4975 3405 5043 passionibus
3433 4991 3675 5030 comnm-

2113 5062 2291 5114 nicare
2305 5067 2570 5128 appetant.
2596 5060 2732 5114 Ecce
2755 5062 2870 5125 tibi,
2892 5076 2924 5115 ο
2944 5063 3236 5131 imperator
3257 5063 3672 5119 clementissime

2111 5160 2269 5218 atque
2295 5151 2645 5215 sanctissime,
2675 5168 2908 5221 praesens
2933 5153 3096 5209 oﬂ‘ero
3121 5171 3313 5209 munus
3337 5157 3482 5210 omni
3511 5157 3668 5212 devo-

2114 5236 2257 5294 tione
2287 5239 2596 5310 subjectus,
2647 5244 2738 5311 qui
2787 5245 3042 5299 terribilis
3089 5254 3270 5300 exstas
3308 5247 3666 5312 adversariis,

2113 5330 2446 5383 inimicorum
2470 5337 2616 5405 terga
2643 5346 2987 5401 persequens,
3013 5341 3067 5386 et
3095 5334 3335 5401 placidus
3355 5349 3414 5388 es
3437 5336 3665 5400 demtis,

2112 5419 2401 5473 clementer
2419 5421 2715 5477 conversis
2739 5423 2946 5476 veniam
2988 5425 3245 5500 tribuens.
3275 5424 3462 5480 Omnis
3500 5443 3663 5498 gens,

2111 5509 2283 5562 omnis
2305 5509 2449 5563 natio
2474 5516 2624 5564 tuam
2646 5509 2978 5564 voluntatem
3007 5509 3185 5567 facere
3204 5514 3431 5589 expetit;
3459 5529 3665 5586 nosque

2112 5598 2187 5650 tui
2214 5599 2394 5654 miseri
2427 5597 2969 5660 famuliclementiam
3000 5610 3142 5657 tuam
3174 5603 3356 5672 pronis
3389 5604 3663 5674 obsequiis

2110 5690 2255 5744 adire
2273 5697 2538 5757 optamus,
2559 5690 2780 5760 ejusque
2795 5676 2941 5746 votis
2953 5693 3323 5762 obtemperare
3341 5693 3395 5753 in
3414 5693 3663 5748 omnitus

2111 5776 2490 5833 desideramus.
2508 5776 2638 5832 Nam
2661 5776 2915 5846 libellum,
2937 5795 3094 5849 quem
3111 5781 3163 5835 in
3183 5781 3438 5836 honorem
3462 5791 3663 5839 saneta
