3940 6370
472 372 575 443 tt?
919 416 925 422 ι
1097 382 1155 438 n.
1198 381 1441 437 mem
1484 381 1692 435 suum
1733 374 2023 436 meumr

2115 382 2387 437 IUGL'NT.
2432 381 2708 436 Ol’liliUM
2747 382 2921 438 PARS
2960 379 2999 434 Ι.
3575 376 3671 429 HS

1805 558 2344 619 PRJEFATIO.

821 713 3315 782 Musaeitastudiogaudensnuncdicerenumen

817 798 3310 873 Nostracupitparitercarmineetalloquiis

818 889 3309 962 Donapatrissummtqaelar‘rgusreddiditorbi

813 981 3319 1054 Regisetaltithronisanetatrophaeasimul

812 1070 3069 1142 QuaecruXestsacracrucifixinuminepl
3131 1090 3316 1128 ena

806 1163 3316 1235 Omnibusaptabonisstirpstvenerandasatis

808 1252 3315 1327 Hancegopauperegenusinopsenoreloqella

807 1344 3394 1415 Temptaulhicfamnlussonsdareethoeori’ar.

805 1428 3310 1503 Necmefactapiantquoddignummuneretanto

806 1512 3313 1593 Meroreadboeeredauisicquoqementeprobum

800 1612 3141 1683 Sedmihilargadeibonitasspesmaximavo
3205 1618 3312 1670 ti

808 1704 3316 1773 Estquaemepromptumlausdabatexhilarans

805 1794 3309 1864 Pauperisetviduaenou‘spreuitraraminuta

800 1870 3369 1952 Sedtulitipsaprobansarbiteromnitenens‘

800 1971 3311 2043 Atqueo‘rbedominnnsqisancitsolusetvnus

784 2058 3309 2118 ,Cunctavcnustabonahanclaudebcauitamor

796 2148 3307 2223 Mandatum'veterenempeestetlegequibusqe

793 2238 3310 2309 Munerautaptadarenttemplaadhonestadei

797 2324 3309 2398 Parsdeditargentumparsaurimuneraclara

794 2420 3306 2488 Parstribuitgemmasparsqoqetinctadedit

790 2509 3142 2586 Lignaoleumqidampigmentaquecaradede
3200 2527 3310 2565 re

791 2597 3057 2670 illultaq;magnadomnsmonstratvbiqnemic
3112 2619 3305 2660 aus

788 2691 3303 2762 Astaliisetastulerantpilosquecaprarum

790 2781 3303 2851 Necfuerantspretihidonaferendodeohaec

790 2870 1725 2942 Quapropterrogi
1785 2860 3309 2933 tondmmatumdiuesvtistic

794 2960 3307 3029 Viliacumportemhiucspernerenollitonu8

792 3045 3299 3125 lpselicetgazasinmensaseon'feratamplis

799 3136 3302 3213 Agminibusfultustemplaonerandadeihinc

788 3216 3123 3301 Ilisegononmotuscohturbornamimjpievul
3183 3241 3301 3289 tu

785 3314 3307 3387 Sedgratulansspeculoreresceredonasibi

792 3404 3303 3485 l1lequoqueexosavtliaibeatmeamuneranolo

800 3492 3307 3567 Sedmagisesseseiatqualiacumquedeihaec

793 3579 3307 3659 Exprobratipserdeoqidespicitaceregenum

798 3669 3311 3741 (jniusegenushieestcuiusetomnishomoest

792 3758 3310 3834 Etqantumtribuotribuitmilniiesusamator

801 3850 3309 3922 Sintsuaiactapicbiccunctaquehlcrapiat

448 4041 589 4095 Musa
617 4038 723 4093 cita
752 4033 928 4090 studio
958 4025 1194 4103 gaudens
1218 4045 1358 4085 nunc
1389 4026 1565 4085 dicere
1594 4043 1790 4083 numen
2026 4032 2078 4089 Α
2102 4026 2231 4080 Pars
2253 4024 2394 4079 dedit
2415 4034 2719 4096 argentum,
2755 4042 2879 4097 pars
2904 4028 3017 4081 auri
3053 4045 3273 4085 munera
3302 4032 3477 4099 clara;

513 4126 702 4181 Nostra
733 4122 898 4190 cupit,
926 4120 1127 4189 pariter
1152 4116 1389 4174 cariuine
1414 4127 1466 4172 et
1492 4118 1739 4186 alloquiis
1766 4135 1778 4171 :
2169 4118 2509 4172 Pars‘tribuit
2537 4132 2774 4187 gemmas
2800 4136 2812 4172 :
2842 4133 2964 4185 pars
2993 4134 3203 4187 quoque
3231 4123 3395 4176 tincta
3439 4125 3586 4179 dedit

448 4219 589 4270 nona
620 4211 787 4284 patris
815 4209 1031 4272 summi,
1060 4223 1179 4277 qua:
1205 4209 1383 4278 largus
1417 4207 1647 4263 reddidit
1669 4207 1815 4261 orbi.
2097 4208 2292 4277 Ligna;
2327 4207 2501 4260 oleum
2533 4207 2771 4276 quidam,
2796 4207 3172 4275 pigmentaque
3194 4224 3314 4262 cara
3344 4208 3538 4266 dedere
3568 4230 3581 4265 ε

468 4294 975 4374 ηθείηηηίωτοηί
1002 4305 1184 4351 ωηατ,
1215 4298 1450 4364 ιι-οριιεεε
1480 4295 1654 4349 simul.
2169 4294 2436 4365 Multaque
2472 4311 2663 4367 magna
2695 4296 2883 4379 domus
2909 4306 3173 4350 monstrat
3201 4298 3396 4367 ubique
3426 4302 3651 4359 micans.

448 4396 573 4459 Quae
605 4408 732 4445 crux
766 4398 848 4443 est
874 4404 1025 4443 sacra
1054 4386 1296 4441 cruciﬁxi
1323 4386 1540 4438 numine
1567 4385 1751 4453 plena.
2100 4386 2195 4441 Ast
2227 4387 2312 4440 alii
2340 4395 2481 4440 setas
2510 4386 2760 4447 tulerant,
2790 4386 3028 4453 pilosque
3058 4400 3339 4455 caprarum
3368 4407 3383 4441 :

515 4479 772 4535 Omnibus
801 4486 922 4544 apta
948 4476 1124 4540 bonis,
1150 4475 1315 4542 stirps
1340 4475 1644 4528 veneranda
1672 4473 1819 4527 satis.
2170 4475 2277 4529 Nec
2299 4473 2508 4527 fuerant
2527 4474 2774 4542 spreti'hi
2808 4475 2940 4528 dona
2972 4472 3192 4531 ferendo
3219 4478 3327 4531 Deo
3355 4478 3487 4533 haec.

448 4567 597 4624 lianc
619 4582 716 4636 ego
744 4579 963 4634 pauper,
988 4577 1186 4631 egenus
1208 4562 1380 4629 inops,
1408 4577 1475 4615 en
1499 4576 1615 4625 ore,
1664 4560 1890 4629 loquella
2101 4563 2431 4633 Quapropter
2459 4562 2628 4631 rogito
2658 4570 2989 4615 nummatum
3016 4562 3163 4617 dives
3189 4572 3247 4617 ut
3271 4564 3410 4637 istic,

520 4656 795 4725 Temptavi
829 4638 915 4706 hic
938 4650 1167 4704 famulus
1195 4664 1322 4703 sons
1350 4650 1479 4702 dare
1501 4660 1554 4702 et
1598 4651 1698 4703 hoc
1728 4650 1892 4711 oriar,
2170 4651 2304 4705 Vilia
2334 4667 2454 4705 cum
2482 4660 2709 4720 portem,
2739 4652 2865 4705 hinc
2897 4666 3149 4719 spernere
3184 4652 3339 4706 nollit
3356 4668 3493 4708 onus
3530 4670 3547 4705 :

450 4747 557 4801 Nec
585 4762 669 4799 me
694 4744 832 4797 facta
864 4741 1009 4810 piant
1038 4738 1180 4807 quod
1201 4737 1416 4806 dignum
1439 4752 1657 4790 munere
1684 4744 1829 4790 tanto
2100 4742 2217 4810 Ipse
2247 4742 2370 4794 licet
2397 4756 2555 4809 gazas
2585 4740 2873 4793 immensas
2898 4739 3138 4793 conferat
3162 4740 3354 4809 amplis

388 4820 390 4822 ν
520 4840 596 4894 Ne
626 4839 734 4892 l'ore
757 4838 821 4890 ad
840 4837 941 4889 huc
964 4835 1202 4897 credam,
1227 4832 1305 4887 sic
1325 4846 1535 4901 quoque
1558 4840 1735 4884 mente
1754 4833 1996 4899 probum;
2170 4831 2482 4901 Agminibus
2510 4830 2693 4896 fultus,
2725 4830 2919 4900 templa
2945 4831 3212 4884 oneranda
3248 4830 3341 4883 Dei
3376 4830 3523 4899 hinc.

455 4928 560 4982 Sed
588 4923 716 4980 mihi
742 4925 887 4993 larga
912 4922 1007 4977 Dei
1028 4922 1242 4977 bonitas
1266 4937 1388 4989 spes
1422 4922 1657 4975 maxima
1686 4919 1793 4973 voti
2104 4922 2197 4976 llis
2223 4938 2319 4991 ego
2347 4938 2451 4975 non
2480 4929 2654 4976 motus
2689 4921 2977 4976 conturbor
3015 4937 3141 4975 nam
3184 4923 3343 4990 impie
3372 4922 3553 4987 vultu;

526 5015 654 5075 Est,
687 5027 805 5081 qua:
828 5026 912 5065 me
945 5021 1247 5081 promptum
1270 5011 1388 5065 laus
1417 5010 1579 5065 dabat
1605 5009 1930 5063 exhilarans.
2175 5009 2278 5063 Sed
2307 5012 2580 5079 gratulans
2615 5012 2858 5080 speculor
2883 5025 3128 5066 crescere
3155 5012 3291 5065 dona
3322 5012 3444 5065 sibi.

457 5102 708 5173 Pauperis
736 5108 789 5154 et
809 5099 979 5153 vidua:
1006 5116 1109 5155 non
1134 5101 1333 5169 sprevit
1354 5100 1476 5153 rara
1502 5100 1706 5153 minuta
2106 5098 2193 5152 llle
2217 5113 2427 5167 quoque
2450 5114 2611 5153 exosa
2641 5108 2698 5153 ut
2723 5102 2917 5155 habeat
2938 5115 3053 5153 mea
3082 5116 3301 5154 munera
3338 5100 3494 5167 nolo;

526 5189 631 5247 Sed
664 5190 801 5254 tulit,
830 5187 944 5258 ipsa
973 5190 1205 5257 probans
1232 5190 1433 5244 arbiter
1459 5191 1797 5244 omnitenens
1819 5230 1833 5253 ,
2177 5188 2281 5243 Sed
2310 5192 2480 5259 magis
2506 5206 2622 5246 esse
2647 5192 2783 5246 sciat
2802 5192 3192 5261 qualiacunque
3220 5192 3307 5246 Dei
3328 5192 3479 5256 haec;

459 5280 630 5349 Atque
662 5280 791 5333 orbe
824 5278 1103 5333 dominans
1126 5279 1215 5347 qui
1236 5280 1405 5333 sancit
1426 5280 1570 5333 solus
1599 5288 1650 5334 et
1681 5295 1836 5342 unus,
2106 5280 2405 5348 Exprobrat
2436 5279 2549 5348 ipse
2578 5280 2687 5334 Deo
2713 5281 2803 5349 qui
2829 5280 3055 5350 deSpicit
3080 5295 3204 5337 acer
3225 5284 3499 5351 egenum;

525 5367 726 5421 Cuncta
753 5374 974 5429 venusta
1001 5366 1136 5419 bona
1159 5368 1295 5421 hanc
1320 5367 1474 5423 laude
1493 5369 1673 5423 beavit
1694 5383 1861 5422 amor.
2034 5353 2079 5410 Β
2173 5366 2335 5435 Cujus
2362 5383 2560 5437 egenus
2587 5369 2675 5422 hic
2701 5377 2802 5434 est,
2831 5369 2979 5437 cujus
3001 5377 3053 5424 et
3083 5371 3257 5425 omnis
3282 5372 3441 5425 homo
3462 5378 3557 5444 est.

462 5452 759 5508 Mandatum
786 5462 964 5507 vetere
991 5468 1179 5523 nempe
1204 5464 1285 5509 est
1319 5464 1372 5508 et
1394 5456 1509 5527 lege
1532 5458 1830 5527 quibusque
2111 5455 2187 5512 En
2212 5464 2468 5524 quantum
2496 5458 2673 5512 tribuo
2704 5458 2889 5512 tribuit
2914 5460 3045 5514 mihi
3085 5458 3238 5516 Iesus
3264 5468 3485 5519 amator,

531 5538 740 5594 Munera
767 5550 824 5595 ut
851 5551 972 5610 apta
1006 5544 1186 5597 darent
1224 5545 1411 5612 templa
1437 5546 1503 5598 ad
1535 5546 1753 5601 honesta
1780 5546 1895 5600 Dei.
2180 5544 2297 5599 Sint
2323 5561 2414 5600 sua
2437 5545 2575 5601 facta
2604 5548 2691 5616 pie
2720 5549 2808 5603 hic
2836 5558 3131 5619 cunctaque
3153 5552 3240 5605 hic
3264 5550 3454 5617 rapiat.

1465 5675 1608 5737 Finis
1645 5677 1994 5744 Prw/«tinnis.
2028 5678 2267 5746 Sequitur
2298 5677 2423 5731 liber
2440 5679 2659 5747 primus.
2698 5671 2703 5675 ’
