3940 6320
231 307 334 364 I53

1241 309 1330 374 an
1369 265 1707 379 carpinus
1740 310 1800 364 s.
1837 308 2104 367 CRUClS.
2142 339 2213 350 —
2249 308 2376 366 LIB.
2411 309 2452 364 l.

3355 290 3480 381 ω’

225 426 370 481 citur
414 432 630 495 propter
663 437 846 494 parem
889 425 1291 482 similitudinem
1332 427 1526 483 Patris.
1569 428 1784 498 Figura,
1815 432 1860 489 Α
1889 443 1987 498 pro
2017 430 2171 484 nobis
2197 438 2282 486 est
2319 412 2641 484 immolatus.
2670 424 2798 492 Leo,
2829 442 2925 497 pro
2956 439 3120 497 regno
3158 434 3212 480 et
3251 425 3456 480 fortitu-

226 517 353 585 quia
381 516 677 585 suscipiens
702 515 925 572 formam
952 519 1117 584 servi,
1142 534 1238 589 per
1263 533 1485 589 operum
1507 519 1789 580 virtutum-

227 621 334 675 que
358 606 776 672 similitudinem,
806 607 984 678 Patris
1011 610 1065 663 in
1093 625 1150 664 se
1178 609 1462 679 imaginem
1488 617 1648 678 atque
1685 610 1788 663 im-

227 688 472 752 mensam
513 696 930 764 magnitudinem
969 697 1288 769 designavit.
1328 696 1516 752 Manus
1554 697 1646 752 Dei
1686 709 1788 765 est,

226 785 372 856 quod
407 785 584 852 olnnia
613 801 711 854 per
745 787 916 856 ipsum
949 787 1094 844 facta
1122 798 1263 844 sunt.
1295 788 1433 844 Hinc
1463 799 1520 844 et
1541 790 1789 856 dextera,

226 882 448 944 propter
495 871 740 941 eo‘eetum
788 877 965 945 operis
1012 878 1177 934 totius
1221 885 1481 934 creatura:
1530 892 1650 947 qua:
1697 893 1794 948 per

227 962 404 1032 ipsum
442 963 667 1030 formata
694 974 796 1022 est.
827 967 1133 1034 Braehium,
1173 969 1317 1038 quod
1359 970 1426 1024 ab
1466 964 1586 1038 ipso
1615 972 1793 1027 omnia

228 1055 592 1111 continentur.
621 1056 823 1125 Virtus,
850 1060 991 1134 quod
1023 1074 1237 1114 omnem
1265 1058 1439 1113 Patris
1474 1067 1792 1127 potestatem

228 1147 285 1200 in
310 1151 598 1220 semetipso
619 1152 830 1217 habeat,
851 1135 1102 1207 etlomnia
1122 1159 1316 1221 poteSt.
1342 1151 1632 1222 Sapientia,
1652 1153 1793 1222 quod

229 1235 346 1304 ipse
371 1238 568 1294 revelet
595 1238 847 1310 mysteria
883 1241 1120 1295 scientia
1165 1249 1219 1294 et
1260 1255 1458 1295 arcana
1499 1240 1792 1309 sapientiai.

229 1325 511 1400 Splendor,
539 1338 755 1399 propter
782 1332 924 1400 quod
967 1330 1294 1386 manifestat.
1328 1331 1550 1396 Lumen,
1579 1331 1702 1401 quia
1733 1331 1798 1385 il-

228 1413 472 1469 luminat.
503 1416 634 1482 Lux,
658 1418 779 1486 quia
806 1420 871 1474 ad
901 1421 1155 1475 virtutem
1188 1421 1650 1490 contemplandam
1677 1437 1796 1477 cor-

225 1503 312 1559 dis
338 1505 522 1561 oculos
545 1516 769 1563 reserat.
798 1507 909 1575 Sol,
932 1511 1060 1580 quia
1087 1511 1404 1568 illustratur.
1427 1511 1638 1578 Oriens,
1669 1514 1794 1583 quia

225 1594 445 1653 luminis
469 1596 606 1662 fons,
633 1607 687 1653 et
709 1600 852 1679 quod
879 1600 1008 1656 oriri
1036 1618 1134 1657 nos
1163 1601 1327 1658 faciat
1357 1605 1424 1658 ad
1451 1605 1616 1658 vitam
1640 1611 1800 1658 aiter;

225 1702 375 1741 na.
429 1688 588 1755 Fons,
617 1691 744 1759 quia
790 1706 968 1747 rerum
1011 1696 1164 1764 origo
1193 1703 1296 1758 est,
1340 1695 1424 1748 vel
1464 1695 1588 1764 quia
1637 1696 1799 1748 satiat

224 1775 493 1833 sitientes.
521 1777 638 1847 ipse
664 1795 876 1849 quoque
918 1781 962 1835 A
996 1790 1050 1836 et
1084 1790 1152 1846 Ω,
1181 1783 1305 1851 quia
1333 1782 1540 1837 initium
1570 1792 1626 1838 et
1653 1783 1792 1837 linis.
1825 1777 1872 1835 B

225 1864 557 1933 Paracletus,
586 1868 636 1922 id
674 1877 778 1934 est,
809 1869 1120 1936 advocatus,
1152 1872 1277 1940 quia
1320 1888 1417 1942 pro
1445 1873 1599 1927 nobis
1632 1872 1800 1928 inter-

224 1954 372 2010 cedit
401 1952 540 2026 apud
566 1956 800 2024 Patrem,
820 1963 879 2014 et
903 1959 970 2014 ad
996 1961 1184 2030 culpas
1210 1970 1420 2016 nostras
1449 1963 1801 2026 removendas

224 2061 414 2102 curam
440 2050 595 2119 gerit.
623 2048 881 2120 Sponsus,
913 2051 1039 2120 quia
1079 2052 1144 2106 de
1184 2051 1322 2107 ctelo
1347 2051 1677 2107 descendens
1706 2053 1800 2107 ad-

223 2137 386 2192 haasit
414 2138 685 2204 Ecclesiae,
713 2149 774 2194 ut
795 2149 976 2196 essent
998 2140 1106 2196 duo
1132 2143 1206 2195 in-
1222 2156 1386 2197 carne
1410 2155 1537 2195 una.
1567 2139 1801 2212 Angelus

224 2227 445 2293 dicitur,
472 2237 690 2299 propter
722 2231 1181 2287 annuntiationem
1221 2242 1459 2302 paterna:
1484 2247 1548 2286 ac
1580 2248 1688 2287 sua:
1710 2248 1802 2287 vo-

225 2316 471 2384 luntatis,
502 2321 642 2374 unde
659 2328 717 2374 et
737 2321 875 2391 apud
900 2323 1220 2391 prophetam
1261 2325 1438 2393 magni
1466 2323 1668 2403 consilii
1702 2339 1802 2399 (ιη-ς

224 2407 375 2477 gelua
432 2407 644 2477 legitur,
682 2408 808 2472 dum
866 2409 937 2464 sit
987 2410 1130 2467 Deus
1181 2421 1234 2466 et
1269 2412 1529 2480 Dominus
1582 2413 1802 2489 angelo-
1846 2427 1858 2433 ν

225 2511 372 2550 rum.
405 2496 596 2571 Missus
623 2497 838 2564 dicitur,
879 2499 1006 2569 quia
1035 2498 1258 2554 Verbum
1293 2517 1426 2556 .caro
1470 2501 1665 2571 factum
1707 2510 1801 2554 est.

225 2584 406 2642 Homo
436 2585 653 2652 dicitur,
700 2587 826 2657 quia
864 2588 1175 2645 incarnatus
1210 2599 1312 2646 est.
1351 2590 1629 2655 Mediator,
1678 2593 1801 2661 quia

224 2674 296 2728 de
323 2683 500 2730 morte
525 2675 592 2730 ad
621 2675 785 2753 vitam
812 2692 909 2732 nos
935 2679 1201 2749 perduxit.
1233 2679 1518 2750 Pmpheta,
1545 2681 1686 2750 quod
1716 2680 1803 2735 fu-

226 2773 352 2823 tura
381 2763 656 2838 revelavit.
687 2764 970 2834 Sacerdos,
1000 2770 1143 2839 quod
1169 2771 1453 2840 pronobis
1484 2771 1716 2828 hostiam
1747 2786 1806 2827 se

221 2856 442 2918 obtulit.
471 2857 679 2926 Pastor,
724 2861 849 2930 quia
894 2870 1075 2926 custos
1101 2870 1203 2917 est.
1235 2862 1505 2934 Magister,
1543 2864 1686 2933 quod
1722 2877 1809 2918 os-

225 2955 437 3007 tensor.
463 2946 769 3004 Nazarenus
797 2964 925 3006 vero
961 2966 992 3013 a
1037 2951 1173 3007 loco.
1204 2950 1494 3018 Nazarene,
1525 2968 1556 3008 a
1591 2952 1804 3019 merito,
1867 2982 1873 2988 -

223 3036 278 3090 id
306 3044 417 3101 est,
443 3046 654 3092 sanctus
675 3038 788 3092 sive
805 3040 1049 3104 mundus,
1074 3040 1200 3110 quia
1224 3049 1502 3110 peccatum
1522 3057 1630 3099 non
1653 3041 1802 3098 fecit.

225 3124 515 3195 Siquidem
542 3134 596 3181 et
624 3127 742 3182 aliis
782 3127 1124 3197 inferioribus
1168 3129 1329 3186 rebus
1371 3131 1648 3213 nominum
1686 3146 1806 3201 ερε-
1835 3116 1880 3178 C

222 3218 342 3289 cies
391 3214 462 3270 ad
510 3231 568 3272 se
612 3217 778 3274 trahit
814 3216 1081 3282 Christus,
1115 3227 1174 3273 ut
1210 3218 1420 3275 facilius
1460 3217 1806 3293 intelligatur.

223 3303 445 3360 Dicitur
487 3296 662 3370 autem
701 3307 874 3376 panis,
905 3308 1030 3377 quia
1067 3323 1215 3364 caro.
1249 3309 1407 3373 Vitis,
1437 3310 1561 3378 quia
1590 3324 1653 3364 ex
1685 3326 1810 3367 san—

221 3397 393 3467 guine
426 3385 592 3467 ipsius
610 3399 868 3467 redempti
893 3404 1098 3456 sumtis.
1126 3399 1267 3466 Flos,
1295 3401 1418 3470 Quia
1441 3400 1663 3458 electus.
1687 3403 1804 3468 Via,

223 3487 356 3556 quia
407 3500 506 3555 per
547 3485 717 3555 ipsum
747 3489 813 3541 ad
849 3487 1017 3542 Deum
1056 3489 1215 3545 imus.
1263 3488 1492 3554 Ostium,
1537 3492 1661 3561 quia
1712 3507 1811 3562 per

222 3577 408 3648 ipsum
439 3578 508 3633 ad
529 3579 693 3632 Deum
718 3579 1063 3650 ingredimur.
1089 3581 1260 3647 Mons,
1283 3583 1406 3652 quia
1432 3583 1603 3659 fortis.
1626 3583 1807 3650 Petra,

223 3671 358 3738 quia
391 3667 621 3724 firmitas
653 3677 735 3723 est
767 3658 1119 3726 credentium.
1165 3671 1323 3741 Lapis
1363 3658 1654 3744 angularis,
1686 3674 1812 3741 quia

223 3758 365 3812 duos
393 3759 632 3826 parietes
666 3774 696 3812 e
733 3759 965 3824 diverso,
1003 3760 1056 3815 id
1083 3768 1184 3826 est,
1216 3761 1282 3816 de
1317 3761 1723 3820 circumcisione
1757 3769 1814 3816 et

221 3848 500 3920 prgcputio
531 3848 581 3901 in
601 3863 763 3902 unam
786 3849 1043 3917 fabricam
1064 3851 1317 3907 Ecclesia:
1333 3853 1539 3923 jungit;
1564 3852 1647 3908 vel
1670 3853 1813 3922 quod

223 3950 422 4011 pacem
457 3937 662 4007 angelis
689 3947 743 3992 et
778 3940 1084 3994 hominibus
1115 3940 1260 3994 iacit.
1292 3941 1451 4010 Lapis
1479 3929 1811 4008 offensionis,

224 4027 372 4094 quod
406 4027 632 4082 veniens
675 4027 891 4083 humilis
918 4028 1253 4084 oﬂ‘enderunt
1287 4032 1340 4084 in
1377 4047 1498 4086 eum
1528 4031 1809 4097 increduli,

222 4125 282 4170 ct
315 4117 500 4171 factus
537 4126 619 4172 est
659 4127 810 4186 petra
856 4119 1112 4174 scandali.
1156 4119 1580 4184 Fundamentum
1629 4131 1810 4175 autem

226 4207 351 4262 ideo
391 4214 645 4271 vocatur,
674 4209 799 4278 quia
829 4207 959 4265 ﬁdes
989 4210 1042 4263 in
1080 4225 1144 4264 eo
1175 4208 1390 4267 fundata
1433 4218 1537 4287 cst,
1577 4210 1659 4265 vel
1686 4210 1811 4281 quia

225 4311 395 4365 supra
437 4311 564 4351 eum
602 4298 865 4353 catholica
893 4298 1131 4355 Ecclesia
1162 4309 1467 4368 constructa
1505 4308 1603 4355 est.
1632 4300 1812 4371 Agnus

227 4385 455 4449 dicitur,
487 4393 710 4454 propter
736 4386 1116 4442 innocentiam.
1147 4387 1291 4453 Ovis,
1319 4399 1536 4458 propter
1565 4374 1814 4451 mansue-

1891 522 2033 577 dine.
2065 520 2320 590 Serpens,
2348 536 2444 591 pro
2470 528 2640 576 morte
2673 527 2726 575 et
2754 519 3034 589 sapientia.
3063 518 3275 572 Vermis
3299 519 3459 584 idem,

1891 609 2014 678 quia
2049 609 2360 664 resurrexit.
2402 608 2615 678 Aquila,
2643 617 2863 680 propter
2889 607 3028 678 quod
3065 613 3186 676 post
3217 621 3458 661 resurre—

1891 699 2122 754 ctionem
2163 697 2230 752 ad
2268 706 2411 754 astra
2445 700 2744 754 remeavit.-
2773 698 2885 761 Nec
2933 697 3127 752 mirum
3177 696 3223 751 si
3268 695 3462 750 vilibus

1891 789 2371 861 signiﬁcationibus
2399 788 2673 859 ﬁguretur,
2702 791 2794 860 qui
2819 805 2941 844 eum
2967 789 3038 843 sit
3065 788 3209 843 Patri
3241 795 3464 841 coaeter—

1892 895 1993 934 nus
2018 888 2143 934 ante
2172 877 2364 935 smnia
2391 878 2578 946 Filius,
2609 889 2818 933 natura:
2844 888 3039 934 nostra:
3069 877 3328 930 vilitatem
3357 889 3465 929 non

1892 986 2167 1040 spernens,
2203 980 2360 1025 natus
2397 981 2479 1026 est
2514 972 2565 1025 in
2610 980 2846 1040 tempore
2873 970 3106 1024 hominis
3138 968 3296 1022 illius.
3335 964 3464 1021 Ver-

1893 1064 2012 1117 bum
2039 1065 2181 1118 enim
2206 1081 2328 1118 caro
2354 1065 2548 1134 factum
2571 1073 2665 1129 est,
2693 1072 2741 1117 et
2770 1062 3017 1117 habitavit
3045 1062 3098 1114 in
3122 1059 3285 1114 nobis.

1964 1153 2102 1209 Sunt
2144 1171 2272 1226 ergo
2318 1171 2506 1210 versus
2553 1156 2806 1224 quinque,
2836 1137 2926 1223 qui
2974 1153 3024 1206 in
3061 1152 3202 1205 linea
3245 1148 3462 1204 humani

1893 1246 2134 1314 corporis
2155 1245 2386 1315 speciem
2415 1247 2712 1301 forinsecus
2748 1243 3144 1299 circumdantes
3173 1237 3465 1307 conscripti

1893 1343 2036 1401 sunt,
2063 1351 2290 1405 quorum
2319 1336 2523 1407 primus
2563 1335 2751 1405 incipit
2787 1350 2816 1388 a
2861 1332 3037 1387 medio
3063 1331 3229 1402 digito
3263 1329 3465 1383 dextra!

1893 1441 2107 1490 manus,
2147 1433 2203 1480 et
2231 1427 2386 1488 sicin
2418 1427 2644 1481 indicem
2676 1425 2892 1489 transit,
2921 1433 3104 1495 postea
3135 1423 3189 1476 in
3219 1420 3465 1491 pollicem

1895 1532 1953 1572 se
1996 1518 2206 1588 erigens
2249 1526 2303 1572 et
2343 1533 2440 1589 per
2473 1519 2752 1574 brachium
2783 1518 3031 1572 dextrum
3060 1514 3376 1580 ascendens,
3412 1512 3467 1567 in

1894 1610 2098 1662 vertice
2120 1611 2312 1678 capitis
2341 1609 2542 1663 linitur.
2574 1610 2674 1676 Qui
2707 1609 2828 1662 talis
2853 1617 2937 1662 est
2961 1625 2973 1660 :

2079 1719 2263 1769 Dextra
2287 1719 2376 1770 Dei
2399 1723 2571 1780 summi
2595 1727 2767 1772 cuneta
2790 1723 2976 1773 creavit
2995 1717 3192 1778 Hiesus.

1902 1822 2182 1878 Secundus
2204 1839 2235 1877 a
2272 1825 2446 1892 capite
2474 1824 2804 1879 descendens
2824 1822 3153 1877 similiter'in
3181 1819 3358 1876 medio
3381 1818 3467 1876 di-

1900 1914 2010 1984 gito
2048 1913 2280 1982 sinistra:
2312 1928 2502 1978 manus
2532 1913 2715 1968 ﬁnitur
2741 1911 2840 1966 iste
2868 1927 2882 1964 :

2076 2023 2297 2087 Christus
2321 2023 2500 2072 laxabit
2524 2035 2556 2072 ο
2575 2022 2816 2092 sanguine
2839 2020 3004 2068 debita
3027 2017 3224 2067 mundo.

1901 2127 2119 2187 Tertius
2143 2143 2171 2181 a
2199 2132 2391 2196 quarto
2424 2123 2591 2194 digito
2629 2121 2830 2176 dextrae
2869 2133 3080 2183 manus,
3133 2118 3222 2187 qui
3244 2111 3471 2175 medius

1900 2226 2144 2281 vocatur,
2173 2215 2459 2286 incipiens,
2483 2221 2538 2268 et
2561 2227 2660 2280 per
2687 2209 3043 2273 auricularem
3080 2208 3325 2273 dextrum
3345 2205 3472 2262 bra-

1903 2307 2084 2363 chium
2106 2304 2296 2362 subtus
2318 2301 2535 2363 ducens,
2562 2300 2616 2354 in
2645 2300 2815 2356 latere
2834 2298 3024 2353 dextro
3051 2311 3220 2365 usque
3245 2296 3313 2351 ad
3337 2311 3470 2350 ven-

1906 2405 2043 2461 trem
2079 2393 2313 2449 mcdium
2343 2391 2691 2454 descendens,
2730 2400 3024 2458 rursusque
3052 2401 3082 2439 a
3109 2386 3297 2441 dextro
3332 2398 3470 2454 genu

1905 2487 1961 2542 in
1984 2485 2216 2542 radicem
2241 2482 2394 2553 pedis
2421 2481 2636 2543 desinit.
2663 2480 2741 2535 ita
2766 2496 2779 2532 :

2028 2624 2034 2629 ι
2090 2596 2144 2647 In
2167 2607 2314 2647 cruce
2338 2595 2410 2645 sic
2435 2595 2619 2656 positus
2637 2590 2896 2645 desolvens
2919 2588 3070 2642 vinela
3092 2588 3304 2650 tyranni.

1905 2701 2139 2770 Quartus
2165 2701 2218 2754 in
2245 2698 2425 2753 radice
2453 2695 2604 2766 pedis
2625 2694 2798 2750 dextri
2824 2693 3059 2755 exterius
3086 2689 3363 2772 incipiens,
3389 2684 3469 2740 lno

1907 2801 1990 2846 ter
2013 2788 2187 2845 media
2217 2800 2378 2842 crura
2404 2783 2716 2840 ascendens
2757 2781 2824 2834 ad
2860 2779 3095 2835 radicem
3130 2792 3299 2847 usque
3324 2774 3474 2846 pedis

1907 2878 2112 2936 sinistri
2141 2877 2380 2932 exterius
2399 2873 2663 2945 pervenit.
2688 2871 2766 2926 lta
2795 2889 2807 2924 :

1996 2970 2029 2981 κ

2094 2988 2322 3041 litemus
2357 2987 2587 3036 Dominus
2607 2984 2810 3034 deduxit
2828 2982 2886 3033 ad
2905 2991 3031 3032 astra
3055 2983 3239 3034 beatos.

1912 3096 2142 3173 Quintus
2187 3091 2314 3152 item
2357 3105 2388 3144 a
2429 3089 2608 3143 radice
2644 3085 2792 3157 pedis
2818 3083 3021 3140 sinistri
3046 3081 3282 3173 exterius
3309 3090 3476 3148 usque

1913 3168 1979 3240 ad
2008 3198 2180 3256 genua
2210 3179 2523 3251 ascendens,
2558 3185 2613 3233 et
2652 3191 2684 3231 a
2713 3176 2899 3230 ventre
2933 3172 3106 3226 medio
3135 3185 3229 3239 per
3256 3168 3395 3223 latus
3419 3174 3476 3220 et

1910 3273 2193 3329 brachium
2231 3270 2508 3338 sinistrum
2535 3278 2705 3336 usque
2748 3263 2813 3318 ad
2843 3261 3072 3316 medium
3104 3259 3324 3330 digitum
3351 3271 3472 3326 per—

1911 3363 2086 3432 tingit.
2112 3359 2190 3433 ita
2216 3377 2229 3412 :

2041 3465 2044 3467 “
2095 3471 2255 3534 Atque
2279 3466 2573 3519 salutiferam
2593 3464 2798 3515 dederat
2821 3463 2954 3522 Deus
2977 3472 3087 3508 arce
3113 3469 3354 3508 coronam.

1908 3574 1969 3629 In
1991 3579 2138 3640 veste
2164 3568 2377 3638 quidem
2407 3565 2606 3620 femora
2637 3551 3021 3624 circumdante,
3047 3563 3172 3612 sunt
3200 3568 3397 3610 versus
3422 3553 3477 3607 hi

1913 3663 2018 3717 duo
2047 3657 2266 3730 elegiaei
2300 3675 2312 3711 :

2094 3768 2250 3828 Veste
2273 3767 2469 3828 quidem
2493 3776 2632 3828 parva
2658 3764 2733 3812 hic
2755 3763 2945 3828 tegitur
2957 3762 3036 3828 qui
3061 3759 3276 3808 continet
3296 3763 3440 3817 astra,

2114 3823 2120 3831 ’
2157 3822 2317 3899 Atque
2341 3822 2669 3899 solum'palmo
2701 3822 2879 3872 claudit
2900 3822 3081 3883 ubique
3103 3831 3206 3869 suo.

1913 3935 1970 4000 in
2013 3930 2232 3998 eaisarije
2275 3944 2402 3983 vero
2438 3926 2627 3995 capitis
2667 3925 2783 3994 ejus
2829 3923 3087 3991 scriptum
3115 3927 3236 3974 est:
3263 3917 3370 3972 late
3404 3927 3476 3972 est

1914 4040 2006 4078 rex
2022 4021 2264 4090 justitiw.
2306 4018 2362 4072 In
2400 4017 2549 4070 vultu
2592 4031 2805 4084 quoque
2846 4022 2900 4067 et
2944 4020 3148 4074 mento,
3182 4009 3393 4080 papillis
3425 4016 3481 4065 et

1913 4113 2169 4174 umbilico
2191 4111 2494 4166 continetur
2521 4105 2663 4163 istud
2691 4123 2702 4159 :
2734 4103 2881 4159 Ordo
2901 4104 3081 4173 justus
3112 4103 3237 4176 Deo.
3283 4101 3340 4155 ln
3383 4115 3477 4154 co-

1914 4217 2044 4257 rona
2073 4208 2251 4254 autem
2281 4205 2440 4267 caput
2461 4190 2893 4264 cingenteyisttid
2919 4208 2932 4246 :
2963 4191 3072 4246 Rea;
3095 4206 3268 4261 regum
3291 4204 3338 4243 et
3375 4187 3475 4241 Do-
3536 4244 3540 4247 ,

1914 4295 2083 4346 minus
2104 4291 2451 4348 dominorum.
2472 4285 2529 4344 In
2558 4270 2722 4340 cruce
2743 4298 2976 4353 namque
3003 4296 3122 4350 quae
3144 4281 3297 4350 juxta
3314 4283 3480 4347 caput

1916 4381 2030 4450 ejus
2055 4381 2228 4452 posita
2261 4385 2346 4434 est
2389 4383 2512 4431 sunt
2542 4382 2652 4430 tres
2679 4374 2889 4438 litterze,
2935 4373 3036 4427 hoc
3066 4378 3170 4436 est,
3214 4369 3282 4434 Α,
3324 4367 3396 4432 Μ,
3426 4375 3480 4422 et

230 4447 701 4539 tudinem-.Ar-ies,
722 4485 937 4545 propter
961 4447 1338 4549 principatum:
1362 4447 1573 4544 lla-ndus,
1597 4447 1816 4552 propter
1839 4447 1892 4505 Β
1915 4447 1982 4537 ti,
2028 4447 2169 4540 quoii
2199 4465 2462 4538 signiﬁcat
2493 4463 2703 4519 initium
2742 4470 2798 4518 et
2835 4461 3067 4518 medium
3106 4467 3162 4515 et
3207 4456 3364 4522 linem
3416 4456 3478 4511 ab

232 4563 657 4620 similitudinem
695 4567 876 4622 carnis
921 4570 1146 4640 peccati.
1185 4570 1409 4633 Vitulus,
1439 4585 1536 4641 pro
1576 4585 1641 4626 eo
1681 4571 1824 4644 quod
1919 4563 2035 4631 ipso
2061 4559 2240 4617 omnia
2275 4553 2673 4626 comprehendi.
