3940 6318
213 306 309 367 L37

1236 309 1319 363 DE
1357 303 1694 362 LAUDIBUS
1731 305 1787 359 S.
1830 300 2093 359 CRUCIS.
2135 333 2202 342 ——
2241 301 2365 357 LIB.
2406 304 2442 360 l.

3338 310 3437 366 158

1379 442 1628 501 DECLA
1642 438 1885 498 RATIO
1928 438 2053 498 FIG
2066 439 2266 498 UBE.

280 660 378 715 Ast
402 660 518 714 haec
547 657 715 720 ﬁgura
738 670 946 709 crucem
966 654 1163 707 Christi
1190 653 1238 704 in
1267 662 1493 720 quatuor
1525 651 1773 720 cornibus
1801 654 1848 707 Α
1876 645 2275 720 reprehendere.
2311 642 2569 701 voluerit,
2598 640 2791 720 _ipsuui
2844 646 3182 720 reprehendit
3227 658 3439 716 προδιο-

213 738 405 787 cuncta
432 719 714 799 complecti
742 725 1033 799 pnedicat,_
1054 723 1164 774 sive
1201 719 1316 788 quae
1352 723 1409 773 in‘
1444 722 1615 799 caulis,
1663 719 1774 799 sive

214 799 411 871 quse‘in
450 792 754 871 terra_,_s_ive
791 808 907 860 qua}
952 792 1373 871 sulitt‘isuterram
1417 798 1555 871 sunt,
1597 792 1775 871 omnia

214 859 463 923 {idelicet
484 864 713 922 visibilia
756 859 913 928 atque
951 859 1256 923 invisibilia,
1300 861 1525 929 viventia
1573 866 1627 909 et
1669 872 1773 909 non

206 937 470 997 viventia,
511 934 635 1002 quia
676 939 903 1002 quatuor
946 930 1119 1002 crucis
1166 944 1362 1002 cornua
1404 929 1516 982 sive
1550 935 1777 993 quatuor

215 1006 332 1061 loca
362 998 629 1065 intimam,
666 998 718 1054 in
752 1000 942 1067 quibus
988 998 1267 1050 rationales
1312 1006 1593 1067 versantur
1634 1010 1781 1048 crea-

216 1082 369 1137 turze,
420 1074 472 1127 id
514 1080 616 1134 est,
659 1066 973 1128 cmlestium,
1016 1068 1341 1137 terrestrium
1370 1076 1424 1137 et
1449 1066 1776 1137 infernorum

213 1152 272 1198 et
308 1132 802 1210 supercmlestium,
846 1139 922 1210 dc_
956 1136 1144 1203 quibus
1180 1144 1237 1187 et
1273 1135 1468 1210 Paulus
1509 1132 1777 1210 apostolus

214 1201 480 1281 loquitur,
509 1220 563 1262 ut
593 1210 644 1261 in
658 1207 869 1281 nomine
892 1201 1013 1281 {esu
1041 1221 1188 1255 omne
1213 1220 1341 1281 genu
1370 1201 1605 1281 ﬂectatur
1631 1201 1779 1281 crete:-

214 1270 396 1343 stiiim,
439 1270 757 1332 terrestrium
804 1284 849 1326 et
900 1270 1233 1340 infernarum.
1288 1270 1375 1326 De
1409 1271 1581 1343 tribus
1630 1270 1775 1343 Pauli

214 1339 579 1403 testimonium
621 1353 741 1407 est,
799 1339 1071 1396 videamus
1111 1352 1162 1395 et
1210 1350 1502 1408 quartum:
1545 1339 1777 1392 Laudate

214 1417 519 1479 Dominum,
557 1413 667 1466 caeli
709 1412 968 1471 calorum,
995 1422 1040 1463 et
1082 1426 1229 1479 aqua:
1262 1427 1377 1479 qum
1426 1426 1578 1477 super
1625 1408 1774 1462 caelos

212 1496 336 1548 sunt
385 1485 593 1537 laudent
634 1498 819 1534 nomen
863 1480 1092 1532 Domini.
1140 1479 1473 1546 Rursumque
1528 1479 1777 1531 dicuntur
1819 1530 1824 1535 ,

212 1555 456 1608 caelestia
486 1562 540 1607 et
569 1551 669 1604 alia
696 1549 1114 1617 supercmlestia.
1168 1548 1295 1601 Sive
1325 1557 1551 1615 quatuor
1572 1548 1775 1613 species

214 1625 379 1677 totius
423 1630 702 1683 creaturae,
749 1620 799 1671 id
832 1626 933 1679 est,
979 1633 1116 1679 esse,
1143 1617 1340 1678 vivere,
1367 1617 1584 1679 sentire,
1612 1625 1666 1668 et
1691 1617 1773 1667 in-

215 1693 471 1763 telligere,
510 1692 561 1743 in
586 1689 773 1756 quibus
800 1686 1046 1763 omnibus
1070 1694 1313 1763 creatura
1342 1684 1601 1763 subsistit.
1622 1683 1791 1763 ANam,

212 1752 567 1814 aliavtantum
604 1752 751 1819 sunt,
793 1756 885 1808 sed
922 1769 1019 1807 nec
1048 1755 1248 1817 vivunt,
1278 1768 1377 1806 nec
1401 1752 1651 1815 sentiunt,
1692 1767 1780 1806 ne-

212 1845 318 1897 que
356 1830 683 1887 discernunt,
736 1832 793 1876 ut
827 1831 962 1897 sunt
1012 1822 1250 1897 lapides._
1275 1822 1394 1874 Alia
1437 1830 1559 1875 sunt
1607 1831 1659 1875 et
1698 1822 1777 1873 vi-

210 1892 363 1959 vunt,
415 1899 507 1951 sed
562 1910 661 1949 nec
704 1892 941 1947 sentiunt
994 1907 1162 1959 neque
1202 1892 1532 1953 discernunt,
1568 1900 1624 1944 ut
1652 1900 1778 1944 sunt

211 1968 431 2021 arbusta
466 1964 737 2036 etomnia
782 1962 1018 2036 germina
1077 1969 1248 2036 terrai.
1305 1960 1421 2011 Alia
1458 1974 1585 2013 vero
1626 1969 1768 2022 sunt,
1804 1979 1848 2036 B

212 2038 400 2090 vivunt
446 2034 794 2091 etsentiunt,
854 2030 945 2084 sed
996 2044 1099 2082 non
1145 2030 1486 2090 discernunt,
1545 2037 1603 2081 ut
1652 2038 1774 2081 sunt

208 2104 368 2160 bruta
420 2103 685 2161 animalia,
730 2100 921 2168 quibus
961 2100 1039 2152 vis
1078 2105 1170 2168 est
1218 2098 1499 2158 sentiendi,
1546 2100 1638 2168 sed
1670 2112 1773 2150 non

210 2174 398 2228 Subest
444 2174 579 2226 ratio
636 2167 979 2236 intelligendi.
1027 2167 1141 2219 Alia
1182 2175 1357 2218 autem
1397 2174 1538 2236 sunt,
1570 2167 1771 2226 vivunt,

210 2245 449 2296 sentiunt
496 2250 549 2294 et
602 2234 945 2298 diSrernunt,
996 2245 1055 2287 ut
1105 2244 1225 2287 sunt
1279 2234 1452 2303 angeli
1498 2243 1553 2285 et
1609 2236 1778 2287 homi-

211 2326 343 2374 nes,
386 2311 476 2378 qui
530 2307 767 2378 essentia
816 2304 1137 2378 subsistunt,
1185 2305 1562 2378 vita~vivunl,
1614 2319 1776 2378 sensu

210 2371 451 2432 sentiunt
488 2418 502 2440 ,
565 2376 833 2430 intellectu
898 2374 1224 2426 discernunt.
1300 2371 1435 2429 Sunt
1499 2382 1553 2424 et
1612 2373 1777 2440 ipsius

211 2448 405 2501 animze
450 2455 677 2516 quatuor
718 2442 1020 2516 alfectiones
1047 2482 1061 2504 ,
1109 2442 1638 2516 quibus__animantia
1671 2442 1775 2516 _vel

212 2517 281 2569 ad
339 2511 482 2569 bona
534 2523 754 2567 utuntur
808 2512 887 2564 vel
956 2513 1018 2563 ad
1076 2512 1251 2564 mala.’
1299 2511 1402 2564 llas
1460 2517 1513 2563 et
1574 2512 1777 2579 antiqui

208 2586 479 2639 subtiliter
516 2584 850 2643 invenerunt,
906 2588 958 2632 et
1002 2596 1185 2633 eorum
1236 2581 1457 2633 inventa
1493 2581 1777 2646 probantes

209 2656 414 2722 posteri
458 2652 843 2722 susceperunt,
900 2648 953 2701 id
1002 2658 1117 2711 est,
1161 2650 1354 2722 timere
1383 2691 1395 2712 ,
1444 2650 1729 2722 ac-dolero
1760 2689 1773 2711 ,

207 2719 409 2789 cupere
444 2738 507 2776 ac
553 2719 741 2774 laetari.
789 2719 911 2773 llrec
961 2734 1086 2785 ergo
1130 2720 1171 2771 si
1205 2728 1412 2789 sancta;
1439 2719 1613 2773 crucis
1645 2734 1777 2786 prte-

210 2791 352 2844 sidio
409 2792 725 2845 ordinantur
774 2798 932 2856 atque
992 2788 1344 2851 muniuntur,
1401 2788 1454 2840 in
1517 2789 1775 2857 religiosis

210 2859 521 2915 hominibus
566 2857 835 2913 salutifera
878 2872 994 2909 esse
1032 2857 1340 2923 probantur,
1397 2857 1519 2911 licet
1564 2873 1655 2910 eas
1706 2858 1777 2909 vi-

212 2931 287 2981 tia
351 2944 511 2993 esse,
562 2927 784 2982 stultitia
854 2928 1202 2993 quorumdam
1264 2927 1563 2994 sapientum
1618 2926 1775 2993 hujus

208 2999 398 3052 mundi
443 2998 778 3052 existimarit.
835 2995 984 3060 Quod
1025 2996 1067 3048 si
1109 2996 1179 3048 ita
1236 3005 1396 3058 esset,
1443 3005 1497 3048 et
1541 3011 1633 3048 eas
1674 2996 1775 3049 nisi

206 3077 523 3135 peccatores
571 3065 813 3135 omnino“
834 3080 939 3117 non
995 3074 1213 3135 possunt
1266 3064 1461 3117 habere
1517 3075 1607 3117 aut
1648 3080 1776 3135 per:

208 3132 331 3197 diti,
386 3146 530 3191 recte
584 3149 686 3187 non
740 3132 959 3187 affectus
998 3132 1165 3202 aliqui
1225 3143 1441 3201 possent
1498 3134 1621 3197 dici,
1656 3132 1774 3187 ’sed

206 3205 431 3259 morbi.
464 3206 571 3258 Aut
608 3218 726 3257 cum
758 3202 889 3255 tales
916 3204 1209 3255 animorum
1241 3211 1416 3256 motus
1442 3204 1777 3257 inveniamur

208 3276 264 3326 in
299 3275 503 3329 sanctis
536 3272 787 3342 apostolis
822 3281 875 3325 et
916 3272 1202 3342 prophetis,
1244 3273 1362 3339 quis
1408 3273 1481 3325 ita
1527 3273 1773 3341 desipiat,

207 3352 269 3395 ut
315 3359 407 3397 eos
444 3341 672 3398 alicuius
713 3342 839 3394 vitia
880 3341 1102 3394 credat?
1153 3356 1218 3394 ex
1274 3342 1464 3409 quibus
1511 3343 1617 3394 Deo
1653 3342 1770 3410 pla.

206 3422 439 3466 cuerunt
489 3412 603 3474 illi,
663 3411 944 3480 quiivitiis
988 3410 1104 3480 plus
1152 3426 1311 3477 quam
1372 3412 1549 3464 caeteri
1597 3412 1771 3463 homi-

208 3497 311 3538 nes
377 3479 703 3536 restiterunt.
774 3479 953 3547 itaque
1015 3479 1206 3532 Paulus
1262 3480 1531 3547 apostolus
1582 3481 1646 3533 de
1702 3482 1771 3534 ti-

208 3566 367 3604 more
417 3552 493 3605 sic
548 3551 799 3618 loquitur.
850 3550 1020 3601 Timeo
1074 3558 1243 3600 autem
1297 3566 1359 3601 ne
1392 3551 1523 3602 sicut
1570 3566 1772 3618 serpens

207 3621 420 3672 sedux‘t
479 3620 643 3672 Evam
702 3619 892 3671 astutia
954 3634 1047 3669 sua
1080 3658 1093 3681 ,
1148 3619 1221 3669 sic
1275 3628 1323 3670 et
1380 3621 1532 3671 vestri
1596 3634 1773 3675 sensus

206 3699 614 3757 corrumpantur
652 3706 682 3739 a
733 3689 979 3740 charitate
1017 3705 1131 3756 quae
1162 3698 1233 3739 est
1274 3690 1325 3757 in
1366 3688 1587 3742 Christo.
1629 3685 1772 3745 idem

208 3759 279 3809 de
336 3758 623 3825 cupiditate
680 3757 993 3810 ﬁducialiter
1036 3758 1162 3810 dicit
1203 3775 1213 3809 :
1262 3756 1423 3825 Cupio
1466 3757 1677 3813 dissolvi
1726 3766 1774 3813 el

203 3842 323 3896 esse
368 3843 486 3879 cum
541 3826 761 3896 Christo.
815 3825 924 3896 Sed
970 3834 1021 3877 et
1067 3827 1130 3877 de
1177 3827 1388 3879 tristitia
1415 3867 1429 3889 ,
1480 3825 1774 3896 quam_alll

206 3893 453 3947 dolorem
484 3894 768 3962 appellant,
812 3895 947 3945 idem
983 3896 1167 3946 doctor
1200 3896 1434 3961 gentium
1481 3892 1553 3949 ait
1587 3911 1603 3947 :
1634 3892 1774 3962 Qum

208 3964 426 4015 tristitia
474 3976 545 4015 est
593 3963 714 4015 mhi
765 3979 951 4029 magna
1000 3972 1046 4013 et
1098 3965 1371 4015 continuus
1423 3966 1572 4017 dolor
1627 3962 1775 4019 cordi

205 4048 363 4093 meo,
412 4048 504 4099 pro
544 4032 788 4100 fratribus
831 4032 955 4100 meis
998 4032 1086 4100 qui
1134 4042 1249 4083 sunt
1302 4032 1505 4099 cognati
1551 4033 1653 4086 mei
1693 4048 1778 4087 se-

206 4100 445 4152 cundum
505 4099 729 4153 carnem.
803 4099 934 4152 Nam
990 4110 1041 4152 et
1086 4102 1151 4154 ad
1207 4101 1476 4154 Romanos
1531 4102 1774 4155 scribens

206 4170 290 4221 ait
333 4187 346 4221 :
388 4167 598 4221 Gaudeo
647 4170 700 4221 in
736 4169 909 4238 vobis,
954 4170 1038 4221 sed
1083 4170 1191 4221 volo
1243 4187 1329 4222 ros
1371 4172 1622 4238 sapientes
1666 4186 1774 4224 esse

205 4238 265 4289 in
318 4238 450 4291 bono
495 4247 540 4291 et
590 4237 843 4306 simplices
890 4238 942 4289 in
990 4238 1143 4307 malo.
1196 4240 1359 4292 David
1412 4237 1621 4307 quoque
1654 4254 1777 4307 pro-

206 4308 377 4376 phcta
432 4308 495 4361 de
552 4307 757 4376 timore
799 4308 868 4359 ita
920 4307 993 4357 ait
1033 4322 1045 4358 :
1089 4306 1263 4376 Timor
1306 4306 1774 4362 Domini’san’ctus

201 4374 478 4445 permanet
517 4376 569 4428 in
602 4374 845 4428 arculum
889 4375 1082 4427 sa'culi.
1128 4375 1254 4428 Item
1282 4394 1293 4429 :
1324 4376 1535 4439 Timete,
1582 4378 1771 4443 inquit,

204 4443 518 4512 Dominum,
566 4460 739 4496 omnes
788 4444 951 4495 sancti
997 4444 1127 4512 ejus.
1178 4445 1249 4497 De
1292 4446 1503 4499 tristitia
1543 4461 1668 4499 vero
1704 4448 1774 4499 ita

205 4514 289 4566 ait
333 4530 347 4563 :
387 4511 732 4565 Contristatus
778 4529 905 4579 sunt
944 4513 993 4563 in
1043 4515 1403 4566 exercitatione
1459 4530 1591 4567 mea.
1644 4515 1775 4568 ltem

204 4586 278 4635 de
334 4582 709 4650 concupiscere
749 4580 883 4634 idem
930 4581 1056 4633 dicit
1086 4599 1096 4632 :
1126 4582 1418 4650 Concupivi!
1451 4584 1625 4637 anima
1661 4600 1773 4638 mea

202 4650 509 4720 desiderare
547 4649 945 4720 justiﬁcationes
1005 4660 1117 4720 tuas
1175 4652 1229 4704 in
1273 4649 1409 4720 omni
1448 4662 1688 4720 tempore,
1726 4664 1774 4705 et

203 4718 482 4790 concupiui
530 4718 763 4790 salutare
805 4728 969 4790 tuum,
1018 4718 1252 4772 Domine.
1298 4719 1371 4772 De
1411 4718 1589 4774 laetitia
1651 4724 1771 4790 qui-

202 4789 334 4840 dem
390 4788 527 4840 idem
574 4785 852 4839 Psalmista
892 4788 1175 4841 exhortans
1213 4799 1425 4842 sanctos
1469 4790 1559 4843 Dei
1609 4785 1767 4845 dicit:

204 4854 491 4927 Laetamini
519 4857 574 4927 in
625 4855 857 4927 Domino
897 4866 944 4907 et
990 4856 1268 4921 exsultate,
1316 4858 1483 4924 justi;
1533 4860 1768 4927 gaudete,

202 4923 360 4988 iusti,
399 4925 455 4994 in
512 4924 754 4977 Domino.
784 4924 963 4994 “Hunc
1020 4940 1144 4994 ergo
1196 4923 1437 4979 timorem
1494 4923 1574 4981 vel
1628 4928 1772 4981 dolo-

206 5005 327 5047 rem
366 5029 385 5057 ,
442 4992 582 5047 hanc
638 4992 977 5062 cupiditatem
1032 4992 1143 5049 sive
1206 4997 1306 5048 hoc
1367 4998 1635 5071 gaudium
1680 4998 1770 5065 qui

1878 712 1983 766 lum
2034 725 2087 767 et
2128 712 2610 781 prophetatn,qui
2650 728 2744 779 per
2794 713 2925 767 tales
2976 712 3284 770 affectiones
3336 735 3439 773 non

1876 784 2045 836 solum
2100 781 2209 834 Deo
2270 780 2577 847 placuerit;
2632 783 2724 833 sed
2779 783 2941 834 etiam
2990 785 3244 850 quosdam
3304 787 3437 841 alios

1876 853 1943 905 ad
1993 850 2220 919 idipsum
2273 850 2536 901 exhortati
2594 857 2756 913 sunt,
2805 859 2859 903 et
2905 852 2994 919 qui
3040 863 3283 907 extorres
3342 856 3439 908 ho-

1876 935 1995 972 rum
2040 918 2209 980 fuere,
2254 918 2391 970 inter
2420 918 2740 973 ‘criminosos
2777 918 3129 985 quodessent
3172 922 3287 977 sine
3316 925 3441 978 alie-

1877 996 1963 1042 ctu
1993 988 2359 1057 culpaverunt.
2404 986 2677 1057 Nonergo
2704 984 3132 1057 has’aﬂectiones
3174 992 3435 1052 habendo.

1878 1057 1970 1111 sed
1999 1056 2078 1109 eis
2110 1054 2247 1109 male
2282 1056 2475 1108 utendo
2514 1054 2885 1123 delinquimus,
2930 1058 3051 1123 quia
3085 1058 3441 1115 humanorum

1878 1073 1970 1111 seu
1999 1073 2078 1109 eis
2110 1073 2247 1109 male
2282 1073 2475 1108 utenuo
2514 1073 2885 1123 delinquimus,
2970 1073 3051 1110 uia
3086 1073 3438 1115 numanorutn

1876 1124 2161 1179 aliectuum
2217 1126 2513 1191 proprietas
2582 1124 2811 1177 hominis
2870 1073 3067 1178 iniiicat
3112 1137 3438 1193 creatorem;

1876 1194 2105 1263 qualitas
2144 1206 2273 1263 vero
2312 1193 2503 1246 bonam
2547 1198 2607 1263 et
2652 1192 2843 1245 malam
2888 1194 3151 1263 signiﬁcat
3194 1192 3440 1251 voluntaé

1875 1262 2017 1325 tem;
2062 1276 2125 1331 ac
2168 1262 2213 1315 si
2254 1272 2428 1315 motus
2470 1262 2558 1330 qui
2599 1262 2649 1313 in
2684 1263 2929 1315 omnibus
2962 1262 3269 1319 allectiones
3295 1276 3441 1331 sunt,

1876 1332 1958 1385 hae
2005 1330 2203 1384 eaedem
2245 1331 2369 1397 ipsa:
2416 1331 2468 1383 in
2514 1331 2649 1382 bene
2695 1331 2961 1384 utentibus
3006 1330 3247 1397 virtutes,
3296 1344 3350 1388 e'.
3388 1330 3443 1388 in

1875 1400 2013 1453 male
2060 1400 2334 1453 utentibus
2379 1400 2655 1467 passiones
2682 1400 2793 1469 sive
2840 1401 3297 1467 perturbationes,
3352 1419 3439 1469 ac,

1874 1476 1934 1521 ut
1984 1469 2198 1536 quidam
2242 1469 2446 1538 volunt,
2503 1468 2842 1536 aegritudines
2896 1468 3027 1522 ﬁunt
3068 1487 3079 1521 :
3123 1470 3313 1538 illeque
3360 1468 3439 1527 eis

1874 1538 2011 1590 bene
2049 1538 2218 1589 utitur
2246 1577 2259 1596 ,
2295 1537 2386 1605 qui
2438 1552 2542 1590 non
2570 1550 2743 1605 suam
2778 1576 2791 1600 ,
2840 1538 2931 1591 sed
2964 1538 3071 1605 Dei
3120 1537 3311 1605 quairit
3358 1541 3440 1594 fa-

1875 1620 1998 1658 cere
2044 1604 2366 1658 voluntatem
2396 1645 2409 1667 ,
2461 1614 2518 1657 ut
2560 1604 2670 1670 jam
2718 1620 2822 1656 non
2877 1604 2975 1657 sibi
3020 1604 3199 1669 vivat,
3247 1610 3339 1661 sed
3390 1611 3441 1663 ei

1914 1674 1985 1725 ui'
2006 1686 2102 1740 per
2136 1674 2408 1740 sanguinis
2442 1673 2519 1724 sui
2551 1672 2859 1725 effusionem
2893 1674 2943 1725 in
2976 1689 3135 1727 cruce
3170 1675 3315 1728 illum
3352 1690 3441 1731 re-

1876 1688 2080 1795 iieniit:
2122 1744 2211 1795 oui
2260 1756 2377 1793 cum
2418 1741 2668 1795 Anostolo
2706 1742 2880 1794 dicere
2920 1750 3093 1795 potest
3118 1761 3132 1795 :
3162 1742 3273 1795 Eoo
3308 1747 3441 1795 enim

1912 1743 2080 1805 emit;
2122 1744 2211 1810 qui
2260 1756 2377 1793 cum
2418 1741 2668 1807 Apostolo
2706 1742 2885 1811 dicere
2920 1750 3132 1809 potest:
3162 1742 3273 1811 Ego
3308 1747 3442 1798 enim

1875 1828 1964 1880 per
1996 1809 2154 1879 legem
2190 1811 2288 1878 legi
2328 1820 2571 1880 mortuus
2597 1826 2732 1871 sum,
2765 1820 2820 1861 ut
2857 1809 2959 1863 Deo
3000 1811 3167 1863 vivam
3195 1809 3440 1868 {Christo

1877 1877 2111 1950 conﬁxus
2156 1877 2270 1931 sum
2307 1880 2485 1950 cruci.
2530 1877 2653 1931 Vivo
2690 1888 2865 1950 autem
2907 1880 3023 1947 jam
3073 1896 3175 1933 non
3222 1897 3333 1950 ego,
3371 1880 3445 1937 vi-

1877 1949 1945 1999 rit
1974 1946 2107 1999 ivero
2149 1950 2203 2001 in
2240 1965 2319 2000 me
2364 1948 2617 1999 Christus.
2674 1946 2825 2010 Quod
2859 1946 3031 1999 autem
3074 1965 3212 2001 nunc
3245 1946 3351 2004 uiuo
3385 1952 3441 2005 in

1875 2033 2051 2080 carne,
2091 2019 2144 2069 in
2192 2016 2295 2082 ﬁde
2338 2017 2447 2069 vivo
2490 2014 2621 2068 Filii
2662 2016 2775 2084 Dei,
2810 2018 2900 2084 qui
2928 2016 3106 2069 dilexit
3142 2036 3224 2071 me
3255 2028 3301 2071 et
3328 2029 3443 2073 tra—

1877 2086 2011 2136 didit
2058 2086 2384 2153 semetipsum
2429 2101 2523 2152 pro
2567 2101 2689 2155 me,
2729 2083 2918 2155 Omnia
2976 2101 3103 2155 ergo
3156 2087 3269 2142 haec
3319 2104 3443 2142 san-

1875 2162 1973 2205 eta:
2012 2155 2156 2206 cruci
2218 2154 2555 2215 conveniunt,
2605 2154 2727 2221 quia
2780 2153 2834 2206 in
2882 2169 2944 2207 ea
2995 2153 3233 2207 omnium
3283 2156 3443 2213 Crea-

1876 2229 1964 2290 tor
2008 2237 2197 2289 passus
2248 2229 2332 2274 est
2372 2222 2637 2275 Christus.
2687 2222 2819 2274 Nam
2863 2223 3041 2290 passio
3083 2222 3281 2278 Christi
3330 2240 3443 2279 cae-

1876 2288 1983 2361 lum
2010 2288 2315 2361 Sustentat,
2365 2291 2618 2343 mundum
2656 2290 2825 2361 regit,
2864 2288 3133 2361 tartarum
3184 2293 3435 2361 perfodit.

1876 2358 1930 2411 1n
1975 2374 2037 2411 ea
2093 2358 2481 2432 conﬁrmantur
2532 2359 2709 2432 angeli
2749 2400 2762 2421 ,
2824 2359 3155 2432 redimuntur
3184 2358 3391 2432 'populi
3420 2404 3434 2426 ,

1877 2435 2223 2481 conteruntur
2267 2427 2486 2491 inimici,
2536 2428 2875 2481 stabiliuntur
2921 2427 3301 2491 subsistentia;
3328 2432 3443 2484 ani-

1879 2506 2092 2549 mantur
2127 2496 2377 2558 viventia,
2410 2504 2796 2549 conservantur
2830 2497 3139 2555 sentientia.
3175 2498 3444 2553 illustran-

1877 2564 2371 2635 tur‘intelligentia.
2429 2566 2552 2617 Inde
2604 2565 2763 2635 timor
2808 2566 2998 2619 ductus
3047 2582 3075 2618 a
3126 2582 3329 2634 paena,
3380 2569 3444 2621 ﬁ-

1876 2634 2020 2687 deles
2062 2634 2280 2705 liberat;
2325 2635 2541 2687 tristitia
2573 2634 2851 2705 salubris,
2879 2635 3198 2705 pmniteutes
3241 2653 3270 2690 a
3322 2652 3446 2705 pec-

1876 2706 2013 2757 catis
2059 2704 2311 2763 mundat;
2362 2704 2787 2770 concupiscentia
2839 2704 2962 2756 boni
3017 2704 3273 2757 virtutum
3324 2704 3441 2757 fru-

1875 2781 1993 2825 ctus
2032 2772 2332 2840 germinat;
2384 2772 2634 2840 gaudium
2680 2773 2801 2825 vitae
2850 2786 2943 2840 spe
2984 2772 3313 2828 conﬁdentes
3352 2774 3443 2827 las-

1877 2838 2061 2894 tiﬁcat'.
2114 2838 2361 2893 Omnium
2399 2838 2599 2909 quippe
2654 2849 2853 2894 auctor.
2880 2838 3018 2894 banc
3063 2850 3300 2896 sanctam
3342 2843 3445 2897 sibi

1874 2910 2197 2978 przevidebat
2242 2910 2570 2974 machinam;
2611 2910 2748 2963 hanc
2788 2910 3026 2965 construi
3078 2910 3260 2974 voluit,
3302 2921 3354 2965 ut
3391 2914 3445 2965 iu

1877 2979 1991 3049 ipsa
2049 2988 2375 3049 restauraret
2422 2988 2476 3033 et
2535 2979 2861 3033 coadunaret
2895 2979 3071 3032 omnia
3117 2995 3215 3049 per
3258 2980 3439 3036 Jesum

1922 3048 2149 3103 hristum
2200 3047 2480 3101 Dominum
2535 3057 2795 3102 nostrum.

1949 3116 2085 3171 Sunt
2123 3131 2333 3185 quoque
2370 3132 2552 3171 versus
2592 3118 2696 3172 duo
2738 3118 2791 3171 in
2843 3119 2957 3187 ipsa
3000 3134 3160 3175 cruce
3206 3119 3443 3175 conscri-

1877 3186 1975 3255 pti,
2027 3202 2252 3255 quorum
2302 3187 2451 3254 prior
2487 3195 2611 3240 est:

2002 3298 2041 3348 Ο
2070 3299 2195 3349 Crux
2220 3311 2329 3359 quae
2352 3301 2520 3347 summi
2554 3311 2608 3347 es
2632 3306 2744 3349 noto
2766 3299 2980 3349 dedicata
3004 3300 3222 3363 tr0pbao
3246 3314 3262 3351 :

1874 3414 1905 3453 a
1944 3413 2151 3453 summo
2200 3399 2254 3458 in
2298 3398 2402 3450 ima
2448 3398 2793 3452 descendens.
2856 3399 3009 3453 Alter
3051 3416 3179 3455 vero
3214 3419 3230 3454 :

1996 3488 2035 3538 Ο
2060 3488 2186 3540 Crux
2219 3501 2328 3549 quae
2352 3487 2527 3537 Christi
2554 3499 2607 3535 es
2630 3499 2741 3535 caro
2764 3488 3017 3536 benedicta
3043 3489 3307 3550 triumpho.

1875 3608 1907 3647 a
1938 3592 2126 3647 dextra
2176 3590 2231 3643 in
2278 3590 2550 3643 sinistram
2604 3589 2778 3642 crucis
2823 3591 3061 3643 tendens.
3114 3590 3250 3645 Sunt
3291 3598 3344 3646 et
3383 3592 3470 3659 in,

1880 3669 2154 3731 tetragono
2200 3660 2343 3731 circa
2393 3674 2606 3712 crucem
2656 3667 3113 3731 quatuor_versus
3147 3700 3161 3725 ,
3213 3675 3439 3731 quorum

1874 3728 2099 3801 primus,
2141 3729 2231 3796 qui
2280 3742 2441 3795 supra
2485 3742 2729 3789 crucem,
2776 3736 2857 3780 est
2904 3728 3032 3781 hic:

2000 3840 2040 3891 Ο
2064 3840 2191 3891 Crux
2228 3853 2336 3901 qua:
2364 3838 2566 3889 excellis
2584 3844 2687 3889 toto
2703 3838 3030 3891 etdomiusris
3051 3840 3273 3905 Olympo.

1872 3939 1978 4008 Qui
2010 3956 2138 3996 vero
2184 3940 2342 4004 intra,
2389 3948 2471 3995 est
2508 3941 2593 3995 hic
2634 3959 2647 3994 :

1998 4053 2039 4103 Ο
2062 4054 2188 4105 Crux
2211 4065 2319 4115 quae
2340 4052 2549 4103 dederas
2572 4058 2712 4115 rupto
2736 4054 2931 4115 plebem
2948 4054 3020 4103 ire
3046 4052 3106 4103 at.
3141 4052 3355 4104 Averno.

1875 4155 1976 4222 Qui
2002 4164 2179 4209 autem
2208 4155 2261 4209 in
2294 4155 2505 4209 dextra.
2532 4154 2632 4209 hoc
2657 4162 2772 4219 est,
2808 4155 2860 4208 in
2896 4154 3319 4210 anacbrosticide
3338 4167 3439 4223 po-

1877 4226 2011 4279 situs
2054 4232 2157 4289 est,
2208 4224 2296 4278 bic
2334 4232 2459 4278 est:

2010 4334 2049 4383 Ο
2069 4334 2191 4383 Crux
2213 4334 2308 4382 dux
2330 4335 2505 4381 misero
2528 4330 2721 4393 latoque
2743 4331 3016 4393 redemptio
3033 4331 3225 4381 mundo.

1877 4436 1943 4489 Et
1987 4436 2077 4504 qui
2126 4437 2177 4488 in
2218 4435 2452 4499 sinistra,
2498 4434 2601 4503 hoc
2643 4442 2748 4498 est,
2791 4434 2844 4487 in
2895 4433 3189 4488 telesticide
3232 4433 3364 4487 hic:

2003 4548 2042 4597 Ο
2066 4548 2190 4597 Crux
2219 4546 2449 4595 vexillum
2467 4551 2630 4596 sancta
2653 4555 2705 4596 et
2724 4547 2799 4607 pia
2822 4546 2980 4595 cautio
2998 4542 3159 4595 saeclo.

1799 4638 1852 4697 D
1876 4650 2173 4706 Notandum
2196 4658 2373 4705 autem
2399 4651 2538 4720 quod
2574 4651 2617 4705 0
2641 4651 2895 4711 litteram,
2921 4662 3039 4717 quae
3064 4644 3249 4720 circuli
3274 4634 3438 4720 habet

1876 4721 2295 4793 similitudinem,
2344 4713 2544 4793 idcirco
2576 4721 2628 4774 in
2671 4726 2899 4793 quatuor
2926 4713 3131 4793 angulis
3172 4713 3435 4793 tetragoni

1874 4799 1924 4844 et
1960 4790 2011 4842 in
2050 4797 2281 4857 quatuor
2320 4790 2567 4843 cornibus
2604 4782 2796 4848 cru-cis,
2824 4800 2924 4838 nec
2952 4782 3055 4857 non
3084 4790 3137 4835 et
3174 4783 3225 4835 in
3260 4782 3437 4857 media

1874 4874 2032 4913 cruce
2056 4849 2348 4925 posuimus,
2366 4866 2434 4930 Aut
2456 4858 2827 4913 ostenderetur
2848 4853 3026 4930 omnia
3042 4859 3277 4905 sanctam
3301 4849 3443 4930 Cni-

1874 4942 1987 4981 cem
2034 4922 2128 4979 sua
2180 4922 2412 4994 potentia
2459 4936 2844 4985 concatenare,
2892 4928 2945 4974 et
2993 4922 3046 4994 in
3099 4922 3440 4973 veneratione

1873 4996 2073 5050 Christi
2120 4988 2368 5062 copulare
2395 5010 2512 5065 quae
2551 5007 2759 5047 sursum
2785 4998 2840 5046 et
2867 5004 2984 5059 quae
3013 4988 3263 5043 deorsum
3290 4994 3451 5042 sunt.‘
