3940 6322
169 393 270 448 tell

1174 383 1258 437 DE
1295 379 1638 437 LAUDIDUS
1676 377 1733 432 S.
1777 376 2047 434 CRUCIS.
2087 407 2154 416 —
2193 376 2318 431 LIB.
2361 376 2399 428 l.

3310 376 3408 429 Hii

1321 489 1832 554 DECLARATIO
1878 489 2217 550 FlGUR/E.

252 682 440 737 Merito
490 679 687 750 quippe
734 684 1038 731 sanctorum
1079 675 1382 744 angelorum
1432 673 1647 729 ordines
1688 680 1743 727 et
1768 677 1814 736 Α
1843 681 1897 727 et
1942 673 2322 744 archangelos;
2372 675 2442 736 in.
2470 674 2691 728 brachio
2738 675 2927 728 dextro
2968 677 3116 740 duos‘,
3157 677 3256 734 hoc
3302 689 3406 749 est,

183 771 416 828 calcatis
444 768 648 824 militia:
669 765 951 829 exercitus,
983 763 1195 818 nomine
1219 771 1273 816 et
1297 777 1518 816 numero
1545 769 1742 815 sanctae

182 864 328 920 cruci
340 861 685 924 concordant,
700 860 948 913 utaaterni
966 857 1124 926 Regis
1137 855 1406 909 victoriam
1421 853 1739 916 collaudent,

182 964 241 1012 et
273 951 694 1024 magnitudinem
741 949 935 1004 lmtitize
966 959 1075 1002 suae
1105 947 1326 999 honesto
1350 942 1523 997 oliicio
1552 941 1741 1011 praedi-

181 1055 305 1100 cent
331 1062 345 1097 :
371 1057 492 1098 cum
514 1056 619 1096 non
643 1039 810 1095 solum
834 1039 886 1092 in
919 1039 1048 1092 hora
1079 1035 1372 1089 nativitatis
1403 1033 1601 1088 Cliristi
1630 1032 1741 1085 lau-

181 1132 360 1197 dasse,
391 1138 446 1187 et
466 1138 586 1200 post
616 1129 666 1182 in
696 1128 908 1182 deserto
934 1125 1006 1178 illi
1037 1124 1366 1178 ministrasse
1393 1136 1546 1176 sacer
1568 1121 1742 1174 Evan-

181 1221 300 1293 gelii
337 1227 514 1275 textus
541 1221 954 1277 commemoret,
993 1227 1180 1266 verum
1215 1211 1376 1264 etiam
1412 1210 1466 1263 in
1507 1218 1742 1278 tempore

178 1308 448 1377 passionis
487 1316 542 1362 et
584 1301 990 1360 resurrectionis
1037 1301 1184 1370 ejus,
1242 1300 1420 1355 debito
1467 1299 1516 1353 ei
1569 1297 1742 1353 oﬂicio

179 1398 326 1466 ipsos
367 1396 582 1450 aﬂ'uisse
629 1390 908 1446 manifeste
959 1398 1142 1444 narret
1163 1407 1188 1455 ;,
1237 1390 1577 1458 maximeque
1626 1389 1742 1445 illos

176 1484 326 1540 credi
353 1490 560 1552 oportet
591 1481 746 1550 hujus
773 1479 846 1534 rei
873 1493 990 1535 esse
1019 1481 1252 1543 devotos,
1288 1479 1413 1550 quia
1440 1488 1638 1548 quanto
1658 1480 1741 1535 di-

174 1573 337 1642 gnius
371 1574 423 1628 in
466 1570 580 1640 ejus
621 1571 809 1625 militia
853 1570 1120 1634 militant,
1169 1578 1316 1624 tanto
1351 1570 1600 1624 devotius
1626 1569 1742 1638 ejus

108 1694 112 1697 -
175 1665 507 1734 triumphum
537 1662 772 1716 laudant.
823 1659 1021 1714 Novem
1047 1673 1172 1735 ergo
1193 1667 1318 1713 sunt
1348 1659 1562 1712 ordines
1585 1671 1744 1726 ange-

172 1754 384 1819 lorum,
413 1763 471 1807 ut
498 1761 683 1807 sancta
734 1750 1008 1818 Scriptura
1053 1749 1204 1803 nobis
1243 1749 1615 1802 commendat:
1642 1747 1743 1801 hoc

173 1851 281 1907 est,
304 1843 512 1914 Angeli,
543 1840 883 1908 Archangeli,
911 1840 1166 1904 Virtutes,
1195 1838 1549 1908 Principatus,
1583 1839 1741 1894 Pote-

174 1946 367 2003 states,
415 1935 834 1999 Dominationes,
883 1932 1098 1997 Throni,
1143 1931 1452 1998 Cherubim,
1489 1943 1542 1988 et
1586 1933 1744 1989 Sera-

1841 766 2067 820 virtutes
2095 774 2149 820 et
2169 774 2489 834 potestates;
2517 767 2568 819 in
2594 767 2816 821 brachio
2856 769 3073 822 sinistro
3099 771 3223 823 item
3254 773 3405 838 duos,

1842 856 1894 910 id
1924 865 2026 920 est,
2051 856 2379 925 principatus
2407 863 2460 910 et
2480 857 2898 920 dominationes;
2933 858 2985 912 in
3017 861 3191 914 medio
3221 878 3406 927 unum,

1843 944 1895 998 id
1936 953 2038 1010 est,
2086 945 2330 1009 thronos;
2376 948 2427 998 in
2472 945 2733 1012 superiori
2776 958 2925 1014 parte
2965 949 3094 1004 item
3130 951 3280 1014 duos,
3309 953 3408 1007 hoc

1842 1043 1965 1101 est,
2012 1035 2288 1088 cherubim
2335 1042 2388 1088 et
2443 1034 2730 1102 seraphim.
2801 1034 2930 1101 Quae
2976 1037 3137 1090 etiam
3194 1040 3407 1094 nomina

1843 1127 1912 1180 ad
1957 1124 2167 1180 Domini
2211 1128 2377 1180 nostri
2425 1125 2550 1180 Jesu
2600 1126 2798 1181 Christi
2843 1127 3066 1195 gloriam
3111 1131 3407 1198 praedicari:-

1843 1218 1963 1272 dam
2000 1219 2132 1274 satis
2177 1218 2536 1284 conveniunt,
2587 1218 2809 1287 ejusque
2855 1220 3304 1288 magnificentiam
3355 1230 3410 1275 et

1842 1308 2134 1378 potentiam
2185 1307 2506 1361 narrandam
2553 1307 2806 1360 decenter
2848 1316 3172 1377 competunt.
3239 1309 3407 1375 Quem

1843 1399 1987 1453 enim
2037 1397 2211 1468 angeli
2255 1405 2309 1451 et
2357 1396 2663 1467 archangeli
2714 1398 2767 1451 in
2815 1397 2996 1452 inﬁma
3034 1409 3187 1467 parte
3233 1401 3410 1455 crucis

1842 1487 2001 1558 positi
2053 1487 2406 1554 denuntiant,
2450 1488 2552 1541 nisi
2599 1502 2719 1542 eum
2769 1488 2858 1556 qui
2907 1489 2971 1542 de
3019 1490 3156 1544 cmlo
3202 1491 3254 1544 in
3298 1499 3408 1545 ter-

1844 1591 1960 1630 ram
2004 1575 2316 1641 descendit,
2367 1577 2543 1644 magni
2594 1576 2840 1631 videlicet
2875 1578 3080 1632 consilii
3129 1580 3406 1649 angelum,
3445 1571 3459 1580 ’

1847 1666 1913 1720 ad
1959 1665 2377 1719 annuntiandum
2401 1667 2694 1720 mansuetis
2730 1667 2970 1732 missum,
3002 1676 3061 1723 ut
3089 1668 3276 1723 fortior
3303 1670 3411 1722 for-

1847 1767 1954 1812 tem
2000 1756 2245 1825 alligaret
2275 1760 2297 1822 ,‘
2335 1757 2556 1826 ejusque
2605 1772 2733 1810 vasa
2790 1756 3093 1825 diriperet?
3141 1759 3207 1812 Et
3253 1775 3411 1827 quem

1848 1847 2012 1900 alium
2061 1847 2307 1911 virtutes,
2347 1853 2659 1913 potestates,
2701 1845 3030 1914 principatus
3076 1857 3129 1901 et
3171 1847 3414 1902 domina-

1848 1941 2022 2000 tipnes
2069 1940 2364 2010 praedicant
2416 1940 2468 1992 in
2529 1937 2763 1992 brachiis
2825 1939 3001 1993 crucis
3048 1940 3262 2009 positi?
3307 1941 3413 1995 nisi

175 2027 344 2095 pltim.
409 2025 513 2080 Sed
557 2024 624 2079 ad
665 2025 776 2079 haec
813 2022 1121 2093 exponenda
1154 2023 1296 2078 beati
1326 2021 1568 2094 Gregorii
1595 2037 1745 2093 papa:
1774 2028 1818 2087 B
1846 2045 1966 2084 eum
1998 2029 2062 2083 de
2107 2041 2212 2096 quo
2247 2027 2506 2095 scriptum
2538 2035 2619 2082 est
2646 2045 2658 2080 :
2685 2026 2908 2080 Dextera
2930 2027 3139 2081 Domini
3162 2029 3279 2097 fecit
3311 2031 3414 2083 vir-

117 2139 121 2144 ο
174 2115 340 2172 verba
373 2130 632 2186 ponamus
660 2133 672 2167 :
704 2113 833 2170 Esse
862 2126 1089 2180 namque
1115 2111 1329 2179 angelos
1356 2119 1411 2165 et
1446 2112 1740 2182 archange-

174 2201 279 2264 los.
303 2218 438 2273 pene
463 2219 649 2258 omnes
674 2202 812 2257 sacri
837 2201 1031 2270 eloquii
1054 2201 1255 2272 paginae
1278 2210 1560 2256 testantur.
1605 2201 1743 2256 Che-

175 2295 366 2352 rubim,
393 2308 602 2362 quoque
641 2302 694 2346 et
719 2291 986 2360 seraphim
1011 2305 1167 2358 sape,
1201 2300 1256 2342 ut
1279 2299 1460 2344 notum
1488 2299 1589 2354 est,
1623 2290 1742 2344 libri

176 2383 561 2454 prophetarum
605 2381 910 2448 loquuntur.
968 2377 1205 2445 Quatuor
1247 2391 1456 2448 quoque
1493 2379 1743 2433 ordinum

176 2471 395 2526 nomina
437 2469 628 2524 Paulus
665 2467 932 2538 apostolus
961 2466 1026 2520 ad
1061 2465 1317 2535 Ephesios
1356 2475 1634 2520 enumerat
1661 2467 1743 2520 di-

177 2574 312 2616 cens
343 2579 355 2613 :
387 2559 558 2630 Supra
601 2575 798 2612 omnem
838 2555 1193 2625 Principatum
1240 2563 1288 2607 et
1339 2552 1653 2608 Potestatem
1696 2564 1742 2608 et

189 2651 443 2707 Virtutem
459 2661 504 2705 et
521 2651 954 2704 Dominationem.
979 2647 1077 2715 Qui
1108 2638 1292 2702 rursus
1314 2647 1379 2700 ad
1403 2645 1747 2701 Colossenses

175 2740 425 2797 scribens
469 2741 589 2793 ait:
623 2734 741 2793 Sive
789 2736 1000 2803 Throni,
1053 2738 1156 2790 sive
1204 2736 1614 2800 Dominationes,
1644 2737 1747 2788 sive

179 2832 535 2902 Principatus,
563 2832 666 2898 sive
689 2829 991 2883 Potestates.
1018 2828 1412 2883 nominationes
1431 2842 1578 2892 vero,
1602 2827 1748 2898 prin-

179 2925 394 2994 cipatus
423 2938 486 2977 ac
513 2929 804 2993 potestates
832 2920 942 2990 jam
989 2919 1053 2974 ad
1100 2920 1356 2989 Ephesios
1397 2921 1623 2990 loquens
1659 2919 1750 2997 de:

179 3013 500 3083 scripserat,
549 3011 643 3065 sed
693 3025 755 3064 ea
799 3025 1009 3079 quoque
1057 3007 1460 3064 Colossensibus
1507 3009 1748 3064 dicturus

178 3106 445 3179 prrmisit
488 3107 743 3169 thronos,
790 3105 854 3158 de
901 3105 1091 3174 quibus
1140 3119 1240 3158 nec
1283 3104 1412 3158 dum
1459 3104 1748 3172 quidquam

180 3195 434 3266 Ephesiis
477 3193 649 3248 fuerat
689 3193 914 3248 locutus.
978 3193 1110 3246 Dum
1156 3208 1280 3263 ergo
1329 3193 1435 3247 illis
1477 3201 1706 3262 quatuor
1731 3230 1746 3256 ,

178 3301 305 3354 qua:
353 3285 421 3338 ad
469 3283 724 3353 Ephesios
769 3283 930 3347 dixit,
979 3282 1031 3335 id
1081 3291 1165 3337 est
1185 3323 1215 3361 ,ι
1251 3283 1636 3352 principatibus
1695 3290 1751 3336 et

1841 2130 2018 2173 tutem.
2085 2118 2152 2172 Et
2191 2118 2318 2172 item
2360 2135 2371 2168 :
2416 2116 2555 2170 Data
2595 2127 2668 2171 est
2709 2118 2836 2171 mihi
2880 2117 3044 2171 omnis
3084 2128 3308 2186 potestas
3358 2121 3411 2172 in
3444 2107 3447 2110 ’

1840 2209 1966 2262 calo
1989 2217 2036 2261 et
2067 2208 2121 2260 in
2154 2219 2310 2261 terra.
2355 2205 2593 2275 itemque
2625 2225 2636 2259 :
2667 2205 2736 2259 Et
2772 2207 2940 2275 factus
2987 2220 3061 2260 est
3081 2209 3412 2278 principatus

1841 2315 1994 2368 super
2033 2299 2302 2350 humerum
2347 2297 2482 2366 ejus,
2514 2298 2572 2350 iet
2615 2298 2877 2350 vocabitur
2918 2315 3100 2352 nomen
3143 2299 3275 2368 ejus,
3312 2300 3410 2351 ad—

1843 2377 2118 2451 mirabilis,
2170 2385 2521 2450 consiliarius,
2553 2386 2690 2439 Deus
2730 2387 3084 2455 fortis,,pater
3111 2389 3276 2457 futuri
3310 2406 3412 2443 sa:-

1843 2476 1971 2540 culi,
1995 2477 2228 2545 princeps
2248 2475 2410 2543 pacis.
2465 2475 2530 2528 Et
2558 2476 2683 2529 item
2717 2493 2728 2527 :
2756 2474 2819 2528 Et
2847 2477 3200 2530 dominabitur
3221 2493 3252 2530 a
3281 2480 3413 2530 mari

1844 2581 2003 2636 usque
2035 2564 2104 2617 ad
2139 2580 2298 2629 mare,
2333 2575 2385 2618 et
2416 2583 2447 2618 a
2488 2566 2703 2634 ﬂumine
2743 2582 2902 2636 usque
2941 2566 3010 2618 ad
3057 2568 3299 2622 terminos
3330 2584 3418 2622 οτ-

1845 2654 1920 2707 bis
1946 2662 2113 2708 teme.
2148 2654 2348 2709 Throni
2382 2670 2510 2724 ergo
2559 2656 2610 2708 in
2640 2654 2813 2708 medio
2835 2656 3010 2711 crucis
3035 2657 3228 2726 positi,
3259 2673 3428 2727 quem-

1844 2737 2006 2795 alium
2039 2742 2089 2795 in
2119 2757 2175 2796 se
2204 2743 2391 2798 sedere
2422 2743 2644 2797 notant?
2669 2744 2771 2798 nisi
2811 2743 2957 2798 illum
2989 2746 3075 2799 cui
3104 2744 3304 2800 dictum
3332 2756 3414 2802 est

1841 2833 2098 2903 Apostolo
2129 2835 2300 2888 teste:
2331 2833 2565 2887 Thronus
2590 2843 2729 2898 tuus,
2760 2833 2912 2900 Deus,
2956 2835 3010 2887 in
3037 2836 3282 2888 secutum
3316 2853 3414 2889 srv-

1846 2923 1951 2976 culi
1983 2964 1998 2989 ,
2046 2923 2190 2992 virga
2230 2934 2372 2977 recta
2412 2932 2486 2977 est
2531 2925 2674 2992 virga
2723 2924 2864 2992 regni
2911 2926 3007 2976 tui.
3076 2923 3141 2978 Et
3190 2924 3415 2979 Psalmi-

1829 3021 1930 3066 'sta
1958 3031 1969 3064 :
1996 3010 2174 3079 Sedes,
2209 3011 2403 3082 inquit,
2438 3029 2592 3081 super
2619 3013 2854 3076 thronos,
2899 3012 2988 3082 qui
3022 3013 3234 3082 judicas
3262 3015 3421 3083 tequi-

1847 3112 2025 3158 tatem.
2074 3103 2144 3157 Et
2178 3117 2337 3174 quem
2383 3103 2659 3157 cherubim
2708 3105 3082 3174 seraphimque
3121 3104 3422 3174 signiﬁcant

1848 3195 1901 3248 in
1933 3209 2062 3250 arce
2086 3195 2265 3252 crucis
2288 3196 2449 3265 positi
2471 3195 2496 3248 ?
2518 3195 2619 3249 nisi
2654 3209 2774 3251 eum
2802 3197 2865 3250 de
2896 3211 3002 3265 quo
3039 3197 3167 3252 dicit
3195 3198 3420 3266 Aposto-

1851 3283 1932 3337 lus
1972 3302 1986 3336 :
2018 3283 2087 3338 In
2113 3300 2214 3355 quo
2248 3293 2367 3337 sunt
2402 3300 2576 3337 omnes
2609 3284 2838 3338 thesauri
2874 3286 3140 3355 sapientia:
3172 3296 3218 3339 et
3255 3287 3422 3339 scien-

177 3373 560 3444 potcstatibus,
608 3372 891 3426 virtutibus
931 3381 1089 3440 atque
1117 3372 1583 3435 dominationibus,
1624 3388 1751 3427 con-
1777 3361 1821 3422 C
1854 3372 1941 3426 tiae
1979 3371 2286 3426 absconditi.
2348 3372 2415 3424 Et
2446 3372 2576 3424 item
2617 3390 2630 3425 :
2674 3372 2815 3426 Deus
2854 3384 3038 3428 noster
3061 3374 3194 3442 ignis
3232 3391 3421 3428 consu-

175 3464 481 3536 junguntur
525 3461 722 3526 throni,
766 3462 998 3530 quinque
1053 3469 1176 3515 sunt
1223 3463 1455 3527 ordines,
1501 3463 1590 3530 qui
1632 3477 1750 3530 spe-

181 3554 403 3610 cialiter
451 3553 822 3623 exprimuntur
853 3569 866 3617 ;
896 3553 1105 3621 quibus
1160 3553 1284 3608 dum
1336 3553 1508 3627 angeli
1558 3562 1612 3608 et
1659 3569 1750 3608 ar-

178 3642 455 3722 changeli,
507 3641 778 3696 cherubim
814 3650 972 3711 atque
1016 3642 1281 3711 scraphim
1326 3641 1570 3710 adiuncta
1605 3650 1752 3708 sunt,

180 3733 379 3806 procul
411 3733 570 3788 dubio
599 3747 789 3787 novem
834 3747 951 3788 esse
992 3733 1296 3803 angelorum
1342 3735 1558 3789 ordines
1603 3735 1753 3788 inve-

181 3824 437 3881 niuntur.
493 3823 644 3879 Unde
684 3831 738 3878 et
778 3823 877 3894 ipsi
918 3823 1125 3894 angelo,
1156 3823 1245 3893 qui
1275 3825 1479 3894 primus
1508 3825 1756 3880 conditus

180 3925 290 3982 est,
342 3931 454 3986 per,
488 3917 803 3990 prophetam
851 3917 1082 3972 dicitur:
1116 3915 1192 3975 Tu
1233 3917 1558 3987 signaculum
1611 3918 1757 3970 simi-

181 4007 469 4069 litudinis,
516 4007 694 4076 plenus
733 4007 997 4075 sapientia.
1033 4017 1080 4059 et
1125 4007 1379 4076 perfectus
1426 4008 1644 4072 decore,
1701 4009 1756 4062 in

185 4096 397 4152 deliciis
435 4095 667 4165 paradisi
711 4095 806 4148 Dei
853 4096 1017 4163 fuisti.
1072 4095 1187 4162 Quo
1234 4097 1562 4162 notandum,
1614 4099 1758 4166 quod

185 4189 404 4261 primus
450 4187 669 4258 angelus
708 4202 812 4242 non
861 4187 927 4242 ad
971 4188 1369 4242 similitudinem
1419 4188 1511 4242 Dei
1562 4189 1755 4254 factus,

185 4282 286 4339 sed
330 4279 669 4352 signaculum
714 4277 1072 4334 similitudinis
1113 4279 1328 4344 dicitur,
1375 4289 1433 4347 ut
1478 4295 1584 4348 quo
1635 4279 1760 4334 sub-

170 4373 338 4429 .tilior
401 4377 482 4428 est
529 4381 738 4435 natura,
789 4386 852 4426 eo
900 4372 953 4424 in
1007 4370 1095 4424 illo
1140 4371 1315 4441 imago
1360 4370 1584 4425 similius
1634 4371 1761 4425 insi-

186 4480 398 4526 nuetur
438 4473 708 4538 espressa.
763 4469 877 4535 Quo
919 4469 972 4523 in
1011 4467 1127 4523 loco
1153 4483 1270 4522 mox
1322 4467 1566 4521 subditur
1598 4483 1610 4518 :
1637 4465 1762 4519 0m-

1851 3477 1992 3515 mens
2025 3458 2120 3514 est.
2163 3460 2448 3515 Cherubim
2493 3462 2688 3530 quippe
2730 3461 3003 3530 plenitudo
3051 3462 3316 3527 scientiae,
3368 3472 3425 3518 et

1853 3550 2122 3621 seraphlm
2164 3546 2414 3606 ardentes
2457 3550 2539 3606 vel
2580 3537 2922 3608 incendentes
2975 3554 3420 3624 interpretantur.

1855 3639 1962 3695 Sed
2003 3641 2116 3695 haec
2161 3655 2264 3694 non
2305 3642 2378 3694 ita
2415 3641 2768 3710 prmdicamus
2818 3642 2882 3696 de
2928 3642 3206 3698 ordinibus
3258 3659 3421 3716 ange-

1855 3731 2028 3786 lorum
2055 3770 2070 3796 ,
2107 3730 2259 3800 quasi
2304 3730 2578 3801 unigenito
2619 3730 2737 3784 illos
2782 3746 3156 3800 coaequemus;
3193 3734 3285 3788 sed
3321 3749 3420 3803 per

1856 3820 2107 3890 subjecta
2148 3830 2406 3876 creatura:
2448 3820 2618 3875 oliicia
2657 3829 2711 3876 et
2739 3823 2951 3876 nomina
2989 3822 3419 3892 dispensationis,

1857 3915 2001 3970 illius
2050 3921 2386 3968 sacramenta
2423 3926 2758 3968 veneramur.
2817 3911 2910 3965 Est
2950 3912 3090 3965 enim
3133 3913 3246 3981 ipse
3285 3913 3428 3970 Deus

1858 4015 1912 4062 et
1946 4006 2205 4060 Dominus
2232 4003 2558 4073 angelorum,
2598 4010 2721 4056 ante
2747 4001 2924 4054 omnia
2955 4001 3202 4056 videlicet
3231 4003 3426 4056 saecula

1859 4114 1927 4152 ex
1956 4097 2065 4151 Deo
2093 4095 2251 4149 Patre
2279 4094 2506 4164 genitus,
2540 4092 2642 4145 hoc
2666 4099 2768 4152 est,
2809 4091 2881 4144 de.
2897 4091 3194 4144 substantia
3225 4090 3424 4157 Patris,

1860 4188 1951 4258 qui
1974 4185 2346 4240 innovissima
2373 4189 2588 4236 aetatum
2619 4179 2798 4235 saeculi
2821 4195 2887 4233 ex
2908 4180 3114 4250 virgine
3137 4189 3306 4237 matre
3331 4196 3427 4236 na-

1820 4295 1822 4297 ’
1861 4290 1969 4344 tus,
1996 4286 2243 4333 naturam
2277 4276 2332 4329 in
2360 4288 2417 4329 se
2450 4272 2686 4343 suscepit
2713 4273 3020 4336 humanam,
3059 4271 3125 4326 ad
3159 4272 3430 4329 debellan-

1864 4372 1990 4425 dum
2014 4368 2217 4424 scilicet
2255 4365 2434 4419 mundi
2455 4364 2750 4441 principem
2771 4364 2995 4426 missus,
3025 4371 3084 4416 ut
3107 4363 3429 4434 exspoliarct

1865 4461 2196 4534 principatus
2221 4467 2275 4534 et
2309 4464 2621 4527 potestates,
2655 4455 2830 4524 palam
2874 4455 3214 4524 triumphans
3242 4469 3334 4509 eos
3375 4456 3429 4510 in

187 4562 270 4616 stis
309 4559 451 4629 tntis
489 4559 740 4628 pretiosus
789 4559 1153 4628 operimentum
1201 4567 1365 4623 tuum,
1413 4556 1643 4618 sardius,
1687 4562 1764 4606 to-
1867 4550 2185 4617 semetipso;
2208 4560 2366 4616 quem
2395 4544 2550 4599 Pater
2568 4542 2833 4619 suscitavit
2856 4543 3143 4608 amortuis,
3166 4551 3212 4596 et
3234 4549 3432 4611 consti-

186 4651 405 4722 pasius,
453 4657 502 4702 et
535 4649 725 4718 jaspis,
765 4646 1296 4717 cbrysolithus,ony.c,
1327 4655 1373 4699 et
1403 4643 1647 4715 beryllus,
1685 4660 1766 4695 sa-
1791 4696 1841 4722 η
1867 4654 2015 4698 tuens
2038 4643 2105 4696 ad
2132 4643 2395 4713 dexteram
2436 4654 2585 4692 suam
2621 4637 2676 4690 in
2711 4635 3013 4700 eclestibus,
3041 4643 3199 4706 supra
3226 4653 3430 4690 omnem

187 4745 381 4815 phirus
413 4783 429 4809 ,
469 4736 820 4797 carbunculus
851 4779 865 4804 ,
907 4751 953 4791 et
995 4737 1318 4806 smaragdos.
1385 4735 1525 4797 Ecce
1572 4724 1842 4790 novem”
1867 4733 2211 4805 principatum
2233 4738 2277 4781 et
2297 4735 2596 4797 potestatem
2617 4734 2663 4778 et
2685 4726 2916 4779 virtutem
2941 4736 2986 4778 et
3009 4724 3430 4792 dominationem,

192 4834 333 4888 dixit
383 4830 604 4886 nomina
650 4829 904 4900 lapidum,
957 4827 1080 4896 quia
1114 4824 1352 4895 profectu
1395 4838 1586 4878 novem
1641 4821 1767 4877 sunt
1868 4835 1914 4879 et
1944 4838 2091 4878 omne
2117 4835 2299 4874 nomen
2326 4817 2463 4900 quod
2486 4817 2781 4869 nominatur
2807 4815 3096 4867 non-solum
3126 4815 3179 4866 in
3204 4815 3298 4866 hoc
3333 4831 3430 4870 και

193 4923 422 4977 ordines
469 4897 795 4991 angelorum.
844 4917 1044 4984 Quibus
1087 4916 1336 4969 nimi-rum
1377 4913 1652 4968 ordinibus
1681 4912 1769 4965 ille
1871 4912 2008 4978 culo,
2037 4911 2126 4964 sed
2152 4911 2306 4963 etiam
2334 4910 2388 4960 in
2418 4897 2614 4977 futuro.
2667 4903 2854 4958 Omnia
2897 4904 3111 4972 subjecit
3152 4905 3245 4991 sub
3288 4905 3432 4974 pedi-

195 5012 414 5081 primus
472 4988 715 5082 angelus,
760 5001 877 5064 ideo
923 5016 1140 5063 ornatus
1190 5015 1240 5079 et
1283 5016 1565 5074 c00pertus
1603 5003 1772 5058 oxstia
1873 5003 1966 5058 bus
1998 5002 2133 5071 ejus,
2162 5010 2206 5076 et
2233 5001 2411 5068 ipsum
2435 4997 2572 5050 dedit
2598 5003 2748 5064 caput
2780 5010 2936 5062 supra
2963 4988 3431 5061 omnia'Eeclesitr,

198 5099 285 5164 tit,
341 5099 479 5168 quia
524 5092 648 5152 dum
700 5098 906 5152 cunctis
940 5095 1236 5168 agminibus
1283 5095 1590 5163 angelorum
1636 5107 1772 5163 prae-
1874 5110 1988 5163 qua:
2017 5101 2090 5146 est
2118 5107 2301 5161 corpus
2333 5089 2514 5159 ipsius.
2564 5084 2762 5139 Novem
2797 5098 2924 5154 ergo
2967 5083 3432 5152 litteraelnajores,

197 5185 346 5244 latus
384 5197 494 5251 est,
539 5202 604 5240 ex
650 5193 833 5241 eorum
878 5185 1271 5254 comparatione
1321 5184 1512 5238 clarior.
1561 5182 1680 5236 fuit.
1877 5197 1995 5252 qua:
2031 5182 2081 5234 in
2114 5181 2216 5234 hac
2243 5178 2432 5247 pagina
2465 5174 2694 5244 Speciem
2736 5173 2911 5229 crucis
2943 5171 3165 5236 iaciunt,
3211 5174 3312 5228 hoc
3352 5189 3435 5226 se.

273 5279 388 5334 Sed
435 5274 553 5332 huic
595 5279 872 5347 dispositio
899 5279 950 5332 in
985 5293 1142 5332 cruce
1176 5291 1365 5331 novem
1401 5275 1643 5328 ordinum
1674 5289 1770 5326 an-

200 5366 454 5442 gelorum
501 5367 641 5433 quod
683 5367 846 5421 nobis.
880 5367 1195 5421 sacramenti
1241 5368 1440 5428 innuat,
1490 5377 1774 5435 prosequa-

204 5475 351 5514 mur.
403 5457 578 5515 Tenet
614 5472 742 5527 ergo
777 5457 888 5510 lirec
921 5473 1121 5526 speetes
1149 5465 1344 5511 sancta:
1381 5454 1556 5509 crucis
1598 5453 1649 5506 in
1689 5452 1772 5504 in-

205 5547 398 5605 fcriori
441 5561 540 5602 sua
579 5554 770 5617 parte,
815 5545 946 5600 duos
991 5547 1241 5612 ordines,
1296 5546 1348 5624 id
1389 5552 1511 5609 est,
1559 5541 1786 5611 angelos

1878 5283 2030 5337 nant,
2076 5271 2261 5326 CRVX
2303 5267 2554 5332 SALVS;
2597 5268 2898 5336 habentque
2941 5267 3158 5336 singula:
3203 5268 3436 5336 singulos

1879 5365 2094 5418 ordines
2122 5360 2430 5430 angelorum
2459 5358 2636 5426 :quod
2671 5355 2826 5412 facile
2861 5356 3078 5410 cuilibet
3108 5355 3309 5425 patebit
3344 5370 3436 5421 qm

1848 5490 1851 5493 -
1880 5454 2085 5510 litteras
2120 5453 2300 5515 novit,
2334 5459 2388 5506 et
2414 5451 2630 5506 nomina
2660 5464 2853 5503 novem
2868 5447 3122 5502 ordinum
3145 5461 3254 5500 non
3295 5445 3438 5516 igno'

1881 5551 1986 5597 rat.
