3940 6318
1203 299 1288 351 DF.
1327 294 1668 353 LAUDIBUS
1710 294 1764 349 S.
1808 293 2073 352 CRUCIS.
2114 326 2181 338 —
2219 298 2344 353 ΠΒ.
2385 302 2426 365 l,

3341 305 3437 361 166

1358 426 1869 488 DECLARATIO
1912 406 2292 490 Frena/EQ

1651 550 1963 567 —-—_——

278 615 336 671 lu
362 614 466 669 bac
496 616 675 684 itaque
701 615 889 685 pagina
920 633 1050 670 crux
1073 615 1304 679 Domini,
1330 614 1485 669 simul
1501 630 1618 669 eum
1644 615 1776 685 ﬁgu—
1804 619 1853 678 Α
1879 630 2037 685 quem
2066 631 2123 670 se
2151 616 2406 673 Dominus
2436 618 2487 673 in
2519 628 2717 674 terram
2740 620 2951 675 mittere
2987 629 3039 674 et
3063 628 3121 674 ut
3148 621 3357 679 arderet
3381 639 3438 680 se

212 711 287 768 ris
324 710 595 777 seraphim
640 718 691 763 et
731 709 1002 762 cherubim
1041 710 1184 763 circa
1231 724 1288 762 se
1336 708 1543 778 positis,
1574 707 1780 776 depicta

212 802 620 869 conscriptaque
664 800 917 853 cernitur.
950 800 1078 866 Qute
1110 800 1227 853 ideo
1271 800 1324 852 in
1369 800 1470 853 hoc
1516 815 1649 867 opus
1693 800 1779 854 hic

213 893 640 955 introducantur,
672 901 730 944 ut
755 892 1087 954 ostendatur,
1133 899 1331 959 quanta
1374 889 1675 956 provisione
1716 905 1779 944 ac

211 984 628 1053 dispensatione,
653 983 829 1035 divina
852 982 1133 1036 clementia
1163 982 1400 1035 humano
1427 981 1607 1050 generi
1639 996 1778 1035 sem-

210 1089 305 1143 per
329 1073 553 1127 salulmn
576 1089 723 1128 suam
749 1074 1136 1142 procuraverit,
1161 1085 1281 1126 eum
1304 1079 1357 1126 et
1382 1072 1433 1125 in
1462 1072 1591 1140 ipsis
1618 1072 1776 1140 spiri-

214 1164 351 1217 tibus
376 1162 644 1231 Angelicis
688 1178 783 1230 per
823 1162 1191 1230 propheticam
1222 1160 1621 1225 revelationem,
1661 1176 1777 1230 spe-

182 1284 183 1287 η
212 1253 344 1305 ciem
391 1250 773 1318 redemptionis
801 1256 995 1303 nustrtn
1024 1258 1146 1303 ante
1171 1250 1338 1304 videri
1365 1250 1550 1315 voluit,
1596 1262 1647 1305 et
1682 1266 1776 1320 per

211 1353 370 1407 opera
398 1339 713 1407 prophetica
734 1339 786 1390 iu
812 1341 1138 1393 tabernaculi
1166 1341 1452 1408 templique
1475 1341 1631 1394 aditis
1657 1356 1777 1395 con-

212 1435 437 1489 structa,
480 1427 528 1478 id
553 1435 652 1487 est,
682 1427 735 1477 in
765 1426 894 1494 ipsis
933 1427 1207 1481 cherubim
1244 1428 1397 1496 juxta
1429 1444 1609 1482 arcam
1636 1428 1773 1481 ultra

210 1518 386 1570 velum
413 1515 621 1583 positis,
656 1522 910 1568 aeternam
956 1517 1382 1585 prepitiationem
1434 1518 1629 1571 mundo
1660 1517 1777 1571 inti-

213 1621 361 1660 mare
385 1604 641 1659 decrevit.
672 1603 923 1669 Proinde,
948 1606 1072 1660 licet
1115 1607 1281 1659 multa
1309 1606 1457 1659 multi
1501 1608 1564 1659 de
1588 1606 1773 1660 habitu

212 1705 265 1749 et
288 1696 393 1749 situ
421 1696 611 1747 horum
636 1693 945 1747 animalium
971 1696 1304 1761 interpretati
1335 1695 1464 1757 sint,
1491 1703 1545 1748 et
1569 1695 1668 1747 alia
1698 1702 1778 1749 at-

213 1798 316 1843 que
341 1781 444 1833 alia
475 1781 681 1833 diverso
710 1780 845 1848 stylo
875 1797 978 1834 non
1005 1781 1211 1833 diversa
1239 1781 1341 1835 lide
1380 1783 1734 1851 scriptitarint
1760 1800 1773 1847 ;

212 1873 551 1928 mihitamen
584 1887 687 1925 non
730 1872 1019 1939 incongrue
1051 1870 1259 1925 videtur
1302 1871 1467 1941 (salva
1514 1872 1775 1940 majorum

1879 706 2012 759 velle
2054 713 2277 760 testatus
2319 716 2419 763 est.
2452 709 2519 763 Et
2548 711 2738 763 merito
2783 710 2919 772 trina
2948 724 3079 764 voce
3118 712 3183 763 ad
3228 711 3436 766 laudem

1878 808 2077 851 sanctae
2111 796 2389 853 Trinitatis
2415 814 2602 854 omnes
2629 800 2829 854 electos
2869 800 3308 865 cohortabantur,
3336 800 3441 857 hoc

1877 895 1980 949 est,
2023 902 2116 941 cos
2147 889 2394 957 quiante
2430 891 2714 945 adventum
2766 889 3060 945 Salvatoris
3105 890 3343 956 fuerunt,
3391 900 3445 946 et

1875 976 1965 1044 qui
2004 975 2055 1028 in
2084 978 2366 1044 praesentia
2402 979 2784 1035 incarnationis
2804 980 2918 1049 ejus
2947 981 3217 1045 vixerunt,
3248 982 3444 1051 quique

1876 1058 2051 1119 adhuc
2085 1082 2254 1135 usque
2285 1067 2338 1121 in
2365 1068 2524 1122 linem
2567 1069 2747 1123 mundi
2776 1078 2894 1137 post
2926 1071 3292 1123 ascensionem
3328 1070 3444 1141 ejus

1877 1160 1927 1212 in
1956 1159 2121 1213 caelos
2151 1158 2217 1211 ad
2245 1159 2403 1213 tidem
2431 1159 2776 1213 convertendi
2799 1170 2943 1223 sunt;
2971 1161 3095 1229 quia
3122 1176 3308 1215 omnes
3338 1175 3444 1216 una

1874 1248 2056 1316 passio
2104 1247 2303 1303 Christi
2355 1248 2514 1302 simul
2564 1250 2811 1312 redemit,
2860 1252 2923 1303 de
2959 1247 3156 1304 Judzeis
3200 1252 3445 1307 videlicet
3510 1258 3513 1261 ’

1875 1344 2033 1405 atque
2060 1338 2324 1407 gentibus.
2356 1338 2430 1391 De
2460 1346 2653 1392 caetero
2689 1338 2963 1391 cherubim
2997 1338 3085 1391 illa
3130 1354 3248 1407 qua:
3276 1339 3329 1393 in
3362 1350 3445 1393 ta-

1876 1425 2165 1479 bernaculo
2205 1426 2317 1479 sive
2366 1425 2563 1493 templo
2610 1423 2869 1479 fabricata
2915 1434 3089 1490 erant,
3132 1427 3257 1496 quid
3302 1427 3447 1482 aliud

1876 1518 2187 1571 extensione
2214 1516 2417 1570 alarum
2448 1532 2665 1570 suarum
2695 1533 2857 1585 quam
2885 1518 3061 1573 crucis
3083 1518 3282 1573 Christi
3313 1518 3441 1572 ima-

1877 1604 2053 1672 ginem
2086 1604 2473 1673 praeferebant?
2501 1605 2575 1657 De
2606 1606 2799 1673 quibus
2825 1606 2960 1659 bene
2989 1606 3041 1659 in
3072 1606 3207 1659 libro
3238 1605 3443 1675 Regum

1880 1702 2083 1757 narrat,
2115 1694 2254 1761 quod
2290 1693 2428 1747 facta
2469 1703 2650 1747 essent
2694 1692 2879 1746 decem
2915 1694 3219 1747 cubitorum
3263 1693 3447 1747 altitu-

1880 1783 1992 1845 uis.
2023 1791 2075 1837 et
2105 1783 2288 1836 decem
2316 1782 2522 1837 cubitus
2550 1782 2811 1836 haberent
2834 1797 2863 1835 a
2890 1784 3197 1836 summitate
3240 1784 3335 1838 alte
3362 1799 3450 1837 us-

1880 1888 1985 1941 que
2014 1874 2080 1927 ad
2128 1872 2225 1927 alae
2274 1872 2496 1931 alterius
2541 1874 2925 1927 summitatem.
2962 1874 3042 1928 Ad
3090 1875 3240 1944 cujus
3283 1871 3447 1936 etiam

211 1960 520 2025 traditione)
554 1960 664 2029 ipsa
696 1960 945 2016 animalia
974 1962 1158 2015 habitu
1210 1976 1325 2022 suo,
1370 1971 1568 2015 sancta:
1607 1963 1781 2015 crucis
1812 1959 1855 2018 B
1886 1965 2053 2015 instar
2069 1961 2544 2031 humanicorporis
2571 1962 2743 2017 forma
2765 1965 3064 2033 comparari
3084 1964 3448 2034 potest,cujus

209 2048 500 2116 exemplari
532 2048 774 2118 ﬁguram,
807 2064 928 2102 eum
953 2060 1005 2102 et
1038 2049 1311 2101 intervalla
1342 2050 1506 2118 ipsius
1534 2049 1775 2103 localiter

209 2153 446 2203 servent,
482 2149 535 2194 et
564 2156 773 2194 sursum
810 2148 966 2208 atque
991 2140 1261 2203 deorsum,
1308 2140 1360 2193 in
1389 2142 1663 2194 dexteram
1694 2150 1777 2193 at-

207 2244 312 2297 que
352 2231 624 2283 sinistram
655 2230 757 2282 situ
780 2245 876 2282 suo
902 2228 1146 2282 similiter
1172 2229 1510 2296 protendant.
1541 2228 1778 2296 Denique

206 2321 479 2388 seraphim
510 2320 767 2387 prepheta
808 2318 970 2371 Isaias
1014 2318 1152 2371 inter
1198 2317 1301 2369 alia
1349 2318 1417 2370 ita
1470 2327 1651 2369 narrat
1695 2317 1777 2369 di-

207 2424 379 2463 cens:
424 2408 543 2460 Vidi
590 2408 869 2460 Dominum
916 2407 1173 2459 sedentem
1220 2423 1375 2475 super
1398 2406 1585 2458 solium
1616 2405 1781 2459 excel-

206 2515 320 2551 sum
365 2508 412 2549 et
466 2497 739 2557 eleuatum,
786 2506 831 2549 et
876 2511 933 2547 ea
960 2512 1074 2565 qua’
1120 2496 1213 2548 sub
1244 2512 1301 2548 eo
1329 2504 1474 2547 erant
1524 2494 1779 2563 replebant

206 2587 474 2656 templum.
511 2586 783 2655 Seraphin:
828 2586 1033 2639 stabant
1073 2602 1227 2653 super
1252 2585 1403 2649 illud,
1451 2602 1540 2638 sex
1566 2586 1665 2637 alw
1691 2586 1780 2636 uni

204 2686 251 2728 et
276 2692 369 2729 sex
394 2676 495 2728 alre
539 2674 709 2740 alteri,
742 2676 943 2728 duabus
989 2674 1223 2727 uelabant
1254 2676 1460 2743 faciem.
1492 2685 1537 2727 et
1578 2674 1779 2727 duabus

205 2765 446 2819 uelabant
484 2765 653 2833 pedes,
695 2774 742 2817 et
784 2764 983 2815 duabus
1006 2762 1266 2826 volabant,
1293 2774 1338 2815 et
1367 2763 1622 2816 clamabat
1651 2763 1781 2815 alter

204 2854 273 2907 ad
298 2852 545 2915 alterum,
573 2862 618 2905 et
641 2851 838 2904 dicebat
868 2870 879 2903 :
911 2850 1157 2915 Sanctus,
1191 2860 1421 2915 sanctus,
1448 2860 1655 2904 sanctus
1685 2851 1781 2903 Do-

207 2944 382 2995 minus
424 2942 559 2995 Deus
588 2942 925 3007 exercituum,
952 2942 1103 3010 plena
1147 2950 1219 2995 est
1246 2943 1411 2995 omnis
1439 2952 1577 2995 terra
1613 2942 1780 3012 gloria

204 3032 336 3099 ejus.
390 3030 527 3097 Quid
563 3044 689 3099 ergo
716 3031 848 3084 situs
874 3032 971 3085 iste
1000 3046 1247 3085 senarum
1277 3031 1479 3084 alarum
1509 3032 1779 3101 seraphim

203 3121 535 3188 praeligurat,
559 3119 660 3172 nisi
687 3120 861 3173 crucis
887 3119 1085 3173 Christi
1108 3121 1430 3189 imaginem?
1459 3121 1565 3176 Illae
1581 3122 1778 3190 quippe

204 3207 300 3261 alte
326 3224 448 3275 qua:
471 3200 799 3275 superiorem
830 3218 1035 3276 partem
1065 3210 1306 3279 corporis
1332 3211 1433 3273 sui,
1463 3211 1515 3264 id
1554 3220 1656 3275 est,
1693 3211 1776 3264 fa-

203 3298 341 3351 ciem
361 3296 627 3360 velabant,
654 3299 791 3366 quod
816 3313 1027 3351 sursum
1045 3300 1109 3353 ad
1134 3308 1290 3368 caput
1318 3307 1511 3354 erectae
1542 3302 1668 3364 sint,
1694 3317 1779 3355 ne-
1806 3292 1848 3352 C

203 3403 355 3443 cesse
390 3396 475 3441 est
506 3395 559 3440 et
600 3388 669 3441 ob
712 3389 809 3442 hoc
850 3391 1178 3458 superiorem
1226 3399 1432 3458 partem
1484 3392 1658 3445 crucis
1688 3394 1775 3459 de-

204 3490 511 3534 monstrent
539 3480 877 3534 manifestum
910 3487 1012 3534 est.
1062 3480 1167 3535 illa:
1193 3489 1368 3534 autem
1392 3497 1510 3549 quae
1537 3476 1776 3535 inﬁmam

203 3584 441 3641 partem,
476 3574 526 3626 id
569 3580 668 3636 est,
698 3572 859 3640 pedes
888 3573 1154 3637 velahant,
1187 3574 1453 3641 quomodo
1496 3574 1597 3627 nisi
1628 3573 1781 3627 deor-

204 3682 322 3719 sum
354 3666 612 3719 dimissas
643 3680 762 3719 esse
791 3665 1115 3718 credendum
1159 3674 1261 3728 est,
1308 3672 1362 3719 et
1402 3664 1470 3731 ob
1500 3666 1601 3718 hoe
1648 3663 1781 3717 infe-

204 3753 405 3807 riorem
439 3760 643 3820 partem
679 3753 854 3807 crucis
898 3752 1220 3822 signiﬁcare.
1279 3752 1381 3806 Illae
1438 3761 1617 3806 autem
1664 3753 1780 3806 dua:

202 3857 322 3911 qua:
364 3842 437 3894 ad
469 3842 750 3894 volandum
796 3851 1029 3895 extensae
1071 3850 1214 3905 sunt,
1264 3842 1393 3911 quid
1444 3841 1585 3895 aliud
1620 3857 1779 3910 quam

204 3940 578 3986 transversum
605 3934 784 3987 crucis
828 3934 1048 4004 lignum,
1082 3935 1134 3987 in
1174 3950 1278 4002 quo
1320 3935 1537 3988 brachia
1575 3946 1629 3989 et
1662 3952 1777 3989 ma—

202 4038 302 4076 nus
336 4032 579 4075 extensa:
606 4031 748 4089 sunt,
800 4023 1011 4077 Domini
1060 4025 1398 4094 significant?
1448 4026 1512 4078 Et
1560 4028 1781 4095 proinde

202 4110 255 4163 in
287 4110 560 4178 positione
594 4126 687 4165 sex
731 4112 935 4166 alarum
978 4115 1267 4182 seraphim,
1306 4115 1586 4169 manifeste
1617 4118 1778 4171 totius

202 4198 384 4253 crucis
414 4197 614 4251 Christi
643 4200 973 4268 signaculum
999 4217 1308 4271 expressum
1344 4219 1463 4258 esse
1504 4221 1660 4259 nemo
1696 4194 1797 4259 sa;

200 4286 355 4354 piens
382 4287 614 4342 dubitat.
652 4288 795 4343 Bene
835 4306 1044 4359 quoque
1085 4292 1200 4360 ipsa
1231 4293 1540 4347 incedentes
1576 4296 1659 4349 vel
1701 4311 1782 4348 ar-

202 4376 394 4430 dentes
438 4377 883 4446 interpretantur,
928 4384 1049 4450 quia
1100 4384 1240 4437 illam
1290 4382 1517 4438 formam
1562 4387 1781 4440 demou-

201 4475 399 4531 strant,
435 4467 487 4520 in
514 4484 620 4536 qua
663 4480 925 4539 superatae
962 4484 1082 4528 sunt
1121 4490 1306 4529 omnes
1338 4477 1656 4532 adversaria:
1682 4495 1777 4547 po—

204 4564 451 4622 testates,
486 4566 543 4611 et
572 4560 737 4614 totius
776 4564 955 4617 mundi
1004 4576 1219 4635 peccata
1266 4579 1580 4639 consumpta
1621 4581 1779 4640 atque

203 4643 377 4699 deleta
395 4656 547 4713 sunt,
562 4647 675 4702 imo
699 4649 873 4719 ignem
890 4652 1034 4706 illum
1058 4656 1241 4711 electis
1263 4658 1355 4711 Dei
1379 4662 1772 4724 commendant,

1880 2066 2014 2119 pene
2050 2061 2193 2104 tanta
2237 2050 2461 2105 latitudo
2487 2062 2568 2105 est
2596 2053 2648 2104 in
2687 2042 3013 2107 extensione
3038 2053 3379 2107 brachiorum
3418 2069 3445 2107 a

1879 2141 2184 2193 summitate
2207 2139 2493 2209 digitorum
2516 2140 2671 2194 unius
2692 2156 2880 2195 manus
2903 2157 3073 2211 usque
3106 2144 3171 2196 ad
3214 2144 3436 2197 summi-

1882 2238 2043 2284 tatem
2067 2231 2353 2300 digitorum
2392 2232 2612 2285 alterius
2636 2248 2847 2296 manus,
2879 2242 3074 2302 quanta
3110 2244 3193 2287 est
3221 2233 3445 2287 altitudo

1881 2319 1994 2372 sive
2017 2320 2293 2389 longitudo
2316 2335 2343 2372 a
2378 2321 2555 2389 planta
2576 2322 2725 2389 pedis
2755 2337 2923 2391 usque
2953 2323 3017 2375 ad
3035 2325 3285 2377 verticem
3309 2325 3449 2391 capi-

1882 2407 1968 2459 tis.
2001 2406 2121 2461 iltec
2144 2407 2433 2477 crgojuxta
2460 2414 2640 2463 arcam
2663 2419 2716 2463 et
2753 2411 3179 2480 propitiatorium
3204 2414 3436 2475 stabant,

1882 2497 2003 2564 quia
2034 2513 2211 2551 veram
2247 2502 2674 2569 propitiationem
2719 2502 2769 2554 in
2802 2504 3171 2557 incarnatione
3203 2502 3443 2558 Salvato-

1882 2587 1956 2640 ris
1986 2587 2217 2643 humano
2246 2592 2427 2658 generi
2473 2592 2934 2645 demonstrabant.
2985 2592 3107 2647 Haec
3137 2601 3190 2646 et
3238 2594 3289 2647 in
3335 2610 3443 2647 meo

1882 2676 2004 2727 dum
2057 2678 2231 2729 erucis
2285 2677 2397 2731 alas
2442 2689 2694 2733 extensus
2734 2695 2945 2749 semper
2986 2680 3274 2746 habebant,
3325 2684 3451 2749 quia

1879 2774 2188 2833 perpetuam
2220 2778 2455 2820 nostram
2488 2768 2902 2837 redemptionem
2934 2770 2985 2821 in
3016 2770 3260 2837 passione
3293 2768 3448 2822 Chri-

1882 2855 1950 2907 sti
1989 2855 2360 2908 salvandorum
2406 2856 2505 2909 rite
2551 2857 2887 2911 intimahanl.
2932 2858 2989 2911 In
3020 2872 3178 2912 cruce
3230 2873 3443 2927 quoque

1883 2945 1967 2997 hic
1990 2960 2175 3000 versus
2195 2955 2277 3001 est
2314 2948 2366 3000 in
2397 2946 2724 3016 longitudine
2750 2962 2778 3001 a
2819 2962 3029 3002 summo
3070 2948 3319 3003 deorsum
3348 2962 3443 3002 va-

1884 3034 2059 3089 dens:

2012 3146 2080 3195 En
2107 3160 2191 3195 arx
2218 3147 2340 3197 alma
2364 3148 2529 3198 Crucis
2556 3162 2567 3196 :
2596 3162 2658 3201 en
2683 3149 2855 3200 fabrica
2876 3159 3039 3201 sancta
3061 3151 3246 3203 salutls.

1880 3247 1984 3302 Iste
2009 3250 2223 3317 quidem
2259 3250 2309 3303 in
2336 3251 2616 3305 latitudine
2642 3269 2655 3305 :
3038 3320 3041 3325 Α

2002 3354 2073 3409 En
2101 3358 2301 3406 thronus
2326 3360 2403 3406 hic
2426 3362 2575 3421 regis,
2603 3360 2705 3409 haec
2729 3361 2999 3411 conciliatio
3019 3361 3197 3410 mundi.

1876 3456 1932 3510 In
1956 3458 2223 3526 seraphim
2261 3474 2469 3529 quoque
2491 3469 2542 3514 et
2564 3462 2841 3515 cherubim
2866 3478 3051 3517 versus
3072 3463 3292 3532 elegiaci
3309 3480 3445 3520 con-

1879 3547 2064 3614 scripti
2096 3555 2235 3601 sunt.
2280 3547 2411 3601 Nam
2444 3552 2496 3603 in
2536 3551 2801 3619 seraphim
2834 3550 2923 3605 illo
2952 3553 3095 3620 quod
3128 3569 3284 3621 supra
3315 3556 3443 3609 dex~

1881 3640 2019 3686 trum
2052 3650 2216 3688 cornu
2246 3638 2421 3689 crucis
2446 3645 2571 3699 stat,
2601 3637 2653 3689 hi
2684 3647 2808 3691 sunt
2834 3653 3018 3693 versus
3044 3658 3056 3692 :

2008 3770 2151 3840 Signa
2177 3771 2334 3817 crucis
2358 3769 2529 3818 Christi
2557 3770 2892 3840 _ast_seraphin
2916 3773 3129 3822 caelestia
3154 3781 3444 3840 monstrant,

2057 3830 2329 3878 Peunarum
2356 3840 2502 3892 atque
2529 3834 2623 3880 situ
2649 3834 2735 3880 hac
2757 3842 2925 3881 cuncta
2947 3844 3131 3883 sacrata
3157 3841 3374 3896 probant.

1881 3932 1938 3984 In
1967 3946 2031 3985 eo
2066 3948 2192 3985 vero
2221 3933 2362 4000 quod
2385 3948 2541 4000 supra
2566 3948 2731 3986 cornu
2760 3934 3055 4000 sinistrum,
3086 3935 3138 3988 hi
3170 3954 3183 3988 :

1942 4040 2060 4107 Nam
2085 4041 2185 4107 haec
2209 4043 2330 4088 socia
2350 4042 2567 4107 exultant
2587 4024 2879 4107 celebrando
2898 4046 2983 4093 hac
3005 4046 3137 4093 laude
3158 4060 3417 4107 supernum
3434 4085 3447 4105 .

2005 4100 2405 4162 Conclamautque
2433 4103 2587 4151 tritius
2608 4112 2798 4165 sceptra
2828 4105 3033 4154 Sabaoth
3060 4100 3260 4157 vicibus.

1880 4202 1937 4256 In
1974 4204 2247 4258 cherubim
2276 4221 2504 4273 namque
2534 4207 2833 4263 dexteriore
2860 4224 3047 4264 versus
3086 4212 3172 4266 isti
3206 4223 3327 4268 sunt
3355 4233 3369 4269 :

1943 4310 2279 4387 [lineisignant
2304 4313 2545 4387 Cherubin
2573 4317 2672 4387 tunc
2697 4318 2888 4365 labbara
2915 4330 3076 4371 sancta
3100 4324 3389 4387 triumphum
3407 4366 3420 4379 .
3477 4304 3491 4315 ο

2002 4372 2335 4434 Disteusisiue
2360 4378 2447 4423 alis
2478 4379 2671 4425 brachia
2697 4389 2834 4429 tensa
2860 4390 3037 4430 uolant.

1880 4471 1934 4525 lu
1964 4473 2293 4528 sinisteriore
2320 4476 2514 4545 quippe
2548 4478 2636 4531 isti
2663 4496 2675 4531 :

1946 4584 2061 4651 Qua:
2088 4584 2241 4633 latere
2269 4594 2495 4651 assmtunt
2518 4602 2639 4636 arcte
2665 4598 2713 4637 et
2739 4602 2866 4637 sacra
2896 4591 3119 4649 opercula
3144 4594 3375 4651 condunt,

2010 4644 2248 4707 Factaque
2270 4650 2474 4709 prOpiia
2497 4652 2651 4697 olbcio
2678 4654 2775 4711 ipsa
2796 4644 3011 4712 probant.
