3940 6320
191 349 296 410 ιω

1161 355 1254 408 DF.
1292 352 1629 407 LAUDIBUS
1670 351 1726 404 S.
1769 350 2032 405 CRUCIS.
2076 377 2139 386 -~-
2170 346 2295 400 LIB.
2334 350 2375 401 ι.

3299 354 3403 402 Πυ

1323 491 1826 554 DECLARATIO
1873 489 2206 548 FIGURAE.

1655 619 2051 633 _-——-

283 681 340 736 in
393 680 495 733 hac
544 679 704 747 igitur
745 680 935 746 pagina
990 694 1118 730 crux
1169 687 1349 732 sancta
1390 693 1488 746 per
1518 677 1750 730 medium
1777 677 1828 733 Α
1855 673 2080 726 aliorum
2106 671 2270 723 vitam
2298 668 2472 722 verbis
2501 677 2656 736 atque
2693 665 2948 735 exemplis
2976 665 3027 718 in
3058 664 3245 719 melius
3272 682 3396 721 con-

183 771 376 834 tendit,
426 777 658 838 quatuor
709 767 1102 837 quadrangulas
1141 767 1336 821 formas
1381 769 1525 822 circa
1581 767 1745 819 latera

186 861 304 931 ejus
359 858 564 927 positas
589 856 792 933 habens
825 873 835 907 :
881 855 946 908 ad
987 854 1373 909 ostendendum
1415 855 1601 923 utique
1638 867 1746 933 ca:-

178 930 344 1004 iestis
400 943 613 999 aediﬁcii
663 930 1007 1008 sti-ucturum,
1055 941 1308 997 Ecclesia:
1356 941 1601 996 videlicet
1654 930 1747 994 Dei

183 1038 319 1100 vivi,
346 1049 464 1103 quas
493 1043 547 1088 et
572 1033 762 1088 domus
788 1033 904 1101 ejus
933 1041 1038 1095 est,
1065 1031 1310 1085 columna
1358 1039 1413 1085 et
1440 1029 1744 1084 ﬁrmamen-

183 1135 302 1180 tum
333 1123 593 1177 veritatis.
643 1123 722 1177 Ad
742 1122 879 1176 hanc
898 1136 1024 1190 ergo
1054 1121 1266 1174 domum
1301 1119 1568 1188 pertinent
1595 1119 1746 1173 electi
1792 1196 1797 1201 '

180 1215 381 1284 angeli,
428 1229 652 1283 quorum
687 1213 842 1266 nobis
873 1210 1160 1266 similitudo
1202 1211 1254 1263 in
1281 1210 1457 1264 futura
1483 1210 1589 1263 vita
1610 1224 1745 1278 pra:-

184 1301 440 1365 mittitur,
481 1300 692 1353 dicente
720 1300 944 1353 Domino
975 1316 987 1350 :
1015 1297 1095 1350 illi
1121 1305 1296 1351 autem
1335 1298 1425 1366 qui
1465 1297 1609 1367 digni
1650 1297 1750 1353 ha-

181 1391 382 1444 bentur
401 1387 595 1442 saeculo
623 1387 714 1442 illo
735 1397 790 1442 et
810 1387 1203 1441 resurrectione
1221 1401 1285 1440 ex
1313 1387 1559 1452 mortuis,
1580 1403 1751 1457 neque

181 1479 415 1543 nubunt,
465 1493 640 1547 neque
693 1477 892 1531 ducunt
940 1491 1154 1542 uxores,
1205 1491 1376 1547 neque
1423 1477 1563 1531 enim
1613 1477 1751 1530 ultra

180 1567 322 1621 mori
380 1576 631 1635 potenmt
664 1584 675 1618 :
713 1553 944 1636 aequales
971 1566 1112 1618 enim
1148 1565 1348 1635 angelis
1375 1575 1517 1630 sunt,
1573 1575 1626 1620 et
1655 1565 1748 1619 ﬁlii

177 1665 312 1712 sunt
339 1657 454 1720 Dei,
489 1672 611 1711 cum
635 1657 742 1711 sint
781 1655 875 1709 ﬁlii
903 1654 1331 1710 resurrectionis.
1358 1655 1438 1709 Ad
1465 1656 1604 1710 hanc
1627 1670 1749 1724 per-

181 1745 318 1801 tinet
344 1748 456 1814 ipse
486 1745 749 1801 mediator
775 1745 868 1799 Dei
893 1755 947 1800 et
979 1746 1274 1809 hominum,
1320 1745 1478 1798 homo
1507 1742 1749 1799 Christus

178 1833 360 1900 Iesus,
388 1837 502 1906 ipso
530 1843 836 1900 attestante,
855 1850 976 1889 cum
1007 1835 1084 1887 ait
1109 1853 1122 1887 :
1150 1833 1342 1888 Solvite
1364 1833 1607 1903 templum
1630 1836 1748 1899 hoc,

179 1937 230 1979 et
280 1926 334 1978 in
377 1925 540 1978 tribus
573 1924 753 1978 diebus
804 1923 1039 1977 excitabo
1079 1922 1232 1976 illud.
1284 1922 1435 1989 Quod
1478 1939 1749 1992 exponens

1851 772 2058 816 vertere
2101 760 2437 828 satagebant,
2477 767 2744 826 quatenus
2788 755 2946 826 digna
2996 757 3403 811 conversatione

1849 853 2017 906 Deum
2042 850 2241 904 habere
2261 839 2597 902 mererentur
2614 846 2988 908 habitatorem,
3007 843 3285 913 ipsumque
3305 845 3410 900 sibi

1848 954 1968 995 esse
2001 938 2263 993 sentirent
2306 937 2472 990 Deum
2502 934 2810 1004 pr0pitium,
2851 933 2951 988 sub
2975 932 3127 1000 cujus
3167 933 3410 988 domina-

1850 1035 1994 1089 tione
2029 1031 2190 1100 positi
2225 1037 2588 1099 cognoveruut
2611 1027 3050 1097 omnipotentem.
3103 1026 3246 1081 Bene
3283 1034 3409 1097 ergo

1851 1125 1904 1176 in
1945 1125 2079 1178 libro
2127 1123 2331 1192 Regum
2376 1130 2632 1188 scriptum
2666 1128 2751 1174 est
2794 1118 2860 1173 de
2893 1119 2980 1173 illa
3017 1120 3178 1190 typici
3229 1121 3412 1189 templi

1848 1213 2219 1277 aediﬁcatione,
2247 1211 2388 1280 quod
2407 1210 2721 1280 praceperit
2738 1224 2834 1262 rex
2859 1217 2918 1262 ut
2940 1209 3185 1264 tollerent
3212 1209 3414 1279 lapides

1848 1304 2097 1374 grandes,
2148 1301 2352 1370 lapides
2380 1299 2647 1370 pretiosos
2691 1299 2746 1351 in
2782 1296 3185 1352 fundamentum
3211 1299 3410 1367 templi,

1850 1403 1904 1448 et
1928 1394 2253 1463 quadrarent
2275 1406 2387 1446 eos.
2424 1387 2654 1460 Lapides
2680 1402 2808 1459 ergo
2825 1388 3046 1457 pretiosi
3073 1397 3196 1445 sunt
3239 1391 3411 1442 sancti

1848 1483 1971 1546 viri,
2027 1483 2118 1551 qui
2149 1480 2356 1535 meritis
2396 1487 2520 1533 sunt
2555 1477 2823 1547 praeclari,
2871 1479 2960 1547 qui
3001 1479 3136 1533 bene
3163 1478 3415 1546 quadrari

1845 1572 2121 1641 jubentur,
2183 1587 2246 1624 ac
2288 1570 2451 1624 sicin
2487 1568 2834 1622 fundamento
2884 1567 3030 1636 poni.
3082 1567 3414 1649 Qpadratum

1850 1675 2078 1728 namque
2105 1674 2264 1713 omne
2300 1671 2619 1727 quocunque
2653 1656 2880 1709 vertitur
2903 1658 3068 1710 ﬁxum
3116 1667 3259 1711 stare
3285 1673 3413 1712 con-

1850 1750 2042 1804 suevit.
2091 1748 2189 1803 Cui
2215 1750 2468 1802 nimirum
2499 1749 2682 1817 ﬁgurae
2713 1748 3081 1802 assimilantur
3105 1748 3268 1802 corda
3309 1749 3416 1803 ele-

1849 1847 2078 1899 ctorum,
2119 1851 2238 1905 qua:
2271 1837 2345 1890 ita
2374 1837 2427 1890 in
2464 1835 2587 1890 ﬁdei
2623 1835 2878 1890 ﬁrmitate
2903 1836 3196 1890 consistere
3220 1837 3417 1892 didice-

1853 1933 1999 2001 runt,
2043 1936 2100 1977 ut
2156 1923 2298 1977 nulla
2345 1924 2742 1978 occurrentium
2790 1923 3151 1990 adversitate,_
3183 1939 3282 1978 nec
3305 1924 3420 1992 ipsa

178 2013 516 2084 evangelista
543 2013 817 2083 subjunxit
845 2031 859 2066 :
888 2010 1002 2065 Hoc
1038 2021 1209 2065 autem
1244 2011 1443 2066 dicebat
1472 2013 1536 2066 de
1561 2013 1749 2083 templo
1779 2012 1826 2071 B
1853 2014 2020 2068 etiam
2064 2020 2239 2066 morte
2270 2027 2299 2065 a
2328 2008 2408 2065 sui
2441 2010 2765 2065 rectitudine
2793 2019 2984 2065 status.
3011 2011 3220 2080 possint
3269 2011 3419 2065 incli-

177 2104 415 2172 corporis
439 2103 538 2156 sui.
571 2101 710 2156 Dicit
729 2110 906 2156 autem
927 2101 1211 2170 Apostolus
1227 2100 1292 2154 de
1314 2103 1466 2156 nobis
1488 2117 1502 2154 :
1526 2101 1750 2158 Nescitis

184 2193 314 2263 quia
349 2191 592 2260 templum
619 2191 717 2244 Dei
740 2191 881 2255 estis,
922 2200 968 2243 et
989 2191 1202 2258 spiritus
1227 2189 1320 2244 Dei
1351 2191 1549 2244 habitat
1586 2194 1640 2246 in
1665 2207 1750 2247 υο-

178 2281 283 2334 bis.
327 2279 382 2333 Si
409 2294 538 2350 ergo
565 2280 651 2333 ille
675 2279 929 2349 templum
960 2271 1054 2334 Dei
1079 2295 1174 2348 per
1200 2291 1528 2350 assumptam
1557 2282 1748 2338 huma-

179 2372 412 2425 nitatem
442 2369 614 2424 factus
640 2379 741 2434 est,
787 2377 842 2424 et
871 2384 969 2422 nos
996 2369 1253 2438 templum
1283 2369 1376 2423 Dei
1417 2384 1515 2437 per
1541 2371 1751 2426 inhabi-

181 2469 390 2514 tantem
435 2460 679 2534 spiritum
705 2459 820 2528 ejus
848 2456 1126 2522 ecimur,
1167 2466 1376 2512 constat
1401 2458 1584 2527 utique
1629 2461 1751 2529 quia

176 2550 413 2618 ﬁguram
441 2549 680 2602 omnium
710 2557 950 2604 nostrum
973 2557 1027 2602 et
1050 2547 1215 2617 ipsius
1241 2547 1488 2604 videlicet
1518 2550 1751 2617 Domini,

174 2648 238 2694 et
269 2640 633 2693 membrorum
656 2638 774 2707 ejus
822 2653 941 2708 qua:
965 2654 1063 2693 nos
1091 2654 1299 2705 suemus,
1336 2640 1589 2710 templum
1622 2641 1752 2696 illud

181 2727 472 2782 materiale
513 2728 706 2792 tenuit,
758 2728 904 2797 quod
942 2727 1194 2784 Salomon
1235 2743 1329 2784 rex
1375 2727 1656 2785 aediﬁcavit
1699 2731 1754 2786 in

177 2817 571 2882 Hierusalem;
612 2817 705 2872 sed
748 2819 912 2890 ipsius
959 2827 1208 2888 tanquam
1260 2819 1450 2888 lapidis
1484 2821 1755 2896 angularia

177 2906 528 2976 singulariter
547 2907 701 2962 electi
738 2916 793 2962 et
819 2908 1036 2978 pretiosi
1061 2908 1114 2962 in
1141 2906 1486 2963 fundamento
1517 2908 1752 2976 fundati;

181 2998 360 3052 nostri
402 3008 578 3052 autem
613 3006 866 3067 tanquam
894 2996 1128 3065 lapidum
1155 2984 1398 3051 vivorum
1425 2997 1753 3067 superadiﬁ-

179 3098 433 3143 calorum
484 3103 650 3156 super
701 3086 1106 3143 fundamentum
1141 3087 1501 3156 apostolorum
1541 3097 1596 3142 et
1628 3089 1754 3158 pro-

179 3178 494 3248 phetarum,
533 3178 635 3233 hoc
670 3187 776 3246 est,
829 3193 992 3247 super
1031 3178 1201 3248 ipsum
1241 3178 1556 3234 Dominum.
1604 3179 1756 3247 Quod

177 3266 423 3321 ostendit
444 3265 728 3335 Apostolus
755 3266 936 3324 dicens
962 3284 976 3319 :
1005 3264 1423 3323 Fundamentum
1447 3270 1585 3324 enim
1610 3271 1754 3324 aliud

179 3368 336 3406 nemo
383 3361 546 3420 potest
575 3369 761 3421 ponere
791 3363 980 3423 prwter
1017 3354 1072 3408 id
1109 3355 1248 3424 quod
1273 3357 1494 3424 positum
1520 3368 1611 3423 est,
1663 3360 1751 3428 qui
1779 3344 1824 3404 (ἶ

181 3451 261 3494 est
287 3438 526 3494 Christus
547 3440 720 3495 Iesus.
747 3442 848 3509 Qui
870 3454 1147 3512 propterea
1181 3455 1326 3499 recte
1351 3437 1751 3502 fundamentum

179 3530 378 3584 domus
415 3525 624 3584 Domini
651 3539 828 3599 potest
847 3533 1029 3586 vocari
1064 3534 1244 3602 :quia,
1274 3534 1411 3588 sicut
1438 3536 1514 3590 ait
1543 3537 1748 3603 Petrus,

180 3617 316 3672 Non
352 3627 428 3672 est
453 3619 599 3692 aliud
644 3620 738 3674 sub
779 3621 904 3674 caelo
944 3639 1126 3677 nomen
1160 3624 1340 3677 datum
1382 3625 1673 3681 hominibus
1697 3629 1752 3681 in

173 3723 285 3775 quo
333 3716 563 3772 oporteat
607 3725 699 3762 nos
739 3709 908 3785 salvos
945 3711 1081 3779 fieri.
1137 3713 1202 3766 Et
1247 3713 1370 3768 item
1407 3731 1418 3767 :
1460 3716 1542 3770 Ad
1581 3734 1750 3794 quem,

176 3794 390 3862 inquit,
429 3797 726 3850 accedentes
756 3797 978 3868 lapidem
1002 3801 1187 3865 vivum,
1235 3801 1297 3854 ab
1326 3802 1612 3858 hominibus
1640 3807 1755 3875 qui-
1801 3814 1808 3820 '

179 3886 306 3939 dem
341 3887 690 3953 reprobamus,
721 3904 753 3939 a
781 3886 889 3941 Deo
913 3897 1084 3941 autem
1118 3888 1332 3943 electum
1361 3902 1406 3944 et
1441 3892 1756 3961 honoriﬁca-

175 3984 318 4037 tum,
378 3983 426 4026 et
466 3975 564 4042 ipsi
591 3984 836 4045 tanquam
879 3976 1072 4046 lapides
1121 3980 1216 4032 vivi
1268 3982 1753 4050 superadificamini

171 4060 372 4114 domus
397 4062 682 4131 spiritualis
707 4064 762 4116 in
795 4064 1142 4119 sacerdotium
1171 4078 1428 4133 sanctum,
1483 4070 1753 4142 olferentes

171 4148 486 4220 spirituales
515 4151 708 4206 hostias
755 4152 1089 4222 acceptabiles
1117 4154 1219 4208 Deo
1262 4173 1358 4224 per
1387 4155 1566 4210 Iesum
1609 4155 1756 4211 Chri-

176 4250 346 4294 stum.
396 4239 629 4294 Possunt
653 4255 778 4311 ergo
823 4240 980 4309 hujus
1007 4241 1333 4297 fundamenti
1366 4245 1522 4312 primi
1552 4245 1753 4316 lapides

172 4345 242 4384 ac
267 4329 576 4384 fundationi
606 4332 831 4396 habiles,
871 4333 1190 4402 patriarchae
1222 4343 1274 4388 et
1304 4335 1594 4404 propheta,
1624 4352 1751 4406 apo-

168 4417 301 4473 stoli
334 4427 392 4471 et
451 4427 720 4490 martyres
769 4415 878 4476 non
920 4421 1214 4492 incongrue
1267 4424 1454 4494 accipi,
1495 4424 1585 4494 qui
1639 4427 1751 4479 sive

167 4506 548 4577 praedicando,
578 4509 690 4563 sive
718 4510 1005 4585 operando,
1029 4512 1142 4565 sive
1161 4513 1440 4580 patiendo,
1473 4513 1599 4568 ﬁdei
1630 4513 1750 4567 fun-

167 4596 436 4650 damenta
467 4597 620 4650 nobis
643 4596 908 4665 jecerunt,
931 4607 986 4652 et
1017 4614 1244 4669 quorum
1273 4602 1648 4657 auctoritatem
1694 4602 1749 4656 in

166 4685 452 4749 doctrina,
491 4683 733 4755 exempla
778 4687 834 4742 in
861 4685 1090 4753 actibus,
1142 4689 1493 4745 imitationem
1524 4692 1578 4745 in
1620 4692 1753 4747 tole—
1779 4688 1832 4746 D

166 4773 358 4828 rantis
413 4780 612 4826 caetera
661 4775 816 4830 turba
853 4774 1088 4830 ﬁdelium
1136 4777 1394 4846 sequitur.
1437 4777 1568 4832 Nam
1616 4779 1754 4834 sicut

163 4861 409 4929 apostoli
454 4869 510 4915 et
535 4871 801 4934 martyres
828 4866 952 4934 post
978 4864 1274 4920 Salvatoris
1305 4867 1747 4934 incarnationem,

163 4951 490 5019 passionem
532 4961 586 5005 et
616 4953 1065 5009 resurrectionem
1093 4963 1252 5022 atque
1280 4957 1645 5012 ascensionem
1697 4960 1748 5010 in

165 5040 344 5095 caelos
383 5055 484 5109 per
513 5050 680 5096 totum
710 5043 893 5097 orbem
943 5045 1220 5114 spirituale
1245 5045 1523 5100 aedilicium
1559 5039 1747 5102 domus

167 5128 266 5183 Dei
313 5129 598 5185 Christum
635 5133 990 5202 praedicando,
1049 5136 1161 5202 sine
1200 5137 1360 5190 etiam
1409 5153 1504 5206 pro
1533 5137 1747 5196 Christo

167 5219 463 5274 moriendo
492 5219 737 5275 fabricati
782 5234 926 5287 sunt,
988 5226 1058 5278 ita
1088 5233 1208 5279 ante
1233 5227 1516 5280 adventum
1544 5225 1657 5292 ejus
1690 5229 1744 5283 in

167 5325 340 5365 carne
383 5312 712 5378 patriarchae
737 5323 894 5382 atquc
919 5316 1190 5384 prapheta:
1234 5317 1285 5369 in
1309 5317 1488 5385 priore
1520 5317 1733 5386 populo,

165 5409 224 5454 et
283 5400 341 5453 in
387 5399 471 5452 his
516 5400 825 5470 regionibus
883 5404 934 5456 in
965 5404 1155 5471 quibus
1206 5405 1487 5474 degebant,
1530 5419 1742 5474 semper

1470 5572 1592 5585 ~—

477 5780 482 5784 ρ
544 5738 822 5797 Parant.
859 5735 1043 5799 CVII.

1849 2103 1965 2156 nari
1997 2119 2008 2153 :
2040 2100 2227 2169 quales
2252 2100 2499 2154 videlicet
2545 2099 2794 2154 doctores
2833 2099 3070 2154 Ecclesia
3115 2115 3222 2154 non
3247 2099 3419 2155 solum

1849 2191 1915 2245 de
1951 2190 2153 2255 Judma,
2200 2205 2386 2242 verum
2413 2189 2576 2242 etiam
2606 2188 2672 2242 de
2692 2188 2940 2258 gentibus
2980 2189 3254 2260 perplures
3305 2205 3416 2244 sus-

1849 2280 2007 2349 cepit.
2049 2279 2214 2333 Recte
2240 2278 2454 2348 quidem
2490 2279 2548 2332 in
2583 2287 2769 2332 sancta
2794 2293 2955 2333 cruce
3001 2280 3115 2334 haec
3135 2278 3419 2334 aediﬁcatio

1853 2366 2268 2428 demonstratur,
2325 2366 2479 2434 quia.
2504 2366 2559 2418 in
2601 2366 2738 2433 ipsa,
2806 2368 2858 2420 id
2904 2377 3008 2431 est,
3063 2368 3118 2420 in
3144 2367 3418 2437 passione

1851 2451 2052 2508 Christi
2093 2462 2204 2507 tota
2245 2453 2488 2508 Ecclesia
2539 2453 2802 2508 catholica
2853 2454 3096 2521 fundata,
3155 2456 3418 2513 fabricata

1852 2543 2107 2615 perfecte,
2159 2554 2322 2614 atque
2375 2545 2620 2600 dedicata
2663 2555 2769 2612 est,
2819 2561 2920 2601 nec
2979 2548 3085 2602 hoc
3136 2547 3421 2604 aedilicium

1854 2650 2094 2705 unquam
2133 2636 2342 2690 veniret
2368 2635 2436 2688 ad
2462 2634 2734 2702 eﬂ'ectum,
2781 2636 2883 2690 nisi
2906 2651 3003 2705 per
3031 2635 3259 2693 Crucem
3285 2637 3419 2694 iibe—

1854 2727 2065 2783 raretur
2085 2741 2255 2797 genus
2284 2727 2594 2794 humanum,
2625 2742 2725 2782 nec
2748 2727 2917 2798 ipsius
2943 2724 3239 2802 sacerdotis
3261 2730 3421 2800 digne

1841 2817 2213 2888 compleretur
2255 2816 2506 2882 ofﬁcium,
2577 2818 2681 2873 nisi
2720 2817 2835 2888 ipse
2869 2820 3120 2874 sacerdos
3165 2819 3218 2873 in
3257 2835 3420 2876 cruce

1855 2905 2010 2962 ﬁeret
2037 2907 2382 2961 satriﬁcium.
2541 2912 2543 2915 ’

1925 2996 1984 3050 In
2024 2995 2138 3065 ipsa
2175 3003 2352 3050 autem
2383 3011 2545 3050 cruce
2596 2997 2901 3053 continetur
2934 2997 3022 3053 hic
3057 2982 3244 3056 versus
3287 3002 3420 3079 scri-

1854 3098 1979 3159 ptus
2010 3109 2022 3142 :

1981 3201 2162 3265 Inclyta
2182 3214 2297 3276 crux
2326 3200 2515 3259 Domini
2539 3201 2715 3250 Christi
2737 3199 2994 3251 fundamen
3018 3210 3069 3253 et
3086 3202 3230 3253 aula.

1926 3308 1983 3361 in
2041 3306 2333 3376 tetragonis
2375 3321 2501 3360 vero
2533 3307 2680 3359 circa
2723 3320 2937 3360 crucem
2989 3307 3177 3375 positis
3236 3322 3422 3363 versus

1854 3397 2166 3466 conscripti,
2218 3412 2323 3450 non
2360 3411 2455 3464 per
2480 3396 2763 3449 circuitum
2800 3397 3013 3464 penitus
3052 3406 3262 3466 gyrant,
3318 3399 3421 3452 hoc

1851 3497 1952 3552 est,
1977 3495 2037 3541 ut
2063 3472 2318 3542 ﬁnalibus.
2333 3487 2527 3540 litteris
2555 3487 2622 3540 ad
2653 3487 2947 3555 inceptivas
2996 3502 3092 3556 per
3116 3488 3418 3543 anfractum

1852 3567 2089 3639 redeant,
2143 3576 2235 3629 sed
2270 3589 2456 3630 omnes
2501 3576 2554 3630 in
2587 3575 2774 3628 dextro
2807 3577 2999 3645 angulo
3027 3590 3126 3632 suo
3169 3579 3418 3648 superius

1854 3669 2186 3738 incipientes,
2228 3683 2326 3736 per
2348 3667 2624 3722 sinistrum
2662 3682 2822 3735 supra
2860 3667 2926 3721 ad
2972 3668 3248 3723 sinistrum
3279 3668 3420 3734 infra

1854 3759 1908 3810 in
1953 3757 2138 3811 decem
2169 3764 2222 3809 et
2252 3769 2443 3810 novem
2476 3754 2668 3808 litteris
2710 3755 3057 3819 descendunt,
3112 3763 3297 3824 postea
3329 3757 3419 3810 ite-

1855 3861 1973 3901 rum
2018 3849 2072 3900 in
2103 3847 2292 3900 dextro
2341 3845 2536 3915 angulo
2587 3845 2833 3914 superius
2885 3861 2914 3898 a
2942 3846 3194 3899 vicesima
3243 3845 3420 3900 littera

1853 3939 2186 4008 incipientes,
2233 3946 2288 3991 et
2343 3936 2712 3991 descendendo
2765 3951 2860 4005 per
2911 3937 3157 3989 dextrum
3199 3936 3422 3992 inferius

1853 4031 2107 4085 vadentes
2141 4028 2207 4083 ad
2235 4029 2513 4084 sinistrum
2543 4042 2712 4097 usque
2737 4025 2878 4080 infra
2902 4027 3085 4082 decem
3129 4037 3183 4081 et
3209 4036 3414 4097 septem

1852 4117 2044 4173 litteris
2093 4118 2519 4188 pertingunt:et
2545 4117 2624 4171 sic
2671 4117 3034 4186 unusquisque
3060 4131 3248 4171 versus
3291 4133 3421 4187 qua-

1854 4218 1974 4262 tuor
2001 4216 2399 4277 tetragonorum
2426 4208 2643 4277 triginta
2667 4222 2761 4261 sex
2794 4208 3004 4262 litteras
3032 4209 3288 4274 continet,
3321 4209 3415 4278 qui

1854 4299 2035 4366 utique
2057 4313 2312 4352 numerus
2339 4305 2423 4352 est
2464 4293 2732 4366 tetragoni
2766 4297 2913 4366 plani
2942 4307 2997 4351 et
3018 4299 3214 4352 senarii
3246 4300 3299 4353 in
3327 4314 3413 4354 se-

1852 4389 2081 4457 metipso
2101 4387 2544 4458 multiplicatione
2581 4389 2834 4454 confecti,
2882 4389 3020 4444 sicut
3048 4390 3101 4442 in
3137 4391 3411 4460 sequenti-

1850 4478 1951 4554 bus
1988 4477 2488 4532 demonstrabimus.
2549 4478 2642 4534 Est
2683 4486 2860 4532 autem
2906 4493 3094 4544 versus
3121 4477 3211 4535 hic
3239 4488 3409 4533 tetra-

1851 4567 1972 4639 goni
2001 4567 2188 4623 subtus
2219 4569 2460 4622 dextrum
2487 4583 2653 4622 cornu
2673 4568 2834 4639 positi
2867 4587 2882 4621 :

1979 4700 2053 4752 Te
2077 4701 2457 4763 patriarcharum
2479 4700 2740 4752 laudabilis
2754 4705 2878 4753 actio
2897 4705 3074 4764 signat.

1928 4807 2127 4862 Snbtus
2152 4809 2429 4861 sinistrum
2453 4823 2582 4862 vero
2609 4808 2767 4876 positi
2799 4809 3061 4876 tetragoni
3095 4810 3196 4862 iste
3219 4818 3301 4863 est
3323 4829 3335 4863 :

1979 4917 2222 4978 Plebsque
2250 4917 2589 4979 prOphetarum
2612 4918 2772 4967 divino
2791 4916 2962 4964 famine
2984 4918 3134 4976 iussa.

1922 5021 1990 5073 At
2030 5021 2145 5090 ejus
2179 5034 2411 5088 quoque,
2463 5021 2550 5088 qui
2582 5034 2739 5087 supra
2765 5019 3012 5072 dextrum
3037 5025 3202 5073 cornu
3236 5022 3412 5075 crucis

1852 5110 2057 5176 positus
2093 5116 2195 5173 est,
2236 5108 2356 5162 talis
2382 5116 2464 5162 est
2493 5123 2675 5160 versus
2702 5125 2714 5158 :

1965 5219 2162 5280 .Agmen
2185 5201 2501 5280 apostolicum
2524 5217 2686 5278 pandit
2709 5225 2788 5265 tua
2811 5229 2902 5268 rite
2923 5227 3117 5280 tropaea.

1921 5323 2091 5394 Supra
2118 5325 2390 5378 sinistrum
2419 5340 2544 5380 vero
2575 5326 2694 5380 talis
2721 5345 2732 5378 :

1971 5415 2231 5475 Martyrum
2259 5422 2308 5465 et
2333 5417 2435 5477 ipse
2461 5417 2635 5466 chorus
2659 5418 2811 5468 effuso
2829 5419 2941 5480 jure
2970 5432 3158 5470 cruore.
