3940 6332
496 386 587 441 171
1128 378 1191 431 Β.
1236 376 1484 432 RABANI
1523 330 1737 432 MAURI
1777 374 2052 430 ARClllEl

2138 375 2435 430 MOCITNT.
2476 373 2756 432 OPERUM
2792 373 2968 430 PARS
3005 376 3044 429 I.
3595 378 3694 435 172

1874 491 2170 552 FIGURA
2213 493 2293 551 \‘I

494 597 565 650 De
590 601 810 665 quatuor
836 592 1103 646 virtutibus
1130 589 1803 672 principalibunquomodo
1842 590 1912 645 ad
1957 591 2513 710 czuccmup'qrtinefnt,
2547 599 2591 643 et
2644 591 2779 660 quod
2829 595 3053 645 omnium
3085 593 3327 646 virtutum
3368 593 3566 658 fructus
3618 609 3712 661 ter

1731 675 1895 710 imam
1925 674 1988 710 no
2023 673 2066 710 ts
2096 673 2154 709 co
2197 674 2227 708 α
2252 675 2268 709 ι
2298 672 2394 710 run
2423 700 2434 710 .

1731 675 1895 730 Ipsam
1925 672 2066 710 noon
2096 672 2268 721 COUdll
2298 672 2434 711 sunt.

2787 763 2819 800 n

2786 833 2823 890 η

2791 933 2824 986 d

2789 1038 2817 1076 a

2786 1129 2820 1165 n

2789 1219 2822 1256 u

2789 1299 2811 1346 ι

2789 1399 2820 1439 e

2794 1487 2825 1526 a

2790 1578 2826 1614 ιι

2793 1670 2818 1708 s

2793 1759 2822 1798 θ

2796 1853 2823 1890 r

2800 1930 2816 1984 i

2794 2036 2824 2074 a

2785 2126 2818 2166 0

486 750 3608 825 Omnipotensvirtussummasapientiachrist

485 833 3616 913 OrnasquitotﬁancncnncismOIinuspiemund

485 926 3614 1008 θίῧρθῐιῧθδαυθτυίεεὲυο-Ῑ.ἱεριαάοῃαεειῃιξ

484 1020 1583 1094 Namq;quadrigap
1735 1020 2462 1075 isbenecor
2621 1022 3604 1092 i'bzaptaquat‘ni

485 1009 3614 1191 VirtutumpandiBseriemdedﬂcanretriumph

482 1203 1670 1271 Victorisregiso
1819 1200 3611 1272 tendenssanguinecuncta

479 1193 3621 1373 Proficeracspecaesfructupietatisinorb

481 1386 1758 1444 Estvirtushabitu
1911 1382 3615 1443 animinorumetdecusomn

482 1378 3614 1555 Nobilitasvitaerﬂtioetuoderatiolingua

483 1566 1846 1637 Quaecruxalmapiis
1994 1560 3620 1631 ustadaslaudeproband

479 1556 3621 1740 Cunctasimnlplaciﬂodepromisslngulavot

482 1750 1935 1826 Sanctatuodocuitte
2084 1743 3622 1815 eaumprudentiamundu

481 1740 3607 1921 Exreiustitiabenefﬂruenssperneregaunn

477 1917 3612 2014 Tarnnremzabuliscannitbenedictusaunrn

478 2019 3609 2097 Anpiaconsiliamentéaufertfraudeuoratt

479 2098 3606 2193 Vudaccaaﬁalempoteritvimettginzrepugn

480 2187 3608 2358 VttotanijhrrrtibincquoqeLyLﬂclytavis

476 2291 3610 2359 Antenditaduansaferensitcumipsavetanp

478 2366 2473 2472 Pestiferavetiﬂascclerum
2621 2379 3600 2438 umnoxiacaedi

475 2475 3610 2543 Ostendensetpsallereiibonaremporaposs

477 2551 3613 2647 8ιεηθᾱθίεηηῖῖθιωεηάῄῑθθάἰεῖῖτθῐθᾳοερ

478 2648 3614 2735 Ετῐεαιοιυοθωοοηαυίῐθτθὴἰηοωοηυεθηοιο

477 2743 3616 2817 Aarecraeqeaurescaelestibusoptiuidigs

477 2820 3606 2907 Connncantquoddonaptrentetgerminauchi

481 2930 1937 2990 Eroliisfructuscor
2085 2945 2115 2984 e
2262 2925 3612 2998 taqnesqualidarir

485 2919 3609 3102 ViminasuecendanteErEgiafenculaproman

483 3109 2203 3182 Hosergofructuspistas
2357 3107 3618 3163 acratissimaseui

482 3098 3620 3279 Gratiapurgauitpalienaiaetarteprobaui

486 3290 1758 3350 Pactumconiunxit
1922 3291 2296 3360 tlexp
2453 3285 3620 3355 trisalmarigaui

489 3280 3634 3459 Produxitbonitasaaviuiaagraminachrist

490 3470 3627 3548 Sacrauitcultus:tlausconstantiacuncto

487 3559 3633 3632 Fulcibatculmosnouagranaperomniavirtu

488 3657 1604 3716 Iamhumiliscon
1747 3653 3627 3722 itnutritmuodestiaplena

490 3646 3632 3829 lnspicafrugédﬂtperseuerantiafructume

487 3835 3626 3911 Téporematuruucandentemconcitechristu

487 3924 3630 4001 Tumcruxpertetosririanrpnopenuminevis

488 4021 3620 4080 Mittcnsiamfalcéconelndetinhorreamess

2881 755 2904 799 ι

2876 854 2909 891 u

2876 948 2910 987 ο

2873 1039 2909 1092 ι)

2881 1121 2903 1165 ι

2889 1204 2904 1256 i

2869 1308 2898 1346 a

2882 1391 2904 1437 ί

2887 1480 2909 1526 ι

2882 1562 2914 1615 d

2884 1655 2900 1708 l

2878 1760 2913 1797 n

2876 1852 2911 1890 n

2880 1944 2910 1984 c

2876 2037 2909 2073 ιι

2886 2111 2902 2162 l

486 750 2726 825 Omnipotensvirtussummasapie

485 840 2726 913 OrnasquitotﬁancncnncismOIi

485 821 2732 1010 DispensasqueruissanctispJa

484 1020 1583 1094 Nammquadrigap
1735 1020 2462 1075 isbenecor
2621 1022 2752 1076 ib

485 1009 2730 1191 VirtutumpandiBseriemdcdﬂca

482 1203 1670 1271 Victorisregiso
1819 1200 2736 1272 tendenssang

479 1193 2727 1373 Proficeracspecaesfructupie

481 1386 1758 1444 Estvirtushabitu
1911 1382 2740 1443 animiuorum

482 1378 2732 1555 Nobilitasvitaerﬂtioetuoder

483 1566 1846 1637 Quaecruxalmapiis
1994 1562 2732 1619 ustadasla

479 1556 2730 1740 Cunctasimnlplaciﬂodepromis

482 1750 1935 1826 Sanctatuodocuitte
2084 1745 2738 1815 eaumprud

481 1740 2739 1921 Exreiustitiabenefﬂruensspe

477 1925 2736 2014 Tarunremzabuliscannitbened

478 2020 2736 2097 Anpiaconsiliamentéaufertfr

479 2098 2726 2186 vudaccaardalempoteritvimett

2779 2186 2924 2193 .—

3677 767 3711 807 θ

3673 849 3711 899 ft

3682 952 3712 990 s

3681 1039 3710 1077 s

3676 1129 3710 1168 ο

3684 1219 3714 1258 s

3681 1309 3714 1346 e

3682 1399 3716 1437 e

3682 1487 3715 1526 e

3682 1576 3716 1614 τι

3681 1666 3717 1706 o

3660 1758 3715 1795 rn

3697 1841 3720 1884 ι

3686 1937 3717 1974 e

3667 2031 3719 2066 m

3685 2107 3720 2162 ἰ

3685 2214 3721 2251 ιι

3687 2306 3721 2344 o

3695 2395 3721 2434 s

3690 2485 3720 2524 e

3691 2576 3721 2616 e

3695 2668 3723 2706 ε

3693 2757 3724 2795 e

3696 2851 3723 2888 s

3694 2940 3725 2978 θ

3683 3028 3706 3069 t

3706 3115 3728 3159 ι

3707 3207 3728 3250 ι

3707 3294 3727 3338 ι

3707 3376 3724 3428 i

3699 3482 3725 3523 ε

3700 3574 3724 3612 s

3671 3666 3724 3704 m

3706 3748 3727 3792 ι

3699 3846 3726 3885 s

3691 3937 3726 3976 ο

3693 4017 3726 4068 é

486 4133 843 4202 Omnipotens
868 4133 1061 4195 virtus,
1111 4147 1318 4186 summa
1352 4129 1632 4199 sapientia,
1663 4127 1895 4192 Christe,

494 4223 666 4279 Ornas
686 4223 777 4292 qui
811 4231 975 4278 totum
1009 4237 1132 4276 arce
1168 4223 1342 4276 crucis
1370 4220 1625 4276 Dominus
1649 4219 1737 4287 pie
1776 4219 2052 4283 mundum,
2157 4218 2318 4289 Signa
2351 4221 2441 4273 Dei
2463 4220 2622 4285 scire,
2651 4229 2704 4274 et
2735 4220 2977 4274 mandata
3001 4221 3299 4275 edisserere
3327 4236 3388 4274 ac
3411 4236 3507 4288 spe

2160 4128 2457 4185 Ostendens
2495 4140 2548 4184 et
2577 4131 2800 4200 psallere
2838 4130 2948 4198 jam
2979 4131 3116 4185 bona
3143 4139 3380 4199 tempora
3414 4145 3593 4199 posse,

497 4312 892 4382 Dispensasque
932 4313 1034 4366 tuis
1060 4313 1259 4366 sanctis
1289 4313 1378 4381 pia
1401 4311 1540 4365 dona
1568 4309 1756 4365 salutis
1783 4323 1798 4361 :
2155 4309 2222 4366 Et
2257 4309 2400 4365 facto
2427 4309 2596 4364 lucem
2632 4312 2947 4378 conquirere
2971 4312 3097 4364 hinc
3122 4313 3278 4365 modo
3307 4320 3526 4364 sanctos

494 4403 735 4474 Namque
763 4403 1019 4473 quadriga
1054 4403 1157 4472 piis
1183 4404 1316 4458 bene
1345 4403 1598 4457 cornibus
1625 4407 1747 4470 apta
1778 4396 2056 4468 quaternis
2151 4398 2492 4469 Arrectarque
2520 4416 2677 4456 aures
2705 4401 3002 4456 caelestibus
3030 4402 3230 4470 optima
3261 4402 3417 4470 digne

495 4493 760 4547 Virtutum
785 4493 968 4562 pandit
991 4493 1210 4558 seriem,
1253 4493 1532 4547 dedicante
1554 4491 1824 4558 triumpho
2153 4492 2483 4559 Condncant,
2509 4495 2650 4562 quod
2675 4495 2810 4548 dona
2837 4503 3028 4563 parent
3062 4504 3115 4550 et
3136 4495 3375 4567 germina
3411 4495 3555 4550 ruris

493 4578 722 4632 Victoris
759 4577 901 4646 regis
929 4578 1215 4632 ostendens
1236 4577 1494 4648 sanguine
1524 4586 1748 4632 cunctas
2155 4583 2196 4639 Ε
2227 4584 2368 4639 foliis
2403 4583 2625 4648 fructus,
2666 4592 3014 4653 correptaque
3042 4585 3282 4653 squalida
3309 4584 3409 4638 rite

496 4673 761 4735 Proﬂcere
791 4685 856 4725 ac
879 4673 1083 4741 species
1122 4673 1295 4728 fructu
1317 4673 1532 4743 pietatis
1559 4673 1612 4728 in
1638 4673 1786 4728 orbe.
2161 4674 2364 4727 Vimina
2395 4673 2734 4740 succendant,
2773 4681 2826 4727 et
2852 4673 2995 4741 regia
3025 4673 3226 4728 fercula
3251 4663 3518 4743 premant.

501 4761 594 4815 Est
620 4761 789 4816 virtus
828 4762 1043 4817 habitus
1067 4764 1231 4817 animi
1255 4779 1463 4819 mentm
1510 4773 1566 4820 et
1595 4765 1757 4821 decus
1800 4777 1959 4818 omne
1983 4801 1997 4825 ,
2156 4761 2265 4816 Hos
2286 4777 2412 4829 ergo
2440 4760 2643 4816 fructus
2677 4761 2848 4832 pietas
2887 4762 3248 4817 sacratissima
3285 4763 3439 4826 sevit,

497 4848 755 4904 Nobilitas
777 4851 923 4916 vitae,
963 4851 1100 4906 ratio
1119 4859 1173 4905 et
1201 4853 1494 4908 moderatio
1513 4854 1724 4924 lingua,
2155 4850 2337 4905 Gratia
2364 4851 2631 4921 purgavit,
2677 4852 2938 4920 patientia
2965 4860 3017 4904 et
3041 4860 3159 4906 arte
3181 4852 3445 4921 probavit,

491 4937 618 5004 Qum
640 4954 770 4992 crux
795 4937 936 4992 alma
981 4939 1086 5008 piis
1117 4937 1262 5005 justa
1288 4940 1382 4994 das
1410 4940 1564 4995 laude
1594 4941 1867 5009 probanda
2158 4941 2375 4994 Pactum
2398 4938 2692 5007 conjunxit,
2719 4949 2772 4996 et
2795 4941 2879 4995 lex
2908 4940 3075 5010 patris
3106 4941 3245 4994 alma
3276 4941 3491 5010 rigavit,

496 5029 695 5082 Cuncta
719 5029 875 5083 simul
908 5029 1104 5098 placito
1134 5029 1403 5099 depromis
1432 5031 1636 5101 singula
1674 5039 1815 5096 voto.
2157 5031 2414 5085 Produxit
2445 5031 2676 5098 bonitas,
2726 5048 2847 5085 nam
2870 5032 3047 5086 vivida
3076 5033 3316 5102 gramina
3341 5030 3566 5086 Christi.

497 5117 693 5172 Sancta
718 5127 809 5172 tua
837 5119 1016 5173 docuit
1057 5128 1298 5174 tenerum
1323 5121 1605 5189 prudentia
1641 5120 1924 5182 mundum;
2159 5121 2403 5176 Sacravit
2429 5122 2622 5186 cultus,
2649 5131 2703 5176 et
2735 5123 2852 5177 laus
2879 5125 3178 5177 constantia
3203 5131 3424 5176 cunctos

496 5207 574 5262 Ex
609 5219 660 5262 te
682 5208 889 5276 justitia
924 5210 1057 5264 bene
1096 5209 1306 5265 fervens
1335 5226 1592 5280 spernere
1619 5209 1812 5280 gaudet
2158 5213 2399 5267 Fulcibat
2425 5214 2649 5278 culmos,
2674 5230 2808 5270 nova
2831 5230 2997 5284 grana
3024 5230 3122 5284 per
3154 5215 3334 5270 omnia
3359 5216 3530 5270 virtus

499 5299 779 5356 Terrorem
811 5301 1005 5366 zabuli,
1051 5302 1258 5355 scandit
1283 5301 1594 5356 benedictus
1615 5315 1827 5353 amorre
2157 5301 2270 5355 Jam
2304 5302 2518 5356 humilis
2540 5303 3040 5379 condithnutritque
3067 5304 3326 5357 modestia
3355 5303 3571 5372 plenam

501 5387 578 5440 Ad
608 5389 690 5456 pia
717 5389 952 5450 consilia,
987 5399 1217 5443 mentem
1245 5389 1420 5444 aufert
1449 5388 1632 5443 fraude
1658 5395 1898 5443 voratam
1924 5403 1935 5436 :
2084 5467 2101 5468 ί
2158 5393 2215 5446 In
2247 5393 2391 5461 spica
2418 5392 2645 5462 ῑῃιεεω,
2677 5377 3186 5468 (latim-severantia
3213 5393 3440 5449 fructum
3459 5404 3518 5449 et

506 5476 652 5531 Unde
680 5493 742 5531 ac
771 5478 1038 5532 carnalem
1064 5481 1255 5548 poterit
1276 5481 1382 5534 vim
1408 5487 1461 5534 et
1490 5479 1674 5534 tollere
1698 5493 1929 5547 pugnam
2082 5467 2129 5523 Β
2158 5481 2420 5550 Tempore
2449 5491 2714 5535 maturum
2739 5467 3056 5536 candentem
3086 5482 3292 5537 concite
3327 5480 3581 5538 Christus
3608 5499 3625 5536 :

503 5567 565 5619 ἐἰ
599 5575 727 5631 tota,
772 5569 888 5621 nisu
920 5567 1062 5634 forti,
1095 5572 1216 5626 hinc
1237 5586 1447 5639 quoque
1472 5571 1539 5625 ad
1565 5570 1762 5640 inclyta
1788 5570 1904 5622 visu
2161 5570 2293 5622 Tum
2321 5585 2450 5624 crux
2475 5586 2570 5639 per
2598 5580 2648 5625 te
2669 5573 2873 5640 justitia
2899 5579 2953 5626 et
2979 5587 3144 5643 prepe
3173 5571 3389 5626 numine
3413 5571 3530 5625 viso

503 5659 759 5724 Attendit,
792 5662 1014 5715 adversa
1041 5661 1218 5717 ferens
1246 5663 1287 5716 it
1311 5679 1432 5718 cum
1461 5665 1574 5732 ipsa
1597 5661 1825 5716 vetando
2163 5657 2372 5713 Mittens
2395 5658 2506 5726 jam
2528 5659 2714 5716 falcem
2743 5645 3018 5717 concludet
3044 5663 3098 5716 in
3126 5663 3317 5717 horrea
3339 5674 3594 5716 messem.

508 5744 764 5803 Pestifcra
791 5751 982 5806 vetitas
1011 5751 1271 5806 scelerum
1294 5767 1413 5807 cum
1436 5754 1591 5807 noxia
1621 5751 1780 5806 caedis

1934 5821 2168 5829 ----—--—-—
2197 5823 2218 5828 -ι
2238 5820 2353 5833 φη...
