3940 6342
234 441 340 496 I75

1161 452 1171 459 '
1225 436 1311 492 DE
1346 430 1686 490 LAUDIBUS
1725 431 1781 485 S.
1820 430 2083 486 CllUCIS.
2124 461 2192 470 —
2230 429 2354 486 LIB.

3357 414 3454 484 ni

1399 564 1907 626 DECLARATIO
1966 565 2304 625 FIGURAE.

313 753 556 820 Quantos
584 763 709 820 ergo
736 757 790 804 ct
807 747 990 818 quales
1016 746 1217 801 fructus
1239 746 1440 817 lignum
1466 755 1664 801 sancta
1683 762 1803 800 cru-
1831 752 1876 809 Α
1903 749 2111 816 potestis
2138 747 2326 815 facere.
2378 746 2691 817 Spirituales
2735 746 2876 801 cnim
2921 745 3008 801 hic
3031 725 3318 817 gignuntur
3357 749 3456 803 fru-

239 845 322 899 cis
352 841 592 913 germine
629 853 726 892 suo
769 835 1026 907 proferat.
1065 836 1284 905 dignum
1314 842 1397 889 est
1421 835 1582 889 etiam
1613 836 1665 889 in
1696 837 1797 890 hoc

242 947 402 988 sacro
446 929 685 985 carmine
719 927 875 982 modo
921 938 1366 987 commemorare,
1395 922 1545 990 cujus
1597 922 1800 979 fructus

241 1033 478 1078 ateruus
517 1027 599 1073 est
637 1026 691 1073 et
717 1016 867 1070 radix
895 1024 1182 1086 perpetua;
1213 1011 1364 1081 cujus
1389 1014 1523 1069 odor
1547 1016 1798 1070 mundum

243 1106 434 1183 replet,
461 1120 514 1164 et
536 1124 694 1178 sapor
715 1107 900 1163 ﬁdeles
920 1106 1158 1177 saginat;
1187 1106 1339 1176 cujus
1361 1106 1609 1175 splendor
1635 1107 1800 1162 solem

243 1211 483 1273 superat,
528 1209 582 1255 et
611 1199 810 1254 candor
849 1199 1027 1252 nivem
1057 1196 1334 1262 obfuscat;
1371 1196 1523 1266 cujus
1544 1213 1801 1252 cacumen

243 1295 427 1367 polum
457 1291 687 1354 excedit,
729 1298 782 1344 et
822 1289 977 1357 cujus
1017 1285 1257 1340 inﬁmum
1285 1287 1491 1342 inferna
1526 1296 1800 1357 penetrat;

243 1386 400 1454 cujus
431 1381 657 1435 ﬁrmitas
691 1378 955 1441 humiliat,
994 1374 1300 1444 jucunditas
1321 1378 1539 1443 exultat,
1568 1388 1623 1434 et
1656 1377 1806 1446 cujus

244 1473 489 1544 potentia
533 1470 768 1527 exaltata
796 1469 1064 1522 humiliat.
1103 1468 1354 1524 Omnium
1382 1472 1524 1525 enim
1549 1473 1802 1526 virtutum

244 1566 417 1620 series
459 1578 556 1634 per
585 1562 759 1631 ipsum
804 1568 860 1614 et
882 1560 936 1614 in
963 1561 1078 1630 ipso
1117 1560 1313 1615 collata
1333 1569 1414 1616 est
1436 1562 1652 1628 mundo,
1680 1564 1804 1632 quia

243 1655 302 1708 in
335 1654 447 1722 ipso
475 1665 654 1706 rerum
694 1647 950 1719 perfectio
985 1649 1247 1717 completa
1273 1656 1375 1703 est.
1424 1649 1481 1702 In
1510 1650 1626 1718 ipso
1654 1650 1806 1704 celsi-

243 1741 484 1795 tudinem
515 1754 665 1794 suam
690 1737 974 1806 prudentia
1017 1735 1375 1801 demonstrat,
1404 1737 1459 1790 in
1485 1737 1601 1805 ipso
1628 1738 1809 1791 solidi-

243 1837 414 1890 tatem
437 1843 588 1882 suam
614 1826 819 1895 justitia
862 1825 1082 1890 revelat,
1113 1825 1167 1878 in
1206 1826 1322 1894 ipso
1346 1827 1639 1893 potentiam
1659 1842 1808 1880 suam

245 1918 503 1974 fortitudo
531 1919 830 1986 consignat,
865 1917 917 1969 in
956 1917 1071 1985 ipso
1099 1916 1462 1970 moderamina
1493 1931 1586 1970 sua
1613 1923 1811 1986 tempe-

245 2011 422 2065 rantia
455 2008 740 2064 collaudat.
769 2007 868 2061 Hic
889 2009 1051 2062 etiam
1088 2007 1373 2076 prudentia
1400 2008 1806 2077 acquisitionem

1899 847 2042 900 ctus,
2069 851 2204 906 quos
2238 849 2519 890 enumerat
2557 835 2842 906 Apostolus
2867 834 3080 890 dicens:
3107 835 3333 892 Fructus
3363 856 3456 892 au-

1900 937 1998 979 tem
2040 924 2265 994 Spiritus
2312 935 2385 979 est
2427 927 2674 991 Charitas,
2722 926 2991 996 gaudium,
3022 943 3144 997 pax,
3185 931 3455 998 patientia,

1901 1016 2265 1086 longanimitas
2305 1017 2526 1081 bonitas,
2551 1017 2854 1086 benignitas,
2877 1018 3025 1086 ﬁdes,
3046 1019 3317 1085 modestia,
3346 1037 3462 1074 con-

1903 1108 2399 1171 tinentia,castitas.
2428 1106 2572 1160 Bene
2597 1121 2724 1177 ergo
2752 1108 2803 1161 in
2827 1117 3011 1163 sancta
3035 1125 3194 1165 cruce
3217 1110 3468 1186 spiritua-

1901 1193 1968 1247 lis
2003 1195 2291 1250 adhibetur
2318 1195 2542 1261 fruetus,
2590 1197 2713 1264 quia
2748 1198 2984 1251 omnium
3012 1199 3275 1254 bonorum
3318 1200 3371 1254 in
3403 1213 3464 1254 ea

1904 1288 2196 1342 cruciﬁxus
2225 1297 2309 1342 est
2331 1296 2538 1342 auctor.
2580 1287 2713 1342 Nam
2757 1304 2822 1343 ex
2846 1297 2996 1358 parte
3021 1292 3222 1356 carnis,
3263 1291 3386 1345 dum
3411 1291 3466 1345 in

1903 1394 1966 1434 ea
1999 1383 2133 1437 mori
2155 1381 2613 1446 voluit'Christus,
2637 1381 2860 1436 salutem
2889 1382 3152 1453 integram
3177 1383 3466 1437 humanum

1904 1474 2142 1540 percepit
2179 1487 2366 1540 genus.
2393 1472 2630 1528 Granum
2666 1472 2918 1526 frumenti
2947 1472 3000 1526 in
3033 1483 3230 1527 terram
3255 1473 3467 1538 cecidit,

1904 1571 1959 1615 et
1980 1561 2267 1630 gloriosam
2288 1571 2587 1632 martyrum
2616 1571 2849 1633 segetem
2876 1562 3116 1631 protulit.
3160 1561 3309 1616 Unus
3334 1563 3469 1631 stips

1901 1653 2137 1721 portavit
2184 1649 2456 1704 hominem
2496 1665 2831 1719 suspensum,
2865 1659 2921 1704 et
2953 1658 3095 1704 totus
3137 1651 3366 1705 mundus
3399 1652 3470 1706 ad

1906 1738 2124 1793 caeleste
2162 1737 2437 1792 dedicatus
2472 1747 2557 1792 est
2583 1752 2825 1808 regnum.
2862 1737 3041 1791 Iudas
3070 1752 3199 1808 gens
3234 1738 3470 1794 insolens

1909 1841 2015 1880 non
2050 1826 2230 1878 timuit
2256 1826 2521 1894 perimere
2575 1839 2776 1896 regem,
2824 1833 2881 1879 et
2909 1826 3070 1879 totius
3093 1825 3240 1880 orbis
3277 1838 3467 1894 gentes

1910 1920 2082 1990 ipsum
2140 1925 2492 1987 susceperunt
2525 1916 2956 1987 Redemptorem,
3007 1917 3132 1990 quia
3179 1919 3232 1972 in
3268 1918 3473 1974 semine

1910 2007 2140 2064 Abraha
2165 2007 2549 2064 benedicentur
2565 2021 2753 2062 omnes
2778 2005 2993 2061 familia
3013 2015 3188 2061 terra.

245 2099 524 2168 sapientia
561 2105 614 2151 et
677 2096 1209 2166 comprehensionem
1272 2097 1514 2152 veritatis
1566 2097 1808 2152 devotius
1837 2086 1882 2145 Β
1977 2097 2217 2164 Quatuor
2242 2112 2370 2168 ergo
2396 2099 2479 2152 ha
2508 2096 2691 2166 ﬁgura
2739 2097 2794 2150 in
2833 2111 2993 2150 unam
3019 2095 3197 2155 crucis
3243 2095 3470 2151 formam

247 2190 514 2253 concedit,
544 2198 703 2257 atque
725 2188 811 2242 hic
832 2178 1202 2256 providentia,
1237 2186 1599 2259 intelligentia:
1624 2197 1678 2242 et
1697 2205 1806 2244 me-

247 2281 434 2334 moria
459 2280 618 2343 dona,
645 2277 818 2332 omnis
850 2277 1021 2331 ﬁdelis
1045 2277 1291 2345 percipit.
1325 2278 1425 2332 llic
1450 2277 1661 2346 justitia
1686 2279 1806 2334 ﬁdei

247 2368 654 2422 fundamentum
696 2364 892 2434 posuit,
936 2373 1097 2433 atque
1121 2364 1248 2418 hinc
1271 2365 1484 2435 pietatis
1509 2373 1563 2420 et
1603 2367 1809 2437 religio-

248 2458 356 2522 nis,
387 2454 571 2525 gratia
611 2468 824 2523 quoque
864 2461 920 2508 et
953 2453 1327 2507 vindicationis
1365 2455 1672 2523 aQuitatem
1698 2456 1811 2510 uni-

241 2550 443 2618 cuique
495 2545 785 2603 distribuit.
835 2543 934 2598 Hic
984 2543 1240 2599 fortitudo
1267 2544 1461 2599 blanda
1499 2553 1553 2598 et
1584 2545 1808 2600 adversa

244 2635 780 2709 magniﬁcentissime
821 2634 1136 2700 contemnit,
1194 2643 1354 2703 atque
1401 2634 1527 2688 hinc
1557 2634 1807 2698 ﬁdentia,

243 2730 521 2799 patientia:
564 2739 620 2784 et
665 2726 1074 2798 perseverantia
1111 2727 1663 2807 exempla‘proponit.
1713 2729 1808 2786 Hic

237 2818 601 2889 temperantia
625 2819 676 2872 in
690 2817 923 2872 libidinis
939 2832 1002 2872 ac
1012 2817 1320 2886 pertinacia
1337 2817 1625 2872 insolentes
1649 2819 1810 2888 impe-

245 2915 340 2960 tus
368 2906 518 2960 frena
565 2905 857 2975 disciplina
885 2905 1074 2974 injicit,
1112 2916 1272 2975 atque
1300 2907 1427 2961 hinc
1461 2907 1728 2976 pudicitia
1755 2919 1809 2963 et

241 2995 613 3060 continentia,
662 2995 957 3051 clementia
981 3007 1192 3064 quoque
1217 3003 1270 3050 et
1294 2995 1599 3051 sobrietatis
1631 2999 1810 3051 multi.

242 3084 411 3154 plicia
456 3087 597 3141 dona
638 3086 1065 3141 desiderantibus
1093 3087 1371 3155 impendit.
1422 3087 1535 3142 Hoc
1562 3089 1812 3143 videlicet

243 3174 452 3244 lignum
488 3176 554 3228 ab
578 3175 692 3244 ipso
719 3175 1014 3244 plantatum
1032 3182 1134 3239 est,
1157 3174 1222 3229 de
1237 3189 1344 3243 quo
1370 3175 1500 3229 dicit
1520 3175 1806 3246 Propheta,

241 3263 378 3333 tigni
401 3263 852 3317 comparationem
868 3256 1072 3340 faciens
1098 3279 1110 3314 :
1136 3260 1200 3316 Et
1219 3263 1316 3316 erit
1337 3272 1586 3334 tanquam
1611 3263 1807 3334 lignum

239 3353 387 3423 quod
430 3352 720 3421 plantatum
770 3359 845 3404 est
882 3367 1027 3405 secus
1059 3353 1308 3406 decursus
1347 3370 1621 3423 aquarum,
1669 3358 1806 3426 quod

1909 2189 2198 2256 disposita,
2229 2194 2459 2257 quatuor
2484 2185 2859 2255 principalium
2888 2185 3146 2238 virtutum
3193 2186 3472 2239 continent

1907 2280 2123 2333 nomina
2150 2297 2163 2331 :
2192 2279 2491 2349 prudentia
2515 2291 2746 2347 quoque,
2773 2275 3014 2344 justitia,
3045 2274 3374 2331 fortitudinis
3415 2285 3471 2331 et

1909 2369 2291 2436 temperantia,
2321 2383 2388 2421 ex
2417 2365 2610 2435 quibus
2647 2367 2822 2419 omnis
2851 2365 3107 2418 virtutum
3133 2365 3300 2419 series
3347 2379 3468 2432 pro-

1908 2460 2071 2523 cedit,
2113 2469 2168 2512 et
2197 2459 2251 2511 in
2284 2459 2478 2526 quibus
2523 2458 2662 2512 ratio
2700 2457 2853 2510 bona
2877 2457 2999 2509 vita
3023 2457 3288 2513 consistit.
3337 2455 3475 2510 Sunt

1908 2563 2035 2618 ergo
2085 2554 2392 2601 memorata
2440 2545 2626 2615 ﬁgura
2673 2547 2962 2602 secundum
3010 2548 3205 2618 trigoni
3240 2548 3474 2616 speciem

1908 2637 2227 2706 conjuncta,
2256 2637 2349 2690 sed
2388 2637 2556 2690 variis
2586 2637 2839 2704 gradibus
2861 2637 3141 2691 distincta.
3172 2636 3324 2691 Facti
3347 2647 3474 2691 sunt

1908 2731 2050 2784 enim
2083 2729 2136 2782 in
2167 2727 2374 2782 duobus
2427 2727 2684 2781 lateribus
2731 2727 3148 2796 uniuscujusque
3199 2735 3470 2791 constare,

1907 2829 1961 2877 et
1981 2820 2188 2884 nullum
2213 2819 2315 2872 nisi
2353 2832 2453 2887 per
2479 2818 2649 2872 sancti
2680 2817 2914 2887 Spiritus
2944 2819 3170 2888 gratiam
3196 2832 3290 2873 eas
3316 2832 3476 2888 posse

1909 2915 2214 2982 impetrare.
2246 2909 2413 2964 Tenet
2441 2923 2653 2978 quoque
2680 2908 2795 2963 hac
2819 2908 3015 2977 positio
3040 2917 3238 2962 sancta
3275 2909 3471 2972 crucis,

1908 3006 1962 3058 in
1985 3003 2210 3074 trigonis
2223 3003 2335 3057 suis
2350 3008 2582 3070 quatuor
2600 3016 2784 3055 versus
2808 2999 3023 3069 triginta
3044 3014 3137 3055 sex
3149 2999 3469 3064 litterarum,

1894 3083 1962 3148 'id
2006 3101 2105 3156 est,
2138 3093 2194 3146 in
2228 3091 2453 3161 singulis
2481 3091 2719 3161 singulos
2748 3108 2761 3142 :
2792 3103 3018 3159 quorum
3059 3089 3264 3159 primus
3298 3090 3391 3158 qui
3417 3090 3471 3143 iu

1909 3181 2160 3252 supremo
2201 3181 2410 3251 positus
2447 3187 2533 3234 est
2557 3179 2822 3248 trigonus,
2870 3184 3016 3232 tenet
3057 3177 3201 3232 hunc
3236 3192 3471 3242 versum,

1909 3271 2250 3341 incipientem
2275 3284 2306 3322 a
2327 3270 2518 3323 dextro
2539 3267 2733 3337 angulo
2759 3267 3022 3335 superius,
3057 3273 3116 3328 et.
3135 3266 3470 3321 circumeun-

1909 3369 2016 3413 tem
2044 3373 2142 3428 per
2178 3367 2402 3412 cateros
2438 3355 2680 3426 angulos,
2723 3369 2891 3423 usque
2931 3354 2998 3408 ad
3038 3354 3186 3408 illum
3215 3354 3355 3430 unde
3393 3355 3472 3409 in-

241 3417 474 3512 fractum
515 3457 665 3495 suum
694 3440 836 3497 dabit
883 3441 937 3494 in
987 3451 1217 3511 tempore
1255 3417 1450 3507 suo,'et
1477 3417 1802 3515 folium-ejus
1831 3417 1875 3478 ε
1905 3417 2156 3516 cipiebat,
2184 3447 2256 3499 ita
2289 3464 2300 3497 :

239 3547 351 3584 non
387 3531 605 3594 decidet,
649 3539 697 3582 et
739 3529 913 3583 omnia
954 3544 1271 3600 quaecunque
1317 3530 1494 3599 fecerit
1533 3549 1803 3602 prospera-

241 3621 456 3673 buntur.
484 3618 749 3672 Decursus
775 3633 873 3688 ego
897 3633 1158 3686 aquarum
1178 3620 1610 3688 suntquotidiani
1626 3630 1800 3677 trans—

237 3710 354 3762 itus
382 3708 741 3762 deﬁcientium
783 3711 1118 3779 p0pulorum.
1145 3712 1211 3765 Et
1239 3714 1304 3767 de
1327 3715 1617 3784 semetipso
1645 3714 1801 3769 Veri-

240 3811 332 3854 tas
359 3800 526 3854 dicit':
554 3799 613 3854 Si
639 3800 694 3853 in
721 3799 872 3853 viridi
901 3798 1038 3871 tigno
1063 3801 1172 3855 haec
1192 3801 1411 3870 faciunt,
1440 3802 1493 3856 in
1511 3804 1660 3856 arido
1680 3804 1804 3872 quid

238 3888 376 3957 ﬁet?
399 3888 622 3956 Lignum
650 3903 778 3958 ergo
804 3903 958 3943 secus
993 3889 1249 3945 decursus
1274 3906 1534 3959 aquarum
1562 3899 1644 3947 est
1681 3908 1804 3946 cum

243 3977 389 4032 foliis
414 3987 468 4031 et
507 3977 705 4044 fructu,
732 3979 856 4048 quia
879 3979 1227 4046 protectionis
1257 3994 1366 4033 sua
1394 3981 1548 4034 nobis
1588 3981 1806 4036 umbra-

241 4067 426 4142 culum
451 4067 730 4135 proferens
770 4068 1016 4136 apparuit
1061 4068 1284 4122 Creator
1315 4069 1367 4122 in
1393 4084 1578 4134 carne,
1624 4078 1679 4124 et
1706 4071 1804 4124 hu-

245 4171 466 4211 manum
504 4170 669 4225 genus
693 4170 788 4225 per
821 4157 1269 4211 resurrectionem
1306 4159 1374 4211 ad
1404 4159 1570 4212 vitam
1608 4160 1800 4225 erexit,
1830 4205 1836 4212 ,

241 4246 389 4315 quod
433 4259 528 4314 per
569 4245 833 4300 defectum
856 4245 1092 4313 quotidie
1138 4245 1249 4300 ibat
1273 4246 1340 4302 ad
1376 4255 1625 4302 mortem.
1664 4247 1802 4304 Vere

233 4338 389 4390 cnim
437 4335 578 4390 istud
608 4335 807 4406 lignum
855 4336 1003 4390 dedit
1041 4334 1276 4390 fructum
1306 4338 1359 4391 in
1408 4345 1647 4407 tempore
1683 4353 1798 4404 suo,

231 4427 458 4496 quando
505 4425 751 4480 Salvator
800 4433 982 4480 noster
1025 4426 1273 4496 passione
1320 4435 1374 4481 et
1412 4430 1801 4484 resurrectione

233 4532 341 4570 sua
369 4516 654 4586 completa,
699 4516 989 4571 Ecclesiam
1014 4531 1111 4586 per
1136 4526 1304 4572 totam
1339 4519 1522 4573 mundi
1563 4520 1800 4574 latitudi—

231 4624 370 4664 nem
396 4611 448 4663 in
489 4624 547 4663 se
580 4610 740 4663 vitem
765 4623 946 4663 veram
971 4611 1330 4665 coadunatam
1358 4613 1565 4667 cunctis
1589 4613 1800 4667 virtuti-

231 4702 345 4756 bus
395 4699 523 4753 fecit
557 4700 846 4766 abundare,
900 4702 1016 4770 ipso
1045 4702 1148 4756 hoc
1178 4709 1406 4756 testante
1456 4719 1468 4755 :
1510 4703 1622 4773 Ego
1659 4721 1794 4770 sum,

2026 3538 2152 3585 Arce
2177 3536 2334 3584 erucis
2351 3535 2543 3584 Domini
2558 3546 2742 3583 summa
2767 3534 3021 3595 prudentis
3047 3536 3194 3585 sistit.

1903 3638 1960 3692 In
1985 3637 2168 3692 inﬁmo
2197 3644 2378 3690 autem
2416 3635 2628 3704 trigono
2654 3634 2842 3704 incipit
2862 3649 3050 3688 versus
3085 3634 3192 3699 hic,
3225 3651 3257 3689 a
3281 3636 3469 3690 dextro

1906 3730 2098 3799 angulo
2125 3729 2401 3791 desubtus,
2429 3733 2484 3781 et
2507 3726 2654 3780 vadit
2678 3741 2776 3795 per
2799 3734 3023 3780 cateros
3049 3727 3277 3792 circum,
3299 3741 3468 3795 usque

1906 3822 1972 3875 ad
1993 3822 2168 3890 ipsum
2193 3833 2224 3871 a
2248 3832 2355 3888 quo
2382 3816 2595 3870 initium
2622 3816 2884 3885 capiebat,
2917 3816 2989 3869 ita
3017 3834 3029 3868 :

2029 3931 2223 3980 Iustitia
2244 3933 2299 3979 et
2322 3940 2470 3990 prona
2491 3927 2687 3976 mandat
2708 3938 2765 3976 se
2778 3935 2920 3988 parte
2946 3927 3223 3976 tenendam.

1905 4033 2148 4087 Dextera
2169 4038 2348 4085 autem
2362 4027 2531 4097 partis
2550 4027 2794 4096 trigonus
2811 4025 3048 4081 continet
3068 4027 3209 4082 hunc
3230 4041 3462 4090 versum,

1904 4122 1974 4176 ab
2016 4120 2200 4175 inﬁmo
2245 4118 2442 4187 angulo
2465 4116 2697 4186 primum
2736 4131 2946 4169 sursum
2982 4117 3337 4195 ascendendo,
3388 4118 3467 4172 sic

1903 4211 2285 4268 circumeundo
2311 4216 2537 4264 cateros
2564 4221 2734 4276 usque
2789 4206 2858 4260 ad
2887 4206 3097 4260 initium
3134 4222 3312 4271 suum,
3345 4209 3418 4263 ita
3449 4226 3462 4261 :

2024 4321 2156 4381 Furti
2178 4319 2266 4369 sed
2284 4321 2336 4369 in
2359 4319 2538 4368 dextro
2553 4329 2702 4366 cornu
2727 4315 2823 4366 fert
2845 4315 3074 4378 stipulam
3107 4317 3187 4368 do.

1903 4424 2119 4480 Sinistri
2167 4435 2296 4476 vero
2339 4418 2590 4489 trianguli
2639 4433 2845 4483 versus,
2875 4434 2905 4473 a
2937 4420 3113 4474 medio
3136 4419 3330 4488 angulo
3363 4421 3463 4473 ini-

1901 4521 2034 4572 tium
2085 4513 2268 4578 sumit,
2315 4509 2564 4581 gradiens
2608 4509 2838 4579 primum
2899 4509 3235 4564 ascendendo
3292 4524 3464 4578 usque

1901 4608 1966 4660 ad
1995 4606 2220 4659 alterum
2241 4599 2514 4670 angulum,
2533 4597 2764 4668 indeque
2788 4613 2884 4668 per
2898 4598 3179 4652 circuitum
3209 4599 3276 4652 ad
3299 4609 3461 4668 caput

1902 4710 2057 4751 suum
2095 4690 2403 4752 revertitur,
2436 4688 2511 4742 ita
2537 4704 2550 4741 :
2577 4675 2708 4742 Cum
2730 4689 2785 4740 in
2807 4688 2913 4741 levo
2943 4687 3216 4742 moderans
3236 4688 3462 4758 disponit

233 4790 437 4860 inquit,
464 4789 600 4855 vitis,
624 4798 781 4844 etuas
805 4790 1061 4860 palmites.
1090 4791 1192 4855 Qui
1213 4801 1385 4844 manet
1410 4792 1462 4845 in
1499 4753 1600 4856 me,
1626 4803 1673 4846 et
1707 4810 1799 4863 ego

1904 4785 2022 4852 iura
2047 4780 2297 4835 modesta.
2335 4776 2594 4832 Modestia
2621 4775 2782 4847 igitur
2804 4790 2900 4845 per
2926 4789 3210 4846 syncopam
3237 4753 3457 4845 scripta,

229 4889 294 4942 in
319 4901 400 4953 eo,
428 4883 513 4939 hic
559 4881 658 4952 fert
699 4881 926 4950 fructum
955 4880 1192 4946 multum,
1226 4883 1346 4947 quia
1381 4882 1490 4934 sine
1542 4897 1620 4935 me
1668 4883 1798 4935 nihil

1905 4891 2000 4943 pro
2030 4869 2383 4941 temperantia
2409 4871 2644 4937 ponitur,
2675 4868 2880 4937 species
2907 4882 3003 4936 pro
3031 4880 3244 4936 genere.

1489 5100 1952 5112 ρ-..α--ος-σ-υ--η
1967 5100 2207 5111 -—._...--.——o
