3940 6326
318 234 411 290 1ἷῖ

1335 231 1779 288 DELAL‘DIBIES
1820 232 1875 286 S.
1916 235 2177 291 CRUCIS.
2207 269 2278 276 —
2306 239 2427 292 LIB.
2467 238 2508 290 1.

3423 243 3518 315 173
3556 245 3560 248 ’

1482 361 1992 422 DECLAllATIO
2036 366 2372 427 FIGURAE.

1751 486 2047 500 ἡ,

385 557 544 610 Recte
590 553 748 621 igitur
788 551 1185 620 quatct'narium
1224 565 1502 603 numerum
1547 549 1869 617 perfectione
1894 548 2090 607 Acum
2127 553 2284 606 Patre
2337 560 2391 606 et
2436 551 2639 621 Spiritu
2681 559 2866 605 sancto
2892 566 3026 606 unus
3072 552 3247 616 Deus,
3297 558 3376 610 cui
3419 561 3518 614 soli

228 678 232 680 -
311 656 574 704 sacratum
613 659 746 712 pene
781 644 953 696 nullus
984 643 1210 711 ignorat,
1241 648 1293 694 et
1328 641 1445 694 ideo
1484 640 1616 692 bene
1643 639 1786 692 illum
1815 639 1864 692 in

311 741 480 794 forma
522 737 698 790 crucis
726 735 919 789 Christi
962 733 1398 802 transﬁguratum
1443 740 1582 786 totus
1603 731 1748 785 orbis
1778 747 1866 784 ve-

309 838 545 886 neratur.
597 826 867 895 Siquidem
897 824 1149 878 mundum
1179 830 1405 891 quatuor
1442 822 1717 874 elementis
1744 837 1866 874 con-

308 929 452 976 stare
481 917 816 970 manifestum
847 921 951 977 est,
980 913 1031 965 id
1056 918 1155 972 est,
1186 911 1328 980 igne,
1352 925 1496 974 acre,
1523 925 1659 978 aqua
1684 919 1736 964 et
1760 919 1888 964 ter-‘

307 1027 386 1065 ra.
420 1011 487 1064 Et
516 1017 680 1062 totum
706 1008 888 1060 orbem
917 1011 1144 1073 quatuor
1170 1001 1442 1055 terminari
1474 1001 1714 1069 partibus
1752 1001 1862 1054 sive

306 1099 513 1170 angulis
534 1105 716 1150 notum
747 1103 847 1156 est,
871 1093 1076 1146 oriente
1101 1089 1301 1144 scilicet
1322 1097 1374 1143 et
1397 1090 1689 1152 occidente,
1713 1089 1862 1157 aqui-

305 1190 427 1243 lonc
451 1197 505 1242 et
536 1186 776 1239 meridie.
811 1183 1048 1249 Quatuor
1070 1194 1282 1249 quoque
1312 1187 1433 1233 sunt
1473 1179 1861 1233 vicissitudines

304 1292 622 1347 temporum,
655 1275 705 1329 id
735 1282 848 1338 est,
879 1287 990 1336 ver,
1016 1279 1193 1334 uastas,
1234 1279 1539 1335 autumnus,
1569 1270 1772 1334 hiems;
1808 1277 1861 1322 et

303 1376 532 1438 quatuor
579 1365 903 1435 quadrantes
956 1360 1214 1414 naturalis
1258 1360 1380 1424 diei,
1418 1360 1468 1413 id
1515 1367 1615 1424 est,
1671 1367 1860 1428 quater

301 1470 444 1510 senae
469 1454 635 1515 bene,
672 1465 788 1521 quae
815 1459 990 1504 tamen
1019 1449 1104 1503 his
1131 1448 1296 1502 initiis
1323 1449 1722 1518 dignoscuntur,
1753 1465 1858 1502 ma-

301 1557 369 1598 ne
401 1538 647 1595 videﬁcet
673 1547 728 1592 et
757 1537 997 1601 meridie,
1027 1551 1248 1604 vespere
1293 1543 1345 1588 et
1384 1536 1719 1603 intempesto.
1753 1534 1858 1587 Sed

298 1632 567 1700 quomodo
605 1629 750 1684 cruci
797 1622 1176 1682 convenienter
1213 1625 1382 1695 possit
1425 1626 1540 1680 ιιωο
1584 1625 1860 1692 dispositio

296 1721 537 1789 coaptari
557 1761 570 1782 ,
602 1717 955 1772 intimandum
985 1724 1085 1770 est.
1135 1715 1192 1769 Si
1223 1730 1348 1785 ergo
1378 1722 1611 1769 erectam
1646 1729 1856 1768 crucem

294 1811 624 1865 voluerimus
645 1808 903 1878 aspicere,
931 1805 1129 1873 ignem,
1157 1805 1296 1872 quod
1319 1819 1624 1873 supremum
1643 1812 1726 1858 est
1747 1803 1858 1858 ele—

1967 645 2366 711 benedictiones
2408 644 2506 699 illa:
2560 651 2898 713 competunt,
2952 659 3082 712 quas
3127 654 3233 699 tres
3273 644 3422 714 pueri
3466 651 3518 704 in

1964 736 2175 790 camino
2215 735 2351 803 ignis
2398 734 2674 798 ardentis,
2730 749 2914 788 omnes
2963 746 3238 789 creaturas
3295 737 3360 790 ad
3405 737 3517 794 lau-

1966 823 2084 876 dem
2124 824 2392 877 Creatoris
2422 823 2768 888 exhortando,
2801 825 3184 900 concinnebant
3224 835 3384 896 atque
3432 830 3512 892 di-

1964 914 2152 965 cebant
2182 930 2194 966 :
2226 912 2538 977 Bcnedicite,
2565 914 2737 966 omnia
2773 930 2927 982 opera
2950 913 3179 979 Domini,
3207 915 3511 984 Domimmi,

1962 1009 2017 1055 et
2058 1011 2268 1056 czetera.
2329 1001 2403 1057 De
2451 1018 2557 1072 quo
2605 1011 2657 1056 et
2710 1001 2987 1056 Psalmista
3043 1003 3171 1059 dicit
3216 1023 3230 1059 :
3280 1004 3516 1062 Laudent

1961 1109 2077 1145 eum
2106 1092 2217 1147 cali
2246 1103 2292 1146 et
2331 1103 2489 1158 terra,
2521 1110 2662 1146 mare
2704 1102 2749 1147 et
2789 1094 2961 1148 omnia
2997 1112 3112 1166 quae
3145 1097 3197 1149 in
3239 1082 3468 1152 eis-sant
3495 1117 3514 1156 :

1961 1181 2083 1249 quia
2108 1223 2122 1247 ,
2177 1185 2468 1238 secundum
2508 1182 2837 1252 Apostolum,
2865 1199 2929 1236 ex
2971 1184 3082 1252 ipso
3131 1195 3177 1238 et
3221 1201 3310 1253 per
3341 1186 3512 1255 ipsum

1959 1283 2006 1328 et
2038 1276 2091 1328 in
2122 1276 2231 1344 ipso
2260 1284 2378 1328 sunt
2409 1277 2604 1338 omnia,
2644 1275 2741 1344 ipsi
2776 1274 2940 1326 honor
2979 1284 3026 1327 et
3058 1273 3223 1344 gloria
3252 1276 3306 1328 in
3325 1275 3517 1329 arcula

1959 1362 2287 1416 saeculorum.
2338 1361 2446 1418 Cur
2499 1377 2628 1416 vero
2676 1362 2728 1415 in
2785 1363 2918 1416 rotis
2973 1371 3202 1431 quatuor
3254 1362 3515 1417 elementa

1957 1450 2070 1504 sive
2099 1459 2329 1520 quatuor
2368 1460 2604 1521 tempora
2635 1467 2726 1506 seu
2754 1460 2985 1520 quatuor
3006 1452 3188 1521 plagas
3211 1452 3392 1505 mundi
3426 1451 3515 1504 de-

1956 1539 2241 1606 pinxerim,
2268 1541 2381 1594 haec
2407 1541 2545 1594 ratio
2573 1548 2675 1603 est,
2703 1541 2827 1608 quia
2852 1541 3024 1593 omnis
3058 1539 3239 1592 mundi
3270 1540 3515 1592 machina

1957 1630 2265 1699 temporalis
2290 1639 2393 1696 est,
2429 1638 2483 1684 et
2512 1631 2739 1698 quadam
2759 1630 3102 1698 permistione
3129 1629 3511 1684 elementorum
3580 1678 3583 1681 .

1959 1724 2118 1786 atque
2161 1732 2410 1773 successu
2451 1703 2752 1789 temporum
2775 1718 3046 1772 variabilis
3075 1719 3185 1773 sive
3208 1718 3476 1778 mutabilis
3499 1758 3512 1782 ,

1960 1805 2239 1862 Salomone
2264 1815 2569 1875 attestante,
2607 1808 2695 1877 qui
2719 1809 2794 1862 ait
2824 1823 2837 1861 :
2871 1805 3058 1861 Omnia
3090 1817 3287 1877 tempus
3307 1809 3510 1872 habent,

295 1908 621 1961 memorum,
661 1896 715 1948 in
747 1909 871 1949 arce
915 1893 1055 1948 illius
1093 1893 1450 1957 collocemus;
1497 1907 1674 1946 aerem
1720 1908 1852 1961 quo-
1878 1892 1926 1949 B
1953 1910 2001 1955 et
2045 1904 2154 1954 suis
2194 1903 2373 1972 spatiis
2417 1911 2686 1957 transeunt
2734 1902 2972 1955 universa
3021 1901 3116 1955 sub
3167 1901 3310 1955 calo.
3362 1900 3511 1958 Nunc

292 2003 398 2054 que
441 1996 499 2040 et
550 2000 766 2054 aquam,
813 2000 931 2052 quae
981 1984 1156 2038 media
1200 1993 1324 2037 sunt
1371 1984 1425 2036 in
1463 1983 1758 2047 elementis,
1801 1985 1850 2037 in

290 2087 600 2130 transverso
620 2075 797 2129 crucis
846 2075 1010 2144 ligno,
1064 2073 1205 2142 quod
1251 2088 1344 2141 per
1390 2073 1621 2126 medium
1656 2074 1852 2141 stipitis

289 2166 457 2219 erecti
485 2165 715 2227 ducitur,
747 2163 1121 2232 consignemus
1144 2178 1157 2224 ;
1191 2170 1387 2214 terram
1409 2175 1555 2226 vero,
1583 2177 1700 2230 qua:
1728 2177 1852 2232 gra-

288 2255 510 2310 vissima
533 2261 615 2308 est
648 2263 704 2308 et
727 2253 892 2306 imum
921 2252 973 2304 in
1005 2250 1268 2304 creaturis
1309 2257 1453 2303 tenet
1498 2251 1688 2313 locum,
1723 2252 1855 2306 infe-

289 2345 422 2398 riori
443 2344 580 2413 parti
601 2344 778 2397 crucis
802 2341 1132 2411 deputemus.
1172 2340 1297 2394 [hee
1331 2341 1524 2410 quippe
1543 2342 1721 2395 omnia
1748 2343 1853 2396 ele-

289 2443 472 2490 menta
511 2435 652 2488 sicut
691 2433 919 2502 quadam
961 2441 1162 2486 natura:
1208 2432 1604 2502 propinquitate
1639 2434 1853 2488 sibimet

288 2527 725 2590 commiscentur,
749 2532 808 2578 ut
837 2525 1014 2579 mundi
1039 2524 1393 2593 integritatem
1425 2523 1700 2594 perﬁciant
1727 2544 1739 2577 :
1778 2526 1850 2579 ita

286 2617 452 2668 etiam
476 2623 702 2684 quatuor
729 2615 969 2683 partibus
1008 2614 1183 2668 crucis
1217 2615 1429 2669 sibimet
1455 2617 1726 2669 sociantur
1747 2657 1762 2680 ,
1791 2623 1852 2670 ut

286 2708 580 2779 perfectam
612 2710 841 2777 speciem
870 2707 987 2778 ejus
1020 2708 1405 2763 demonstrent.
1437 2707 1493 2762 Si
1521 2716 1697 2763 autem
1719 2724 1851 2779 qua-

287 2809 413 2854 tuor
437 2799 604 2870 plagis
644 2801 790 2855 orbis
830 2816 947 2854 eam
995 2799 1216 2854 velimus
1261 2800 1555 2870 assignare,
1581 2798 1849 2868 jacentem

286 2891 573 2944 metiamur
599 2905 818 2945 necesse
858 2899 938 2944 est
978 2890 1049 2943 ita
1098 2908 1110 2940 :
1152 2898 1205 2943 ut
1230 2889 1456 2958 primam
1487 2898 1691 2960 partem
1735 2891 1850 2958 ejus

286 2981 504 3046 orienti,
533 2989 827 3034 extremam
850 2979 1139 3044 occidenti,
1166 2979 1405 3033 dextram
1434 2979 1688 3048 aquiloni,
1721 2979 1849 3032 sini-

287 3080 456 3123 stram
485 3079 666 3125 austro
705 3071 1034 3139 deputemus.
1077 3068 1336 3124 Similiter
1377 3086 1588 3138 quoque
1618 3079 1866 3147 quatuor.

284 3161 680 3217 vicissitudines
703 3170 1001 3230 temporum
1028 3161 1287 3215 naturalis
1308 3161 1434 3226 diei,
1465 3162 1648 3215 eadem
1672 3162 1846 3230 dispo-

287 3250 484 3306 sitione
517 3251 566 3304 in
591 3265 749 3305 cruce
774 3259 998 3320 possunt
1025 3251 1268 3316 adunari,
1301 3260 1370 3304 ut-
1388 3267 1492 3304 una
1521 3252 1725 3319 species
1750 3267 1846 3305 an-

287 3341 345 3393 ni
390 3341 500 3394 sive
529 3340 630 3395 diei
659 3356 892 3411 congrue
941 3341 994 3394 in
1032 3341 1112 3394 his
1135 3349 1292 3410 queat
1317 3342 1543 3396 ostendi.
1571 3342 1677 3396 Ver
1704 3343 1846 3395 enim

287 3440 450 3498 atque
493 3445 682 3484 aurora
722 3440 898 3485 ortum
943 3429 1079 3485 lueis
1117 3438 1172 3484 et
1215 3431 1563 3486 coalescentia
1605 3432 1659 3485 in
1705 3440 1847 3486 terra

286 3520 528 3588 germina
555 3520 740 3574 ordine
768 3536 865 3575 suo
883 3520 1181 3590 proferunt,
1213 3529 1266 3576 et
1287 3524 1356 3577 ob
1385 3523 1488 3577 hoc
1519 3522 1653 3576 bene
1674 3522 1850 3580 orien-

289 3611 330 3664 ti
358 3611 696 3680 deputantur.
726 3611 907 3668 £stas
940 3620 1118 3668 autem
1160 3622 1318 3681 atque
1359 3613 1608 3668 meridies
1631 3621 1849 3682 propter

289 3697 553 3753 fervorem
598 3706 781 3754 austro
828 3710 1161 3769 coaptantur,
1213 3703 1336 3772 quia
1376 3703 1500 3756 dum
1546 3703 1600 3757 in
1648 3704 1848 3758 eisdem

287 3787 413 3842 (εωιί
442 3788 680 3856 partibus
704 3789 780 3842 sol
808 3789 1062 3858 erigitur,
1095 3789 1436 3860 ﬁagrantiore
1458 3792 1714 3846 mundum
1741 3801 1850 3845 tor-

288 3885 376 3929 ret
402 3876 592 3930 calore.
623 3876 920 3931 Autumnus
960 3892 1189 3948 namque
1223 3887 1277 3932 et
1321 3893 1538 3947 vespera
1559 3879 1679 3949 jure
1709 3879 1850 3934 occi-

287 3965 435 4020 denti
463 3964 852 4044 mancipantur,
886 3979 950 4020 eo
982 3967 1122 4035 quod
1162 3973 1290 4022 tunc
1315 3967 1552 4022 omnium
1577 3967 1846 4023 fructuum

288 4063 449 4107 terra:
476 4053 664 4107 messis
693 4053 893 4119 ﬁnitur,
921 4061 974 4108 et
1006 4061 1117 4109 tota
1142 4054 1244 4108 diei
1272 4049 1440 4125 'spatia
1472 4057 1844 4109 terminantur.

289 4144 474 4197 lliems
500 4158 626 4212 ergo
667 4150 722 4196 et
746 4143 1120 4212 intempestum
1160 4145 1508 4213 septentrioni
1549 4144 1847 4198 assimilan-

286 4244 398 4297 tur,
445 4247 508 4287 eo
551 4233 692 4302 quod
735 4240 859 4286 tunc
906 4242 1046 4287 terra
1086 4233 1284 4304 frigore
1326 4242 1554 4306 torpeat,
1594 4244 1648 4290 et
1680 4236 1848 4303 magis

284 4323 455 4390 quieti
484 4336 644 4389 quam
664 4321 819 4375 alicui
842 4321 990 4390 operi
1020 4329 1228 4392 tempus
1250 4332 1604 4393 opportunum
1628 4325 1716 4376 sit.
1747 4324 1833 4393 lgi-

285 4422 377 4464 tur
409 4410 533 4462 dum
563 4410 740 4464 omnia
768 4424 868 4479 per
889 4425 1103 4465 crucem
1131 4421 1339 4467 constat
1366 4428 1483 4468 esse
1513 4423 1842 4481 recuperata,

279 4511 339 4554 ct
372 4516 468 4568 per
502 4498 704 4553 Christi
740 4501 1040 4568 passionem
1086 4510 1270 4556 renata
1307 4518 1369 4557 ac
1397 4503 1669 4556 mehorata
1698 4543 1711 4567 ,
1746 4503 1846 4555 rite

279 4592 350 4646 ad
397 4591 512 4662 ejus
561 4588 773 4644 laudem
820 4598 1008 4646 cuncta
1052 4592 1386 4656 conveniunt,
1439 4593 1561 4660 quia
1602 4589 1716 4660 ipsc
1758 4600 1839 4645 est

1954 1990 2090 2060 ignis
2107 2007 2287 2046 aerem
2311 1993 2497 2058 siccat,
2528 2007 2664 2062 aqua
2691 1991 3044 2046 humidiorem
3067 1991 3213 2055 facit,
3239 2006 3380 2046 nunc
3403 1999 3512 2045 ter-

1953 2094 2012 2132 ra
2043 2095 2305 2149 aquarum
2339 2082 2690 2136 alluvionibus
2721 2080 2972 2144 afﬁcitur,
3004 2096 3145 2135 nunc
3167 2081 3293 2136 solis
3320 2081 3514 2136 ardore

1953 2168 2201 2221 siccatur.
2230 2169 2383 2238 Aqua
2411 2169 2603 2238 quippe
2630 2177 2819 2222 natura
2860 2168 3070 2223 mobilis
3104 2176 3213 2231 est,
3245 2177 3299 2222 et
3326 2163 3511 2238 qu'em-

1952 2255 2072 2308 dam
2100 2254 2356 2309 circulum
2377 2271 2537 2310 cursu
2575 2255 2806 2310 conﬁcit.
2834 2256 3023 2310 Omnia
3062 2257 3280 2325 ﬂumina
3298 2297 3312 2322 ,
3342 2257 3515 2326 inquit

1952 2344 2382 2411 Ecclesiasticus,
2422 2346 2616 2399 intrant
2650 2348 2703 2399 in
2729 2363 2892 2412 mare,
2925 2356 2972 2401 et
3010 2363 3154 2400 mare
3192 2364 3294 2402 non
3321 2348 3512 2401 redun-

1951 2433 2061 2501 dat,
2090 2433 2158 2486 ad
2184 2433 2352 2487 locum
2379 2435 2513 2488 unde
2527 2445 2711 2489 exeunt
2729 2437 2948 2504 ﬂumina
2977 2445 3316 2501 revertuntur,
3342 2446 3395 2489 ut
3413 2438 3510 2488 ile-

1949 2539 2065 2576 rum
2087 2525 2273 2592 ﬂuant.
2305 2525 2445 2595 Ignis
2464 2539 2674 2594 quoque
2702 2524 2946 2580 similiter
2981 2526 3276 2581 naturalem
3305 2532 3508 2580 motum

1948 2613 2110 2667 habet
2159 2615 2295 2668 unde
2326 2614 2392 2667 ad
2419 2614 2607 2668 altiora
2642 2628 2698 2669 se
2733 2630 2943 2684 semper
2970 2615 3126 2685 erigit
3157 2630 3430 2679 accensus,
3456 2623 3511 2668 et

1949 2701 2123 2757 locum
2155 2704 2254 2757 sibi
2282 2701 2588 2777 super’aera
2614 2707 2820 2773 qumrit.
2853 2705 3168 2760 Discurrunt
3195 2704 3424 2775 fulgura,
3454 2712 3508 2759 et

1949 2794 2150 2848 crebris
2191 2795 2352 2849 micat
2381 2795 2590 2865 ignibus
2620 2798 2816 2850 aether.
2856 2795 3116 2865 Tempora
3147 2811 3373 2864 namque
3400 2797 3502 2850 cir.
3537 2858 3541 2861 τ

1951 2886 2085 2940 culis
2127 2894 2406 2940 transeunt
2427 2929 2440 2953 ,
2479 2896 2534 2942 et
2559 2889 2948 2944 vicissitudines
2977 2899 3202 2959 quatuor
3233 2898 3502 2944 ternorum

1950 2979 2212 3033 mensium
2239 2979 2457 3034 orbibus
2506 2989 2650 3034 eunt.
2698 2979 2881 3034 Annus
2925 2995 3134 3049 quoque
3173 2980 3240 3034 ab
3275 2979 3510 3050 eoun

1949 3086 2163 3140 semper
2185 3080 2426 3126 vertatur
2448 3113 2462 3137 ,
2494 3081 2548 3126 et
2574 3073 2626 3126 in
2655 3087 2711 3126 se
2739 3073 2920 3127 redeat
2948 3087 3137 3126 nomen
3161 3071 3384 3140 accepit.
3420 3071 3508 3124 Di-

1947 3161 2087 3215 citur
2104 3171 2158 3215 et
2177 3163 2323 3216 orbis
2345 3171 2500 3217 terrm
2525 3172 2578 3218 et
2599 3165 2804 3233 vertigo
2827 3163 2929 3232 poli
2958 3172 3127 3216 terras
3149 3171 3308 3231 atque
3328 3177 3505 3230 aequo-

1950 3252 2472 3306 racircumvolvere.
2503 3253 2712 3322 Gyrans
2739 3253 2974 3323 gyrando
3000 3253 3144 3306 vadit
3175 3252 3412 3321 spiritus,
3448 3260 3502 3306 et

1949 3337 2004 3391 in
2033 3338 2260 3392 circulos
2279 3352 2404 3394 suos
2428 3341 2728 3396 revertitur.
2751 3341 2994 3410 Quinque
3015 3348 3195 3395 tenent
3218 3356 3364 3394 zona:
3395 3356 3508 3395 ca:-

1949 3429 2081 3494 lum,
2110 3428 2355 3499 obliquus
2379 3446 2483 3500 qua
2527 3446 2585 3486 se
2627 3431 2899 3500 signorum
2939 3430 3160 3484 verterit
3188 3430 3336 3484 ordo.
3366 3428 3504 3483 Sunt

1949 3535 2160 3588 quoque
2184 3530 2238 3575 et
2263 3521 2362 3589 ipsi
2383 3537 2570 3576 versus
2594 3523 2647 3576 in
2665 3523 2787 3576 totis
2810 3523 3094 3590 conscripti
3123 3522 3365 3591 sphaerici
3391 3522 3503 3577 sive

1947 3608 2223 3663 circularis
2252 3609 2457 3663 numeri
2501 3628 2513 3663 :
2547 3610 2601 3664 id
2628 3619 2725 3674 est,
2753 3612 2967 3682 triginta
2997 3626 3089 3665 sex
3119 3611 3207 3680 qui
3233 3625 3328 3680 per
3350 3625 3506 3666 sena-

1949 3701 2085 3754 rium
2142 3699 2354 3756 senario
2407 3700 2752 3770 multiplicato
2794 3700 2848 3754 in
2897 3701 3162 3756 senarium
3215 3700 3509 3764 terminat,
3567 3763 3572 3770 _

1949 3800 2175 3853 quorum
2210 3789 2414 3856 primus
2440 3789 2492 3842 in
2526 3804 2772 3858 supremo
2801 3789 3001 3844 circulo
3024 3790 3109 3844 hic
3134 3799 3215 3844 est
3239 3804 3425 3847 versus
3457 3807 3472 3845 :

2070 3906 2169 3956 Ver
2192 3909 2355 3958 oriens
2378 3911 2506 3970 ignis
2529 3920 2698 3960 aurora
2717 3912 2807 3961 hac
2825 3919 2960 3974 parte
2983 3912 3218 3965 relucent.

1945 4006 2003 4060 In
2034 4006 2213 4062 inﬁmo
2236 4024 2363 4064 vero
2381 4010 2466 4064 hic
2494 4028 2506 4063 :

2069 4121 2354 4180 Autumnus,
2377 4122 2633 4184 zephyros,
2654 4124 2800 4173 tellus
2823 4132 2874 4175 et
2896 4136 3102 4187 vespera
3125 4125 3204 4174 hic
3222 4127 3291 4174 tit.

1948 4223 2144 4276 Dextro
2172 4238 2400 4295 namque
2428 4223 2517 4277 hic
2555 4241 2567 4276 :

2068 4333 2243 4383 Arcton
2263 4333 2420 4382 hiems
2441 4333 2631 4394 lympha
2654 4334 2811 4384 media
2830 4345 2922 4383 nox
2945 4345 3064 4384 ecce
3091 4333 3274 4384 Iocatze.

1945 4436 2010 4489 Et
2032 4439 2081 4489 in
2102 4436 2315 4490 sinistro
2337 4435 2424 4489 hic
2445 4451 2631 4491 versus
2661 4455 2672 4487 :

2075 4548 2190 4602 Aer,
2208 4552 2371 4610 astas,
2388 4552 2572 4602 auster,
2598 4547 2692 4597 arci
2717 4547 2795 4597 hic
2818 4548 2878 4598 sit
2901 4547 3240 4610 meridicsque.

1537 4777 1727 4788 on—
1740 4773 1868 4788 ι’*-
1876 4772 2250 4786 "——
