3940 6326
257 197 353 254 181

1275 202 1361 257 DE
1399 199 1732 258 LAUDIBUS
1771 203 1826 255 S.
1865 200 2128 258 CRUCIS.
2162 233 2230 242 -—
2256 201 2380 255 LIB.
2419 203 2458 254 l.

1434 333 1943 393 DECLARATIO
1989 333 2326 393 FIGURIE.

331 539 695 595 Duodenarius
745 555 872 612 ergo
919 558 1173 598 numerus
1219 559 1377 611 quain
1421 544 1556 596 bene
1588 551 1642 595 et
1688 549 1810 609 apte
1837 545 1888 604 Α
1912 542 2102 594 summi
2127 540 2395 610 pontiﬁcis
2417 539 2695 593 duodecim
2722 538 2924 607 lapides
2952 538 3468 606 pretiosi,quaterno

260 641 458 688 sancta:
479 633 622 686 cruci
646 633 945 699 conveniat,
975 649 1078 688 non
1096 649 1272 702 parvae
1294 633 1516 686 rationis
1544 640 1626 685 est
1654 631 1813 684 intel-

259 723 457 794 ligere:
489 724 683 792 quippe
701 738 820 776 cum
846 724 1120 778 duodecim
1133 723 1274 776 venti
1299 714 1423 786 sint,
1447 722 1536 790 qui
1561 722 1814 777 mundum

259 811 507 883 perflant,
540 821 593 866 et
633 813 908 867 duodecim
929 814 1078 884 signa
1106 812 1329 875 zodiaci,
1369 811 1561 878 quibus
1610 818 1815 878 septem

260 904 486 973 planetu:
508 903 738 959 circulos
762 919 886 958 suos
920 906 1164 959 ordinate
1208 911 1260 954 et
1285 901 1538 970 disposite
1568 908 1814 970 pergunt,

261 1006 319 1049 et
347 994 624 1048 duodecim
655 1009 884 1058 nienses,
925 995 1117 1064 quibus
1152 1008 1360 1047 annuus
1397 1007 1584 1046 cursus
1612 993 1819 1060 peragi—

264 1096 388 1151 tur;
435 1087 831 1157 artilieialisque
870 1088 973 1141 diei
1019 1086 1163 1140 hora:
1195 1086 1493 1150 duodecim,
1523 1087 1716 1155 quibus
1741 1088 1819 1141 sol

265 1185 431 1232 totam
457 1177 792 1245 superficiem
824 1185 982 1230 terra:
1011 1175 1268 1242 illustrat;
1299 1176 1576 1229 duodecim
1611 1190 1820 1244 quoque

262 1267 625 1335 patriarchae,
680 1282 745 1319 ex
794 1265 987 1333 quibus
1033 1264 1208 1318 omnis
1256 1264 1536 1317 multitudo
1591 1263 1818 1318 filiorum

262 1356 428 1410 Israel
449 1364 737 1426 propagata
765 1363 866 1419 est,
897 1369 1016 1423 quae
1058 1363 1253 1408 terram
1283 1355 1712 1422 repromissionis
1739 1369 1822 1410 se-

263 1446 499 1502 cundum
558 1454 732 1499 sortes
763 1443 1040 1497 duodecim
1082 1443 1315 1497 tribuum
1343 1443 1596 1511 possedit,
1645 1459 1674 1496 a
1705 1444 1821 1511 qui-

261 1540 366 1593 bus
405 1541 574 1592 exorti
625 1547 748 1592 sunt
778 1537 1067 1607 prophetae,
1117 1539 1279 1591 divini
1317 1547 1500 1606 partus
1527 1553 1818 1608 prmcones.

266 1629 422 1683 Unde
443 1638 497 1682 et
517 1630 628 1696 ipse
652 1628 896 1682 Salvator
926 1643 1142 1683 carnem
1170 1630 1460 1697 suscipere,
1491 1637 1545 1681 et
1566 1629 1706 1682 inter
1729 1629 1823 1683 bo-

263 1719 441 1771 mines
467 1718 614 1770 nasci
643 1718 888 1786 dignatus
916 1726 997 1771 est
1031 1737 1041 1770 :
1080 1719 1169 1786 qni
1203 1717 1288 1771 lux
1314 1719 1364 1772 in
1395 1720 1538 1772 hunc
1569 1718 1822 1791 mundum

262 1808 506 1871 veniens,
535 1807 808 1862 duodecim
828 1809 1114 1876 apostolos,
1141 1824 1274 1877 quos
1300 1825 1364 1863 ex
1398 1810 1508 1878 ipsa
1537 1817 1692 1878 gente
1721 1808 1826 1862 ele-

1917 647 2073 684 versu
2101 631 2362 699 dispositi,
2394 639 2448 683 et
2475 630 2749 684 duodecim
2788 630 3217 699 patriarcharum
3247 633 3476 685 nominis

1919 723 2154 792 inscripti
2182 726 2502 778 videbantur
2548 723 2768 792 imponi,
2802 730 2859 775 ut
2885 721 3246 791 pulcherrimo
3275 722 3474 792 pande-

1920 825 2083 880 retur,
2107 817 2282 869 omnia
2313 813 2608 884 spiritualia
2635 813 2976 876 charismata,
3000 828 3116 880 qua:
3141 813 3332 883 singuli
3359 812 3476 881 qui-

1919 919 2020 972 que
2046 914 2348 958 sanctorum
2376 904 2572 957 viritim
2613 919 2679 958 ex
2704 911 2855 970 parte
2879 901 3247 970 perficiebant,
3290 903 3342 954 in
3370 917 3479 954 me-

1921 996 2128 1049 diatore
2169 997 2260 1049 Dei
2282 1005 2337 1050 et
2361 996 2636 1050 hominum
2667 995 2883 1049 homine
2913 994 3126 1048 Christo
3156 993 3302 1055 Jesu,
3335 993 3476 1061 pari-

1921 1097 2003 1141 ter
2031 1096 2083 1141 et
2129 1087 2366 1156 perfecte
2412 1087 2576 1142 fuisse
2605 1086 2886 1154 completa.
2921 1084 3070 1150 Quod
3110 1085 3162 1137 in
3195 1083 3480 1154 Evangelia

1920 1195 2130 1248 quoque
2165 1178 2397 1232 Joannes
2448 1188 2678 1234 testatur
2707 1196 2718 1230 :
2751 1177 2818 1230 Et
2849 1178 3076 1241 verbum,
3121 1177 3312 1245 inquit,
3360 1192 3480 1228 caro

1921 1270 2114 1340 factum
2159 1281 2256 1334 est,
2301 1279 2344 1323 et
2376 1269 2618 1323 habitavit
2648 1271 2701 1322 in
2733 1269 2898 1332 nobis,
2931 1278 2974 1320 et
3006 1268 3226 1320 vidimus
3262 1265 3478 1335 gloriam

1921 1360 2053 1429 ejus,
2084 1358 2302 1427 gloriam
2338 1356 2487 1426 quasi
2511 1357 2760 1426 unigeniti
2782 1373 2812 1408 a
2850 1354 3028 1419 Patre,
3055 1354 3265 1423 plenum
3312 1353 3481 1422 gratia

1921 1459 1966 1504 et
1993 1450 2219 1504 veritate.
2245 1449 2310 1502 Et
2332 1448 2488 1516 paulo
2521 1456 2638 1517 post
2663 1465 2675 1499 :
2708 1447 2774 1500 Et
2796 1448 2856 1499 de
2881 1446 3197 1516 plenitudine
3226 1445 3340 1514 ejus
3387 1459 3479 1495 nos

1924 1552 2095 1591 omnes
2125 1538 2438 1605 accepimus,
2467 1545 2513 1588 et
2540 1536 2760 1603 gratiam
2788 1551 2880 1601 pro
2912 1535 3101 1602 gratia,
3133 1534 3253 1601 quia
3292 1531 3375 1584 lca:
3393 1547 3484 1600 per

1926 1626 2140 1696 Moysen
2161 1625 2284 1677 data
2308 1633 2400 1689 est,
2427 1624 2595 1694 gratia
2617 1631 2663 1676 et
2688 1625 2877 1675 veritas
2901 1638 2988 1674 uer
3012 1620 3193 1674 Iesum
3221 1617 3486 1675 Christum

1925 1711 2065 1780 facta
2095 1721 2190 1765 est.

1996 1799 2168 1855 Habet
2190 1814 2318 1870 ergo
2350 1799 2466 1854 huic
2495 1799 2705 1869 species
2734 1805 2934 1852 sanctae
2957 1796 3131 1852 crucis
3155 1797 3205 1850 in
3237 1786 3489 1850 cornibus

265 1897 344 1964 git
381 1895 461 1950 sol
497 1894 737 1961 justitiae,
791 1898 843 1950 in
874 1898 1127 1951 horarum
1155 1899 1499 1952 similitudine
1527 1899 1817 1963 illustrans,
1849 1886 1896 1942 B
1923 1890 2034 1945 suis
2081 1898 2264 1944 ternas
2314 1889 2500 1954 lineas.
2553 1897 2611 1942 ιιι
2653 1890 3001 1952 demonstret.
3025 1886 3168 1955 quod
3197 1886 3336 1940 sicut
3373 1885 3486 1953 ipsa

264 2002 365 2056 per
391 1995 609 2040 cunctas
638 1987 816 2056 plagas
838 1987 1003 2050 orbis,
1034 1989 1099 2041 ad
1125 1998 1321 2042 sancta:
1357 1989 1636 2043 Trinitatis
1665 1988 1820 2042 fidem

265 2078 662 2147 praedicandam
692 2079 905 2134 direxit.
941 2081 1007 2134 Et
1043 2082 1093 2134 in
1125 2082 1348 2135 aadilicio
1373 2083 1606 2137 ccelestis
1640 2083 1827 2138 Hieru—

267 2167 437 2222 salem
456 2166 692 2234 ejusdem
718 2172 922 2222 numeri
947 2179 1334 2223 sacramentum
1362 2171 1723 2239 multipliciter
1745 2173 1826 2225 in-

267 2258 539 2321 sinuatur,
583 2259 723 2325 quod
745 2257 1091 2327 Apocalypsis
1113 2259 1322 2325 quidem
1352 2259 1605 2323 ostendit,
1629 2261 1718 2313 ubi
1748 2261 1823 2312 ita

269 2345 533 2413 scriptum
579 2353 706 2399 est:
748 2346 814 2398 Et
866 2347 1084 2400 ostendit
1129 2347 1254 2398 mihi
1303 2348 1556 2400 civitatem
1594 2359 1827 2401 sanctam

273 2434 628 2498 Hierusalem,
671 2435 1056 2488 descendentem
1102 2435 1164 2488 de
1186 2435 1329 2499 caelo,
1363 2453 1393 2488 a
1424 2435 1533 2490 Deo
1561 2438 1829 2490 habentem

268 2522 560 2577 claritatem
615 2522 709 2576 Dei
742 2536 760 2573 :
789 2522 962 2575 lumen
1011 2523 1123 2592 ejus
1177 2522 1344 2576 simile
1387 2523 1549 2593 lapidi
1587 2525 1828 2594 pretioso,

271 2621 523 2680 tanquam
552 2610 740 2680 lapidis
764 2612 1010 2681 jaspidis,
1055 2613 1185 2666 sicut
1225 2613 1546 2678 cristallum;
1595 2624 1642 2667 et
1679 2614 1834 2668 habe-

273 2701 364 2753 bat
412 2717 620 2754 murum
649 2717 891 2770 maguum
919 2711 964 2754 et
991 2701 1174 2765 altum,
1203 2701 1393 2754 habens
1417 2711 1592 2771 portas
1638 2703 1836 2756 duode-

272 2789 398 2853 cim,
424 2798 470 2840 et
494 2789 544 2840 in
570 2789 728 2857 portis
759 2788 964 2857 angelos
995 2789 1284 2854 duodecim,
1319 2799 1364 2843 et
1391 2791 1600 2844 nomina
1621 2793 1831 2861 scripta,

271 2892 394 2945 quae
417 2887 536 2928 sunt
566 2879 775 2930 nomina
802 2877 1071 2934 duodecim
1106 2879 1330 2931 tribuum
1370 2879 1598 2947 ﬁliorum
1645 2879 1832 2935 Israel.

273 2964 356 3016 Ab
385 2966 580 3018 oriente
616 2976 778 3034 portae
807 2974 928 3029 tres,
958 2967 1020 3020 ab
1044 2968 1282 3038 aquilone
1309 2980 1469 3037 porta:
1496 2980 1618 3034 tres,
1647 2971 1710 3023 ab
1740 2989 1838 3024 au-

274 3063 388 3107 stro
405 3064 566 3123 porta:
595 3064 717 3121 tres,
748 3057 882 3110 etab
905 3073 1089 3110 occasu
1123 3069 1284 3128 porta:
1311 3069 1448 3123 tres;
1478 3070 1524 3112 et
1555 3077 1734 3114 murus
1764 3064 1836 3115 ci-

273 3148 449 3201 uitatis
477 3147 665 3202 habens
692 3149 1031 3218 fundamenta
1061 3150 1348 3214 duodecim,
1382 3159 1428 3204 et
1470 3152 1522 3204 in
1552 3153 1675 3221 ipsis
1703 3153 1836 3206 duo-

274 3237 446 3289 decim
471 3215 983 3291 nomina‘duodecim
1009 3239 1367 3308 Apostolorum
1388 3249 1436 3294 et
1464 3215 1606 3310 agni,
1629 3251 1684 3296 et
1711 3243 1838 3297 reli-
1866 3215 1910 3276 θ

274 3339 407 3392 qua.
438 3322 632 3378 Sancta
678 3324 821 3379 enim
849 3325 1084 3381 Ecclesia
1114 3327 1167 3380 in
1197 3328 1296 3381 hoc
1326 3328 1550 3382 aediﬁcio
1578 3331 1837 3398 spirituali

277 3412 633 3482 signiﬁcatur,
661 3430 779 3483 quae
805 3423 887 3470 est
918 3415 1152 3471 caelestis
1186 3417 1434 3472 videlicet
1483 3418 1834 3487 Hierusalem,

277 3509 339 3556 et
363 3503 493 3557 urbs
535 3505 674 3574 regis
715 3507 912 3575 magni,
945 3506 1096 3577 cujus
1142 3506 1336 3562 artifex
1383 3517 1437 3563 et
1478 3509 1723 3564 conditor
1758 3521 1842 3566 est

283 3593 445 3658 Deus,
475 3597 566 3665 qui
609 3597 1012 3652 fundamentum
1055 3596 1169 3666 ejus
1193 3599 1348 3653 simul
1374 3610 1427 3654 et
1454 3604 1841 3658 consummatio

281 3694 386 3747 est,
415 3686 502 3751 qui
532 3701 629 3753 pro
653 3686 810 3740 nobis
837 3687 998 3741 etiam
1017 3687 1255 3757 pontifex
1302 3687 1418 3744 ﬁeri
1449 3690 1698 3760 dignatus
1723 3701 1837 3759 est,

281 3783 346 3826 ut
376 3775 576 3843 proprii
599 3776 876 3846 sanguinis
904 3777 1076 3831 hostia
1101 3778 1338 3847 ejusdem
1381 3779 1579 3832 moenia
1609 3780 1842 3836 civitatis

279 3862 522 3916 ablueret
549 3866 750 3932 pariter
774 3873 933 3933 atque
973 3866 1258 3921 dedicaret.
1291 3866 1481 3922 Omnia
1511 3882 1841 3939 quaecunque

267 3952 443 4008 habet
475 3956 690 4024 propria
721 3971 851 4026 pace
887 3957 998 4026 ipse
1019 3959 1273 4027 possidet,
1293 3959 1434 4014 unde
1459 3965 1512 4015 et
1545 3959 1599 4013 in
1622 3970 1840 4029 pectore

1926 1981 2113 2034 dextra
2163 1979 2422 2048 laevaque,
2473 1979 2524 2032 in
2573 1979 2775 2032 directo
2821 1977 3036 2031 tramite
3067 1990 3165 2029 suo
3193 1974 3399 2030 vicinas
3438 1980 3493 2028 et

1925 2067 2325 2122 coadhazrentes
2369 2068 2541 2122 lineas
2594 2068 2772 2131 habet,
2820 2067 2892 2119 ita
2939 2074 3220 2119 ventorum
3261 2071 3490 2134 quatuor

1928 2160 2276 2214 cardinalium
2318 2158 2708 2228 principalitas,
2748 2158 2801 2210 in
2850 2159 3035 2211 dextra
3087 2157 3220 2210 etin
3265 2155 3486 2209 sinistra

1928 2255 2117 2301 ventos
2147 2246 2279 2301 alios
2304 2248 2570 2315 positione
2599 2261 2694 2300 sua
2739 2246 3030 2309 consociat,
3079 2245 3158 2299 sic
3183 2253 3237 2298 et
3265 2251 3493 2312 quatuor

1931 2343 2192 2402 tempora,
2223 2341 2403 2389 ternos
2429 2349 2638 2388 menses
2660 2333 2862 2402 singula
2884 2334 3156 2398 habentia,
3179 2333 3291 2386 sive
3316 2334 3482 2401 aequi-

1931 2423 2126 2476 noctiis
2145 2423 2257 2476 sive
2286 2422 2531 2477 solstitiis
2558 2423 2754 2485 media,
2774 2422 2923 2490 juxta
2954 2423 3211 2491 quosdam
3239 2421 3492 2476 dirimun-

1935 2519 2022 2564 tur
2051 2529 2062 2564 :
2093 2513 2232 2580 quod
2263 2511 2336 2564 illi
2363 2511 2578 2580 planum
2602 2513 2724 2576 erit,
2756 2513 2846 2580 qui
2872 2511 3176 2566 Graecorum
3206 2525 3297 2565 seu
3328 2510 3493 2580 Aﬂgy-

1934 2602 2164 2668 ptiorum
2196 2601 2260 2656 de
2295 2603 2622 2670 temporibus
2656 2603 2889 2656 rationes
2923 2600 3135 2655 sedulus
3167 2600 3373 2663 discere
3409 2614 3496 2652 cu-

1936 2700 2037 2746 rat.
2079 2691 2213 2745 Sunt
2235 2687 2413 2746 autem
2441 2693 2494 2746 in
2530 2693 2642 2761 ipsa
2669 2707 2828 2746 cruce
2875 2693 2978 2746 duo
3009 2706 3192 2746 versus
3239 2692 3492 2745 hexame-

1939 2783 2027 2847 tri,
2064 2798 2289 2851 quorum
2319 2783 2469 2852 prior
2499 2783 2552 2836 in
2583 2781 2911 2852 longitudine
2941 2797 2971 2835 a
3011 2796 3219 2836 summo
3243 2781 3495 2836 deorsum

1938 2874 2155 2937 vadens,
2193 2875 2280 2929 hic
2306 2881 2388 2929 est
2418 2891 2432 2927 :

2061 2985 2114 3034 ln
2141 2998 2287 3034 cruce
2311 2997 2439 3036 nunc
2456 2997 2671 3047 menses,
2691 2986 2844 3045 venti,
2869 2984 3185 3047 duodenaque
3218 2987 3372 3047 signa.

1939 3089 2040 3156 Qui
2072 3099 2250 3143 autem
2273 3089 2327 3143 in
2352 3087 2631 3144 latitudine
2657 3089 2868 3153 transit,
2902 3089 3000 3143 iste
3020 3066 3143 3142 est:

2066 3198 2199 3248 Grex
2223 3205 2273 3247 et
2297 3199 2586 3261 apostolicus
2606 3198 2858 3248 decoratur
2883 3197 2992 3258 luce
3014 3208 3223 3246 corusca.

1940 3303 2076 3358 Sunt
2105 3305 2319 3372 quidem
2354 3311 2408 3357 et
2432 3303 2521 3357 alii
2558 3303 2662 3357 duo
2693 3316 2878 3356 versus
2907 3301 3223 3370 pentametri
3257 3300 3322 3371 in_
3341 3301 3496 3354 lineis

1941 3394 2304 3463 adjacentibus
2355 3393 2607 3447 cornibus
2639 3393 2836 3454 crucis,
2866 3405 3093 3459 quorum
3116 3403 3252 3442 unus
3279 3402 3372 3457 per
3398 3405 3496 3442 an-

1941 3482 2170 3538 fractum
2212 3482 2526 3552 longitudini
2556 3481 2734 3534 crucis
2763 3494 2924 3549 supra
2955 3479 3196 3545 infraque
3226 3477 3501 3547 copulatur

1944 3573 2056 3626 ita:

2065 3681 2186 3729 Sunt
2211 3693 2404 3742 quoque
2427 3682 2647 3729 consocta
2671 3679 2748 3727 hic
2768 3679 2906 3740 stips,
2935 3675 3094 3739 plaga,
3133 3683 3185 3727 et
3204 3678 3334 3726 orbis
3363 3687 3498 3738 Opus.

1941 3786 2090 3840 Alter
2109 3800 2237 3840 vero
2264 3786 2499 3840 dextera:
2523 3799 2586 3838 ac
2610 3783 2740 3838 levae
2761 3783 2899 3853 parti
2934 3781 2985 3836 in
3017 3782 3299 3836 latitudine
3332 3781 3502 3836 sociae

1941 3875 2104 3941 bitur,
2130 3877 2203 3929 ita
2235 3893 2249 3927 :

2067 3975 2235 4024 Sancta
2251 3973 2381 4024 valet
2395 3971 2582 4023 celebri
2604 3977 2677 4021 ast
2697 3981 2816 4020 crux
2835 3969 2950 4019 dare
2964 3967 3087 4020 calle
3109 3971 3286 4020 bonum
3310 3970 3414 4020 hoc.
