3940 6320
221 111 232 138 (

208 312 308 369 185

1205 308 1291 364 DE
1327 307 1668 365 LAUDIBUS
1705 306 1762 362 S.
1804 307 2068 366 CRUCIS.
2105 340 2173 350 —
2211 309 2338 365 LIB.
2379 312 2416 365 Ι.

3324 321 3421 377 183

202 425 436 505 llmcque
464 421 627 476 decus
647 418 828 505 mundi
855 427 954 474 est.
990 421 1115 505 _Se_m
1148 422 1284 505 regit
1309 429 1451 505 astra
1487 417 1763 505 poli
1791 428 1837 484 Α
1867 422 2146 505 εξῃεειίοος
2169 426 2415 505 populos,
2443 440 2476 505 o
2513 428 2703 495 singuli
2734 439 2787 505 et
2818 433 3049 505 undique
3094 433 3344 505 fulgeant.

203 489 376 548 Donat
395 505 585 560 magna
614 489 760 544 salus
790 490 888 544 hoc
915 490 1040 544 sede
1062 492 1182 554 hac,
1209 489 1546 558 clautrasque
1572 491 1693 544 ρωιὶ

203 564 346 616 Laus
373 559 644 614 hominum
685 559 797 613 haec
839 560 952 613 odis
999 560 1179 629 planat
1212 569 1404 614 cuncta
1430 560 1520 612 Dei
1546 560 1758 613 hausta.

203 632 317 685 Lux
337 629 468 684 abiit
490 644 609 683 cum
627 644 833 699 summa
853 629 995 699 jugis
1017 631 1243 696 primum
1268 637 1411 683 astra
1434 629 1629 699 aditen
1661 629 1759 694 sol,

199 704 378 769 Atque
398 697 851 769 sacrameﬂigicm
880 697 1048 752 hostis
1079 699 1324 769 inardua
1347 698 1488 751 sistit
1518 697 1756 751 Hiesum.

201 766 336 823 Nam
371 769 552 822 Iudaea
593 766 826 822 fremens
856 770 988 823 satis
1014 768 1204 822 extulit
1229 768 1421 821 arbore
1449 781 1684 834 pomum,
1709 775 1763 821 et
1837 816 1840 819 .

198 843 318 907 Quo
367 838 467 891 hoc
513 847 732 907 possent
777 839 1036 907 tetragoni
1085 852 1327 906 quaerere
1353 835 1593 904 partibus
1616 836 1761 907 orbis

197 905 402 984 ﬁentes
424 914 476 960 et
491 905 681 984 populi
701 922 765 984 ex
792 905 1042 975 quattuor
1064 905 1491 984 maris_undique
1512 905 1755 984 summis.

199 977 429 1044 Haecque
475 975 637 1043 dap'es
663 977 784 1030 vitae
813 984 1185 1031 monstrantur
1220 977 1285 1029 de
1326 990 1486 1029 cruce
1528 975 1754 1029 cunctis.

197 1046 353 1113 Quod
382 1046 646 1100 satientur
679 1047 771 1106 ibi,
801 1054 856 1100 et
882 1047 1059 1102 decies
1087 1045 1362 1114 decuplata
1394 1049 1686 1098 resumant.

198 1117 345 1170 Dona
373 1115 541 1184 patris
565 1116 780 1181 summi,
813 1126 973 1184 atque
995 1130 1232 1170 novenos
1269 1125 1379 1168 tum
1413 1114 1613 1254 arth[ere
1636 1127 1756 1167 cer-

1537 1190 1684 1237 nant.

1537 1190 1684 1237 nant.

1871 491 2005 578 una;
2026 491 2217 547 moneo
2331 503 2518 549 cantus
2544 491 2682 551 totos
2715 501 2801 568 pia
2851 491 3152 572 scriptaque
3169 491 3418 578 agamus.

1868 560 2142 627 Quatenus
2169 564 2389 616 exitium
2438 580 2532 633 Spe
2573 581 2692 622 cum
2716 560 2883 624 7mors
2921 560 3108 640 aspera
3137 574 3189 627 iu
3215 560 3419 631 vorbem

1864 699 1982 754 Jam
2009 701 2188 755 fremit
2218 721 2228 753 :
2264 702 2365 756 hac
2406 705 2525 773 pelli
2573 723 2674 760 una
2718 715 2772 762 et
2807 709 2872 763 de
2919 711 3079 766 exilio
3104 644 3423 792 1139333112.:

1863 837 1994 922 Rost
2016 855 2228 922 quoque
2245 855 2417 922 regna
2438 843 2552 921 .Dei
2583 853 2634 898 et
2658 861 2849 914 supera
2863 850 2981 919 'jam
3019 851 3138 905 luce
3173 781 3423 910 [ﬂantes

1861 905 2212 978 Prend’amus,
2245 905 2350 964 lani
2399 911 2523 965 hinc
2562 905 2741 967 rerum
2764 925 2818 970 et
2842 905 3153 973 resoncmus
3201 905 3423 978 ovantes

1858 976 2148 1056 auctorem
2173 978 2444 1056 Christum
2480 981 2759 1035 Dominum
2790 988 3185 1056 omnipotentis,
3214 1000 3267 1046 et
3295 976 3422 1049 almi

1863 1044 2062 1115 Nempe
2089 1046 2266 1102 Patris
2294 1056 2501 1116 natum,
2533 1065 2740 1116 verum,
2766 1044 2961 1110 almuni
2988 1067 3144 1126 atque
3169 1044 3426 1116 56cc};

1863 1183 1945 1240 Sit
1965 1186 2316 1255 quoquehaec
2344 1197 2526 1243 nostra
2558 1190 2713 1256 ratio,
2748 1192 2864 1248 laus
2885 1127 3421 1266 sempergfgingi‘ldor.

1366 1382 1878 1446 DECLARATIO
1920 1383 2267 1467 FIGURJE.

264 1569 404 1641 Ergo
433 1571 547 1625 haec
570 1570 736 1641 ﬁgura
762 1579 962 1625 sanctae
994 1572 1171 1626 crucis
1201 1588 1296 1641 per
1329 1581 1559 1643 quatuor
1582 1575 1749 1628 hexa-

187 1676 362 1731 gonos
385 1671 439 1716 et
457 1678 553 1732 per
583 1663 861 1717 monadem
888 1663 1030 1717 inter
1061 1665 1265 1717 medios
1291 1663 1537 1739 positam,
1567 1679 1754 1718 omnes

1849 1573 2158 1628 intercalari
2190 1589 2418 1630 excurso
2440 1577 2791 1645 quadriennio
2819 1578 2980 1650 (quod
3002 1582 3294 1638 bissextum
3323 1599 3418 1642 νον

1860 1663 2004 1732 cant)
2033 1679 2099 1718 ne
2127 1673 2421 1732 temporum
2448 1667 2580 1720 ordo
2611 1669 2870 1721 turbetur.
2903 1669 3073 1723 Etiam
3102 1672 3245 1740 ipsos
3264 1674 3415 1742 quin-

183 1749 308 1803 dies
349 1751 476 1803 anni
519 1750 907 1819 complectitur.
948 1750 1219 1818 Siquidem
1248 1766 1420 1806 annus
1443 1752 1634 1806 solaris
1660 1754 1754 1806 ha—
1783 1750 1829 1808 B
1857 1765 1961 1819 que
1989 1751 2102 1805 dies
2125 1759 2181 1805 et
2213 1751 2564 1820 quadrantem
2607 1755 2650 1808 si
2707 1755 3123 1823 consideremus,
3173 1762 3417 1817 senarius

184 1840 284 1892 hct
310 1840 423 1893 dies
448 1855 646 1894 cccrxv
679 1851 732 1895 et
757 1842 1130 1910 quadrantem.
1163 1843 1348 1898 Divide
1378 1859 1506 1914 ergo
1534 1845 1630 1899 hos
1659 1851 1755 1914 per

191 1943 246 1979 IV
274 1946 286 1980 :
327 1938 520 1997 quater
546 1945 655 1994 xcr,
695 1945 916 1985 cccmv
946 1931 1100 1996 ﬁunt,
1129 1939 1182 1987 et
1214 1941 1455 1991 remanet
1480 1949 1618 1988 unus
1643 1925 1756 1990 dies

183 2027 245 2070 et
282 2017 572 2087 quadrans.
616 2019 803 2074 Divide
843 2020 989 2075 illum
1022 2036 1187 2074 unum
1216 2021 1355 2075 diem
1381 2036 1480 2090 per
1502 2037 1556 2076 tv
1578 2040 1604 2074 ε-
1625 2036 1755 2092 qua-

185 2116 275 2159 ter
326 2121 418 2159 sex
461 2106 606 2166 horae
652 2123 775 2160 xxiv
829 2106 982 2171 ﬁunt,
1028 2108 1168 2176 quod
1204 2116 1288 2161 est
1325 2109 1540 2180 integra
1583 2111 1753 2164 diesa

184 2195 323 2250 solis
342 2194 460 2249 ortu
484 2211 650 2264 usque
673 2196 736 2250 ad
757 2195 979 2250 alterum
1003 2196 1132 2250 solis
1155 2205 1350 2250 ortum.
1376 2197 1559 2252 Divide
1581 2199 1753 2268 ipsum

186 2280 566 2353 quadrantem,
618 2293 808 2355 quater
856 2286 997 2339 enim
1045 2287 1175 2338 hora
1201 2296 1256 2340 et
1283 2287 1446 2340 semis
1472 2302 1566 2340 sex
1593 2288 1757 2343 horas

185 2375 459 2443 complent
484 2415 497 2439 ,
541 2375 682 2443 quod
719 2383 801 2428 est
827 2375 1048 2430 bissexti
1085 2389 1183 2443 per
1211 2375 1448 2444 singulos
1475 2391 1644 2432 annos
1672 2377 1755 2430 in-

187 2473 546 2529 crementum,
594 2479 658 2518 ac
702 2465 826 2518 inde
856 2462 915 2517 ﬁt
942 2465 988 2518 si
1019 2472 1189 2518 totum
1221 2479 1419 2517 annum
1447 2465 1498 2518 in
1529 2475 1758 2533 quatuOr

188 2555 467 2623 partiaris,
518 2551 658 2622 quod
704 2567 1034 2621 unaquaeque
1075 2567 1204 2626 pars
1251 2553 1366 2608 dies
1401 2568 1485 2606 xcr
1513 2562 1568 2607 et
1597 2549 1758 2608 horas

186 2653 398 2714 septem
441 2658 505 2697 ac
542 2642 818 2697 semissem
849 2643 1138 2706 contineat,
1188 2651 1347 2712 atque
1369 2642 1484 2696 haec
1510 2641 1602 2696 ﬁat
1631 2658 1757 2698 vera

185 2734 410 2804 partitio
444 2742 674 2802 quatuor
715 2730 1160 2795 vicissitudinum,
1197 2730 1248 2784 id
1273 2739 1376 2794 est,
1405 2731 1568 2795 veris,
1599 2739 1759 2786 aesta-

187 2824 286 2889 tis,
319 2823 557 2877 autumni
581 2832 635 2877 et
659 2822 871 2886 hiemis,
902 2832 958 2875 ut
979 2821 1199 2892 singulae
1223 2822 1336 2876 dies
1363 2836 1450 2881 xct
1475 2828 1530 2876 et
1555 2829 1756 2889 septem

186 2915 358 2969 horas
380 2929 441 2969 ac
469 2914 742 2968 semissem
777 2913 1027 2967 habeant.
1058 2911 1360 2966 Notandum
1400 2919 1578 2966 tamen
1616 2911 1758 2980 quod

188 3003 246 3056 in
276 3004 375 3057 hac
400 3002 568 3073 ﬁgura
597 2997 910 3071 quadrantis
939 3002 1325 3057 demonstratio
1351 3001 1506 3056 aliter
1538 3017 1645 3056 non
1676 3000 1755 3065 ﬁt,

1857 1856 2113 1897 numerus
2140 1842 2193 1895 in
2215 1843 2294 1896 eis
2311 1842 2607 1914 plurimum
2639 1833 2798 1898 valet.
2836 1847 2902 1900 Et
2930 1849 3102 1916 primo
3132 1851 3270 1906 sicut
3297 1854 3412 1907 lieri

1855 1932 1993 1988 sOlet
2022 1937 2131 1988 ut'a
2174 1941 2328 2004 parte
2375 1926 2541 1989 totum
2592 1946 2951 2008 computetur,
2994 1956 3097 1996 non
3146 1952 3270 1997 sunt
3301 1945 3411 2013 jam

1853 2023 1968 2078 dies
2013 2025 2248 2094 quinque
2289 2026 2383 2080 sed
2427 2027 2603 2096 potius
2642 2045 2757 2094 sex,
2789 2039 2847 2084 ut
2871 2033 3247 2100 quadrans-ilic
3273 2036 3412 2092 acci~

1851 2113 2028 2182 piatur
2067 2129 2164 2184 pro
2213 2129 2321 2169 uno
2347 2115 2450 2169 die.
2502 2117 2702 2172 Deinde
2749 2119 2872 2188 quia
2914 2121 2967 2173 in
3009 2121 3138 2190 ipsis
3175 2123 3412 2194 quinque

1819 2216 1821 2218 ·
1853 2202 2038 2258 diebus
2069 2212 2221 2258 sena
2260 2220 2384 2273 pars
2423 2207 2622 2261 mensis
2658 2217 2759 2273 est,
2805 2208 2917 2278 ipse
2947 2219 3120 2265 autem
3141 2214 3411 2281 quadrans

1853 2312 1949 2352 sex
1973 2295 2154 2352 horas
2194 2299 2372 2353 habet.
2406 2297 2571 2354 Totus
2608 2302 2751 2354 enim
2785 2303 2920 2368 dies,
2953 2303 3005 2358 id
3033 2314 3134 2370 est,
3161 2322 3283 2362 cum
3313 2323 3406 2362 sua

1856 2397 2032 2453 nocte,
2093 2388 2282 2456 viginti
2329 2398 2558 2477 quatuor
2600 2391 2746 2446 horae
2787 2403 2911 2449 sunt
2956 2414 2968 2448 :
3011 2411 3234 2465 quarum
3281 2399 3407 2469 pars

1855 2484 2069 2545 quarta,
2110 2492 2229 2546 qua:
2270 2488 2352 2532 est
2389 2479 2659 2546 quadrans
2685 2482 2809 2548 diei,
2845 2499 2937 2537 sex
2963 2485 3104 2540 horae
3131 2488 3408 2544 inveniun-

1855 2575 1963 2622 tur.
1993 2567 2068 2622 Ita
2099 2581 2226 2639 ergo
2248 2568 2302 2623 in
2328 2565 2454 2624 anni
2488 2585 2650 2626 cursu
2690 2574 2933 2643 senarius
2964 2590 3213 2632 numerus
3239 2579 3407 2651 pluri-

1859 2673 2008 2731 mum
2055 2659 2214 2713 valet.
2263 2659 2451 2725 Merito
2491 2661 2683 2730 itaque.
2717 2671 2917 2718 sanctae
2954 2666 3098 2720 cruci
3125 2674 3302 2736 aptata
3327 2678 3412 2727 est

1856 2747 2024 2800 series
2051 2746 2281 2812 dierum,
2307 2748 2434 2821 quia
2461 2762 2559 2826 per
2585 2748 2752 2817 ipsam
2784 2751 3072 2807 illuminata
3103 2763 3225 2810 sunt
3247 2759 3407 2814 corda
3445 2756 3450 2761 ’

1856 2835 2151 2890 hominum.
2203 2836 2305 2906 Ipsi
2358 2839 2611 2908 competit
2659 2840 2922 2908 copulatio
2969 2841 3359 2914 hexagonorum
3389 2887 3405 2912 ,

1856 2925 1981 2994 quia
2006 2925 2058 2978 in
2089 2926 2202 2995 ipsa
2229 2934 2439 2981 constat
2462 2928 2721 2997 perfectio
2746 2943 2945 3003 rerum.
2975 2931 3054 2985 Ad
3080 2929 3246 3004 ipsam
3277 2923 3407 2992 ordo

1858 3013 2168 3082 temporalis
2215 3014 2348 3069 lucis
2395 3015 2664 3081 convenit,
2721 3017 2982 3087 quia‘per
3021 3021 3185 3091 ipsam
3231 3022 3402 3078 lucem

188 3091 295 3167 nisi
326 3092 424 3145 sub
451 3090 720 3146 intellectu
753 3099 809 3145 et
839 3091 1236 3179 examinatione
1281 3105 1375 3145 sex
1418 3091 1752 3159 angulorum,
1783 3095 1826 3157 C
1856 3111 2114 3158 mter-nam
2153 3105 2314 3160 homo
2349 3105 2574 3160 invenit.
2600 3105 2683 3160 Ad
2712 3107 2855 3161 illam
2898 3090 3276 3179 nonagenarius
3304 3131 3405 3170 ηη-

190 3192 254 3236 ut
279 3187 422 3237 hora:
449 3183 666 3253 singula:
687 3169 910 3250 singulis
932 3177 1255 3250 deputentur
1276 3181 1501 3256 angulis,
1529 3180 1585 3234 Si
1615 3181 1756 3234 enim

191 3281 427 3342 quatuor
452 3273 758 3344 hexagonos
781 3275 837 3327 in
868 3273 1075 3344 angulis
1100 3274 1210 3328 suis
1236 3273 1596 3343 perspexeris,
1629 3287 1756 3325 xxiv

194 3364 363 3416 horas
393 3362 445 3415 in
473 3361 557 3416 his
582 3362 793 3416 notabis
817 3379 830 3413 :
856 3377 960 3431 qua
988 3361 1194 3416 scilicet
1230 3361 1553 3430 plenitudine
1595 3362 1755 3415 hora-

194 3468 317 3505 rum
349 3443 462 3505 dies
499 3449 788 3528 bissextilis
834 3450 1132 3514 conﬁcitur,
1162 3457 1214 3503 et
1255 3464 1358 3503 non
1389 3449 1614 3502 absurde
1644 3450 1758 3503 hac

193 3543 337 3596 ratio
360 3542 485 3596 huic
521 3541 595 3594 rei
637 3539 867 3594 discreta
894 3547 995 3594 est.
1027 3537 1083 3593 Si
1113 3540 1254 3593 enim
1283 3538 1336 3592 in
1359 3546 1586 3608 quatuor
1603 3538 1760 3592 annis

191 3631 548 3702 quadrantilis
594 3629 766 3698 portio
809 3629 876 3683 ad
922 3629 1079 3682 unius
1119 3627 1224 3682 diei
1267 3626 1571 3697 pervenerit
1617 3640 1762 3680 sum-

194 3739 360 3786 mam,
395 3723 495 3777 rite
530 3722 582 3784 in
605 3728 834 3790 quatuor
861 3718 1151 3789 hexagonis
1173 3726 1365 3786 quater
1388 3731 1484 3771 sex
1507 3718 1769 3782 horarum,

193 3830 330 3868 crux
359 3809 594 3869 ostendit
621 3820 676 3865 et
705 3825 963 3865 normam.
993 3808 1158 3864 Recte
1185 3822 1312 3875 ergo
1346 3804 1657 3877 hexagonus
1683 3808 1763 3861 di-

195 3905 403 3959 vinitus
442 3904 568 3956 huic
609 3899 943 3969 dispositioni
982 3899 1375 3952 ordinatus’est
1404 3915 1416 3949 :
1447 3897 1573 3967 quia
1607 3895 1766 3950 sena-4

191 3996 313 4048 rius
353 4005 607 4056 numerus
630 3989 684 4042 in
716 3995 826 4042 tota
856 3985 981 4040 anni
1009 3986 1148 4040 serie
1175 3984 1462 4054 plurimum
1493 3983 1649 4036 valet.
1680 3981 1762 4036 Ad

193 4086 303 4142 hoc
329 4097 541 4153 quoque
577 4078 1046 4134 demonstrandum
1077 4090 1338 4146 ponamus
1365 4084 1574 4144 partem
1603 4075 1764 4129 unius
1798 4127 1801 4130 .

193 4172 418 4244 capituli
462 4174 527 4226 de
569 4171 706 4225 libro
743 4168 912 4222 sancti
953 4166 1232 4238 Augustini
1263 4173 1453 4234 quarto
1478 4164 1547 4218 de
1576 4172 1761 4219 sancta

194 4265 481 4319 Trinitate.
523 4261 709 4316 Annus
746 4260 908 4314 etiam
943 4266 1104 4322 unus,
1141 4257 1186 4311 si
1224 4271 1298 4310 xu
1327 4269 1540 4309 menses
1568 4253 1762 4326 integri

194 4355 630 4418 considerentur,
696 4365 830 4421 quos
874 4349 1058 4404 triceni
1109 4349 1224 4404 dies
1268 4344 1534 4416 complent
1566 4346 1761 4415 (talem

1859 3207 2042 3247 merus
2066 3208 2187 3248 cum
2215 3193 2442 3249 monade
2483 3196 2782 3258 concurrit,
2815 3199 2935 3265 quia
2964 3216 3053 3268 per
3084 3186 3421 3270 iliam'angﬁ

1857 3281 1993 3336 licus
2031 3283 2162 3337 ordo
2187 3283 2252 3338 ad
2275 3283 2358 3336 sui
2386 3284 2596 3337 numeri
2638 3284 3018 3359 plenitudinem
3047 3291 3313 3357 pervertit.
3339 3284 3418 3338 Ad

1859 3373 2025 3442 ipsius
2049 3388 2260 3442 quoque
2287 3374 2632 3428 medietatem
2655 3390 2718 3429 ex
2745 3365 2973 3443 quatuor
2997 3374 3239 3444 pa’rtibus
3264 3377 3425 3431 hexa-

1858 3461 1980 3530 goni
2010 3461 2195 3516 directi
2245 3462 2453 3514 unitate
2492 3462 2828 3535 capulantur,
2856 3462 2977 3531 quia
3000 3477 3095 3531 per
3121 3463 3289 3531 ipsius
3317 3479 3424 3517 ma—

1854 3547 2104 3616 jestatem
2145 3562 2330 3603 omnes
2351 3555 2537 3617 gentes
2561 3563 2627 3603 ex
2654 3560 2882 3618 quatuor
2925 3550 3095 3619 plagis
3141 3551 3322 3604 mundi
3368 3552 3422 3605 in

1861 3639 2064 3692 unitate
2102 3635 2225 3690 ﬁdei
2275 3637 2585 3700 sociantur,
2637 3637 2912 3706 ipsiusque
2957 3638 3219 3705 completo
3262 3652 3424 3708 opere

1852 3727 2095 3784 caelestis
2117 3735 2278 3796 atque
2305 3728 2575 3782 terrestris
2609 3735 2855 3782 creatura
2880 3743 2984 3782 una
3010 3729 3270 3784 charitate
3295 3745 3425 3785 con-

1854 3816 2170 3888 iunguntur.
2216 3816 2322 3886 Ipsi
2356 3816 2530 3876 honor
2563 3824 2619 3870 et
2659 3815 2942 3884 majestas,
2990 3825 3087 3886 per
3131 3815 3278 3884 cujus
3315 3817 3424 3872 cle-

1862 3913 2119 3984 mentiam
2149 3913 2264 3967 haec
2292 3919 2486 3966 cuncta
2515 3916 2825 3980 perpetrata
2857 3919 3000 3988 sunt,
3038 3910 3156 3964 laus
3175 3918 3229 3964 et
3255 3911 3422 3981 gloria

1865 4002 1920 4056 in
1969 4001 2162 4057 saecula
2213 3999 2550 4056 saeculorum.
2599 3998 2773 4053 Habet
2821 4000 3015 4069 quippe
3065 3999 3178 4054 haec
3222 4001 3425 4068 species

1863 4094 2062 4148 sancte
2102 4091 2279 4170 crucis
2326 4092 2381 4146 in
2425 4089 2756 4161 longitudine
2802 4104 2898 4159 per
2947 4090 3081 4144 duos
3121 4089 3426 4160 hexagonos

1861 4189 2091 4237 metrum
2133 4180 2466 4249 sapphicum,
2513 4178 2656 4247 quod
2693 4187 2778 4232 est
2815 4186 3230 4247 pentametrum,
3265 4179 3424 4233 ende-

1865 4271 2210 4345 casyllahum,
2236 4278 2290 4324 et
2313 4275 2438 4323 sunt
2456 4268 2572 4337 ejus
2595 4275 2706 4322 tres
2729 4281 2916 4322 versus
2936 4280 3110 4336 pares.
3140 4266 3423 4333 Recipiunt

1863 4371 2040 4416 autem
2079 4359 2270 4429 singuli
2310 4359 2409 4412 hos
2439 4365 2666 4426 quatuor
2705 4357 2878 4429 pedes
2904 4356 3148 4410 binarum
3194 4355 3420 4424 syllaba-

193 4445 398 4514 quippe
421 4456 656 4496 mensem
683 4449 892 4495 veteres
916 4440 1354 4501 observaverunt,
1383 4451 1539 4505 quem
1570 4434 1758 4490 circui-

1865 4467 2002 4516 rum,
2048 4427 2342 4512 trocheum,
2391 4447 2703 4515 spondeum,
2757 4427 3055 4511 trocheum,
3096 4445 3329 4498 iambum
3366 4453 3421 4499 ct

190 4542 286 4587 tus
334 4527 835 4597 iunarisostendit)
876 4528 1088 4584 senario
1127 4541 1349 4580 numero
1399 4525 1583 4595 pollet.
1627 4524 1768 4591 Quot

193 4623 347 4677 enim
376 4620 553 4674 valent
594 4634 687 4674 sex
719 4619 782 4672 in
817 4618 1216 4687 primoordine
1263 4630 1629 4680 numerorum,
1675 4617 1766 4684 qui

193 4713 416 4768 constat
442 4726 506 4765 ex
535 4709 675 4772 unis,
712 4718 769 4762 ut
791 4709 1135 4779 perveniatur
1172 4708 1238 4762 ad
1279 4723 1334 4769 x,
1368 4709 1468 4761 hoc
1495 4706 1675 4761 valent
1700 4721 1765 4759 ιχ

195 4802 253 4857 ἰη
301 4800 536 4854 secundo
569 4799 773 4862 ordine,
822 4797 912 4866 qui
944 4804 1152 4852 constat
1181 4809 1246 4848 ex
1277 4794 1448 4853 denis.
1494 4803 1552 4846 ut
1577 4808 1767 4862 perve-

197 4894 387 4947 niatur
429 4891 494 4945 ad
533 4906 584 4945 c.
622 4889 1010 4957 Sexagenarius
1049 4901 1176 4957 ergo
1217 4901 1472 4940 nmnerus
1522 4885 1763 4947 dierum,

198 4988 363 5035 sexta
407 4991 533 5048 pars
577 4980 697 5033 anni
741 4987 842 5032 est.
890 4975 1122 5031 Proinde
1167 4991 1263 5046 per
1307 4977 1574 5029 senarium
1609 4973 1766 5040 primi

198 5084 399 5124 versus
448 5069 897 5140 Multiplicantur,
937 5077 1205 5136 tanquam
1261 5066 1506 5119 senarius
1550 5061 1766 5116 secundi

199 5171 420 5220 versus,
450 5163 504 5209 et
534 5156 668 5220 ﬁunt
691 5157 869 5213 sexies
893 5155 1189 5224 sexaginta,
1219 5144 1505 5207 trecenteni
1533 5159 1585 5206 et
1611 5166 1766 5204 sexa-

197 5245 358 5320 ginta
386 5243 525 5309 dies.
544 5245 636 5312 qui
654 5252 780 5298 sunt
805 5242 998 5313 integri
1027 5258 1102 5296 xu
1129 5257 1358 5296 menses.
1389 5240 1493 5295 Sed
1516 5239 1765 5308 quoniam

199 5335 352 5390 sicut
378 5346 611 5387 mensem
636 5333 890 5387 circuitus
913 5332 1055 5386 luna
1072 5333 1306 5388 oSteudit
1337 5331 1659 5394 hominibus,
1687 5331 1766 5385 sic

201 5437 387 5478 annus
425 5422 650 5476 circuitu
694 5423 834 5476 solis.
861 5423 1264 5497 animadversus
1288 5430 1385 5475 est.
1415 5420 1647 5475 Restant
1674 5435 1765 5474 au-

205 5515 323 5570 tem
365 5517 599 5585 quinque
637 5515 750 5570 dies
775 5525 827 5568 et.
856 5512 1124 5582 quadrans
1170 5513 1304 5578 diei,
1347 5520 1406 5565 ut
1441 5511 1518 5566 sol
1552 5511 1767 5580 impleat

206 5620 429 5658 cursum
460 5620 636 5668 suum,
679 5617 978 5671 annumque
1022 5601 1322 5655 concludat.
1362 5601 1598 5667 Quatuor
1626 5601 1766 5653 cnim

208 5694 537 5764 quadrantes
587 5694 781 5750 faciunt
835 5710 992 5748 mium
1047 5695 1201 5758 diem,
1247 5708 1401 5763 quem
1443 5707 1660 5746 necesse
1687 5701 1768 5745 est

1866 4541 2108 4595 ultimum
2162 4537 2521 4607 trissylla'bum
2576 4527 2846 4590 bachium.
2895 4523 3025 4588 Pest
3080 4536 3194 4588 tres
3238 4536 3413 4588 autem

1865 4645 2053 4686 versus
2077 4629 2288 4684 additur
2314 4625 2516 4682 dicolos
2537 4624 2850 4695 dactylicus,
2891 4624 2995 4678 hoc
3033 4631 3132 4686 est,
3178 4621 3420 4692 dactylus

1864 4730 1920 4774 et
1965 4719 2248 4788 spondeus.
2315 4715 2556 4785 Suntque
2618 4715 2670 4769 in
2732 4727 2984 4784 supremo
3012 4713 3308 4782 'hexagono
3365 4709 3418 4764 hi

1865 4825 2089 4865 versus:

2047 4916 2242 4977 Terque
2265 4922 2499 4977 centenos
2517 4912 2782 4977 deciesque
2798 4919 2958 4969 aenos,

2048 4977 2109 5027 Et
2130 4974 2284 5028 semel
2302 4978 2472 5037 quinos
2492 4975 2638 5022 habet
2659 4974 2940 5037 universum

2047 5039 2278 5098 Tempus,
2298 5034 2479 5098 annalis
2500 5046 2642 5090 cruce
2662 5034 2890 5084 circuitus

2213 5095 2296 5147 cce
2320 5098 2424 5145 dies
2447 5095 2542 5145 hic.

1865 5204 1920 5258 ln
1946 5201 2178 5258 secundo
2205 5211 2414 5268 quoque
2442 5195 2528 5250 bi:

2047 5314 2143 5362 Sed
2172 5311 2320 5372 plagis
2344 5309 2462 5370 posti
2488 5307 2603 5372 satis
2620 5308 2827 5372 ουςοηὶ
2895 5350 2901 5355 ,

2049 5369 2547 5430 υυαιίιοὶιηοοδιηοι
2568 5369 2732 5415 decies
2755 5378 2984 5430 novenos,-

2050 5427 2230 5493 Singuli
2259 5439 2382 5479 totos
2405 5431 2482 5490 pie
2505 5442 2611 5478 cum
2628 5427 2851 5488 monade,

2171 5490 2227 5541 Et
2245 5505 2390 5553 super
2409 5502 2574 5539 unum.

1867 5584 2189 5662 Notandum
2224 5603 2402 5648 autem
2467 5591 2608 5662 quOd
2664 5591 2964 5659 superiores
3012 5600 3236 5646 versus,
3284 5581 3398 5650 quia

1869 5707 1896 5744 ς
1922 5689 2171 5750 litteram,
2203 5701 2318 5754 qua:
2358 5684 2410 5736 in
2442 5681 2614 5735 medio
2636 5681 3034 5749 hexagouorum
3080 5685 3180 5740 est,
3206 5672 3303 5729 sibi
3322 5679 3397 5724 at-
