3958 6372
204 481 302 536 193

1206 482 1290 536 DE
1328 482 1665 538 LAUDIBUS
1705 481 1759 535 Ξ.
1801 481 2068 536 CRUCIS.
2102 511 2171 520 -—
2209 479 2334 533 Llll.
2372 481 2411 532 l.

3259 504 3262 505 ν
3322 478 3420 531 l'll

1360 613 1868 672 DECLARATIO
1913 613 2247 673 FIGURAE.

1686 746 1895 757 ———_

278 800 534 869 Quisquis
577 799 709 871 legis
758 801 942 868 primae
990 804 1198 872 plenam
1247 804 1514 859 desiderat
1562 805 1758 858 habere
1784 809 1836 867 Α
1859 801 2116 857 aeternum
2135 804 2234 858 sibi
2253 804 2393 857 Deus
2423 803 2600 867 Pater,
2637 803 2688 857 id
2716 813 2820 868 est,
2852 819 2946 872 per
2981 806 3204 858 Verbum
3227 820 3414 870 suum;

206 891 474 956 notitiam,
531 904 754 945 necesse
797 900 879 946 est
926 901 985 945 ut.
1021 892 1179 961 hujus
1219 892 1399 962 ﬁgura:
1440 908 1537 962 per
1585 894 1762 947 omnia

205 992 411 1034 memor
445 979 518 1032 sit
552 988 606 1032 et
645 975 758 1045 ejus
799 979 996 1034 factum
1042 991 1218 1036 mente
1263 983 1454 1050 sacpius
1503 980 1758 1048 revolvat,

205 1079 260 1124 et
284 1085 607 1139 comparans
629 1072 804 1139 priora
834 1072 1217 1140 posterioribus
1241 1073 1436 1126 recolat
1469 1074 1754 1142 scriptum:
1790 1132 1794 1134 γ

202 1159 397 1213 Omnia
419 1160 473 1211 in
492 1158 664 1228 ﬁgura
687 1161 1044 1230 contingebant
1066 1161 1205 1227 illis;
1238 1164 1425 1231 scripta
1446 1173 1564 1216 sunt
1589 1173 1760 1217 autem

198 1249 267 1302 ad
297 1250 677 1319 correptionem
718 1263 978 1316 nostram,
1021 1253 1075 1305 in
1111 1269 1237 1322 quos
1279 1253 1406 1320 [inet
1452 1253 1757 1307 swculorum

198 1339 532 1406 devenerunt,
571 1348 626 1394 et
657 1342 797 1410 quod
823 1342 1112 1410 exemplari
1142 1351 1195 1396 et
1229 1342 1428 1396 umbrae
1452 1343 1758 1398 deserviunt

198 1425 534 1492 caelestium;
565 1436 618 1482 et
647 1429 773 1482 item
803 1448 815 1481 :
843 1427 1087 1482 Umbram
1118 1431 1252 1485 enim
1284 1431 1473 1485 habens
1504 1433 1587 1486 lea:
1609 1432 1755 1502 futu-

198 1528 372 1566 rorum
404 1515 679 1588 bonorum,
706 1534 809 1570 non
840 1519 1005 1586 ipsam
1039 1520 1312 1588 imaginem
1339 1537 1528 1573 rerum.
1559 1521 1756 1576 Umbra

197 1604 336 1664 enim
379 1620 484 1659 non
524 1607 640 1660 sine
678 1613 805 1660 vero
833 1621 1059 1677 corpore
1097 1608 1177 1674 ﬁt,
1221 1612 1313 1666 sed
1343 1621 1516 1666 tamen
1555 1612 1669 1681 ipsa
1700 1613 1754 1670 in

195 1705 252 1746 se
278 1707 463 1746 veram
487 1702 542 1748 et
577 1695 839 1764 integram
882 1699 1113 1766 speciem
1145 1701 1386 1768 corporis
1426 1715 1530 1754 non
1574 1702 1754 1769 expri-

117 1801 122 1809 ι
194 1783 309 1835 mit.
343 1782 681 1853 Quapropter
712 1795 922 1857 oportet
962 1795 1020 1841 ut
1055 1789 1295 1858 quisquis
1320 1791 1564 1845 veritatis
1607 1806 1754 1844 ama-

196 1881 280 1927 tor
311 1881 414 1938 est,
462 1874 508 1928 si
540 1875 782 1929 umbram
813 1877 959 1945 prius
989 1879 1186 1942 videat,
1220 1880 1286 1932 ad
1316 1894 1497 1932 verum
1539 1895 1750 1948 corpus,

195 1957 346 2029 cujus
369 1965 483 2031 ipsa
505 1965 692 2018 umbra
715 1973 818 2030 est,
834 1968 984 2020 ocius
1004 1968 1187 2022 oculos
1217 1981 1519 2035 convertat,
1538 1986 1604 2025 ne
1629 1973 1754 2026 dum

188 2051 407 2120 penitus
437 2053 490 2105 in
527 2053 713 2106 umbra
743 2053 935 2107 intuitu
981 2055 1198 2121 haereat,
1230 2059 1475 2133 veritatis
1522 2057 1754 2113 fructum

1865 892 1929 945 de
1957 907 2062 960 quo
2092 893 2216 945 dicit
2241 891 2559 969 Psalmista':
2599 890 2758 944 Verbo
2794 893 2884 944 Dei
2909 892 3020 946 caeli
3044 893 3241 962 [innati
3275 910 3416 958 sum,

1858 989 1905 1032 et
1940 981 2125 1049 spiritu
2161 982 2266 1033 oris
2307 979 2418 1042 eius
2455 981 2618 1033 omnis
2657 981 2816 1032 virtus
2861 980 2994 1049 ejus.
3042 980 3177 1035 llinc
3204 982 3333 1036 dicit
3366 998 3420 1036 et

1857 1072 2180 1140 evangelista
2208 1070 2441 1124 Joannes
2485 1088 2495 1122 :
2534 1070 2720 1124 Omnia
2757 1087 2848 1138 per
2883 1072 3049 1140 ipsum
3092 1068 3230 1140 facta
3278 1087 3415 1137 sunt,

1855 1171 1902 1215 et
1928 1163 2038 1214 sine
2072 1163 2183 1229 ipso
2214 1162 2410 1229 factum
2445 1171 2517 1213 est
2545 1161 2691 1213 nihil.

1924 1255 1982 1308 ln
2033 1245 2140 1307 ima
2189 1268 2316 1307 vero
2362 1260 2516 1321 parte
2559 1251 2755 1314 crucis,
2801 1252 2902 1304 hoc
2938 1260 3040 1316 est,
3085 1253 3137 1306 in
3165 1253 3316 1321 pede,
3349 1254 3420 1306 sit

1853 1345 2058 1414 positus
2095 1344 2416 1398 novissimus
2451 1342 2687 1411 quinque
2726 1342 2984 1399 librorum
3024 1342 3180 1411 legis,
3219 1343 3414 1406 idest,

1853 1434 2342 1497 Deuteronomium,
2373 1433 2514 1501 quod
2540 1431 2924 1500 interpretatur
2953 1433 3232 1485 renovatio
3261 1432 3416 1502 legis,

1851 1523 2043 1592 utique
2077 1522 2385 1593 signiﬁcans
2412 1521 2781 1590 Evangelium,
2824 1521 2896 1573 in.
2912 1534 3018 1588 quo
3046 1529 3261 1584 cuncta,
3290 1536 3410 1589 qua:

1850 1613 1936 1668 lex
1983 1609 2279 1684 ﬁguraliter
2309 1622 2480 1682 atque
2526 1611 2698 1681 typice
2742 1611 2990 1680 protulit,
3041 1611 3306 1666 veraciter
3352 1626 3416 1664 ne

1850 1705 2198 1773 spiritualiter
2232 1699 2358 1758 sunt
2400 1703 2646 1765 euodata,
2690 1716 2755 1754 ac
2786 1701 2953 1754 nostri
2988 1699 3282 1753 Salvatoris
3319 1714 3415 1772 ore

1850 1803 2109 1848 reserata.
2153 1792 2281 1846 Jure
2309 1807 2437 1862 ergo
2473 1792 2526 1844 in
2561 1792 2737 1860 capite
2763 1791 2938 1846 crucis
2972 1804 3247 1858 geneseos,
3277 1797 3331 1844 et
3359 1789 3412 1842 in

1852 1880 1958 1935 ﬁne
1984 1880 2454 1934 Deuteronomium
2479 1881 2800 1943 consistunt,
2822 1880 2946 1946 quia
2967 1893 3088 1931 eum
3131 1892 3291 1946 quem
3328 1877 3413 1931 lex

1850 1976 2036 2022 narrat
2077 1969 2129 2022 in
2155 1968 2418 2036 principio
2448 1969 2705 2035 temporis
2734 1982 2856 2020 cum
2882 1966 3040 2020 Patre
3074 1965 3254 2020 omnia
3284 1981 3414 2020 con-

1851 2057 2071 2120 didisse,
2120 2057 2174 2111 in
2220 2057 2326 2110 line
2375 2051 2629 2124 temporis
2681 2058 2823 2110 hunc
2860 2056 3213 2127 Evangelium'
3249 2057 3418 2111 refert

195 2140 470 2212 negligens
525 2146 732 2214 perdat.
796 2144 904 2198 Lex
967 2161 1096 2217 ergo
1146 2148 1392 2202 haustum
1449 2150 1750 2205 sitientibus
1778 2135 1824 2193 B
1852 2156 2040 2200 cuncta
2071 2161 2168 2216 per
2191 2161 2403 2203 crucem
2433 2159 2738 2200 renovasse.
2784 2145 2999 2199 Exodus
3026 2159 3154 2200 vero
3181 2145 3316 2199 bene
3361 2145 3414 2199 in

191 2232 440 2299 przebuit,
471 2234 565 2288 sed
604 2235 718 2288 sine
758 2234 899 2304 ligno
930 2237 1177 2305 potabilis
1207 2254 1311 2292 non
1342 2237 1457 2292 fuit.
1506 2239 1747 2295 Ostendit

191 2322 409 2391 quippe
441 2323 700 2380 Dominus
747 2325 911 2395 Moysi
962 2316 1182 2400 lignum,
1233 2329 1373 2397 quod
1423 2329 1638 2383 mittens
1692 2329 1745 2384 in

194 2425 408 2481 aquam,
438 2428 652 2468 omnem
694 2415 1099 2469 amaritudinem
1140 2415 1194 2467 in
1235 2430 1297 2469 ea
1331 2417 1655 2485 absumpsit;
1693 2425 1748 2470 et

187 2516 310 2571 qua:
329 2504 484 2573 prius
521 2495 1012 2575 sitientespOpulos
1039 2520 1176 2559 vano
1216 2505 1482 2560 alliciebat
1507 2513 1744 2575 aspectu,

191 2593 335 2663 ligno
360 2593 623 2660 immisso,
667 2610 852 2649 omnes
879 2595 1184 2651 dulcissimo
1222 2594 1569 2666 reirigerabat
1593 2605 1774 2667 potu._

192 2683 391 2752 ltaque,
421 2683 712 2737 secundum
739 2684 1074 2752 Apostolum,
1105 2684 1187 2738 lea:
1213 2687 1419 2756 quidem
1448 2695 1521 2739 est
1543 2696 1744 2752 sancta,

194 2783 239 2827 et
267 2773 578 2837 mandatum
602 2783 862 2839 sanctum,
888 2782 934 2827 et
953 2775 1174 2843 justum,
1203 2785 1250 2828 et
1295 2775 1502 2840 bonum,
1534 2777 1626 2831 sed
1664 2776 1748 2830 lea:

192 2862 482 2932 rpiritualis
515 2871 606 2927 est,
636 2873 701 2917 ut
723 2864 865 2918 idem
895 2864 1023 2918 dicit
1061 2865 1350 2935 apostolus,
1382 2876 1433 2920 et
1463 2867 1641 2920 nonin
1663 2883 1746 2920 ve-

193 2962 382 3006 tustate
409 2953 615 3018 linem,
637 2954 731 3008 sed
759 2954 812 3007 in
835 2956 1056 3008 novitate
1076 2954 1299 3024 Spiritus
1322 2956 1476 3022 debet
1501 2957 1744 3026 intelligi.

198 3041 392 3096 Littera
434 3044 569 3113 enim
610 3043 817 3106 occidit,
863 3042 1086 3114 Spiritus
1134 3054 1305 3097 autem
1347 3045 1588 3113 vivi/Scal.
1638 3041 1748 3108 Lex

193 3147 317 3202 ergo
333 3132 566 3203 Spiritus
593 3133 713 3186 vitae
731 3134 781 3186 in
798 3132 1012 3188 Christo
1031 3132 1152 3188 Jesu
1182 3133 1428 3188 liberavit
1453 3150 1552 3190 nos
1577 3151 1608 3187 a
1633 3135 1748 3205 lege

194 3227 397 3294 peccati
435 3235 492 3279 et
521 3225 726 3295 mortis.
774 3224 907 3282 Nam
935 3227 1086 3295 quod
1110 3226 1437 3295 impossibile
1473 3235 1590 3280 erat
1620 3226 1743 3297 legi,

192 3317 245 3369 in
271 3331 376 3384 quo
406 3311 779 3380 infirmabatur
801 3331 898 3384 per
927 3331 1158 3379 carnem,
1196 3318 1332 3371 Deus
1372 3317 1562 3371 Filium
1593 3333 1772 3372 suum~

193 3406 426 3460 mittens.
455 3406 510 3458 in
539 3405 939 3459 similitudinem
979 3407 1154 3459 carnis
1186 3408 1408 3474 peccati,
1447 3417 1500 3462 et
1524 3408 1589 3462 de
1621 3423 1746 3476 pec-

1850 2239 2035 2292 dextra
2069 2237 2325 2306 ponitur,
2378 2238 2429 2290 in
2482 2253 2588 2305 quo
2635 2238 2810 2290 exitus
2853 2236 3082 2290 ﬁliorum
3133 2236 3298 2290 Israel
3349 2236 3417 2290 de

1847 2324 2080 2395 Egypto
2099 2324 2474 2390 conscribitur,
2492 2335 2546 2378 et
2570 2326 2763 2380 ibidem
2793 2325 2943 2395 plura
2973 2341 3003 2377 a
3025 2325 3249 2378 Domino
3274 2324 3415 2379 facta
3447 2321 3451 2324 ’

1847 2414 2106 2467 miracula
2133 2423 2442 2478 narrantur,
2480 2414 2634 2483 juxta
2679 2413 2807 2467 illud
2831 2412 3126 2467 Psalmistte
3146 2435 3160 2464 ;
3185 2412 3414 2466 Dextera

1846 2503 2060 2557 Domini
2089 2505 2210 2573 fecit
2239 2505 2495 2558 virtutem.
2530 2491 2595 2556 Et
2624 2503 2751 2556 item
2779 2520 2793 2558 :
2835 2501 2936 2573 Qui
2972 2504 3220 2577 percussit
3246 2502 3415 2572 Ερμ-

1845 2603 1990 2662 ptum
2014 2612 2131 2648 cum
2156 2595 2510 2664 primogenitis
2534 2610 2732 2659 eorum,
2756 2604 2802 2647 et
2832 2595 3009 2647 eduxit
3031 2591 3198 2647 Israel
3219 2593 3280 2646 a'e
3303 2611 3411 2648 me-

1847 2685 1935 2738 dio
1962 2687 2098 2755 ejus,
2123 2687 2181 2739 in
2209 2702 2366 2738 manu
2405 2686 2531 2754 forti
2555 2695 2602 2740 et
2629 2686 2836 2738 brachio
2871 2684 3086 2739 excelso.
3110 2685 3166 2738 ln
3197 2686 3414 2739 sinistra

1847 2789 2058 2844 quoque
2097 2774 2233 2829 liber
2259 2774 2524 2829 Numerus
2567 2783 2650 2829 est
2691 2776 2915 2843 positus,
2954 2775 3077 2843 quia
3130 2774 3244 2843 ipse
3284 2775 3414 2845 sini-

1847 2857 1987 2920 stras
2015 2865 2456 2936 congregationes
2486 2865 2676 2926 Chore,
2711 2864 2919 2934 Dathan
2950 2872 3005 2917 et
3031 2863 3255 2927 Abiron,
3287 2879 3413 2916 con-

1850 2954 2115 3008 tentiones
2144 2961 2331 3007 contra
2358 2953 2574 3023 Moysen
2612 2962 2668 3007 et
2696 2953 2873 3008 Aaron
2904 2952 3109 3006 levasse
3138 2953 3409 3015 describit,

1848 3050 1902 3096 et
1935 3056 2031 3110 per
2051 3041 2262 3096 Domini
2298 3041 2589 3110 potentiam
2639 3041 2796 3094 citius
2835 3053 3186 3108 compressas.
3217 3039 3286 3091 At
3311 3038 3414 3093 Le-

1847 3130 2063 3193 viticus,
2093 3130 2146 3182 in
2171 3130 2347 3184 medio
2381 3129 2618 3185 omnium
2659 3139 2826 3193 stans,
2861 3129 3034 3182 crucis
3072 3128 3412 3181 medietatem

1851 3229 2016 3284 tenet,
2037 3221 2162 3289 quia
2185 3220 2332 3278 illum
2360 3221 2665 3290 pontiﬁcem
2700 3221 2941 3289 designat
2967 3220 3019 3272 in
3047 3218 3275 3288 plurimo
3305 3219 3410 3272 ritu

1848 3310 2256 3375 sacriﬁciorum,
2288 3311 2378 3378 qui
2425 3311 2483 3363 in
2511 3302 2603 3362 ara
2632 3311 2809 3364 crucis
2843 3311 3186 3378 semetipsum
3218 3308 3412 3363 obtulit

1849 3398 2076 3452 hostiam
2115 3399 2507 3453 immaculatam
2540 3401 2672 3465 Deo,
2708 3401 2773 3453 ad
2804 3400 3164 3454 exbauricnda
3210 3398 3411 3452 multo-

191 3504 309 3549 cato
357 3503 637 3565 peccatum
685 3494 959 3550 damnavit
1006 3497 1058 3549 in
1103 3511 1282 3562 carne,
1327 3505 1385 3550 ut
1429 3484 1742 3565 j'ustilicatio
1771 3466 1815 3527 Ο
1846 3508 1965 3546 rum
1988 3503 2228 3562 peccata,
2260 3503 2315 3547 et
2364 3508 2461 3561 pro
2505 3492 2994 3562 transgresso'ribus
3027 3506 3275 3554 exorans,
3308 3506 3406 3544 ex-

190 3583 319 3654 legis
362 3586 674 3656 impleretur
718 3588 773 3640 in
813 3587 987 3652 nobis,
1014 3603 1118 3656 quo
1147 3603 1253 3643 non
1284 3590 1574 3642 secundum
1619 3603 1741 3642 car-

189 3687 310 3729 nem
350 3676 707 3741 ambulamus,
737 3679 830 3732 sed
859 3679 1147 3732 secundum
1178 3678 1441 3747 spiritum.
1475 3677 1744 3747 Scriptum

189 3764 381 3832 quippe
421 3772 504 3818 est
539 3766 592 3818 in
623 3765 737 3833 lege
773 3784 784 3818 :
830 3765 1139 3819 Maledicta:
1175 3768 1336 3819 omnis
1370 3768 1457 3834 qui
1488 3783 1588 3820 non
1624 3781 1743 3835 per-

189 3857 433 3907 manserit
472 3857 528 3908 in
568 3855 803 3908 omnibus
843 3866 958 3926 (iure
998 3857 1186 3926 scripta
1224 3867 1342 3910 sunt
1379 3860 1431 3910 :‘n
1462 3857 1592 3912 libro
1619 3858 1744 3926 legis

189 3952 242 3994 ut
267 3943 435 4009 faciat
465 3961 546 3997 ea.
581 3945 685 4000 Sed
716 3946 968 4014 quoniam
1008 3947 1060 4000 in
1093 3945 1208 4016 lege
1239 3961 1396 4000 nemo
1419 3947 1746 4016 justilicatur

189 4032 325 4100 apud
360 4031 553 4098 Deum,
591 4042 646 4088 et
674 4035 973 4103 quicunque
1014 4051 1079 4090 ex
1126 4036 1375 4105 cperibus
1419 4036 1561 4103 legis.
1596 4046 1741 4099 sunt,

188 4120 286 4172 sub
306 4117 607 4175 “maledicto
653 4131 799 4187 sunt,
827 4122 1070 4178 Christus
1105 4140 1201 4179 nos
1229 4125 1452 4179 redemit
1485 4126 1548 4179 de
1578 4113 1766 4192 male?

189 4207 328 4264 dicto
356 4209 512 4280 le’gis,
545 4210 717 4277 factus
744 4226 840 4281 pro
868 4214 1022 4268 nobis
1060 4207 1418 4278 maledictum,
1460 4217 1584 4284 quia
1614 4217 1746 4268 scri—
1789 4255 1792 4258 .

187 4309 331 4370 ptum
363 4311 487 4357 est:
524 4301 831 4356 Maledictus
873 4305 1036 4358 omnis
1071 4303 1158 4374 qui
1193 4306 1374 4374 pendet
1411 4305 1464 4358 in
1505 4305 1662 4374 ligno,
1686 4313 1745 4358 ut
1797 4349 1799 4351 .

189 4392 434 4461 gentibus
479 4393 781 4465 benedictio
820 4395 1047 4449 Abrahae
1083 4395 1234 4449 ﬁeret
1276 4396 1329 4448 in
1359 4395 1574 4450 Christo
1592 4394 1740 4460 Jesu,

188 4491 245 4536 ut
283 4483 724 4554 pollicitationem
766 4483 997 4553 Spiritus
1046 4485 1370 4554 accipiamus
1423 4500 1516 4554 per
1561 4481 1738 4538 ﬁdem.

188 4573 348 4645 igitur
369 4590 497 4628 cum
521 4576 790 4630 destructa
815 4575 883 4634 sit
907 4575 1208 4641 maledictio
1233 4576 1365 4647 legis
1386 4591 1484 4644 per
1508 4591 1739 4652 crucem,

187 4673 240 4720 et
271 4665 388 4734 ejus
406 4666 730 4720 amaritudo
766 4680 861 4734 per
901 4667 1071 4735 ipsam
1112 4681 1367 4721 conversa
1419 4666 1470 4719 in
1511 4666 1745 4719 dulcedi-

189 4767 328 4815 nem,
359 4752 580 4821 dignum
605 4761 690 4807 est
715 4754 876 4806 etiam
906 4756 1044 4807 utin
1073 4752 1187 4822 ejus
1210 4753 1431 4822 elligiem
1458 4753 1743 4822 dispona'n-
1770 4792 1820 4850 Β

191 4851 274 4895 tur
297 4842 423 4897 libri
455 4843 608 4912 legis,
647 4851 706 4897 ut
733 4845 1078 4914 congruentia
1111 4845 1288 4914 operis
1325 4845 1378 4896 in
1410 4845 1511 4897 hoc
1538 4844 1744 4897 innote-

189 4941 324 4998 scat,
362 4925 422 4988 et.
453 4934 698 5003 mysterii
739 4943 1132 5000 sacramentum
1188 4928 1458 5004 appareat.
1509 4932 1646 5001 Ergo
1689 4933 1743 4986 in

189 5025 381 5092 capite,
421 5026 528 5079 hoc
562 5032 663 5089 est,
711 5024 767 5078 in
812 5024 1043 5080 culmine
1082 5033 1280 5081 sancta:
1311 5024 1516 5086 'crucis,
1556 5024 1624 5078 sit
1650 5039 1744 5092 po-

190 5111 321 5166 situs
359 5113 498 5169 liber
518 5113 807 5179 Geneseos,
844 5115 967 5182 quia
1003 5115 1116 5184 ipse
1153 5123 1312 5184 caput
1345 5121 1426 5168 est
1465 5121 1516 5167 et
1541 5114 1745 5182 primus

190 5204 421 5257 omnium
465 5205 748 5271 librorum,
783 5221 1010 5261 narrans
1046 5206 1188 5275 quod
1232 5207 1284 5259 in
1320 5205 1583 5274 principio
1620 5203 1747 5257 fecit

193 5293 326 5349 Deus
350 5295 548 5351 coelum
574 5304 629 5352 et
656 5304 870 5364 terram,
917 5299 1098 5368 utique
1125 5312 1221 5366 per
1253 5297 1442 5351 Filium
1474 5310 1625 5349 suum
1649 5308 1741 5348 co-

1841 3581 2054 3635 auditus
2082 3591 2165 3635 est
2193 3597 2290 3650 pro
2323 3597 2417 3636 sua
2462 3583 2780 3636 reverentia.
2816 3583 2955 3650 Ergo
2984 3582 3036 3634 in
3066 3581 3300 3649 quinque
3333 3589 3415 3633 tc-

1844 3671 2080 3739 tragonis
2105 3671 2355 3742 quinque
2378 3671 2499 3724 libri
2546 3669 2678 3738 legis
2711 3685 2806 3739 per
2833 3669 3067 3737 quinque
3099 3681 3284 3720 versus
3322 3668 3408 3719 hic

1843 3769 2112 3823 notantur,
2142 3761 2229 3828 qui
2259 3758 2549 3826 suntjuxta
2581 3759 2822 3812 ordinem
2861 3765 3257 3825 tetragonorum
3291 3755 3407 3808 loco

1843 3857 2011 3911 sexto,
2041 3857 2091 3901 et
2123 3864 2219 3917 per
2246 3848 2514 3902 senarium
2545 3848 2598 3900 in
2626 3855 2794 3900 semet
2819 3845 3187 3912 multiplicato.
3217 3842 3408 3896 Sexies

1845 3937 1985 3991 enim
2024 3938 2138 3990 seni
2169 3936 2374 3990 faciunt
2415 3937 2466 3988 in
2504 3936 2660 4004 plana
2699 3935 2864 4005 figura
2913 3935 3123 3988 sextum
3179 3941 3408 4000 tetrago-

1843 4042 1991 4090 num,
2023 4028 2162 4096 quod
2193 4026 2319 4079 facit
2358 4027 2575 4096 triginta
2604 4041 2716 4089 sex.
2748 4025 2844 4078 Est
2869 4037 3080 4093 quoque
3109 4039 3300 4078 versus
3332 4027 3406 4076 te-

1846 4118 2050 4186 tragoni
2081 4118 2134 4170 in
2159 4133 2285 4170 arce
2311 4117 2487 4170 crucis
2516 4116 2720 4185 positus
2752 4115 2878 4168 iste:

1965 4245 2036 4294 Te
2055 4244 2262 4295 Genesis
2284 4257 2404 4292 crux
2425 4243 2545 4292 alma
2565 4244 2676 4292 beat
2698 4252 2777 4291 tua
2801 4254 2999 4291 munera
3024 4243 3197 4290 laudat.

1847 4345 2124 4420 Secundus
2152 4360 2279 4400 vero
2310 4355 2428 4410 est,
2459 4346 2549 4414 qui
2601 4346 2652 4398 in
2704 4346 2968 4415 tctragoni
3017 4346 3192 4400 dextri
3241 4361 3408 4399 cornu

1842 4435 2045 4502 positus
2075 4435 2161 4488 hic
2192 4452 2203 4486 :

1886 4594 1889 4595 ,
1968 4544 2161 4593 Exodus
2177 4552 2324 4607 atque
2347 4548 2475 4594 canit
2501 4549 2729 4594 transitus
2752 4545 2945 4595 carmen
2969 4558 3151 4595 amore.

1844 4647 2056 4702 Tertius
2081 4662 2310 4717 namque
2335 4647 2389 4701 in
2417 4648 2592 4702 medio
2617 4649 2793 4702 crucis
2822 4655 2905 4701 est
2930 4649 3065 4701 situs
3095 4648 3209 4701 hic:
3248 4698 3249 4701 η

1969 4756 2084 4803 Jura
2100 4757 2364 4805 sacerdotis
2385 4755 2629 4805 Leviticus
2649 4758 2824 4823 optime
2847 4741 3017 4816 psallit.

1845 4860 2076 4926 Quartus
2105 4861 2319 4928 quidem
2350 4861 2405 4913 in
2426 4861 2647 4915 sinistro
2679 4875 2844 4914 cornu
2868 4860 3100 4928 scriptus
3122 4868 3203 4913 est
3228 4865 3338 4917 ita:

1960 4972 2053 5037 Ast
2075 4971 2315 5021 Numerus
2334 4980 2494 5022 cantat
2515 4973 2748 5035 magnalia
2773 4973 2887 5020 mira
2915 4971 3162 5034 triumphi.

1851 5081 2074 5136 Ultimus
2117 5083 2278 5135 etiam
2323 5084 2412 5150 qui
2463 5083 2514 5135 in
2563 5083 2746 5134 ultimo
2795 5089 3086 5148 tetragono,
3129 5078 3183 5133 id
3216 5088 3318 5145 est,
3351 5080 3428 5133 in'
3501 5089 3504 5092 '

1845 5171 1970 5223 base
1998 5170 2176 5223 crucis
2204 5169 2502 5236 descriptus
2530 5177 2630 5228 est,
2661 5169 2732 5220 ita
2765 5175 2948 5223 sonat:

1967 5280 2082 5328 Nam
2111 5281 2534 5331 Dcuterouomium
2557 5282 2828 5329 renovantis
2855 5278 3024 5340 gaudia
3044 5280 3173 5327 dicit.
