3958 6330
171 344 262 401 197

1174 349 1258 404 DE
1294 341 1634 401 LAUDIBUS
1671 345 1725 400 S.
1765 344 2032 405 CRUCIS.
2071 376 2137 387 —-
2172 343 2296 398 LIB.
2337 343 2379 396 l.

3273 341 3370 398 198

1335 458 1843 520 DECLARATIO
1885 459 2220 520 FIGURAE.

246 639 387 708 Quid
411 651 541 707 ergo
573 637 673 690 sibi
701 635 823 689 velit
848 637 956 691 haec
986 636 1152 706 ﬁgura
1177 645 1230 689 et
1254 637 1368 690 lure
1392 639 1733 707 conscriptio,
1763 651 1811 706 Α
1836 640 2216 695 incarnationis
2240 637 2458 699 Christi,
2487 636 2530 688 si
2570 649 2823 694 numerus
2849 637 2900 690 in
2931 636 3123 692 litteris
3148 643 3382 712 ejusdem

186 735 394 800 oportet
429 724 675 795 intelligi.
705 723 902 778 Nomen
931 725 1071 778 enim
1105 723 1261 792 primi
1289 723 1541 788 hominis,
1579 725 1628 779 id
1656 737 1740 781 est

185 819 374 880 Adam,
419 816 472 869 in
505 813 676 885 ﬁgura
706 822 759 867 et
797 813 964 868 forma
994 822 1188 868 sanctae
1222 813 1398 867 crucis
1425 815 1739 884 dispositum

187 916 304 971 est;
333 904 400 958 de
429 916 538 973 quo
563 908 762 955 exortae
791 911 913 955 sunt
937 915 1124 955 omnes
1145 908 1354 970 gentes,
1385 910 1439 955 et
1463 917 1623 956 omne
1650 917 1741 975 ge—

186 1012 290 1051 nus
318 997 610 1050 humanum
641 993 898 1064 originem
933 993 1124 1057 traxit;
1159 991 1250 1061 qui
1280 993 1574 1047 secundum
1603 993 1742 1063 Apo-

185 1085 384 1142 stolum
434 1093 517 1138 est
564 1082 734 1137 forma
770 1083 933 1137 futuri
971 1081 1217 1136 videlicet
1251 1081 1446 1136 Christi
1469 1121 1500 1147 ,.
1539 1084 1602 1138 de
1636 1099 1742 1152 quo

185 1175 329 1230 idem
359 1172 642 1241 Apostolus
688 1173 760 1225 ita
802 1171 968 1225 dicit:
995 1169 1193 1223 Factus
1237 1179 1311 1222 est
1357 1170 1553 1238 primus
1576 1170 1742 1223 Adam

182 1264 240 1319 in
275 1265 503 1317 animam
547 1263 825 1323 viventem,
880 1259 1185 1312 novissimus
1219 1257 1390 1312 Adam
1423 1259 1478 1311 in
1507 1260 1742 1326 spiritum

184 1354 547 1422 viviﬁcantem.
588 1352 654 1405 Et
699 1350 857 1420 paulo
882 1357 1003 1418 post
1039 1366 1051 1401 ε
1101 1344 1335 1411 Primus,
1363 1347 1554 1416 inquit,
1593 1349 1744 1400 homo

183 1443 249 1496 de
290 1453 429 1497 terra
473 1452 727 1505 terrenus,
762 1438 1016 1492 secundus
1057 1437 1209 1490 homo
1237 1435 1300 1489 de
1341 1434 1465 1490 calo
1494 1435 1742 1490 caelestis:

180 1531 355 1602 qualis
399 1541 662 1593 terrenus,
702 1527 828 1581 tales
874 1537 921 1580 et
958 1527 1178 1590 terreni;
1224 1534 1272 1579 et
1303 1526 1472 1595 qualis
1510 1525 1742 1590 caelestis,

185 1621 314 1675 tates
364 1630 412 1674 et
459 1619 699 1673 ctzlestes.
752 1618 918 1689 Igitur
965 1619 1103 1673 sicut
1144 1605 1420 1686 pertamus
1460 1617 1744 1688 imaginem

185 1709 410 1774 terreni,
438 1716 710 1780 portemus
745 1716 798 1762 et
825 1707 1106 1778 imaginem
1151 1708 1404 1764 caelestis.
1433 1711 1498 1763 Et
1525 1726 1621 1764 cur
1648 1711 1748 1764 hoc

185 1799 403 1863 dixerit,
433 1798 612 1877 statim
653 1811 870 1851 causam
911 1794 1186 1864 subjunxit
1212 1810 1227 1849 :
1257 1796 1372 1851 Hoc
1402 1808 1574 1850 autem
1607 1799 1742 1862 dico,

185 1887 411 1956 fratres,
451 1887 695 1956 quoniam
747 1902 867 1939 caro
914 1894 962 1939 et
1006 1887 1217 1955 sanguis
1266 1902 1479 1956 regnum
1524 1886 1616 1939 Dei
1648 1901 1748 1938 non

1838 731 2068 787 nominis
2100 728 2388 784 secundum
2414 724 2719 780 Graecorum
2749 725 3008 795 regulam,
3045 729 3168 796 quia
3211 737 3276 788 ad
3303 736 3389 790 lit.

1837 831 1982 874 teras
2008 837 2134 876 suos
2172 831 2420 872 numeros
2447 822 2778 884 computant,
2811 816 3138 870 intendatur.
3170 821 3210 873 A
3247 817 3382 879 enim

1838 911 1890 964 in
1925 911 2160 964 numeris
2199 910 2339 980 apud
2368 908 2581 963 Crazcos
2627 906 2893 975 signiﬁcat
2944 924 3135 976 unum;
3186 922 3218 964 Δ
3265 929 3395 982 ψιελδ

1838 1010 1994 1065 tuor;
2027 1000 2073 1054 A
2115 1002 2339 1055 alterum
2385 1014 2586 1063 unum;
2622 997 2670 1049 M
2699 998 3068 1068 quadraginta.
3122 999 3391 1072 Conjunge

1840 1091 1940 1144 hos
1962 1103 2212 1143 numeros
2241 1091 2490 1157 quatuor,
2539 1086 2673 1139 ﬁunt
2717 1101 2859 1149 vaI,
2911 1095 2965 1140 et
2994 1087 3095 1142 hoc
3122 1095 3225 1152 est,
3254 1093 3394 1156 quod

1837 1177 2006 1233 ειυάωὶ
2031 1178 2086 1231 in
2101 1177 2383 1248 Evangelio
2404 1174 2746 1246 respondisse
2768 1175 3018 1246 leguntur
3047 1195 3059 1228 :
3083 1178 3398 1248 quadragin-

1839 1277 1893 1321 ta
1919 1283 2011 1321 sca:
2038 1267 2187 1321 annis
2227 1266 2542 1332 aediﬁcatum
2568 1275 2640 1318 est
2672 1264 2916 1333 templum
2936 1267 3051 1330 hoc,
3074 1277 3119 1320 et
3141 1279 3194 1320 tu
3217 1267 3269 1320 in
3300 1271 3395 1320 tri-

1840 1358 1932 1411 bus
1946 1356 2124 1411 diebus
2143 1356 2386 1410 cxcitabis
2403 1356 2571 1408 illud?
2592 1355 2741 1421 Quod
2764 1357 3084 1425 evangelista
3107 1357 3404 1428 intelligetis

1840 1446 2006 1499 dixit:
2036 1444 2151 1498 Hoc
2171 1454 2342 1497 autem
2363 1444 2564 1497 dicebat
2586 1445 2650 1497 de
2676 1447 2863 1514 templo
2899 1447 3127 1515 corporis
3147 1449 3250 1512 sui,
3278 1449 3400 1516 quia

1842 1534 2099 1589 Dominus
2126 1544 2308 1588 noster
2333 1531 2488 1587 Jesus
2505 1533 2750 1588 Christus
2771 1535 2836 1588 'de
2855 1533 3024 1588 Adam
3038 1549 3232 1604 corpus
3245 1552 3398 1592 acce-

1841 1625 1942 1694 pit,
1971 1639 2077 1678 non
2103 1624 2169 1679 de
2187 1625 2357 1678 Adam
2385 1633 2667 1693 peccatum
2698 1625 2890 1689 traxit;
2925 1627 3176 1694 templum
3216 1644 3408 1698 corpo-

1846 1731 1999 1770 reum
2030 1715 2153 1769 inde
2185 1715 2432 1784 sumpsit,
2467 1731 2572 1769 non
2605 1715 2943 1784 iniquitatem
2977 1731 3095 1784 qua:
3122 1718 3186 1770 de
3212 1720 3409 1788 templo

1844 1805 2089 1873 pellenda
2131 1812 2230 1858 est.
2277 1805 2450 1872 Ipsam
2488 1813 2664 1858 autem
2695 1819 2912 1873 carnem
2951 1820 3111 1874 quam
3156 1808 3318 1861 traxit
3346 1810 3412 1865 de

1850 1893 2019 1946 Adam
2068 1894 2255 1962 (Maria
2304 1893 2447 1946 enim
2498 1894 2565 1948 de
2593 1894 2787 1960 Adam,
2835 1904 2890 1949 et
2934 1897 3144 1952 Domini
3193 1913 3320 1954 caro
3347 1901 3414 1955 de

185 1978 540 2049 possidebunt,
566 1993 726 2046 neque
748 1976 1007 2046 corruptio
1030 1975 1430 2046 incorruptelam
1448 1975 1744 2045 possidebit.
1775 2000 1821 2059 Β
1850 1981 2050 2051 Maria)
2073 1981 2241 2036 Judmi
2286 1981 2668 2037 cruciﬁxemnt
2695 2023 2709 2048 ,
2761 1992 2814 2038 et
2864 1984 2952 2039 ille
3001 1989 3418 2045 γεευεοίιειιυι-υε

187 2071 356 2125 Recte
395 2069 538 2123 enim
573 2082 767 2123 nomen
801 2066 969 2121 Adam
1013 2067 1069 2120 in
1113 2082 1329 2122 crucem
1360 2066 1745 2138 conﬁguratum

186 2160 427 2228 ponitur,
459 2160 512 2213 in
534 2174 638 2229 qua
665 2173 822 2214 omne
844 2172 1010 2227 genus
1037 2158 1330 2212 humanum
1356 2172 1451 2226 per
1476 2156 1746 2211 Christum

185 2247 478 2303 liberatum
498 2264 614 2303 esse
641 2248 997 2318 cognoscitur,
1021 2261 1118 2302 nec
1142 2247 1195 2300 in
1223 2247 1324 2300 alia
1348 2246 1517 2300 forma
1544 2247 1748 2314 species

170 2339 570 2410 redemptionis
598 2348 791 2394 nostra:
815 2339 986 2409 magis
1015 2338 1264 2392 convenit
1292 2338 1476 2393 haberi
1507 2352 1665 2406 quam
1693 2338 1747 2390 in

183 2429 306 2496 illa,
337 2431 426 2484 ubi
462 2425 629 2499 plagae
657 2428 820 2482 totius
858 2427 1040 2480 mundi
1077 2435 1301 2495 potuere
1345 2425 1745 2494 comprehendi.

183 2518 324 2586 Quae
351 2519 557 2573 scilicet
583 2526 767 2572 sancta
794 2524 1055 2594 cruxest,
1090 2530 1207 2586 quae
1227 2514 1414 2584 jacens
1452 2523 1620 2568 totum
1658 2528 1749 2564 or-

182 2614 583 2677 bemmetitur,
610 2614 676 2666 de
704 2625 807 2679 qua
835 2619 989 2680 poeta
1015 2611 1090 2663 ait
1114 2625 1126 2660 :

315 2726 552 2783 Quattuor
576 2721 685 2770 inde
707 2720 870 2783 plagas
886 2720 1100 2780 quadrati
1123 2719 1307 2783 colligit
1325 2720 1474 2783 orbis.

314 2780 604 2844 Splendidus
624 2780 829 2844 auctoris
847 2782 908 2829 de
929 2783 1111 2844 vertice
1138 2780 1291 2844 fulget
1325 2780 1472 2830 Eous.

316 2843 532 2894 O’cciduo
555 2856 701 2892 sacrm
728 2843 1178 2903 lambuntursidere
1206 2843 1400 2903 plantat.

317 2907 496 2955 Arctoa
519 2905 689 2952 dextra
717 2909 871 2961 tenet,
907 2902 1248 2951 mediumlaﬂa
1270 2904 1410 2963 erigit
1438 2913 1600 2951 axem.

321 2969 601 3026 Cunctaque
623 2965 685 3026 de
702 2964 930 3026 membris
952 2965 1065 3011 vivit
1084 2969 1252 3026 natura
1278 2965 1505 3026 creantis,

321 3028 384 3078 Et
406 3023 548 3076 cruce
571 3023 784 3074 conﬁxus
804 3023 1036 3073 Dominus
1061 3025 1188 3084 regit
1215 3023 1427 3084 undique
1451 3023 1690 3074 mundum.

188 3135 311 3189 Hoc
339 3133 478 3188 idem
507 3141 561 3186 et
600 3131 652 3186 in
681 3131 895 3186 nomine
922 3129 1238 3201 protoplasti
1267 3131 1395 3186 olim
1421 3131 1752 3201 designatum

192 3222 325 3286 fuit,
353 3221 556 3277 scilicet
582 3216 771 3274 Adam.
813 3219 870 3273 In
897 3219 1045 3287 cujus
1073 3219 1330 3275 vocabulo
1356 3227 1584 3288 quatuor
1614 3221 1756 3276 litte-

1844 2081 1966 2127 erat
1998 2073 2167 2140 ipsam
2199 2088 2415 2127 carnem
2462 2073 2655 2137 triduo,
2687 2090 2847 2143 quam
2887 2075 2963 2130 illi
3003 2078 3058 2131 in
3088 2081 3235 2134 cruci
3263 2091 3415 2136 erant

1844 2163 2095 2226 occisuri,
2133 2171 2187 2216 et
2221 2162 2294 2215 ita
2334 2162 2408 2216 illi
2450 2163 2725 2218 solverunt
2767 2166 3024 2234 templum
3061 2169 3414 2239 quadraginta

1845 2266 1939 2304 sex
1979 2251 2131 2304 annis
2167 2251 2505 2314 aediﬁcatum,
2541 2262 2593 2306 et
2630 2253 2743 2322 ipse
2783 2253 2836 2306 in
2867 2253 3042 2308 triduo
3075 2256 3417 2310 resuscitavit

1846 2341 1996 2394 illud.
2035 2341 2612 2406 BenediCamusi‘itur
2648 2357 2744 2396 nos
2773 2342 2939 2396 Deum
2985 2344 3198 2399 Patrem
3236 2348 3412 2400 omni-

1847 2435 2141 2496 potentem,
2185 2427 2276 2497 qui
2323 2425 2448 2496 per‘,
2480 2430 2699 2482 verbum
2742 2444 2896 2482 suum
2941 2430 3044 2484 sibi
3092 2441 3416 2487 coaeternunt

1850 2517 2104 2572 formavit
2149 2533 2265 2573 nos.
2320 2519 2706 2574 Benedicamus
2751 2527 2807 2573 et
2842 2519 3129 2575 Dominum
3175 2532 3417 2577 nostrum

1852 2608 2032 2665 Iesum
2080 2611 2349 2666 Christum
2400 2610 2592 2665 Filium
2639 2611 2734 2664 Dei
2783 2611 3139 2682 unigenitum,
3185 2612 3276 2682 qui
3325 2628 3419 2683 per

1852 2701 2167 2771 mysterium
2216 2700 2602 2754 incarnationis
2656 2715 2765 2755 sua:
2806 2702 2859 2755 in
2910 2717 3071 2756 cruce
3113 2701 3422 2756 reformavit

1851 2807 1972 2846 nos.
2017 2791 2403 2845 Benedicamus
2448 2798 2502 2845 et
2552 2790 2814 2858 Spiritum
2863 2801 3128 2857 sanctum,
3186 2793 3276 2861 qui
3326 2807 3423 2862 per

1854 2882 2082 2954 gratiam
2121 2895 2273 2934 suam
2315 2879 2638 2934 illuminatos
2670 2880 2793 2934 vita:
2829 2889 3043 2934 aeternae
3085 2881 3422 2949 consignavit

1853 2986 1981 3025 nos:
2004 2985 2168 3022 unum
2197 2975 2250 3022 et
2279 2968 2451 3023 solum
2475 2969 2640 3023 Deum
2667 2970 3107 3038 omnipotentem,
3138 2979 3422 3037 aeternum,

1854 3059 2174 3113 immensum
2192 3099 2205 3122 ,
2281 3059 2704 3113 intestimabilem
2721 3099 2735 3125 ,
2800 3060 3390 3128 incomprehensibilem
3409 3100 3422 3120 ,

1856 3149 2236 3212 immortalem,
2266 3148 2618 3214 invisibilem;
2662 3149 2810 3203 illum
2849 3149 3424 3219 unumidesideremus,

1855 3255 1886 3292 a
1916 3253 2023 3307 quo
2052 3250 2105 3292 et
2127 3239 2436 3304 beabimur;
2477 3239 2624 3292 illum
2655 3239 2825 3293 solum
2857 3253 2924 3293 ex
2954 3247 3067 3293 toto
3096 3239 3277 3303 corde,
3312 3246 3422 3292 tota

192 3313 298 3402 ris:
336 3310 747 3402 (Ιῄυδωοτμονδίε
783 3317 1266 3402 ιθηξπυωῌρπςθδ
1294 3324 1390 3402 ιξθτ
1416 3309 1630 3402 Grai?”
1663 3326 1756 3379 ap‘
1783 3331 1827 3391 C
1859 3339 2058 3397 mente,
2105 3339 2215 3386 tota
2263 3332 2460 3386 virtute
2495 3332 2796 3402 diligamus,
2846 3331 2900 3385 in
2950 3330 3098 3399 cujus
3144 3344 3327 3385 amore
3376 3332 3426 3384 in

189 3400 514 3470 pellationes
559 3399 1007 3453 demonstrantur.
1042 3397 1098 3452 Si
1127 3399 1270 3452 enim
1301 3398 1486 3454 Grazce
1511 3400 1755 3454 dicantur

189 3490 404 3554 oriens,
442 3488 710 3552 occidens,
751 3488 948 3557 aquilo,
986 3488 1254 3552 meridies,
1305 3488 1443 3542 sicut
1486 3490 1756 3559 plerisque

190 3580 336 3635 locis
363 3588 542 3634 sancta
571 3595 662 3634 eos
683 3578 956 3648 Scriptura
976 3587 1381 3643 commemorat,
1411 3580 1466 3633 in
1494 3581 1758 3650 capitibus

191 3672 485 3724 verborum
547 3671 782 3726 invenies
834 3670 1024 3725 Adam.
1075 3671 1334 3726 Dicuntur
1386 3673 1528 3727 enim
1573 3672 1760 3727 Graece

192 3768 514 3823 memorata:
559 3768 789 3828 quatuor
831 3761 1014 3815 mundi
1047 3770 1229 3830 partes
1263 3777 1275 3812 :
1319 3761 1466 3816 Anat'
1492 3780 1566 3827 .e,
1609 3763 1758 3830 disis,

189 3859 395 3915 arctos,
423 3851 749 3903 mezembria.
779 3851 882 3904 lsta
915 3860 1146 3920 quatuor
1173 3853 1404 3917 nomina,
1440 3854 1485 3908 si
1511 3863 1764 3923 tanquam

190 3951 394 3990 versus
418 3946 645 4006 quatuor
685 3939 781 3993 sub
811 3939 1039 3994 invicem
1069 3941 1282 4006 scribis,
1308 3943 1360 3996 in
1387 3958 1574 3998 eorum
1622 3946 1766 4014 capi-

191 4024 353 4079 tibus
377 4024 546 4077 Adam
590 4025 809 4094 legitur;
861 4035 917 4081 et
962 4028 1084 4082 inde
1131 4028 1351 4099 intelligi
1390 4029 1549 4084 datur
1587 4033 1766 4086 Domi-

191 4125 335 4165 num
383 4113 527 4166 orbis
577 4127 698 4166 eum
742 4127 858 4168 esse
901 4124 1162 4181 creatum,
1209 4125 1264 4170 et
1302 4118 1602 4188 signiﬁcare
1639 4136 1763 4175 eum

189 4201 295 4270 qui
337 4201 388 4253 in
418 4216 576 4256 cruce
606 4203 864 4271 quadrata
894 4205 1057 4260 totius
1084 4205 1230 4261 orbis
1269 4206 1480 4262 futurus
1524 4217 1641 4262 erat
1680 4225 1766 4263 re-

191 4289 454 4358 demptor
480 4299 535 4344 et
563 4299 838 4361 reparator
864 4310 876 4344 :
930 4293 1064 4348 unde
1103 4303 1158 4350 et
1193 4298 1456 4352 secundus
1479 4298 1650 4352 Adam
1681 4298 1764 4352 di—

193 4378 369 4433 eitur.
421 4378 593 4435 Habet
624 4396 833 4452 quoque
873 4383 1011 4439 idem
1047 4399 1239 4441 nomen
1279 4388 1334 4441 in
1366 4402 1423 4441 se
1447 4388 1763 4458 mysterium

1858 3433 2117 3482 aeternum
2141 3424 2584 3494 jucundabimur;
2617 3426 2683 3478 ad
2711 3425 2858 3478 illum
2885 3433 3093 3478 tantum
3123 3438 3427 3485 curramus,

1861 3514 2044 3584 illique
2084 3515 2257 3569 solum
2293 3515 2348 3568 in
2387 3514 2488 3568 hac
2521 3513 2950 3584 peregrinatione
2991 3512 3427 3580 ingemiscamus,

1860 3607 1954 3677 qui
1983 3621 2080 3661 nos
2109 3607 2163 3660 in
2191 3604 2500 3660 cmlestibus
2534 3604 2587 3656 in
2617 3610 2905 3671 conspectu
2933 3603 3113 3672 glorise
3137 3602 3430 3669 maiestatis

1864 3713 1974 3752 sua:
2001 3698 2381 3762 remunerabit,
2407 3703 2458 3750 et
2487 3695 2604 3748 sine
2631 3694 2734 3749 ﬁne
2761 3693 3071 3747 laatillcabit.
3102 3693 3205 3761 lpsi
3236 3693 3429 3762 gloria,

1865 3797 1921 3843 et
1952 3789 2143 3854 honor,
2171 3796 2226 3842 et
2254 3795 2515 3856 potestas,
2547 3795 2601 3842 et
2628 3786 2911 3856 imperium
2953 3787 3007 3839 in
3038 3785 3230 3840 saecula
3259 3800 3429 3840 saecu-

1866 3881 2060 3935 lorum.
2089 3881 2283 3935 Amen.

1933 3973 2031 4026 Ast
2065 3973 2152 4026 hic
2189 3971 2242 4024 in
2270 3977 2500 4039 quatuor
2544 3969 2736 4023 litteris
2781 3967 3153 4038 grandioribus
3201 3967 3431 4021 nominis

1865 4065 2057 4127 Adam,
2088 4079 2186 4133 per
2207 4064 2480 4132 perviores
2518 4061 2724 4121 litteras
2753 4061 3136 4129 quinquaginta
3166 4067 3222 4113 et
3249 4073 3431 4121 unam,

1865 4155 1991 4208 talis
2019 4154 2356 4222 conscriptus
2381 4161 2466 4206 est
2492 4167 2698 4213 versus,
2728 4151 3019 4205 secundum
3064 4150 3308 4205 ordinem
3341 4147 3431 4200 lit-

1867 4253 2102 4297 terarum
2133 4243 2364 4296 nominis
2390 4241 2560 4294 Adam
2591 4240 2863 4311 legendus,
2894 4240 2969 4292 ita
2997 4256 3010 4292 :

1992 4356 2162 4404 Sancta
2194 4357 2349 4404 nietro
2383 4358 2528 4416 atque
2566 4361 2672 4403 arte
2715 4361 2778 4401 en
2817 4350 2963 4406 decet
2996 4349 3185 4416 ut__sint
3222 4347 3430 4416 cariniaa

2995 4410 3006 4471 Ι
3032 4409 3220 4459 Christo
3241 4410 3366 4456 hinc.

1520 4635 2167 4654 w—*_
