3958 6374
1212 458 1297 515 DE
1336 454 1673 513 LAUDIBUS
1714 453 1771 509 S.
1809 450 2077 509 CliUClS.
2117 481 2187 493 —
2224 451 2349 507 LIB.
2392 452 2431 507 1.

3282 451 3440 505 .ιῦἵ¹.

1382 568 1891 634 DECLARATIO
1934 569 2279 633 FIGURAE.
2342 600 2347 606 ο

284 752 377 809 liae
408 752 572 825 igitur
606 766 790 806 cruces
812 763 1039 821 quatuor
1072 750 1265 820 triplici
1298 753 1509 807 tramite
1545 753 1780 807 conseri-
1805 758 1853 815 Λ
1883 769 2097 809 menses
2125 762 2179 808 ct
2207 768 2255 806 vx
2297 748 2411 805 dies
2438 749 2722 818 complere.
2757 747 2907 803 Sicut
2931 748 3074 804 enim
3120 751 3442 808 novenarius

215 856 338 917 piat,
371 846 662 901 ostendunt
697 845 748 897 iu
775 842 1077 911 semetipsis
1116 857 1210 910 per
1236 841 1527 895 litterarum
1556 843 1772 906 seriem,

220 951 496 989 nlllllti'llln
546 934 775 995 dierum,
832 945 939 1000 quo
966 930 1176 983 Domini
1224 945 1421 997 corpus
1485 930 1774 984 secundum

218 1024 471 1080 Ecclesue
496 1025 651 1078 ﬁdem
680 1024 734 1077 in
763 1032 916 1078 utero
941 1021 1183 1093 virginali
1214 1032 1578 1077 constructum
1611 1032 1773 1091 atque

215 1124 555 1185 compactum
603 1125 686 1170 cst
715 1134 727 1169 :
761 1115 1014 1185 templum
1065 1114 1309 1168 videlicet
1362 1114 1526 1177 illud,
1574 1114 1715 1183 quod
1743 1129 1773 1168 a

213 1205 412 1261 Judmis
433 1205 833 1271 destruendum,
860 1214 916 1260 et
932 1221 962 1259 a
986 1221 1043 1259 se
1071 1204 1123 1257 iu
1152 1204 1328 1257 triduo
1348 1205 1773 1259 resuscitandum

214 1294 465 1362 praedixit
489 1294 602 1363 ipse
626 1292 873 1350 Salvator
900 1311 913 1346 :
943 1295 1081 1363 quod
1102 1301 1158 1344 ut
1176 1290 1522 1353 manifesﬁus
1542 1291 1655 1355 ﬁat,
1682 1307 1777 1362 po-

213 1398 409 1436 namus
430 1398 595 1436 unum
629 1382 924 1452 capitulum
950 1397 1015 1436 ex
1042 1380 1178 1443 libro
1198 1380 1367 1434 sancti
1397 1380 1678 1450 Augustini
1708 1381 1774 1434 de

211 1483 397 1529 sancta
438 1472 701 1527 Trinitate
750 1480 959 1540 quarto,
1013 1485 1119 1540 quo
1166 1469 1305 1524 istud
1350 1469 1607 1537 scriptum
1650 1477 1770 1523 est:

216 1581 234 1615 ι
264 1563 375 1620 Nec
428 1564 697 1618 immerito
716 1547 736 1629 ,i
762 1563 932 1632 inquit
962 1603 976 1627 ,
1011 1562 1063 1615 in
1115 1560 1465 1614 aediﬁcatione
1514 1558 1775 1614 Dominici

208 1653 475 1722 corporis,
508 1651 561 1705 in
588 1651 740 1721 cujus
782 1650 950 1720 ﬁgura
984 1648 1235 1719 templum
1264 1663 1293 1702 a
1344 1645 1539 1703 Judaeis
1567 1650 1777 1704 destru-

206 1751 377 1806 ctum,
402 1739 575 1795 triduo
599 1756 657 1795 se
674 1739 1115 1796 resuscitaturum
1136 1753 1254 1793 esse
1275 1738 1504 1802 dicebat,
1521 1733 1776 1793 numerus

207 1828 324 1900 ipse
347 1834 591 1887 senarius
621 1848 718 1903 pro
746 1847 887 1887 anno
916 1832 1122 1901 positus
1156 1828 1486 1900 intelligitur.
1519 1831 1775 1884 Dixerunt

206 1916 354 1975 enim
384 1937 507 1976 xui
531 1922 688 1976 annis
716 1922 1037 1977 aediﬁcatum
1068 1919 1350 1989 templum;
1377 1928 1430 1974 et
1458 1919 1776 1989 quadragies

206 2008 389 2064 sexies
412 2009 526 2064 seni
551 2010 685 2065 ﬁunt
709 2023 950 2072 ccum,
990 2007 1079 2077 qui
1112 2022 1365 2062 numerus
1386 2007 1592 2061 dierum
1631 2022 1776 2060 com-

1874 852 1929 898 et
1958 841 2204 898 senarius
2230 854 2484 894 numerus
2515 840 2567 891 in
2598 846 2710 891 toto
2728 836 3044 899 excellebat,
3072 847 3126 893 et
3147 840 3438 893 secundum

1874 948 2063 988 eorum
2105 929 2595 999 denominationem
2622 968 2636 992 ,
2662 928 2835 982 omnis
2859 942 3069 982 summa
3097 930 3444 998 computaba-
3480 980 3483 983 .

1875 1032 1982 1087 tur,
2013 1024 2084 1078 ita
2112 1031 2167 1077 et
2198 1020 2250 1076 in
2272 1021 2518 1091 partibus
2543 1035 2648 1074 non
2676 1019 2853 1073 minus
2876 1019 3061 1073 eadem
3082 1019 3445 1075 denominatio

1874 1113 2030 1169 simul
2070 1128 2191 1167 cum
2239 1111 2492 1181 mysterio
2542 1108 2821 1165 illucescit.
2854 1109 2991 1175 Quid
3022 1111 3164 1165 enim
3199 1112 3251 1165 in
3283 1127 3446 1166 nove—

1874 1204 2047 1267 nario,
2072 1202 2174 1256 nisi
2203 1216 2391 1256 novem
2422 1199 2640 1255 Ordines
2668 1200 3010 1270 angelorum;
3042 1211 3097 1254 et
3124 1202 3249 1269 quid
3276 1202 3327 1256 in
3360 1217 3445 1257 se-

1876 1294 2047 1355 nario,
2087 1293 2189 1346 nisi
2230 1293 2389 1346 homo
2424 1291 2514 1361 qui
2540 1292 2590 1345 in
2622 1300 2773 1346 sexta
2804 1289 2891 1343 die
2939 1299 3153 1343 creatus
3186 1298 3269 1344 est
3308 1291 3438 1345 insi-

1872 1384 2103 1438 nuatur?
2140 1380 2378 1452 Utraque
2399 1381 2543 1436 enim
2585 1390 2831 1435 creatura
2863 1379 2915 1434 in
2944 1382 3121 1436 crucis
3154 1380 3325 1451 elligie
3352 1383 3442 1435 de-

1875 1483 2105 1536 notatur,
2134 1474 2257 1542 quia
2286 1482 2513 1541 utraque
2542 1487 2640 1541 per
2667 1470 2999 1525 Salvatorem
3028 1470 3080 1524 in
3109 1483 3268 1523 cruce
3295 1485 3445 1539 repav

1878 1573 2047 1627 ratur,
2070 1574 2124 1618 et
2143 1564 2211 1617 ab
2234 1571 2459 1632 utraque
2482 1561 2793 1631 mysterium
2821 1558 3207 1628 incarnationis
3233 1558 3443 1611 Domini

1876 1655 2260 1718 bonorahatur,
2288 1651 2412 1722 quia
2446 1652 2501 1707 in
2530 1652 2616 1706 die
2646 1649 2944 1705 nativitatis
2971 1647 3086 1716 ejus
3121 1644 3186 1701 ad
3231 1646 3442 1700 laudem

1875 1752 1931 1797 et
1972 1743 2210 1815 laetitiam
2251 1749 2479 1809 utraque
2508 1740 2851 1794 incitabatur.
2885 1738 3036 1792 Unde
3061 1736 3395 1797 Lucasdieit
3423 1755 3459 1801 :7

1878 1835 1946 1888 Et
1974 1834 2142 1887 subito
2162 1831 2301 1902 facta
2329 1841 2404 1885 est
2440 1847 2558 1884 cum
2586 1828 2768 1899 angelo
2792 1828 3072 1881 multitudo
3096 1826 3311 1880 caelestis
3339 1828 3439 1879 mi-

1876 1922 2022 1988 litias,
2047 1908 2373 1975 laudantium
2393 1920 2555 1974 Deum
2581 1930 2626 1973 et
2655 1918 2969 1972 dicentium:
2990 1914 3171 1970 Gloria
3202 1918 3255 1970 in
3279 1918 3447 1969 extet-

1877 2012 1948 2065 sis
1978 2010 2106 2073 Deo,
2129 2019 2176 2064 et
2205 2010 2258 2062 in
2302 2019 2441 2063 terra
2490 2025 2595 2079 pax
2633 2007 2924 2062 hominibus
2952 2006 3100 2060 bona?
3141 2005 3438 2059 voluntatis.

207 2088 321 2167 plet
343 2113 533 2154 novem
559 2112 773 2153 menses
793 2106 847 2152 et
870 2112 962 2151 sex
995 2094 1130 2159 dies.
1171 2095 1262 2165 qui
1294 2099 1545 2164 tanquam
1592 2095 1775 2149 decen")
1806 2091 1853 2147 B
1880 2100 1953 2189 E‘t
1976 2099 2134 2169 paulo
2162 2105 2310 2167 post:
2350 2099 2412 2152 Et
2442 2100 2630 2152 reversi
2650 2107 2790 2161 sunt,
2821 2098 3019 2166 inquit,
3047 2106 3299 2166 pastores,
3330 2096 3447 2149 tau-

206 2201 426 2255 menses
472 2187 805 2258 parientibus
834 2185 1049 2241 feminis
1094 2186 1598 2255 imputanturmon
1651 2185 1774 2253 quia

203 2290 399 2332 omnes
424 2277 491 2330 ad
529 2284 739 2333 sextum
783 2276 923 2331 diem
953 2280 1074 2345 post
1101 2270 1289 2327 novem
1340 2287 1549 2327 menses
1585 2287 1775 2343 perve-

206 2364 388 2430 niunt,
433 2363 525 2421 sed
553 2364 679 2434 quia
712 2364 828 2434 ipsa
869 2362 1132 2432 perfectio
1157 2354 1397 2429 corporis
1442 2359 1672 2425 Domini,
1703 2368 1780 2414 tot

200 2453 400 2509 diebus
427 2455 495 2510 ad
515 2459 727 2523 partum
755 2452 1010 2523 perducta
1044 2448 1371 2520 eomperitur
1395 2467 1417 2519 :_
1435 2449 1573 2504 sicut
1601 2463 1630 2502 a
1660 2465 1772 2503 ma-

195 2545 416 2615 joribus
436 2543 690 2599 traditum
728 2543 1025 2612 suscipiens
1052 2541 1304 2596 Ecclesiae
1331 2538 1561 2595 custodit
1586 2548 1775 2595 aucto-

204 2634 366 2692 ritas.
395 2634 598 2692 Octavo
620 2634 763 2691 enim
786 2634 1051 2689 Kalendas
1071 2632 1266 2702 Aprilis
1289 2640 1578 2700 conceptus
1606 2634 1780 2688 credi-

204 2734 320 2799 tur,
354 2741 461 2795 quo
487 2734 542 2783 et
567 2714 780 2795 passus.
812 2724 887 2779 lta
930 2731 1274 2778 monumento
1306 2737 1443 2777 novo
1470 2735 1574 2789 Quo
1598 2722 1777 2790 sepul-

203 2808 420 2877 tus‘est,
448 2812 537 2869 ubi
563 2812 1086 2882 nulluseratpositus
1114 2820 1466 2877 mortuorum,
1494 2826 1594 2867 nec
1613 2820 1773 2866 antea

205 2916 317 2959 nec
347 2912 553 2974 postea,
583 2904 832 2973 congruit
869 2911 1056 2958 uterus
1095 2901 1317 2973 virginis
1340 2918 1446 2972 quo
1490 2912 1779 2973 conceptus

202 3001 318 3059 est,
357 2992 447 3048 ubi
472 2993 647 3049 nullus
669 2993 963 3048 semiustus
997 3001 1080 3047 est
1110 2992 1439 3048 mortalium.
1469 2991 1637 3049 Natus
1662 3002 1778 3049 tra-

202 3083 560 3159 dituroetavo
580 3080 843 3138 Kalendas
877 3081 1178 3139 Ianuarias.
1210 3079 1289 3138 Ab
1312 3081 1401 3138 illo
1428 3097 1558 3154 ergo
1583 3084 1669 3139 die
1690 3102 1776 3142 us-

204 3187 319 3244 que
341 3173 406 3227 ad
423 3174 584 3229 istum
604 3170 916 3244 computati,
932 3188 993 3229 cc
1019 3188 1119 3229 LX!
1132 3181 1185 3229 et
1205 3189 1255 3229 vr
1284 3172 1625 3243 reperiuntur
1638 3174 1773 3241 dies,

203 3264 307 3335 qui
337 3266 608 3320 senarium
663 3280 945 3320 numerum
975 3264 1292 3341 quadragies
1336 3264 1512 3319 sexies
1540 3265 1740 3321 habent
1764 3285 1775 3319 :

203 3369 324 3424 quo
349 3368 576 3410 numero
596 3368 860 3410 annorum
892 3354 1143 3425 templum
1179 3351 1495 3410 aediﬁcatum
1523 3363 1624 3421 est,
1654 3355 1780 3426 quia

204 3457 286 3501 eo
310 3456 538 3500 numero
577 3443 848 3528 senarium
884 3441 1317 3512 corpus‘Domini
1354 3441 1651 3513 perlectum
1676 3452 1777 3508 est,
1807 3440 1853 3503 C

205 3536 361 3609 quod
407 3536 599 3592 mortis
636 3519 888 3607 passione
905 3532 1259 3599 destructum,
1289 3532 1464 3589 triduo
1490 3533 1779 3590 resuscita-

199 3622 315 3681 vit.
344 3625 569 3691 Dicebat
604 3624 752 3679 enim
777 3624 881 3680 hoc
908 3622 974 3679 de
1017 3617 1214 3691 templo
1238 3623 1478 3692 corporis
1506 3624 1611 3688 sul,
1643 3624 1784 3678 sicut

209 3713 632 3771 evidentissimo
665 3722 720 3770 et
756 3713 1129 3770 robustissimo
1174 3711 1581 3783 Evangeliorum
1633 3713 1784 3767 testi-

206 3802 408 3860 monio
456 3791 778 3858 declaratur.
832 3818 851 3853 ι
902 3798 1028 3855 Haec
1071 3799 1416 3869 Augustinus.
1472 3800 1546 3855 De
1588 3811 1784 3857 caetero

200 3879 401 3947 autem
426 3890 557 3947 illud
586 3890 897 3973 intuendum
930 3880 1031 3955 est,
1059 3905 1219 3959 quam
1256 3905 1489 3961 congrue
1520 3892 1659 3946 idem
1688 3908 1784 3959 nu-

200 3999 405 4041 merus
434 3985 619 4039 forma
667 3988 865 4039 sanctae
884 3982 1068 4038 erucis
1084 3983 1391 4046 conveniat,
1421 3982 1473 4036 in
1519 3998 1623 4052 qua
1648 3991 1786 4037 tern-

197 4073 365 4144 plum
411 4071 675 4126 Dominici
718 4066 1009 4140 corporisa
1037 4069 1231 4125 Iudaeis
1278 4070 1601 4134 solvebatur,
1638 4073 1783 4127 etab

198 4164 341 4233 ipso
366 4160 593 4215 Domino
614 4159 1040 4214 resuscitandum
1068 4160 1376 4229 parabatur.
1406 4160 1486 4213 Ad
1514 4162 1613 4216 hoc
1637 4163 1783 4216 enim

198 4251 371 4321 venit
396 4248 663 4315 Christus,
694 4257 755 4304 ut
780 4248 833 4302 in
856 4262 1019 4303 carne
1040 4263 1197 4317 quam
1224 4263 1322 4318 pro
1365 4249 1546 4303 mundi
1578 4251 1786 4305 redem-

193 4326 407 4412 ptione
430 4346 739 4408 susceperat
763 4334 1095 4401 moreretur;
1124 4336 1190 4391 ad
1219 4338 1318 4391 hoc
1345 4345 1589 4392 mortuus
1604 4344 1708 4403 est,
1726 4344 1787 4392 ut

196 4435 262 4488 in
306 4433 430 4501 ipsa
463 4438 783 4500 resurgeret.
831 4428 1171 4499 Quapropter
1221 4426 1415 4481 intueri
1453 4426 1601 4492 libet,
1645 4442 1783 4497 quo-

194 4520 384 4576 Iuodo
412 4526 736 4573 memoratus
773 4531 1048 4581 numerus,
1078 4516 1132 4570 id
1160 4522 1264 4581 est,
1300 4530 1361 4570 cc
1397 4531 1521 4580 ιιι,
1552 4524 1608 4570 et
1631 4532 1705 4581 vr,
1730 4516 1784 4571 in

192 4618 456 4678 quatuor
474 4616 655 4679 partes
680 4606 904 4671 divisus,
932 4620 1132 4662 cornua
1160 4614 1357 4660 sancta:
1380 4607 1557 4661 crucis
1576 4607 1785 4661 univer-

191 4696 410 4752 saliter
456 4695 745 4765 exprimat,
781 4703 838 4750 et
878 4709 975 4765 per
1020 4694 1227 4766 singula
1274 4694 1452 4750 crucis
1496 4696 1782 4766 imaginem

194 4784 481 4856 proferat.
516 4800 582 4839 ιι
609 4786 753 4840 enim
786 4793 842 4841 et
881 4802 934 4842 rx
966 4786 1018 4841 in
1054 4801 1373 4857 unoquoque
1410 4802 1577 4843 cornu
1611 4789 1785 4843 consi-
1811 4780 1863 4838 D

190 4884 391 4940 stout,
415 4875 559 4944 quod
585 4876 747 4931 etiam
776 4892 883 4933 non
910 4876 1177 4947 discrepat
1198 4895 1228 4933 a
1247 4879 1537 4950 superioris
1562 4880 1783 4934 rationis

192 4965 610 5031 sinuilitutline,
645 4982 751 5039 qua
779 4968 981 5024 dictum
1004 4978 1088 5025 est
1128 4985 1188 5026 cc
1215 4986 1372 5047 1.xva
1400 4987 1698 5035 numerum,
1726 4988 1776 5025 ix

668 5871 943 5931 ParaOL.
995 5864 1177 5930 ενιι.
1248 5894 1253 5899 ο

1874 2187 2056 2246 dantes
2088 2200 2135 2245 et
2171 2190 2520 2260 gloriﬁcantes
2549 2189 2716 2242 Deum
2762 2187 2818 2241 in
2846 2188 3084 2241 omnibus
3115 2202 3233 2258 qua:
3262 2187 3447 2241 audie-

1878 2288 1993 2333 rant
2015 2288 2061 2333 et
2082 2277 2341 2343 viderant,
2371 2278 2504 2332 sicut
2530 2279 2723 2332 dictum
2747 2288 2820 2331 est
2847 2277 2917 2330 ad
2954 2274 3091 2331 illos.

1948 2370 2190 2436 Quatuor
2217 2383 2346 2439 ergo
2375 2384 2565 2423 cruces
2593 2366 2646 2422 in
2690 2368 2793 2423 hac
2819 2368 3039 2438 pagina,
3078 2381 3175 2436 per
3219 2376 3448 2438 quatuor

1878 2459 1995 2515 loca
2015 2460 2171 2529 picta:
2201 2466 2363 2527 atque
2408 2457 2728 2527 conscriptas
2758 2466 2903 2522 sunt,
2947 2460 3048 2513 hoc
3084 2458 3243 2513 modo
3286 2477 3298 2510 :
3334 2459 3449 2511 len-

1879 2546 2061 2618 gitudo
2076 2547 2219 2602 enim
2245 2546 2423 2601 crucis
2445 2544 2862 2615 uniuscujusque
2885 2563 2916 2599 a
2942 2561 3152 2600 summo
3174 2547 3444 2607 deorsum,

1789 2668 1810 2710 -_
1880 2637 2053 2693 tribus
2075 2630 2229 2713 lineis
2269 2636 2581 2706 singillatim
2607 2636 2845 2707 legendis
2891 2637 3242 2702 descendens,
3282 2653 3447 2691 unum

1881 2744 2092 2785 versum
2121 2730 2569 2803 continegnxrx
2612 2728 2945 2794 litterarum;
2977 2729 3224 2785 similiter
3246 2730 3298 2783 in
3329 2729 3450 2783 lati-

1882 2818 2063 2871 tudine
2090 2832 2186 2887 per
2208 2824 2595 2883 transversum,
2628 2825 2739 2871 tres
2759 2817 2913 2872 linea:
2933 2832 2962 2871 a
2988 2818 3204 2872 sinistra
3236 2819 3287 2871 in
3317 2818 3449 2871 dex-

1883 2909 2059 2961 teram‘
2098 2907 2381 2962 tendentes
2405 2945 2420 2972 ,
2459 2922 2625 2961 unum
2651 2921 2867 2961 versum
2904 2906 3128 2972 faciunt,
3161 2915 3215 2962 ct
3246 2907 3318 2961 ita
3369 2906 3451 2969 ﬁt.

1881 3004 1939 3050 ut
1964 2996 2159 3051 litterae
2195 3012 2315 3065 quae
2344 2996 2396 3050 in
2425 2997 2602 3051 medio
2639 2995 2820 3051 erucis
2849 3005 2996 3060 sunt,
3036 2997 3249 3066 utrique
3272 2998 3451 3052 versui

1881 3086 2197 3145 eummunes
2239 3094 2380 3150 sunt,
2412 3081 2760 3142 novenarium
2787 3086 3092 3156 exprimant
3133 3102 3448 3151 numerum;

1883 3180 1986 3235 illa),
2010 3192 2139 3234 vero
2168 3194 2288 3248 qua:
2314 3178 2368 3232 in
2404 3177 2658 3232 cornibus
2693 3174 3088 3246 circumposita:
3125 3178 3267 3241 sunt,
3298 3191 3456 3231 sexa-

1883 3270 2181 3341 genarium.
2208 3268 2303 3323 Est
2322 3275 2502 3323 autem
2516 3280 2705 3321 versus
2735 3266 2822 3321 hic
2842 3266 2895 3320 in
2920 3266 3252 3336 longitudine
3276 3268 3455 3321 crucis

1883 3348 2147 3433 suprema:
2168 3374 2330 3412 xxxix
2359 3358 2663 3413 litterarum
2697 3373 2711 3409 :

2007 3470 2177 3522 Forma
2201 3477 2386 3521 sacrata
2412 3469 2570 3519 crucis
2592 3468 2869 3519 venerando
2893 3468 3263 3531 fulgetamirtu.

1884 3572 1944 3629 In
1969 3572 2251 3628 latitudine
2277 3586 2410 3626 vero
2432 3571 2535 3626 iste
2564 3569 2786 3624 totidem
2816 3569 3115 3624 litterarum
3143 3588 3155 3622 :

2008 3686 2214 3748 “agnus
2236 3686 2382 3735 vestit
2406 3682 2558 3732 honor
2582 3681 2726 3731 laetus
2745 3680 2915 3742 loquor
2941 3680 3033 3729 hoc
3052 3680 3251 3730 nationi.

1882 3788 1942 3843 In
1975 3789 2081 3843 ﬁne
2117 3787 2312 3857 quippe
2332 3785 2529 3850 crucis,
2562 3784 2616 3838 in
2640 3783 2969 3854 longitudine
2999 3783 3087 3837 hic
3119 3797 3306 3837 versus
3335 3791 3449 3838 est:

2009 3900 2235 3963 Corporis
2258 3912 2353 3961 ego
2376 3899 2498 3947 sacri
2521 3896 2815 3946 constructio
2838 3895 2887 3943 in
2920 3898 3025 3944 arte
3048 3893 3211 3943 beata.

1884 4003 1943 4059 In
1970 4004 2248 4058 latitudine
2282 4016 2494 4072 quoque
2516 4001 2616 4056 iste
2640 4015 2655 4053 :

2007 4112 2463 4173 Enumeroradiaus
2482 4123 2576 4174 qua
2598 4111 2726 4160 intus
2749 4109 2919 4171 probat
2955 4110 3069 4160 lisse
3102 4110 3265 4161 beate.

1886 4216 1955 4270 At
2010 4216 2063 4270 in
2090 4215 2293 4270 dextra:
2324 4214 2505 4269 crucis
2550 4212 3015 4283 longitudine‘liic
3062 4212 3317 4283 legendus
3368 4221 3453 4267 est

1883 4321 2074 4362 VCI‘SUS
2099 4325 2110 4359 ἶ

2008 4398 2144 4447 Nunc
2167 4407 2328 4445 canam
2356 4403 2402 4445 at
2426 4407 2633 4453 exorsus
2656 4394 2816 4445 Iesum
2838 4394 3021 4444 abdere
3044 4401 3093 4444 et
3116 4392 3205 4442 uda
3229 4396 3381 4455 piare.

1884 4481 1951 4536 Et
1980 4481 2033 4535 in
2061 4479 2339 4534 latitudine
2363 4479 2465 4534 iste
2488 4494 2503 4533 :

2005 4569 2131 4620 Vera
2154 4569 2283 4618 salus
2306 4571 2392 4618 ista
2418 4575 2495 4619 est
2515 4569 2791 4619 benedictio
2812 4576 2975 4617 sancta
2999 4567 3191 4617 salutis.

1882 4654 2014 4708 Nam
2044 4653 2093 4707 in
2124 4653 2355 4707 sinistra:
2378 4653 2554 4708 crucis
2588 4652 2917 4721 longitudine
2943 4651 3066 4705 talis
3102 4660 3184 4705 est
3213 4665 3401 4705 versus
3426 4669 3441 4704 :

2016 4766 2067 4815 In
2093 4761 2193 4814 toto
2210 4767 2315 4826 ipse
2340 4776 2541 4813 manens
2563 4768 2701 4811 tenet
2727 4763 2930 4824 ipseque
2957 4762 3071 4810 vivit
3088 4761 3135 4809 in
3156 4761 3300 4809 omni.

1887 4872 2061 4940 Atque
2090 4871 2139 4924 in
2166 4868 2446 4923 latitudine
2468 4866 2589 4920 talis
2616 4884 2628 4918 :

2013 4978 2138 5033 Fons
2163 4977 2388 5027 bonitatis
2409 4988 2538 5025 amor
2559 4975 2811 5037 pietasque
2833 4974 3105 5035 redemptlo
3127 4982 3262 5023 vera.
