3958 6332
281 150 377 205 ΞΞΙ

1290 156 1373 209 DE
1410 152 1745 211 LAUDIBUS
1785 158 1840 210 S.
1880 158 2145 215 CRUCIS.
2186 184 2257 202 ά-
2294 161 2417 215 LlB.
2458 162 2501 215 Ι.

3376 173 3481 230 822

1434 264 1581 323 DEC
1592 266 1939 327 LARATIO
1983 268 2105 329 FIG
2118 270 2319 330 ΗΒΕ.

352 430 810 505 Quadragenarius
852 431 1027 519 itaque
1068 445 1319 484 numerus
1360 431 1647 485 secundum
1677 431 1819 487 hunc
1845 445 1895 501 Α
1922 453 2039 492 rum
2065 441 2466 508 quadripartitis
2492 442 2695 496 vicibus
2721 452 2974 509 currunt;
3008 454 3062 499 et
3100 448 3328 504 mundus
3364 451 3475 519 ipse

281 522 493 576 modum
523 520 749 588 speciem
790 521 961 574 crucis
1008 518 1225 581 format,
1265 528 1317 574 et
1362 521 1595 590 mysterii
1644 537 1827 575 sacra-

282 620 516 664 mentum
558 623 788 679 congrua
815 608 1157 676 dispositione
1187 609 1456 663 declarat:
1486 612 1574 678 qui
1603 612 1654 663 in
1690 627 1822 679 qna-

283 710 403 754 tuor
439 714 674 753 summas
698 699 917 760 divisus,
945 699 1217 752 denarium
1246 714 1342 768 per
1369 699 1605 768 singulas
1641 698 1829 757 ordine

280 788 561 843 manifesto
585 787 932 863 demonstrat.
972 788 1082 842 Hoc
1109 789 1250 861 enim
1277 788 1341 841 ad
1372 791 1679 858 mysterium
1709 806 1829 860 per-

280 883 433 945 tinet,
474 882 599 950 quia
627 880 761 935 sicut
788 882 840 934 in
887 889 1115 948 quatuor
1155 880 1396 948 partibus
1433 880 1635 934 denarii
1664 882 1829 951 pleni-

280 970 406 1023 tudo
432 969 717 1038 invenitur,
742 969 815 1021 ita
846 969 1007 1021 etiam
1039 968 1091 1019 in
1118 962 1336 1039 singulis
1362 969 1530 1023 sancti
1557 968 1826 1041 Evangelii

278 1054 429 1111 libris
462 1055 695 1126 deealogi
740 1053 998 1125 perfectio
1032 1055 1275 1111 omnibus
1310 1054 1551 1109 ﬁdelibus
1594 1056 1828 1118 insinua-

278 1155 385 1201 tur.
411 1145 536 1212 Quaa
568 1154 742 1199 tamen
774 1144 971 1212 junctae
1000 1139 1223 1197 decades
1265 1160 1423 1198 unam
1452 1146 1681 1214 speciem
1708 1161 1827 1200 cru-

278 1228 359 1290 cis
384 1233 612 1302 faciunt,
637 1235 761 1303 quia
795 1235 1053 1289 unitatem
1090 1233 1210 1290 ﬁdei
1254 1244 1307 1288 et
1340 1235 1633 1291 dilectionis
1660 1238 1829 1292 socie-

279 1334 468 1391 tatem,
502 1324 780 1393 decalogus
802 1324 933 1393 legis
957 1332 1012 1378 et
1041 1314 1305 1394 Evangelii
1338 1324 1586 1393 maiestas
1604 1342 1827 1385 cenem»

277 1411 416 1467 diter
457 1400 717 1466 astruunt.
757 1408 922 1465 Porro
963 1412 1074 1480 ipse
1110 1410 1377 1477 denarius,
1426 1413 1490 1467 ab
1527 1429 1634 1467 uno
1660 1429 1826 1482 usque

276 1501 344 1555 ad
399 1484 625 1571 quatuor
684 1501 1051 1569 progrediente
1110 1512 1339 1553 numero
1404 1511 1820 1565 consummatur,

277 1584 522 1655 idemQue
552 1596 609 1640 ut
641 1588 692 1640 in
734 1573 1212 1656 quadragenarium
1256 1596 1438 1655 Surgat
1470 1597 1565 1655 per
1594 1594 1823 1655 quatuor

275 1676 673 1745 multiplicatur,
716 1664 816 1731 hoc
873 1666 1122 1730 nimirum
1167 1675 1460 1755 significat,
1506 1677 1647 1746 quod
1692 1672 1823 1746 legis

1928 536 2155 595 quatuor
2183 527 2421 595 partibus
2457 531 2791 593 terminatur.
2819 548 2952 601 quas
2980 533 3477 602 aliquandovenlo-

1931 630 2047 667 rum
2094 616 2307 669 nomine
2352 614 2626 684 Scriptura
2660 629 3061 683 commemorat.
3090 622 3156 675 ab
3185 625 3390 678 oriente
3425 635 3479 679 et

1927 703 2220 766 occidente,
2263 705 2329 757 ab
2358 706 2604 772 aquilone
2648 713 2701 758 et
2748 707 2987 761 meridie.
3023 708 3100 762 Ad
3142 712 3283 765 hunc
3314 714 3477 783 igitur

1926 793 2211 856 mundum,
2254 794 2320 846 ad
2362 794 2516 847 istam
2562 803 2826 848 terrenam
2884 798 3266 866 mortaicmque
3313 803 3475 855 vitam

1926 882 2221 947 hominum,
2250 884 2316 936 ad
2344 899 2442 936 nos
2465 884 2722 952 regendos
2752 884 2803 938 in
2834 888 3120 941 tentatione
3151 888 3476 954 laborantes,

1926 976 2222 1029 venientem
2272 990 2448 1044 regem
2509 975 2779 1029 Christum
2840 969 3115 1031 Matthazus
3181 981 3477 1048 suscipiens

1925 1076 2146 1115 exorsus
2168 1065 2249 1115 est
2278 1062 2343 1115 ab
2372 1062 2662 1127 Abraham,
2691 1072 2745 1116 et
2768 1066 3097 1118 enumeravit
3130 1052 3477 1137 quadraginta

1926 1150 2186 1204 homines.
2221 1151 2302 1204 Ah
2331 1152 2441 1219 ipsa
2472 1151 2614 1204 enim
2655 1160 2809 1220 gente
2843 1149 3207 1217 liebraaorum,
3235 1170 3351 1222 qua:
3379 1171 3480 1208 ca:-

1927 1240 2055 1293 teris
2084 1240 2328 1308 gentibus
2371 1244 2427 1292 ut
2462 1239 2893 1308 distingueretur,
2925 1241 3064 1294 Deus
3090 1238 3154 1305 de
3184 1251 3322 1295 terra
3356 1257 3472 1305 sua,

1907 1335 1981 1381 et
2017 1327 2081 1380 de
2128 1328 2445 1397 cognatione
2488 1340 2579 1381 sua
2615 1328 2883 1396 separavit
2908 1319 3196 1382 Abraham.
3234 1328 3478 1383 Christus

1926 1417 2069 1470 venit
2112 1417 2164 1468 in
2192 1426 2451 1478 carne,.et
2477 1418 2544 1469 ab
2586 1417 2699 1485 ipsa
2728 1426 2919 1470 cuncto
2947 1418 3141 1471 mundo
3184 1419 3469 1472 salutarem

1926 1505 2138 1573 pertulit
2167 1520 2399 1563 crucem.
2430 1505 2484 1557 ln
2515 1504 2615 1558 hoc
2657 1519 2914 1557 annorum
2944 1492 3171 1558 termino
3210 1506 3356 1560 Isaac
3391 1521 3475 1559 so-

1925 1594 2061 1648 ciata
2087 1602 2168 1649 est
2197 1586 2437 1670 Rebecca
2470 1602 2522 1646 et
2552 1604 2658 1661 per
2698 1593 2861 1661 ipsius
2888 1595 3094 1647 numeri
3118 1595 3471 1682 mysterium.

1925 1680 2134 1736 Christo
2163 1683 2469 1750 accopulata
2499 1688 2579 1735 est
2604 1682 2859 1736 Ecclesia.
2886 1682 2995 1735 lioc
3018 1680 3241 1737 numero
3270 1684 3474 1738 dierum

274 1766 657 1849 consummatio
682 1776 782 1817 non
809 1762 925 1818 sine
948 1762 1230 1834 Evangelia
1257 1764 1366 1828 ttat,
1397 1775 1494 1841 nec
1519 1761 1821 1833 evangelica
1855 1792 1897 1850 Β
1927 1770 2073 1837 missi
2100 1768 2372 1823 duodecim
2396 1760 2495 1822 viri
2524 1769 2932 1839 capioraverunt
2958 1766 3153 1824 terram
3193 1774 3479 1840 repromis-

274 1853 511 1909 doctrina
537 1846 875 1908 attestatione
903 1852 1035 1922 legis
1062 1861 1260 1907 careat.
1286 1851 1434 1906 Finis
1468 1854 1605 1906 enim
1636 1863 1681 1906 et
1698 1851 1825 1922 per-

274 1938 425 2007 fectio
465 1938 586 2008 legis
614 1937 847 2013 Christus
880 1939 949 1991 ad
971 1938 1231 2007 justitiam
1258 1941 1396 1992 omni
1424 1939 1672 2009 credenti.
1701 1938 1825 2008 'lpse

272 2035 347 2080 est
368 2027 500 2080 enim
529 2040 632 2095 pax
668 2037 862 2101 nostra,
898 2027 985 2095 qui
1020 2023 1137 2094 fecit
1174 2036 1396 2094 utraque
1441 2041 1619 2091 unum,
1648 2037 1695 2080 ct
1724 2039 1825 2081 me-

272 2114 415 2166 dium
449 2115 693 2182 parietem
726 2115 961 2167 maceria:
985 2110 1202 2178 solvens,
1232 2106 1635 2168 inimicitiam'in
1670 2132 1825 2169 carne

273 2218 370 2255 sua
398 2216 417 2252 :
441 2201 597 2270 legem
642 2201 1001 2254 mandatorum
1043 2202 1258 2255 decretis
1286 2192 1559 2268 euacuans,
1600 2214 1655 2255 ut
1694 2203 1823 2255 duos

271 2289 461 2341 condat
498 2290 551 2341 in
595 2276 879 2356 semetipsa,
920 2290 972 2341 in
1006 2302 1161 2343 unum
1205 2300 1387 2345 novum
1428 2286 1717 2353 hominem,
1745 2290 1829 2357 [αι’

272 2377 410 2430 ciens
435 2393 632 2445 pacem,
653 2386 708 2433 ut
735 2377 1021 2431 reconciliet
1038 2378 1218 2430 ‘ambos
1238 2378 1291 2430 in
1314 2390 1415 2430 uno
1437 2392 1667 2446 corpore,
1684 2360 1821 2443 'Deo,

272 2484 365 2539 per
389 2483 590 2537 crucem
619 2464 925 2523 interﬁciens
954 2469 1249 2521 inimicitias
1289 2470 1341 2521 in
1370 2470 1656 2539 semetipso.
1686 2468 1821 2535 Quia

268 2574 399 2632 ergo
426 2574 677 2615 numerus
722 2559 824 2615 iate‘
850 2555 1098 2614 laboriosi
1142 2556 1297 2625 hujus
1341 2560 1593 2628 temporis
1636 2572 1817 2613 sacra-

272 2657 507 2702 mentum
552 2644 802 2715 est,’quo
844 2648 941 2701 sub
976 2640 1255 2715 disciplina
1294 2647 1433 2717 regis
1476 2646 1674 2701 Christi
1722 2644 1816 2701 ad-

272 2747 457 2789 versus
498 2731 760 2789 diabolum
820 2734 1165 2799 dimicamus,
1207 2735 1367 2787 etiam
1404 2734 1638 2788 declarat
1687 2733 1815 2791 illud

272 2824 410 2891 quod
430 2823 776 2892 quadraginta
800 2822 1003 2879 dierum
1020 2820 1220 2903 jejunio
1244 2817 1607 2907 humiliatiOne
1629 2822 1825 2907 animat

273 2915 627 2976 consecravit;
652 2923 705 2967 et
726 2909 808 2965 lex
833 2921 886 2965 et
908 2900 1177 2981 prophetat
1195 2916 1289 2981 per
1314 2902 1529 2981 Moysen
1550 2918 1603 2964 et
1623 2910 1812 2974 Eiiam,‘

270 3003 361 3071 qui
388 3001 740 3070 quadragenis
768 3000 952 3053 diebus
973 2990 1444 3077 jejuna‘verunt,et
1471 2994 1815 3067 EVangelium

1926 1860 2109 1923 sionis,
2148 1867 2204 1913 et
2235 1848 2419 1913 eodem
2467 1870 2725 1912 annorum
2786 1874 3008 1913 numero
3065 1861 3307 1928 castigati
3355 1871 3481 1915 sunt

1926 1948 2176 2001 increduli
2200 1957 2254 2001 et
2278 1946 2607 2001 detractores
2626 1948 2678 2000 in
2706 1942 2985 2001 sterilitate'
3010 1947 3327 2011 solitudinis,
3353 1950 3476 2018 quia

1924 2051 2063 2105 saepe
2104 2052 2199 2105 per
2238 2036 2516 2104 prmsentis
2560 2036 2681 2089 vita:
2724 2036 3135 2105 laborem,‘quo
3182 2038 3478 2107 probantur

1924 2111 2115 2189 electi,
2161 2125 2469 2178 cruciantur
2525 2113 2757 2193 mprobi.
2805 2125 2931 2178 item
2977 2127 3267 2179 secundum
3317 2113 3476 2194 hujus

1925 2215 2129 2267 numeri
2157 2215 2512 2276 medietatem,
2539 2211 2589 2267 id
2614 2222 2716 2277 est,
2747 2229 2776 2267 a
2808 2198 2993 2283 viginti
3022 2216 3176 2268 annis
3198 2216 3476 2283 eligeban-

1926 2302 2129 2373 tur_iilii
2174 2294 2335 2356 lsrael
2376 2303 2427 2355 in
2461 2300 2708 2355 militiam
2752 2299 2957 2356 Domini
3010 2302 3088 2373 (ut
3129 2300 3472 2358 Pentateucbi

1923 2368 2105 2445 nari‘at
2132 2390 2375 2460 historia)
2412 2400 2471 2443 ut
2513 2390 2886 2444 ostenderetur
2913 2368 3036 2459 quia
3086 2403 3207 2443 mox
3252 2400 3310 2445 ut
3347 2393 3474 2446 oriri

1922 2488 2201 2549 cmperunt
2229 2480 2426 2533 sanctis
2454 2478 2587 2533 bella
2618 2476 2892 2540 vitiorum,
2924 2491 3029 2533 non
3076 2494 3268 2548 parvus
3294 2482 3472 2534 statim

1921 2573 2071 2626 adest
2092 2551 2243 2624 lab‘or
2268 2571 2618 2625 certaminum
2645 2588 2658 2624 :
2686 2570 2786 2635 Qui
2816 2580 2986 2624 autem
3012 2581 3130 2624 sunt
3159 2569 3374 2639 Christi,
3403 2574 3475 2626 ait

1918 2657 2231 2728 Apostolus,
2262 2674 2464 2711 carnem
2503 2674 2651 2711 suam
2691 2658 3057 2726 cruciﬁxerunt
3096 2671 3211 2710 cum
3246 2660 3379 2727 vitiis
3426 2668 3474 2713 et

1920 2745 2359 2824 concupiscentiis.
2390 2742 2603 2799 Metitur
2624 2759 2753 2815 ergo
2779 2746 2864 2799 hic
2892 2760 3148 2799 numerus
3178 2746 3467 2800 secundum

1918 2835 2229 2903 positionem
2260 2826 2455 2887 sanctze
2479 2834 2653 2887 crucis
2682 2833 2957 2900 intempio‘
2986 2832 3324 2888 Salomonico
3351 2849 3474 2911 san.-

1918 2930 2002 2977 cta
2029 2924 2355 2985 sanctorum,
2385 2921 2437 2974 id
2466 2921 2778 2990 est,viginti
2806 2921 3015 2975 cubitos
3039 2922 3090 2974 in
3120 2922 3468 2990 longitudine,

1911 3006 1970 3067 ‘et
1999 3010 2181 3083 viginti
2228 3012 2435 3066 cubites
2479 3010 2531 3063 in
2579 3008 2874 3073 latitudine,
2908 3018 2969 3063 ut
3007 3009 3317 3065 ostendatur
3359 3010 3471 3080 ipse

270 3106 365 3163 per
386 3095 551 3164 ipsius
583 3080 786 3147 Domini
806 3092 1084 3165 jejunium,
1111 3092 1301 3160 quibus
1326 3093 1675 3161 quadraginta
1704 3078 1821 3146 die?
1842 3111 1885 3171 ρ
1916 3110 2035 3154 esse
2057 3078 2292 3153 vsanctus
2334 3104 2661 3161 sanctorum,
2711 3097 2799 3166 qui
2850 3099 2902 3151 in
2947 3097 3121 3159 crucis
3163 3078 3471 3166 quadriildae

270 3178 370 3235 bus
413 3181 571 3234 etiam
611 3180 910 3233 tentabatur
950 3194 979 3231 a
1026 3178 1251 3240 diabolo,
1299 3178 1429 3260 quid
1471 3176 1814 3246 aliudquam

269 3283 427 3325 omne
471 3268 625 3339 hujus
669 3268 843 3322 saeculi
877 3274 1095 3336 tempus
1117 3260 1462 3320 tentationcm
1494 3275 1729 3319 nostram
1760 3266 1813 3319 in

268 3370 431 3413 carne
462 3368 589 3420 Sua,
631 3370 787 3424 quam
838 3345 901 3409 de
948 3364 1129 3407 nostra
1182 3352 1507 3408 mortalitate
1545 3358 1817 3407 assumere

267 3444 513 3517 dignatus
534 3456 633 3508 est,
658 3432 987 3513 praitigurat?
1008 3444 1088 3496 Ab
1111 3445 1238 3497 hora
1261 3454 1468 3511 quoque
1493 3443 1677 3497 mortis
1699 3444 1813 3510 ejus

265 3552 437 3606 usque
479 3537 545 3589 ad
596 3526 878 3589 diluculum
927 3534 1329 3588 resurrectionis
1377 3540 1623 3587 constant
1671 3532 1814 3586 horae

265 3623 645 3696 quadraginta,
676 3626 719 3678 si
762 3626 876 3693 ipsa
915 3638 1052 3677 noua
1094 3631 1535 3687 connumeretur;
1563 3632 1682 3690 post
1723 3639 1813 3678 re-

265 3714 653 3768 surrectionem
676 3726 885 3779 quoque
927 3725 1032 3763 non
1074 3709 1296 3778 amplius
1335 3725 1491 3778 quam
1537 3710 1650 3763 dies
1677 3724 1812 3776 qua-

265 3801 508 3870 draginta
551 3814 669 3853 cum
712 3796 983 3865 discipulis
1032 3798 1083 3850 in
1132 3798 1234 3850 hac
1280 3805 1422 3850 terra
1468 3812 1585 3854 esse
1627 3796 1808 3849 voluit.

264 3890 405 3945 Hinc
430 3906 611 3945 eorum
636 3878 763 3942 vitae.
782 3889 954 3940 adhuc
978 3887 1209 3940 humana
1235 3888 1639 3940 conversatione
1665 3903 1812 3940 come

263 3978 478 4041 inistus,
527 3985 584 4030 et
625 3991 753 4031 cum.
772 3975 877 4029 illis
919 3975 1169 4031 alimenta
1220 3975 1518 4029 mortalium
1551 3973 1686 4041 jam“
1706 3991 1811 4029 non

262 4068 559 4123 moriturus
586 4066 870 4135 accipiens,
915 4075 975 4118 ut
1013 4080 1108 4134 per
1134 4067 1275 4134 ipsos
1307 4066 1656 4135 quadraginta
1700 4066 1813 4121 dies

258 4154 593 4224 signiﬁcaret
634 4167 692 4217 se
735 4151 939 4206 occulta
984 4152 1263 4220 praesentia
1308 4152 1447 4220 quod
1491 4153 1811 4219 promiserat

261 4246 639 4315 impleturum,
675 4243 885 4312 quando
932 4242 1046 4294 ait:
1085 4239 1216 4293 Ecce
1260 4256 1349 4308 ego
1397 4240 1656 4292 vobiscum
1688 4256 1810 4293 sum

257 4352 425 4406 usque
466 4336 533 4388 ad
577 4330 1065 4389 consummationem
1110 4332 1303 4386 circuli.
1343 4332 1452 4385 Cur
1486 4339 1663 4385 autem
1714 4333 1811 4387 iste

1916 3187 2154 3242 conﬁxus
2181 3195 2263 3240 est
2292 3186 2489 3254 stipite,
2520 3192 2580 3239 ut
2609 3198 2667 3240 re
2708 3186 3019 3255 propitiaret
3044 3186 3231 3239 delicta
3269 3186 3468 3254 populi,

1914 3287 1968 3331 et
2008 3263 2363 3329 sanctiﬁcaret
2405 3275 2567 3329 totius
2611 3264 2996 3343 orbis-gentes,
3039 3274 3283 3329 habitans
3327 3277 3469 3329 inter

1911 3359 2086 3421 eoset
2129 3365 2339 3419 salvans
2380 3375 2566 3417 omnes
2609 3364 2883 3418 credentes
2923 3365 2974 3417 in
3019 3380 3095 3419 se.
3128 3364 3319 3419 Merito
3339 3380 3467 3436 ergo

1914 3470 2045 3510 crus
2070 3457 2181 3523 ipsa
2210 3462 2393 3508 sancta
2423 3460 2731 3507 sanctorum
2756 3454 2863 3517 dici
2892 3460 3087 3520 potest,
3117 3468 3233 3521 qure
3264 3456 3330 3507 ab
3352 3469 3467 3508 om-

1914 3550 2069 3601 nibus
2103 3535 2301 3600 sanctis
2321 3546 2393 3598 .in
2426 3534 2567 3598 terra
2597 3552 2965 3599 veneratur‘et
2996 3545 3206 3609 colitur,
3235 3560 3333 3599 nec
3360 3559 3465 3598 non
3502 3611 3507 3616 ‘

1912 3644 1967 3689 et
2002 3635 2068 3690 ab
2112 3633 2241 3702 ipsis
2276 3634 2475 3687 sanctis
2512 3632 2795 3702 spiritibus
2827 3634 3104 3703 angelicis,
3144 3634 3233 3703 qui
3268 3635 3335 3687 de
3378 3649 3465 3689 re-

1912 3724 2212 3790 demptione
2242 3733 2422 3773 nostra
2456 3708 2803 3787 gratulantur,
2831 3722 2972 3774 omni
2997 3715 3208 3781 honore
3245 3722 3325 3791 (ut
3352 3734 3466 3775 cre-

1913 3814 2105 3883 dimus)
2134 3812 2290 3880 digna
2335 3811 2642 3879 deputatur,
2666 3805 2757 3879 qui
2802 3812 3146 3864 recordamur
3190 3808 3462 3864 Christum

1912 3906 2522 3973 propter'ohedientlam
2564 3906 2738 3959 erucis
2777 3904 3083 3967 exaltatum,
3115 3915 3169 3960 et
3211 3905 3461 3959 traditum

1914 3993 1985 4045 illi
2017 4006 2231 4057 nomen,
2268 3994 2409 4062 quod
2452 4000 2535 4047 est
2561 3997 2718 4062 super
2743 4008 2899 4049 omne
2928 4009 3144 4057 nomen,
3172 4004 3226 4047 ut
3264 3996 3325 4057 in
3364 4011 3450 4047 no-
3522 3996 3525 3997 ⁷

1911 4083 2045 4135 mine
2071 4081 2233 4143 Iliesu
2254 4099 2401 4135 omne
2421 4099 2551 4151 genu
2571 4084 2803 4151 ﬂectatur
2823 4082 3119 4147 rmiestium,
3141 4084 3458 4137 terrestrium

1911 4181 1957 4222 et
2004 4170 2339 4238 infernarum.
2386 4170 2481 4224 Est
2524 4178 2699 4223 autem
2748 4169 3197 4238 quadragenarius
3242 4170 3354 4238 ipse
3402 4170 3456 4223 in

1910 4268 2139 4329 quatuor
2165 4259 2441 4328 triangulis
2464 4259 2553 4312 hic
2572 4258 3004 4327 comprehensus,
3029 4258 3318 4312 secundum
3342 4272 3463 4326 geo-

1912 4348 2147 4402 metrica:
2179 4347 2358 4416 ﬁgura:
2390 4351 2733 4416 potestatem,
2771 4347 3048 4401 continens
3088 4362 3299 4401 versum
3329 4362 3460 4415 qua-

258 4439 519 4479 numerus
543 4425 681 4479 hanc
702 4421 1043 4491 temporalem
1071 4422 1229 4477 vitam
1259 4428 1630 4501 terrenamque
1654 4420 1811 4489 signi-
1838 4436 1886 4492 D
1914 4438 2152 4506 draginm
2184 4437 2480 4490 ιίιιεηι-υω
2509 4437 2561 4495 in
2593 4438 2733 4490 hunc
2754 4436 2963 4489 modum
2991 4454 3003 4488 ε

257 4515 410 4576 ﬂeet,
441 4512 525 4566 illa
555 4513 769 4583 interim
792 4526 954 4572 causa
983 4512 1050 4566 de
1079 4510 1317 4581 proximo
1349 4509 1600 4573 occurrit,
1628 4524 1814 4577 quam-

259 4603 347 4658 vis
374 4603 445 4657 sit
487 4602 591 4656 alia
624 4600 853 4657 fortasse
889 4602 1161 4665 secretim,
1187 4599 1329 4669 quod
1363 4606 1601 4667 tempora
1647 4616 1813 4655 anno-

2034 4546 2155 4597 Crux
2180 4554 2337 4617 saera,
2371 4551 2421 4595 tu
2444 4545 2614 4596 merui
2634 4558 2690 4595 es
2710 4548 2841 4607 regis
2865 4546 3058 4594 victoris
3078 4544 3268 4596 Christi.
