  <div class='ocr_page' id='page_1' title='image "/cluster/home/n/w/nwhite01/storage/ocr_20150623/107/uva.x000827064/118.png"; bbox 0 0 3958 6314; ppageno 0'>
   <div class='ocr_carea' id='block_1_1' title="bbox 172 371 277 428">
    <p class='ocr_par' dir='ltr' id='par_1_1' title="bbox 172 371 277 428">
     <span class='ocr_line' id='line_1_1' title="bbox 172 371 277 428; baseline -0.029 0"><span class='ocrx_word' id='word_1_1' title='bbox 172 371 277 428; x_wconf 67' lang='lat'><strong>125</strong></span> 
     </span>
    </p>
   </div>
   <div class='ocr_carea' id='block_1_2' title="bbox 1208 364 2514 427">
    <p class='ocr_par' dir='ltr' id='par_1_2' title="bbox 1208 364 2514 427">
     <span class='ocr_line' id='line_1_2' title="bbox 1208 364 2514 427; baseline -0.002 -5"><span class='ocrx_word' id='word_1_2' title='bbox 1208 368 1298 424; x_wconf 77' lang='lat' dir='ltr'><strong>DE</strong></span> <span class='ocrx_word' id='word_1_3' title='bbox 1334 365 1673 427; x_wconf 77' lang='lat' dir='ltr'><strong>LAUDIBUS</strong></span> <span class='ocrx_word' id='word_1_4' title='bbox 1709 366 1766 422; x_wconf 87' lang='lat' dir='ltr'><strong>S.</strong></span> <span class='ocrx_word' id='word_1_5' title='bbox 1805 364 2071 423; x_wconf 68' lang='grc' dir='ltr'><strong>(ΞΒ-[1015.</strong></span> <span class='ocrx_word' id='word_1_6' title='bbox 2110 395 2178 408; x_wconf 95' lang='grc'><strong>-</strong></span> <span class='ocrx_word' id='word_1_7' title='bbox 2210 366 2337 421; x_wconf 76' lang='lat' dir='ltr'><strong>LIB.</strong></span> <span class='ocrx_word' id='word_1_8' title='bbox 2377 367 2417 419; x_wconf 88' lang='lat' dir='ltr'><strong>l.</strong></span> <span class='ocrx_word' id='word_1_9' title='bbox 2511 392 2514 396; x_wconf 57' lang='grc' dir='ltr'>λ</span> 
     </span>
    </p>
   </div>
   <div class='ocr_carea' id='block_1_3' title="bbox 3304 374 3405 431">
    <p class='ocr_par' dir='ltr' id='par_1_3' title="bbox 3304 374 3405 431">
     <span class='ocr_line' id='line_1_3' title="bbox 3304 374 3405 431; baseline 0.02 -2"><span class='ocrx_word' id='word_1_10' title='bbox 3304 374 3405 431; x_wconf 71' lang='lat'><strong>226</strong></span> 
     </span>
    </p>
   </div>
   <div class='ocr_carea' id='block_1_4' title="bbox 1370 477 2266 542">
    <p class='ocr_par' dir='ltr' id='par_1_4' title="bbox 1370 477 2266 542">
     <span class='ocr_line' id='line_1_4' title="bbox 1370 477 2266 542; baseline -0.004 -1"><span class='ocrx_word' id='word_1_11' title='bbox 1370 477 1879 542; x_wconf 79' lang='lat' dir='ltr'><strong>DECLABATIO</strong></span> <span class='ocrx_word' id='word_1_12' title='bbox 1922 477 2266 540; x_wconf 69' lang='lat' dir='ltr'><strong>FIGURAE.</strong></span> 
     </span>
    </p>
   </div>
   <div class='ocr_carea' id='block_1_5' title="bbox 1634 598 1952 611">
    <p class='ocr_par' dir='ltr' id='par_1_5' title="bbox 1634 598 1952 611">
     <span class='ocr_line' id='line_1_5' title="bbox 1634 598 1952 611; baseline -0.009 0"><span class='ocrx_word' id='word_1_13' title='bbox 1634 598 1952 611; x_wconf 73' lang='lat'><strong>——-———</strong></span> 
     </span>
    </p>
   </div>
   <div class='ocr_carea' id='block_1_6' title="bbox 256 656 3409 735">
    <p class='ocr_par' dir='ltr' id='par_1_6' title="bbox 256 656 3409 735">
     <span class='ocr_line' id='line_1_6' title="bbox 256 656 3409 735; baseline 0.006 -28"><span class='ocrx_word' id='word_1_14' title='bbox 256 664 381 723; x_wconf 65' lang='grc' dir='ltr'>ιιωο</span> <span class='ocrx_word' id='word_1_15' title='bbox 426 663 590 735; x_wconf 62' lang='lat' dir='ltr'><strong>igitur</strong></span> <span class='ocrx_word' id='word_1_16' title='bbox 651 661 842 733; x_wconf 85' lang='lat' dir='ltr'><strong>pagina</strong></span> <span class='ocrx_word' id='word_1_17' title='bbox 889 660 1402 731; x_wconf 87' lang='lat' dir='ltr'><strong>quinquagenarium</strong></span> <span class='ocrx_word' id='word_1_18' title='bbox 1464 673 1745 714; x_wconf 84' lang='lat' dir='ltr'><strong>numerum</strong></span> <span class='ocrx_word' id='word_1_19' title='bbox 1772 660 1822 720; x_wconf 84' lang='grc' dir='ltr'><strong>Α</strong></span> <span class='ocrx_word' id='word_1_20' title='bbox 1850 674 1929 723; x_wconf 89' lang='lat' dir='ltr'><strong>ra,</strong></span> <span class='ocrx_word' id='word_1_21' title='bbox 1971 658 2097 727; x_wconf 84' lang='lat' dir='ltr'><strong>quia</strong></span> <span class='ocrx_word' id='word_1_22' title='bbox 2126 665 2238 712; x_wconf 89' lang='lat' dir='ltr'><strong>tota</strong></span> <span class='ocrx_word' id='word_1_23' title='bbox 2280 657 2416 711; x_wconf 93' lang='lat' dir='ltr'><strong>ratio</strong></span> <span class='ocrx_word' id='word_1_24' title='bbox 2448 656 2590 712; x_wconf 90' lang='lat' dir='ltr'><strong>illius</strong></span> <span class='ocrx_word' id='word_1_25' title='bbox 2616 657 2965 726; x_wconf 88' lang='lat' dir='ltr'><strong>spiritualiter</strong></span> <span class='ocrx_word' id='word_1_26' title='bbox 3006 664 3152 718; x_wconf 85' lang='lat' dir='ltr'><strong>cruci</strong></span> <span class='ocrx_word' id='word_1_27' title='bbox 3177 674 3409 735; x_wconf 83' lang='lat' dir='ltr'><strong>aptatur.</strong></span> 
     </span>
    </p>
   </div>
   <div class='ocr_carea' id='block_1_7' title="bbox 183 750 1747 821">
    <p class='ocr_par' dir='ltr' id='par_1_7' title="bbox 183 750 1747 821">
     <span class='ocr_line' id='line_1_7' title="bbox 183 750 1747 821; baseline -0.007 -10"><span class='ocrx_word' id='word_1_28' title='bbox 183 756 443 819; x_wconf 87' lang='lat' dir='ltr'><strong>continet,</strong></span> <span class='ocrx_word' id='word_1_29' title='bbox 475 754 530 807; x_wconf 90' lang='lat' dir='ltr'><strong>in</strong></span> <span class='ocrx_word' id='word_1_30' title='bbox 571 751 807 821; x_wconf 89' lang='lat' dir='ltr'><strong>quinque</strong></span> <span class='ocrx_word' id='word_1_31' title='bbox 846 750 891 805; x_wconf 85' lang='lat' dir='ltr'><strong>X</strong></span> <span class='ocrx_word' id='word_1_32' title='bbox 920 751 1112 805; x_wconf 89' lang='lat' dir='ltr'><strong>litteris</strong></span> <span class='ocrx_word' id='word_1_33' title='bbox 1140 750 1450 818; x_wconf 72' lang='lat' dir='ltr'><strong>expressum</strong></span> <span class='ocrx_word' id='word_1_34' title='bbox 1495 766 1509 802; x_wconf 91' lang='lat'><strong>:</strong></span> <span class='ocrx_word' id='word_1_35' title='bbox 1540 763 1659 817; x_wconf 65' lang='lat' dir='ltr'><strong>quae</strong></span> <span class='ocrx_word' id='word_1_36' title='bbox 1692 755 1747 801; x_wconf 89' lang='lat' dir='ltr'><strong>et</strong></span> 
     </span>
    </p>
   </div>
   <div class='ocr_carea' id='block_1_8' title="bbox 188 837 1746 909">
    <p class='ocr_par' dir='ltr' id='par_1_8' title="bbox 188 837 1746 909">
     <span class='ocr_line' id='line_1_8' title="bbox 188 837 1746 909; baseline -0.008 -7"><span class='ocrx_word' id='word_1_37' title='bbox 188 846 395 902; x_wconf 84' lang='lat' dir='ltr'><strong>denarii</strong></span> <span class='ocrx_word' id='word_1_38' title='bbox 439 853 591 899; x_wconf 88' lang='lat' dir='ltr'><strong>notat</strong></span> <span class='ocrx_word' id='word_1_39' title='bbox 633 856 915 905; x_wconf 88' lang='lat' dir='ltr'><strong>summam,</strong></span> <span class='ocrx_word' id='word_1_40' title='bbox 939 852 994 897; x_wconf 89' lang='lat' dir='ltr'><strong>et</strong></span> <span class='ocrx_word' id='word_1_41' title='bbox 1016 840 1190 897; x_wconf 92' lang='lat' dir='ltr'><strong>erucis</strong></span> <span class='ocrx_word' id='word_1_42' title='bbox 1220 838 1472 907; x_wconf 80' lang='lat' dir='ltr'><strong>exprimit</strong></span> <span class='ocrx_word' id='word_1_43' title='bbox 1501 837 1746 909; x_wconf 90' lang='lat' dir='ltr'><strong>ﬁguram,</strong></span> 
     </span>
    </p>
   </div>
   <div class='ocr_carea' id='block_1_9' title="bbox 188 926 1749 1004">
    <p class='ocr_par' dir='ltr' id='par_1_9' title="bbox 188 926 1749 1004">
     <span class='ocr_line' id='line_1_9' title="bbox 188 926 1749 1004; baseline -0.008 -10"><span class='ocrx_word' id='word_1_44' title='bbox 188 938 243 994; x_wconf 83' lang='lat' dir='ltr'><strong>in</strong></span> <span class='ocrx_word' id='word_1_45' title='bbox 283 934 438 1004; x_wconf 85' lang='lat' dir='ltr'><strong>cujus</strong></span> <span class='ocrx_word' id='word_1_46' title='bbox 482 934 739 988; x_wconf 90' lang='lat' dir='ltr'><strong>honorem</strong></span> <span class='ocrx_word' id='word_1_47' title='bbox 767 941 931 987; x_wconf 91' lang='lat' dir='ltr'><strong>totum</strong></span> <span class='ocrx_word' id='word_1_48' title='bbox 971 946 1104 1001; x_wconf 90' lang='lat' dir='ltr'><strong>opus</strong></span> <span class='ocrx_word' id='word_1_49' title='bbox 1134 929 1399 985; x_wconf 81' lang='lat' dir='ltr'><strong>conditur.</strong></span> <span class='ocrx_word' id='word_1_50' title='bbox 1427 927 1523 982; x_wconf 89' lang='lat' dir='ltr'><strong>llic</strong></span> <span class='ocrx_word' id='word_1_51' title='bbox 1545 926 1749 995; x_wconf 71' lang='lat' dir='ltr'><strong>jubilzei</strong></span> 
     </span>
    </p>
   </div>
   <div class='ocr_carea' id='block_1_10' title="bbox 190 1018 1759 1087">
    <p class='ocr_par' dir='ltr' id='par_1_10' title="bbox 190 1018 1759 1087">
     <span class='ocr_line' id='line_1_10' title="bbox 190 1018 1759 1087; baseline -0.008 -5"><span class='ocrx_word' id='word_1_52' title='bbox 190 1033 341 1083; x_wconf 81' lang='lat' dir='ltr'><strong>tenet</strong></span> <span class='ocrx_word' id='word_1_53' title='bbox 373 1024 791 1087; x_wconf 87' lang='lat' dir='ltr'><strong>observantiam,</strong></span> <span class='ocrx_word' id='word_1_54' title='bbox 818 1031 871 1076; x_wconf 89' lang='lat' dir='ltr'><strong>et</strong></span> <span class='ocrx_word' id='word_1_55' title='bbox 914 1037 1056 1076; x_wconf 74' lang='lat' dir='ltr'><strong>vera:</strong></span> <span class='ocrx_word' id='word_1_56' title='bbox 1105 1018 1454 1083; x_wconf 86' lang='lat' dir='ltr'><strong>remissionis,</strong></span> <span class='ocrx_word' id='word_1_57' title='bbox 1498 1032 1617 1086; x_wconf 70' lang='lat' dir='ltr'><strong>qua:</strong></span> <span class='ocrx_word' id='word_1_58' title='bbox 1656 1022 1759 1085; x_wconf 83' lang='lat' dir='ltr'><strong>per’</strong></span> 
     </span>
    </p>
   </div>
   <div class='ocr_carea' id='block_1_11' title="bbox 189 1106 1753 1175">
    <p class='ocr_par' dir='ltr' id='par_1_11' title="bbox 189 1106 1753 1175">
     <span class='ocr_line' id='line_1_11' title="bbox 189 1106 1753 1175; baseline -0.008 -3"><span class='ocrx_word' id='word_1_59' title='bbox 189 1130 409 1172; x_wconf 86' lang='lat' dir='ltr'><strong>crucem</strong></span> <span class='ocrx_word' id='word_1_60' title='bbox 442 1123 555 1169; x_wconf 91' lang='lat' dir='ltr'><strong>toto</strong></span> <span class='ocrx_word' id='word_1_61' title='bbox 587 1112 704 1167; x_wconf 87' lang='lat' dir='ltr'><strong>orbi</strong></span> <span class='ocrx_word' id='word_1_62' title='bbox 742 1111 1070 1174; x_wconf 86' lang='lat' dir='ltr'><strong>conceditur,</strong></span> <span class='ocrx_word' id='word_1_63' title='bbox 1131 1108 1287 1161; x_wconf 79' lang='lat' dir='ltr'><strong>index</strong></span> <span class='ocrx_word' id='word_1_64' title='bbox 1321 1116 1402 1161; x_wconf 91' lang='lat' dir='ltr'><strong>est</strong></span> <span class='ocrx_word' id='word_1_65' title='bbox 1444 1125 1456 1158; x_wconf 91' lang='lat'><strong>:</strong></span> <span class='ocrx_word' id='word_1_66' title='bbox 1509 1106 1596 1160; x_wconf 88' lang='lat' dir='ltr'><strong>hic</strong></span> <span class='ocrx_word' id='word_1_67' title='bbox 1630 1114 1753 1175; x_wconf 89' lang='lat' dir='ltr'><strong>post</strong></span> 
     </span>
    </p>
   </div>
   <div class='ocr_carea' id='block_1_12' title="bbox 196 1186 1749 1277">
    <p class='ocr_par' dir='ltr' id='par_1_12' title="bbox 196 1186 1749 1277">
     <span class='ocr_line' id='line_1_12' title="bbox 196 1186 1749 1277; baseline -0.006 -16"><span class='ocrx_word' id='word_1_68' title='bbox 196 1206 358 1277; x_wconf 77' lang='lat' dir='ltr'><strong>typici</strong></span> <span class='ocrx_word' id='word_1_69' title='bbox 382 1186 601 1260; x_wconf 59' lang='lat' dir='ltr'><strong>Daschz</strong></span> <span class='ocrx_word' id='word_1_70' title='bbox 627 1201 1037 1257; x_wconf 87' lang='lat' dir='ltr'><strong>celebrationem</strong></span> <span class='ocrx_word' id='word_1_71' title='bbox 1064 1206 1119 1253; x_wconf 92' lang='lat' dir='ltr'><strong>et</strong></span> <span class='ocrx_word' id='word_1_72' title='bbox 1138 1199 1300 1253; x_wconf 85' lang='lat' dir='ltr'><strong>occisi</strong></span> <span class='ocrx_word' id='word_1_73' title='bbox 1324 1198 1444 1268; x_wconf 83' lang='lat' dir='ltr'><strong>agni</strong></span> <span class='ocrx_word' id='word_1_74' title='bbox 1471 1197 1749 1264; x_wconf 83' lang='lat' dir='ltr'><strong>solemnia,</strong></span> 
     </span>
    </p>
   </div>
   <div class='ocr_carea' id='block_1_13' title="bbox 193 1287 1746 1364">
    <p class='ocr_par' dir='ltr' id='par_1_13' title="bbox 193 1287 1746 1364">
     <span class='ocr_line' id='line_1_13' title="bbox 193 1287 1746 1364; baseline -0.006 -12"><span class='ocrx_word' id='word_1_75' title='bbox 193 1296 558 1364; x_wconf 81' lang='lat' dir='ltr'><strong>transitusque</strong></span> <span class='ocrx_word' id='word_1_76' title='bbox 578 1291 785 1347; x_wconf 89' lang='lat' dir='ltr'><strong>Domini</strong></span> <span class='ocrx_word' id='word_1_77' title='bbox 809 1292 861 1345; x_wconf 89' lang='lat' dir='ltr'><strong>in</strong></span> <span class='ocrx_word' id='word_1_78' title='bbox 888 1290 1136 1361; x_wconf 55' lang='lat' dir='ltr'><strong>JEgypto,</strong></span> <span class='ocrx_word' id='word_1_79' title='bbox 1166 1289 1567 1344; x_wconf 87' lang='lat' dir='ltr'><strong>celeberrimam</strong></span> <span class='ocrx_word' id='word_1_80' title='bbox 1592 1287 1746 1343; x_wconf 82' lang='lat' dir='ltr'><strong>festi-</strong></span> 
     </span>
    </p>
   </div>
   <div class='ocr_carea' id='block_1_14' title="bbox 190 1378 1755 1455">
    <p class='ocr_par' dir='ltr' id='par_1_14' title="bbox 190 1378 1755 1455">
     <span class='ocr_line' id='line_1_14' title="bbox 190 1378 1755 1455; baseline -0.004 -15"><span class='ocrx_word' id='word_1_81' title='bbox 190 1385 416 1441; x_wconf 83' lang='lat' dir='ltr'><strong>vitatem</strong></span> <span class='ocrx_word' id='word_1_82' title='bbox 451 1384 581 1455; x_wconf 84' lang='lat' dir='ltr'><strong>legis</strong></span> <span class='ocrx_word' id='word_1_83' title='bbox 604 1384 742 1436; x_wconf 78' lang='lat' dir='ltr'><strong>data:</strong></span> <span class='ocrx_word' id='word_1_84' title='bbox 768 1380 821 1434; x_wconf 91' lang='lat' dir='ltr'><strong>in</strong></span> <span class='ocrx_word' id='word_1_85' title='bbox 848 1388 1027 1433; x_wconf 89' lang='lat' dir='ltr'><strong>monte</strong></span> <span class='ocrx_word' id='word_1_86' title='bbox 1056 1378 1200 1432; x_wconf 90' lang='lat' dir='ltr'><strong>Sinai</strong></span> <span class='ocrx_word' id='word_1_87' title='bbox 1244 1379 1401 1432; x_wconf 88' lang='lat' dir='ltr'><strong>testis</strong></span> <span class='ocrx_word' id='word_1_88' title='bbox 1425 1387 1536 1445; x_wconf 90' lang='lat' dir='ltr'><strong>est;</strong></span> <span class='ocrx_word' id='word_1_89' title='bbox 1561 1387 1614 1433; x_wconf 92' lang='lat' dir='ltr'><strong>et</strong></span> <span class='ocrx_word' id='word_1_90' title='bbox 1634 1389 1755 1451; x_wconf 91' lang='lat' dir='ltr'><strong>post</strong></span> 
     </span>
    </p>
   </div>
   <div class='ocr_carea' id='block_1_15' title="bbox 191 1470 1753 1543">
    <p class='ocr_par' dir='ltr' id='par_1_15' title="bbox 191 1470 1753 1543">
     <span class='ocr_line' id='line_1_15' title="bbox 191 1470 1753 1543; baseline -0.002 -14"><span class='ocrx_word' id='word_1_91' title='bbox 191 1492 382 1530; x_wconf 83' lang='lat' dir='ltr'><strong>verum</strong></span> <span class='ocrx_word' id='word_1_92' title='bbox 402 1475 606 1530; x_wconf 86' lang='lat' dir='ltr'><strong>Pascha</strong></span> <span class='ocrx_word' id='word_1_93' title='bbox 636 1472 864 1543; x_wconf 79' lang='lat' dir='ltr'><strong>agnique</strong></span> <span class='ocrx_word' id='word_1_94' title='bbox 897 1470 1093 1525; x_wconf 84' lang='lat' dir='ltr'><strong>Christi</strong></span> <span class='ocrx_word' id='word_1_95' title='bbox 1126 1470 1557 1535; x_wconf 86' lang='lat' dir='ltr'><strong>immolationem,</strong></span> <span class='ocrx_word' id='word_1_96' title='bbox 1590 1471 1753 1526; x_wconf 89' lang='lat' dir='ltr'><strong>Para-</strong></span> 
     </span>
    </p>
   </div>
   <div class='ocr_carea' id='block_1_16' title="bbox 192 1561 1752 1637">
    <p class='ocr_par' dir='ltr' id='par_1_16' title="bbox 192 1561 1752 1637">
     <span class='ocr_line' id='line_1_16' title="bbox 192 1561 1752 1637; baseline -0.002 -15"><span class='ocrx_word' id='word_1_97' title='bbox 192 1567 324 1622; x_wconf 90' lang='lat' dir='ltr'><strong>cleti</strong></span> <span class='ocrx_word' id='word_1_98' title='bbox 361 1581 523 1637; x_wconf 84' lang='lat' dir='ltr'><strong>super</strong></span> <span class='ocrx_word' id='word_1_99' title='bbox 561 1563 828 1635; x_wconf 85' lang='lat' dir='ltr'><strong>apostolos</strong></span> <span class='ocrx_word' id='word_1_100' title='bbox 883 1563 1029 1617; x_wconf 87' lang='lat' dir='ltr'><strong>missi</strong></span> <span class='ocrx_word' id='word_1_101' title='bbox 1085 1561 1476 1617; x_wconf 86' lang='lat' dir='ltr'><strong>demonstrator</strong></span> <span class='ocrx_word' id='word_1_102' title='bbox 1506 1573 1618 1629; x_wconf 89' lang='lat' dir='ltr'><strong>est;</strong></span> <span class='ocrx_word' id='word_1_103' title='bbox 1664 1565 1752 1619; x_wconf 89' lang='lat' dir='ltr'><strong>hic</strong></span> 
     </span>
    </p>
   </div>
   <div class='ocr_carea' id='block_1_17' title="bbox 193 1655 1750 1725">
    <p class='ocr_par' dir='ltr' id='par_1_17' title="bbox 193 1655 1750 1725">
     <span class='ocr_line' id='line_1_17' title="bbox 193 1655 1750 1725; baseline -0.003 -12"><span class='ocrx_word' id='word_1_104' title='bbox 193 1660 480 1714; x_wconf 76' lang='lat' dir='ltr'><strong>sabbatum</strong></span> <span class='ocrx_word' id='word_1_105' title='bbox 530 1657 873 1712; x_wconf 84' lang='lat' dir='ltr'><strong>sabbatorum</strong></span> <span class='ocrx_word' id='word_1_106' title='bbox 928 1663 1049 1724; x_wconf 89' lang='lat' dir='ltr'><strong>post</strong></span> <span class='ocrx_word' id='word_1_107' title='bbox 1092 1655 1497 1724; x_wconf 86' lang='lat' dir='ltr'><strong>completionem</strong></span> <span class='ocrx_word' id='word_1_108' title='bbox 1550 1666 1750 1725; x_wconf 86' lang='lat' dir='ltr'><strong>septem</strong></span> 
     </span>
    </p>
   </div>
   <div class='ocr_carea' id='block_1_18' title="bbox 192 1743 1754 1814">
    <p class='ocr_par' dir='ltr' id='par_1_18' title="bbox 192 1743 1754 1814">
     <span class='ocr_line' id='line_1_18' title="bbox 192 1743 1754 1814; baseline -0.004 -12"><span class='ocrx_word' id='word_1_109' title='bbox 192 1747 647 1802; x_wconf 83' lang='lat' dir='ltr'><strong>hebdomadarum</strong></span> <span class='ocrx_word' id='word_1_110' title='bbox 700 1744 925 1800; x_wconf 89' lang='lat' dir='ltr'><strong>monade</strong></span> <span class='ocrx_word' id='word_1_111' title='bbox 953 1743 1134 1797; x_wconf 90' lang='lat' dir='ltr'><strong>addita</strong></span> <span class='ocrx_word' id='word_1_112' title='bbox 1163 1743 1428 1814; x_wconf 82' lang='lat' dir='ltr'><strong>designat,</strong></span> <span class='ocrx_word' id='word_1_113' title='bbox 1460 1753 1515 1798; x_wconf 91' lang='lat' dir='ltr'><strong>et</strong></span> <span class='ocrx_word' id='word_1_114' title='bbox 1541 1752 1754 1799; x_wconf 65' lang='lat' dir='ltr'><strong>interna:</strong></span> 
     </span>
    </p>
   </div>
   <div class='ocr_carea' id='block_1_19' title="bbox 191 1831 1755 1905">
    <p class='ocr_par' dir='ltr' id='par_1_19' title="bbox 191 1831 1755 1905">
     <span class='ocr_line' id='line_1_19' title="bbox 191 1831 1755 1905; baseline -0.004 -15"><span class='ocrx_word' id='word_1_115' title='bbox 191 1836 425 1905; x_wconf 75' lang='lat' dir='ltr'><strong>requiei,</strong></span> <span class='ocrx_word' id='word_1_116' title='bbox 454 1851 573 1904; x_wconf 84' lang='lat' dir='ltr'><strong>quae</strong></span> <span class='ocrx_word' id='word_1_117' title='bbox 613 1848 737 1888; x_wconf 88' lang='lat' dir='ltr'><strong>vere</strong></span> <span class='ocrx_word' id='word_1_118' title='bbox 777 1847 880 1886; x_wconf 91' lang='lat' dir='ltr'><strong>una</strong></span> <span class='ocrx_word' id='word_1_119' title='bbox 935 1840 1033 1894; x_wconf 91' lang='lat' dir='ltr'><strong>est,</strong></span> <span class='ocrx_word' id='word_1_120' title='bbox 1069 1831 1257 1901; x_wconf 84' lang='lat' dir='ltr'><strong>gaudia</strong></span> <span class='ocrx_word' id='word_1_121' title='bbox 1287 1832 1633 1896; x_wconf 84' lang='lat' dir='ltr'><strong>demonstrat,</strong></span> <span class='ocrx_word' id='word_1_122' title='bbox 1664 1831 1755 1885; x_wconf 90' lang='lat' dir='ltr'><strong>ubi</strong></span> 
     </span>
    </p>
   </div>
   <div class='ocr_carea' id='block_1_20' title="bbox 194 1919 1757 1993">
    <p class='ocr_par' dir='ltr' id='par_1_20' title="bbox 194 1919 1757 1993">
     <span class='ocr_line' id='line_1_20' title="bbox 194 1919 1757 1993; baseline -0.003 -15"><span class='ocrx_word' id='word_1_123' title='bbox 194 1935 343 1980; x_wconf 89' lang='lat' dir='ltr'><strong>terra</strong></span> <span class='ocrx_word' id='word_1_124' title='bbox 390 1937 675 1993; x_wconf 88' lang='lat' dir='ltr'><strong>corporum</strong></span> <span class='ocrx_word' id='word_1_125' title='bbox 730 1929 1034 1975; x_wconf 89' lang='lat' dir='ltr'><strong>nostrorum</strong></span> <span class='ocrx_word' id='word_1_126' title='bbox 1079 1935 1205 1975; x_wconf 83' lang='lat' dir='ltr'><strong>vere</strong></span> <span class='ocrx_word' id='word_1_127' title='bbox 1260 1936 1411 1975; x_wconf 89' lang='lat' dir='ltr'><strong>suum</strong></span> <span class='ocrx_word' id='word_1_128' title='bbox 1465 1919 1757 1975; x_wconf 83' lang='lat' dir='ltr'><strong>celebrabit</strong></span> 
     </span>
    </p>
   </div>
   <div class='ocr_carea' id='block_1_21' title="bbox 1847 745 3407 825">
    <p class='ocr_par' dir='ltr' id='par_1_21' title="bbox 1847 745 3407 825">
     <span class='ocr_line' id='line_1_21' title="bbox 1847 745 3407 825; baseline 0.008 -26"><span class='ocrx_word' id='word_1_129' title='bbox 1847 745 1982 801; x_wconf 86' lang='lat' dir='ltr'><strong>Nam</strong></span> <span class='ocrx_word' id='word_1_130' title='bbox 2006 746 2242 801; x_wconf 86' lang='lat' dir='ltr'><strong>servitus</strong></span> <span class='ocrx_word' id='word_1_131' title='bbox 2263 745 2494 800; x_wconf 84' lang='lat' dir='ltr'><strong>indebita</strong></span> <span class='ocrx_word' id='word_1_132' title='bbox 2514 746 2875 802; x_wconf 89' lang='lat' dir='ltr'><strong>Israelitarum</strong></span> <span class='ocrx_word' id='word_1_133' title='bbox 2902 750 2954 803; x_wconf 91' lang='lat' dir='ltr'><strong>in</strong></span> <span class='ocrx_word' id='word_1_134' title='bbox 2987 750 3074 805; x_wconf 91' lang='lat' dir='ltr'><strong>illo</strong></span> <span class='ocrx_word' id='word_1_135' title='bbox 3103 754 3407 825; x_wconf 77' lang='lat' dir='ltr'><strong>relaxatur,</strong></span> 
     </span>
    </p>
   </div>
   <div class='ocr_carea' id='block_1_22' title="bbox 1848 835 3407 914">
    <p class='ocr_par' dir='ltr' id='par_1_22' title="bbox 1848 835 3407 914">
     <span class='ocr_line' id='line_1_22' title="bbox 1848 835 3407 914; baseline 0.009 -25"><span class='ocrx_word' id='word_1_136' title='bbox 1848 843 1902 889; x_wconf 90' lang='lat' dir='ltr'><strong>et</strong></span> <span class='ocrx_word' id='word_1_137' title='bbox 1924 850 2020 906; x_wconf 90' lang='lat' dir='ltr'><strong>per</strong></span> <span class='ocrx_word' id='word_1_138' title='bbox 2037 846 2257 891; x_wconf 82' lang='lat' dir='ltr'><strong>erucem</strong></span> <span class='ocrx_word' id='word_1_139' title='bbox 2285 835 2498 906; x_wconf 81' lang='lat' dir='ltr'><strong>generis</strong></span> <span class='ocrx_word' id='word_1_140' title='bbox 2526 835 2741 889; x_wconf 85' lang='lat' dir='ltr'><strong>humani</strong></span> <span class='ocrx_word' id='word_1_141' title='bbox 2770 839 3052 907; x_wconf 83' lang='lat' dir='ltr'><strong>captivitas</strong></span> <span class='ocrx_word' id='word_1_142' title='bbox 3081 851 3134 897; x_wconf 92' lang='lat' dir='ltr'><strong>et</strong></span> <span class='ocrx_word' id='word_1_143' title='bbox 3154 848 3407 914; x_wconf 87' lang='lat' dir='ltr'><strong>servitus,</strong></span> 
     </span>
    </p>
   </div>
   <div class='ocr_carea' id='block_1_23' title="bbox 1848 926 3412 997">
    <p class='ocr_par' dir='ltr' id='par_1_23' title="bbox 1848 926 3412 997">
     <span class='ocr_line' id='line_1_23' title="bbox 1848 926 3412 997; baseline 0.009 -17"><span class='ocrx_word' id='word_1_144' title='bbox 1848 942 1953 997; x_wconf 85' lang='lat' dir='ltr'><strong>qua</strong></span> <span class='ocrx_word' id='word_1_145' title='bbox 1976 935 2196 996; x_wconf 88' lang='lat' dir='ltr'><strong>peccato</strong></span> <span class='ocrx_word' id='word_1_146' title='bbox 2216 927 2464 995; x_wconf 87' lang='lat' dir='ltr'><strong>nequiter</strong></span> <span class='ocrx_word' id='word_1_147' title='bbox 2488 935 2647 995; x_wconf 87' lang='lat' dir='ltr'><strong>atque</strong></span> <span class='ocrx_word' id='word_1_148' title='bbox 2677 926 2830 982; x_wconf 90' lang='lat' dir='ltr'><strong>idolis</strong></span> <span class='ocrx_word' id='word_1_149' title='bbox 2868 933 3150 997; x_wconf 87' lang='lat' dir='ltr'><strong>serviebat,</strong></span> <span class='ocrx_word' id='word_1_150' title='bbox 3178 938 3412 994; x_wconf 86' lang='lat' dir='ltr'><strong>destrui-</strong></span> 
     </span>
    </p>
   </div>
   <div class='ocr_carea' id='block_1_24' title="bbox 1851 1002 3411 1095">
    <p class='ocr_par' dir='ltr' id='par_1_24' title="bbox 1851 1002 3411 1095">
     <span class='ocr_line' id='line_1_24' title="bbox 1851 1002 3411 1095; baseline 0.008 -25"><span class='ocrx_word' id='word_1_151' title='bbox 1851 1024 1955 1080; x_wconf 89' lang='lat' dir='ltr'><strong>tur,</strong></span> <span class='ocrx_word' id='word_1_152' title='bbox 1986 1025 2041 1071; x_wconf 91' lang='lat' dir='ltr'><strong>et</strong></span> <span class='ocrx_word' id='word_1_153' title='bbox 2063 1033 2201 1071; x_wconf 80' lang='lat' dir='ltr'><strong>verae</strong></span> <span class='ocrx_word' id='word_1_154' title='bbox 2248 1017 2505 1081; x_wconf 85' lang='lat' dir='ltr'><strong>libertati,</strong></span> <span class='ocrx_word' id='word_1_155' title='bbox 2544 1033 2647 1087; x_wconf 89' lang='lat' dir='ltr'><strong>qua</strong></span> <span class='ocrx_word' id='word_1_156' title='bbox 2679 1019 2788 1074; x_wconf 88' lang='lat' dir='ltr'><strong>Deo</strong></span> <span class='ocrx_word' id='word_1_157' title='bbox 2825 1022 2919 1075; x_wconf 90' lang='lat' dir='ltr'><strong>soli</strong></span> <span class='ocrx_word' id='word_1_158' title='bbox 2947 1027 3198 1091; x_wconf 89' lang='lat' dir='ltr'><strong>servitur,</strong></span> <span class='ocrx_word' id='word_1_159' title='bbox 3216 1002 3411 1095; x_wconf 81' lang='lat' dir='ltr'><strong>homo,</strong></span> 
     </span>
    </p>
   </div>
   <div class='ocr_carea' id='block_1_25' title="bbox 1852 1106 3417 1189">
    <p class='ocr_par' dir='ltr' id='par_1_25' title="bbox 1852 1106 3417 1189">
     <span class='ocr_line' id='line_1_25' title="bbox 1852 1106 3417 1189; baseline 0.011 -31"><span class='ocrx_word' id='word_1_160' title='bbox 1852 1106 1940 1174; x_wconf 88' lang='lat' dir='ltr'><strong>qui</strong></span> <span class='ocrx_word' id='word_1_161' title='bbox 1968 1106 2034 1159; x_wconf 88' lang='lat' dir='ltr'><strong>ad</strong></span> <span class='ocrx_word' id='word_1_162' title='bbox 2059 1106 2344 1175; x_wconf 79' lang='lat' dir='ltr'><strong>imaginem</strong></span> <span class='ocrx_word' id='word_1_163' title='bbox 2367 1107 2458 1159; x_wconf 86' lang='lat' dir='ltr'><strong>Dei</strong></span> <span class='ocrx_word' id='word_1_164' title='bbox 2483 1118 2697 1162; x_wconf 88' lang='lat' dir='ltr'><strong>creatus</strong></span> <span class='ocrx_word' id='word_1_165' title='bbox 2717 1118 2820 1173; x_wconf 88' lang='lat' dir='ltr'><strong>est,</strong></span> <span class='ocrx_word' id='word_1_166' title='bbox 2853 1114 3108 1169; x_wconf 85' lang='lat' dir='ltr'><strong>redditur.</strong></span> <span class='ocrx_word' id='word_1_167' title='bbox 3136 1117 3189 1171; x_wconf 86' lang='lat' dir='ltr'><strong>In</strong></span> <span class='ocrx_word' id='word_1_168' title='bbox 3213 1119 3417 1189; x_wconf 71' lang='lat' dir='ltr'><strong>julrileo</strong></span> 
     </span>
    </p>
   </div>
   <div class='ocr_carea' id='block_1_26' title="bbox 1852 1196 3415 1274">
    <p class='ocr_par' dir='ltr' id='par_1_26' title="bbox 1852 1196 3415 1274">
     <span class='ocr_line' id='line_1_26' title="bbox 1852 1196 3415 1274; baseline 0.012 -26"><span class='ocrx_word' id='word_1_169' title='bbox 1852 1210 2064 1265; x_wconf 86' lang='lat' dir='ltr'><strong>quoque</strong></span> <span class='ocrx_word' id='word_1_170' title='bbox 2094 1198 2159 1249; x_wconf 91' lang='lat' dir='ltr'><strong>ad</strong></span> <span class='ocrx_word' id='word_1_171' title='bbox 2190 1196 2468 1265; x_wconf 90' lang='lat' dir='ltr'><strong>antiquum</strong></span> <span class='ocrx_word' id='word_1_172' title='bbox 2497 1212 2857 1265; x_wconf 86' lang='lat' dir='ltr'><strong>possessorem</strong></span> <span class='ocrx_word' id='word_1_173' title='bbox 2905 1204 3114 1258; x_wconf 86' lang='lat' dir='ltr'><strong>vendita</strong></span> <span class='ocrx_word' id='word_1_174' title='bbox 3148 1210 3415 1274; x_wconf 85' lang='lat' dir='ltr'><strong>possessio</strong></span> 
     </span>
    </p>
   </div>
   <div class='ocr_carea' id='block_1_27' title="bbox 1852 1289 3417 1375">
    <p class='ocr_par' dir='ltr' id='par_1_27' title="bbox 1852 1289 3417 1375">
     <span class='ocr_line' id='line_1_27' title="bbox 1852 1289 3417 1375; baseline 0.013 -34"><span class='ocrx_word' id='word_1_175' title='bbox 1852 1289 2159 1354; x_wconf 79' lang='lat' dir='ltr'><strong>revertitur,</strong></span> <span class='ocrx_word' id='word_1_176' title='bbox 2191 1298 2247 1344; x_wconf 90' lang='lat' dir='ltr'><strong>ct</strong></span> <span class='ocrx_word' id='word_1_177' title='bbox 2291 1290 2343 1344; x_wconf 89' lang='lat' dir='ltr'><strong>in</strong></span> <span class='ocrx_word' id='word_1_178' title='bbox 2372 1291 2622 1359; x_wconf 88' lang='lat' dir='ltr'><strong>passione</strong></span> <span class='ocrx_word' id='word_1_179' title='bbox 2648 1292 2860 1348; x_wconf 89' lang='lat' dir='ltr'><strong>Domini</strong></span> <span class='ocrx_word' id='word_1_180' title='bbox 2891 1296 3090 1353; x_wconf 91' lang='lat' dir='ltr'><strong>homini</strong></span> <span class='ocrx_word' id='word_1_181' title='bbox 3118 1305 3266 1372; x_wconf 90' lang='lat' dir='ltr'><strong>prior</strong></span> <span class='ocrx_word' id='word_1_182' title='bbox 3294 1321 3417 1375; x_wconf 92' lang='lat' dir='ltr'><strong>pos-</strong></span> 
     </span>
    </p>
   </div>
   <div class='ocr_carea' id='block_1_28' title="bbox 1854 1377 3415 1459">
    <p class='ocr_par' dir='ltr' id='par_1_28' title="bbox 1854 1377 3415 1459">
     <span class='ocr_line' id='line_1_28' title="bbox 1854 1377 3415 1459; baseline 0.012 -30"><span class='ocrx_word' id='word_1_183' title='bbox 1854 1377 2037 1449; x_wconf 88' lang='lat' dir='ltr'><strong>sessio,</strong></span> <span class='ocrx_word' id='word_1_184' title='bbox 2075 1377 2128 1430; x_wconf 88' lang='lat' dir='ltr'><strong>id</strong></span> <span class='ocrx_word' id='word_1_185' title='bbox 2159 1386 2263 1443; x_wconf 87' lang='lat' dir='ltr'><strong>est,</strong></span> <span class='ocrx_word' id='word_1_186' title='bbox 2291 1378 2571 1448; x_wconf 86' lang='lat' dir='ltr'><strong>paradisus</strong></span> <span class='ocrx_word' id='word_1_187' title='bbox 2597 1381 2853 1447; x_wconf 87' lang='lat' dir='ltr'><strong>redditur,</strong></span> <span class='ocrx_word' id='word_1_188' title='bbox 2887 1399 3044 1452; x_wconf 90' lang='lat' dir='ltr'><strong>quam</strong></span> <span class='ocrx_word' id='word_1_189' title='bbox 3076 1402 3173 1457; x_wconf 88' lang='lat' dir='ltr'><strong>per</strong></span> <span class='ocrx_word' id='word_1_190' title='bbox 3200 1406 3415 1459; x_wconf 88' lang='lat' dir='ltr'><strong>pomum</strong></span> 
     </span>
    </p>
   </div>
   <div class='ocr_carea' id='block_1_29' title="bbox 1851 1466 3420 1550">
    <p class='ocr_par' dir='ltr' id='par_1_29' title="bbox 1851 1466 3420 1550">
     <span class='ocr_line' id='line_1_29' title="bbox 1851 1466 3420 1550; baseline 0.013 -31"><span class='ocrx_word' id='word_1_191' title='bbox 1851 1466 2073 1520; x_wconf 86' lang='lat' dir='ltr'><strong>vetitum</strong></span> <span class='ocrx_word' id='word_1_192' title='bbox 2119 1467 2231 1537; x_wconf 90' lang='lat' dir='ltr'><strong>ipse</strong></span> <span class='ocrx_word' id='word_1_193' title='bbox 2261 1468 2401 1522; x_wconf 89' lang='lat' dir='ltr'><strong>male</strong></span> <span class='ocrx_word' id='word_1_194' title='bbox 2442 1479 2888 1536; x_wconf 87' lang='lat' dir='ltr'><strong>commutaverat,</strong></span> <span class='ocrx_word' id='word_1_195' title='bbox 2931 1489 3110 1530; x_wconf 87' lang='lat' dir='ltr'><strong>escam</strong></span> <span class='ocrx_word' id='word_1_196' title='bbox 3151 1482 3420 1550; x_wconf 87' lang='lat' dir='ltr'><strong>accipiens</strong></span> 
     </span>
    </p>
   </div>
   <div class='ocr_carea' id='block_1_30' title="bbox 1853 1556 3421 1640">
    <p class='ocr_par' dir='ltr' id='par_1_30' title="bbox 1853 1556 3421 1640">
     <span class='ocr_line' id='line_1_30' title="bbox 1853 1556 3421 1640; baseline 0.013 -32"><span class='ocrx_word' id='word_1_197' title='bbox 1853 1563 1908 1609; x_wconf 92' lang='lat' dir='ltr'><strong>et</strong></span> <span class='ocrx_word' id='word_1_198' title='bbox 1951 1556 2113 1610; x_wconf 89' lang='lat' dir='ltr'><strong>vitam</strong></span> <span class='ocrx_word' id='word_1_199' title='bbox 2162 1558 2409 1628; x_wconf 90' lang='lat' dir='ltr'><strong>perdens.</strong></span> <span class='ocrx_word' id='word_1_200' title='bbox 2459 1560 2534 1614; x_wconf 90' lang='lat' dir='ltr'><strong>lbi</strong></span> <span class='ocrx_word' id='word_1_201' title='bbox 2587 1561 2781 1631; x_wconf 89' lang='lat' dir='ltr'><strong>quippe</strong></span> <span class='ocrx_word' id='word_1_202' title='bbox 2829 1575 3153 1640; x_wconf 67' lang='lat' dir='ltr'><strong>prmceptum</strong></span> <span class='ocrx_word' id='word_1_203' title='bbox 3176 1580 3259 1625; x_wconf 83' lang='lat' dir='ltr'><strong>est</strong></span> <span class='ocrx_word' id='word_1_204' title='bbox 3294 1573 3421 1629; x_wconf 87' lang='lat' dir='ltr'><strong>ﬁliis</strong></span> 
     </span>
    </p>
   </div>
   <div class='ocr_carea' id='block_1_31' title="bbox 1852 1646 3419 1724">
    <p class='ocr_par' dir='ltr' id='par_1_31' title="bbox 1852 1646 3419 1724">
     <span class='ocr_line' id='line_1_31' title="bbox 1852 1646 3419 1724; baseline 0.011 -23"><span class='ocrx_word' id='word_1_205' title='bbox 1852 1646 2037 1713; x_wconf 89' lang='lat' dir='ltr'><strong>Israel,</strong></span> <span class='ocrx_word' id='word_1_206' title='bbox 2064 1657 2125 1702; x_wconf 93' lang='lat' dir='ltr'><strong>ut</strong></span> <span class='ocrx_word' id='word_1_207' title='bbox 2149 1664 2207 1703; x_wconf 93' lang='lat' dir='ltr'><strong>se</strong></span> <span class='ocrx_word' id='word_1_208' title='bbox 2247 1650 2578 1705; x_wconf 86' lang='lat' dir='ltr'><strong>abstinerent</strong></span> <span class='ocrx_word' id='word_1_209' title='bbox 2616 1667 2645 1705; x_wconf 89' lang='lat' dir='ltr'><strong>a</strong></span> <span class='ocrx_word' id='word_1_210' title='bbox 2675 1653 2841 1706; x_wconf 89' lang='lat' dir='ltr'><strong>rurali</strong></span> <span class='ocrx_word' id='word_1_211' title='bbox 2863 1668 3045 1724; x_wconf 79' lang='lat' dir='ltr'><strong>apere,</strong></span> <span class='ocrx_word' id='word_1_212' title='bbox 3088 1668 3141 1712; x_wconf 90' lang='lat' dir='ltr'><strong>et</strong></span> <span class='ocrx_word' id='word_1_213' title='bbox 3172 1660 3259 1715; x_wconf 91' lang='lat' dir='ltr'><strong>hic</strong></span> <span class='ocrx_word' id='word_1_214' title='bbox 3291 1679 3419 1717; x_wconf 91' lang='lat' dir='ltr'><strong>con-</strong></span> 
     </span>
    </p>
   </div>
   <div class='ocr_carea' id='block_1_32' title="bbox 1854 1740 3492 1818">
    <p class='ocr_par' dir='ltr' id='par_1_32' title="bbox 1854 1740 3492 1818">
     <span class='ocr_line' id='line_1_32' title="bbox 1854 1740 3492 1818; baseline 0.01 -27"><span class='ocrx_word' id='word_1_215' title='bbox 1854 1752 2065 1792; x_wconf 88' lang='lat' dir='ltr'><strong>cessum</strong></span> <span class='ocrx_word' id='word_1_216' title='bbox 2108 1740 2308 1793; x_wconf 84' lang='lat' dir='ltr'><strong>sanctis</strong></span> <span class='ocrx_word' id='word_1_217' title='bbox 2348 1740 2462 1803; x_wconf 91' lang='lat' dir='ltr'><strong>Dei,</strong></span> <span class='ocrx_word' id='word_1_218' title='bbox 2510 1750 2569 1794; x_wconf 92' lang='lat' dir='ltr'><strong>ut</strong></span> <span class='ocrx_word' id='word_1_219' title='bbox 2595 1751 2789 1796; x_wconf 88' lang='lat' dir='ltr'><strong>vacent</strong></span> <span class='ocrx_word' id='word_1_220' title='bbox 2814 1758 2843 1794; x_wconf 90' lang='lat' dir='ltr'><strong>a</strong></span> <span class='ocrx_word' id='word_1_221' title='bbox 2869 1752 3077 1800; x_wconf 88' lang='lat' dir='ltr'><strong>terrena</strong></span> <span class='ocrx_word' id='word_1_222' title='bbox 3107 1750 3418 1818; x_wconf 83' lang='lat' dir='ltr'><strong>cupiditate.</strong></span> <span class='ocrx_word' id='word_1_223' title='bbox 3488 1768 3492 1771; x_wconf 89' lang='grc'>·</span> 
     </span>
    </p>
   </div>
   <div class='ocr_carea' id='block_1_33' title="bbox 1853 1826 3420 1908">
    <p class='ocr_par' dir='ltr' id='par_1_33' title="bbox 1853 1826 3420 1908">
     <span class='ocr_line' id='line_1_33' title="bbox 1853 1826 3420 1908; baseline 0.01 -27"><span class='ocrx_word' id='word_1_224' title='bbox 1853 1826 2287 1897; x_wconf 81' lang='lat' dir='ltr'><strong>Clangehantque</strong></span> <span class='ocrx_word' id='word_1_225' title='bbox 2342 1828 2568 1883; x_wconf 89' lang='lat' dir='ltr'><strong>buccina</strong></span> <span class='ocrx_word' id='word_1_226' title='bbox 2624 1829 2715 1884; x_wconf 93' lang='lat' dir='ltr'><strong>ﬁlii</strong></span> <span class='ocrx_word' id='word_1_227' title='bbox 2746 1831 2906 1885; x_wconf 86' lang='lat' dir='ltr'><strong>Israel</strong></span> <span class='ocrx_word' id='word_1_228' title='bbox 2952 1833 3003 1888; x_wconf 91' lang='lat' dir='ltr'><strong>in</strong></span> <span class='ocrx_word' id='word_1_229' title='bbox 3039 1835 3151 1904; x_wconf 90' lang='lat' dir='ltr'><strong>ipso</strong></span> <span class='ocrx_word' id='word_1_230' title='bbox 3180 1838 3420 1908; x_wconf 79' lang='lat' dir='ltr'><strong>juhihco,</strong></span> 
     </span>
    </p>
   </div>
   <div class='ocr_carea' id='block_1_34' title="bbox 1855 1917 3423 1998">
    <p class='ocr_par' dir='ltr' id='par_1_34' title="bbox 1855 1917 3423 1998">
     <span class='ocr_line' id='line_1_34' title="bbox 1855 1917 3423 1998; baseline 0.011 -28"><span class='ocrx_word' id='word_1_231' title='bbox 1855 1917 2083 1985; x_wconf 89' lang='lat' dir='ltr'><strong>septimo</strong></span> <span class='ocrx_word' id='word_1_232' title='bbox 2122 1933 2327 1984; x_wconf 89' lang='lat' dir='ltr'><strong>mense,</strong></span> <span class='ocrx_word' id='word_1_233' title='bbox 2365 1919 2593 1973; x_wconf 73' lang='lat' dir='ltr'><strong>&#39;decima</strong></span> <span class='ocrx_word' id='word_1_234' title='bbox 2631 1920 2717 1977; x_wconf 90' lang='lat' dir='ltr'><strong>die</strong></span> <span class='ocrx_word' id='word_1_235' title='bbox 2764 1924 2985 1995; x_wconf 83' lang='lat' dir='ltr'><strong>mensis,</strong></span> <span class='ocrx_word' id='word_1_236' title='bbox 3033 1930 3423 1998; x_wconf 83' lang='lat' dir='ltr'><strong>propitiationis</strong></span> 
     </span>
    </p>
   </div>
   <div class='ocr_carea' id='block_1_35' title="bbox 194 2005 3423 2082">
    <p class='ocr_par' dir='ltr' id='par_1_35' title="bbox 194 2005 3423 2082">
     <span class='ocr_line' id='line_1_35' title="bbox 194 2005 3423 2082; baseline 0.002 -12"><span class='ocrx_word' id='word_1_237' title='bbox 194 2016 479 2070; x_wconf 81' lang='lat' dir='ltr'><strong>sabbatum</strong></span> <span class='ocrx_word' id='word_1_238' title='bbox 511 2031 523 2067; x_wconf 89' lang='lat'><strong>:</strong></span> <span class='ocrx_word' id='word_1_239' title='bbox 551 2013 677 2082; x_wconf 87' lang='lat' dir='ltr'><strong>quia</strong></span> <span class='ocrx_word' id='word_1_240' title='bbox 715 2011 856 2066; x_wconf 87' lang='lat' dir='ltr'><strong>nulla</strong></span> <span class='ocrx_word' id='word_1_241' title='bbox 884 2011 1160 2079; x_wconf 67' lang='lat' dir='ltr'><strong>prmsentis</strong></span> <span class='ocrx_word' id='word_1_242' title='bbox 1185 2011 1306 2066; x_wconf 74' lang='lat' dir='ltr'><strong>vita:</strong></span> <span class='ocrx_word' id='word_1_243' title='bbox 1343 2005 1533 2065; x_wconf 85' lang='lat' dir='ltr'><strong>damna</strong></span> <span class='ocrx_word' id='word_1_244' title='bbox 1563 2011 1755 2065; x_wconf 85' lang='lat' dir='ltr'><strong>sentiet</strong></span> <span class='ocrx_word' id='word_1_245' title='bbox 1783 2019 1829 2077; x_wconf 81' lang='grc' dir='ltr'>Β</span> <span class='ocrx_word' id='word_1_246' title='bbox 1860 2014 2097 2076; x_wconf 89' lang='lat' dir='ltr'><strong>tempore</strong></span> <span class='ocrx_word' id='word_1_247' title='bbox 2144 2008 2198 2061; x_wconf 91' lang='lat' dir='ltr'><strong>in</strong></span> <span class='ocrx_word' id='word_1_248' title='bbox 2248 2010 2497 2063; x_wconf 86' lang='lat' dir='ltr'><strong>universa</strong></span> <span class='ocrx_word' id='word_1_249' title='bbox 2532 2018 2671 2065; x_wconf 89' lang='lat' dir='ltr'><strong>terra</strong></span> <span class='ocrx_word' id='word_1_250' title='bbox 2700 2027 2821 2078; x_wconf 90' lang='lat' dir='ltr'><strong>sua,</strong></span> <span class='ocrx_word' id='word_1_251' title='bbox 2862 2022 2916 2068; x_wconf 89' lang='lat' dir='ltr'><strong>et</strong></span> <span class='ocrx_word' id='word_1_252' title='bbox 2953 2018 3423 2076; x_wconf 81' lang='lat' dir='ltr'><strong>sanctiﬁcaverunt</strong></span> 
     </span>
    </p>
   </div>
   <div class='ocr_carea' id='block_1_36' title="bbox 194 2100 1755 2167">
    <p class='ocr_par' dir='ltr' id='par_1_36' title="bbox 194 2100 1755 2167">
     <span class='ocr_line' id='line_1_36' title="bbox 194 2100 1755 2167; baseline -0.004 -8"><span class='ocrx_word' id='word_1_253' title='bbox 194 2106 337 2159; x_wconf 86' lang='lat' dir='ltr'><strong>ultra</strong></span> <span class='ocrx_word' id='word_1_254' title='bbox 384 2105 643 2167; x_wconf 87' lang='lat' dir='ltr'><strong>laborum,</strong></span> <span class='ocrx_word' id='word_1_255' title='bbox 692 2102 782 2157; x_wconf 90' lang='lat' dir='ltr'><strong>sed</strong></span> <span class='ocrx_word' id='word_1_256' title='bbox 834 2102 887 2155; x_wconf 91' lang='lat' dir='ltr'><strong>in</strong></span> <span class='ocrx_word' id='word_1_257' title='bbox 935 2100 1176 2157; x_wconf 86' lang='lat' dir='ltr'><strong>laudibus</strong></span> <span class='ocrx_word' id='word_1_258' title='bbox 1218 2110 1431 2154; x_wconf 65' lang='lat' dir='ltr'><strong>atternac</strong></span> <span class='ocrx_word' id='word_1_259' title='bbox 1478 2100 1755 2153; x_wconf 81' lang='lat' dir='ltr'><strong>Trinitatis</strong></span> 
     </span>
    </p>
   </div>
   <div class='ocr_carea' id='block_1_37' title="bbox 191 2189 1755 2259">
    <p class='ocr_par' dir='ltr' id='par_1_37' title="bbox 191 2189 1755 2259">
     <span class='ocr_line' id='line_1_37' title="bbox 191 2189 1755 2259; baseline -0.003 -10"><span class='ocrx_word' id='word_1_260' title='bbox 191 2208 352 2250; x_wconf 90' lang='lat' dir='ltr'><strong>suum</strong></span> <span class='ocrx_word' id='word_1_261' title='bbox 404 2192 674 2247; x_wconf 80' lang='lat' dir='ltr'><strong>exercebit</strong></span> <span class='ocrx_word' id='word_1_262' title='bbox 713 2189 941 2245; x_wconf 76' lang='lat' dir='ltr'><strong>cilicium</strong></span> <span class='ocrx_word' id='word_1_263' title='bbox 988 2208 1001 2243; x_wconf 73' lang='grc' dir='ltr'>ε</span> <span class='ocrx_word' id='word_1_264' title='bbox 1052 2191 1173 2259; x_wconf 88' lang='lat' dir='ltr'><strong>quia</strong></span> <span class='ocrx_word' id='word_1_265' title='bbox 1197 2205 1305 2244; x_wconf 72' lang='lat' dir='ltr'><strong>suae</strong></span> <span class='ocrx_word' id='word_1_266' title='bbox 1342 2189 1755 2259; x_wconf 88' lang='lat' dir='ltr'><strong>incorruptionis</strong></span> 
     </span>
    </p>
   </div>
   <div class='ocr_carea' id='block_1_38' title="bbox 190 2282 1756 2356">
    <p class='ocr_par' dir='ltr' id='par_1_38' title="bbox 190 2282 1756 2356">
     <span class='ocr_line' id='line_1_38' title="bbox 190 2282 1756 2356; baseline -0.003 -17"><span class='ocrx_word' id='word_1_267' title='bbox 190 2285 447 2356; x_wconf 74' lang='lat' dir='ltr'><strong>gaudebit</strong></span> <span class='ocrx_word' id='word_1_268' title='bbox 492 2299 549 2338; x_wconf 90' lang='lat' dir='ltr'><strong>se</strong></span> <span class='ocrx_word' id='word_1_269' title='bbox 598 2283 799 2337; x_wconf 89' lang='lat' dir='ltr'><strong>nullum</strong></span> <span class='ocrx_word' id='word_1_270' title='bbox 834 2283 1033 2337; x_wconf 89' lang='lat' dir='ltr'><strong>habere</strong></span> <span class='ocrx_word' id='word_1_271' title='bbox 1082 2284 1384 2337; x_wconf 89' lang='lat' dir='ltr'><strong>terminum.</strong></span> <span class='ocrx_word' id='word_1_272' title='bbox 1422 2282 1756 2352; x_wconf 82' lang='lat' dir='ltr'><strong>Quapropter</strong></span> 
     </span>
    </p>
   </div>
   <div class='ocr_carea' id='block_1_39' title="bbox 190 2372 1758 2441">
    <p class='ocr_par' dir='ltr' id='par_1_39' title="bbox 190 2372 1758 2441">
     <span class='ocr_line' id='line_1_39' title="bbox 190 2372 1758 2441; baseline 0 -14"><span class='ocrx_word' id='word_1_273' title='bbox 190 2374 388 2428; x_wconf 87' lang='lat' dir='ltr'><strong>merito</strong></span> <span class='ocrx_word' id='word_1_274' title='bbox 405 2374 661 2441; x_wconf 67' lang='lat' dir='ltr'><strong>qureritur</strong></span> <span class='ocrx_word' id='word_1_275' title='bbox 698 2373 962 2441; x_wconf 89' lang='lat' dir='ltr'><strong>quomodo</strong></span> <span class='ocrx_word' id='word_1_276' title='bbox 998 2372 1482 2441; x_wconf 87' lang='lat' dir='ltr'><strong>quinquagenarius</strong></span> <span class='ocrx_word' id='word_1_277' title='bbox 1503 2388 1758 2427; x_wconf 80' lang='lat' dir='ltr'><strong>numerus</strong></span> 
     </span>
    </p>
   </div>
   <div class='ocr_carea' id='block_1_40' title="bbox 187 2460 1757 2531">
    <p class='ocr_par' dir='ltr' id='par_1_40' title="bbox 187 2460 1757 2531">
     <span class='ocr_line' id='line_1_40' title="bbox 187 2460 1757 2531; baseline 0.001 -16"><span class='ocrx_word' id='word_1_278' title='bbox 187 2476 259 2516; x_wconf 85' lang='lat' dir='ltr'><strong>ex</strong></span> <span class='ocrx_word' id='word_1_279' title='bbox 298 2476 523 2515; x_wconf 89' lang='lat' dir='ltr'><strong>numero</strong></span> <span class='ocrx_word' id='word_1_280' title='bbox 567 2460 988 2530; x_wconf 87' lang='lat' dir='ltr'><strong>quadragenario</strong></span> <span class='ocrx_word' id='word_1_281' title='bbox 1037 2468 1240 2528; x_wconf 80' lang='lat' dir='ltr'><strong>surgat.</strong></span> <span class='ocrx_word' id='word_1_282' title='bbox 1291 2462 1757 2531; x_wconf 80' lang='lat' dir='ltr'><strong>Quadragenarius</strong></span> 
     </span>
    </p>
   </div>
   <div class='ocr_carea' id='block_1_41' title="bbox 188 2550 1759 2620">
    <p class='ocr_par' dir='ltr' id='par_1_41' title="bbox 188 2550 1759 2620">
     <span class='ocr_line' id='line_1_41' title="bbox 188 2550 1759 2620; baseline -0.001 -15"><span class='ocrx_word' id='word_1_283' title='bbox 188 2551 377 2620; x_wconf 87' lang='lat' dir='ltr'><strong>itaque</strong></span> <span class='ocrx_word' id='word_1_284' title='bbox 423 2559 508 2605; x_wconf 91' lang='lat' dir='ltr'><strong>est</strong></span> <span class='ocrx_word' id='word_1_285' title='bbox 539 2565 794 2604; x_wconf 87' lang='lat' dir='ltr'><strong>numerus</strong></span> <span class='ocrx_word' id='word_1_286' title='bbox 822 2565 887 2604; x_wconf 80' lang='lat' dir='ltr'><strong>ex</strong></span> <span class='ocrx_word' id='word_1_287' title='bbox 932 2550 1035 2615; x_wconf 91' lang='lat' dir='ltr'><strong>his,</strong></span> <span class='ocrx_word' id='word_1_288' title='bbox 1071 2551 1158 2618; x_wconf 91' lang='lat' dir='ltr'><strong>qui</strong></span> <span class='ocrx_word' id='word_1_289' title='bbox 1199 2558 1459 2603; x_wconf 88' lang='lat' dir='ltr'><strong>vocantur</strong></span> <span class='ocrx_word' id='word_1_290' title='bbox 1485 2551 1759 2620; x_wconf 75' lang='lat' dir='ltr'><strong>iinpariter</strong></span> 
     </span>
    </p>
   </div>
   <div class='ocr_carea' id='block_1_42' title="bbox 186 2635 1759 2709">
    <p class='ocr_par' dir='ltr' id='par_1_42' title="bbox 186 2635 1759 2709">
     <span class='ocr_line' id='line_1_42' title="bbox 186 2635 1759 2709; baseline 0.001 -17"><span class='ocrx_word' id='word_1_291' title='bbox 186 2653 373 2709; x_wconf 84' lang='lat' dir='ltr'><strong>pares,</strong></span> <span class='ocrx_word' id='word_1_292' title='bbox 404 2640 494 2708; x_wconf 91' lang='lat' dir='ltr'><strong>qui</strong></span> <span class='ocrx_word' id='word_1_293' title='bbox 521 2638 775 2692; x_wconf 87' lang='lat' dir='ltr'><strong>dividitur</strong></span> <span class='ocrx_word' id='word_1_294' title='bbox 804 2638 857 2691; x_wconf 90' lang='lat' dir='ltr'><strong>in</strong></span> <span class='ocrx_word' id='word_1_295' title='bbox 903 2652 1083 2707; x_wconf 83' lang='lat' dir='ltr'><strong>aequas</strong></span> <span class='ocrx_word' id='word_1_296' title='bbox 1109 2645 1305 2707; x_wconf 91' lang='lat' dir='ltr'><strong>partes,</strong></span> <span class='ocrx_word' id='word_1_297' title='bbox 1332 2635 1589 2707; x_wconf 85' lang='lat' dir='ltr'><strong>eujusque</strong></span> <span class='ocrx_word' id='word_1_298' title='bbox 1634 2654 1759 2707; x_wconf 87' lang='lat' dir='ltr'><strong>pars</strong></span> 
     </span>
    </p>
   </div>
   <div class='ocr_carea' id='block_1_43' title="bbox 187 2727 1760 2799">
    <p class='ocr_par' dir='ltr' id='par_1_43' title="bbox 187 2727 1760 2799">
     <span class='ocr_line' id='line_1_43' title="bbox 187 2727 1760 2799; baseline -0.001 -16"><span class='ocrx_word' id='word_1_299' title='bbox 187 2729 244 2783; x_wconf 86' lang='lat' dir='ltr'><strong>in</strong></span> <span class='ocrx_word' id='word_1_300' title='bbox 274 2727 412 2784; x_wconf 88' lang='lat' dir='ltr'><strong>alias</strong></span> <span class='ocrx_word' id='word_1_301' title='bbox 450 2744 630 2798; x_wconf 68' lang='lat' dir='ltr'><strong>aequas</strong></span> <span class='ocrx_word' id='word_1_302' title='bbox 659 2729 817 2783; x_wconf 83' lang='lat' dir='ltr'><strong>dividi</strong></span> <span class='ocrx_word' id='word_1_303' title='bbox 843 2736 1036 2797; x_wconf 86' lang='lat' dir='ltr'><strong>potest,</strong></span> <span class='ocrx_word' id='word_1_304' title='bbox 1070 2742 1169 2782; x_wconf 91' lang='lat' dir='ltr'><strong>nec</strong></span> <span class='ocrx_word' id='word_1_305' title='bbox 1210 2743 1313 2782; x_wconf 91' lang='lat' dir='ltr'><strong>non</strong></span> <span class='ocrx_word' id='word_1_306' title='bbox 1357 2736 1415 2782; x_wconf 88' lang='lat' dir='ltr'><strong>et</strong></span> <span class='ocrx_word' id='word_1_307' title='bbox 1439 2738 1616 2797; x_wconf 87' lang='lat' dir='ltr'><strong>partes</strong></span> <span class='ocrx_word' id='word_1_308' title='bbox 1637 2744 1760 2799; x_wconf 78' lang='lat' dir='ltr'><strong>par-</strong></span> 
     </span>
    </p>
   </div>
   <div class='ocr_carea' id='block_1_44' title="bbox 191 2815 1759 2887">
    <p class='ocr_par' dir='ltr' id='par_1_44' title="bbox 191 2815 1759 2887">
     <span class='ocr_line' id='line_1_44' title="bbox 191 2815 1759 2887; baseline 0.001 -16"><span class='ocrx_word' id='word_1_309' title='bbox 191 2815 331 2871; x_wconf 86' lang='lat' dir='ltr'><strong>tium</strong></span> <span class='ocrx_word' id='word_1_310' title='bbox 354 2816 683 2881; x_wconf 87' lang='lat' dir='ltr'><strong>dividuntur,</strong></span> <span class='ocrx_word' id='word_1_311' title='bbox 712 2817 802 2872; x_wconf 91' lang='lat' dir='ltr'><strong>sed</strong></span> <span class='ocrx_word' id='word_1_312' title='bbox 834 2833 939 2870; x_wconf 90' lang='lat' dir='ltr'><strong>non</strong></span> <span class='ocrx_word' id='word_1_313' title='bbox 969 2832 1134 2886; x_wconf 84' lang='lat' dir='ltr'><strong>usque</strong></span> <span class='ocrx_word' id='word_1_314' title='bbox 1161 2818 1224 2871; x_wconf 92' lang='lat' dir='ltr'><strong>ad</strong></span> <span class='ocrx_word' id='word_1_315' title='bbox 1253 2817 1507 2871; x_wconf 84' lang='lat' dir='ltr'><strong>unitatem</strong></span> <span class='ocrx_word' id='word_1_316' title='bbox 1539 2833 1759 2887; x_wconf 77' lang='lat' dir='ltr'><strong>progre-</strong></span> 
     </span>
    </p>
   </div>
   <div class='ocr_carea' id='block_1_45' title="bbox 190 2906 1755 2979">
    <p class='ocr_par' dir='ltr' id='par_1_45' title="bbox 190 2906 1755 2979">
     <span class='ocr_line' id='line_1_45' title="bbox 190 2906 1755 2979; baseline 0 -18"><span class='ocrx_word' id='word_1_317' title='bbox 190 2906 358 2961; x_wconf 81' lang='lat' dir='ltr'><strong>ditur.</strong></span> <span class='ocrx_word' id='word_1_318' title='bbox 384 2906 625 2978; x_wconf 58' lang='lat' dir='ltr'><strong>A‘Iqualis</strong></span> <span class='ocrx_word' id='word_1_319' title='bbox 650 2907 740 2961; x_wconf 90' lang='lat' dir='ltr'><strong>illa</strong></span> <span class='ocrx_word' id='word_1_320' title='bbox 766 2907 953 2961; x_wconf 86' lang='lat' dir='ltr'><strong>divisio</strong></span> <span class='ocrx_word' id='word_1_321' title='bbox 974 2917 1077 2962; x_wconf 91' lang='lat' dir='ltr'><strong>est.</strong></span> <span class='ocrx_word' id='word_1_322' title='bbox 1098 2908 1233 2977; x_wconf 83' lang='lat' dir='ltr'><strong>Ergo</strong></span> <span class='ocrx_word' id='word_1_323' title='bbox 1246 2908 1359 2979; x_wconf 88' lang='lat' dir='ltr'><strong>ejus</strong></span> <span class='ocrx_word' id='word_1_324' title='bbox 1383 2909 1639 2963; x_wconf 72' lang='lat' dir='ltr'><strong>medietas</strong></span> <span class='ocrx_word' id='word_1_325' title='bbox 1665 2924 1755 2979; x_wconf 75' lang='lat' dir='ltr'><strong>xx,</strong></span> 
     </span>
    </p>
   </div>
   <div class='ocr_carea' id='block_1_46' title="bbox 190 2998 1759 3068">
    <p class='ocr_par' dir='ltr' id='par_1_46' title="bbox 190 2998 1759 3068">
     <span class='ocr_line' id='line_1_46' title="bbox 190 2998 1759 3068; baseline 0.003 -18"><span class='ocrx_word' id='word_1_326' title='bbox 190 3006 388 3068; x_wconf 83' lang='lat' dir='ltr'><strong>quarta</strong></span> <span class='ocrx_word' id='word_1_327' title='bbox 419 3013 543 3067; x_wconf 86' lang='lat' dir='ltr'><strong>pars</strong></span> <span class='ocrx_word' id='word_1_328' title='bbox 568 3013 620 3063; x_wconf 86' lang='lat' dir='ltr'><strong>x,</strong></span> <span class='ocrx_word' id='word_1_329' title='bbox 644 2998 829 3066; x_wconf 87' lang='lat' dir='ltr'><strong>quinta</strong></span> <span class='ocrx_word' id='word_1_330' title='bbox 855 3013 981 3066; x_wconf 89' lang='lat' dir='ltr'><strong>pars</strong></span> <span class='ocrx_word' id='word_1_331' title='bbox 1006 3014 1126 3064; x_wconf 82' lang='lat' dir='ltr'><strong>Vlll,</strong></span> <span class='ocrx_word' id='word_1_332' title='bbox 1156 3009 1343 3053; x_wconf 87' lang='lat' dir='ltr'><strong>octava</strong></span> <span class='ocrx_word' id='word_1_333' title='bbox 1373 3014 1497 3068; x_wconf 89' lang='lat' dir='ltr'><strong>pars</strong></span> <span class='ocrx_word' id='word_1_334' title='bbox 1519 3015 1568 3062; x_wconf 94' lang='lat' dir='ltr'><strong>v,</strong></span> <span class='ocrx_word' id='word_1_335' title='bbox 1615 3000 1759 3055; x_wconf 87' lang='lat' dir='ltr'><strong>deci—</strong></span> 
     </span>
    </p>
   </div>
   <div class='ocr_carea' id='block_1_47' title="bbox 190 3089 1757 3160">
    <p class='ocr_par' dir='ltr' id='par_1_47' title="bbox 190 3089 1757 3160">
     <span class='ocr_line' id='line_1_47' title="bbox 190 3089 1757 3160; baseline 0.003 -19"><span class='ocrx_word' id='word_1_336' title='bbox 190 3103 275 3141; x_wconf 88' lang='lat' dir='ltr'><strong>ma</strong></span> <span class='ocrx_word' id='word_1_337' title='bbox 322 3103 454 3157; x_wconf 88' lang='lat' dir='ltr'><strong>pars</strong></span> <span class='ocrx_word' id='word_1_338' title='bbox 495 3104 568 3152; x_wconf 83' lang='lat' dir='ltr'><strong>tv,</strong></span> <span class='ocrx_word' id='word_1_339' title='bbox 632 3089 882 3143; x_wconf 89' lang='lat' dir='ltr'><strong>vicesima</strong></span> <span class='ocrx_word' id='word_1_340' title='bbox 930 3105 991 3152; x_wconf 86' lang='grc' dir='ltr'>ιι,</span> <span class='ocrx_word' id='word_1_341' title='bbox 1039 3090 1448 3160; x_wconf 85' lang='lat' dir='ltr'><strong>quadragesima</strong></span> <span class='ocrx_word' id='word_1_342' title='bbox 1491 3107 1529 3144; x_wconf 88' lang='grc' dir='ltr'>ι.</span> <span class='ocrx_word' id='word_1_343' title='bbox 1584 3091 1757 3145; x_wconf 91' lang='lat' dir='ltr'><strong>Unum</strong></span> 
     </span>
    </p>
   </div>
   <div class='ocr_carea' id='block_1_48' title="bbox 120 3166 1758 3256">
    <p class='ocr_par' dir='ltr' id='par_1_48' title="bbox 120 3166 1758 3256">
     <span class='ocr_line' id='line_1_48' title="bbox 120 3166 1758 3256; baseline 0.003 -27"><span class='ocrx_word' id='word_1_344' title='bbox 120 3226 121 3229; x_wconf 44' lang='grc' dir='ltr'><strong>η</strong></span> <span class='ocrx_word' id='word_1_345' title='bbox 188 3178 337 3232; x_wconf 84' lang='lat' dir='ltr'><strong>enim</strong></span> <span class='ocrx_word' id='word_1_346' title='bbox 376 3166 434 3232; x_wconf 78' lang='lat' dir='ltr'><strong>et</strong></span> <span class='ocrx_word' id='word_1_347' title='bbox 459 3193 518 3243; x_wconf 85' lang='grc' dir='ltr'><strong>η,</strong></span> <span class='ocrx_word' id='word_1_348' title='bbox 543 3186 597 3233; x_wconf 86' lang='grc' dir='ltr'><strong>ει</strong></span> <span class='ocrx_word' id='word_1_349' title='bbox 623 3193 695 3243; x_wconf 82' lang='lat' dir='ltr'><strong>iv,</strong></span> <span class='ocrx_word' id='word_1_350' title='bbox 736 3186 791 3233; x_wconf 86' lang='grc' dir='ltr'><strong>ει</strong></span> <span class='ocrx_word' id='word_1_351' title='bbox 815 3194 885 3245; x_wconf 49' lang='lat' dir='ltr'><strong>v,,</strong></span> <span class='ocrx_word' id='word_1_352' title='bbox 907 3186 961 3233; x_wconf 93' lang='grc' dir='ltr'><strong>ει</strong></span> <span class='ocrx_word' id='word_1_353' title='bbox 990 3194 1110 3244; x_wconf 81' lang='lat' dir='ltr'><strong>vni,</strong></span> <span class='ocrx_word' id='word_1_354' title='bbox 1135 3188 1188 3233; x_wconf 91' lang='lat' dir='ltr'><strong>et</strong></span> <span class='ocrx_word' id='word_1_355' title='bbox 1211 3195 1267 3256; x_wconf 79' lang='lat' dir='ltr'><strong>x,</strong></span> <span class='ocrx_word' id='word_1_356' title='bbox 1300 3190 1352 3234; x_wconf 91' lang='lat' dir='ltr'><strong>et</strong></span> <span class='ocrx_word' id='word_1_357' title='bbox 1376 3196 1467 3242; x_wconf 84' lang='lat' dir='ltr'><strong>xx,</strong></span> <span class='ocrx_word' id='word_1_358' title='bbox 1495 3181 1758 3249; x_wconf 86' lang='lat' dir='ltr'><strong>quinqua-</strong></span> 
     </span>
    </p>
   </div>
   <div class='ocr_carea' id='block_1_49' title="bbox 188 3266 1755 3337">
    <p class='ocr_par' dir='ltr' id='par_1_49' title="bbox 188 3266 1755 3337">
     <span class='ocr_line' id='line_1_49' title="bbox 188 3266 1755 3337; baseline 0.001 -16"><span class='ocrx_word' id='word_1_359' title='bbox 188 3268 341 3337; x_wconf 83' lang='lat' dir='ltr'><strong>ginta</strong></span> <span class='ocrx_word' id='word_1_360' title='bbox 371 3267 594 3322; x_wconf 79' lang='lat' dir='ltr'><strong>faciunt.</strong></span> <span class='ocrx_word' id='word_1_361' title='bbox 625 3266 730 3322; x_wconf 88' lang='lat' dir='ltr'><strong>Sed</strong></span> <span class='ocrx_word' id='word_1_362' title='bbox 755 3268 857 3323; x_wconf 89' lang='lat' dir='ltr'><strong>hoc</strong></span> <span class='ocrx_word' id='word_1_363' title='bbox 882 3267 1265 3322; x_wconf 89' lang='lat' dir='ltr'><strong>incrementum</strong></span> <span class='ocrx_word' id='word_1_364' title='bbox 1298 3270 1516 3323; x_wconf 89' lang='lat' dir='ltr'><strong>minoris</strong></span> <span class='ocrx_word' id='word_1_365' title='bbox 1548 3271 1755 3324; x_wconf 88' lang='lat' dir='ltr'><strong>numeri</strong></span> 
     </span>
    </p>
   </div>
   <div class='ocr_carea' id='block_1_50' title="bbox 1856 2099 3421 2169">
    <p class='ocr_par' dir='ltr' id='par_1_50' title="bbox 1856 2099 3421 2169">
     <span class='ocr_line' id='line_1_50' title="bbox 1856 2099 3421 2169; baseline 0.012 -20"><span class='ocrx_word' id='word_1_366' title='bbox 1856 2099 2357 2168; x_wconf 79' lang='lat' dir='ltr'><strong>quinquagesimum</strong></span> <span class='ocrx_word' id='word_1_367' title='bbox 2380 2116 2598 2166; x_wconf 88' lang='lat' dir='ltr'><strong>annum,</strong></span> <span class='ocrx_word' id='word_1_368' title='bbox 2620 2110 2673 2156; x_wconf 92' lang='lat' dir='ltr'><strong>et</strong></span> <span class='ocrx_word' id='word_1_369' title='bbox 2702 2118 3022 2161; x_wconf 88' lang='lat' dir='ltr'><strong>vocaverunt</strong></span> <span class='ocrx_word' id='word_1_370' title='bbox 3052 2111 3421 2169; x_wconf 87' lang='lat' dir='ltr'><strong>remissionem</strong></span> 
     </span>
    </p>
   </div>
   <div class='ocr_carea' id='block_1_51' title="bbox 1855 2190 3426 2273">
    <p class='ocr_par' dir='ltr' id='par_1_51' title="bbox 1855 2190 3426 2273">
     <span class='ocr_line' id='line_1_51' title="bbox 1855 2190 3426 2273; baseline 0.01 -30"><span class='ocrx_word' id='word_1_371' title='bbox 1855 2190 2064 2244; x_wconf 91' lang='lat' dir='ltr'><strong>cunctis</strong></span> <span class='ocrx_word' id='word_1_372' title='bbox 2108 2190 2499 2245; x_wconf 82' lang='lat' dir='ltr'><strong>habitatoribus</strong></span> <span class='ocrx_word' id='word_1_373' title='bbox 2560 2199 2717 2261; x_wconf 64' lang='lat' dir='ltr'><strong>terra:</strong></span> <span class='ocrx_word' id='word_1_374' title='bbox 2766 2197 2892 2250; x_wconf 70' lang='lat' dir='ltr'><strong>suae.</strong></span> <span class='ocrx_word' id='word_1_375' title='bbox 2964 2197 3426 2273; x_wconf 87' lang='lat' dir='ltr'><strong>lnsonueruntque</strong></span> 
     </span>
    </p>
   </div>
   <div class='ocr_carea' id='block_1_52' title="bbox 1857 2280 3511 2356">
    <p class='ocr_par' dir='ltr' id='par_1_52' title="bbox 1857 2280 3511 2356">
     <span class='ocr_line' id='line_1_52' title="bbox 1857 2280 3511 2356; baseline 0.009 -22"><span class='ocrx_word' id='word_1_376' title='bbox 1857 2280 1983 2334; x_wconf 85' lang='lat' dir='ltr'><strong>tuba</strong></span> <span class='ocrx_word' id='word_1_377' title='bbox 2029 2282 2428 2349; x_wconf 60' lang='lat' dir='ltr'><strong>prtedirationis</strong></span> <span class='ocrx_word' id='word_1_378' title='bbox 2476 2283 2705 2351; x_wconf 87' lang='lat' dir='ltr'><strong>apostoli</strong></span> <span class='ocrx_word' id='word_1_379' title='bbox 2746 2293 2801 2338; x_wconf 89' lang='lat' dir='ltr'><strong>et</strong></span> <span class='ocrx_word' id='word_1_380' title='bbox 2836 2288 3010 2341; x_wconf 60' lang='lat' dir='ltr'><strong>caeteri</strong></span> <span class='ocrx_word' id='word_1_381' title='bbox 3045 2291 3425 2356; x_wconf 66' lang='lat' dir='ltr'><strong>pnedicntores</strong></span> <span class='ocrx_word' id='word_1_382' title='bbox 3500 2310 3511 2316; x_wconf 51' lang='grc' dir='ltr'><em>θ</em></span> 
     </span>
    </p>
   </div>
   <div class='ocr_carea' id='block_1_53' title="bbox 1858 2369 3425 2450">
    <p class='ocr_par' dir='ltr' id='par_1_53' title="bbox 1858 2369 3425 2450">
     <span class='ocr_line' id='line_1_53' title="bbox 1858 2369 3425 2450; baseline 0.008 -27"><span class='ocrx_word' id='word_1_383' title='bbox 1858 2369 2156 2439; x_wconf 81' lang='lat' dir='ltr'><strong>Evangelii,</strong></span> <span class='ocrx_word' id='word_1_384' title='bbox 2187 2370 2424 2438; x_wconf 89' lang='lat' dir='ltr'><strong>Spiritus</strong></span> <span class='ocrx_word' id='word_1_385' title='bbox 2451 2372 2623 2425; x_wconf 89' lang='lat' dir='ltr'><strong>sancti</strong></span> <span class='ocrx_word' id='word_1_386' title='bbox 2655 2373 2825 2442; x_wconf 88' lang='lat' dir='ltr'><strong>gratia</strong></span> <span class='ocrx_word' id='word_1_387' title='bbox 2865 2376 3071 2443; x_wconf 86' lang='lat' dir='ltr'><strong>repleti,</strong></span> <span class='ocrx_word' id='word_1_388' title='bbox 3101 2378 3270 2448; x_wconf 83' lang='lat' dir='ltr'><strong>legem</strong></span> <span class='ocrx_word' id='word_1_389' title='bbox 3309 2383 3425 2450; x_wconf 82' lang='lat' dir='ltr'><strong>spi-</strong></span> 
     </span>
    </p>
   </div>
   <div class='ocr_carea' id='block_1_54' title="bbox 1859 2458 3426 2543">
    <p class='ocr_par' dir='ltr' id='par_1_54' title="bbox 1859 2458 3426 2543">
     <span class='ocr_line' id='line_1_54' title="bbox 1859 2458 3426 2543; baseline 0.009 -33"><span class='ocrx_word' id='word_1_390' title='bbox 1859 2458 2581 2543; x_wconf 87' lang='lat' dir='ltr'><strong>ritualiterinterpretantes,</strong></span> <span class='ocrx_word' id='word_1_391' title='bbox 2606 2469 2660 2514; x_wconf 89' lang='lat' dir='ltr'><strong>ct</strong></span> <span class='ocrx_word' id='word_1_392' title='bbox 2685 2462 2934 2517; x_wconf 85' lang='lat' dir='ltr'><strong>docentes</strong></span> <span class='ocrx_word' id='word_1_393' title='bbox 2954 2464 3006 2518; x_wconf 90' lang='lat' dir='ltr'><strong>in</strong></span> <span class='ocrx_word' id='word_1_394' title='bbox 3032 2474 3141 2520; x_wconf 92' lang='lat' dir='ltr'><strong>toto</strong></span> <span class='ocrx_word' id='word_1_395' title='bbox 3161 2468 3289 2523; x_wconf 87' lang='lat' dir='ltr'><strong>orbe</strong></span> <span class='ocrx_word' id='word_1_396' title='bbox 3310 2485 3426 2540; x_wconf 74' lang='lat' dir='ltr'><strong>pce-</strong></span> 
     </span>
    </p>
   </div>
   <div class='ocr_carea' id='block_1_55' title="bbox 1858 2548 3427 2631">
    <p class='ocr_par' dir='ltr' id='par_1_55' title="bbox 1858 2548 3427 2631">
     <span class='ocr_line' id='line_1_55' title="bbox 1858 2548 3427 2631; baseline 0.01 -30"><span class='ocrx_word' id='word_1_397' title='bbox 1858 2548 2138 2603; x_wconf 90' lang='lat' dir='ltr'><strong>nitentiam</strong></span> <span class='ocrx_word' id='word_1_398' title='bbox 2166 2558 2221 2602; x_wconf 92' lang='lat' dir='ltr'><strong>et</strong></span> <span class='ocrx_word' id='word_1_399' title='bbox 2247 2550 2615 2604; x_wconf 75' lang='lat' dir='ltr'><strong>remissionem</strong></span> <span class='ocrx_word' id='word_1_400' title='bbox 2662 2562 2998 2620; x_wconf 88' lang='lat' dir='ltr'><strong>peccatorum</strong></span> <span class='ocrx_word' id='word_1_401' title='bbox 3035 2558 3279 2628; x_wconf 76' lang='lat' dir='ltr'><strong>accipere</strong></span> <span class='ocrx_word' id='word_1_402' title='bbox 3327 2576 3427 2631; x_wconf 85' lang='lat' dir='ltr'><strong>per</strong></span> 
     </span>
    </p>
   </div>
   <div class='ocr_carea' id='block_1_56' title="bbox 1860 2638 3425 2717">
    <p class='ocr_par' dir='ltr' id='par_1_56' title="bbox 1860 2638 3425 2717">
     <span class='ocr_line' id='line_1_56' title="bbox 1860 2638 3425 2717; baseline 0.01 -26"><span class='ocrx_word' id='word_1_403' title='bbox 1860 2653 2054 2692; x_wconf 87' lang='lat' dir='ltr'><strong>nomen</strong></span> <span class='ocrx_word' id='word_1_404' title='bbox 2078 2638 2275 2693; x_wconf 88' lang='lat' dir='ltr'><strong>Christi</strong></span> <span class='ocrx_word' id='word_1_405' title='bbox 2307 2654 2515 2703; x_wconf 87' lang='lat' dir='ltr'><strong>omnes,</strong></span> <span class='ocrx_word' id='word_1_406' title='bbox 2547 2641 2635 2709; x_wconf 87' lang='lat' dir='ltr'><strong>qui</strong></span> <span class='ocrx_word' id='word_1_407' title='bbox 2662 2644 2885 2717; x_wconf 64' lang='lat' dir='ltr'><strong>credunt</strong></span> <span class='ocrx_word' id='word_1_408' title='bbox 2915 2645 2965 2697; x_wconf 91' lang='lat' dir='ltr'><strong>in</strong></span> <span class='ocrx_word' id='word_1_409' title='bbox 2998 2660 3140 2699; x_wconf 90' lang='lat' dir='ltr'><strong>eum.</strong></span> <span class='ocrx_word' id='word_1_410' title='bbox 3179 2647 3425 2706; x_wconf 87' lang='lat' dir='ltr'><strong>Ostendit</strong></span> 
     </span>
    </p>
   </div>
   <div class='ocr_carea' id='block_1_57' title="bbox 1861 2728 3424 2807">
    <p class='ocr_par' dir='ltr' id='par_1_57' title="bbox 1861 2728 3424 2807">
     <span class='ocr_line' id='line_1_57' title="bbox 1861 2728 3424 2807; baseline 0.007 -25"><span class='ocrx_word' id='word_1_411' title='bbox 1861 2744 2075 2798; x_wconf 87' lang='lat' dir='ltr'><strong>quoque</strong></span> <span class='ocrx_word' id='word_1_412' title='bbox 2122 2730 2235 2798; x_wconf 91' lang='lat' dir='ltr'><strong>ipse</strong></span> <span class='ocrx_word' id='word_1_413' title='bbox 2250 2728 2506 2783; x_wconf 85' lang='lat' dir='ltr'><strong>.Salvator</strong></span> <span class='ocrx_word' id='word_1_414' title='bbox 2536 2731 2635 2784; x_wconf 87' lang='lat' dir='ltr'><strong>hoe</strong></span> <span class='ocrx_word' id='word_1_415' title='bbox 2662 2746 2802 2785; x_wconf 63' lang='lat' dir='ltr'><strong>vero:</strong></span> <span class='ocrx_word' id='word_1_416' title='bbox 2835 2734 3162 2790; x_wconf 83' lang='lat' dir='ltr'><strong>remissionis</strong></span> <span class='ocrx_word' id='word_1_417' title='bbox 3190 2745 3424 2807; x_wconf 90' lang='lat' dir='ltr'><strong>tempus,</strong></span> 
     </span>
    </p>
   </div>
   <div class='ocr_carea' id='block_1_58' title="bbox 1860 2817 3425 2896">
    <p class='ocr_par' dir='ltr' id='par_1_58' title="bbox 1860 2817 3425 2896">
     <span class='ocr_line' id='line_1_58' title="bbox 1860 2817 3425 2896; baseline 0.006 -24"><span class='ocrx_word' id='word_1_418' title='bbox 1860 2819 2073 2888; x_wconf 90' lang='lat' dir='ltr'><strong>quando</strong></span> <span class='ocrx_word' id='word_1_419' title='bbox 2102 2817 2365 2872; x_wconf 84' lang='lat' dir='ltr'><strong>Nazareth</strong></span> <span class='ocrx_word' id='word_1_420' title='bbox 2402 2820 2622 2873; x_wconf 89' lang='lat' dir='ltr'><strong>veniens</strong></span> <span class='ocrx_word' id='word_1_421' title='bbox 2653 2820 2704 2872; x_wconf 93' lang='lat' dir='ltr'><strong>in</strong></span> <span class='ocrx_word' id='word_1_422' title='bbox 2749 2835 3013 2893; x_wconf 81' lang='lat' dir='ltr'><strong>synagoga</strong></span> <span class='ocrx_word' id='word_1_423' title='bbox 3040 2824 3245 2892; x_wconf 80' lang='lat' dir='ltr'><strong>legebat</strong></span> <span class='ocrx_word' id='word_1_424' title='bbox 3275 2828 3425 2896; x_wconf 85' lang='lat' dir='ltr'><strong>capi-</strong></span> 
     </span>
    </p>
   </div>
   <div class='ocr_carea' id='block_1_59' title="bbox 1861 2906 3424 2976">
    <p class='ocr_par' dir='ltr' id='par_1_59' title="bbox 1861 2906 3424 2976">
     <span class='ocr_line' id='line_1_59' title="bbox 1861 2906 3424 2976; baseline 0.004 -15"><span class='ocrx_word' id='word_1_425' title='bbox 1861 2907 2031 2961; x_wconf 91' lang='lat' dir='ltr'><strong>tulum</strong></span> <span class='ocrx_word' id='word_1_426' title='bbox 2059 2906 2123 2961; x_wconf 90' lang='lat' dir='ltr'><strong>de</strong></span> <span class='ocrx_word' id='word_1_427' title='bbox 2145 2906 2278 2960; x_wconf 82' lang='lat' dir='ltr'><strong>Isaia</strong></span> <span class='ocrx_word' id='word_1_428' title='bbox 2309 2907 2567 2976; x_wconf 87' lang='lat' dir='ltr'><strong>propheta</strong></span> <span class='ocrx_word' id='word_1_429' title='bbox 2593 2908 2659 2961; x_wconf 87' lang='lat' dir='ltr'><strong>ad</strong></span> <span class='ocrx_word' id='word_1_430' title='bbox 2697 2922 2754 2962; x_wconf 92' lang='lat' dir='ltr'><strong>se</strong></span> <span class='ocrx_word' id='word_1_431' title='bbox 2780 2910 3053 2976; x_wconf 88' lang='lat' dir='ltr'><strong>pertinens</strong></span> <span class='ocrx_word' id='word_1_432' title='bbox 3100 2913 3172 2966; x_wconf 86' lang='lat' dir='ltr'><strong>ita</strong></span> <span class='ocrx_word' id='word_1_433' title='bbox 3195 2912 3377 2969; x_wconf 90' lang='lat' dir='ltr'><strong>dicens</strong></span> <span class='ocrx_word' id='word_1_434' title='bbox 3408 2930 3424 2967; x_wconf 88' lang='lat'><strong>:</strong></span> 
     </span>
    </p>
   </div>
   <div class='ocr_carea' id='block_1_60' title="bbox 1863 2994 3427 3067">
    <p class='ocr_par' dir='ltr' id='par_1_60' title="bbox 1863 2994 3427 3067">
     <span class='ocr_line' id='line_1_60' title="bbox 1863 2994 3427 3067; baseline 0.004 -17"><span class='ocrx_word' id='word_1_435' title='bbox 1863 2994 2088 3064; x_wconf 77' lang='lat' dir='ltr'><strong>Spiritus</strong></span> <span class='ocrx_word' id='word_1_436' title='bbox 2130 2994 2335 3061; x_wconf 79' lang='lat' dir='ltr'><strong>Domini</strong></span> <span class='ocrx_word' id='word_1_437' title='bbox 2365 3000 2656 3065; x_wconf 79' lang='lat' dir='ltr'><strong>super&#39;me,</strong></span> <span class='ocrx_word' id='word_1_438' title='bbox 2687 3012 2745 3049; x_wconf 93' lang='lat' dir='ltr'><strong>eo</strong></span> <span class='ocrx_word' id='word_1_439' title='bbox 2785 2998 2921 3067; x_wconf 86' lang='lat' dir='ltr'><strong>quod</strong></span> <span class='ocrx_word' id='word_1_440' title='bbox 2949 3001 3094 3052; x_wconf 69' lang='lat' dir='ltr'><strong>unxit</strong></span> <span class='ocrx_word' id='word_1_441' title='bbox 3138 3018 3237 3065; x_wconf 82' lang='lat' dir='ltr'><strong>me,</strong></span> <span class='ocrx_word' id='word_1_442' title='bbox 3271 3018 3427 3056; x_wconf 85' lang='lat' dir='ltr'><strong>evan—</strong></span> 
     </span>
    </p>
   </div>
   <div class='ocr_carea' id='block_1_61' title="bbox 1858 3082 3427 3160">
    <p class='ocr_par' dir='ltr' id='par_1_61' title="bbox 1858 3082 3427 3160">
     <span class='ocr_line' id='line_1_61' title="bbox 1858 3082 3427 3160; baseline 0.005 -23"><span class='ocrx_word' id='word_1_443' title='bbox 1858 3082 2083 3154; x_wconf 78' lang='lat' dir='ltr'><strong>gelizare</strong></span> <span class='ocrx_word' id='word_1_444' title='bbox 2131 3083 2443 3154; x_wconf 60' lang='lat' dir='ltr'><strong>pauperibus</strong></span> <span class='ocrx_word' id='word_1_445' title='bbox 2484 3085 2619 3137; x_wconf 80' lang='lat' dir='ltr'><strong>misit</strong></span> <span class='ocrx_word' id='word_1_446' title='bbox 2665 3101 2744 3138; x_wconf 90' lang='lat' dir='ltr'><strong>me</strong></span> <span class='ocrx_word' id='word_1_447' title='bbox 2779 3087 3063 3153; x_wconf 79' lang='lat' dir='ltr'><strong>prwdicare</strong></span> <span class='ocrx_word' id='word_1_448' title='bbox 3108 3091 3316 3160; x_wconf 77' lang='lat' dir='ltr'><strong>captivis</strong></span> <span class='ocrx_word' id='word_1_449' title='bbox 3348 3109 3427 3145; x_wconf 81' lang='lat' dir='ltr'><strong>re-</strong></span> 
     </span>
    </p>
   </div>
   <div class='ocr_carea' id='block_1_62' title="bbox 1858 3174 3425 3247">
    <p class='ocr_par' dir='ltr' id='par_1_62' title="bbox 1858 3174 3425 3247">
     <span class='ocr_line' id='line_1_62' title="bbox 1858 3174 3425 3247; baseline 0.005 -20"><span class='ocrx_word' id='word_1_450' title='bbox 1858 3175 2175 3239; x_wconf 83' lang='lat' dir='ltr'><strong>missionem,</strong></span> <span class='ocrx_word' id='word_1_451' title='bbox 2221 3184 2269 3227; x_wconf 87' lang='lat' dir='ltr'><strong>et</strong></span> <span class='ocrx_word' id='word_1_452' title='bbox 2311 3174 2461 3227; x_wconf 79' lang='lat' dir='ltr'><strong>ca&#39;cis</strong></span> <span class='ocrx_word' id='word_1_453' title='bbox 2504 3175 2689 3239; x_wconf 82' lang='lat' dir='ltr'><strong>risum,</strong></span> <span class='ocrx_word' id='word_1_454' title='bbox 2735 3176 2994 3231; x_wconf 85' lang='lat' dir='ltr'><strong>dimittere</strong></span> <span class='ocrx_word' id='word_1_455' title='bbox 3032 3180 3322 3247; x_wconf 83' lang='lat' dir='ltr'><strong>confractos</strong></span> <span class='ocrx_word' id='word_1_456' title='bbox 3370 3184 3425 3235; x_wconf 87' lang='lat' dir='ltr'><strong>in</strong></span> 
     </span>
    </p>
   </div>
   <div class='ocr_carea' id='block_1_63' title="bbox 1857 3263 3425 3339">
    <p class='ocr_par' dir='ltr' id='par_1_63' title="bbox 1857 3263 3425 3339">
     <span class='ocr_line' id='line_1_63' title="bbox 1857 3263 3425 3339; baseline 0.006 -24"><span class='ocrx_word' id='word_1_457' title='bbox 1857 3264 2227 3328; x_wconf 85' lang='lat' dir='ltr'><strong>remissionem,</strong></span> <span class='ocrx_word' id='word_1_458' title='bbox 2258 3263 2545 3333; x_wconf 63' lang='lat' dir='ltr'><strong>praedicare</strong></span> <span class='ocrx_word' id='word_1_459' title='bbox 2594 3280 2786 3317; x_wconf 87' lang='lat' dir='ltr'><strong>annum</strong></span> <span class='ocrx_word' id='word_1_460' title='bbox 2828 3264 3034 3319; x_wconf 83' lang='lat' dir='ltr'><strong>Domini</strong></span> <span class='ocrx_word' id='word_1_461' title='bbox 3079 3280 3342 3339; x_wconf 86' lang='lat' dir='ltr'><strong>acceptum</strong></span> <span class='ocrx_word' id='word_1_462' title='bbox 3374 3282 3425 3326; x_wconf 79' lang='lat' dir='ltr'><strong>et</strong></span> 
     </span>
    </p>
   </div>
   <div class='ocr_carea' id='block_1_64' title="bbox 193 3352 3422 3438">
    <p class='ocr_par' dir='ltr' id='par_1_64' title="bbox 193 3352 3422 3438">
     <span class='ocr_line' id='line_1_64' title="bbox 193 3352 3422 3438; baseline 0.003 -33"><span class='ocrx_word' id='word_1_463' title='bbox 193 3362 247 3415; x_wconf 76' lang='lat' dir='ltr'><strong>in</strong></span> <span class='ocrx_word' id='word_1_464' title='bbox 283 3358 545 3428; x_wconf 71' lang='lat' dir='ltr'><strong>majorem</strong></span> <span class='ocrx_word' id='word_1_465' title='bbox 599 3360 726 3429; x_wconf 81' lang='lat' dir='ltr'><strong>quid</strong></span> <span class='ocrx_word' id='word_1_466' title='bbox 767 3359 908 3413; x_wconf 70' lang='lat' dir='ltr'><strong>aliud</strong></span> <span class='ocrx_word' id='word_1_467' title='bbox 952 3359 1234 3430; x_wconf 61' lang='lat' dir='ltr'><strong>signiﬁcat,</strong></span> <span class='ocrx_word' id='word_1_468' title='bbox 1262 3376 1417 3428; x_wconf 77' lang='lat' dir='ltr'><strong>quam</strong></span> <span class='ocrx_word' id='word_1_469' title='bbox 1452 3358 1749 3428; x_wconf 59' lang='lat' dir='ltr'><strong>profectum</strong></span> <span class='ocrx_word' id='word_1_470' title='bbox 1777 3377 1821 3438; x_wconf 66' lang='grc' dir='ltr'><strong>ρ</strong></span> <span class='ocrx_word' id='word_1_471' title='bbox 1855 3352 1990 3405; x_wconf 88' lang='lat' dir='ltr'><strong>diem</strong></span> <span class='ocrx_word' id='word_1_472' title='bbox 2036 3353 2410 3406; x_wconf 82' lang='lat' dir='ltr'><strong>retributionis.</strong></span> <span class='ocrx_word' id='word_1_473' title='bbox 2447 3353 2659 3406; x_wconf 81' lang='lat' dir='ltr'><strong>Annum</strong></span> <span class='ocrx_word' id='word_1_474' title='bbox 2692 3362 2869 3409; x_wconf 89' lang='lat' dir='ltr'><strong>autem</strong></span> <span class='ocrx_word' id='word_1_475' title='bbox 2901 3366 3177 3427; x_wconf 88' lang='lat' dir='ltr'><strong>acceptum</strong></span> <span class='ocrx_word' id='word_1_476' title='bbox 3200 3370 3254 3413; x_wconf 90' lang='lat' dir='ltr'><strong>et</strong></span> <span class='ocrx_word' id='word_1_477' title='bbox 3279 3360 3422 3416; x_wconf 87' lang='lat' dir='ltr'><strong>diem</strong></span> 
     </span>
    </p>
   </div>
   <div class='ocr_carea' id='block_1_65' title="bbox 192 3444 1754 3519">
    <p class='ocr_par' dir='ltr' id='par_1_65' title="bbox 192 3444 1754 3519">
     <span class='ocr_line' id='line_1_65' title="bbox 192 3444 1754 3519; baseline 0 -16"><span class='ocrx_word' id='word_1_478' title='bbox 192 3449 478 3503; x_wconf 86' lang='lat' dir='ltr'><strong>nostrum?</strong></span> <span class='ocrx_word' id='word_1_479' title='bbox 522 3447 869 3502; x_wconf 66' lang='lat' dir='ltr'><strong>Praediximus</strong></span> <span class='ocrx_word' id='word_1_480' title='bbox 929 3463 1077 3517; x_wconf 89' lang='lat' dir='ltr'><strong>ergo,</strong></span> <span class='ocrx_word' id='word_1_481' title='bbox 1120 3444 1267 3516; x_wconf 83' lang='lat' dir='ltr'><strong>quod</strong></span> <span class='ocrx_word' id='word_1_482' title='bbox 1302 3451 1754 3519; x_wconf 79' lang='lat' dir='ltr'><strong>quadragenarius</strong></span> 
     </span>
    </p>
   </div>
   <div class='ocr_carea' id='block_1_66' title="bbox 191 3537 1755 3608">
    <p class='ocr_par' dir='ltr' id='par_1_66' title="bbox 191 3537 1755 3608">
     <span class='ocr_line' id='line_1_66' title="bbox 191 3537 1755 3608; baseline 0 -15"><span class='ocrx_word' id='word_1_483' title='bbox 191 3554 457 3593; x_wconf 86' lang='lat' dir='ltr'><strong>numerus</strong></span> <span class='ocrx_word' id='word_1_484' title='bbox 492 3538 629 3592; x_wconf 91' lang='lat' dir='ltr'><strong>hanc</strong></span> <span class='ocrx_word' id='word_1_485' title='bbox 672 3537 1015 3606; x_wconf 91' lang='lat' dir='ltr'><strong>temporalem</strong></span> <span class='ocrx_word' id='word_1_486' title='bbox 1049 3538 1212 3591; x_wconf 90' lang='lat' dir='ltr'><strong>vitam</strong></span> <span class='ocrx_word' id='word_1_487' title='bbox 1242 3547 1296 3592; x_wconf 91' lang='grc' dir='ltr'><strong>ει</strong></span> <span class='ocrx_word' id='word_1_488' title='bbox 1315 3548 1630 3608; x_wconf 70' lang='lat' dir='ltr'><strong>praesentem</strong></span> <span class='ocrx_word' id='word_1_489' title='bbox 1661 3540 1755 3593; x_wconf 90' lang='lat' dir='ltr'><strong>de-</strong></span> 
     </span>
    </p>
   </div>
   <div class='ocr_carea' id='block_1_67' title="bbox 192 3627 1758 3709">
    <p class='ocr_par' dir='ltr' id='par_1_67' title="bbox 192 3627 1758 3709">
     <span class='ocr_line' id='line_1_67' title="bbox 192 3627 1758 3709; baseline -0.001 -25"><span class='ocrx_word' id='word_1_490' title='bbox 192 3630 409 3700; x_wconf 84' lang='lat' dir='ltr'><strong>signet;</strong></span> <span class='ocrx_word' id='word_1_491' title='bbox 432 3627 917 3709; x_wconf 81' lang='lat' dir='ltr'><strong>quinquagenarius</strong></span> <span class='ocrx_word' id='word_1_492' title='bbox 946 3642 1072 3681; x_wconf 88' lang='lat' dir='ltr'><strong>vero</strong></span> <span class='ocrx_word' id='word_1_493' title='bbox 1100 3628 1330 3705; x_wconf 88' lang='lat' dir='ltr'><strong>quietem</strong></span> <span class='ocrx_word' id='word_1_494' title='bbox 1353 3627 1544 3681; x_wconf 73' lang='lat' dir='ltr'><strong>futura:</strong></span> <span class='ocrx_word' id='word_1_495' title='bbox 1572 3628 1758 3698; x_wconf 67' lang='lat' dir='ltr'><strong>patriae</strong></span> 
     </span>
    </p>
   </div>
   <div class='ocr_carea' id='block_1_68' title="bbox 192 3715 1759 3788">
    <p class='ocr_par' dir='ltr' id='par_1_68' title="bbox 192 3715 1759 3788">
     <span class='ocr_line' id='line_1_68' title="bbox 192 3715 1759 3788; baseline -0.002 -15"><span class='ocrx_word' id='word_1_496' title='bbox 192 3728 248 3773; x_wconf 91' lang='lat' dir='ltr'><strong>et</strong></span> <span class='ocrx_word' id='word_1_497' title='bbox 271 3726 475 3773; x_wconf 64' lang='lat' dir='ltr'><strong>interna</strong></span> <span class='ocrx_word' id='word_1_498' title='bbox 489 3717 683 3788; x_wconf 88' lang='lat' dir='ltr'><strong>gaudia</strong></span> <span class='ocrx_word' id='word_1_499' title='bbox 700 3715 1047 3771; x_wconf 86' lang='lat' dir='ltr'><strong>demonstret.</strong></span> <span class='ocrx_word' id='word_1_500' title='bbox 1067 3716 1199 3782; x_wconf 86' lang='lat' dir='ltr'><strong>Quid</strong></span> <span class='ocrx_word' id='word_1_501' title='bbox 1218 3715 1357 3769; x_wconf 91' lang='lat' dir='ltr'><strong>aliud</strong></span> <span class='ocrx_word' id='word_1_502' title='bbox 1374 3715 1526 3770; x_wconf 88' lang='lat' dir='ltr'><strong>nobis</strong></span> <span class='ocrx_word' id='word_1_503' title='bbox 1538 3731 1635 3784; x_wconf 87' lang='lat' dir='ltr'><strong>per</strong></span> <span class='ocrx_word' id='word_1_504' title='bbox 1663 3718 1759 3770; x_wconf 88' lang='lat' dir='ltr'><strong>bos</strong></span> 
     </span>
    </p>
   </div>
   <div class='ocr_carea' id='block_1_69' title="bbox 192 3805 1759 3869">
    <p class='ocr_par' dir='ltr' id='par_1_69' title="bbox 192 3805 1759 3869">
     <span class='ocr_line' id='line_1_69' title="bbox 192 3805 1759 3869; baseline -0.003 -6"><span class='ocrx_word' id='word_1_505' title='bbox 192 3809 331 3863; x_wconf 81' lang='lat' dir='ltr'><strong>duos</strong></span> <span class='ocrx_word' id='word_1_506' title='bbox 378 3821 630 3861; x_wconf 86' lang='lat' dir='ltr'><strong>numeros</strong></span> <span class='ocrx_word' id='word_1_507' title='bbox 670 3806 987 3869; x_wconf 87' lang='lat' dir='ltr'><strong>insinuatur,</strong></span> <span class='ocrx_word' id='word_1_508' title='bbox 1024 3806 1123 3860; x_wconf 89' lang='lat' dir='ltr'><strong>nisi</strong></span> <span class='ocrx_word' id='word_1_509' title='bbox 1146 3814 1201 3859; x_wconf 91' lang='lat' dir='ltr'><strong>ut</strong></span> <span class='ocrx_word' id='word_1_510' title='bbox 1224 3805 1360 3860; x_wconf 88' lang='lat' dir='ltr'><strong>hanc</strong></span> <span class='ocrx_word' id='word_1_511' title='bbox 1385 3807 1543 3859; x_wconf 87' lang='lat' dir='ltr'><strong>vitam</strong></span> <span class='ocrx_word' id='word_1_512' title='bbox 1575 3816 1759 3861; x_wconf 90' lang='lat' dir='ltr'><strong>sancta</strong></span> 
     </span>
    </p>
   </div>
   <div class='ocr_carea' id='block_1_70' title="bbox 192 3893 1759 3963">
    <p class='ocr_par' dir='ltr' id='par_1_70' title="bbox 192 3893 1759 3963">
     <span class='ocr_line' id='line_1_70' title="bbox 192 3893 1759 3963; baseline -0.003 -11"><span class='ocrx_word' id='word_1_513' title='bbox 192 3896 552 3952; x_wconf 82' lang='lat' dir='ltr'><strong>conversione</strong></span> <span class='ocrx_word' id='word_1_514' title='bbox 594 3896 866 3959; x_wconf 90' lang='lat' dir='ltr'><strong>ducentes,</strong></span> <span class='ocrx_word' id='word_1_515' title='bbox 906 3894 1241 3948; x_wconf 84' lang='lat' dir='ltr'><strong>orationibus</strong></span> <span class='ocrx_word' id='word_1_516' title='bbox 1265 3903 1319 3948; x_wconf 90' lang='lat' dir='ltr'><strong>et</strong></span> <span class='ocrx_word' id='word_1_517' title='bbox 1363 3893 1559 3963; x_wconf 81' lang='lat' dir='ltr'><strong>vigiliis</strong></span> <span class='ocrx_word' id='word_1_518' title='bbox 1600 3903 1759 3963; x_wconf 90' lang='lat' dir='ltr'><strong>atque</strong></span> 
     </span>
    </p>
   </div>
   <div class='ocr_carea' id='block_1_71' title="bbox 187 3984 1760 4063">
    <p class='ocr_par' dir='ltr' id='par_1_71' title="bbox 187 3984 1760 4063">
     <span class='ocr_line' id='line_1_71' title="bbox 187 3984 1760 4063; baseline -0.003 -20"><span class='ocrx_word' id='word_1_519' title='bbox 187 3988 414 4063; x_wconf 74' lang='lat' dir='ltr'><strong>jejuniis</strong></span> <span class='ocrx_word' id='word_1_520' title='bbox 440 3989 722 4053; x_wconf 88' lang='lat' dir='ltr'><strong>instantes,</strong></span> <span class='ocrx_word' id='word_1_521' title='bbox 762 3985 1140 4040; x_wconf 70' lang='lat' dir='ltr'><strong>misericordiae</strong></span> <span class='ocrx_word' id='word_1_522' title='bbox 1176 3998 1387 4052; x_wconf 90' lang='lat' dir='ltr'><strong>quoque</strong></span> <span class='ocrx_word' id='word_1_523' title='bbox 1425 3984 1678 4053; x_wconf 87' lang='lat' dir='ltr'><strong>operibus</strong></span> <span class='ocrx_word' id='word_1_524' title='bbox 1705 3994 1760 4039; x_wconf 90' lang='lat' dir='ltr'><strong>et</strong></span> 
     </span>
    </p>
   </div>
   <div class='ocr_carea' id='block_1_72' title="bbox 192 4072 1759 4148">
    <p class='ocr_par' dir='ltr' id='par_1_72' title="bbox 192 4072 1759 4148">
     <span class='ocr_line' id='line_1_72' title="bbox 192 4072 1759 4148; baseline -0.01 -12"><span class='ocrx_word' id='word_1_525' title='bbox 192 4075 899 4148; x_wconf 83' lang='lat' dir='ltr'><strong>eleemosynisinsudantes,</strong></span> <span class='ocrx_word' id='word_1_526' title='bbox 929 4074 1085 4143; x_wconf 90' lang='lat' dir='ltr'><strong>plena</strong></span> <span class='ocrx_word' id='word_1_527' title='bbox 1118 4072 1240 4137; x_wconf 89' lang='lat' dir='ltr'><strong>ﬁde,</strong></span> <span class='ocrx_word' id='word_1_528' title='bbox 1267 4087 1358 4141; x_wconf 87' lang='lat' dir='ltr'><strong>spe</strong></span> <span class='ocrx_word' id='word_1_529' title='bbox 1380 4072 1609 4143; x_wconf 85' lang='lat' dir='ltr'><strong>integra,</strong></span> <span class='ocrx_word' id='word_1_530' title='bbox 1638 4088 1759 4142; x_wconf 87' lang='lat' dir='ltr'><strong>per-</strong></span> 
     </span>
    </p>
   </div>
   <div class='ocr_carea' id='block_1_73' title="bbox 194 4166 1758 4237">
    <p class='ocr_par' dir='ltr' id='par_1_73' title="bbox 194 4166 1758 4237">
     <span class='ocr_line' id='line_1_73' title="bbox 194 4166 1758 4237; baseline -0.003 -13"><span class='ocrx_word' id='word_1_531' title='bbox 194 4169 335 4225; x_wconf 69' lang='lat' dir='ltr'><strong>lecta</strong></span> <span class='ocrx_word' id='word_1_532' title='bbox 375 4170 638 4224; x_wconf 88' lang='lat' dir='ltr'><strong>charitate</strong></span> <span class='ocrx_word' id='word_1_533' title='bbox 684 4169 751 4223; x_wconf 87' lang='lat' dir='ltr'><strong>ad</strong></span> <span class='ocrx_word' id='word_1_534' title='bbox 772 4167 916 4222; x_wconf 90' lang='lat' dir='ltr'><strong>illam</strong></span> <span class='ocrx_word' id='word_1_535' title='bbox 963 4182 1081 4237; x_wconf 73' lang='lat' dir='ltr'><strong>qua:</strong></span> <span class='ocrx_word' id='word_1_536' title='bbox 1105 4167 1155 4220; x_wconf 91' lang='lat' dir='ltr'><strong>in</strong></span> <span class='ocrx_word' id='word_1_537' title='bbox 1185 4166 1338 4221; x_wconf 65' lang='lat' dir='ltr'><strong>caelis</strong></span> <span class='ocrx_word' id='word_1_538' title='bbox 1362 4174 1637 4234; x_wconf 79' lang='lat' dir='ltr'><strong>exspectat</strong></span> <span class='ocrx_word' id='word_1_539' title='bbox 1661 4182 1758 4220; x_wconf 93' lang='lat' dir='ltr'><strong>nos</strong></span> 
     </span>
    </p>
   </div>
   <div class='ocr_carea' id='block_1_74' title="bbox 192 4254 1757 4331">
    <p class='ocr_par' dir='ltr' id='par_1_74' title="bbox 192 4254 1757 4331">
     <span class='ocr_line' id='line_1_74' title="bbox 192 4254 1757 4331; baseline -0.003 -16"><span class='ocrx_word' id='word_1_540' title='bbox 192 4260 429 4331; x_wconf 87' lang='lat' dir='ltr'><strong>patriam</strong></span> <span class='ocrx_word' id='word_1_541' title='bbox 460 4272 805 4330; x_wconf 83' lang='lat' dir='ltr'><strong>properemus</strong></span> <span class='ocrx_word' id='word_1_542' title='bbox 830 4276 843 4311; x_wconf 87' lang='lat'><strong>:</strong></span> <span class='ocrx_word' id='word_1_543' title='bbox 873 4256 963 4311; x_wconf 91' lang='lat' dir='ltr'><strong>ubi</strong></span> <span class='ocrx_word' id='word_1_544' title='bbox 1001 4257 1154 4326; x_wconf 87' lang='lat' dir='ltr'><strong>quies</strong></span> <span class='ocrx_word' id='word_1_545' title='bbox 1176 4265 1374 4310; x_wconf 62' lang='lat' dir='ltr'><strong>{eterna</strong></span> <span class='ocrx_word' id='word_1_546' title='bbox 1414 4254 1615 4324; x_wconf 88' lang='lat' dir='ltr'><strong>absque</strong></span> <span class='ocrx_word' id='word_1_547' title='bbox 1654 4255 1757 4310; x_wconf 91' lang='lat' dir='ltr'><strong>ullo</strong></span> 
     </span>
    </p>
   </div>
   <div class='ocr_carea' id='block_1_75' title="bbox 192 4346 1758 4421">
    <p class='ocr_par' dir='ltr' id='par_1_75' title="bbox 192 4346 1758 4421">
     <span class='ocr_line' id='line_1_75' title="bbox 192 4346 1758 4421; baseline -0.005 -14"><span class='ocrx_word' id='word_1_548' title='bbox 192 4351 383 4407; x_wconf 80' lang='lat' dir='ltr'><strong>labore</strong></span> <span class='ocrx_word' id='word_1_549' title='bbox 411 4351 747 4421; x_wconf 83' lang='lat' dir='ltr'><strong>possidetur;</strong></span> <span class='ocrx_word' id='word_1_550' title='bbox 777 4348 865 4403; x_wconf 90' lang='lat' dir='ltr'><strong>ubi</strong></span> <span class='ocrx_word' id='word_1_551' title='bbox 900 4363 1083 4401; x_wconf 90' lang='lat' dir='ltr'><strong>verum</strong></span> <span class='ocrx_word' id='word_1_552' title='bbox 1109 4348 1356 4416; x_wconf 84' lang='lat' dir='ltr'><strong>gaudium</strong></span> <span class='ocrx_word' id='word_1_553' title='bbox 1386 4349 1501 4401; x_wconf 92' lang='lat' dir='ltr'><strong>sine</strong></span> <span class='ocrx_word' id='word_1_554' title='bbox 1530 4346 1633 4399; x_wconf 90' lang='lat' dir='ltr'><strong>ulla</strong></span> <span class='ocrx_word' id='word_1_555' title='bbox 1664 4347 1758 4399; x_wconf 80' lang='lat' dir='ltr'><strong>tri-</strong></span> 
     </span>
    </p>
   </div>
   <div class='ocr_carea' id='block_1_76' title="bbox 193 4436 1758 4507">
    <p class='ocr_par' dir='ltr' id='par_1_76' title="bbox 193 4436 1758 4507">
     <span class='ocr_line' id='line_1_76' title="bbox 193 4436 1758 4507; baseline -0.004 -10"><span class='ocrx_word' id='word_1_556' title='bbox 193 4442 345 4497; x_wconf 85' lang='lat' dir='ltr'><strong>stitia</strong></span> <span class='ocrx_word' id='word_1_557' title='bbox 369 4441 706 4503; x_wconf 90' lang='lat' dir='ltr'><strong>continetur;</strong></span> <span class='ocrx_word' id='word_1_558' title='bbox 749 4438 837 4493; x_wconf 89' lang='lat' dir='ltr'><strong>ubi</strong></span> <span class='ocrx_word' id='word_1_559' title='bbox 867 4438 1122 4507; x_wconf 90' lang='lat' dir='ltr'><strong>quidquid</strong></span> <span class='ocrx_word' id='word_1_560' title='bbox 1144 4436 1267 4492; x_wconf 88' lang='lat' dir='ltr'><strong>boni</strong></span> <span class='ocrx_word' id='word_1_561' title='bbox 1290 4438 1374 4491; x_wconf 88' lang='lat' dir='ltr'><strong>hic</strong></span> <span class='ocrx_word' id='word_1_562' title='bbox 1396 4452 1459 4490; x_wconf 86' lang='lat' dir='ltr'><strong>ex</strong></span> <span class='ocrx_word' id='word_1_563' title='bbox 1486 4446 1635 4505; x_wconf 84' lang='lat' dir='ltr'><strong>parte</strong></span> <span class='ocrx_word' id='word_1_564' title='bbox 1661 4436 1758 4490; x_wconf 91' lang='lat' dir='ltr'><strong>ali-</strong></span> 
     </span>
    </p>
   </div>
   <div class='ocr_carea' id='block_1_77' title="bbox 194 4527 1757 4603">
    <p class='ocr_par' dir='ltr' id='par_1_77' title="bbox 194 4527 1757 4603">
     <span class='ocr_line' id='line_1_77' title="bbox 194 4527 1757 4603; baseline -0.003 -16"><span class='ocrx_word' id='word_1_565' title='bbox 194 4547 301 4603; x_wconf 88' lang='lat' dir='ltr'><strong>qua</strong></span> <span class='ocrx_word' id='word_1_566' title='bbox 351 4530 712 4601; x_wconf 87' lang='lat' dir='ltr'><strong>percepimus,</strong></span> <span class='ocrx_word' id='word_1_567' title='bbox 758 4537 925 4584; x_wconf 89' lang='lat' dir='ltr'><strong>totum</strong></span> <span class='ocrx_word' id='word_1_568' title='bbox 975 4537 1132 4597; x_wconf 88' lang='lat' dir='ltr'><strong>atque</strong></span> <span class='ocrx_word' id='word_1_569' title='bbox 1194 4527 1455 4598; x_wconf 85' lang='lat' dir='ltr'><strong>integrum</strong></span> <span class='ocrx_word' id='word_1_570' title='bbox 1490 4529 1622 4582; x_wconf 89' lang='lat' dir='ltr'><strong>sine</strong></span> <span class='ocrx_word' id='word_1_571' title='bbox 1654 4528 1757 4585; x_wconf 90' lang='lat' dir='ltr'><strong>ﬁne</strong></span> 
     </span>
    </p>
   </div>
   <div class='ocr_carea' id='block_1_78' title="bbox 191 4619 1758 4693">
    <p class='ocr_par' dir='ltr' id='par_1_78' title="bbox 191 4619 1758 4693">
     <span class='ocr_line' id='line_1_78' title="bbox 191 4619 1758 4693; baseline -0.003 -16"><span class='ocrx_word' id='word_1_572' title='bbox 191 4622 527 4693; x_wconf 84' lang='lat' dir='ltr'><strong>perﬁcietur.</strong></span> <span class='ocrx_word' id='word_1_573' title='bbox 574 4619 741 4674; x_wconf 87' lang='lat' dir='ltr'><strong>Porro</strong></span> <span class='ocrx_word' id='word_1_574' title='bbox 779 4619 1230 4681; x_wconf 64' lang='lat' dir='ltr'><strong>autemgdenarius</strong></span> <span class='ocrx_word' id='word_1_575' title='bbox 1255 4634 1510 4673; x_wconf 89' lang='lat' dir='ltr'><strong>numerus</strong></span> <span class='ocrx_word' id='word_1_576' title='bbox 1549 4628 1758 4673; x_wconf 89' lang='lat' dir='ltr'><strong>creato-</strong></span> 
     </span>
    </p>
   </div>
   <div class='ocr_carea' id='block_1_79' title="bbox 1857 3444 3420 3517">
    <p class='ocr_par' dir='ltr' id='par_1_79' title="bbox 1857 3444 3420 3517">
     <span class='ocr_line' id='line_1_79' title="bbox 1857 3444 3420 3517; baseline 0.007 -20"><span class='ocrx_word' id='word_1_577' title='bbox 1857 3444 2239 3507; x_wconf 90' lang='lat' dir='ltr'><strong>retributionis,</strong></span> <span class='ocrx_word' id='word_1_578' title='bbox 2274 3459 2433 3499; x_wconf 91' lang='lat' dir='ltr'><strong>omne</strong></span> <span class='ocrx_word' id='word_1_579' title='bbox 2458 3446 2855 3515; x_wconf 83' lang='lat' dir='ltr'><strong>praedicationis</strong></span> <span class='ocrx_word' id='word_1_580' title='bbox 2884 3447 3018 3514; x_wconf 78' lang='lat' dir='ltr'><strong>ejus,</strong></span> <span class='ocrx_word' id='word_1_581' title='bbox 3049 3465 3152 3517; x_wconf 90' lang='lat' dir='ltr'><strong>quo</strong></span> <span class='ocrx_word' id='word_1_582' title='bbox 3176 3451 3227 3505; x_wconf 93' lang='lat' dir='ltr'><strong>in</strong></span> <span class='ocrx_word' id='word_1_583' title='bbox 3258 3467 3420 3508; x_wconf 84' lang='lat' dir='ltr'><strong>carne</strong></span> 
     </span>
    </p>
   </div>
   <div class='ocr_carea' id='block_1_80' title="bbox 1854 3534 3417 3605">
    <p class='ocr_par' dir='ltr' id='par_1_80' title="bbox 1854 3534 3417 3605">
     <span class='ocr_line' id='line_1_80' title="bbox 1854 3534 3417 3605; baseline 0.009 -22"><span class='ocrx_word' id='word_1_584' title='bbox 1854 3540 2098 3587; x_wconf 85' lang='lat' dir='ltr'><strong>versatus</strong></span> <span class='ocrx_word' id='word_1_585' title='bbox 2127 3542 2228 3597; x_wconf 90' lang='lat' dir='ltr'><strong>est,</strong></span> <span class='ocrx_word' id='word_1_586' title='bbox 2264 3542 2472 3601; x_wconf 89' lang='lat' dir='ltr'><strong>tempus</strong></span> <span class='ocrx_word' id='word_1_587' title='bbox 2504 3534 2757 3605; x_wconf 80' lang='lat' dir='ltr'><strong>intelligo,</strong></span> <span class='ocrx_word' id='word_1_588' title='bbox 2785 3538 2996 3604; x_wconf 86' lang='lat' dir='ltr'><strong>quando</strong></span> <span class='ocrx_word' id='word_1_589' title='bbox 3023 3541 3180 3594; x_wconf 77' lang='lat' dir='ltr'><strong>caecis</strong></span> <span class='ocrx_word' id='word_1_590' title='bbox 3210 3540 3297 3595; x_wconf 74' lang='lat' dir='ltr'><strong>lus</strong></span> <span class='ocrx_word' id='word_1_591' title='bbox 3325 3558 3417 3598; x_wconf 80' lang='lat' dir='ltr'><strong>ve—</strong></span> 
     </span>
    </p>
   </div>
   <div class='ocr_carea' id='block_1_81' title="bbox 1857 3620 3420 3694">
    <p class='ocr_par' dir='ltr' id='par_1_81' title="bbox 1857 3620 3420 3694">
     <span class='ocr_line' id='line_1_81' title="bbox 1857 3620 3420 3694; baseline 0.006 -16"><span class='ocrx_word' id='word_1_592' title='bbox 1857 3620 2077 3694; x_wconf 77' lang='lat' dir='ltr'><strong>ra,°qua:</strong></span> <span class='ocrx_word' id='word_1_593' title='bbox 2101 3624 2359 3677; x_wconf 82' lang='lat' dir='ltr'><strong>illuminat</strong></span> <span class='ocrx_word' id='word_1_594' title='bbox 2383 3641 2582 3678; x_wconf 86' lang='lat' dir='ltr'><strong>omnem</strong></span> <span class='ocrx_word' id='word_1_595' title='bbox 2607 3627 2865 3679; x_wconf 84' lang='lat' dir='ltr'><strong>hominem</strong></span> <span class='ocrx_word' id='word_1_596' title='bbox 2892 3630 3170 3683; x_wconf 86' lang='lat' dir='ltr'><strong>venientem</strong></span> <span class='ocrx_word' id='word_1_597' title='bbox 3201 3628 3420 3687; x_wconf 82' lang='lat' dir='ltr'><strong>inltunc</strong></span> 
     </span>
    </p>
   </div>
   <div class='ocr_carea' id='block_1_82' title="bbox 1857 3716 3421 3785">
    <p class='ocr_par' dir='ltr' id='par_1_82' title="bbox 1857 3716 3421 3785">
     <span class='ocr_line' id='line_1_82' title="bbox 1857 3716 3421 3785; baseline 0.005 -16"><span class='ocrx_word' id='word_1_598' title='bbox 1857 3716 2128 3779; x_wconf 85' lang='lat' dir='ltr'><strong>mundum,</strong></span> <span class='ocrx_word' id='word_1_599' title='bbox 2161 3717 2225 3770; x_wconf 90' lang='lat' dir='ltr'><strong>ad</strong></span> <span class='ocrx_word' id='word_1_600' title='bbox 2269 3716 2695 3785; x_wconf 84' lang='lat' dir='ltr'><strong>cognoscendum</strong></span> <span class='ocrx_word' id='word_1_601' title='bbox 2726 3718 3004 3771; x_wconf 89' lang='lat' dir='ltr'><strong>veritatem</strong></span> <span class='ocrx_word' id='word_1_602' title='bbox 3036 3720 3199 3775; x_wconf 86' lang='lat' dir='ltr'><strong>verbo</strong></span> <span class='ocrx_word' id='word_1_603' title='bbox 3226 3730 3279 3777; x_wconf 90' lang='lat' dir='ltr'><strong>et</strong></span> <span class='ocrx_word' id='word_1_604' title='bbox 3322 3724 3421 3777; x_wconf 87' lang='lat' dir='ltr'><strong>mi-</strong></span> 
     </span>
    </p>
   </div>
   <div class='ocr_carea' id='block_1_83' title="bbox 1860 3806 3425 3875">
    <p class='ocr_par' dir='ltr' id='par_1_83' title="bbox 1860 3806 3425 3875">
     <span class='ocr_line' id='line_1_83' title="bbox 1860 3806 3425 3875; baseline 0.005 -16"><span class='ocrx_word' id='word_1_605' title='bbox 1860 3806 2056 3860; x_wconf 89' lang='lat' dir='ltr'><strong>raculis</strong></span> <span class='ocrx_word' id='word_1_606' title='bbox 2091 3806 2300 3875; x_wconf 89' lang='lat' dir='ltr'><strong>aperuit</strong></span> <span class='ocrx_word' id='word_1_607' title='bbox 2346 3806 2540 3869; x_wconf 91' lang='lat' dir='ltr'><strong>visum,</strong></span> <span class='ocrx_word' id='word_1_608' title='bbox 2589 3814 2644 3858; x_wconf 92' lang='lat' dir='ltr'><strong>et</strong></span> <span class='ocrx_word' id='word_1_609' title='bbox 2671 3806 2725 3858; x_wconf 90' lang='lat' dir='ltr'><strong>in</strong></span> <span class='ocrx_word' id='word_1_610' title='bbox 2754 3821 2913 3861; x_wconf 87' lang='lat' dir='ltr'><strong>cruce</strong></span> <span class='ocrx_word' id='word_1_611' title='bbox 2943 3808 3176 3863; x_wconf 90' lang='lat' dir='ltr'><strong>moriens</strong></span> <span class='ocrx_word' id='word_1_612' title='bbox 3223 3811 3425 3867; x_wconf 88' lang='lat' dir='ltr'><strong>dimisit</strong></span> 
     </span>
    </p>
   </div>
   <div class='ocr_carea' id='block_1_84' title="bbox 1859 3895 3424 3968">
    <p class='ocr_par' dir='ltr' id='par_1_84' title="bbox 1859 3895 3424 3968">
     <span class='ocr_line' id='line_1_84' title="bbox 1859 3895 3424 3968; baseline 0.004 -19"><span class='ocrx_word' id='word_1_613' title='bbox 1859 3897 2094 3965; x_wconf 87' lang='lat' dir='ltr'><strong>captivos</strong></span> <span class='ocrx_word' id='word_1_614' title='bbox 2120 3895 2528 3965; x_wconf 82' lang='lat' dir='ltr'><strong>confractosque</strong></span> <span class='ocrx_word' id='word_1_615' title='bbox 2558 3896 2609 3949; x_wconf 93' lang='lat' dir='ltr'><strong>in</strong></span> <span class='ocrx_word' id='word_1_616' title='bbox 2640 3896 3028 3963; x_wconf 85' lang='lat' dir='ltr'><strong>remissionem,</strong></span> <span class='ocrx_word' id='word_1_617' title='bbox 3069 3902 3191 3968; x_wconf 89' lang='lat' dir='ltr'><strong>quia</strong></span> <span class='ocrx_word' id='word_1_618' title='bbox 3220 3901 3424 3957; x_wconf 86' lang='lat' dir='ltr'><strong>destru-</strong></span> 
     </span>
    </p>
   </div>
   <div class='ocr_carea' id='block_1_85' title="bbox 1858 3987 3422 4058">
    <p class='ocr_par' dir='ltr' id='par_1_85' title="bbox 1858 3987 3422 4058">
     <span class='ocr_line' id='line_1_85' title="bbox 1858 3987 3422 4058; baseline 0.004 -18"><span class='ocrx_word' id='word_1_619' title='bbox 1858 3991 1950 4041; x_wconf 86' lang='lat' dir='ltr'><strong>ctis</strong></span> <span class='ocrx_word' id='word_1_620' title='bbox 2005 3987 2223 4042; x_wconf 81' lang='lat' dir='ltr'><strong>vinculis</strong></span> <span class='ocrx_word' id='word_1_621' title='bbox 2267 3989 2470 4053; x_wconf 88' lang='lat' dir='ltr'><strong>mortis,</strong></span> <span class='ocrx_word' id='word_1_622' title='bbox 2498 4005 2767 4057; x_wconf 85' lang='lat' dir='ltr'><strong>resurgens</strong></span> <span class='ocrx_word' id='word_1_623' title='bbox 2817 3989 2870 4042; x_wconf 89' lang='lat' dir='ltr'><strong>in</strong></span> <span class='ocrx_word' id='word_1_624' title='bbox 2908 3989 3097 4058; x_wconf 85' lang='lat' dir='ltr'><strong>gloria,</strong></span> <span class='ocrx_word' id='word_1_625' title='bbox 3141 3994 3422 4048; x_wconf 87' lang='lat' dir='ltr'><strong>ascendens</strong></span> 
     </span>
    </p>
   </div>
   <div class='ocr_carea' id='block_1_86' title="bbox 1858 4076 3418 4149">
    <p class='ocr_par' dir='ltr' id='par_1_86' title="bbox 1858 4076 3418 4149">
     <span class='ocr_line' id='line_1_86' title="bbox 1858 4076 3418 4149; baseline 0.003 -20"><span class='ocrx_word' id='word_1_626' title='bbox 1858 4078 2110 4145; x_wconf 85' lang='lat' dir='ltr'><strong>captivam</strong></span> <span class='ocrx_word' id='word_1_627' title='bbox 2164 4077 2312 4129; x_wconf 72' lang='lat' dir='ltr'><strong>duxit</strong></span> <span class='ocrx_word' id='word_1_628' title='bbox 2358 4077 2720 4145; x_wconf 85' lang='lat' dir='ltr'><strong>captivitatem,</strong></span> <span class='ocrx_word' id='word_1_629' title='bbox 2757 4076 2895 4128; x_wconf 79' lang='lat' dir='ltr'><strong>dedit</strong></span> <span class='ocrx_word' id='word_1_630' title='bbox 2941 4076 3072 4129; x_wconf 86' lang='lat' dir='ltr'><strong>bona</strong></span> <span class='ocrx_word' id='word_1_631' title='bbox 3107 4079 3418 4149; x_wconf 83' lang='lat' dir='ltr'><strong>hominibus.</strong></span> 
     </span>
    </p>
   </div>
   <div class='ocr_carea' id='block_1_87' title="bbox 1857 4166 3419 4237">
    <p class='ocr_par' dir='ltr' id='par_1_87' title="bbox 1857 4166 3419 4237">
     <span class='ocr_line' id='line_1_87' title="bbox 1857 4166 3419 4237; baseline 0.003 -18"><span class='ocrx_word' id='word_1_632' title='bbox 1857 4166 2009 4232; x_wconf 82' lang='lat' dir='ltr'><strong>Quod</strong></span> <span class='ocrx_word' id='word_1_633' title='bbox 2047 4174 2225 4219; x_wconf 89' lang='lat' dir='ltr'><strong>autem</strong></span> <span class='ocrx_word' id='word_1_634' title='bbox 2272 4167 2387 4220; x_wconf 64' lang='lat' dir='ltr'><strong>haec</strong></span> <span class='ocrx_word' id='word_1_635' title='bbox 2421 4166 2722 4220; x_wconf 88' lang='lat' dir='ltr'><strong>testimonia</strong></span> <span class='ocrx_word' id='word_1_636' title='bbox 2773 4167 2838 4219; x_wconf 91' lang='lat' dir='ltr'><strong>ad</strong></span> <span class='ocrx_word' id='word_1_637' title='bbox 2877 4166 3047 4235; x_wconf 89' lang='lat' dir='ltr'><strong>ipsum</strong></span> <span class='ocrx_word' id='word_1_638' title='bbox 3093 4170 3419 4237; x_wconf 78' lang='lat' dir='ltr'><strong>pertineant,</strong></span> 
     </span>
    </p>
   </div>
   <div class='ocr_carea' id='block_1_88' title="bbox 1859 4255 3421 4327">
    <p class='ocr_par' dir='ltr' id='par_1_88' title="bbox 1859 4255 3421 4327">
     <span class='ocr_line' id='line_1_88' title="bbox 1859 4255 3421 4327; baseline 0.003 -16"><span class='ocrx_word' id='word_1_639' title='bbox 1859 4264 2085 4311; x_wconf 86' lang='lat' dir='ltr'><strong>testatur</strong></span> <span class='ocrx_word' id='word_1_640' title='bbox 2129 4257 2455 4326; x_wconf 85' lang='lat' dir='ltr'><strong>evangelista</strong></span> <span class='ocrx_word' id='word_1_641' title='bbox 2497 4255 2691 4319; x_wconf 81' lang='lat' dir='ltr'><strong>Lucas,</strong></span> <span class='ocrx_word' id='word_1_642' title='bbox 2723 4271 2844 4309; x_wconf 90' lang='lat' dir='ltr'><strong>cum</strong></span> <span class='ocrx_word' id='word_1_643' title='bbox 2878 4256 3145 4327; x_wconf 86' lang='lat' dir='ltr'><strong>subjungit</strong></span> <span class='ocrx_word' id='word_1_644' title='bbox 3179 4260 3421 4316; x_wconf 81' lang='lat' dir='ltr'><strong>Salvato-</strong></span> 
     </span>
    </p>
   </div>
   <div class='ocr_carea' id='block_1_89' title="bbox 1857 4345 3417 4405">
    <p class='ocr_par' dir='ltr' id='par_1_89' title="bbox 1857 4345 3417 4405">
     <span class='ocr_line' id='line_1_89' title="bbox 1857 4345 3417 4405; baseline 0.002 -3"><span class='ocrx_word' id='word_1_645' title='bbox 1857 4363 1971 4402; x_wconf 89' lang='lat' dir='ltr'><strong>rem</strong></span> <span class='ocrx_word' id='word_1_646' title='bbox 1999 4347 2104 4401; x_wconf 91' lang='lat' dir='ltr'><strong>hoc</strong></span> <span class='ocrx_word' id='word_1_647' title='bbox 2133 4347 2271 4401; x_wconf 90' lang='lat' dir='ltr'><strong>idem</strong></span> <span class='ocrx_word' id='word_1_648' title='bbox 2296 4346 2628 4400; x_wconf 84' lang='lat' dir='ltr'><strong>auditoribus</strong></span> <span class='ocrx_word' id='word_1_649' title='bbox 2652 4346 2761 4399; x_wconf 88' lang='lat' dir='ltr'><strong>suis</strong></span> <span class='ocrx_word' id='word_1_650' title='bbox 2787 4345 3078 4401; x_wconf 79' lang='lat' dir='ltr'><strong>afﬁrmasse</strong></span> <span class='ocrx_word' id='word_1_651' title='bbox 3103 4348 3174 4401; x_wconf 91' lang='lat' dir='ltr'><strong>ita</strong></span> <span class='ocrx_word' id='word_1_652' title='bbox 3200 4350 3417 4405; x_wconf 85' lang='lat' dir='ltr'><strong>dicens:</strong></span> 
     </span>
    </p>
   </div>
   <div class='ocr_carea' id='block_1_90' title="bbox 1858 4438 3417 4513">
    <p class='ocr_par' dir='ltr' id='par_1_90' title="bbox 1858 4438 3417 4513">
     <span class='ocr_line' id='line_1_90' title="bbox 1858 4438 3417 4513; baseline 0 -16"><span class='ocrx_word' id='word_1_653' title='bbox 1858 4442 2017 4513; x_wconf 64' lang='lat' dir='ltr'><strong>Capit</strong></span> <span class='ocrx_word' id='word_1_654' title='bbox 2047 4451 2219 4495; x_wconf 78' lang='lat' dir='ltr'><strong>autem</strong></span> <span class='ocrx_word' id='word_1_655' title='bbox 2269 4440 2437 4495; x_wconf 85' lang='lat' dir='ltr'><strong>dicere</strong></span> <span class='ocrx_word' id='word_1_656' title='bbox 2476 4440 2545 4492; x_wconf 85' lang='lat' dir='ltr'><strong>ad</strong></span> <span class='ocrx_word' id='word_1_657' title='bbox 2586 4438 2724 4501; x_wconf 88' lang='lat' dir='ltr'><strong>illos,</strong></span> <span class='ocrx_word' id='word_1_658' title='bbox 2772 4440 2892 4508; x_wconf 82' lang='lat' dir='ltr'><strong>quia</strong></span> <span class='ocrx_word' id='word_1_659' title='bbox 2916 4439 3067 4492; x_wconf 86' lang='lat' dir='ltr'><strong>hodie</strong></span> <span class='ocrx_word' id='word_1_660' title='bbox 3097 4440 3303 4510; x_wconf 86' lang='lat' dir='ltr'><strong>impleta</strong></span> <span class='ocrx_word' id='word_1_661' title='bbox 3341 4453 3417 4496; x_wconf 84' lang='lat' dir='ltr'><strong>est</strong></span> 
     </span>
    </p>
   </div>
   <div class='ocr_carea' id='block_1_91' title="bbox 1860 4529 3417 4601">
    <p class='ocr_par' dir='ltr' id='par_1_91' title="bbox 1860 4529 3417 4601">
     <span class='ocr_line' id='line_1_91' title="bbox 1860 4529 3417 4601; baseline 0.001 -15"><span class='ocrx_word' id='word_1_662' title='bbox 1860 4534 1967 4588; x_wconf 72' lang='lat' dir='ltr'><strong>hazc</strong></span> <span class='ocrx_word' id='word_1_663' title='bbox 1997 4531 2267 4601; x_wconf 83' lang='lat' dir='ltr'><strong>Scriptura</strong></span> <span class='ocrx_word' id='word_1_664' title='bbox 2295 4532 2349 4584; x_wconf 82' lang='lat' dir='ltr'><strong>in</strong></span> <span class='ocrx_word' id='word_1_665' title='bbox 2397 4529 2610 4583; x_wconf 85' lang='lat' dir='ltr'><strong>auribus</strong></span> <span class='ocrx_word' id='word_1_666' title='bbox 2641 4531 2838 4582; x_wconf 76' lang='lat' dir='ltr'><strong>vestris.</strong></span> <span class='ocrx_word' id='word_1_667' title='bbox 2880 4529 2943 4582; x_wconf 87' lang='lat' dir='ltr'><strong>Et</strong></span> <span class='ocrx_word' id='word_1_668' title='bbox 2975 4546 3147 4585; x_wconf 85' lang='lat' dir='ltr'><strong>omnes</strong></span> <span class='ocrx_word' id='word_1_669' title='bbox 3186 4533 3417 4587; x_wconf 86' lang='lat' dir='ltr'><strong>testimo-</strong></span> 
     </span>
    </p>
   </div>
   <div class='ocr_carea' id='block_1_92' title="bbox 1859 4621 3418 4695">
    <p class='ocr_par' dir='ltr' id='par_1_92' title="bbox 1859 4621 3418 4695">
     <span class='ocr_line' id='line_1_92' title="bbox 1859 4621 3418 4695; baseline 0 -16"><span class='ocrx_word' id='word_1_670' title='bbox 1859 4628 2002 4680; x_wconf 87' lang='lat' dir='ltr'><strong>nium</strong></span> <span class='ocrx_word' id='word_1_671' title='bbox 2033 4624 2110 4679; x_wconf 85' lang='lat' dir='ltr'><strong>illi</strong></span> <span class='ocrx_word' id='word_1_672' title='bbox 2136 4622 2354 4687; x_wconf 86' lang='lat' dir='ltr'><strong>dabant,</strong></span> <span class='ocrx_word' id='word_1_673' title='bbox 2383 4630 2431 4675; x_wconf 90' lang='lat' dir='ltr'><strong>et</strong></span> <span class='ocrx_word' id='word_1_674' title='bbox 2456 4621 2783 4674; x_wconf 86' lang='lat' dir='ltr'><strong>mirabantur</strong></span> <span class='ocrx_word' id='word_1_675' title='bbox 2810 4622 2863 4675; x_wconf 88' lang='lat' dir='ltr'><strong>in</strong></span> <span class='ocrx_word' id='word_1_676' title='bbox 2902 4622 3062 4676; x_wconf 85' lang='lat' dir='ltr'><strong>verbis</strong></span> <span class='ocrx_word' id='word_1_677' title='bbox 3095 4624 3278 4692; x_wconf 71' lang='lat' dir='ltr'><strong>gratiae</strong></span> <span class='ocrx_word' id='word_1_678' title='bbox 3301 4641 3418 4695; x_wconf 71' lang='lat' dir='ltr'><strong>quia</strong></span> 
     </span>
    </p>
   </div>
   <div class='ocr_carea' id='block_1_93' title="bbox 194 4709 2561 4787">
    <p class='ocr_par' dir='ltr' id='par_1_93' title="bbox 194 4709 2561 4787">
     <span class='ocr_line' id='line_1_93' title="bbox 194 4709 2561 4787; baseline -0.003 -18"><span class='ocrx_word' id='word_1_679' title='bbox 194 4714 272 4769; x_wconf 90' lang='lat' dir='ltr'><strong>ris</strong></span> <span class='ocrx_word' id='word_1_680' title='bbox 294 4722 460 4783; x_wconf 89' lang='lat' dir='ltr'><strong>atque</strong></span> <span class='ocrx_word' id='word_1_681' title='bbox 484 4719 745 4783; x_wconf 65' lang='lat' dir='ltr'><strong>creaturae</strong></span> <span class='ocrx_word' id='word_1_682' title='bbox 757 4710 1021 4778; x_wconf 82' lang='lat' dir='ltr'><strong>signiﬁcat</strong></span> <span class='ocrx_word' id='word_1_683' title='bbox 1044 4710 1342 4765; x_wconf 89' lang='lat' dir='ltr'><strong>scientiam.</strong></span> <span class='ocrx_word' id='word_1_684' title='bbox 1368 4709 1502 4763; x_wconf 87' lang='lat' dir='ltr'><strong>Nam</strong></span> <span class='ocrx_word' id='word_1_685' title='bbox 1524 4709 1757 4763; x_wconf 86' lang='lat' dir='ltr'><strong>Trinitas</strong></span> <span class='ocrx_word' id='word_1_686' title='bbox 1782 4716 1834 4775; x_wconf 82' lang='lat'><strong>1)</strong></span> <span class='ocrx_word' id='word_1_687' title='bbox 1859 4716 2197 4787; x_wconf 79' lang='lat' dir='ltr'><strong>procedebant</strong></span> <span class='ocrx_word' id='word_1_688' title='bbox 2227 4713 2290 4767; x_wconf 83' lang='lat' dir='ltr'><strong>de</strong></span> <span class='ocrx_word' id='word_1_689' title='bbox 2312 4728 2400 4766; x_wconf 82' lang='lat' dir='ltr'><strong>ore</strong></span> <span class='ocrx_word' id='word_1_690' title='bbox 2425 4712 2561 4781; x_wconf 82' lang='lat' dir='ltr'><strong>ejus.</strong></span> 
     </span>
    </p>
   </div>
   <div class='ocr_carea' id='block_1_94' title="bbox 192 4796 1752 4870">
    <p class='ocr_par' dir='ltr' id='par_1_94' title="bbox 192 4796 1752 4870">
     <span class='ocr_line' id='line_1_94' title="bbox 192 4796 1752 4870; baseline -0.004 -11"><span class='ocrx_word' id='word_1_691' title='bbox 192 4802 460 4859; x_wconf 85' lang='lat' dir='ltr'><strong>creatoris</strong></span> <span class='ocrx_word' id='word_1_692' title='bbox 488 4809 589 4856; x_wconf 90' lang='lat' dir='ltr'><strong>est.</strong></span> <span class='ocrx_word' id='word_1_693' title='bbox 639 4801 983 4870; x_wconf 85' lang='lat' dir='ltr'><strong>Septenarius</strong></span> <span class='ocrx_word' id='word_1_694' title='bbox 1031 4796 1206 4854; x_wconf 87' lang='lat' dir='ltr'><strong>autem</strong></span> <span class='ocrx_word' id='word_1_695' title='bbox 1257 4813 1510 4854; x_wconf 88' lang='lat' dir='ltr'><strong>numerus</strong></span> <span class='ocrx_word' id='word_1_696' title='bbox 1538 4807 1752 4854; x_wconf 77' lang='lat' dir='ltr'><strong>creatu—</strong></span> 
     </span>
    </p>
   </div>
   <div class='ocr_carea' id='block_1_95' title="bbox 194 4889 1752 4963">
    <p class='ocr_par' dir='ltr' id='par_1_95' title="bbox 194 4889 1752 4963">
     <span class='ocr_line' id='line_1_95' title="bbox 194 4889 1752 4963; baseline -0.002 -16"><span class='ocrx_word' id='word_1_697' title='bbox 194 4909 312 4947; x_wconf 85' lang='lat' dir='ltr'><strong>ram</strong></span> <span class='ocrx_word' id='word_1_698' title='bbox 351 4894 555 4949; x_wconf 89' lang='lat' dir='ltr'><strong>indicat</strong></span> <span class='ocrx_word' id='word_1_699' title='bbox 598 4901 815 4963; x_wconf 88' lang='lat' dir='ltr'><strong>pr0pter</strong></span> <span class='ocrx_word' id='word_1_700' title='bbox 858 4892 1021 4945; x_wconf 89' lang='lat' dir='ltr'><strong>vitam</strong></span> <span class='ocrx_word' id='word_1_701' title='bbox 1070 4900 1123 4944; x_wconf 91' lang='lat' dir='ltr'><strong>et</strong></span> <span class='ocrx_word' id='word_1_702' title='bbox 1163 4906 1372 4960; x_wconf 84' lang='lat' dir='ltr'><strong>corpus.</strong></span> <span class='ocrx_word' id='word_1_703' title='bbox 1419 4890 1549 4944; x_wconf 87' lang='lat' dir='ltr'><strong>Nam</strong></span> <span class='ocrx_word' id='word_1_704' title='bbox 1576 4891 1627 4944; x_wconf 92' lang='lat' dir='ltr'><strong>in</strong></span> <span class='ocrx_word' id='word_1_705' title='bbox 1668 4889 1752 4944; x_wconf 89' lang='lat' dir='ltr'><strong>illa</strong></span> 
     </span>
    </p>
   </div>
   <div class='ocr_carea' id='block_1_96' title="bbox 195 4981 1753 5048">
    <p class='ocr_par' dir='ltr' id='par_1_96' title="bbox 195 4981 1753 5048">
     <span class='ocr_line' id='line_1_96' title="bbox 195 4981 1753 5048; baseline -0.001 -12"><span class='ocrx_word' id='word_1_706' title='bbox 195 4983 296 5036; x_wconf 88' lang='lat' dir='ltr'><strong>tria</strong></span> <span class='ocrx_word' id='word_1_707' title='bbox 325 4992 477 5048; x_wconf 88' lang='lat' dir='ltr'><strong>sunt,</strong></span> <span class='ocrx_word' id='word_1_708' title='bbox 517 4985 657 5038; x_wconf 87' lang='lat' dir='ltr'><strong>unde</strong></span> <span class='ocrx_word' id='word_1_709' title='bbox 685 4982 842 5037; x_wconf 88' lang='lat' dir='ltr'><strong>etiam</strong></span> <span class='ocrx_word' id='word_1_710' title='bbox 891 4989 1003 5036; x_wconf 92' lang='lat' dir='ltr'><strong>toto</strong></span> <span class='ocrx_word' id='word_1_711' title='bbox 1044 4982 1223 5046; x_wconf 86' lang='lat' dir='ltr'><strong>corde,</strong></span> <span class='ocrx_word' id='word_1_712' title='bbox 1257 4988 1364 5036; x_wconf 90' lang='lat' dir='ltr'><strong>tota</strong></span> <span class='ocrx_word' id='word_1_713' title='bbox 1404 4981 1600 5045; x_wconf 90' lang='lat' dir='ltr'><strong>anima,</strong></span> <span class='ocrx_word' id='word_1_714' title='bbox 1645 4989 1753 5035; x_wconf 87' lang='lat' dir='ltr'><strong>tota</strong></span> 
     </span>
    </p>
   </div>
   <div class='ocr_carea' id='block_1_97' title="bbox 192 5073 1748 5145">
    <p class='ocr_par' dir='ltr' id='par_1_97' title="bbox 192 5073 1748 5145">
     <span class='ocr_line' id='line_1_97' title="bbox 192 5073 1748 5145; baseline -0.004 -14"><span class='ocrx_word' id='word_1_715' title='bbox 192 5083 376 5131; x_wconf 83' lang='lat' dir='ltr'><strong>ruente</strong></span> <span class='ocrx_word' id='word_1_716' title='bbox 408 5074 710 5145; x_wconf 85' lang='lat' dir='ltr'><strong>diligendus</strong></span> <span class='ocrx_word' id='word_1_717' title='bbox 737 5084 818 5129; x_wconf 89' lang='lat' dir='ltr'><strong>est</strong></span> <span class='ocrx_word' id='word_1_718' title='bbox 839 5075 998 5139; x_wconf 90' lang='lat' dir='ltr'><strong>Deus,</strong></span> <span class='ocrx_word' id='word_1_719' title='bbox 1034 5075 1087 5127; x_wconf 90' lang='lat' dir='ltr'><strong>in</strong></span> <span class='ocrx_word' id='word_1_720' title='bbox 1117 5087 1338 5143; x_wconf 85' lang='lat' dir='ltr'><strong>corpore</strong></span> <span class='ocrx_word' id='word_1_721' title='bbox 1363 5079 1539 5125; x_wconf 90' lang='lat' dir='ltr'><strong>autem</strong></span> <span class='ocrx_word' id='word_1_722' title='bbox 1579 5073 1748 5125; x_wconf 88' lang='lat' dir='ltr'><strong>mani-</strong></span> 
     </span>
    </p>
   </div>
   <div class='ocr_carea' id='block_1_98' title="bbox 192 5162 1751 5234">
    <p class='ocr_par' dir='ltr' id='par_1_98' title="bbox 192 5162 1751 5234">
     <span class='ocr_line' id='line_1_98' title="bbox 192 5162 1751 5234; baseline -0.002 -15"><span class='ocrx_word' id='word_1_723' title='bbox 192 5165 486 5221; x_wconf 78' lang='lat' dir='ltr'><strong>festissima</strong></span> <span class='ocrx_word' id='word_1_724' title='bbox 508 5172 736 5233; x_wconf 90' lang='lat' dir='ltr'><strong>quatuor</strong></span> <span class='ocrx_word' id='word_1_725' title='bbox 760 5171 1036 5234; x_wconf 89' lang='lat' dir='ltr'><strong>apparent,</strong></span> <span class='ocrx_word' id='word_1_726' title='bbox 1057 5162 1247 5232; x_wconf 89' lang='lat' dir='ltr'><strong>quibus</strong></span> <span class='ocrx_word' id='word_1_727' title='bbox 1263 5170 1492 5227; x_wconf 88' lang='lat' dir='ltr'><strong>constat,</strong></span> <span class='ocrx_word' id='word_1_728' title='bbox 1517 5162 1751 5216; x_wconf 88' lang='lat' dir='ltr'><strong>elemen-</strong></span> 
     </span>
    </p>
   </div>
   <div class='ocr_carea' id='block_1_99' title="bbox 196 5252 1754 5322">
    <p class='ocr_par' dir='ltr' id='par_1_99' title="bbox 196 5252 1754 5322">
     <span class='ocr_line' id='line_1_99' title="bbox 196 5252 1754 5322; baseline -0.003 -12"><span class='ocrx_word' id='word_1_729' title='bbox 196 5264 271 5310; x_wconf 82' lang='lat' dir='ltr'><strong>ta.</strong></span> <span class='ocrx_word' id='word_1_730' title='bbox 322 5252 473 5307; x_wconf 85' lang='lat' dir='ltr'><strong>Bene</strong></span> <span class='ocrx_word' id='word_1_731' title='bbox 521 5252 649 5322; x_wconf 85' lang='lat' dir='ltr'><strong>ergo</strong></span> <span class='ocrx_word' id='word_1_732' title='bbox 690 5268 941 5307; x_wconf 88' lang='lat' dir='ltr'><strong>numerus</strong></span> <span class='ocrx_word' id='word_1_733' title='bbox 994 5253 1092 5306; x_wconf 89' lang='lat' dir='ltr'><strong>ista</strong></span> <span class='ocrx_word' id='word_1_734' title='bbox 1142 5252 1445 5322; x_wconf 85' lang='lat' dir='ltr'><strong>signiﬁcans</strong></span> <span class='ocrx_word' id='word_1_735' title='bbox 1490 5252 1542 5305; x_wconf 90' lang='lat' dir='ltr'><strong>in</strong></span> <span class='ocrx_word' id='word_1_736' title='bbox 1580 5253 1754 5306; x_wconf 91' lang='lat' dir='ltr'><strong>crucis</strong></span> 
     </span>
    </p>
   </div>
   <div class='ocr_carea' id='block_1_100' title="bbox 193 5341 1755 5414">
    <p class='ocr_par' dir='ltr' id='par_1_100' title="bbox 193 5341 1755 5414">
     <span class='ocr_line' id='line_1_100' title="bbox 193 5341 1755 5414; baseline -0.003 -15"><span class='ocrx_word' id='word_1_737' title='bbox 193 5344 522 5414; x_wconf 79' lang='lat' dir='ltr'><strong>exprimitur</strong></span> <span class='ocrx_word' id='word_1_738' title='bbox 546 5351 696 5406; x_wconf 91' lang='lat' dir='ltr'><strong>nota,</strong></span> <span class='ocrx_word' id='word_1_739' title='bbox 744 5344 863 5411; x_wconf 89' lang='lat' dir='ltr'><strong>quia</strong></span> <span class='ocrx_word' id='word_1_740' title='bbox 887 5344 939 5396; x_wconf 92' lang='lat' dir='ltr'><strong>in</strong></span> <span class='ocrx_word' id='word_1_741' title='bbox 971 5342 1056 5396; x_wconf 90' lang='lat' dir='ltr'><strong>illa</strong></span> <span class='ocrx_word' id='word_1_742' title='bbox 1096 5357 1189 5411; x_wconf 88' lang='lat' dir='ltr'><strong>per</strong></span> <span class='ocrx_word' id='word_1_743' title='bbox 1210 5342 1552 5395; x_wconf 85' lang='lat' dir='ltr'><strong>mediatorem</strong></span> <span class='ocrx_word' id='word_1_744' title='bbox 1583 5341 1674 5395; x_wconf 89' lang='lat' dir='ltr'><strong>Dei</strong></span> <span class='ocrx_word' id='word_1_745' title='bbox 1700 5351 1755 5395; x_wconf 91' lang='lat' dir='ltr'><strong>et</strong></span> 
     </span>
    </p>
   </div>
   <div class='ocr_carea' id='block_1_101' title="bbox 194 5432 1751 5491">
    <p class='ocr_par' dir='ltr' id='par_1_101' title="bbox 194 5432 1751 5491">
     <span class='ocr_line' id='line_1_101' title="bbox 194 5432 1751 5491; baseline -0.003 -1"><span class='ocrx_word' id='word_1_746' title='bbox 194 5436 477 5491; x_wconf 86' lang='lat' dir='ltr'><strong>hominum</strong></span> <span class='ocrx_word' id='word_1_747' title='bbox 523 5434 855 5487; x_wconf 87' lang='lat' dir='ltr'><strong>reconciliati</strong></span> <span class='ocrx_word' id='word_1_748' title='bbox 900 5441 952 5488; x_wconf 92' lang='lat' dir='ltr'><strong>et</strong></span> <span class='ocrx_word' id='word_1_749' title='bbox 982 5433 1262 5487; x_wconf 89' lang='lat' dir='ltr'><strong>coadunati</strong></span> <span class='ocrx_word' id='word_1_750' title='bbox 1306 5448 1486 5487; x_wconf 90' lang='lat' dir='ltr'><strong>sumus</strong></span> <span class='ocrx_word' id='word_1_751' title='bbox 1525 5432 1751 5487; x_wconf 74' lang='lat' dir='ltr'><strong>Creatori</strong></span> 
     </span>
    </p>
   </div>
   <div class='ocr_carea' id='block_1_102' title="bbox 196 5523 1747 5592">
    <p class='ocr_par' dir='ltr' id='par_1_102' title="bbox 196 5523 1747 5592">
     <span class='ocr_line' id='line_1_102' title="bbox 196 5523 1747 5592; baseline -0.002 -12"><span class='ocrx_word' id='word_1_752' title='bbox 196 5536 403 5591; x_wconf 86' lang='lat' dir='ltr'><strong>nostro,</strong></span> <span class='ocrx_word' id='word_1_753' title='bbox 432 5532 489 5580; x_wconf 89' lang='lat' dir='ltr'><strong>et</strong></span> <span class='ocrx_word' id='word_1_754' title='bbox 510 5525 563 5578; x_wconf 90' lang='lat' dir='ltr'><strong>in</strong></span> <span class='ocrx_word' id='word_1_755' title='bbox 604 5523 739 5578; x_wconf 84' lang='lat' dir='ltr'><strong>ﬁlios</strong></span> <span class='ocrx_word' id='word_1_756' title='bbox 763 5524 1060 5592; x_wconf 89' lang='lat' dir='ltr'><strong>adoptionis</strong></span> <span class='ocrx_word' id='word_1_757' title='bbox 1088 5534 1285 5579; x_wconf 69' lang='lat' dir='ltr'><strong>azterno</strong></span> <span class='ocrx_word' id='word_1_758' title='bbox 1313 5523 1459 5578; x_wconf 85' lang='lat' dir='ltr'><strong>Patri</strong></span> <span class='ocrx_word' id='word_1_759' title='bbox 1487 5524 1747 5578; x_wconf 86' lang='lat' dir='ltr'><strong>translati.</strong></span> 
     </span>
    </p>
   </div>
   <div class='ocr_carea' id='block_1_103' title="bbox 193 5610 1746 5685">
    <p class='ocr_par' dir='ltr' id='par_1_103' title="bbox 193 5610 1746 5685">
     <span class='ocr_line' id='line_1_103' title="bbox 193 5610 1746 5685; baseline -0.002 -14"><span class='ocrx_word' id='word_1_760' title='bbox 193 5612 688 5685; x_wconf 60' lang='lat' dir='ltr'><strong>Rectequejubilaai</strong></span> <span class='ocrx_word' id='word_1_761' title='bbox 714 5627 963 5670; x_wconf 87' lang='lat' dir='ltr'><strong>numerus</strong></span> <span class='ocrx_word' id='word_1_762' title='bbox 990 5610 1385 5683; x_wconf 63' lang='lat' dir='ltr'><strong>esprimiturin</strong></span> <span class='ocrx_word' id='word_1_763' title='bbox 1406 5614 1582 5671; x_wconf 90' lang='lat' dir='ltr'><strong>crucis</strong></span> <span class='ocrx_word' id='word_1_764' title='bbox 1612 5614 1746 5683; x_wconf 82' lang='lat' dir='ltr'><strong>ligu-</strong></span> 
     </span>
    </p>
   </div>
   <div class='ocr_carea' id='block_1_104' title="bbox 1929 4801 3414 4873">
    <p class='ocr_par' dir='ltr' id='par_1_104' title="bbox 1929 4801 3414 4873">
     <span class='ocr_line' id='line_1_104' title="bbox 1929 4801 3414 4873; baseline -0.001 -10"><span class='ocrx_word' id='word_1_765' title='bbox 1929 4806 2247 4863; x_wconf 86' lang='lat' dir='ltr'><strong>Continetur</strong></span> <span class='ocrx_word' id='word_1_766' title='bbox 2268 4813 2447 4858; x_wconf 90' lang='lat' dir='ltr'><strong>autem</strong></span> <span class='ocrx_word' id='word_1_767' title='bbox 2479 4804 2531 4871; x_wconf 80' lang='lat' dir='ltr'><strong>in</strong></span> <span class='ocrx_word' id='word_1_768' title='bbox 2561 4803 2793 4873; x_wconf 87' lang='lat' dir='ltr'><strong>quinque</strong></span> <span class='ocrx_word' id='word_1_769' title='bbox 2818 4801 2863 4855; x_wconf 80' lang='grc' dir='ltr'>Χ</span> <span class='ocrx_word' id='word_1_770' title='bbox 2895 4804 3031 4858; x_wconf 75' lang='lat' dir='ltr'><strong>notis</strong></span> <span class='ocrx_word' id='word_1_771' title='bbox 3064 4819 3199 4857; x_wconf 87' lang='lat' dir='ltr'><strong>unus</strong></span> <span class='ocrx_word' id='word_1_772' title='bbox 3224 4819 3414 4861; x_wconf 86' lang='lat' dir='ltr'><strong>versus</strong></span> 
     </span>
    </p>
   </div>
   <div class='ocr_carea' id='block_1_105' title="bbox 1860 4894 2755 4970">
    <p class='ocr_par' dir='ltr' id='par_1_105' title="bbox 1860 4894 2755 4970">
     <span class='ocr_line' id='line_1_105' title="bbox 1860 4894 2755 4970; baseline -0.01 -16"><span class='ocrx_word' id='word_1_773' title='bbox 1860 4897 2249 4970; x_wconf 74' lang='lat' dir='ltr'><strong>quinquaginta</strong></span> <span class='ocrx_word' id='word_1_774' title='bbox 2290 4895 2591 4948; x_wconf 90' lang='lat' dir='ltr'><strong>litterarum</strong></span> <span class='ocrx_word' id='word_1_775' title='bbox 2619 4894 2704 4946; x_wconf 90' lang='lat' dir='ltr'><strong>hic</strong></span> <span class='ocrx_word' id='word_1_776' title='bbox 2742 4910 2755 4945; x_wconf 92' lang='lat'><strong><em>:</em></strong></span> 
     </span>
    </p>
   </div>
   <div class='ocr_carea' id='block_1_106' title="bbox 1980 4982 3420 5106">
    <p class='ocr_par' dir='ltr' id='par_1_106' title="bbox 1980 4982 3420 5106">
     <span class='ocr_line' id='line_1_106' title="bbox 1980 4982 3420 5106; baseline 0.002 -70"><span class='ocrx_word' id='word_1_777' title='bbox 1980 4989 2205 5049; x_wconf 82' lang='lat' dir='ltr'><strong>Quinque</strong></span> <span class='ocrx_word' id='word_1_778' title='bbox 2226 4987 2362 5048; x_wconf 82' lang='lat' dir='ltr'><strong>juvat</strong></span> <span class='ocrx_word' id='word_1_779' title='bbox 2385 4986 2521 5047; x_wconf 77' lang='lat' dir='ltr'><strong>apice</strong></span> <span class='ocrx_word' id='word_1_780' title='bbox 2546 4990 2617 5033; x_wconf 86' lang='lat' dir='ltr'><strong>ast</strong></span> <span class='ocrx_word' id='word_1_781' title='bbox 2634 4994 2766 5032; x_wconf 77' lang='lat' dir='ltr'><strong>sacra</strong></span> <span class='ocrx_word' id='word_1_782' title='bbox 2787 4982 2970 5044; x_wconf 82' lang='lat' dir='ltr'><strong>dicere,</strong></span> <span class='ocrx_word' id='word_1_783' title='bbox 2995 4984 3057 5032; x_wconf 89' lang='lat' dir='ltr'><strong>de</strong></span> <span class='ocrx_word' id='word_1_784' title='bbox 3076 4996 3219 5106; x_wconf 68' lang='lat' dir='ltr'><strong>clruce</strong></span> <span class='ocrx_word' id='word_1_785' title='bbox 3246 4993 3297 5037; x_wconf 92' lang='lat' dir='ltr'><strong>et</strong></span> <span class='ocrx_word' id='word_1_786' title='bbox 3316 4987 3420 5097; x_wconf 55' lang='lat' dir='ltr'><strong>{nec</strong></span> 
     </span>
     <span class='ocr_line' id='line_1_107' title="bbox 3130 5060 3353 5106; baseline 0.022 -13"><span class='ocrx_word' id='word_1_787' title='bbox 3130 5060 3235 5096; x_wconf 82' lang='lat' dir='ltr'><strong>natu</strong></span> <span class='ocrx_word' id='word_1_788' title='bbox 3259 5061 3316 5098; x_wconf 82' lang='lat' dir='ltr'><strong>es</strong></span> <span class='ocrx_word' id='word_1_789' title='bbox 3339 5085 3353 5106; x_wconf 90' lang='lat'><strong>,</strong></span> 
     </span>
    </p>
   </div>
   <div class='ocr_carea' id='block_1_107' title="bbox 3130 5060 3353 5109">
    <p class='ocr_par' dir='ltr' id='par_1_107' title="bbox 3130 5060 3353 5109">
     <span class='ocr_line' id='line_1_108' title="bbox 3130 5060 3353 5109; baseline 0.022 -16"><span class='ocrx_word' id='word_1_790' title='bbox 3130 5060 3235 5096; x_wconf 82' lang='lat' dir='ltr'><strong>nam</strong></span> <span class='ocrx_word' id='word_1_791' title='bbox 3259 5060 3353 5109; x_wconf 85' lang='lat' dir='ltr'><strong>est,</strong></span> 
     </span>
    </p>
   </div>
   <div class='ocr_carea' id='block_1_108' title="bbox 1858 5149 3415 5225">
    <p class='ocr_par' dir='ltr' id='par_1_108' title="bbox 1858 5149 3415 5225">
     <span class='ocr_line' id='line_1_109' title="bbox 1858 5149 3415 5225; baseline 0.001 -15"><span class='ocrx_word' id='word_1_792' title='bbox 1858 5170 1953 5225; x_wconf 87' lang='lat' dir='ltr'><strong>per</strong></span> <span class='ocrx_word' id='word_1_793' title='bbox 1980 5153 2217 5225; x_wconf 83' lang='lat' dir='ltr'><strong>singulas</strong></span> <span class='ocrx_word' id='word_1_794' title='bbox 2249 5160 2402 5207; x_wconf 88' lang='lat' dir='ltr'><strong>notas</strong></span> <span class='ocrx_word' id='word_1_795' title='bbox 2441 5151 2590 5206; x_wconf 86' lang='lat' dir='ltr'><strong>denis</strong></span> <span class='ocrx_word' id='word_1_796' title='bbox 2614 5149 2807 5204; x_wconf 88' lang='lat' dir='ltr'><strong>litteris</strong></span> <span class='ocrx_word' id='word_1_797' title='bbox 2834 5152 3132 5219; x_wconf 89' lang='lat' dir='ltr'><strong>supputatis</strong></span> <span class='ocrx_word' id='word_1_798' title='bbox 3150 5192 3163 5216; x_wconf 90' lang='lat'><strong>,</strong></span> <span class='ocrx_word' id='word_1_799' title='bbox 3191 5154 3284 5208; x_wconf 88' lang='lat' dir='ltr'><strong>sed</strong></span> <span class='ocrx_word' id='word_1_800' title='bbox 3312 5153 3415 5211; x_wconf 88' lang='lat' dir='ltr'><strong>hoc</strong></span> 
     </span>
    </p>
   </div>
   <div class='ocr_carea' id='block_1_109' title="bbox 1856 5240 3411 5315">
    <p class='ocr_par' dir='ltr' id='par_1_109' title="bbox 1856 5240 3411 5315">
     <span class='ocr_line' id='line_1_110' title="bbox 1856 5240 3411 5315; baseline -0.003 -13"><span class='ocrx_word' id='word_1_801' title='bbox 1856 5248 1908 5303; x_wconf 88' lang='lat' dir='ltr'><strong>in</strong></span> <span class='ocrx_word' id='word_1_802' title='bbox 1944 5240 2398 5315; x_wconf 90' lang='lat' dir='ltr'><strong>pronuntiatione.</strong></span> <span class='ocrx_word' id='word_1_803' title='bbox 2443 5240 2709 5295; x_wconf 62' lang='lat' dir='ltr'><strong>Caeterum</strong></span> <span class='ocrx_word' id='word_1_804' title='bbox 2758 5249 2934 5294; x_wconf 90' lang='lat' dir='ltr'><strong>autem</strong></span> <span class='ocrx_word' id='word_1_805' title='bbox 2981 5242 3033 5295; x_wconf 92' lang='lat' dir='ltr'><strong>in</strong></span> <span class='ocrx_word' id='word_1_806' title='bbox 3081 5242 3279 5311; x_wconf 89' lang='lat' dir='ltr'><strong>scripto</strong></span> <span class='ocrx_word' id='word_1_807' title='bbox 3333 5260 3411 5308; x_wconf 82' lang='lat' dir='ltr'><strong>Ix,</strong></span> 
     </span>
    </p>
   </div>
   <div class='ocr_carea' id='block_1_110' title="bbox 1854 5332 3411 5412">
    <p class='ocr_par' dir='ltr' id='par_1_110' title="bbox 1854 5332 3411 5412">
     <span class='ocr_line' id='line_1_111' title="bbox 1854 5332 3411 5412; baseline -0.004 -18"><span class='ocrx_word' id='word_1_808' title='bbox 1854 5348 2149 5412; x_wconf 86' lang='lat' dir='ltr'><strong>grammata</strong></span> <span class='ocrx_word' id='word_1_809' title='bbox 2190 5334 2476 5403; x_wconf 90' lang='lat' dir='ltr'><strong>unicuique</strong></span> <span class='ocrx_word' id='word_1_810' title='bbox 2516 5342 2656 5387; x_wconf 65' lang='lat' dir='ltr'><strong>notae</strong></span> <span class='ocrx_word' id='word_1_811' title='bbox 2683 5332 3025 5403; x_wconf 90' lang='lat' dir='ltr'><strong>deputantur.</strong></span> <span class='ocrx_word' id='word_1_812' title='bbox 3059 5333 3190 5387; x_wconf 84' lang='lat' dir='ltr'><strong>Nam</strong></span> <span class='ocrx_word' id='word_1_813' title='bbox 3236 5332 3411 5387; x_wconf 84' lang='lat' dir='ltr'><strong>media</strong></span> 
     </span>
    </p>
   </div>
   <div class='ocr_carea' id='block_1_111' title="bbox 1854 5419 3412 5496">
    <p class='ocr_par' dir='ltr' id='par_1_111' title="bbox 1854 5419 3412 5496">
     <span class='ocr_line' id='line_1_112' title="bbox 1854 5419 3412 5496; baseline -0.006 -14"><span class='ocrx_word' id='word_1_814' title='bbox 1854 5431 2029 5484; x_wconf 86' lang='lat' dir='ltr'><strong>littera</strong></span> <span class='ocrx_word' id='word_1_815' title='bbox 2068 5426 2393 5496; x_wconf 84' lang='lat' dir='ltr'><strong>singularum</strong></span> <span class='ocrx_word' id='word_1_816' title='bbox 2436 5431 2679 5476; x_wconf 88' lang='lat' dir='ltr'><strong>notarum</strong></span> <span class='ocrx_word' id='word_1_817' title='bbox 2724 5424 3017 5477; x_wconf 87' lang='lat' dir='ltr'><strong>communis</strong></span> <span class='ocrx_word' id='word_1_818' title='bbox 3073 5431 3155 5475; x_wconf 91' lang='lat' dir='ltr'><strong>est</strong></span> <span class='ocrx_word' id='word_1_819' title='bbox 3200 5419 3412 5487; x_wconf 81' lang='lat' dir='ltr'><strong>utrique</strong></span> 
     </span>
    </p>
   </div>
   <div class='ocr_carea' id='block_1_112' title="bbox 1853 5510 3410 5587">
    <p class='ocr_par' dir='ltr' id='par_1_112' title="bbox 1853 5510 3410 5587">
     <span class='ocr_line' id='line_1_113' title="bbox 1853 5510 3410 5587; baseline -0.007 -11"><span class='ocrx_word' id='word_1_820' title='bbox 1853 5518 2075 5587; x_wconf 88' lang='lat' dir='ltr'><strong>tramiti,</strong></span> <span class='ocrx_word' id='word_1_821' title='bbox 2103 5525 2155 5573; x_wconf 91' lang='lat' dir='ltr'><strong>et</strong></span> <span class='ocrx_word' id='word_1_822' title='bbox 2184 5515 2235 5571; x_wconf 90' lang='lat' dir='ltr'><strong>ei</strong></span> <span class='ocrx_word' id='word_1_823' title='bbox 2259 5514 2350 5585; x_wconf 90' lang='lat' dir='ltr'><strong>qui</strong></span> <span class='ocrx_word' id='word_1_824' title='bbox 2380 5513 2734 5581; x_wconf 77' lang='lat' dir='ltr'><strong>dextrorsum,</strong></span> <span class='ocrx_word' id='word_1_825' title='bbox 2763 5521 2812 5568; x_wconf 88' lang='lat' dir='ltr'><strong>et</strong></span> <span class='ocrx_word' id='word_1_826' title='bbox 2848 5514 2895 5567; x_wconf 90' lang='lat' dir='ltr'><strong>ei</strong></span> <span class='ocrx_word' id='word_1_827' title='bbox 2919 5512 3007 5580; x_wconf 89' lang='lat' dir='ltr'><strong>qui</strong></span> <span class='ocrx_word' id='word_1_828' title='bbox 3038 5510 3410 5566; x_wconf 83' lang='lat' dir='ltr'><strong>sinistrorsum</strong></span> 
     </span>
    </p>
   </div>
  </div>
