3958 6338
126 387 217 443 an

1143 393 1231 450 DE
1268 389 1606 449 LAUDIBUS
1645 389 1700 444 S.
1738 390 1999 447 CRUCIS.
2037 420 2106 434 -
2144 390 2247 447 LIB
2307 389 2352 447 l.

3214 391 3318 449 2‘50

1297 503 1801 565 DECLARATIO
1848 506 2181 566 FIGURAE.

191 669 433 738 Denique
451 676 648 721 sanctae
669 670 844 724 crucis
863 667 1084 722 formam
1103 667 1285 722 (ἵκει-ιι
1308 668 1481 723 littera
1516 670 1667 724 lauda
1698 676 1747 732 Α
1774 674 1913 739 quod
1942 672 2249 743 mysterium
2297 687 2447 740 aeque
2495 674 2744 743 pertinet,
2793 680 2852 724 ut
2903 672 3147 735 diximus,
3176 676 3313 741 quod

125 755 383 828 [lambda]
412 756 466 808 in
500 756 601 809 hac
628 756 814 823 pagina
847 770 940 823 per
960 764 1187 823 quatuor
1215 756 1327 809 loca
1365 760 1535 827 posita
1576 775 1671 813 ex-

123 843 349 910 primit:
382 857 501 910 quae
552 851 605 894 et
650 843 988 895 tricenarium
1029 856 1305 899 numerum
1343 847 1479 913 apud
1530 846 1675 901 Grae-

123 946 217 984 cos
247 930 529 998 signiﬁcat.
562 928 681 983 Haec
721 944 848 998 ergo
898 930 1022 997 quia
1069 940 1257 997 quater
1301 933 1388 986 hic
1436 935 1670 1002 ponitur,

121 1034 227 1073 cxx
268 1033 547 1071 numerum
590 1017 769 1081 etIicit,
802 1016 950 1084 cujus
990 1029 1380 1073 sacramentum
1422 1038 1673 1092 magnum

121 1114 226 1160 est.
258 1106 390 1158 Nam
416 1104 661 1177 leguntur
679 1114 801 1159 ante
824 1105 1077 1158 diluvium
1104 1120 1206 1157 cxx
1231 1108 1355 1159 anui
1394 1109 1459 1161 ad
1504 1112 1674 1178 paeni-

124 1193 347 1245 tentiam
391 1189 687 1244 hominibus
734 1190 968 1253 decreti;
1023 1200 1075 1243 et
1122 1190 1443 1247 Salomonici
1494 1198 1672 1265 templi

123 1284 352 1347 altitudo
385 1276 484 1338 cxx
522 1280 822 1335 cubitorum
851 1287 996 1343 erat;
1036 1287 1089 1332 et
1114 1295 1273 1348 super
1303 1296 1406 1335 cxx
1436 1284 1579 1337 viros
1620 1286 1673 1337 in

123 1375 206 1428 die
237 1374 582 1427 Pentecostes
609 1369 839 1437 Spiritus
883 1378 1098 1422 sanctus
1140 1371 1303 1424 venit.
1350 1372 1403 1425 In
1445 1383 1675 1441 quatuor

121 1464 263 1515 enim
300 1461 443 1515 notis
471 1460 697 1526 idipsum
741 1455 1105 1520 elﬁcientibus,
1134 1468 1363 1525 quatuor
1390 1460 1673 1530 Evangelia

122 1542 520 1624 signiﬁcantur,
551 1550 603 1601 in
628 1548 816 1616 quibus
843 1546 1061 1617 singulis
1084 1548 1400 1603 tricenarius
1424 1566 1676 1604 numerus

124 1643 428 1704 invenitur;
461 1642 582 1708 quia
621 1638 751 1693 tides
784 1645 980 1691 sancta:
1011 1636 1287 1690 Trinitatis
1319 1645 1372 1691 et
1418 1637 1676 1706 perfectio

123 1731 497 1785 mandatorth
521 1728 571 1780 in
596 1724 822 1795 singulis
844 1724 1017 1777 sancti
1062 1723 1329 1791 Evangelii
1374 1723 1524 1777 libris
1568 1725 1677 1792 ple-

122 1821 348 1875 nissime
391 1817 727 1889 prazdicatur.
754 1813 1000 1867 Proinde
1036 1812 1165 1866 illud
1204 1812 1345 1880 quad
1392 1828 1514 1867 arca
1566 1812 1677 1867 Noe

120 1926 243 1963 cum
274 1923 343 1962 ex
370 1907 463 1961 Dei
494 1912 756 1974 praecepto
782 1902 1210 1966 construebatur,
1242 1908 1295 1954 et
1332 1900 1399 1954 ad
1428 1901 1677 1955 salvatio-

123 2015 245 2054 nem
276 1994 567 2053 electorum
596 1994 661 2046 ad
692 1992 1089 2047 similitudinem
1116 2000 1313 2045 sanctae
1358 1992 1534 2046 crucis
1576 1992 1675 2045 im—
1704 1997 1748 2054 Β

122 2088 225 2157 piis
247 2086 449 2138 diluvio
479 2082 727 2152 perituris
753 2080 1167 2149 przeparabatur,
1192 2079 1245 2131 in
1282 2093 1385 2131 cxx
1414 2093 1673 2133 annorum

124 2176 330 2231 calculo
353 2173 677 2244 paenitentia:
701 2179 906 2239 tempus
930 2170 1233 2223 hominibus
1258 2179 1379 2227 ante
1402 2171 1675 2225 decretum

124 2274 222 2327 est,
260 2264 389 2329 quid
416 2261 556 2317 aliud
582 2260 863 2330 signiﬁcat,
890 2272 1051 2326 quam
1089 2258 1228 2324 quod
1274 2257 1349 2315 ita
1395 2266 1597 2310 tantum
1643 2274 1672 2315 a

124 2352 381 2407 ﬂuctibus
404 2349 561 2417 hujus
588 2348 765 2402 saeculi
791 2343 1069 2415 possumus
1093 2360 1407 2414 permanere
1434 2346 1607 2409 illaesi,
1632 2348 1677 2400 si

126 2441 450 2511 evangelicae
488 2436 816 2493 doctrinaein
842 2434 944 2489 lide
972 2443 1167 2488 sanctae
1211 2434 1485 2503 Trinitatis
1523 2434 1679 2502 digne

124 2542 416 2601 operantes
455 2528 658 2583 devotis
708 2526 971 2578 mentibus
1008 2523 1334 2579 obedianius.
1360 2521 1470 2576 Hoc
1499 2532 1675 2575 autem

127 2624 267 2694 quod
300 2621 477 2680 omnis
502 2617 681 2686 templi
712 2616 934 2670 altitudo
963 2630 1064 2668 cxx
1101 2614 1400 2667 cubitorum
1451 2611 1580 2675 fuit,
1611 2612 1677 2665 ad

130 2712 269 2765 idem
314 2716 707 2763 sacramentum
757 2705 1013 2772 respicit:
1044 2702 1181 2771 quod
1225 2710 1278 2755 et
1317 2702 1582 2770 primitiva
1622 2702 1676 2754 in

128 2797 515 2867 Hierosolymis
538 2794 773 2848 Ecclesia
816 2800 943 2863 post
978 2792 1296 2860 passionem,
1334 2791 1679 2845 resurrectio-

128 2901 249 2939 nem
270 2894 332 2938 et
351 2879 712 2953 ascensionem
733 2874 941 2933 Domini
969 2880 1019 2932 in
1047 2878 1230 2942 caelos,
1262 2879 1314 2930 in
1339 2879 1440 2932 hoc
1460 2893 1680 2933 numero

127 2976 369 3028 virorum
396 2971 621 3043 gratiam
646 2970 817 3023 sancti
846 2962 1076 3037 Spiritus
1096 2968 1322 3035 accepit.
1350 2967 1532 3037 Itaque
1555 2982 1679 3035 pro-

127 3062 357 3134 cedente
380 3060 639 3114 naturalis
668 3059 873 3112 numeri
897 3058 1265 3126 progressione
1292 3057 1359 3111 ab
1382 3050 1484 3111 uno
1511 3072 1676 3126 usque

128 3153 193 3204 ad
224 3166 319 3215 xv,
349 3159 404 3204 et
428 3149 663 3204 collectis
689 3150 741 3201 in
769 3163 930 3201 unum
948 3147 1182 3201 omnium
1205 3146 1440 3201 locorum
1464 3147 1679 3201 summi-

127 3241 349 3299 tatibus,
370 3254 469 3292 cxx
496 3238 739 3302 ﬁuntxv;
768 3252 994 3305 namque
1019 3252 1135 3304 qua:
1158 3251 1223 3290 ex
1248 3251 1321 3289 vn
1340 3243 1401 3289 et
1426 3251 1518 3290 vni
1542 3251 1672 3289 con-
1719 3267 1721 3269 ι

126 3336 292 3392 stant,
321 3325 498 3382 solent
526 3341 898 3395 nonnunquam
926 3326 991 3379 ad
1015 3325 1454 3394 signiﬁcationem
1485 3324 1670 3379 referri
1701 3325 1743 3383 C

127 3419 250 3471 vita:
281 3400 498 3480 futura,
527 3430 643 3483 qua:
677 3431 816 3470 nunc
854 3416 905 3469 in
957 3416 1279 3470 sabbatismo
1322 3416 1523 3485 geritur
1564 3416 1677 3469 ani-

124 3520 342 3559 marum
402 3503 653 3567 ﬁdeliam,
687 3502 991 3572 perﬁcietur
1033 3511 1207 3554 autem
1244 3502 1299 3555 in
1348 3502 1452 3567 ﬁne
1501 3503 1697 3557 saeculi.

126 3596 529 3651 resurrectione
578 3609 858 3662 corporum
904 3591 1300 3646 immortalium.
1348 3591 1677 3661 Quapropter

122 3694 249 3755 apte
280 3698 509 3740 numero
538 3683 841 3736 centenario
862 3690 920 3735 et
952 3681 1236 3745 vicenario,
1268 3695 1453 3749 magna
1486 3680 1679 3735 electo—

123 3790 243 3827 rum
267 3773 548 3827 beatitudo
572 3772 624 3825 in
656 3772 830 3825 futura
858 3773 967 3825 vita
995 3771 1318 3840 designatur,
1344 3778 1465 3839 apte
1499 3771 1551 3824 in
1576 3772 1680 3827 hoc

125 3866 349 3919 tertium
386 3864 575 3917 domus
616 3863 827 3917 Domini
867 3861 1194 3917 ctenaculum
1230 3868 1627 3916 consummatur
1660 3877 1677 3916 :

124 3954 249 4022 quia
279 3962 405 4021 post
428 3960 721 4020 prmsentes
753 3951 981 4005 fidelium
1009 3949 1232 4014 labores,
1261 3958 1381 4018 post
1407 3959 1676 4018 acceptam

126 4043 177 4095 in
206 4041 399 4095 futuro
425 4040 660 4109 requiem
686 4040 1003 4103 animarum,
1030 4038 1181 4108 plena
1207 4039 1383 4093 ltotius
1430 4038 1675 4093 Ecclesize

126 4128 362 4185 felicitas
410 4128 467 4184 in
530 4126 929 4182 resurrectionis
972 4126 1135 4198 gloria
1180 4116 1547 4197 complebitur.
1594 4125 1673 4179 Ad

1775 774 2055 830 resurgens
2084 777 2112 813 a
2138 761 2362 813 mortuis
2390 770 2550 828 atque
2579 762 2643 814 ad
2671 760 2833 815 omlos
2860 763 3170 825 ascendens,
3198 765 3311 815 huic

1774 864 1997 904 numero
2026 850 2259 904 virorum
2290 848 2545 916 Spiritum
2579 860 2819 903 sanctum
2856 850 2905 902 in
2936 851 3122 919 linguis
3155 854 3214 918 ig.
3241 856 3316 903 vis

1775 941 1948 1004 misit;
1996 954 2193 1007 eosque
2219 941 2306 1007 qui
2332 940 2636 993 diversitate
2662 940 2958 1008 linguarum
2994 943 3059 991 ab
3094 942 3315 991 n-vicr-m

1774 1030 2225 1098 discrepaverant,
2257 1038 2473 1098 repente
2506 1031 2739 1082 omnium
2780 1030 3097 1098 cogitatione
3140 1030 3317 1096 loquo-

1774 1120 1943 1173 larum
1974 1134 2304 1174 communem
2338 1121 2387 1173 in
2420 1119 2573 1173 laude
2601 1136 2691 1173 sua
2730 1120 2852 1173 fecit
2891 1122 3087 1173 habere
3115 1135 3302 1172 sermn-

1773 1225 1913 1263 nem.
1970 1210 2102 1264 Nam
2155 1220 2209 1265 et
2260 1211 2493 1265 Ecclesia
2542 1227 2638 1265 suo
2680 1220 2913 1281 tempore
2964 1226 3243 1279 resurgens
3290 1227 3319 1263 a

1774 1307 1964 1366 morte,
1991 1308 2149 1370 atque
2178 1301 2242 1353 ad
2266 1302 2430 1353 ccelos
2458 1303 2747 1353 ascendens
2794 1304 2843 1352 in
2885 1315 3045 1352 carne
3083 1301 3318 1351 incorru-

1773 1387 1965 1456 ptibili,
1989 1388 2143 1458 plene
2170 1402 2232 1441 ac
2263 1387 2662 1467 perfecteldouo
2710 1387 2940 1455 Spiritus
2986 1389 3152 1440 sancti
3202 1387 3321 1439 illu-

1775 1479 2058 1543 straltitur,
2097 1480 2335 1546 quando,
2363 1479 2513 1546 juxta
2553 1480 2876 1545 promissum
2916 1476 3181 1545 Apostoli,
3225 1478 3319 1530 erit

1777 1569 1912 1622 Deus
1943 1569 2115 1622 omnia
2144 1570 2197 1621 in
2227 1568 2478 1621 omnibus.
2532 1568 2679 1621 Tunc
2725 1567 2878 1637 plena
2922 1569 3023 1621 erit
3069 1568 3321 1622 adunatio

1774 1660 2074 1727 linguarum
2127 1660 2177 1713 in
2226 1660 2507 1721 omnibus,
2555 1661 2619 1712 ad
2675 1660 3008 1726 prmdicanda
3062 1660 3321 1728 magnalia

1775 1751 1891 1811 Dei,
1943 1750 2067 1818 quia
2128 1763 2356 1802 consona
2406 1758 2582 1801 mente
2630 1763 2691 1801 ac
2737 1762 2865 1800 voce
2902 1748 3101 1801 omnes"
3133 1750 3322 1802 divina:

1776 1838 1994 1908 gloriam
2032 1836 2343 1903 maiestatis,
2371 1852 2527 1905 quam
2559 1844 2868 1905 pnesentem
2900 1837 3098 1898 vident,
3123 1836 3321 1890 collau-

1776 1929 1931 1990 daut;
1964 1926 2199 1995 tuncque
2233 1942 2330 1979 vox
2362 1926 2446 1978 illa
2472 1926 2659 1994 psalmi
2690 1924 2923 1993 perfecte
2946 1926 3319 1991 complebitur,

1778 2020 1887 2087 qua
1910 2017 2137 2086 Spiritus
2159 2024 2373 2070 sanctus
2420 2031 2515 2083 per
2560 2015 2869 2083 prophetam
2916 2020 3099 2067 omnes
3140 2025 3324 2082 gentes

1777 2110 1841 2162 ad
1899 2108 2104 2161 laudem
2157 2106 2364 2160 Domini
2412 2103 2743 2173 provocando
2784 2105 3115 2168 exhortatur,
3143 2105 3213 2157 ita
3245 2104 3325 2158 di-

1776 2214 1903 2257 cens
1921 2217 1933 2250 :
1953 2196 2186 2251 Laudate
2214 2196 2506 2254 Dominum,
2535 2210 2706 2246 omnes
2734 2203 2922 2261 gentes,
2963 2203 3009 2245 et
3034 2193 3325 2246 collaudata

1776 2305 1890 2343 eum
1917 2304 2088 2341 omnes
2117 2286 2311 2355 populi,
2332 2286 2573 2355 quoniam
2604 2284 2912 2351 conﬁrmata
2949 2291 3021 2334 est
3048 2298 3200 2350 super
3230 2296 3323 2333 nos

1768 2374 2124 2431 misericordia
2167 2375 2311 2444 ejus,
2342 2383 2389 2426 et
2422 2374 2603 2427 veritas
2633 2372 2840 2425 Domini
2867 2380 3038 2423 manet
3074 2371 3127 2425 in
3172 2379 3320 2422 αἰεν-

1780 2484 1934 2532 mnn;
1964 2466 2176 2536 quando
2208 2471 2468 2533 quotquot
2496 2462 2559 2515 de
2584 2462 2831 2514 omnibus
2858 2458 3102 2529 gentibus
3128 2458 3195 2509 ad
3240 2457 3321 2509 vi-

1782 2568 1885 2611 tam
1914 2554 2271 2631 praedestinati
2310 2561 2435 2605 sunt
2468 2560 2738 2611 aeternam,
2770 2548 3015 2605 omnibus
3058 2544 3323 2600 scandalis

1739 2692 1749 2699 .
1779 2650 1842 2702 de
1867 2646 2099 2700 Ecclesia
2125 2643 2322 2700 Christi
2349 2656 2444 2710 per
2463 2638 2767 2708 angelorum
2784 2636 2951 2697 otticia
2975 2634 3173 2702 ejectis,
3191 2634 3323 2687 uniti

1777 2740 1934 2809 capiti
1961 2753 2057 2791 suo
2090 2751 2248 2790 unam
2276 2734 2483 2787 laudem
2513 2730 2689 2783 omnia
2728 2729 2964 2782 membra
2991 2724 3324 2779 concorditer

1778 2838 1833 2884 et
1856 2834 2112 2897 perpetuo
2146 2823 2455 2878 cantabunt.
2490 2818 2787 2872 Notandum
2821 2828 3029 2883 quoque
3057 2821 3161 2875 est,
3181 2812 3323 2880 quod

1778 2934 1883 2974 non
1923 2917 2089 2970 solum
2114 2914 2269 2967 lauda
2294 2910 2470 2964 littera
2499 2909 2587 2962 hic
2613 2922 2708 2977 per
2732 2913 2958 2974 quatuor
2986 2904 3097 2956 loca
3129 2902 3322 2970 posita,

1778 3025 1877 3063 cxx
1913 3020 2187 3060 numerum
2227 3002 2282 3055 in
2307 3014 2404 3054 suo
2430 2998 2541 3052 solo
2585 2997 2890 3049 charactere
2933 2991 3185 3051 ostendit,
3215 3004 3323 3042 xxx

1775 3112 1873 3167 per
1893 3093 2162 3162 singulos,
2192 3090 2281 3144 sed
2303 3089 2463 3142 etiam
2494 3099 2678 3138 versus
2701 3082 2821 3150 ipsi,
2851 3081 2938 3148 qui
2983 3079 3034 3131 in
3080 3076 3165 3129 illa
3191 3091 3319 3129 con-

1779 3163 1961 3251 scripti
1990 3188 2131 3243 sunt,
2168 3175 2502 3243 unusquique
2550 3171 2765 3237 triginta
2818 3168 3021 3220 litteras
3064 3163 3325 3217 continet.

1776 3270 1871 3326 Est
1906 3270 2099 3340 quippe
2145 3280 2328 3319 versus
2366 3264 2450 3317 hic
2486 3263 2538 3316 in
2589 3272 2833 3328 suprema
2887 3256 3161 3312 laudarum
3200 3267 3215 3303 :

2021 3377 2102 3426 Est
2119 3375 2221 3425 orbi
2256 3380 2357 3421 toto
2372 3370 2560 3419 Domini
2586 3379 2689 3423 nam
2714 3368 2868 3428 passio
2892 3364 3004 3412 vita.

1776 3477 1881 3536 Iste
1902 3488 2112 3546 quoque
2134 3475 2185 3527 in
2211 3465 2392 3525 intima
2417 3486 2430 3521 :

2020 3586 2149 3638 Arvo
2170 3596 2285 3633 crux
2309 3594 2399 3629 una
2417 3591 2530 3639 spes
2552 3575 2789 3625 libertatis
2813 3575 2873 3621 ab
2897 3575 2986 3623 ira.

1774 3692 1878 3751 Hic
1904 3703 2134 3757 namque
2169 3687 2220 3739 in
2252 3682 2553 3738 dexteriore
2592 3696 2604 3729 :
2900 3684 2905 3687 '
2946 3656 2949 3659 l

2021 3797 2123 3846 Lux
2148 3797 2258 3845 lata
2289 3793 2417 3841 lucet
2443 3790 2601 3838 divino
2622 3797 2824 3835 mut-ere
2848 3784 2990 3844 plena

1777 3903 1948 3970 Atque
1973 3899 2061 3953 hic
2088 3897 2138 3950 in
2169 3891 2494 3949 sinisteriore
2519 3906 2533 3940 :

2022 4005 2187 4054 Veraci
2212 4007 2326 4050 nutu
2346 4002 2502 4059 signat
2528 4002 2577 4045 et
2602 3993 2793 4055 praemia
2825 3993 2987 4052 regni.

1504 4317 1977 4343 #-*,
