3958 6386
1212 445 1300 501 DE
1337 443 1675 502 LAUDIBUS
1714 442 1770 498 S.
1812 438 2077 499 CRUCIS.
2116 472 2183 485 --
2221 440 2345 495 LIB.
2387 439 2427 493 ι.

1379 576 1883 641 DECLARATIO
1936 576 2269 676 FIGUiUE.

272 807 418 862 nunc
446 806 607 875 igitur
638 806 855 873 ﬁguram
887 801 1096 870 plenam
1143 813 1262 853 esse
1311 797 1566 875 mysterio
1603 809 1761 863 opor—
1790 776 1833 831 Α
1858 790 2030 861 piunt.
2058 790 2317 845 Omnibus
2363 796 2513 859 inqua
2557 807 2637 855 es,
2681 793 2928 846 omnibus
2967 792 3135 871 bona,
3166 793 3414 855 omnibus

205 906 277 951 tet
308 893 550 963 intelligi,
580 893 635 949 in
683 907 785 961 qua
834 906 927 958 per
968 896 1195 958 quatuor
1239 888 1569 954 heptagonos
1615 898 1756 936 Lxxu

204 999 459 1043 numerus
480 984 896 1045 demonstratur,
922 979 1209 1034 secundum
1234 978 1383 1047 cujus
1402 975 1755 1044 pluralitatem

203 1076 440 1144 gentium
466 1073 674 1143 linguas
695 1072 890 1125 divisas
914 1084 1033 1123 esse
1056 1083 1181 1122 vera
1208 1066 1386 1135 opinio
1405 1073 1504 1129 est,
1521 1074 1575 1118 et
1594 1064 1758 1119 libros

203 1164 488 1218 canonicos
512 1161 719 1215 Veteris
740 1174 802 1213 ac
824 1158 953 1213 Novi
977 1157 1300 1235 Testamenti
1324 1156 1460 1209 intra
1476 1154 1589 1231 ejus
1616 1167 1759 1207 sum-

202 1251 345 1305 mam’
375 1250 790 1318 comprehensos
817 1262 934 1301 esse
974 1254 1075 1299 n‘on
1104 1246 1319 1299 dubium
1365 1252 1463 1297 est.
1510 1243 1761 1310 Designa-

199 1343 278 1394 vit
313 1347 491 1393 autem
515 1342 575 1393 et'
613 1339 725 1405 ipse
764 1336 1054 1395 Dominus,
1083 1334 1318 1402 exceptis
1363 1349 1438 1387 xu
1482 1330 1754 1400 apostolis,

198 1430 337 1485 alios
356 1443 502 1482 cxxu
524 1412 834 1496 discipulos,
858 1431 913 1477 et
939 1422 1083 1477 misit
1106 1421 1223 1481 illos
1243 1422 1395 1477 binos
1415 1429 1539 1474 ante
1565 1418 1758 1473 faciem

198 1531 353 1570 suam
390 1515 445 1568 in
474 1528 685 1569 omnem
716 1512 891 1565 locum
933 1518 999 1563 et
1026 1510 1314 1571 civitatem,
1347 1523 1452 1578 quo
1493 1516 1612 1561 erat
1647 1508 1759 1576 ipse

198 1613 482 1665 venturus,
530 1610 588 1655 ut
650 1615 905 1655 numerus
946 1598 1342 1667 designatorum
1378 1596 1760 1665 discipulorum

199 1693 554 1749 concordaret
578 1689 903 1762 multitudini
932 1688 1187 1756 gentium,
1216 1695 1269 1745 et
1287 1687 1531 1761 divisioni
1556 1686 1762 1755 lingua-

199 1800 341 1847 rum,
361 1770 623 1852 quatenus
642 1796 827 1836 omnes
852 1788 1039 1850 gentes
1056 1778 1178 1833 ﬁdei
1207 1778 1385 1832 lumen
1404 1778 1757 1847 perciperent,

194 1881 255 1927 et
282 1873 469 1943 gratia:
510 1862 707 1926 Christi
738 1877 1071 1924 mererentur
1097 1878 1217 1923 esse
1253 1868 1557 1938 participes.
1606 1867 1759 1922 Sicut

194 1977 330 2033 ergo
356 1976 482 2016 xxxv
508 1960 656 2015 horis
680 1968 823 2014 totus
843 1959 989 2013 orbis
1017 1958 1291 2028 peragitur
1321 1965 1479 2025 atque
1524 1956 1761 2010 illustra-

197 2059 310 2114 tur,
340 2052 414 2104 ita
440 2051 749 2120 mysterium
790 2048 1088 2102 illustrandi
1116 2047 1259 2100 orbis
1284 2061 1380 2115 per
1418 2041 1761 2115 Evangelium

1855 880 2027 948 justa,
2053 881 2321 947 prieterita
2367 895 2606 943 renovas,
2646 882 2927 951 przeseutia
2957 881 3209 947 illustras,
3236 881 3413 937 futura

1859 976 2263 1036 praemonstras,
2290 968 2495 1037 perdita
2534 970 2779 1037 requiris,
2803 972 3025 1039 quaesita
3073 972 3299 1036 invenis,
3337 974 3416 1028 iu-

1856 1064 2017 1112 venta
2040 1057 2280 1113 custodis
2300 1098 2314 1117 ,
2338 1057 2485 1126 lapsa
2530 1061 3055 1124 t'estituis,restituta
3106 1064 3271 1133 gradu
3302 1080 3418 1118 iuu—

1858 1147 1965 1213 nis,
1989 1149 2189 1201 munita
2213 1147 2267 1201 in
2300 1148 2437 1200 viam
2469 1150 2617 1216 pacis
2642 1149 2846 1218 dirigis.
2888 1150 2965 1204 Tu
2992 1153 3203 1220 quidem
3230 1153 3416 1207 aeterni

1859 1238 2002 1307 regis
2045 1253 2103 1292 es
2160 1237 2404 1301 victoria,
2433 1245 2486 1290 et
2516 1236 2749 1292 caelestis
2784 1239 2987 1294 militia:
3021 1241 3223 1306 laetitia,
3256 1244 3416 1297 terri-

1859 1342 2222 1397 genarumque
2249 1329 2506 1395 potentia,
2555 1337 2609 1382 tu
2655 1341 2997 1398 peccatorum
3043 1313 3101 1386 es
3149 1330 3413 1399 remiSsio,

1857 1417 2075 1484 pietatis
2101 1415 2378 1482 exhibitio,
2402 1428 2456 1472 et
2499 1420 2811 1473 meritorum
2856 1424 3252 1491 augmentatio,
3277 1423 3421 1492 inﬁr-

1860 1519 2068 1558 morum
2100 1507 2389 1560 remedium
2412 1549 2425 1570 ,
2456 1508 2813 1564 laborantium
2845 1512 3121 1576 auxilium,
3165 1523 3219 1567 et
3264 1514 3425 1569 lasso-

1861 1609 1980 1647 rum
2028 1594 2395 1665 refrigerium,
2432 1612 2683 1653 sanorum
2732 1600 3090 1667 incolumitas,
3119 1605 3418 1673 quietorum

1860 1684 2143 1749 serenitas,
2172 1696 2225 1739 et
2252 1686 2640 1741 fortunatorum
2682 1687 2925 1745 felicitas.
2964 1692 3040 1745 Tu
3080 1702 3421 1765 cruxtegro—

1862 1784 1945 1829 tos
1997 1775 2306 1841 medicans,
2353 1785 2407 1830 tn
2452 1779 2704 1845 gaudium
2746 1789 2964 1835 mestos
3012 1782 3332 1848 consolans,
3368 1795 3422 1846 tu

1859 1867 2064 1920 sanitas
2117 1867 2359 1925 dolentes
2403 1866 2731 1931 laetiﬁcans,
2767 1883 2823 1925 tu
2872 1880 3041 1928 status
3095 1876 3423 1945 credentium

1862 1962 2026 2018 recte,
2056 1964 2111 2007 tu
2141 1954 2365 2010 ﬁrmitas
2387 1959 2719 2025 operantium
2744 1960 2898 2022 bene,
2929 1968 2984 2014 tu
3010 1962 3279 2029 beatitudo
3300 1978 3427 2032 per—

1865 2044 2221 2099 severantium
2252 2046 2369 2099 rite.
2399 2046 2591 2102 Sancta
2613 2088 2626 2112 ,
2654 2048 2740 2116 pia
2758 2089 2772 2112 ,
2798 2050 2957 2114 bona,
2981 2050 3147 2121 justa,
3174 2052 3421 2121 benigna,

193 2140 484 2194 Trinitatis
515 2139 568 2191 in
601 2154 745 2192 Lxxu
776 2136 1050 2205 discipulis
1097 2135 1390 2189 intimatur.
1423 2134 1580 2189 Vices
1622 2134 1765 2192 enim
1792 2135 1840 2201 B
1871 2132 2221 2200 rationabilis,
2255 2134 2554 2202 laudabilis,
2580 2139 2931 2205 venerabilis,
2960 2141 3218 2204 amabilis,
3251 2141 3424 2203 fortis,

192 2240 396 2298 quater
429 2229 568 2283 terni
611 2227 913 2298 septuagies
948 2226 1246 2296 dipondios.
1279 2224 1385 2279 Sed
1422 2226 1536 2279 haec
1576 2225 1762 2279 distri-

192 2319 353 2372 butio
382 2326 502 2387 apte
534 2317 726 2387 .ﬁgum
775 2324 972 2369 sanctae
1016 2314 1189 2368 crucis
1236 2314 1603 2381 mancipatur,
1636 2313 1760 2381 quia

183 2424 301 2479 per
362 2409 528 2477 ipsam
567 2414 1023 2461 sacramentorum
1078 2403 1278 2458 Christi
1311 2404 1764 2471 dispensationem

194 2506 349 2555 totus
378 2497 523 2551 orbis
547 2495 896 2567 gloriﬁcatur,
932 2494 1045 2563 ipsa
1075 2493 1128 2546 in
1158 2499 1408 2560 ,quatnor
1451 2492 1765 2563 heptagonis

193 2572 343 2643 hanc
369 2585 611 2657 mysterii
638 2585 899 2639 rationem
923 2588 1071 2637 notat
1098 2599 1111 2635 :
1139 2581 1264 2650 quia
1290 2581 1403 2649 ipsa
1431 2580 1484 2633 in
1513 2597 1563 2634 ιν
1592 2581 1765 2635 sancti

193 2674 477 2742 Eirangelii
524 2673 674 2728 libris
725 2671 902 2727 divina
960 2670 1282 2725 charismata
1340 2684 1436 2739 per
1489 2685 1542 2722 tv
1584 2669 1767 2740 plagas

192 2770 349 2825 orbis
405 2770 693 2840 dispensat,
746 2768 864 2839 ipsa
903 2768 954 2822 in
999 2776 1226 2838 utroque
1273 2766 1508 2832 tramite,
1558 2768 1612 2821 id
1657 2776 1763 2832 est,

193 2858 251 2913 in
319 2872 385 2912 eo
441 2858 534 2927 qui
588 2841 798 2927 sursum
849 2866 905 2912 ct
956 2857 1008 2910 in
1046 2871 1111 2910 eo
1130 2840 1235 2925 qui
1274 2854 1640 2911 transversum
1675 2870 1770 2909 va-

192 2949 300 3013 dit,
335 2961 433 3018 per
483 2948 612 3002 duos
663 2948 988 3018 heptagonos
1042 2946 1214 3021 sexies
1269 2947 1539 3013 senarium
1589 2954 1770 3009 osten-

191 3036 314 3101 dit,
354 3036 479 3105 quia
527 3051 740 3090 omnem
787 3034 1165 3105 perfectionem
1212 3049 1308 3105 per
1353 3050 1410 3095 se
1454 3036 1609 3092 nobis
1642 3051 1769 3105 pro—

191 3126 392 3180 venire
433 3125 550 3179 sive
609 3125 661 3178 in
704 3124 1107 3194 longanimitate
1141 3124 1285 3194 spei,
1315 3125 1427 3181 sive
1479 3126 1533 3180 in
1576 3125 1767 3194 ampli-

192 3214 393 3267 tudine
412 3213 715 3277 charitatis,
737 3228 833 3267 seu
858 3213 910 3277 in
932 3213 1331 3281 perseverantia
1352 3213 1504 3269 bona:
1518 3214 1767 3279 actionis,

189 3314 300 3354 seu
327 3300 379 3353 in
403 3299 1215 3374 celsitudinecontemplationis,
1230 3301 1361 3366 satis
1374 3300 1536 3361 nobis
1558 3302 1765 3371 annuit.

188 3380 325 3461 Ipsa
356 3392 411 3444 in
444 3399 555 3445 toto
591 3390 761 3445 octies
798 3391 1143 3444 novenarium
1181 3390 1236 3460 in
1269 3404 1330 3447 se
1360 3390 1768 3460 multiplicatum

1866 2223 2065 2288 suavis,
2118 2226 2282 2291 mitis,
2334 2229 2567 2307 sapiens,
2612 2231 2852 2311 patiens,
2889 2241 3108 2313 potens.
3151 2234 3424 2305 Quidquid

1865 2324 1994 2381 ergo
2024 2313 2180 2381 digne
2205 2315 2367 2368 corde
2394 2316 2458 2369 de
2480 2317 2843 2387 redemptione
2864 2331 3046 2373 nostra
3077 2331 3254 2388 potest
3276 2326 3426 2393 cogi,-

1869 2400 1993 2462 tari,
2016 2401 2098 2453 vel
2125 2402 2381 2471 quidquid
2410 2403 2587 2475 lingua
2617 2406 2717 2460 rite
2741 2407 3097 2477 loqui,omnia
3124 2412 3188 2464 ad
3217 2396 3427 2467 laudem

1869 2498 2012 2545 tuam
2058 2490 2434 2547 decentissime
2478 2503 2701 2561 possunt
2746 2498 2917 2564 aptari
2951 2516 2964 2552 τ
2996 2500 3119 2567 quia
3171 2502 3426 2573 quidquid

1867 2582 1923 2638 in
1953 2590 2003 2637 te
2030 2583 2291 2650 laudatur,
2308 2586 2563 2643 crucifixo
2585 2588 2637 2642 in
2661 2596 2713 2643 te
2737 2588 2949 2653 Christo
2978 2594 3089 2661 regi
3120 2593 3421 2663 deputatur,

1868 2679 1922 2724 et
1947 2672 2205 2741 quidquid
2235 2673 2445 2730 Christo
2476 2676 2693 2738 hunoris
2738 2678 2915 2745 datur,
2962 2681 3028 2735 ad
3074 2683 3426 2753 reverentiam

1869 2761 2062 2817 summi
2086 2759 2259 2816 Patris
2289 2762 2537 2831 refertur,
2570 2764 2720 2834 cujus
2759 2768 2871 2837 ipse
2908 2770 3212 2840 unigenitus
3258 2771 3425 2831 Filius

1864 2856 1970 2911 .est,
2001 2848 2065 2901 de
2092 2866 2197 2917 quo
2218 2851 2337 2920 ipsa
2366 2851 2577 2907 Veritas
2607 2855 2659 2908 in
2699 2855 2980 2925 Evangelia
3020 2866 3248 2912 testatur
3276 2876 3289 2911 :
3324 2858 3423 2924 Qui

1870 2955 1949 2992 me
1976 2940 2177 3007 recipit,
2201 2940 2389 3008 inquit,
2417 2944 2593 3012 recipit
2612 2959 2730 2997 eum
2756 2946 2845 3014 qui
2876 2961 2953 2997 me
2978 2946 3134 2998 misit.
3160 2946 3225 2999 Et
3254 2948 3380 3001 item
3409 2972 3424 3001 :

1874 3026 1978 3092 Qui
2007 3045 2085 3084 me
2114 3033 2330 3099 spernit,
2356 3033 2548 3100 spernit
2572 3050 2688 3086 eum
2710 3033 2798 3104 qui
2824 3051 2905 3087 me
2929 3036 3099 3099 misit,
3127 3047 3173 3089 et
3201 3038 3287 3107 qui
3326 3022 3428 3091 nan

1870 3119 2175 3187 honori/icat
2213 3119 2443 3187 Filium,
2472 3139 2574 3175 non
2603 3123 2911 3192 honoriﬁcat
2938 3134 2985 3178 et
3030 3125 3259 3179 Patrem.
3303 3126 3399 3179 Om

1874 3210 1957 3262 nis
1979 3210 2173 3278 quippe
2201 3211 2289 3280 qui
2318 3222 2475 3281 negat
2496 3208 2710 3276 Filium,
2734 3229 2833 3268 nec
2858 3215 3067 3268 Patrem
3098 3216 3259 3271 habet
3287 3234 3301 3272 :
3338 3218 3427 3285 qui

1872 3300 2050 3357 autem
2077 3299 2361 3355 conﬁtetur
2378 3301 2597 3367 Filium,
2626 3310 2680 3355 et
2723 3302 2934 3361 Patrem
2964 3304 3124 3359 habet
3156 3323 3168 3357 :
3204 3320 3428 3374 quorum

1877 3386 2043 3442 simul
2079 3402 2199 3441 cum
2235 3399 2421 3443 sancto
2472 3376 2673 3460 Spiritu
2723 3406 2823 3447 una
2866 3400 2947 3446 est
2993 3382 3289 3461 majestas,‘
3320 3408 3430 3447 una

188 3482 610 3549 continet,quia
631 3496 695 3535 ex
726 3481 971 3536 omnibus
998 3481 1244 3550 gentibus
1265 3481 1339 3534 in
1374 3482 1649 3541 octenario
1676 3490 1774 3540 nn-
1802 3472 1844 3535 C
1877 3478 2329 3551 potestas,_honor
2348 3488 2401 3535 et
2425 3478 2644 3536 claritas
2672 3480 2726 3535 in
2752 3481 3073 3552 sempiterna
3102 3482 3311 3543 sarcula.
3337 3481 3432 3537 Est

186 3587 380 3637 mero,
410 3572 514 3627 hoc
541 3579 644 3639 est,
669 3585 956 3645 corporum
999 3572 1388 3629 resurrectione
1426 3577 1495 3630 ad
1518 3591 1775 3647 augmen-

184 3668 320 3714 tum
356 3676 549 3716 novem
588 3664 835 3717 ordinum
874 3664 1203 3734 angelorum,
1232 3664 1429 3719 electos
1462 3664 1557 3721 Dei
1586 3681 1776 3736 perve-

183 3750 327 3803 nire
358 3751 642 3807 edocet.,0
667 3768 792 3806 vere
816 3748 1032 3808 bona'et
1062 3769 1187 3810 vere
1228 3763 1414 3809 sancta
1452 3772 1585 3810 crux
1623 3756 1777 3811 Chri-

1877 3585 2107 3651 namque
2134 3586 2321 3625 versus
2341 3572 2396 3626 in
2424 3582 2601 3626 erecta
2623 3573 2800 3626 crucis
2828 3580 2997 3640 parte.
3029 3572 3080 3626 id
3106 3581 3209 3637 est,
3230 3573 3283 3644 in
3306 3572 3433 3647 duo-

1875 3658 1975 3713 bus
2006 3660 2390 3729 heptagonis'a
2437 3675 2645 3715 summo
2694 3662 2941 3743 deorsum
2984 3661 3332 3728 descendens,
3378 3673 3432 3718 et

1876 3762 1974 3816 per
2001 3740 2362 3802 transversum
2391 3749 2810 3821 heptagonorum
2842 3740 3095 3819 legendus
3118 3750 3207 3811 hic
3240 3768 3253 3802 :

183 3842 290 3913 sti,
332 3842 463 3911 quis
510 3851 563 3896 te
618 3845 719 3899 rite
766 3853 932 3899 totam
974 3860 1229 3900 enarrare
1269 3848 1483 3915 potest?
1537 3854 1630 3901 aut
1656 3848 1775 3916 quis

178 3932 480 4001 condigne
520 3932 767 3989 laudare?
823 3950 941 4003 quae
986 3936 1279 3991 caelestium
1326 3952 1642 3992 arcanorum
1688 3937 1775 4006 pia

178 4036 247 4074 es
284 4022 606 4085 revelatrix,
633 4038 750 4094 quae
778 4026 1149 4095 mysteriorum
1172 4026 1269 4081 Dei
1297 4042 1446 4081 sacra
1475 4043 1533 4081 es
1560 4042 1778 4083 conser-

174 4112 410 4175 vatrix,
435 4127 664 4181 quaeque
678 4124 1129 4171 sacramentorum
1151 4116 1351 4172 Christi
1376 4118 1565 4173 idonea
1589 4133 1649 4172 es
1670 4119 1779 4173 dis-

178 4200 510 4267 pensatrix.
544 4201 600 4254 ln
644 4211 696 4257 te
726 4204 895 4274 angeli
933 4205 1123 4273 gaudia
1154 4221 1250 4260 sua
1287 4208 1621 4271 accumulata
1649 4223 1769 4263 con-

175 4286 468 4355 spicrunt,
500 4288 553 4341 in
580 4297 632 4343 te
655 4290 897 4346 homines
914 4291 1036 4358 jura
1064 4292 1253 4347 salutis
1281 4308 1391 4348 suae.
1422 4278 1774 4365 cognoscunt,

175 4373 240 4428 in
272 4382 335 4428 te
372 4373 540 4430 inferi
566 4374 770 4444 justam
799 4369 1213 4435 retributionem
1230 4379 1433 4437 fraudis
1467 4398 1577 4439 suae
1607 4382 1779 4452 perci-

2060 3876 2113 3926 ln
2136 3866 2282 3927 ernce
2306 3879 2386 3927 lex
2408 3877 2597 3928 Domini
2620 3879 2873 3929 decoratur
2902 3879 3013 3932 luce
3036 3891 3248 3937 corusca.

1879 3996 2030 4052 Alter
2053 4000 2105 4054 in
2131 4008 2439 4066 transversa
2473 3999 2589 4083 ejus
2607 4010 2760 4083 parte
2789 4001 2843 4055 in
2874 4000 3079 4066 duobus
3120 4000 3432 4071 heptagouia

1880 4093 2330 4162 comprehensus,
2367 4101 2423 4155 et
2454 4080 2699 4157 similiter
2714 4107 2817 4175 per
2853 4100 3220 4179 transversum
3247 4106 3433 4153 eorum

1882 4178 2135 4251 legendus
2172 4182 2274 4236 iste
2304 4201 2322 4251 7:
2593 4180 2600 4186 ’

2067 4288 2253 4341 Gentes
2275 4296 2326 4341 et
2348 4289 2526 4355 lingua
2546 4294 2787 4344 sociantur
2811 4293 2954 4357 laude
2985 4298 3187 4353 sacrata.

623 5845 889 5949 Ρλτῐιοι.
926 5888 1106 5953 (ΝΠ.
2972 5876 3004 5929 ⁸
