3958 6334
198 461 262 510 τί
1170 443 1257 498 DE
1291 439 1631 496 LAUDIBUS
1668 439 1726 491 S.
1766 435 2034 493 CRUCIS.
2075 465 2141 473 —-
2180 433 2308 487 LIB.
2349 431 2387 485 l.

1756 551 1803 608 Α
1833 549 1896 602 Et
1929 550 2102 602 laetum
2130 547 2342 600 Domini
2380 545 2516 598 bene
2536 543 2732 599 Chriin
2762 543 3035 596 intendere
3061 540 3264 594 vultum
3302 555 3319 590 :

169 570 387 625 Alleluia
419 572 594 644 sonat,
621 563 741 644 quis
765 560 840 644 oli_
873 566 1052 644 tamen
1074 555 1319 644 aula‘erit
1351 553 1623 644 IBIIdAlIiI‘CI

169 642 231 692 Et
259 643 397 692 Dens
425 646 479 690 et
503 625 757 686 Dominus
789 628 1082 704 placandus
1111 630 1293 704 noster
1312 625 1519 704 ubique
1555 630 1655 683 est,

166 711 315 774 Quod
337 715 486 774 juvet
508 704 574 775 iis
598 717 695 755 nos
717 696 934 766 scriptio
955 738 970 761 ,
996 705 1054 749 ut
1085 696 1223 775 alma
1247 702 1329 747 est
1355 696 1496 775 aeris
1517 706 1652 775 arce
1714 762 1727 772 .

167 760 298 832 Cum
323 760 600 844 apparebit
625 785 791 824 ovans
818 760 1097 844 servarunt
1136 764 1283 844 hinc,
1323 771 1378 816 et
1421 762 1560 844 rapit
1602 760 1729 814 ahni

169 833 509 900 'l‘urba'nihil
536 844 764 912 pcrdens
791 854 854 891 ac
883 835 1134 912 scandala
1171 833 1475 912 inabmpvet
1506 833 1588 883 ira

169 916 399 970 Devotos
428 901 653 966 famulos
681 910 945 962 frumenta
977 914 1036 957 ut
1063 905 1242 956 mittat
1271 903 1322 954 in
1346 901 1600 954 horreum

169 985 319 1040 Felix
346 985 436 1054 qui
468 983 607 1036 valet
639 980 797 1047 atque
823 977 947 1030 licet
971 975 1056 1028 cui
1087 972 1346 1025 scandere
1371 971 1588 1033 ca'lum,

3283 423 3388 476 338

1834 620 1932 672 Cui
1959 627 2139 670 manet
2165 618 2304 670 altus
2341 631 2494 668 amor
2514 614 2770 683 perfectio
2795 613 3036 667 redditur
3065 611 3260 664 omnis.

1836 689 2208 758 Angelicisque
2234 687 2418 740 choris
2436 684 2734 758 permixtus
2762 683 2953 758 gaudet
2987 683 3184 758 ubique

1834 751 2135 820 Laudibus,
2153 766 2211 810 et
2235 766 2410 811 certat
2430 751 2694 808 cantando
2718 751 2944 823 psallere
2981 751 3232 823 Christo.,

1833 827 2057 881 Cantica
2087 829 2186 881 rite
2207 843 2340 879 nova
2369 827 2469 880 hoc
2491 820 2734 878 studium
2756 823 3019 892 deponere
3049 820 3220 892 nescit
3247 838 3260 892 ξ

1836 898 2038 968 Regina
2064 899 2188 966 quia
2213 905 2412 950 attenta
2439 897 2518 951 sic
2548 905 2656 947 tum
2687 902 2742 946 et
2763 889 2896 945 bene
2919 891 3112 960 gaudia
3138 889 3306 942 novit.

1317 1138 1833 1202 DECLARATIO
1895 1131 2233 1193 FEGURE.

1669 1284 1873 1295 ...-

245 1404 379 1470 Quid
416 1403 593 1470 itaque
625 1399 741 1452 hare
777 1396 944 1465 ﬁgura
991 1394 1080 1456 sit,
1115 1401 1172 1446 et
1203 1392 1330 1459 quid
1365 1388 1645 1460 signiﬁcet,
1677 1394 1738 1438 ut

170 1503 468 1563 exponatur
504 1503 721 1543 necesse
754 1494 858 1538 est.
900 1484 1016 1537 Una
1049 1482 1264 1549 quidem
1296 1479 1396 1532 ista
1431 1487 1516 1531 est
1544 1477 1736 1546 ﬁgura-

171 1599 313 1645 rum,
347 1597 464 1650 qua:
503 1578 834 1648 appellantur
872 1581 1010 1625 noue
1050 1569 1456 1631 sententiannn,
1493 1564 1737 1634 speciali-

1840 1381 2104 1435 Salutaris
2121 1421 2137 1443 ,
2173 1378 2439 1439 Salvator,
2465 1375 2692 1429 Veritas.
2717 1375 2821 1428 Sed
2844 1376 2949 1427 duo
2974 1376 3188 1428 nomina
3213 1375 3400 1429 Greca

1840 1473 2135 1543 posteriora
2164 1473 2380 1538 integra
2421 1470 2560 1522 serie
2587 1469 2883 1520 litterarum
2930 1467 3230 1534 conscripta
3256 1478 3403 1530 sunt,

1842 1564 1894 1617 id
1923 1572 2006 1616 est
2056 1580 2070 1614 :
2114 1570 2284 1620 lnCTc
2325 1568 2379 1611 ct
2404 1567 2642 1613 AAHGIA.
2675 1559 2912 1610 Tertium
2944 1565 3148 1622 autem,
3188 1558 3240 1612 id
3290 1567 3404 1619 est,

171 1634 707 1744 'vdcabulo-hzcc
742 1682 771 1718 a
800 1664 1000 1718 Grmcis
1034 1671 1296 1714 vocantur
1323 1659 1634 1719 chrisiruon,
1672 1671 1738 1708 cx
1767 1634 1812 1690 Β
1838 1663 2042 1717 contr,
2077 1654 2366 1706 secundum
2404 1665 2607 1703 morem
2636 1649 2835 1702 Gnecm
2858 1649 3266 1716 conscriptionis
3304 1649 3408 1701 tri-

171 1763 445 1817 voluntate
488 1754 901 1822 uniuscujusque
945 1754 1012 1807 ad
1057 1751 1258 1818 aliquid
1314 1749 1606 1801 notandum
1658 1747 1738 1798 in-

169 1863 355 1908 venta.
377 1902 381 1905 .
400 1827 508 1905 Sed
544 1849 746 1916 majore
779 1845 1036 1912 dignitate
1067 1856 1096 1892 a
1131 1837 1451 1893 Christianis
1472 1836 1541 1889 ad
1565 1834 1738 1903 etpri—

171 1944 426 1997 mendum
449 1955 640 1994 nomen
667 1935 866 1989 Christi
894 1931 1202 1993 assumitur,
1224 1927 1380 1998 quasi
1408 1926 1527 1980 dua:
1552 1925 1742 1977 littera:

169 2036 360 2104 prima:
403 2030 614 2084 nomine
651 2027 766 2094 ejus
795 2041 902 2078 uno
930 2026 1385 2089 nionogrammate
1431 2015 1588 2070 simul
1634 2015 1744 2067 sint

174 2122 598 2188 comprehensae,
624 2115 674 2168 id
698 2122 803 2177 est,
835 2123 876 2166 Χ
911 2119 966 2165 et
995 2123 1049 2163 Ρ.
1088 2109 1198 2163 Cur
1214 2118 1391 2160 autem
1420 2105 1577 2158 modo
1599 2119 1627 2156 τι
1649 2117 1744 2155 no-

171 2213 259 2266 bis
293 2212 342 2262 in
366 2211 467 2261 hoc
485 2222 617 2274 opus
645 2205 716 2257 sit
742 2210 1034 2269 assumpta,
1070 2200 1182 2251 base
1206 2197 1343 2250 ratio
1365 2203 1450 2248 est
1480 2212 1494 2244 :
1526 2203 1746 2247 notatur

172 2301 317 2354 enim
356 2299 407 2350 in
449 2297 562 2365 ipsa
607 2293 695 2346 ille
724 2305 978 2344 numerus
1019 2288 1248 2349 dierum,
1287 2299 1396 2352 quo
1425 2282 1747 2352 pradicasse

172 2389 376 2443 mundo
402 2386 646 2440 Christus
671 2381 928 2443 creditur,
963 2387 1020 2433 et
1058 2378 1145 2430 ille
1185 2375 1275 2444 qui
1307 2384 1430 2428 ante
1459 2373 1744 2426 adventum

173 2477 294 2544 ejus
331 2475 641 2536 secundum,
688 2473 754 2524 ab
781 2467 1096 2522 Antichristi
1140 2464 1470 2532 temporibus
1492 2477 1664 2530 usque
1690 2464 1743 2515 in

176 2567 338 2619 ﬁnem
381 2565 562 2617 mundi
615 2563 862 2623 futurus,
906 2559 1197 2613 secundum
1239 2555 1473 2607 Danielis
1513 2554 1742 2623 prophe-

176 2657 310 2708 tiam
333 2656 399 2707 ab
425 2652 739 2707 ortbodoxis
766 2649 1018 2703 Ecclesia:
1039 2644 1308 2714 magistris
1335 2645 1609 2712 expositus
1628 2650 1744 2705 est,

176 2753 238 2797 ut
266 2745 319 2796 in
344 2755 379 2796 P
414 2743 587 2795 littera
619 2741 767 2809 prior
809 2751 1065 2790 numerus
1087 2777 1102 2799 ,
1139 2735 1191 2787 id
1235 2742 1338 2797 est,
1379 2747 1571 2795 ICCLX,
1605 2731 1748 2799 quod

177 2844 306 2888 sunt
329 2849 389 2886 ιιι
420 2833 544 2886 anni
565 2831 821 2894 etsemis,
853 2829 1176 2889 inveniatur,
1199 2841 1305 2894 quo
1342 2826 1596 2892 temporis
1627 2839 1748 2892 spa-

178 2926 257 2978 tio
281 2924 527 2978 Christus
567 2922 765 2975 mundo
794 2921 1112 2988 przedicasse
1148 2917 1507 2986 cognoscitur.
1539 2915 1749 2969 Menses

179 3016 324 3070 enim
354 3015 514 3066 trium
545 3013 706 3078 semis
746 3026 1004 3064 annorum
1030 3051 1044 3066 .
1085 3010 1138 3062 id
1176 3017 1278 3072 est,
1314 3008 1495 3061 tricies
1521 3008 1749 3076 quadra-

181 3103 302 3174 geni
330 3111 384 3154 et
412 3102 544 3162 bini,
585 3102 752 3154 ncc‘Lx
784 3100 897 3153 dies
940 3100 1176 3152 efﬁciunt
1196 3139 1210 3156 .
1253 3099 1350 3152 sub
1387 3112 1495 3165 quo
1528 3111 1751 3149 numero

182 3194 376 3247 civitas
409 3203 594 3246 saneta
642 3191 838 3246 calcari
872 3207 900 3243 a
942 3191 1189 3260 gentibus
1229 3190 1281 3241 in
1307 3187 1626 3258 Apocalypsi
1654 3187 1748 3240 de—

183 3283 458 3345 scribitur,
488 3291 540 3334 et
566 3282 755 3334 mulier
780 3297 807 3332 a
836 3280 970 3334 facie
996 3279 1246 3333 draconis
1270 3277 1452 3348 fugere
1478 3278 1532 3331 in
1567 3278 1752 3331 solitu-

183 3371 388 3433 dinem,
413 3372 499 3423 ubi
529 3372 687 3423 habet
715 3369 886 3422 locum
913 3377 1154 3436 paratum
1176 3382 1205 3418 a
1234 3366 1364 3430 Deo,
1388 3374 1448 3418 ut
1464 3367 1535 3419 ibi
1557 3381 1751 3433 pasca-

184 3472 273 3513 tur
315 3461 500 3512 eodem
549 3474 770 3512 numero
814 3459 1042 3521 dierum,
1088 3457 1180 3526 qui
1225 3472 1478 3531 numerus
1529 3458 1753 3526 mystice

183 3550 366 3603 omnia
413 3549 832 3602 Christianitatis
867 3555 1104 3621 tempora
1135 3546 1506 3615 complectitur
1526 3587 1542 3610 ,
1571 3555 1631 3598 ut
1652 3546 1750 3597 Pa-

184 3652 330 3692 trum
367 3639 518 3693 habe:
546 3638 698 3692 ﬁrma
740 3638 976 3698 traditio.
1019 3637 1155 3701 Quia
1190 3636 1436 3690 Christus
1471 3635 1624 3702 cujus
1652 3637 1754 3688 hoc

183 3744 385 3798 corpus
407 3738 491 3781 est
516 3736 720 3781 tantum
768 3728 822 3780 in
869 3742 1031 3781 carne
1074 3727 1330 3794 temporis
1353 3726 1748 3794 pne-dicaverit,

182 3838 293 3890 quo
325 3820 437 3873 sive
467 3819 564 3887 sub
607 3833 700 3886 spe
719 3826 1039 3870 autemet-um
1065 3817 1490 3885 peregrinatione
1517 3831 1751 3884 praesen-

183 3913 255 3964 tis
286 3910 453 3962 eremi
479 3908 690 3975 gaudet,
720 3921 812 3959 seu
841 3906 1229 3975 persecutionis
1254 3905 1548 3958 molestiam
1577 3904 1644 3956 ab
1669 3905 1751 3956 in-

185 3999 437 4053 ﬁdelibus
463 3997 544 4051 vel
568 4013 599 4050 a
629 3995 774 4049 falsis
800 3996 1054 4050 fratribus
1083 3997 1303 4064 patitur.
1336 4007 1376 4048 x
1405 3996 1585 4064 itaque
1615 3995 1755 4048 litte-

183 4107 251 4144 ra
285 4089 437 4142 illum
466 4103 743 4142 numerum
780 4088 1040 4151 continet,
1081 4103 1237 4154 quem
1268 4088 1501 4141 Danielis
1523 4090 1756 4156 prophe-

186 4184 264 4236 tia
299 4180 546 4250 pratdixit
581 4180 632 4232 in
661 4179 976 4233 Antichristi
1007 4189 1247 4247 tempore
1268 4178 1528 4243 futurum,
1560 4179 1614 4232 id
1648 4188 1754 4242 est,

184 4285 473 4327 scccxxxv
513 4269 645 4323 dies.
680 4268 757 4321 lta
783 4270 924 4322 enim
955 4269 1026 4322 ibi
1052 4270 1310 4336 scriptum
1338 4277 1456 4322 est:
1483 4268 1551 4320 Et
1579 4267 1756 4319 beatus

182 4363 281 4432 qui
323 4370 580 4429 exspectat
630 4369 676 4412 et
719 4360 941 4429 pervenit
973 4376 1143 4437 usque
1191 4360 1261 4411 ad
1305 4361 1415 4412 dies
1460 4374 1755 4412 lcccxxxv.

184 4451 351 4518 Quod
372 4451 560 4504 beatus
588 4451 1024 4519 Hieronymusita
1045 4451 1292 4517 exponit:
1323 4449 1539 4514 Beatus,
1569 4450 1757 4518 inquit,

183 4546 311 4612 qui,
336 4541 618 4596 interfecto
639 4540 984 4602 Antichristo,
1014 4557 1171 4608 supra
1204 4556 1371 4595 lccxc
1400 4541 1535 4604 dies,
1570 4539 1620 4594 id
1657 4549 1757 4601 est,

185 4648 308 4689 tres
328 4634 491 4687 semis
509 4648 699 4697 annos,
725 4631 839 4685 dies
854 4646 953 4684 ην
979 4632 1335 4702 ιιι-αξδωιειιιιν,
1355 4631 1547 4700 quibus
1559 4640 1641 4683 est
1663 4631 1762 4682 Do—

187 4725 379 4777 minus
393 4732 551 4790 atque
583 4720 829 4775 Salvator
849 4722 901 4774 in
920 4737 1016 4774 sua
1038 4721 1312 4789 majestate
1327 4729 1599 4774 venturus.
1622 4719 1761 4785 Qua-

187 4831 254 4868 re
287 4820 467 4865 autem
490 4819 609 4879 post
632 4808 1056 4873 Interfectionem
1076 4810 1387 4862 Antichristi
1431 4825 1531 4862 ην
1557 4810 1760 4872 dierum

187 4900 475 4955 silentium
517 4901 624 4964 sit,
665 4901 857 4954 divinae
888 4902 1125 4954 scientia:
1147 4910 1231 4954 est
1254 4941 1270 4965 ,
1316 4901 1419 4953 nisi
1450 4899 1588 4954 forte
1617 4901 1764 4953 dica-

187 5007 321 5044 mus
345 5006 359 5042 :
391 4990 582 5044 Dilatio
610 4994 760 5062 regni
777 5001 1082 5046 sanctorum
1107 4994 1349 5061 probatio
1369 5000 1449 5047 est
1473 4993 1760 5062 patientia.

188 5081 309 5134 Sed
330 5080 455 5148 quia
490 5080 818 5136 manifestior
848 5082 986 5137 ratio
1009 5091 1091 5135 est
1131 5097 1292 5151 supra
1327 5082 1468 5136 dicta
1498 5123 1513 5144 ,
1551 5082 1594 5134 si
1622 5081 1761 5149 ipsas

187 5171 434 5231 litteras,
461 5184 578 5236 quse
624 5170 676 5221 in
708 5171 809 5223 hac
839 5170 1004 5239 ﬁgura
1037 5171 1352 5239 conscripta:
1387 5179 1513 5224 sunt
1543 5179 1598 5223 et
1621 5170 1761 5238 posi-

191 5258 347 5310 tione
372 5271 467 5309 sua
492 5273 889 5326 monogramma
918 5261 1228 5323 conﬁciunt,
1257 5259 1413 5312 simul
1437 5275 1557 5312 eum
1577 5273 1761 5311 earum

189 5359 430 5397 nnniero
474 5346 765 5399 secundum
802 5348 1041 5401 ordinem
1079 5349 1499 5412 conscribamus,
1533 5349 1761 5416 spatium

188 5430 412 5483 calamo
436 5431 502 5482 ad
533 5432 634 5484 hoc
663 5435 1003 5495 concedatur.
1032 5435 1250 5488 Littera:
1276 5444 1452 5489 autem
1475 5437 1528 5488 in
1561 5449 1593 5489 Ρ
1617 5437 1762 5504 posi-

190 5529 264 5572 tze
313 5521 417 5574 hoc
462 5531 677 5586 sonant,
718 5534 778 5584 ο,
825 5532 1028 5583 corur.
1068 5533 1254 5586 IHCIC.
1304 5535 1522 5580 AAHOIA
1553 5529 1652 5580 tria
1684 5529 1764 5580 vi-

190 5608 397 5664 delicet
438 5597 656 5664 nomina
690 5611 908 5678 Christi,
955 5629 1073 5682 quae
1117 5615 1278 5668 latine
1326 5615 1760 5684 interpretantur,

1785 4331 1834 4387 D

1837 1749 1937 1799 bus
1967 1751 2210 1816 (excepto
2235 1756 2275 1798 ο
2303 1744 2549 1812 articulo)
2583 1744 2773 1797 litteris
2814 1752 3062 1807 notatur,
3107 1754 3143 1803 C
3178 1744 3405 1808 scilicet,

1840 1846 1876 1887 tt
1901 1844 1954 1886 et
1975 1847 2008 1886 Ρ
2035 1853 2047 1884 :
2079 1843 2133 1886 et
2157 1835 2227 1886 ita
2257 1834 2390 1885 ﬁunt
2415 1847 2602 1886 omnes
2627 1833 2839 1894 litteraz,
2883 1848 3003 1899 qna:
3035 1834 3089 1885 in
3110 1846 3147 1886 ι»
3169 1835 3410 1888 conscri-

1840 1933 1944 1990 pta:
1972 1931 2133 1986 sunt,
2169 1938 2394 1976 numero
2419 1939 2514 1984 xv,
2554 1938 2781 1990 quarum
2813 1923 2983 1991 prima
3013 1933 3095 1977 est
3114 1935 3156 1979 ο
3177 1964 3194 1984 ,
3223 1941 3409 1979 nume-

1842 2032 1962 2069 rum
1988 2025 2181 2068 notaus
2205 2033 2305 2068 us
2327 2033 2340 2080 ;
2364 2015 2594 2068 secunda
2615 2008 2670 2078 α
2694 2031 2756 2068 cc
2785 2015 3125 2084 signiﬁcans;
3167 2018 3324 2072 tertia
3347 2030 3406 2079 tt,

1843 2121 1963 2176 eum
2013 2121 2104 2157 vm
2156 2121 2418 2166 numero,
2471 2117 2659 2173 quarta
2707 2118 2758 2168 P,
2803 2115 3018 2159 centum
3061 2109 3407 2176 exprimens;

1805 2236 1809 2237 ν
1843 2171 2029 2265 quinta
2058 2209 2073 2250 ι
2107 2199 2323 2261 decem;
2354 2171 2503 2249 sexta
2541 2205 2598 2258 tt,
2628 2205 2779 2260 octo;
2807 2198 3029 2264 septima
3055 2205 3109 2260 (ζ,
3131 2171 3229 2262 cc;
3257 2208 3407 2252 octa-

1844 2305 1910 2341 va
1937 2300 1996 2351 1‘,
2023 2303 2176 2352 cccc;
2201 2303 2339 2341 nona
2365 2296 2418 2348 C,
2454 2303 2547 2350 cc;
2575 2287 2781 2340 decima
2807 2296 2866 2350 Δ,
2893 2302 3090 2350 unum;
3129 2287 3408 2341 undecima

1844 2389 1909 2441 Δ,
1953 2392 2099 2439 xxx;
2157 2374 2469 2429 duodecima
2517 2387 2572 2438 tt,
2614 2390 2749 2438 rm;
2798 2375 3160 2429 tertiadecima
3204 2385 3270 2440 Θ,
3322 2391 3403 2434 rx:

1845 2467 2242 2535 quartadecima
2285 2478 2338 2528 ti,
2368 2482 2435 2529 x;
2467 2464 2860 2534 quintadecima
2894 2475 2953 2530 Δ,
2988 2481 3152 2519 ιιιιιιω
3184 2467 3409 2519 demon-

1845 2569 2042 2614 strans.
2064 2556 2193 2623 Qua:
2205 2557 2464 2626 copulata:
2477 2572 2682 2619 omnes,
2701 2555 2904 2611 faciunt
2918 2569 3197 2609 numerum
3217 2570 3404 2615 lacu.

1846 2658 1902 2704 et
1923 2649 2098 2702 adhuc
2125 2655 2406 2702 remanent
2428 2648 2494 2699 ad
2528 2647 2889 2715 supradictam
2915 2645 3294 2715 plenitudinem
3320 2661 3424 2712 nu-~

1845 2739 1980 2793 meri
2008 2755 2062 2801 ν,
2094 2753 2213 2806 qua:
2243 2737 2296 2790 in
2324 2737 2440 2805 ipso
2461 2731 2637 2794 adhuc
2661 2745 2935 2790 caractere
2970 2749 3002 2790 P
3032 2738 3257 2791 inveniri
3285 2751 3410 2807 pos-

1847 2835 1993 2891 sunt,
2035 2827 2127 2890 ita,
2151 2827 2198 2880 si
2235 2825 2505 2879 dividatur
2545 2828 2717 2895 ipsum
2748 2839 2796 2886 P,
2838 2827 2888 2880 id
2925 2839 3028 2891 est,
3068 2836 3128 2881 nt
3161 2843 3410 2897 suprema

1849 2932 1996 2988 pars,
2021 2932 2141 2985 quae
2163 2918 2215 2970 in
2238 2933 2297 2971 se
2324 2917 2608 2985 imaginem
2631 2931 2666 2972 Δ
2691 2919 2880 2972 liuent:
2919 2920 3098 2982 habet,
3122 2929 3412 2989 quaterna-

1773 2985 1819 3044 (ἶ
1850 2985 1989 3063 rium
2010 3023 2291 3062 numerum
2318 3009 2514 3078 signet,
2539 3018 2594 3062 et
2620 3009 2822 3073 inﬁma,
2844 3019 3002 3078 quat!
3029 2985 3278 3064 Lati-nam
3300 3011 3410 3064 for-

1850 3111 1982 3165 mat,
2008 3117 2170 3154 unum
2201 3115 2480 3154 numerum
2509 3110 2772 3171 potestate
2806 3102 3113 3156 Latinorum
3145 3103 3411 3164 ostendat.

1848 3200 1904 3245 et
1926 3192 2016 3245 ille
2051 3190 2380 3244 millenarius
2409 3199 2463 3244 et
2500 3191 2909 3246 ducentenarius
2945 3201 2998 3244 et
3032 3194 3415 3263 sexagenarius

1849 3295 2101 3333 numerus
2127 3279 2181 3332 in
2215 3292 2248 3333 P
2273 3280 2560 3332 invenitur.
2600 3290 2641 3334 Χ
2671 3288 2872 3343 autem,
2908 3296 3027 3349 qua:
3071 3281 3236 3334 altera
3287 3295 3414 3350 pars

1848 3379 1931 3424 est
1956 3370 2459 3439 monogrammatis,
2507 3371 2608 3422 tria
2652 3373 2863 3424 nomina
2903 3373 3152 3426 similiter
3177 3373 3415 3426 continet

1850 3458 2081 3521 Domini,
2129 3459 2181 3510 in
2222 3466 2346 3512 octo
2385 3459 2578 3512 litteris
2624 3461 2944 3529 conscripta,
2996 3462 3047 3514 id
3094 3473 3196 3526 est,
3235 3473 3412 3522 esea.

1849 3555 2133 3606 χρειω-ιο.
2180 3554 2364 3607 incrc.
2427 3547 2643 3601 Litterae
2699 3557 2876 3600 autem
2933 3549 3015 3601 ba:
3063 3557 3188 3602 sunt
3213 3530 3301 3613 ὀ,
3358 3566 3414 3603 ιι

1849 3637 2187 3704 exprimens,
2215 3645 2268 3695 (ζ.
2295 3651 2377 3689 cc.
2405 3646 2466 3689 Χ.
2507 3653 2538 3689 n
2561 3649 2698 3689 (2.1).
2729 3653 2779 3690 c.
2813 3647 2866 3695 (ζ.
2901 3653 2980 3692 cc.
3021 3649 3058 3691 t.
3108 3654 3159 3689 ι.
3200 3651 3253 3691 Β.
3294 3655 3414 3692 vin.

1850 3733 1903 3785 C.
1931 3742 2013 3780 cc.
2039 3726 2297 3779 denotans
2319 3765 2334 3788 ,
2361 3726 2450 3793 qui
2481 3726 2640 3779 simul
2667 3725 2799 3777 ﬁunt
2826 3741 3127 3788 ucccxxvn,
3162 3737 3218 3780 et
3240 3729 3413 3780 adhuc

1851 3826 2132 3871 remanent
2149 3833 2268 3881 vui,
2293 3818 2383 3886 qui
2412 3826 2695 3886 augentur,
2725 3817 2771 3871 si
2803 3830 2836 3871 Ε
2863 3818 3039 3872 littera
3068 3835 3186 3886 qua:
3215 3821 3266 3872 in
3296 3835 3410 3873 me—

1854 3909 1943 3961 dio
1985 3908 2284 3961 litterarum
2335 3915 2457 3961 octo
2496 3907 2597 3960 sita
2642 3917 2724 3961 est
2761 3907 2928 3960 vicem
2965 3908 3103 3961 clavi
3141 3909 3414 3973 obtinens,

1853 4015 1973 4052 cum
2019 4014 2239 4052 numero
2276 3998 2552 4052 octonario
2586 3999 2651 4052 de
2679 4010 2714 4051 Ρ
2746 3999 2987 4051 addatur.
3023 3998 3160 4051 Sunt
3201 4014 3415 4067 quoque

1856 4099 1966 4143 tres
1993 4104 2179 4143 versus
2200 4090 2256 4142 in
2285 4099 2743 4158 monogrammate
2768 4130 2783 4152 ,
2815 4089 2867 4140 in
2897 4089 3186 4157 majoribus
3222 4090 3416 4144 litteris

1856 4196 1976 4234 cum
2011 4179 2306 4233 minoribus
2334 4181 2478 4233 intus
2512 4180 2832 4248 conscripti,
2864 4195 3092 4248 quorum
3119 4181 3324 4248 primus
3346 4183 3416 4235 ab

1859 4271 1903 4325 Ο
1928 4271 2199 4340 incipiens
2235 4286 2330 4339 per
2358 4286 2547 4325 omnes
2583 4268 2812 4336 majores
2849 4270 3053 4322 litteras
3098 4271 3150 4322 in
3191 4271 3418 4324 circuitu

1861 4362 2035 4424 vadit,
2069 4376 2188 4429 quae
2226 4374 2260 4414 Α
2289 4361 2508 4428 ﬁguram
2549 4375 2708 4428 supra
2742 4361 2795 4413 in
2821 4373 2856 4413 Ρ
2881 4361 3200 4423 ostendunt,
3230 4369 3286 4414 et
3313 4362 3417 4412 duo

1861 4451 2073 4526 nomina
2111 4467 2280 4521 grzeca
2313 4458 2517 4514 tenent,
2548 4451 2650 4504 hoc
2683 4461 2785 4514 est,
2823 4461 2882 4504 0.
2907 4461 3110 4509 COTBP.
3145 4460 3325 4512 tnCrC.
3364 4454 3415 4504 in

1862 4553 2050 4593 novem
2081 4540 2275 4592 litteris
2293 4540 2676 4608 comprehensa
2702 4559 2715 4592 :

1859 4672 1975 4720 Nam
2001 4674 2124 4720 alma
2146 4673 2294 4722 decet
2324 4675 2511 4722 radiant
2531 4677 2705 4736 scripta
2730 4677 2839 4723 hinc
2858 4676 2982 4735 quod
3006 4679 3201 4723 nomine
3220 4677 3414 4727 Christi.

1863 4794 2138 4848 Secundus
2163 4811 2376 4863 quoque
2403 4797 2454 4849 in
2488 4797 2688 4866 reliqua
2720 4807 2868 4865 parte
2892 4810 2943 4862 P,
2969 4799 3020 4851 id
3045 4808 3148 4862 est,
3173 4799 3227 4852 in
3255 4801 3416 4864 linea,

1861 4900 1980 4953 quae
2016 4895 2161 4937 recta
2194 4889 2441 4939 deorsum
2475 4888 2639 4950 vadit,
2679 4895 2735 4940 et
2758 4903 2950 4940 nomen
2992 4898 3212 4942 ΔΛιιθιΔ
3253 4897 3415 4951 tenet,

1863 4975 1915 5027 in
1944 4990 2036 5027 sex
2071 4975 2265 5028 litteris
2291 4975 2493 5029 Graecis
2513 4978 2743 5045 scriptus
2771 4986 2873 5041 est,
2909 4978 3007 5030 iste
3031 4993 3046 5028 :

1983 5106 2157 5155 Sancta
2175 5109 2398 5156 salutaris
2419 5108 2578 5157 laudat
2600 5110 2703 5157 haec
2733 5111 2924 5170 scriptio
2947 5110 3204 5159 Christum.

1864 5227 2076 5281 Tertius
2097 5245 2330 5297 quoque,
2366 5231 2456 5298 qui
2488 5232 2540 5282 in
2572 5242 2613 5284 x
2641 5231 2818 5283 littera
2846 5247 2940 5284 vni
2971 5231 3183 5296 litteris,
3222 5233 3273 5284 in
3301 5235 3420 5300 qui-

1863 5318 1962 5370 bus
1989 5328 2114 5372 sunt
2143 5321 2243 5372 tria
2273 5322 2486 5374 nomina
2515 5331 2716 5387 notata,
2760 5323 2860 5376 hoc
2901 5333 3002 5386 est,
3042 5331 3254 5383 τιιεοο.
3282 5322 3416 5393 ιῡρ.

1865 5418 1978 5466 lus.
2004 5412 2240 5465 continet
2261 5413 2334 5465 ita
2360 5431 2373 5464 :

1984 5520 2201 5569 Christus
2223 5521 2363 5571 homo
2386 5531 2464 5572 est
2487 5523 2698 5584 placidus
2721 5536 2896 5586 nempe
2919 5525 3102 5645 arbitrr
3126 5527 3422 5634 Ιιίῗαφεὲιιε

3086 5601 3184 5634 nun
3234 5601 3247 5633 ι
