3958 6338
1198 297 1284 352 ns
1321 294 1661 354 LAUDIBUS
1701 296 1755 352 s.
1796 278 2060 354 cuneis.
2101 328 2169 336 —
2206 297 2331 352 ua.
2373 296 2408 354 ι.
3133 278 3140 286 ’
3325 297 3468 354 eis"

1377 426 1882 504 DECLARATIO
1938 411 2274 507 FIGURE.

288 650 421 703 Ecce
448 649 632 703 crucis
659 648 864 702 Domini
902 656 1125 716 quatuor
1159 663 1357 702 cornua
1399 650 1639 704 senarius
1675 666 1774 704 uu-
1801 660 1849 717 Α
1877 651 1951 704 De
1967 667 2070 720 qua
2086 651 2373 718 Apostolus
2390 660 2722 720 testatus-est
2746 649 3031 714 :C/tristus,
3058 650 3245 721 inquit.
3271 652 3456 731 [astus-

223 755 392 793 merus
443 739 696 792 decenter
746 738 1031 802 concludit,
1080 747 1134 793 et
1188 747 1351 794 totam
1394 740 1774 808 perfectionem

221 829 503 898 perpetrati
545 819 722 897 operis
750 828 982 882 ostendit
1016 846 1027 880 :
1061 829 1184 897 quia
1218 829 1270 882 in
1308 830 1418 898 ipsa
1446 845 1622 883 rerum
1650 843 1776 883 con-

220 920 355 973 ditor
379 919 979 971 consummationissua:
1006 916 1129 970 fecit
1146 916 1427 986 judicium,
1452 933 1591 982 cum,
1617 933 1772 971 acce-

219 1018 307 1078 pto
323 1008 526 1076 poculo,
554 1004 974 1060 Consummatum
1004 1015 1096 1072 est,
1122 1008 1273 1061 dixit.
1303 1006 1463 1061 Recte
1485 1008 1625 1061 enim
1646 1021 1773 1063 con-

217 1109 532 1154 summatum
575 1113 692 1152 esse
729 1099 982 1166 scriptum
1009 1108 1126 1162 est,
1161 1098 1246 1151 ubi
1286 1099 1571 1154 humanum
1607 1112 1772 1167 genus

217 1189 496 1244 liberatum
521 1197 630 1253 est;
675 1189 796 1257 quia
839 1204 941 1240 non
982 1188 1148 1240 solum
1170 1188 1491 1262 hominibus
1511 1187 1773 1256 passionis

217 1278 409 1333 Christi
447 1279 643 1332 factum
679 1277 912 1346 profuit,
945 1292 1063 1330 cum
1106 1277 1203 1344 ipsi
1234 1277 1614 1345 redemptionis
1649 1293 1772 1348 κταρ
1813 1321 1817 1325 λ

215 1371 342 1423 tiam
368 1369 636 1423 consecuti
657 1377 800 1432 sunt,
841 1369 931 1422 sed
956 1369 1114 1422 etiam
1138 1369 1442 1422 ctelestibus
1465 1368 1770 1438 angelorum

215 1461 400 1523 turbis,
446 1476 565 1513 cum
600 1461 656 1513 in
697 1475 760 1513 eo
787 1461 990 1513 numeri
1035 1460 1117 1514 sui
1163 1460 1542 1528 plenitudinem
1596 1461 1769 1528 adepti

212 1559 352 1604 sunt.
393 1537 596 1616 Quater.
624 1552 764 1603 enim
804 1551 915 1604 seni
958 1567 1082 1604 xxiv
1115 1552 1370 1616 reddunt;
1414 1568 1518 1620 quo
1546 1568 1769 1608 numero

212 1639 465 1694 horarum
512 1640 746 1694 caelestis
784 1642 988 1711 spherae
1017 1641 1245 1697 ambitus
1273 1642 1666 1707 circumfertur,
1715 1651 1769 1696 et

213 1729 474 1784 naturalis
502 1730 604 1783 diei
633 1745 820 1784 cursus
836 1729 1034 1798 judicio
1059 1731 1292 1785 siderum
1319 1731 1764 1786 cir‘cumeuntium

212 1819 654 1888 deprehenditur;
691 1836 795 1889 quo
821 1837 1041 1875 numero
1061 1821 1184 1875 libri
1208 1821 1413 1876 Veteris
1440 1821 1775 1895 Testamenti

211 1913 270 1965 in
303 1912 617 1966 canonicam
658 1913 1024 1966 auctoritatem
1052 1912 1190 1982 apud
1224 1912 1473 1968 llebraeos
1502 1914 1766 1983 recipiun—

1874 749 1946 792 est
1971 756 2063 809 pro
2087 740 2229 793 nobis
2257 741 2495 802 obediens
2525 741 2673 796 Patri
2692 759 2849 813 usque
2876 741 2943 799 ad
2969 751 3206 806 mortem,
3227 750 3444 798 mortem

1874 838 2042 882 autem
2067 832 2253 895 crucis,
2280 843 2486 902 propter
2506 833 2643 901 quod
2676 842 2722 886 et
2753 833 2888 888 Deus
2920 834 3163 887 exaltavit
3195 834 3370 898 illum,
3393 844 3441 887 et

1873 915 2011 970 dedit
2034 917 2113 970 illi
2137 935 2322 972 nomen
2354 921 2492 990 quod
2539 937 2588 975 es
2660 938 2812 990 super
2850 938 2998 976 omne
3039 939 3247 988 nomen,
3283 932 3338 976 ut
3371 921 3447 975 ἰιι

1874 1004 2077 1057 nomine
2113 1004 2239 1060 Jesu
2279 1023 2426 1070 came
2461 1001 2592 1078 genu
2637 1011 2898 1078 ﬂectatur,
2941 1009 3239 1075 caelestium,
3277 1021 3442 1063 terre-

1871 1096 2056 1149 striam
2095 1106 2142 1150 et
2185 1097 2544 1167 infernarum,
2595 1110 2643 1155 et
2699 1102 2862 1156 ornnis
2917 1101 3094 1172 lingua
3134 1102 3442 1171 conﬁteatur

1871 1186 1992 1256 quia
2017 1185 2269 1241 Dominus
2292 1189 2443 1243 Iesus
2473 1191 2523 1243 in
2545 1191 2710 1260 gloria
2740 1203 2809 1244 est
2840 1192 2933 1245 Dei
2964 1192 3158 1245 Patris.
3188 1192 3262 1246 De
3291 1183 3436 1246 thro-

1872 1292 1940 1334 no
1967 1291 2094 1346 ergo
2142 1279 2243 1332 isto
2282 1281 2571 1348 procedunt
2619 1281 2848 1351 fulgura,
2892 1296 3050 1336 voces
3080 1289 3134 1334 et
3179 1282 3437 1348 tonitrua,

1869 1367 1994 1434 quia
2040 1375 2157 1434 post
2193 1367 2496 1435 passionem
2536 1367 2828 1424 Salva'wis
2853 1411 2867 1434 ,
2901 1370 3347 1426 resurrectionem
3388 1379 3442 1424 et

1869 1453 2236 1506 ascensionem
2268 1454 2333 1507 ad
2360 1455 2564 1520 ccelos,
2606 1455 2850 1526 disupuli
2885 1458 2998 1526 ejus
3020 1498 3033 1522 ,
3066 1457 3204 1512 sicut
3232 1456 3441 1511 Marcus

1869 1544 2094 1607 scribit,
2141 1545 2356 1614 profecti
2403 1546 2810 1616 praedicaverunt
2856 1549 3068 1620 ubique,
3091 1549 3198 1603 Deo
3252 1566 3436 1618 coope-

1870 1643 2016 1712 rante
2068 1644 2117 1692 et
2155 1652 2441 1692 sermonem
2486 1637 2844 1709 conﬁrmante,
2878 1640 3204 1710 sequentibus
3255 1640 3435 1709 signis.

1869 1723 2106 1790 Quorum
2127 1741 2264 1779 unus
2285 1726 2621 1796 congregatis
2641 1725 2922 1785 adversnm
2943 1742 3004 1799 se
3022 1726 3218 1785 ludatis
3244 1743 3436 1798 magna

1869 1815 2186 1870 auctoritate
2212 1815 2484 1884 respondit
2510 1833 2521 1867 :
2555 1813 2749 1869 Notum
2773 1816 2860 1881 sit,
2882 1815 3070 1886 inquit,
3096 1818 3328 1872 omnibus
3351 1835 3438 1872 vo.

1869 1888 1943 1954 bis
1964 1912 2009 1954 et
2038 1902 2287 1956 universis
2304 1901 2439 1972 plebi
2459 1901 2651 1967 Israel,
2679 1892 2801 1983 quia
2830 1904 2883 1956 in
2909 1905 3112 1976 nomine
3133 1899 3259 1976 [esu
3282 1902 3436 1957 Chri-

210 2010 316 2065 tur,
351 2002 496 2055 Ruth
540 2010 594 2055 et
635 2001 839 2072 Cynoth
889 2001 1145 2056 librorum
1188 2003 1304 2057 vice
1340 2004 1763 2067 connumeratis;
1797 2007 1842 2066 B
1869 1991 1935 2044 δεῖ
1958 1990 2253 2059 Nazareni:
2279 2009 2431 2062 ςαετη
2463 1992 2822 2060 cruel/533.8%»
2856 1983 3006 2064 quem
3039 1988 3179 2058 οειιε
3215 1995 3435 2056 ιιιδείιο-

208 2108 312 2161 quo
341 2109 564 2149 numero
597 2094 648 2146 in
679 2102 850 2147 sortes
881 2093 1117 2148 Levitica
1148 2095 1316 2149 tribus
1341 2110 1435 2164 per
1465 2094 1630 2149 David
1658 2095 1766 2149 dis-

209 2183 407 2236 tributa
450 2191 567 2247 est,
611 2190 665 2235 et
699 2191 916 2238 cunctos
949 2181 1088 2239 filios
1133 2177 1312 2243 Aaron
1357 2199 1451 2253 per
1488 2185 1631 2239 vices
1658 2184 1768 2242 Deo

206 2275 518 2328 ministrare
545 2274 817 2330 decretum
845 2281 945 2338 est,
972 2282 1027 2330 et
1048 2275 1237 2330 merito
1256 2316 1270 2340 ,
1296 2283 1352 2330 ut
1380 2289 1632 2330 numerus
1658 2274 1767 2329 ele-

206 2370 419 2416 ctorum
464 2362 771 2430 pontificum
815 2371 1248 2432 praemonstraret
1283 2375 1541 2419 aeternum
1569 2363 1767 2419 Christi

206 2454 604 2519 sacerdotium,
643 2454 734 2522 qui
777 2452 1016 2523 pontifex
1059 2452 1230 2517 factus
1282 2456 1571 2510 secundum
1623 2455 1770 2510 ordi-

205 2559 326 2598 nem
371 2544 792 2607 Melchisedech,
832 2545 884 2622 in
920 2559 1016 2599 ara
1052 2545 1225 2600 crucis
1268 2545 1660 2610 immaculatum
1711 2560 1768 2600 se

204 2633 398 2688 obtulit
445 2635 676 2688 hostiam
728 2633 835 2688 Deo
865 2675 879 2699 ,
932 2651 1126 2705 agnum
1178 2635 1422 2690 videlicet
1475 2631 1768 2706 illumhqui

204 2722 427 2777 abstulit
456 2732 672 2792 peccata
717 2724 916 2787 mundi,
957 2723 1110 2792 cujus
1155 2725 1427 2792 sanguinis
1464 2725 1770 2801 aspersione

203 2822 391 2866 saneta
433 2822 484 2869 et
521 2821 704 2868 sancta
747 2821 1051 2868 sanctorum
1087 2816 1338 2868 mundata
1371 2824 1518 2881 sunt,
1565 2824 1619 2870 et
1644 2831 1768 2872 vera

201 2894 512 2971 expiatione
537 2911 875 2971 peccatorum
907 2905 1142 2958 omnium
1177 2904 1361 2960 serdes
1399 2905 1592 2960 ablatae
1623 2913 1764 2960 sunt.

203 2991 379 3061 Hujus
410 2991 756 3062 ejusdemque
789 2995 995 3048 numeri
1028 2996 1264 3050 seniores
1295 2997 1346 3049 in
1377 2996 1601 3050 circuitu
1630 2997 1772 3060 sedis

202 3080 346 3136 illius
371 3081 776 3150 potentissime,
808 3084 873 3136 de
897 3099 998 3154 qua
1022 3084 1366 3154 Apocalypsis
1393 3094 1604 3151 narrat,
1633 3086 1770 3142 unde

199 3173 506 3244 procedunt
530 3171 734 3241 fulgura
762 3212 777 3238 ,
809 3188 963 3226 voces
985 3183 1040 3227 et
1069 3174 1321 3240 tonitrua,
1349 3175 1549 3229 sedisse
1571 3174 1772 3230 descri-

198 3261 426 3326 buntur,
467 3261 761 3316 Ecclesiam
800 3262 1045 3318 videlicet
1093 3263 1430 3332 designantes
1473 3279 1568 3333 per
1603 3265 1770 3332 gemi-

1864 2085 1933 2136 vit
1964 2100 1995 2135 a
2025 2083 2275 2150 mortuis,
2320 2085 2374 2136 in
2412 2084 2506 2137 hoc
2546 2084 2639 2136 iste
2671 2092 2808 2136 astat
2831 2079 2980 2137 'vobis
3017 2100 3197 2136 sanus.
3223 2076 3323 2138 Hic
3360 2096 3430 2139 est

1865 2175 2018 2247 lapis,
2043 2178 2130 2246 qui
2153 2179 2450 2248 reprobatus
2477 2187 2548 2234 est
2575 2194 2607 2230 a
2643 2174 2780 2230 vobis
2803 2175 3201 2244 wdiﬂcanﬁbus,
3231 2178 3319 2247 qui
3345 2178 3432 2246 fa~
3486 2197 3495 2204 ·

1865 2276 1975 2320 ctus
2003 2276 2076 2321 est
2115 2268 2168 2319 in
2197 2275 2349 2336 caput
2379 2265 2555 2335 anguli
2580 2305 2596 2329 ,
2624 2274 2673 2318 et
2703 2281 2801 2318 non
2831 2272 2906 2317 est
2930 2264 2986 2318 in
3024 2263 3128 2317 alio
3151 2265 3325 2336 aliqua
3349 2282 3436 2318 sa-

1866 2355 1970 2421 lus,
1999 2372 2089 2409 nec
2111 2357 2244 2409 enim
2276 2353 2422 2408 aliud
2451 2371 2635 2435 nomen
2674 2361 2747 2407 est
2770 2353 2864 2406 sub
2899 2348 3023 2409 ctelo
3050 2352 3232 2406 datum
3267 2353 3433 2408 Itami-

1866 2449 2038 2514 nibus,
2061 2449 2122 2511 in
2145 2434 2244 2519 quo
2273 2434 2503 2519 oporteat
2530 2465 2620 2501 nos
2644 2447 2814 2502 salvos
2842 2441 2977 2516 ﬁeri.
3006 2439 3074 2501 Et
3096 2447 3282 2502 doctor
3307 2462 3434 2518 gen-
3507 2435 3511 2441 ’

1867 2543 1999 2594 tium
2027 2527 2319 2617 Corinthiis
2361 2542 2435 2596 ait
2481 2555 2495 2594 :
2545 2538 2670 2595 Non
2718 2540 2854 2596 enim
2890 2540 3074 2611 judico
3117 2538 3314 2611 aliquid
3353 2555 3433 2594 me

1865 2633 2001 2686 inter
2020 2648 2107 2685 vos
2143 2631 2275 2692 seire
2301 2632 2401 2686 nisi
2435 2631 2724 2698 Christum.
2768 2642 2813 2688 et
2851 2633 2986 2686 ht'nc
3016 2625 3346 2702 cruciﬁxum,
3379 2640 3434 2687 et

1869 2721 2088 2792 reliqua.
2124 2721 2190 2775 Et
2225 2708 2352 2782 item
2397 2707 2464 2778 ad
2494 2719 2712 2778 Galatas
2756 2713 2832 2777 ait
2869 2741 2882 2776 :
2923 2722 3054 2776 Δί”ιὶ
3088 2715 3259 2777 autem
3299 2722 3432 2776 absit

1867 2811 2082 2882 gloriari
2121 2812 2220 2864 nisi
2249 2802 2303 2865 in
2329 2798 2478 2866 cruce
2503 2812 2713 2867 Domini
2744 2813 2906 2887 nostri
2939 2811 3066 2867 Jesu
3094 2808 3308 2876 Christi,
3343 2828 3433 2880 per

1840 2893 2013 2972 iquent
2036 2901 2160 2954 mihi
2182 2902 2407 2956 mundus
2432 2904 2710 2972 cruciﬁxus
2731 2915 2826 2969 est,
2857 2913 2903 2957 et
2926 2921 3016 2975 ego
3041 2904 3250 2978 mundo,

1939 2991 2075 3048 Sunt
2123 3008 2333 3063 quoque
2366 2994 2420 3049 in
2459 3004 2689 3065 quatuor
2732 2994 2965 3068 trigonis,
3000 2995 3144 3051 circ'a
3192 3011 3425 3060 crucem,

1868 3092 2098 3156 quatuor
2125 3085 2342 3139 nomina
2384 3067 3056 3166 triumphatoris'ctelestis
3091 3086 3388 3156 conscripta
3410 3126 3426 3150 ,

1869 3191 1987 3245 quae
2014 3187 2193 3231 sancta
2223 3192 2356 3231 crux
2383 3176 2436 3231 in
2467 3179 2678 3232 modum
2710 3178 2954 3235 foliorum
2976 3178 3192 3247 repandi
3218 3171 3312 3231 lilii
3330 3192 3429 3247 per

1871 3282 2069 3323 cornua
2097 3267 2306 3333 dilatat,
2328 3263 2383 3323 et
2413 3285 2442 3322 a
2473 3270 2646 3324 medio
2679 3267 2882 3324 scilicet
2912 3269 2992 3324 sui
3022 3258 3314 3350 incipiens;
3329 3267 3428 3351 hoc

197 3366 323 3405 num
363 3359 742 3406 testamentum
770 3351 835 3408 de
857 3354 1175 3422 patriarchis
1195 3363 1250 3408 et
1270 3353 1520 3422 apostolis
1549 3370 1768 3428 genera-
1794 3342 1837 3402 C
1867 3365 1969 3421 est,
1996 3362 2026 3411 a
2047 3357 2252 3412 duobus
2278 3355 2596 3422 nominibus,
2625 3358 2869 3413 Christus
2893 3358 3064 3421 Iesus,
3093 3342 3168 3411 ita
3189 3342 3424 3426 quidem,

196 3451 326 3505 tam,
362 3458 491 3512 qua:
511 3441 577 3497 ob
597 3443 928 3510 judiciariam
964 3446 1077 3514 ejus
1119 3446 1172 3498 in
1206 3444 1416 3505 Christo
1457 3446 1765 3516 dignitatem

195 3530 251 3586 in
277 3531 514 3586 circuitu
546 3533 687 3587 illius
727 3534 924 3590 sedisse
954 3538 1209 3595 cernitur.
1251 3537 1325 3591 De
1354 3552 1458 3606 qua
1488 3538 1615 3593 dicit
1645 3537 1763 3591 Sal-

195 3631 350 3676 vator
371 3623 528 3693 regni
555 3624 638 3677 sui
680 3625 968 3693 potentiam
1010 3628 1380 3682 demonstrans
1407 3646 1418 3679 :
1449 3628 1518 3684 Et
1546 3645 1655 3700 ego,
1685 3630 1765 3687 iu-

194 3713 334 3778 quit,
359 3714 407 3766 si
438 3713 853 3784 exaltatusfuero
887 3734 918 3769 a
946 3725 1105 3782 terra,
1129 3720 1301 3771 omnia
1330 3719 1535 3772 traham
1564 3720 1631 3773 ad
1658 3736 1759 3774 me—

191 3803 384 3870 ipsum.
423 3803 824 3880 Traxitquippe
855 3806 921 3859 ad
948 3821 1008 3861 se
1047 3795 1234 3860 cuncta
1267 3791 1530 3874 Salvator,
1563 3823 1681 3866 cum
1707 3809 1763 3862 in

189 3907 356 3946 cruce
379 3892 612 3960 positus,
637 3908 847 3949 omnem
870 3895 950 3950 sib
967 3896 1192 3966 subjecit
1211 3905 1550 3965 potestatem,
1577 3897 1644 3951 de
1658 3913 1760 3967 qua

191 3995 487 4051 resurgens
507 3985 662 4037 tertia
683 3984 786 4051 die,
814 3985 1084 4054 discipulis
1108 3986 1223 4041 suis
1243 3986 1448 4040 locutus
1474 3994 1557 4041 est
1588 4003 1599 4039 :
1625 3985 1760 4040 Data

190 4079 288 4133 est,
330 4071 535 4141 inquit,
573 4073 700 4127 mihi
741 4076 905 4128 omnis
933 4085 1151 4144 potestas
1177 4077 1235 4135 in
1279 4075 1401 4131 caelo
1435 4086 1480 4131 et
1507 4079 1562 4131 in
1598 4086 1754 4134 terra.

1867 3455 1925 3500 ut
1960 3447 2014 3503 in
2054 3447 2178 3522 arce
2204 3448 2378 3515 crucis
2424 3449 2531 3502 sint
2574 3457 2629 3503 et
2665 3449 2716 3523 in
2763 3450 2870 3503 imo
2921 3449 3023 3503 duo
3062 3448 3274 3502 nomina
3311 3445 3429 3500 vice

1866 3538 2114 3604 filiorum,
2143 3539 2196 3593 id
2222 3549 2324 3603 est,
2355 3539 2531 3606 fortis,
2557 3539 2749 3604 virtus,
2775 3546 2932 3612 atque
2958 3535 3009 3590 in
3032 3537 3248 3591 dextera
3275 3544 3329 3589 et
3356 3535 3426 3618 si-

1865 3628 2029 3693 nistra
2053 3628 2155 3681 alia
2177 3629 2304 3694 duo,
2337 3627 2510 3695 idest,
2539 3628 2732 3693 victor,
2755 3627 2947 3690 clarus,
2976 3627 3158 3695 sicque
3184 3625 3286 3681 duo
3311 3638 3424 3677 ver-

1863 3733 1954 3773 sus
2001 3719 2185 3787 scripti
2217 3720 2558 3785 inveniuntur
2584 3718 2637 3770 in
2684 3731 2844 3771 cruce
2880 3716 2962 3792 ab.
2985 3721 3090 3770 uno
3137 3714 3344 3784 trigono
3371 3712 3422 3764 in

1866 3808 2048 3874 alium,
2079 3824 2304 3878 quorum
2334 3808 2433 3863 iste
2453 3814 2535 3861 est
2569 3814 2743 3862 textus
2767 3805 2819 3859 in
2838 3803 3165 3875 longitudine
3193 3821 3205 3855 :

1992 3919 2148 3970 Fortis
2170 3921 2431 3982 complevit
2451 3920 2667 3971 Christus
2695 3931 2781 3968 sua
2817 3918 2990 3968 famina
3016 3919 3191 3966 virtus.

1866 4021 1918 4074 In
1947 4020 2226 4074 latitudine
2254 4035 2466 4089 quoque
2500 4035 2511 4073 .'

1988 4110 2150 4160 Victor
2175 4115 2462 4172 consignatis
2476 4109 2622 4159 Iesus
2641 4111 2716 4171 pia
2741 4109 2933 4171 pramta
2957 4107 3135 4156 clarus.
