  <div class='ocr_page' id='page_1' title='image "/cluster/home/n/w/nwhite01/storage/ocr_20150623/107/uva.x000827064/128.png"; bbox 0 0 3958 6328; ppageno 0'>
   <div class='ocr_carea' id='block_1_1' title="bbox 237 214 342 276">
    <p class='ocr_par' dir='ltr' id='par_1_1' title="bbox 237 214 342 276">
     <span class='ocr_line' id='line_1_1' title="bbox 237 214 342 276; baseline 0 -4"><span class='ocrx_word' id='word_1_1' title='bbox 237 214 342 276; x_wconf 64' lang='grc'><strong>948</strong></span> 
     </span>
    </p>
   </div>
   <div class='ocr_carea' id='block_1_2' title="bbox 1242 179 2443 269">
    <p class='ocr_par' dir='ltr' id='par_1_2' title="bbox 1242 179 2443 269">
     <span class='ocr_line' id='line_1_2' title="bbox 1242 179 2443 269; baseline 0.001 -2"><span class='ocrx_word' id='word_1_2' title='bbox 1242 213 1327 269; x_wconf 70' lang='lat' dir='ltr'><strong>ns</strong></span> <span class='ocrx_word' id='word_1_3' title='bbox 1366 179 1699 267; x_wconf 62' lang='lat' dir='ltr'><strong>canemus</strong></span> <span class='ocrx_word' id='word_1_4' title='bbox 1738 212 1792 264; x_wconf 85' lang='lat' dir='ltr'><strong>s.</strong></span> <span class='ocrx_word' id='word_1_5' title='bbox 1836 211 2099 266; x_wconf 73' lang='lat' dir='ltr'><strong>t:ltlit‘.lS.</strong></span> <span class='ocrx_word' id='word_1_6' title='bbox 2143 243 2201 251; x_wconf 70' lang='grc'><strong><em>-</em></strong></span> <span class='ocrx_word' id='word_1_7' title='bbox 2242 212 2363 267; x_wconf 76' lang='lat' dir='ltr'><strong>Lm.</strong></span> <span class='ocrx_word' id='word_1_8' title='bbox 2406 215 2443 269; x_wconf 83' lang='grc' dir='ltr'><strong>ι.</strong></span> 
     </span>
    </p>
   </div>
   <div class='ocr_carea' id='block_1_3' title="bbox 3337 219 3442 270">
    <p class='ocr_par' dir='ltr' id='par_1_3' title="bbox 3337 219 3442 270">
     <span class='ocr_line' id='line_1_3' title="bbox 3337 219 3442 270; baseline 0.01 -1"><span class='ocrx_word' id='word_1_9' title='bbox 3337 219 3442 270; x_wconf 59' lang='lat' dir='ltr'><strong>241i</strong></span> 
     </span>
    </p>
   </div>
   <div class='ocr_carea' id='block_1_4' title="bbox 1416 324 2302 389">
    <p class='ocr_par' dir='ltr' id='par_1_4' title="bbox 1416 324 2302 389">
     <span class='ocr_line' id='line_1_4' title="bbox 1416 324 2302 389; baseline -0.003 -1"><span class='ocrx_word' id='word_1_10' title='bbox 1416 324 1918 389; x_wconf 77' lang='lat' dir='ltr'><strong>DECLARATIO</strong></span> <span class='ocrx_word' id='word_1_11' title='bbox 1973 326 2302 385; x_wconf 67' lang='lat' dir='ltr'><strong>FIGURAE.</strong></span> 
     </span>
    </p>
   </div>
   <div class='ocr_carea' id='block_1_5' title="bbox 1632 443 2014 455">
    <p class='ocr_par' dir='ltr' id='par_1_5' title="bbox 1632 443 2014 455">
     <span class='ocr_line' id='line_1_5' title="bbox 1632 443 2014 455; baseline -0.003 -1"><span class='ocrx_word' id='word_1_12' title='bbox 1632 443 2014 455; x_wconf 75' lang='lat'><strong>———————</strong></span> 
     </span>
    </p>
   </div>
   <div class='ocr_carea' id='block_1_6' title="bbox 312 502 3440 583">
    <p class='ocr_par' dir='ltr' id='par_1_6' title="bbox 312 502 3440 583">
     <span class='ocr_line' id='line_1_6' title="bbox 312 502 3440 583; baseline -0.004 -12"><span class='ocrx_word' id='word_1_13' title='bbox 312 515 564 571; x_wconf 79' lang='lat' dir='ltr'><strong>Continet</strong></span> <span class='ocrx_word' id='word_1_14' title='bbox 586 528 716 583; x_wconf 84' lang='lat' dir='ltr'><strong>ergo</strong></span> <span class='ocrx_word' id='word_1_15' title='bbox 742 514 853 567; x_wconf 73' lang='lat' dir='ltr'><strong>hcce</strong></span> <span class='ocrx_word' id='word_1_16' title='bbox 881 510 1043 580; x_wconf 87' lang='lat' dir='ltr'><strong>ﬁgura</strong></span> <span class='ocrx_word' id='word_1_17' title='bbox 1068 517 1260 561; x_wconf 72' lang='lat' dir='ltr'><strong>sancta:</strong></span> <span class='ocrx_word' id='word_1_18' title='bbox 1286 506 1460 559; x_wconf 90' lang='lat' dir='ltr'><strong>crucis</strong></span> <span class='ocrx_word' id='word_1_19' title='bbox 1490 506 1540 557; x_wconf 93' lang='lat' dir='ltr'><strong>in</strong></span> <span class='ocrx_word' id='word_1_20' title='bbox 1571 512 1794 572; x_wconf 90' lang='lat' dir='ltr'><strong>quatuor</strong></span> <span class='ocrx_word' id='word_1_21' title='bbox 1824 507 1867 562; x_wconf 80' lang='grc' dir='ltr'>Α</span> <span class='ocrx_word' id='word_1_22' title='bbox 1895 517 1989 555; x_wconf 86' lang='lat' dir='ltr'><strong>sua</strong></span> <span class='ocrx_word' id='word_1_23' title='bbox 2011 511 2227 555; x_wconf 87' lang='lat' dir='ltr'><strong>cantant</strong></span> <span class='ocrx_word' id='word_1_24' title='bbox 2252 502 2377 566; x_wconf 91' lang='lat' dir='ltr'><strong>Deo,</strong></span> <span class='ocrx_word' id='word_1_25' title='bbox 2403 503 2491 570; x_wconf 95' lang='lat' dir='ltr'><strong>qui</strong></span> <span class='ocrx_word' id='word_1_26' title='bbox 2522 503 2770 572; x_wconf 65' lang='lat' dir='ltr'><strong>angelicae</strong></span> <span class='ocrx_word' id='word_1_27' title='bbox 2788 502 3061 573; x_wconf 83' lang='lat' dir='ltr'><strong>privilegio</strong></span> <span class='ocrx_word' id='word_1_28' title='bbox 3087 506 3346 558; x_wconf 84' lang='lat' dir='ltr'><strong>castitatis</strong></span> <span class='ocrx_word' id='word_1_29' title='bbox 3364 514 3440 558; x_wconf 87' lang='lat' dir='ltr'><strong>to-</strong></span> 
     </span>
    </p>
   </div>
   <div class='ocr_carea' id='block_1_7' title="bbox 247 593 1792 676">
    <p class='ocr_par' dir='ltr' id='par_1_7' title="bbox 247 593 1792 676">
     <span class='ocr_line' id='line_1_7' title="bbox 247 593 1792 676; baseline -0.01 -15"><span class='ocrx_word' id='word_1_30' title='bbox 247 606 561 676; x_wconf 84' lang='lat' dir='ltr'><strong>pentagonis</strong></span> <span class='ocrx_word' id='word_1_31' title='bbox 608 603 853 665; x_wconf 81' lang='lat' dir='ltr'><strong>formata,</strong></span> <span class='ocrx_word' id='word_1_32' title='bbox 888 615 1164 654; x_wconf 89' lang='lat' dir='ltr'><strong>numerum</strong></span> <span class='ocrx_word' id='word_1_33' title='bbox 1205 612 1357 650; x_wconf 71' lang='lat' dir='ltr'><strong>cxttv</strong></span> <span class='ocrx_word' id='word_1_34' title='bbox 1387 596 1703 655; x_wconf 89' lang='lat' dir='ltr'><strong>litterarum,</strong></span> <span class='ocrx_word' id='word_1_35' title='bbox 1741 593 1792 645; x_wconf 89' lang='lat' dir='ltr'><strong>in</strong></span> 
     </span>
    </p>
   </div>
   <div class='ocr_carea' id='block_1_8' title="bbox 248 681 1796 765">
    <p class='ocr_par' dir='ltr' id='par_1_8' title="bbox 248 681 1796 765">
     <span class='ocr_line' id='line_1_8' title="bbox 248 681 1796 765; baseline -0.011 -16"><span class='ocrx_word' id='word_1_36' title='bbox 248 703 476 765; x_wconf 77' lang='lat' dir='ltr'><strong>quatuor</strong></span> <span class='ocrx_word' id='word_1_37' title='bbox 503 693 747 748; x_wconf 77' lang='lat' dir='ltr'><strong>versibus</strong></span> <span class='ocrx_word' id='word_1_38' title='bbox 772 689 1122 756; x_wconf 89' lang='lat' dir='ltr'><strong>conscriptum</strong></span> <span class='ocrx_word' id='word_1_39' title='bbox 1152 727 1163 738; x_wconf 91' lang='lat'><strong>.</strong></span> <span class='ocrx_word' id='word_1_40' title='bbox 1196 685 1482 739; x_wconf 81' lang='lat' dir='ltr'><strong>secundum</strong></span> <span class='ocrx_word' id='word_1_41' title='bbox 1511 681 1661 750; x_wconf 85' lang='lat' dir='ltr'><strong>cujus</strong></span> <span class='ocrx_word' id='word_1_42' title='bbox 1681 682 1796 750; x_wconf 88' lang='lat' dir='ltr'><strong>plu-</strong></span> 
     </span>
    </p>
   </div>
   <div class='ocr_carea' id='block_1_9' title="bbox 249 770 1795 844">
    <p class='ocr_par' dir='ltr' id='par_1_9' title="bbox 249 770 1795 844">
     <span class='ocr_line' id='line_1_9' title="bbox 249 770 1795 844; baseline -0.011 -4"><span class='ocrx_word' id='word_1_43' title='bbox 249 784 513 839; x_wconf 81' lang='lat' dir='ltr'><strong>ralitatem</strong></span> <span class='ocrx_word' id='word_1_44' title='bbox 540 780 834 835; x_wconf 86' lang='lat' dir='ltr'><strong>millenario</strong></span> <span class='ocrx_word' id='word_1_45' title='bbox 853 777 1194 844; x_wconf 88' lang='lat' dir='ltr'><strong>multiplicato</strong></span> <span class='ocrx_word' id='word_1_46' title='bbox 1220 774 1270 826; x_wconf 90' lang='lat' dir='ltr'><strong>in</strong></span> <span class='ocrx_word' id='word_1_47' title='bbox 1290 772 1599 841; x_wconf 75' lang='lat' dir='ltr'><strong>Apocalypsi</strong></span> <span class='ocrx_word' id='word_1_48' title='bbox 1618 770 1795 824; x_wconf 87' lang='lat' dir='ltr'><strong>multi—</strong></span> 
     </span>
    </p>
   </div>
   <div class='ocr_carea' id='block_1_10' title="bbox 252 860 1796 940">
    <p class='ocr_par' dir='ltr' id='par_1_10' title="bbox 252 860 1796 940">
     <span class='ocr_line' id='line_1_10' title="bbox 252 860 1796 940; baseline -0.012 -10"><span class='ocrx_word' id='word_1_49' title='bbox 252 873 379 930; x_wconf 85' lang='lat' dir='ltr'><strong>tudo</strong></span> <span class='ocrx_word' id='word_1_50' title='bbox 404 873 495 928; x_wconf 85' lang='lat' dir='ltr'><strong>illa</strong></span> <span class='ocrx_word' id='word_1_51' title='bbox 543 873 889 940; x_wconf 79' lang='lat' dir='ltr'><strong>signatorum,</strong></span> <span class='ocrx_word' id='word_1_52' title='bbox 924 882 987 920; x_wconf 76' lang='lat' dir='ltr'><strong>ex</strong></span> <span class='ocrx_word' id='word_1_53' title='bbox 1025 865 1166 918; x_wconf 91' lang='lat' dir='ltr'><strong>omni</strong></span> <span class='ocrx_word' id='word_1_54' title='bbox 1213 863 1352 915; x_wconf 86' lang='lat' dir='ltr'><strong>tribu</strong></span> <span class='ocrx_word' id='word_1_55' title='bbox 1383 862 1607 915; x_wconf 91' lang='lat' dir='ltr'><strong>ﬁliorum</strong></span> <span class='ocrx_word' id='word_1_56' title='bbox 1637 860 1796 914; x_wconf 88' lang='lat' dir='ltr'><strong>Israel</strong></span> 
     </span>
    </p>
   </div>
   <div class='ocr_carea' id='block_1_11' title="bbox 252 950 1795 1033">
    <p class='ocr_par' dir='ltr' id='par_1_11' title="bbox 252 950 1795 1033">
     <span class='ocr_line' id='line_1_11' title="bbox 252 950 1795 1033; baseline -0.012 -14"><span class='ocrx_word' id='word_1_57' title='bbox 252 969 609 1033; x_wconf 81' lang='lat' dir='ltr'><strong>computatur,</strong></span> <span class='ocrx_word' id='word_1_58' title='bbox 656 956 1011 1024; x_wconf 85' lang='lat' dir='ltr'><strong>numerusque</strong></span> <span class='ocrx_word' id='word_1_59' title='bbox 1054 954 1137 1007; x_wconf 90' lang='lat' dir='ltr'><strong>ille</strong></span> <span class='ocrx_word' id='word_1_60' title='bbox 1177 953 1489 1012; x_wconf 79' lang='lat' dir='ltr'><strong>albatorum,</strong></span> <span class='ocrx_word' id='word_1_61' title='bbox 1538 950 1627 1017; x_wconf 90' lang='lat' dir='ltr'><strong>qui</strong></span> <span class='ocrx_word' id='word_1_62' title='bbox 1674 963 1795 1002; x_wconf 88' lang='lat' dir='ltr'><strong>cum</strong></span> 
     </span>
    </p>
   </div>
   <div class='ocr_carea' id='block_1_12' title="bbox 250 1039 1795 1123">
    <p class='ocr_par' dir='ltr' id='par_1_12' title="bbox 250 1039 1795 1123">
     <span class='ocr_line' id='line_1_12' title="bbox 250 1039 1795 1123; baseline -0.011 -15"><span class='ocrx_word' id='word_1_63' title='bbox 250 1047 390 1123; x_wconf 63' lang='lat' dir='ltr'><strong>agno</strong></span> <span class='ocrx_word' id='word_1_64' title='bbox 411 1066 571 1121; x_wconf 83' lang='lat' dir='ltr'><strong>super</strong></span> <span class='ocrx_word' id='word_1_65' title='bbox 598 1057 828 1103; x_wconf 84' lang='lat' dir='ltr'><strong>montem</strong></span> <span class='ocrx_word' id='word_1_66' title='bbox 850 1048 975 1099; x_wconf 76' lang='lat' dir='ltr'><strong>Sion</strong></span> <span class='ocrx_word' id='word_1_67' title='bbox 1007 1044 1249 1104; x_wconf 80' lang='lat' dir='ltr'><strong>stabant,</strong></span> <span class='ocrx_word' id='word_1_68' title='bbox 1282 1042 1561 1095; x_wconf 88' lang='lat' dir='ltr'><strong>denotatur</strong></span> <span class='ocrx_word' id='word_1_69' title='bbox 1586 1058 1599 1092; x_wconf 90' lang='lat'>:</span> <span class='ocrx_word' id='word_1_70' title='bbox 1624 1039 1795 1107; x_wconf 86' lang='lat' dir='ltr'><strong>primo</strong></span> 
     </span>
    </p>
   </div>
   <div class='ocr_carea' id='block_1_13' title="bbox 248 1128 1796 1207">
    <p class='ocr_par' dir='ltr' id='par_1_13' title="bbox 248 1128 1796 1207">
     <span class='ocr_line' id='line_1_13' title="bbox 248 1128 1796 1207; baseline -0.011 -11"><span class='ocrx_word' id='word_1_71' title='bbox 248 1141 497 1196; x_wconf 82' lang='lat' dir='ltr'><strong>videlicet</strong></span> <span class='ocrx_word' id='word_1_72' title='bbox 522 1140 572 1192; x_wconf 91' lang='lat' dir='ltr'><strong>in</strong></span> <span class='ocrx_word' id='word_1_73' title='bbox 600 1139 924 1207; x_wconf 89' lang='lat' dir='ltr'><strong>signatorum</strong></span> <span class='ocrx_word' id='word_1_74' title='bbox 946 1133 1173 1187; x_wconf 86' lang='lat' dir='ltr'><strong>millibus</strong></span> <span class='ocrx_word' id='word_1_75' title='bbox 1199 1128 1598 1183; x_wconf 82' lang='lat' dir='ltr'><strong>innumerabilis</strong></span> <span class='ocrx_word' id='word_1_76' title='bbox 1628 1128 1796 1196; x_wconf 85' lang='lat' dir='ltr'><strong>signi-</strong></span> 
     </span>
    </p>
   </div>
   <div class='ocr_carea' id='block_1_14' title="bbox 250 1217 1792 1287">
    <p class='ocr_par' dir='ltr' id='par_1_14' title="bbox 250 1217 1792 1287">
     <span class='ocr_line' id='line_1_14' title="bbox 250 1217 1792 1287; baseline -0.01 -3"><span class='ocrx_word' id='word_1_77' title='bbox 250 1229 441 1283; x_wconf 85' lang='lat' dir='ltr'><strong>ﬁcatur</strong></span> <span class='ocrx_word' id='word_1_78' title='bbox 457 1228 618 1280; x_wconf 88' lang='lat' dir='ltr'><strong>totius</strong></span> <span class='ocrx_word' id='word_1_79' title='bbox 640 1224 886 1279; x_wconf 68' lang='lat' dir='ltr'><strong>Ecclesiae</strong></span> <span class='ocrx_word' id='word_1_80' title='bbox 908 1220 1205 1282; x_wconf 86' lang='lat' dir='ltr'><strong>multitudo,</strong></span> <span class='ocrx_word' id='word_1_81' title='bbox 1228 1234 1343 1287; x_wconf 81' lang='lat' dir='ltr'><strong>qua:</strong></span> <span class='ocrx_word' id='word_1_82' title='bbox 1367 1219 1429 1272; x_wconf 91' lang='lat' dir='ltr'><strong>de</strong></span> <span class='ocrx_word' id='word_1_83' title='bbox 1455 1217 1792 1286; x_wconf 89' lang='lat' dir='ltr'><strong>patriarchis,</strong></span> 
     </span>
    </p>
   </div>
   <div class='ocr_carea' id='block_1_15' title="bbox 250 1308 1790 1385">
    <p class='ocr_par' dir='ltr' id='par_1_15' title="bbox 250 1308 1790 1385">
     <span class='ocr_line' id='line_1_15' title="bbox 250 1308 1790 1385; baseline -0.008 -14"><span class='ocrx_word' id='word_1_84' title='bbox 250 1317 332 1372; x_wconf 76' lang='lat' dir='ltr'><strong>vel</strong></span> <span class='ocrx_word' id='word_1_85' title='bbox 348 1316 587 1385; x_wconf 89' lang='lat' dir='ltr'><strong>prosapia</strong></span> <span class='ocrx_word' id='word_1_86' title='bbox 613 1311 907 1377; x_wconf 78' lang='lat' dir='ltr'><strong>carni-,ch</strong></span> <span class='ocrx_word' id='word_1_87' title='bbox 938 1309 1057 1363; x_wconf 89' lang='lat' dir='ltr'><strong>ﬁdei</strong></span> <span class='ocrx_word' id='word_1_88' title='bbox 1073 1317 1155 1363; x_wconf 89' lang='lat' dir='ltr'><strong>est</strong></span> <span class='ocrx_word' id='word_1_89' title='bbox 1185 1308 1477 1361; x_wconf 87' lang='lat' dir='ltr'><strong>imitatione</strong></span> <span class='ocrx_word' id='word_1_90' title='bbox 1498 1308 1790 1376; x_wconf 80' lang='lat' dir='ltr'><strong>progenita.</strong></span> 
     </span>
    </p>
   </div>
   <div class='ocr_carea' id='block_1_16' title="bbox 250 1394 1790 1471">
    <p class='ocr_par' dir='ltr' id='par_1_16' title="bbox 250 1394 1790 1471">
     <span class='ocr_line' id='line_1_16' title="bbox 250 1394 1790 1471; baseline -0.01 -12"><span class='ocrx_word' id='word_1_91' title='bbox 250 1403 310 1460; x_wconf 84' lang='lat' dir='ltr'><strong>Si</strong></span> <span class='ocrx_word' id='word_1_92' title='bbox 333 1404 487 1466; x_wconf 83' lang='lat' dir='ltr'><strong>enim,</strong></span> <span class='ocrx_word' id='word_1_93' title='bbox 520 1403 709 1471; x_wconf 86' lang='lat' dir='ltr'><strong>inquit,</strong></span> <span class='ocrx_word' id='word_1_94' title='bbox 732 1418 815 1455; x_wconf 88' lang='lat' dir='ltr'><strong>vos</strong></span> <span class='ocrx_word' id='word_1_95' title='bbox 840 1399 1048 1461; x_wconf 82' lang='lat' dir='ltr'><strong>Christi,</strong></span> <span class='ocrx_word' id='word_1_96' title='bbox 1075 1413 1193 1465; x_wconf 80' lang='lat' dir='ltr'><strong>ergo</strong></span> <span class='ocrx_word' id='word_1_97' title='bbox 1222 1396 1440 1448; x_wconf 76' lang='lat' dir='ltr'><strong>Abrahaz</strong></span> <span class='ocrx_word' id='word_1_98' title='bbox 1462 1410 1631 1447; x_wconf 84' lang='lat' dir='ltr'><strong>semen</strong></span> <span class='ocrx_word' id='word_1_99' title='bbox 1652 1394 1790 1446; x_wconf 85' lang='lat' dir='ltr'><strong>estis.</strong></span> 
     </span>
    </p>
   </div>
   <div class='ocr_carea' id='block_1_17' title="bbox 251 1484 1793 1565">
    <p class='ocr_par' dir='ltr' id='par_1_17' title="bbox 251 1484 1793 1565">
     <span class='ocr_line' id='line_1_17' title="bbox 251 1484 1793 1565; baseline -0.008 -16"><span class='ocrx_word' id='word_1_100' title='bbox 251 1495 332 1549; x_wconf 82' lang='lat' dir='ltr'><strong>Ad</strong></span> <span class='ocrx_word' id='word_1_101' title='bbox 374 1502 715 1565; x_wconf 87' lang='lat' dir='ltr'><strong>augmentum</strong></span> <span class='ocrx_word' id='word_1_102' title='bbox 745 1500 921 1545; x_wconf 88' lang='lat' dir='ltr'><strong>autem</strong></span> <span class='ocrx_word' id='word_1_103' title='bbox 950 1486 1294 1558; x_wconf 80' lang='lat' dir='ltr'><strong>perfectionis</strong></span> <span class='ocrx_word' id='word_1_104' title='bbox 1332 1485 1558 1565; x_wconf 89' lang='lat' dir='ltr'><strong>pertinet</strong></span> <span class='ocrx_word' id='word_1_105' title='bbox 1592 1491 1645 1536; x_wconf 87' lang='lat' dir='ltr'><strong>et</strong></span> <span class='ocrx_word' id='word_1_106' title='bbox 1681 1484 1793 1552; x_wconf 89' lang='lat' dir='ltr'><strong>ipsa</strong></span> 
     </span>
    </p>
   </div>
   <div class='ocr_carea' id='block_1_18' title="bbox 251 1570 1797 1648">
    <p class='ocr_par' dir='ltr' id='par_1_18' title="bbox 251 1570 1797 1648">
     <span class='ocr_line' id='line_1_18' title="bbox 251 1570 1797 1648; baseline -0.01 -10"><span class='ocrx_word' id='word_1_107' title='bbox 251 1600 326 1638; x_wconf 79' lang='lat' dir='ltr'><strong>xu</strong></span> <span class='ocrx_word' id='word_1_108' title='bbox 378 1582 657 1638; x_wconf 87' lang='lat' dir='ltr'><strong>duodecies</strong></span> <span class='ocrx_word' id='word_1_109' title='bbox 690 1577 1050 1648; x_wconf 87' lang='lat' dir='ltr'><strong>multiplicari,</strong></span> <span class='ocrx_word' id='word_1_110' title='bbox 1078 1583 1132 1630; x_wconf 88' lang='lat' dir='ltr'><strong>et</strong></span> <span class='ocrx_word' id='word_1_111' title='bbox 1172 1575 1238 1629; x_wconf 88' lang='lat' dir='ltr'><strong>ad</strong></span> <span class='ocrx_word' id='word_1_112' title='bbox 1268 1587 1525 1629; x_wconf 88' lang='lat' dir='ltr'><strong>summam</strong></span> <span class='ocrx_word' id='word_1_113' title='bbox 1557 1570 1797 1626; x_wconf 82' lang='lat' dir='ltr'><strong>millena—</strong></span> 
     </span>
    </p>
   </div>
   <div class='ocr_carea' id='block_1_19' title="bbox 252 1664 1792 1742">
    <p class='ocr_par' dir='ltr' id='par_1_19' title="bbox 252 1664 1792 1742">
     <span class='ocr_line' id='line_1_19' title="bbox 252 1664 1792 1742; baseline -0.008 -14"><span class='ocrx_word' id='word_1_114' title='bbox 252 1675 334 1728; x_wconf 87' lang='lat' dir='ltr'><strong>rio</strong></span> <span class='ocrx_word' id='word_1_115' title='bbox 359 1672 566 1742; x_wconf 91' lang='lat' dir='ltr'><strong>perﬁci,</strong></span> <span class='ocrx_word' id='word_1_116' title='bbox 604 1671 690 1739; x_wconf 91' lang='lat' dir='ltr'><strong>qui</strong></span> <span class='ocrx_word' id='word_1_117' title='bbox 716 1678 800 1723; x_wconf 89' lang='lat' dir='ltr'><strong>est</strong></span> <span class='ocrx_word' id='word_1_118' title='bbox 824 1668 1073 1723; x_wconf 81' lang='lat' dir='ltr'><strong>denarius</strong></span> <span class='ocrx_word' id='word_1_119' title='bbox 1114 1679 1364 1719; x_wconf 91' lang='lat' dir='ltr'><strong>numerus</strong></span> <span class='ocrx_word' id='word_1_120' title='bbox 1388 1664 1677 1732; x_wconf 89' lang='lat' dir='ltr'><strong>quadratus</strong></span> <span class='ocrx_word' id='word_1_121' title='bbox 1704 1676 1792 1716; x_wconf 89' lang='lat' dir='ltr'><strong>so-</strong></span> 
     </span>
    </p>
   </div>
   <div class='ocr_carea' id='block_1_20' title="bbox 251 1751 1794 1831">
    <p class='ocr_par' dir='ltr' id='par_1_20' title="bbox 251 1751 1794 1831">
     <span class='ocr_line' id='line_1_20' title="bbox 251 1751 1794 1831; baseline -0.009 -14"><span class='ocrx_word' id='word_1_122' title='bbox 251 1765 413 1829; x_wconf 86' lang='lat' dir='ltr'><strong>lidus,</strong></span> <span class='ocrx_word' id='word_1_123' title='bbox 448 1761 750 1831; x_wconf 86' lang='lat' dir='ltr'><strong>signiﬁcans</strong></span> <span class='ocrx_word' id='word_1_124' title='bbox 780 1757 1022 1813; x_wconf 83' lang='lat' dir='ltr'><strong>stabilem</strong></span> <span class='ocrx_word' id='word_1_125' title='bbox 1057 1754 1302 1809; x_wconf 75' lang='lat' dir='ltr'><strong>Ecclesiae</strong></span> <span class='ocrx_word' id='word_1_126' title='bbox 1347 1752 1529 1805; x_wconf 90' lang='lat' dir='ltr'><strong>vitam.</strong></span> <span class='ocrx_word' id='word_1_127' title='bbox 1570 1751 1645 1804; x_wconf 80' lang='lat' dir='ltr'><strong>Ex</strong></span> <span class='ocrx_word' id='word_1_128' title='bbox 1688 1764 1794 1819; x_wconf 89' lang='lat' dir='ltr'><strong>quo</strong></span> 
     </span>
    </p>
   </div>
   <div class='ocr_carea' id='block_1_21' title="bbox 1895 592 3441 657">
    <p class='ocr_par' dir='ltr' id='par_1_21' title="bbox 1895 592 3441 657">
     <span class='ocr_line' id='line_1_21' title="bbox 1895 592 3441 657; baseline 0.004 -14"><span class='ocrx_word' id='word_1_129' title='bbox 1895 598 1979 644; x_wconf 88' lang='lat' dir='ltr'><strong>tos</strong></span> <span class='ocrx_word' id='word_1_130' title='bbox 2003 606 2059 645; x_wconf 92' lang='lat' dir='ltr'><strong>se</strong></span> <span class='ocrx_word' id='word_1_131' title='bbox 2087 592 2309 646; x_wconf 90' lang='lat' dir='ltr'><strong>Domino</strong></span> <span class='ocrx_word' id='word_1_132' title='bbox 2336 592 2537 645; x_wconf 85' lang='lat' dir='ltr'><strong>faciunt</strong></span> <span class='ocrx_word' id='word_1_133' title='bbox 2562 593 2947 657; x_wconf 89' lang='lat' dir='ltr'><strong>holocaustum,</strong></span> <span class='ocrx_word' id='word_1_134' title='bbox 2975 602 3030 647; x_wconf 91' lang='lat' dir='ltr'><strong>et</strong></span> <span class='ocrx_word' id='word_1_135' title='bbox 3060 594 3301 649; x_wconf 86' lang='lat' dir='ltr'><strong>tollentes</strong></span> <span class='ocrx_word' id='word_1_136' title='bbox 3320 610 3441 649; x_wconf 87' lang='lat' dir='ltr'><strong>cru—</strong></span> 
     </span>
    </p>
   </div>
   <div class='ocr_carea' id='block_1_22' title="bbox 1893 683 3439 751">
    <p class='ocr_par' dir='ltr' id='par_1_22' title="bbox 1893 683 3439 751">
     <span class='ocr_line' id='line_1_22' title="bbox 1893 683 3439 751; baseline 0.003 -20"><span class='ocrx_word' id='word_1_137' title='bbox 1893 693 2007 731; x_wconf 81' lang='lat' dir='ltr'><strong>cem</strong></span> <span class='ocrx_word' id='word_1_138' title='bbox 2051 694 2201 733; x_wconf 91' lang='lat' dir='ltr'><strong>suam</strong></span> <span class='ocrx_word' id='word_1_139' title='bbox 2244 691 2533 748; x_wconf 89' lang='lat' dir='ltr'><strong>sequuntur</strong></span> <span class='ocrx_word' id='word_1_140' title='bbox 2561 696 2753 749; x_wconf 88' lang='lat' dir='ltr'><strong>agnum</strong></span> <span class='ocrx_word' id='word_1_141' title='bbox 2790 697 3101 751; x_wconf 86' lang='lat' dir='ltr'><strong>quocunque</strong></span> <span class='ocrx_word' id='word_1_142' title='bbox 3132 683 3282 747; x_wconf 83' lang='lat' dir='ltr'><strong>ierit,</strong></span> <span class='ocrx_word' id='word_1_143' title='bbox 3312 697 3439 736; x_wconf 89' lang='lat' dir='ltr'><strong>can-</strong></span> 
     </span>
    </p>
   </div>
   <div class='ocr_carea' id='block_1_23' title="bbox 1896 769 3438 839">
    <p class='ocr_par' dir='ltr' id='par_1_23' title="bbox 1896 769 3438 839">
     <span class='ocr_line' id='line_1_23' title="bbox 1896 769 3438 839; baseline 0.003 -18"><span class='ocrx_word' id='word_1_144' title='bbox 1896 769 2183 836; x_wconf 87' lang='lat' dir='ltr'><strong>tabuntque</strong></span> <span class='ocrx_word' id='word_1_145' title='bbox 2213 769 2362 837; x_wconf 83' lang='lat' dir='ltr'><strong>quasi</strong></span> <span class='ocrx_word' id='word_1_146' title='bbox 2393 770 2657 822; x_wconf 88' lang='lat' dir='ltr'><strong>canticum</strong></span> <span class='ocrx_word' id='word_1_147' title='bbox 2694 785 2908 833; x_wconf 87' lang='lat' dir='ltr'><strong>novum,</strong></span> <span class='ocrx_word' id='word_1_148' title='bbox 2938 772 3076 839; x_wconf 87' lang='lat' dir='ltr'><strong>quod</strong></span> <span class='ocrx_word' id='word_1_149' title='bbox 3108 787 3265 825; x_wconf 87' lang='lat' dir='ltr'><strong>nemo</strong></span> <span class='ocrx_word' id='word_1_150' title='bbox 3304 771 3438 825; x_wconf 88' lang='lat' dir='ltr'><strong>alius</strong></span> 
     </span>
    </p>
   </div>
   <div class='ocr_carea' id='block_1_24' title="bbox 1893 856 3439 926">
    <p class='ocr_par' dir='ltr' id='par_1_24' title="bbox 1893 856 3439 926">
     <span class='ocr_line' id='line_1_24' title="bbox 1893 856 3439 926; baseline 0.002 -17"><span class='ocrx_word' id='word_1_151' title='bbox 1893 864 2067 924; x_wconf 86' lang='lat' dir='ltr'><strong>potest</strong></span> <span class='ocrx_word' id='word_1_152' title='bbox 2091 871 2312 921; x_wconf 86' lang='lat' dir='ltr'><strong>canere;</strong></span> <span class='ocrx_word' id='word_1_153' title='bbox 2347 856 2468 923; x_wconf 86' lang='lat' dir='ltr'><strong>quia</strong></span> <span class='ocrx_word' id='word_1_154' title='bbox 2492 856 2836 926; x_wconf 83' lang='lat' dir='ltr'><strong>singulariter</strong></span> <span class='ocrx_word' id='word_1_155' title='bbox 2859 858 3123 914; x_wconf 88' lang='lat' dir='ltr'><strong>canticum</strong></span> <span class='ocrx_word' id='word_1_156' title='bbox 3156 874 3291 925; x_wconf 87' lang='lat' dir='ltr'><strong>agno</strong></span> <span class='ocrx_word' id='word_1_157' title='bbox 3312 874 3439 912; x_wconf 86' lang='lat' dir='ltr'><strong>can-</strong></span> 
     </span>
    </p>
   </div>
   <div class='ocr_carea' id='block_1_25' title="bbox 1895 946 3441 1025">
    <p class='ocr_par' dir='ltr' id='par_1_25' title="bbox 1895 946 3441 1025">
     <span class='ocr_line' id='line_1_25' title="bbox 1895 946 3441 1025; baseline 0.003 -28"><span class='ocrx_word' id='word_1_158' title='bbox 1895 953 2027 1007; x_wconf 86' lang='lat' dir='ltr'><strong>tare,</strong></span> <span class='ocrx_word' id='word_1_159' title='bbox 2059 953 2140 997; x_wconf 88' lang='lat' dir='ltr'><strong>est</strong></span> <span class='ocrx_word' id='word_1_160' title='bbox 2162 961 2280 1025; x_wconf 71' lang='lat' dir='ltr'><strong>cum</strong></span> <span class='ocrx_word' id='word_1_161' title='bbox 2310 960 2373 998; x_wconf 87' lang='lat' dir='ltr'><strong>eo</strong></span> <span class='ocrx_word' id='word_1_162' title='bbox 2403 946 2455 998; x_wconf 92' lang='lat' dir='ltr'><strong>in</strong></span> <span class='ocrx_word' id='word_1_163' title='bbox 2482 955 2793 1015; x_wconf 88' lang='lat' dir='ltr'><strong>perpetuum</strong></span> <span class='ocrx_word' id='word_1_164' title='bbox 2829 962 2939 1015; x_wconf 73' lang='lat' dir='ltr'><strong>pra:</strong></span> <span class='ocrx_word' id='word_1_165' title='bbox 2963 947 3169 1001; x_wconf 88' lang='lat' dir='ltr'><strong>cunctis</strong></span> <span class='ocrx_word' id='word_1_166' title='bbox 3201 947 3441 1002; x_wconf 84' lang='lat' dir='ltr'><strong>ﬁdelibus</strong></span> 
     </span>
    </p>
   </div>
   <div class='ocr_carea' id='block_1_26' title="bbox 1895 1035 3441 1104">
    <p class='ocr_par' dir='ltr' id='par_1_26' title="bbox 1895 1035 3441 1104">
     <span class='ocr_line' id='line_1_26' title="bbox 1895 1035 3441 1104; baseline 0.001 -15"><span class='ocrx_word' id='word_1_167' title='bbox 1895 1038 2055 1089; x_wconf 88' lang='lat' dir='ltr'><strong>etiam</strong></span> <span class='ocrx_word' id='word_1_168' title='bbox 2081 1036 2144 1088; x_wconf 90' lang='lat' dir='ltr'><strong>de</strong></span> <span class='ocrx_word' id='word_1_169' title='bbox 2175 1035 2352 1088; x_wconf 88' lang='lat' dir='ltr'><strong>carnis</strong></span> <span class='ocrx_word' id='word_1_170' title='bbox 2376 1035 2771 1104; x_wconf 87' lang='lat' dir='ltr'><strong>incorruptione</strong></span> <span class='ocrx_word' id='word_1_171' title='bbox 2797 1037 3046 1104; x_wconf 88' lang='lat' dir='ltr'><strong>gaudere.</strong></span> <span class='ocrx_word' id='word_1_172' title='bbox 3077 1037 3227 1103; x_wconf 84' lang='lat' dir='ltr'><strong>Quod</strong></span> <span class='ocrx_word' id='word_1_173' title='bbox 3263 1044 3441 1091; x_wconf 88' lang='lat' dir='ltr'><strong>tamen</strong></span> 
     </span>
    </p>
   </div>
   <div class='ocr_carea' id='block_1_27' title="bbox 1896 1123 3443 1191">
    <p class='ocr_par' dir='ltr' id='par_1_27' title="bbox 1896 1123 3443 1191">
     <span class='ocr_line' id='line_1_27' title="bbox 1896 1123 3443 1191; baseline 0.003 -16"><span class='ocrx_word' id='word_1_174' title='bbox 1896 1123 2049 1176; x_wconf 89' lang='lat' dir='ltr'><strong>electi</strong></span> <span class='ocrx_word' id='word_1_175' title='bbox 2078 1123 2252 1176; x_wconf 61' lang='lat' dir='ltr'><strong>caueri</strong></span> <span class='ocrx_word' id='word_1_176' title='bbox 2282 1123 2546 1177; x_wconf 87' lang='lat' dir='ltr'><strong>canticum</strong></span> <span class='ocrx_word' id='word_1_177' title='bbox 2586 1123 2770 1177; x_wconf 89' lang='lat' dir='ltr'><strong>audire</strong></span> <span class='ocrx_word' id='word_1_178' title='bbox 2811 1134 3055 1191; x_wconf 90' lang='lat' dir='ltr'><strong>possunt,</strong></span> <span class='ocrx_word' id='word_1_179' title='bbox 3101 1124 3227 1178; x_wconf 86' lang='lat' dir='ltr'><strong>licet</strong></span> <span class='ocrx_word' id='word_1_180' title='bbox 3266 1125 3443 1179; x_wconf 84' lang='lat' dir='ltr'><strong>dicere</strong></span> 
     </span>
    </p>
   </div>
   <div class='ocr_carea' id='block_1_28' title="bbox 1896 1215 3445 1285">
    <p class='ocr_par' dir='ltr' id='par_1_28' title="bbox 1896 1215 3445 1285">
     <span class='ocr_line' id='line_1_28' title="bbox 1896 1215 3445 1285; baseline 0.002 -19"><span class='ocrx_word' id='word_1_181' title='bbox 1896 1223 2176 1283; x_wconf 86' lang='lat' dir='ltr'><strong>nequeant,</strong></span> <span class='ocrx_word' id='word_1_182' title='bbox 2200 1216 2321 1283; x_wconf 88' lang='lat' dir='ltr'><strong>quia</strong></span> <span class='ocrx_word' id='word_1_183' title='bbox 2342 1230 2438 1285; x_wconf 89' lang='lat' dir='ltr'><strong>per</strong></span> <span class='ocrx_word' id='word_1_184' title='bbox 2456 1215 2772 1270; x_wconf 88' lang='lat' dir='ltr'><strong>charitatem</strong></span> <span class='ocrx_word' id='word_1_185' title='bbox 2795 1217 3004 1284; x_wconf 90' lang='lat' dir='ltr'><strong>quidem</strong></span> <span class='ocrx_word' id='word_1_186' title='bbox 3031 1217 3081 1268; x_wconf 94' lang='lat' dir='ltr'><strong>in</strong></span> <span class='ocrx_word' id='word_1_187' title='bbox 3105 1216 3314 1270; x_wconf 85' lang='lat' dir='ltr'><strong>illorum</strong></span> <span class='ocrx_word' id='word_1_188' title='bbox 3339 1216 3445 1270; x_wconf 88' lang='lat' dir='ltr'><strong>cel-</strong></span> 
     </span>
    </p>
   </div>
   <div class='ocr_carea' id='block_1_29' title="bbox 1896 1304 3440 1375">
    <p class='ocr_par' dir='ltr' id='par_1_29' title="bbox 1896 1304 3440 1375">
     <span class='ocr_line' id='line_1_29' title="bbox 1896 1304 3440 1375; baseline 0.001 -18"><span class='ocrx_word' id='word_1_189' title='bbox 1896 1305 2125 1359; x_wconf 87' lang='lat' dir='ltr'><strong>situdine</strong></span> <span class='ocrx_word' id='word_1_190' title='bbox 2153 1304 2257 1359; x_wconf 56' lang='lat' dir='ltr'><strong>laeti</strong></span> <span class='ocrx_word' id='word_1_191' title='bbox 2303 1313 2446 1370; x_wconf 90' lang='lat' dir='ltr'><strong>sunt,</strong></span> <span class='ocrx_word' id='word_1_192' title='bbox 2480 1307 2723 1373; x_wconf 81' lang='lat' dir='ltr'><strong>quamvis</strong></span> <span class='ocrx_word' id='word_1_193' title='bbox 2762 1306 2826 1360; x_wconf 89' lang='lat' dir='ltr'><strong>ad</strong></span> <span class='ocrx_word' id='word_1_194' title='bbox 2865 1322 3047 1359; x_wconf 92' lang='lat' dir='ltr'><strong>eorum</strong></span> <span class='ocrx_word' id='word_1_195' title='bbox 3079 1307 3296 1375; x_wconf 78' lang='lat' dir='ltr'><strong>praemia</strong></span> <span class='ocrx_word' id='word_1_196' title='bbox 3335 1321 3440 1361; x_wconf 87' lang='lat' dir='ltr'><strong>non</strong></span> 
     </span>
    </p>
   </div>
   <div class='ocr_carea' id='block_1_30' title="bbox 1895 1393 3445 1464">
    <p class='ocr_par' dir='ltr' id='par_1_30' title="bbox 1895 1393 3445 1464">
     <span class='ocr_line' id='line_1_30' title="bbox 1895 1393 3445 1464; baseline 0.002 -20"><span class='ocrx_word' id='word_1_197' title='bbox 1895 1402 2196 1461; x_wconf 78' lang='lat' dir='ltr'><strong>assurgunt.</strong></span> <span class='ocrx_word' id='word_1_198' title='bbox 2231 1394 2395 1447; x_wconf 79' lang='lat' dir='ltr'><strong>Vetus</strong></span> <span class='ocrx_word' id='word_1_199' title='bbox 2418 1394 2631 1461; x_wconf 85' lang='lat' dir='ltr'><strong>quidem</strong></span> <span class='ocrx_word' id='word_1_200' title='bbox 2659 1404 2775 1447; x_wconf 90' lang='lat' dir='ltr'><strong>erat</strong></span> <span class='ocrx_word' id='word_1_201' title='bbox 2802 1395 3067 1447; x_wconf 88' lang='lat' dir='ltr'><strong>canticum</strong></span> <span class='ocrx_word' id='word_1_202' title='bbox 3098 1412 3111 1446; x_wconf 91' lang='lat'><strong>:</strong></span> <span class='ocrx_word' id='word_1_203' title='bbox 3144 1393 3332 1447; x_wconf 77' lang='lat' dir='ltr'><strong>Beatus</strong></span> <span class='ocrx_word' id='word_1_204' title='bbox 3356 1397 3445 1464; x_wconf 81' lang='lat' dir='ltr'><strong>qui</strong></span> 
     </span>
    </p>
   </div>
   <div class='ocr_carea' id='block_1_31' title="bbox 1893 1480 3444 1552">
    <p class='ocr_par' dir='ltr' id='par_1_31' title="bbox 1893 1480 3444 1552">
     <span class='ocr_line' id='line_1_31' title="bbox 1893 1480 3444 1552; baseline 0.003 -19"><span class='ocrx_word' id='word_1_205' title='bbox 1893 1481 2041 1552; x_wconf 75' lang='lat' dir='ltr'><strong>habet</strong></span> <span class='ocrx_word' id='word_1_206' title='bbox 2069 1497 2239 1534; x_wconf 88' lang='lat' dir='ltr'><strong>semen</strong></span> <span class='ocrx_word' id='word_1_207' title='bbox 2272 1482 2324 1534; x_wconf 88' lang='lat' dir='ltr'><strong>in</strong></span> <span class='ocrx_word' id='word_1_208' title='bbox 2364 1480 2511 1545; x_wconf 89' lang='lat' dir='ltr'><strong>Sion,</strong></span> <span class='ocrx_word' id='word_1_209' title='bbox 2537 1492 2583 1535; x_wconf 89' lang='lat' dir='ltr'><strong>et</strong></span> <span class='ocrx_word' id='word_1_210' title='bbox 2606 1483 2909 1535; x_wconf 85' lang='lat' dir='ltr'><strong>domesticos</strong></span> <span class='ocrx_word' id='word_1_211' title='bbox 2930 1483 2985 1535; x_wconf 89' lang='lat' dir='ltr'><strong>in</strong></span> <span class='ocrx_word' id='word_1_212' title='bbox 3011 1481 3351 1535; x_wconf 73' lang='lat' dir='ltr'><strong>Hierusalem.</strong></span> <span class='ocrx_word' id='word_1_213' title='bbox 3379 1482 3444 1537; x_wconf 87' lang='lat' dir='ltr'><strong>Et</strong></span> 
     </span>
    </p>
   </div>
   <div class='ocr_carea' id='block_1_32' title="bbox 1894 1569 3439 1644">
    <p class='ocr_par' dir='ltr' id='par_1_32' title="bbox 1894 1569 3439 1644">
     <span class='ocr_line' id='line_1_32' title="bbox 1894 1569 3439 1644; baseline 0.001 -17"><span class='ocrx_word' id='word_1_214' title='bbox 1894 1574 2019 1627; x_wconf 85' lang='lat' dir='ltr'><strong>item</strong></span> <span class='ocrx_word' id='word_1_215' title='bbox 2067 1592 2079 1625; x_wconf 90' lang='lat'>:</span> <span class='ocrx_word' id='word_1_216' title='bbox 2126 1569 2347 1626; x_wconf 78' lang='lat' dir='ltr'><strong>Crescite</strong></span> <span class='ocrx_word' id='word_1_217' title='bbox 2373 1582 2420 1626; x_wconf 84' lang='lat' dir='ltr'><strong>et</strong></span> <span class='ocrx_word' id='word_1_218' title='bbox 2455 1572 2866 1642; x_wconf 81' lang='lat' dir='ltr'><strong>multiplicamini</strong></span> <span class='ocrx_word' id='word_1_219' title='bbox 2909 1583 2956 1627; x_wconf 86' lang='lat' dir='ltr'><strong>et</strong></span> <span class='ocrx_word' id='word_1_220' title='bbox 3004 1573 3186 1644; x_wconf 83' lang='lat' dir='ltr'><strong>replete</strong></span> <span class='ocrx_word' id='word_1_221' title='bbox 3228 1585 3439 1629; x_wconf 80' lang='lat' dir='ltr'><strong>terram.</strong></span> 
     </span>
    </p>
   </div>
   <div class='ocr_carea' id='block_1_33' title="bbox 1881 1649 3443 1735">
    <p class='ocr_par' dir='ltr' id='par_1_33' title="bbox 1881 1649 3443 1735">
     <span class='ocr_line' id='line_1_33' title="bbox 1881 1649 3443 1735; baseline 0.003 -19"><span class='ocrx_word' id='word_1_222' title='bbox 1881 1654 2097 1717; x_wconf 35' lang='lat' dir='ltr'><strong>&#39;Novum</strong></span> <span class='ocrx_word' id='word_1_223' title='bbox 2137 1663 2277 1717; x_wconf 92' lang='lat' dir='ltr'><strong>enim</strong></span> <span class='ocrx_word' id='word_1_224' title='bbox 2306 1673 2387 1718; x_wconf 88' lang='lat' dir='ltr'><strong>est</strong></span> <span class='ocrx_word' id='word_1_225' title='bbox 2421 1662 2680 1727; x_wconf 77' lang='lat' dir='ltr'><strong>:Lwtare,</strong></span> <span class='ocrx_word' id='word_1_226' title='bbox 2730 1649 2939 1731; x_wconf 76' lang='lat' dir='ltr'><strong>sterilis,</strong></span> <span class='ocrx_word' id='word_1_227' title='bbox 2979 1682 3094 1734; x_wconf 74' lang='lat' dir='ltr'><strong>qua:</strong></span> <span class='ocrx_word' id='word_1_228' title='bbox 3123 1682 3223 1718; x_wconf 89' lang='lat' dir='ltr'><strong>non</strong></span> <span class='ocrx_word' id='word_1_229' title='bbox 3264 1669 3443 1735; x_wconf 84' lang='lat' dir='ltr'><strong>paris;</strong></span> 
     </span>
    </p>
   </div>
   <div class='ocr_carea' id='block_1_34' title="bbox 1896 1753 3445 1826">
    <p class='ocr_par' dir='ltr' id='par_1_34' title="bbox 1896 1753 3445 1826">
     <span class='ocr_line' id='line_1_34' title="bbox 1896 1753 3445 1826; baseline 0.002 -20"><span class='ocrx_word' id='word_1_230' title='bbox 1896 1770 2101 1824; x_wconf 85' lang='lat' dir='ltr'><strong>erumpe</strong></span> <span class='ocrx_word' id='word_1_231' title='bbox 2140 1765 2186 1807; x_wconf 88' lang='lat' dir='ltr'><strong>et</strong></span> <span class='ocrx_word' id='word_1_232' title='bbox 2211 1753 2397 1818; x_wconf 88' lang='lat' dir='ltr'><strong>clama,</strong></span> <span class='ocrx_word' id='word_1_233' title='bbox 2426 1771 2542 1823; x_wconf 73' lang='lat' dir='ltr'><strong>qua:</strong></span> <span class='ocrx_word' id='word_1_234' title='bbox 2568 1771 2669 1807; x_wconf 89' lang='lat' dir='ltr'><strong>non</strong></span> <span class='ocrx_word' id='word_1_235' title='bbox 2692 1757 2919 1824; x_wconf 83' lang='lat' dir='ltr'><strong>parturis</strong></span> <span class='ocrx_word' id='word_1_236' title='bbox 2938 1796 2952 1821; x_wconf 92' lang='lat'><strong>,</strong></span> <span class='ocrx_word' id='word_1_237' title='bbox 2982 1758 3105 1826; x_wconf 85' lang='lat' dir='ltr'><strong>quia</strong></span> <span class='ocrx_word' id='word_1_238' title='bbox 3134 1756 3305 1825; x_wconf 82' lang='lat' dir='ltr'><strong>plures</strong></span> <span class='ocrx_word' id='word_1_239' title='bbox 3342 1758 3445 1825; x_wconf 79' lang='lat' dir='ltr'><strong>ﬁlii</strong></span> 
     </span>
    </p>
   </div>
   <div class='ocr_carea' id='block_1_35' title="bbox 250 1824 3440 1919">
    <p class='ocr_par' dir='ltr' id='par_1_35' title="bbox 250 1824 3440 1919">
     <span class='ocr_line' id='line_1_35' title="bbox 250 1824 3440 1919; baseline -0.002 -14"><span class='ocrx_word' id='word_1_240' title='bbox 250 1824 414 1919; x_wconf 78' lang='lat' dir='ltr'><strong>igitur</strong></span> <span class='ocrx_word' id='word_1_241' title='bbox 442 1824 691 1904; x_wconf 71' lang='lat' dir='ltr'><strong>Dominus</strong></span> <span class='ocrx_word' id='word_1_242' title='bbox 724 1861 912 1916; x_wconf 90' lang='lat' dir='ltr'><strong>passus</strong></span> <span class='ocrx_word' id='word_1_243' title='bbox 951 1851 1050 1908; x_wconf 88' lang='lat' dir='ltr'><strong>est,</strong></span> <span class='ocrx_word' id='word_1_244' title='bbox 1086 1843 1371 1898; x_wconf 89' lang='lat' dir='ltr'><strong>contritum</strong></span> <span class='ocrx_word' id='word_1_245' title='bbox 1407 1850 1487 1895; x_wconf 90' lang='lat' dir='ltr'><strong>est</strong></span> <span class='ocrx_word' id='word_1_246' title='bbox 1516 1839 1792 1909; x_wconf 81' lang='lat' dir='ltr'><strong>imperium</strong></span> <span class='ocrx_word' id='word_1_247' title='bbox 1825 1824 1869 1881; x_wconf 78' lang='grc' dir='ltr'>Β</span> <span class='ocrx_word' id='word_1_248' title='bbox 1896 1842 2107 1897; x_wconf 77' lang='lat' dir='ltr'><strong>deserta:</strong></span> <span class='ocrx_word' id='word_1_249' title='bbox 2140 1845 2303 1912; x_wconf 84' lang='lat' dir='ltr'><strong>magis</strong></span> <span class='ocrx_word' id='word_1_250' title='bbox 2330 1860 2485 1913; x_wconf 86' lang='lat' dir='ltr'><strong>quam</strong></span> <span class='ocrx_word' id='word_1_251' title='bbox 2525 1845 2635 1913; x_wconf 86' lang='lat' dir='ltr'><strong>ejus</strong></span> <span class='ocrx_word' id='word_1_252' title='bbox 2660 1861 2774 1914; x_wconf 67' lang='lat' dir='ltr'><strong>quae</strong></span> <span class='ocrx_word' id='word_1_253' title='bbox 2813 1845 2963 1898; x_wconf 86' lang='lat' dir='ltr'><strong>habet</strong></span> <span class='ocrx_word' id='word_1_254' title='bbox 2993 1824 3176 1899; x_wconf 75' lang='lat' dir='ltr'><strong>uirum.</strong></span> <span class='ocrx_word' id='word_1_255' title='bbox 3220 1846 3285 1899; x_wconf 87' lang='lat' dir='ltr'><strong>Et</strong></span> <span class='ocrx_word' id='word_1_256' title='bbox 3316 1824 3440 1900; x_wconf 88' lang='lat' dir='ltr'><strong>item</strong></span> 
     </span>
    </p>
   </div>
   <div class='ocr_carea' id='block_1_36' title="bbox 251 1929 1795 2011">
    <p class='ocr_par' dir='ltr' id='par_1_36' title="bbox 251 1929 1795 2011">
     <span class='ocr_line' id='line_1_36' title="bbox 251 1929 1795 2011; baseline -0.008 -17"><span class='ocrx_word' id='word_1_257' title='bbox 251 1939 507 1995; x_wconf 87' lang='lat' dir='ltr'><strong>mundani</strong></span> <span class='ocrx_word' id='word_1_258' title='bbox 531 1938 874 2011; x_wconf 75' lang='lat' dir='ltr'><strong>principatus,</strong></span> <span class='ocrx_word' id='word_1_259' title='bbox 908 1943 959 1989; x_wconf 87' lang='lat' dir='ltr'><strong>et</strong></span> <span class='ocrx_word' id='word_1_260' title='bbox 983 1934 1051 1988; x_wconf 89' lang='lat' dir='ltr'><strong>ad</strong></span> <span class='ocrx_word' id='word_1_261' title='bbox 1079 1934 1179 1988; x_wconf 84' lang='lat' dir='ltr'><strong>hoc</strong></span> <span class='ocrx_word' id='word_1_262' title='bbox 1207 1932 1439 2001; x_wconf 88' lang='lat' dir='ltr'><strong>gentium</strong></span> <span class='ocrx_word' id='word_1_263' title='bbox 1469 1929 1795 1985; x_wconf 86' lang='lat' dir='ltr'><strong>confractum</strong></span> 
     </span>
    </p>
   </div>
   <div class='ocr_carea' id='block_1_37' title="bbox 247 2019 1843 2097">
    <p class='ocr_par' dir='ltr' id='par_1_37' title="bbox 247 2019 1843 2097">
     <span class='ocr_line' id='line_1_37' title="bbox 247 2019 1843 2097; baseline -0.006 -15"><span class='ocrx_word' id='word_1_264' title='bbox 247 2036 337 2082; x_wconf 83' lang='lat' dir='ltr'><strong>est</strong></span> <span class='ocrx_word' id='word_1_265' title='bbox 370 2027 666 2096; x_wconf 87' lang='lat' dir='ltr'><strong>imperium,</strong></span> <span class='ocrx_word' id='word_1_266' title='bbox 698 2034 757 2078; x_wconf 92' lang='lat' dir='ltr'><strong>ut</strong></span> <span class='ocrx_word' id='word_1_267' title='bbox 795 2024 945 2093; x_wconf 88' lang='lat' dir='ltr'><strong>signo</strong></span> <span class='ocrx_word' id='word_1_268' title='bbox 994 2023 1121 2097; x_wconf 88' lang='lat' dir='ltr'><strong>ﬁdei</strong></span> <span class='ocrx_word' id='word_1_269' title='bbox 1146 2023 1231 2077; x_wconf 92' lang='lat' dir='ltr'><strong>cui</strong></span> <span class='ocrx_word' id='word_1_270' title='bbox 1282 2022 1587 2075; x_wconf 88' lang='lat' dir='ltr'><strong>restiterant</strong></span> <span class='ocrx_word' id='word_1_271' title='bbox 1634 2019 1797 2074; x_wconf 86' lang='lat' dir='ltr'><strong>facies</strong></span> <span class='ocrx_word' id='word_1_272' title='bbox 1840 2029 1843 2032; x_wconf 77' lang='lat'><em>‘</em></span> 
     </span>
    </p>
   </div>
   <div class='ocr_carea' id='block_1_38' title="bbox 249 2109 1796 2180">
    <p class='ocr_par' dir='ltr' id='par_1_38' title="bbox 249 2109 1796 2180">
     <span class='ocr_line' id='line_1_38' title="bbox 249 2109 1796 2180; baseline -0.004 -11"><span class='ocrx_word' id='word_1_273' title='bbox 249 2124 553 2169; x_wconf 83' lang='lat' dir='ltr'><strong>sanctorum</strong></span> <span class='ocrx_word' id='word_1_274' title='bbox 587 2114 751 2167; x_wconf 87' lang='lat' dir='ltr'><strong>libere</strong></span> <span class='ocrx_word' id='word_1_275' title='bbox 778 2113 1175 2167; x_wconf 86' lang='lat' dir='ltr'><strong>denotarentur.</strong></span> <span class='ocrx_word' id='word_1_276' title='bbox 1219 2110 1435 2180; x_wconf 81' lang='lat' dir='ltr'><strong>Signum</strong></span> <span class='ocrx_word' id='word_1_277' title='bbox 1467 2112 1647 2179; x_wconf 87' lang='lat' dir='ltr'><strong>itaque</strong></span> <span class='ocrx_word' id='word_1_278' title='bbox 1675 2109 1796 2163; x_wconf 89' lang='lat' dir='ltr'><strong>ﬁdei</strong></span> 
     </span>
    </p>
   </div>
   <div class='ocr_carea' id='block_1_39' title="bbox 247 2198 1796 2269">
    <p class='ocr_par' dir='ltr' id='par_1_39' title="bbox 247 2198 1796 2269">
     <span class='ocr_line' id='line_1_39' title="bbox 247 2198 1796 2269; baseline -0.006 -10"><span class='ocrx_word' id='word_1_279' title='bbox 247 2213 337 2258; x_wconf 83' lang='lat' dir='ltr'><strong>est</strong></span> <span class='ocrx_word' id='word_1_280' title='bbox 363 2219 491 2259; x_wconf 78' lang='lat' dir='ltr'><strong>crux</strong></span> <span class='ocrx_word' id='word_1_281' title='bbox 516 2200 737 2266; x_wconf 89' lang='lat' dir='ltr'><strong>Christi,</strong></span> <span class='ocrx_word' id='word_1_282' title='bbox 768 2202 832 2255; x_wconf 91' lang='lat' dir='ltr'><strong>ad</strong></span> <span class='ocrx_word' id='word_1_283' title='bbox 853 2200 1003 2269; x_wconf 81' lang='lat' dir='ltr'><strong>cujus</strong></span> <span class='ocrx_word' id='word_1_284' title='bbox 1028 2199 1426 2254; x_wconf 86' lang='lat' dir='ltr'><strong>similitudinem</strong></span> <span class='ocrx_word' id='word_1_285' title='bbox 1466 2199 1577 2253; x_wconf 88' lang='lat' dir='ltr'><strong>Tau</strong></span> <span class='ocrx_word' id='word_1_286' title='bbox 1621 2198 1796 2252; x_wconf 88' lang='lat' dir='ltr'><strong>littera</strong></span> 
     </span>
    </p>
   </div>
   <div class='ocr_carea' id='block_1_40' title="bbox 248 2280 1792 2359">
    <p class='ocr_par' dir='ltr' id='par_1_40' title="bbox 248 2280 1792 2359">
     <span class='ocr_line' id='line_1_40' title="bbox 248 2280 1792 2359; baseline -0.002 -12"><span class='ocrx_word' id='word_1_287' title='bbox 248 2295 483 2348; x_wconf 77' lang='lat' dir='ltr'><strong>formata</strong></span> <span class='ocrx_word' id='word_1_288' title='bbox 525 2299 627 2357; x_wconf 90' lang='lat' dir='ltr'><strong>est,</strong></span> <span class='ocrx_word' id='word_1_289' title='bbox 658 2291 721 2345; x_wconf 90' lang='lat' dir='ltr'><strong>de</strong></span> <span class='ocrx_word' id='word_1_290' title='bbox 750 2306 852 2359; x_wconf 91' lang='lat' dir='ltr'><strong>qua</strong></span> <span class='ocrx_word' id='word_1_291' title='bbox 897 2291 950 2343; x_wconf 92' lang='lat' dir='ltr'><strong>in</strong></span> <span class='ocrx_word' id='word_1_292' title='bbox 983 2290 1257 2344; x_wconf 84' lang='lat' dir='ltr'><strong>Ezechiele</strong></span> <span class='ocrx_word' id='word_1_293' title='bbox 1285 2280 1356 2343; x_wconf 63' lang='lat' dir='ltr'><strong>it&#39;a</strong></span> <span class='ocrx_word' id='word_1_294' title='bbox 1383 2290 1636 2358; x_wconf 88' lang='lat' dir='ltr'><strong>scriptum</strong></span> <span class='ocrx_word' id='word_1_295' title='bbox 1666 2296 1751 2344; x_wconf 90' lang='lat' dir='ltr'><strong>est</strong></span> <span class='ocrx_word' id='word_1_296' title='bbox 1777 2307 1792 2343; x_wconf 91' lang='lat'><strong>:</strong></span> 
     </span>
    </p>
   </div>
   <div class='ocr_carea' id='block_1_41' title="bbox 250 2378 1797 2450">
    <p class='ocr_par' dir='ltr' id='par_1_41' title="bbox 250 2378 1797 2450">
     <span class='ocr_line' id='line_1_41' title="bbox 250 2378 1797 2450; baseline 0 -17"><span class='ocrx_word' id='word_1_297' title='bbox 250 2380 320 2434; x_wconf 78' lang='lat' dir='ltr'><strong>Et</strong></span> <span class='ocrx_word' id='word_1_298' title='bbox 343 2380 509 2450; x_wconf 86' lang='lat' dir='ltr'><strong>gloria</strong></span> <span class='ocrx_word' id='word_1_299' title='bbox 536 2378 934 2434; x_wconf 86' lang='lat' dir='ltr'><strong>Domini-Israel</strong></span> <span class='ocrx_word' id='word_1_300' title='bbox 968 2389 1230 2448; x_wconf 79' lang='lat' dir='ltr'><strong>assumpta</strong></span> <span class='ocrx_word' id='word_1_301' title='bbox 1252 2390 1323 2433; x_wconf 83' lang='lat' dir='ltr'><strong>est</strong></span> <span class='ocrx_word' id='word_1_302' title='bbox 1347 2379 1409 2432; x_wconf 89' lang='lat' dir='ltr'><strong>de</strong></span> <span class='ocrx_word' id='word_1_303' title='bbox 1442 2379 1643 2443; x_wconf 88' lang='lat' dir='ltr'><strong>cherub,</strong></span> <span class='ocrx_word' id='word_1_304' title='bbox 1682 2394 1797 2449; x_wconf 71' lang='lat' dir='ltr'><strong>quia</strong></span> 
     </span>
    </p>
   </div>
   <div class='ocr_carea' id='block_1_42' title="bbox 247 2468 1795 2536">
    <p class='ocr_par' dir='ltr' id='par_1_42' title="bbox 247 2468 1795 2536">
     <span class='ocr_line' id='line_1_42' title="bbox 247 2468 1795 2536; baseline -0.001 -13"><span class='ocrx_word' id='word_1_305' title='bbox 247 2481 362 2523; x_wconf 78' lang='lat' dir='ltr'><strong>erat</strong></span> <span class='ocrx_word' id='word_1_306' title='bbox 393 2470 563 2523; x_wconf 87' lang='lat' dir='ltr'><strong>subter</strong></span> <span class='ocrx_word' id='word_1_307' title='bbox 594 2485 708 2523; x_wconf 90' lang='lat' dir='ltr'><strong>eum</strong></span> <span class='ocrx_word' id='word_1_308' title='bbox 756 2468 824 2522; x_wconf 87' lang='lat' dir='ltr'><strong>ad</strong></span> <span class='ocrx_word' id='word_1_309' title='bbox 853 2468 1007 2522; x_wconf 82' lang='lat' dir='ltr'><strong>limen</strong></span> <span class='ocrx_word' id='word_1_310' title='bbox 1045 2469 1247 2536; x_wconf 83' lang='lat' dir='ltr'><strong>domus,</strong></span> <span class='ocrx_word' id='word_1_311' title='bbox 1295 2477 1341 2522; x_wconf 90' lang='lat' dir='ltr'><strong>et</strong></span> <span class='ocrx_word' id='word_1_312' title='bbox 1392 2470 1588 2523; x_wconf 82' lang='lat' dir='ltr'><strong>vocavit</strong></span> <span class='ocrx_word' id='word_1_313' title='bbox 1634 2468 1795 2522; x_wconf 82' lang='lat' dir='ltr'><strong>virum</strong></span> 
     </span>
    </p>
   </div>
   <div class='ocr_carea' id='block_1_43' title="bbox 248 2559 1793 2631">
    <p class='ocr_par' dir='ltr' id='par_1_43' title="bbox 248 2559 1793 2631">
     <span class='ocr_line' id='line_1_43' title="bbox 248 2559 1793 2631; baseline -0.001 -18"><span class='ocrx_word' id='word_1_314' title='bbox 248 2563 341 2628; x_wconf 80' lang='lat' dir='ltr'><strong>qui</strong></span> <span class='ocrx_word' id='word_1_315' title='bbox 374 2561 597 2615; x_wconf 67' lang='lat' dir='ltr'><strong>indutus</strong></span> <span class='ocrx_word' id='word_1_316' title='bbox 631 2570 740 2613; x_wconf 90' lang='lat' dir='ltr'><strong>erat</strong></span> <span class='ocrx_word' id='word_1_317' title='bbox 775 2559 944 2623; x_wconf 83' lang='lat' dir='ltr'><strong>lineis,</strong></span> <span class='ocrx_word' id='word_1_318' title='bbox 977 2568 1023 2613; x_wconf 86' lang='lat' dir='ltr'><strong>et</strong></span> <span class='ocrx_word' id='word_1_319' title='bbox 1072 2560 1497 2631; x_wconf 74' lang='lat' dir='ltr'><strong>atramentarium</strong></span> <span class='ocrx_word' id='word_1_320' title='bbox 1526 2559 1793 2627; x_wconf 86' lang='lat' dir='ltr'><strong>scriptoris</strong></span> 
     </span>
    </p>
   </div>
   <div class='ocr_carea' id='block_1_44' title="bbox 252 2647 1797 2717">
    <p class='ocr_par' dir='ltr' id='par_1_44' title="bbox 252 2647 1797 2717">
     <span class='ocr_line' id='line_1_44' title="bbox 252 2647 1797 2717; baseline -0.001 -14"><span class='ocrx_word' id='word_1_321' title='bbox 252 2651 471 2703; x_wconf 80' lang='lat' dir='ltr'><strong>habebat</strong></span> <span class='ocrx_word' id='word_1_322' title='bbox 501 2652 555 2704; x_wconf 90' lang='lat' dir='ltr'><strong>in</strong></span> <span class='ocrx_word' id='word_1_323' title='bbox 583 2650 769 2703; x_wconf 87' lang='lat' dir='ltr'><strong>lumbis</strong></span> <span class='ocrx_word' id='word_1_324' title='bbox 794 2650 925 2714; x_wconf 88' lang='lat' dir='ltr'><strong>suis,</strong></span> <span class='ocrx_word' id='word_1_325' title='bbox 956 2658 1001 2703; x_wconf 88' lang='lat' dir='ltr'><strong>et</strong></span> <span class='ocrx_word' id='word_1_326' title='bbox 1032 2649 1163 2701; x_wconf 77' lang='lat' dir='ltr'><strong>dixit</strong></span> <span class='ocrx_word' id='word_1_327' title='bbox 1192 2648 1265 2700; x_wconf 85' lang='lat' dir='ltr'><strong>ad</strong></span> <span class='ocrx_word' id='word_1_328' title='bbox 1289 2665 1403 2701; x_wconf 88' lang='lat' dir='ltr'><strong>eum</strong></span> <span class='ocrx_word' id='word_1_329' title='bbox 1432 2664 1449 2701; x_wconf 88' lang='lat'><strong><em>:</em></strong></span> <span class='ocrx_word' id='word_1_330' title='bbox 1493 2647 1677 2701; x_wconf 82' lang='lat' dir='ltr'><strong>Transi</strong></span> <span class='ocrx_word' id='word_1_331' title='bbox 1707 2664 1797 2717; x_wconf 88' lang='lat' dir='ltr'><strong>per</strong></span> 
     </span>
    </p>
   </div>
   <div class='ocr_carea' id='block_1_45' title="bbox 249 2736 1796 2807">
    <p class='ocr_par' dir='ltr' id='par_1_45' title="bbox 249 2736 1796 2807">
     <span class='ocr_line' id='line_1_45' title="bbox 249 2736 1796 2807; baseline -0.003 -14"><span class='ocrx_word' id='word_1_332' title='bbox 249 2740 474 2794; x_wconf 79' lang='lat' dir='ltr'><strong>mediam</strong></span> <span class='ocrx_word' id='word_1_333' title='bbox 510 2740 767 2793; x_wconf 85' lang='lat' dir='ltr'><strong>civitatem</strong></span> <span class='ocrx_word' id='word_1_334' title='bbox 790 2740 843 2791; x_wconf 86' lang='lat' dir='ltr'><strong>in</strong></span> <span class='ocrx_word' id='word_1_335' title='bbox 871 2738 1036 2791; x_wconf 90' lang='lat' dir='ltr'><strong>medio</strong></span> <span class='ocrx_word' id='word_1_336' title='bbox 1064 2737 1407 2801; x_wconf 82' lang='lat' dir='ltr'><strong>Hierusalem,</strong></span> <span class='ocrx_word' id='word_1_337' title='bbox 1432 2746 1482 2790; x_wconf 85' lang='lat' dir='ltr'><strong>et</strong></span> <span class='ocrx_word' id='word_1_338' title='bbox 1503 2738 1650 2807; x_wconf 84' lang='lat' dir='ltr'><strong>signa</strong></span> <span class='ocrx_word' id='word_1_339' title='bbox 1686 2736 1796 2790; x_wconf 89' lang='lat' dir='ltr'><strong>Tau</strong></span> 
     </span>
    </p>
   </div>
   <div class='ocr_carea' id='block_1_46' title="bbox 250 2826 1800 2899">
    <p class='ocr_par' dir='ltr' id='par_1_46' title="bbox 250 2826 1800 2899">
     <span class='ocr_line' id='line_1_46' title="bbox 250 2826 1800 2899; baseline -0.003 -15"><span class='ocrx_word' id='word_1_340' title='bbox 250 2846 406 2899; x_wconf 83' lang='lat' dir='ltr'><strong>super</strong></span> <span class='ocrx_word' id='word_1_341' title='bbox 433 2828 623 2897; x_wconf 83' lang='lat' dir='ltr'><strong>frontes</strong></span> <span class='ocrx_word' id='word_1_342' title='bbox 649 2830 873 2882; x_wconf 80' lang='lat' dir='ltr'><strong>virorum</strong></span> <span class='ocrx_word' id='word_1_343' title='bbox 911 2829 1215 2897; x_wconf 82' lang='lat' dir='ltr'><strong>gementium</strong></span> <span class='ocrx_word' id='word_1_344' title='bbox 1246 2836 1293 2879; x_wconf 88' lang='lat' dir='ltr'><strong>et</strong></span> <span class='ocrx_word' id='word_1_345' title='bbox 1332 2826 1609 2879; x_wconf 85' lang='lat' dir='ltr'><strong>dolentium</strong></span> <span class='ocrx_word' id='word_1_346' title='bbox 1647 2842 1800 2880; x_wconf 73' lang='lat' dir='ltr'><strong>super</strong></span> 
     </span>
    </p>
   </div>
   <div class='ocr_carea' id='block_1_47' title="bbox 250 2913 1798 2993">
    <p class='ocr_par' dir='ltr' id='par_1_47' title="bbox 250 2913 1798 2993">
     <span class='ocr_line' id='line_1_47' title="bbox 250 2913 1798 2993; baseline -0.003 -22"><span class='ocrx_word' id='word_1_347' title='bbox 250 2919 451 2972; x_wconf 81' lang='lat' dir='ltr'><strong>cunctis</strong></span> <span class='ocrx_word' id='word_1_348' title='bbox 482 2916 945 2993; x_wconf 73' lang='lat' dir='ltr'><strong>abaminationibus</strong></span> <span class='ocrx_word' id='word_1_349' title='bbox 974 2932 1089 2985; x_wconf 74' lang='lat' dir='ltr'><strong>qua:</strong></span> <span class='ocrx_word' id='word_1_350' title='bbox 1112 2914 1240 2983; x_wconf 77' lang='lat' dir='ltr'><strong>ﬁunt</strong></span> <span class='ocrx_word' id='word_1_351' title='bbox 1270 2915 1321 2967; x_wconf 89' lang='lat' dir='ltr'><strong>in</strong></span> <span class='ocrx_word' id='word_1_352' title='bbox 1354 2915 1521 2967; x_wconf 89' lang='lat' dir='ltr'><strong>medio</strong></span> <span class='ocrx_word' id='word_1_353' title='bbox 1557 2915 1685 2983; x_wconf 89' lang='lat' dir='ltr'><strong>ejus.</strong></span> <span class='ocrx_word' id='word_1_354' title='bbox 1729 2913 1798 2968; x_wconf 82' lang='lat' dir='ltr'><strong>Et</strong></span> 
     </span>
    </p>
   </div>
   <div class='ocr_carea' id='block_1_48' title="bbox 248 2999 1799 3080">
    <p class='ocr_par' dir='ltr' id='par_1_48' title="bbox 248 2999 1799 3080">
     <span class='ocr_line' id='line_1_48' title="bbox 248 2999 1799 3080; baseline -0.001 -21"><span class='ocrx_word' id='word_1_355' title='bbox 248 3007 386 3059; x_wconf 72' lang='lat' dir='ltr'><strong>dixit</strong></span> <span class='ocrx_word' id='word_1_356' title='bbox 424 3005 528 3060; x_wconf 88' lang='lat' dir='ltr'><strong>illis</strong></span> <span class='ocrx_word' id='word_1_357' title='bbox 573 3005 812 3058; x_wconf 82' lang='lat' dir='ltr'><strong>audiente</strong></span> <span class='ocrx_word' id='word_1_358' title='bbox 841 3019 966 3057; x_wconf 87' lang='lat' dir='ltr'><strong>me:</strong></span> <span class='ocrx_word' id='word_1_359' title='bbox 1013 2999 1245 3057; x_wconf 84' lang='lat' dir='ltr'><strong>Transite</strong></span> <span class='ocrx_word' id='word_1_360' title='bbox 1292 3020 1379 3073; x_wconf 87' lang='lat' dir='ltr'><strong>per</strong></span> <span class='ocrx_word' id='word_1_361' title='bbox 1431 3004 1684 3080; x_wconf 83' lang='lat' dir='ltr'><strong>civitatem</strong></span> <span class='ocrx_word' id='word_1_362' title='bbox 1720 3020 1799 3057; x_wconf 85' lang='lat' dir='ltr'><strong>se-</strong></span> 
     </span>
    </p>
   </div>
   <div class='ocr_carea' id='block_1_49' title="bbox 246 3093 1796 3166">
    <p class='ocr_par' dir='ltr' id='par_1_49' title="bbox 246 3093 1796 3166">
     <span class='ocr_line' id='line_1_49' title="bbox 246 3093 1796 3166; baseline -0.002 -18"><span class='ocrx_word' id='word_1_363' title='bbox 246 3105 460 3166; x_wconf 80' lang='lat' dir='ltr'><strong>quentes</strong></span> <span class='ocrx_word' id='word_1_364' title='bbox 494 3111 609 3149; x_wconf 80' lang='lat' dir='ltr'><strong>cum</strong></span> <span class='ocrx_word' id='word_1_365' title='bbox 649 3105 695 3148; x_wconf 88' lang='lat' dir='ltr'><strong>et</strong></span> <span class='ocrx_word' id='word_1_366' title='bbox 735 3095 1000 3164; x_wconf 86' lang='lat' dir='ltr'><strong>percutite,</strong></span> <span class='ocrx_word' id='word_1_367' title='bbox 1058 3109 1158 3146; x_wconf 87' lang='lat' dir='ltr'><strong>non</strong></span> <span class='ocrx_word' id='word_1_368' title='bbox 1186 3102 1361 3162; x_wconf 85' lang='lat' dir='ltr'><strong>parcat</strong></span> <span class='ocrx_word' id='word_1_369' title='bbox 1396 3093 1574 3146; x_wconf 84' lang='lat' dir='ltr'><strong>oculus</strong></span> <span class='ocrx_word' id='word_1_370' title='bbox 1616 3102 1796 3158; x_wconf 79' lang='lat' dir='ltr'><strong>vester,</strong></span> 
     </span>
    </p>
   </div>
   <div class='ocr_carea' id='block_1_50' title="bbox 1896 1932 3442 2001">
    <p class='ocr_par' dir='ltr' id='par_1_50' title="bbox 1896 1932 3442 2001">
     <span class='ocr_line' id='line_1_50' title="bbox 1896 1932 3442 2001; baseline 0.001 -14"><span class='ocrx_word' id='word_1_371' title='bbox 1896 1934 2035 1994; x_wconf 84' lang='lat' dir='ltr'><strong>idem</strong></span> <span class='ocrx_word' id='word_1_372' title='bbox 2064 1933 2324 2001; x_wconf 86' lang='lat' dir='ltr'><strong>Propheta</strong></span> <span class='ocrx_word' id='word_1_373' title='bbox 2356 1932 2483 1986; x_wconf 88' lang='lat' dir='ltr'><strong>dicit</strong></span> <span class='ocrx_word' id='word_1_374' title='bbox 2514 1952 2526 1983; x_wconf 87' lang='lat'><strong>:</strong></span> <span class='ocrx_word' id='word_1_375' title='bbox 2561 1932 2625 1984; x_wconf 84' lang='lat' dir='ltr'><strong>Et</strong></span> <span class='ocrx_word' id='word_1_376' title='bbox 2672 1950 2772 1987; x_wconf 84' lang='lat' dir='ltr'><strong>non</strong></span> <span class='ocrx_word' id='word_1_377' title='bbox 2812 1934 2947 1987; x_wconf 86' lang='lat' dir='ltr'><strong>dicat</strong></span> <span class='ocrx_word' id='word_1_378' title='bbox 2978 1935 3264 1998; x_wconf 84' lang='lat' dir='ltr'><strong>eunuchus,</strong></span> <span class='ocrx_word' id='word_1_379' title='bbox 3310 1935 3442 1988; x_wconf 79' lang='lat' dir='ltr'><strong>Ecce</strong></span> 
     </span>
    </p>
   </div>
   <div class='ocr_carea' id='block_1_51' title="bbox 1896 2023 3444 2095">
    <p class='ocr_par' dir='ltr' id='par_1_51' title="bbox 1896 2023 3444 2095">
     <span class='ocr_line' id='line_1_51' title="bbox 1896 2023 3444 2095; baseline 0 -18"><span class='ocrx_word' id='word_1_380' title='bbox 1896 2024 2090 2095; x_wconf 79' lang='lat' dir='ltr'><strong>lignum</strong></span> <span class='ocrx_word' id='word_1_381' title='bbox 2121 2024 2366 2088; x_wconf 87' lang='lat' dir='ltr'><strong>aridum;</strong></span> <span class='ocrx_word' id='word_1_382' title='bbox 2402 2024 2510 2076; x_wconf 80' lang='lat' dir='ltr'><strong>hwc</strong></span> <span class='ocrx_word' id='word_1_383' title='bbox 2535 2024 2657 2076; x_wconf 85' lang='lat' dir='ltr'><strong>dicit</strong></span> <span class='ocrx_word' id='word_1_384' title='bbox 2685 2023 2937 2077; x_wconf 86' lang='lat' dir='ltr'><strong>Dominus</strong></span> <span class='ocrx_word' id='word_1_385' title='bbox 2976 2026 3219 2078; x_wconf 84' lang='lat' dir='ltr'><strong>eunuchis</strong></span> <span class='ocrx_word' id='word_1_386' title='bbox 3248 2028 3333 2094; x_wconf 85' lang='lat' dir='ltr'><strong>qui</strong></span> <span class='ocrx_word' id='word_1_387' title='bbox 3360 2042 3444 2078; x_wconf 56' lang='lat' dir='ltr'><strong>cus</strong></span> 
     </span>
    </p>
   </div>
   <div class='ocr_carea' id='block_1_52' title="bbox 1895 2111 3443 2182">
    <p class='ocr_par' dir='ltr' id='par_1_52' title="bbox 1895 2111 3443 2182">
     <span class='ocr_line' id='line_1_52' title="bbox 1895 2111 3443 2182; baseline 0 -16"><span class='ocrx_word' id='word_1_388' title='bbox 1895 2112 2178 2166; x_wconf 86' lang='lat' dir='ltr'><strong>stodierunt</strong></span> <span class='ocrx_word' id='word_1_389' title='bbox 2194 2112 2405 2167; x_wconf 86' lang='lat' dir='ltr'><strong>sabbata</strong></span> <span class='ocrx_word' id='word_1_390' title='bbox 2428 2128 2559 2177; x_wconf 89' lang='lat' dir='ltr'><strong>mea,</strong></span> <span class='ocrx_word' id='word_1_391' title='bbox 2577 2122 2622 2165; x_wconf 87' lang='lat' dir='ltr'><strong>et</strong></span> <span class='ocrx_word' id='word_1_392' title='bbox 2639 2111 2892 2182; x_wconf 84' lang='lat' dir='ltr'><strong>elegerunt</strong></span> <span class='ocrx_word' id='word_1_393' title='bbox 2907 2129 3021 2182; x_wconf 67' lang='lat' dir='ltr'><strong>quae</strong></span> <span class='ocrx_word' id='word_1_394' title='bbox 3034 2114 3189 2179; x_wconf 86' lang='lat' dir='ltr'><strong>volui,</strong></span> <span class='ocrx_word' id='word_1_395' title='bbox 3206 2124 3253 2167; x_wconf 90' lang='lat' dir='ltr'><strong>et</strong></span> <span class='ocrx_word' id='word_1_396' title='bbox 3276 2125 3443 2168; x_wconf 85' lang='lat' dir='ltr'><strong>tenne-</strong></span> 
     </span>
    </p>
   </div>
   <div class='ocr_carea' id='block_1_53' title="bbox 1898 2202 3442 2273">
    <p class='ocr_par' dir='ltr' id='par_1_53' title="bbox 1898 2202 3442 2273">
     <span class='ocr_line' id='line_1_53' title="bbox 1898 2202 3442 2273; baseline -0.001 -15"><span class='ocrx_word' id='word_1_397' title='bbox 1898 2214 2017 2258; x_wconf 87' lang='lat' dir='ltr'><strong>runt</strong></span> <span class='ocrx_word' id='word_1_398' title='bbox 2033 2203 2199 2273; x_wconf 68' lang='lat' dir='ltr'><strong>fadns</strong></span> <span class='ocrx_word' id='word_1_399' title='bbox 2226 2220 2394 2256; x_wconf 88' lang='lat' dir='ltr'><strong>meum</strong></span> <span class='ocrx_word' id='word_1_400' title='bbox 2419 2202 2598 2256; x_wconf 89' lang='lat' dir='ltr'><strong>:Dabo</strong></span> <span class='ocrx_word' id='word_1_401' title='bbox 2628 2204 2699 2256; x_wconf 86' lang='lat' dir='ltr'><strong>eis</strong></span> <span class='ocrx_word' id='word_1_402' title='bbox 2729 2204 2781 2255; x_wconf 89' lang='lat' dir='ltr'><strong>in</strong></span> <span class='ocrx_word' id='word_1_403' title='bbox 2814 2204 2965 2257; x_wconf 87' lang='lat' dir='ltr'><strong>domo</strong></span> <span class='ocrx_word' id='word_1_404' title='bbox 2995 2220 3109 2256; x_wconf 88' lang='lat' dir='ltr'><strong>mea</strong></span> <span class='ocrx_word' id='word_1_405' title='bbox 3132 2214 3179 2257; x_wconf 88' lang='lat' dir='ltr'><strong>et</strong></span> <span class='ocrx_word' id='word_1_406' title='bbox 3210 2206 3260 2257; x_wconf 87' lang='lat' dir='ltr'><strong>in</strong></span> <span class='ocrx_word' id='word_1_407' title='bbox 3283 2207 3442 2258; x_wconf 84' lang='lat' dir='ltr'><strong>muris</strong></span> 
     </span>
    </p>
   </div>
   <div class='ocr_carea' id='block_1_54' title="bbox 1896 2292 3443 2361">
    <p class='ocr_par' dir='ltr' id='par_1_54' title="bbox 1896 2292 3443 2361">
     <span class='ocr_line' id='line_1_54' title="bbox 1896 2292 3443 2361; baseline -0.003 -13"><span class='ocrx_word' id='word_1_408' title='bbox 1896 2295 2020 2349; x_wconf 88' lang='lat' dir='ltr'><strong>meis</strong></span> <span class='ocrx_word' id='word_1_409' title='bbox 2034 2294 2221 2358; x_wconf 86' lang='lat' dir='ltr'><strong>locum,</strong></span> <span class='ocrx_word' id='word_1_410' title='bbox 2234 2303 2282 2347; x_wconf 89' lang='lat' dir='ltr'><strong>et</strong></span> <span class='ocrx_word' id='word_1_411' title='bbox 2294 2310 2474 2346; x_wconf 86' lang='lat' dir='ltr'><strong>nomen</strong></span> <span class='ocrx_word' id='word_1_412' title='bbox 2487 2292 2667 2345; x_wconf 88' lang='lat' dir='ltr'><strong>melius</strong></span> <span class='ocrx_word' id='word_1_413' title='bbox 2682 2292 2806 2361; x_wconf 76' lang='lat' dir='ltr'><strong>ﬁliis</strong></span> <span class='ocrx_word' id='word_1_414' title='bbox 2822 2303 2865 2346; x_wconf 85' lang='lat' dir='ltr'><strong>et</strong></span> <span class='ocrx_word' id='word_1_415' title='bbox 2881 2292 3108 2361; x_wconf 78' lang='lat' dir='ltr'><strong>ﬁliabus,</strong></span> <span class='ocrx_word' id='word_1_416' title='bbox 3126 2310 3303 2347; x_wconf 85' lang='lat' dir='ltr'><strong>nomen</strong></span> <span class='ocrx_word' id='word_1_417' title='bbox 3316 2310 3443 2347; x_wconf 84' lang='lat' dir='ltr'><strong>sem-</strong></span> 
     </span>
    </p>
   </div>
   <div class='ocr_carea' id='block_1_55' title="bbox 1894 2384 3442 2455">
    <p class='ocr_par' dir='ltr' id='par_1_55' title="bbox 1894 2384 3442 2455">
     <span class='ocr_line' id='line_1_55' title="bbox 1894 2384 3442 2455; baseline 0.001 -17"><span class='ocrx_word' id='word_1_418' title='bbox 1894 2387 2145 2455; x_wconf 86' lang='lat' dir='ltr'><strong>piternum</strong></span> <span class='ocrx_word' id='word_1_419' title='bbox 2174 2385 2305 2437; x_wconf 86' lang='lat' dir='ltr'><strong>dabo</strong></span> <span class='ocrx_word' id='word_1_420' title='bbox 2342 2385 2415 2438; x_wconf 89' lang='lat' dir='ltr'><strong>eis</strong></span> <span class='ocrx_word' id='word_1_421' title='bbox 2436 2385 2572 2455; x_wconf 86' lang='lat' dir='ltr'><strong>quod</strong></span> <span class='ocrx_word' id='word_1_422' title='bbox 2609 2400 2709 2437; x_wconf 90' lang='lat' dir='ltr'><strong>non</strong></span> <span class='ocrx_word' id='word_1_423' title='bbox 2732 2385 2931 2454; x_wconf 88' lang='lat' dir='ltr'><strong>peribit.</strong></span> <span class='ocrx_word' id='word_1_424' title='bbox 2974 2385 3039 2439; x_wconf 87' lang='lat' dir='ltr'><strong>Et</strong></span> <span class='ocrx_word' id='word_1_425' title='bbox 3077 2386 3199 2441; x_wconf 86' lang='lat' dir='ltr'><strong>item</strong></span> <span class='ocrx_word' id='word_1_426' title='bbox 3230 2403 3241 2438; x_wconf 90' lang='lat'><strong>:</strong></span> <span class='ocrx_word' id='word_1_427' title='bbox 3268 2384 3442 2439; x_wconf 79' lang='lat' dir='ltr'><strong>Beata:</strong></span> 
     </span>
    </p>
   </div>
   <div class='ocr_carea' id='block_1_56' title="bbox 1895 2474 3443 2545">
    <p class='ocr_par' dir='ltr' id='par_1_56' title="bbox 1895 2474 3443 2545">
     <span class='ocr_line' id='line_1_56' title="bbox 1895 2474 3443 2545; baseline 0 -16"><span class='ocrx_word' id='word_1_428' title='bbox 1895 2474 2090 2530; x_wconf 87' lang='lat' dir='ltr'><strong>steriles</strong></span> <span class='ocrx_word' id='word_1_429' title='bbox 2110 2491 2225 2544; x_wconf 77' lang='lat' dir='ltr'><strong>qua:</strong></span> <span class='ocrx_word' id='word_1_430' title='bbox 2246 2491 2347 2529; x_wconf 87' lang='lat' dir='ltr'><strong>non</strong></span> <span class='ocrx_word' id='word_1_431' title='bbox 2370 2484 2672 2545; x_wconf 84' lang='lat' dir='ltr'><strong>genuerunt,</strong></span> <span class='ocrx_word' id='word_1_432' title='bbox 2699 2485 2745 2529; x_wconf 90' lang='lat' dir='ltr'><strong>et</strong></span> <span class='ocrx_word' id='word_1_433' title='bbox 2762 2476 2918 2529; x_wconf 87' lang='lat' dir='ltr'><strong>ubera</strong></span> <span class='ocrx_word' id='word_1_434' title='bbox 2931 2491 3046 2545; x_wconf 62' lang='lat' dir='ltr'><strong>quae</strong></span> <span class='ocrx_word' id='word_1_435' title='bbox 3082 2490 3183 2529; x_wconf 91' lang='lat' dir='ltr'><strong>non</strong></span> <span class='ocrx_word' id='word_1_436' title='bbox 3224 2474 3443 2529; x_wconf 78' lang='lat' dir='ltr'><strong>lactare—</strong></span> 
     </span>
    </p>
   </div>
   <div class='ocr_carea' id='block_1_57' title="bbox 1897 2566 3440 2636">
    <p class='ocr_par' dir='ltr' id='par_1_57' title="bbox 1897 2566 3440 2636">
     <span class='ocr_line' id='line_1_57' title="bbox 1897 2566 3440 2636; baseline -0.001 -16"><span class='ocrx_word' id='word_1_437' title='bbox 1897 2576 2035 2631; x_wconf 89' lang='lat' dir='ltr'><strong>runt,</strong></span> <span class='ocrx_word' id='word_1_438' title='bbox 2060 2575 2112 2621; x_wconf 89' lang='lat' dir='ltr'><strong>et</strong></span> <span class='ocrx_word' id='word_1_439' title='bbox 2126 2566 2347 2635; x_wconf 86' lang='lat' dir='ltr'><strong>reliqua.</strong></span> <span class='ocrx_word' id='word_1_440' title='bbox 2377 2566 2793 2636; x_wconf 81' lang='lat' dir='ltr'><strong>Habentquippe</strong></span> <span class='ocrx_word' id='word_1_441' title='bbox 2806 2582 2995 2621; x_wconf 84' lang='lat' dir='ltr'><strong>nomen</strong></span> <span class='ocrx_word' id='word_1_442' title='bbox 3021 2567 3135 2636; x_wconf 85' lang='lat' dir='ltr'><strong>ejus</strong></span> <span class='ocrx_word' id='word_1_443' title='bbox 3165 2575 3219 2621; x_wconf 92' lang='lat' dir='ltr'><strong>et</strong></span> <span class='ocrx_word' id='word_1_444' title='bbox 3249 2582 3440 2621; x_wconf 91' lang='lat' dir='ltr'><strong>nomen</strong></span> 
     </span>
    </p>
   </div>
   <div class='ocr_carea' id='block_1_58' title="bbox 1896 2652 3443 2725">
    <p class='ocr_par' dir='ltr' id='par_1_58' title="bbox 1896 2652 3443 2725">
     <span class='ocr_line' id='line_1_58' title="bbox 1896 2652 3443 2725; baseline 0 -18"><span class='ocrx_word' id='word_1_445' title='bbox 1896 2654 2067 2725; x_wconf 84' lang='lat' dir='ltr'><strong>Patris</strong></span> <span class='ocrx_word' id='word_1_446' title='bbox 2083 2652 2197 2722; x_wconf 86' lang='lat' dir='ltr'><strong>ejus</strong></span> <span class='ocrx_word' id='word_1_447' title='bbox 2221 2654 2474 2723; x_wconf 89' lang='lat' dir='ltr'><strong>scriptum</strong></span> <span class='ocrx_word' id='word_1_448' title='bbox 2504 2654 2555 2707; x_wconf 90' lang='lat' dir='ltr'><strong>in</strong></span> <span class='ocrx_word' id='word_1_449' title='bbox 2570 2653 2832 2709; x_wconf 83' lang='lat' dir='ltr'><strong>frontibus</strong></span> <span class='ocrx_word' id='word_1_450' title='bbox 2859 2656 3127 2725; x_wconf 90' lang='lat' dir='ltr'><strong>suis,quia</strong></span> <span class='ocrx_word' id='word_1_451' title='bbox 3159 2656 3209 2708; x_wconf 91' lang='lat' dir='ltr'><strong>in</strong></span> <span class='ocrx_word' id='word_1_452' title='bbox 3232 2655 3443 2709; x_wconf 66' lang='lat' dir='ltr'><strong>confvs-</strong></span> 
     </span>
    </p>
   </div>
   <div class='ocr_carea' id='block_1_59' title="bbox 1896 2742 3437 2805">
    <p class='ocr_par' dir='ltr' id='par_1_59' title="bbox 1896 2742 3437 2805">
     <span class='ocr_line' id='line_1_59' title="bbox 1896 2742 3437 2805; baseline 0.003 -11"><span class='ocrx_word' id='word_1_453' title='bbox 1896 2742 2045 2798; x_wconf 89' lang='lat' dir='ltr'><strong>sione</strong></span> <span class='ocrx_word' id='word_1_454' title='bbox 2069 2751 2268 2798; x_wconf 72' lang='lat' dir='ltr'><strong>sancta:</strong></span> <span class='ocrx_word' id='word_1_455' title='bbox 2294 2742 2572 2805; x_wconf 82' lang='lat' dir='ltr'><strong>Trinitatis</strong></span> <span class='ocrx_word' id='word_1_456' title='bbox 2597 2744 2832 2797; x_wconf 89' lang='lat' dir='ltr'><strong>dedicata</strong></span> <span class='ocrx_word' id='word_1_457' title='bbox 2873 2743 3108 2799; x_wconf 87' lang='lat' dir='ltr'><strong>Ecclesia</strong></span> <span class='ocrx_word' id='word_1_458' title='bbox 3138 2744 3312 2798; x_wconf 88' lang='lat' dir='ltr'><strong>fronte</strong></span> <span class='ocrx_word' id='word_1_459' title='bbox 3341 2759 3437 2798; x_wconf 90' lang='lat' dir='ltr'><strong>sua</strong></span> 
     </span>
    </p>
   </div>
   <div class='ocr_carea' id='block_1_60' title="bbox 1897 2830 3444 2902">
    <p class='ocr_par' dir='ltr' id='par_1_60' title="bbox 1897 2830 3444 2902">
     <span class='ocr_line' id='line_1_60' title="bbox 1897 2830 3444 2902; baseline 0.003 -19"><span class='ocrx_word' id='word_1_460' title='bbox 1897 2830 2019 2884; x_wconf 88' lang='lat' dir='ltr'><strong>ﬁdei</strong></span> <span class='ocrx_word' id='word_1_461' title='bbox 2057 2846 2166 2884; x_wconf 69' lang='lat' dir='ltr'><strong>sua:</strong></span> <span class='ocrx_word' id='word_1_462' title='bbox 2201 2839 2373 2901; x_wconf 90' lang='lat' dir='ltr'><strong>gestat</strong></span> <span class='ocrx_word' id='word_1_463' title='bbox 2412 2832 2648 2900; x_wconf 87' lang='lat' dir='ltr'><strong>insigne,</strong></span> <span class='ocrx_word' id='word_1_464' title='bbox 2702 2834 2841 2901; x_wconf 90' lang='lat' dir='ltr'><strong>quod</strong></span> <span class='ocrx_word' id='word_1_465' title='bbox 2888 2849 2983 2902; x_wconf 89' lang='lat' dir='ltr'><strong>per</strong></span> <span class='ocrx_word' id='word_1_466' title='bbox 3026 2843 3223 2888; x_wconf 74' lang='lat' dir='ltr'><strong>sancta:</strong></span> <span class='ocrx_word' id='word_1_467' title='bbox 3268 2834 3444 2888; x_wconf 89' lang='lat' dir='ltr'><strong>crucis</strong></span> 
     </span>
    </p>
   </div>
   <div class='ocr_carea' id='block_1_61' title="bbox 1898 2920 3445 2995">
    <p class='ocr_par' dir='ltr' id='par_1_61' title="bbox 1898 2920 3445 2995">
     <span class='ocr_line' id='line_1_61' title="bbox 1898 2920 3445 2995; baseline 0.003 -21"><span class='ocrx_word' id='word_1_468' title='bbox 1898 2922 2209 2992; x_wconf 87' lang='lat' dir='ltr'><strong>mysterium</strong></span> <span class='ocrx_word' id='word_1_469' title='bbox 2236 2923 2289 2975; x_wconf 90' lang='lat' dir='ltr'><strong>in</strong></span> <span class='ocrx_word' id='word_1_470' title='bbox 2316 2920 2740 2976; x_wconf 88' lang='lat' dir='ltr'><strong>Christianorum</strong></span> <span class='ocrx_word' id='word_1_471' title='bbox 2781 2922 3043 2979; x_wconf 87' lang='lat' dir='ltr'><strong>frontibus</strong></span> <span class='ocrx_word' id='word_1_472' title='bbox 3084 2926 3349 2995; x_wconf 82' lang='lat' dir='ltr'><strong>pingitur,</strong></span> <span class='ocrx_word' id='word_1_473' title='bbox 3391 2936 3445 2980; x_wconf 90' lang='lat' dir='ltr'><strong>et</strong></span> 
     </span>
    </p>
   </div>
   <div class='ocr_carea' id='block_1_62' title="bbox 1898 3007 3444 3081">
    <p class='ocr_par' dir='ltr' id='par_1_62' title="bbox 1898 3007 3444 3081">
     <span class='ocr_line' id='line_1_62' title="bbox 1898 3007 3444 3081; baseline 0.005 -20"><span class='ocrx_word' id='word_1_474' title='bbox 1898 3007 2159 3077; x_wconf 88' lang='lat' dir='ltr'><strong>frequenti</strong></span> <span class='ocrx_word' id='word_1_475' title='bbox 2201 3025 2389 3065; x_wconf 89' lang='lat' dir='ltr'><strong>manus</strong></span> <span class='ocrx_word' id='word_1_476' title='bbox 2426 3010 2768 3079; x_wconf 88' lang='lat' dir='ltr'><strong>inscriptione</strong></span> <span class='ocrx_word' id='word_1_477' title='bbox 2809 3012 3066 3081; x_wconf 82' lang='lat' dir='ltr'><strong>signatur.</strong></span> <span class='ocrx_word' id='word_1_478' title='bbox 3112 3013 3247 3067; x_wconf 82' lang='lat' dir='ltr'><strong>Ecce</strong></span> <span class='ocrx_word' id='word_1_479' title='bbox 3276 3029 3444 3068; x_wconf 83' lang='lat' dir='ltr'><strong>unus-</strong></span> 
     </span>
    </p>
   </div>
   <div class='ocr_carea' id='block_1_63' title="bbox 1898 3100 3442 3170">
    <p class='ocr_par' dir='ltr' id='par_1_63' title="bbox 1898 3100 3442 3170">
     <span class='ocr_line' id='line_1_63' title="bbox 1898 3100 3442 3170; baseline 0.004 -19"><span class='ocrx_word' id='word_1_480' title='bbox 1898 3100 2124 3170; x_wconf 87' lang='lat' dir='ltr'><strong>quisque</strong></span> <span class='ocrx_word' id='word_1_481' title='bbox 2171 3116 2221 3153; x_wconf 87' lang='lat' dir='ltr'><strong>tv</strong></span> <span class='ocrx_word' id='word_1_482' title='bbox 2257 3110 2675 3170; x_wconf 89' lang='lat' dir='ltr'><strong>pentagonorum</strong></span> <span class='ocrx_word' id='word_1_483' title='bbox 2722 3118 2883 3155; x_wconf 75' lang='lat' dir='ltr'><strong>xxxvt</strong></span> <span class='ocrx_word' id='word_1_484' title='bbox 2921 3102 3126 3156; x_wconf 88' lang='lat' dir='ltr'><strong>litteras</strong></span> <span class='ocrx_word' id='word_1_485' title='bbox 3165 3103 3442 3169; x_wconf 60' lang='lat' dir='ltr'><strong>COIIliqu;</strong></span> 
     </span>
    </p>
   </div>
   <div class='ocr_carea' id='block_1_64' title="bbox 248 3171 3443 3262">
    <p class='ocr_par' dir='ltr' id='par_1_64' title="bbox 248 3171 3443 3262">
     <span class='ocr_line' id='line_1_64' title="bbox 248 3171 3443 3262; baseline 0 -18"><span class='ocrx_word' id='word_1_486' title='bbox 248 3200 414 3254; x_wconf 73' lang='lat' dir='ltr'><strong>neque</strong></span> <span class='ocrx_word' id='word_1_487' title='bbox 442 3184 802 3246; x_wconf 72' lang='grc' dir='ltr'><strong>ιπὶδενεαιηὶηἱν</strong></span> <span class='ocrx_word' id='word_1_488' title='bbox 834 3197 1022 3246; x_wconf 62' lang='lat' dir='ltr'><strong>“nem.</strong></span> <span class='ocrx_word' id='word_1_489' title='bbox 1054 3181 1505 3246; x_wconf 71' lang='grc' dir='ltr'><strong>αάοίεδεεηιυιυηιν</strong></span> <span class='ocrx_word' id='word_1_490' title='bbox 1544 3190 1591 3235; x_wconf 71' lang='grc' dir='ltr'><strong>ει</strong></span> <span class='ocrx_word' id='word_1_491' title='bbox 1635 3182 1791 3252; x_wconf 75' lang='lat' dir='ltr'><strong>virgi-</strong></span> <span class='ocrx_word' id='word_1_492' title='bbox 1822 3171 1867 3233; x_wconf 65' lang='grc' dir='ltr'><strong>δ</strong></span> <span class='ocrx_word' id='word_1_493' title='bbox 1897 3189 1991 3243; x_wconf 87' lang='lat' dir='ltr'><strong>sed</strong></span> <span class='ocrx_word' id='word_1_494' title='bbox 2013 3203 2119 3242; x_wconf 90' lang='lat' dir='ltr'><strong>non</strong></span> <span class='ocrx_word' id='word_1_495' title='bbox 2156 3189 2274 3243; x_wconf 90' lang='lat' dir='ltr'><strong>ideo</strong></span> <span class='ocrx_word' id='word_1_496' title='bbox 2298 3191 2437 3257; x_wconf 91' lang='lat' dir='ltr'><strong>quod</strong></span> <span class='ocrx_word' id='word_1_497' title='bbox 2465 3190 2551 3246; x_wconf 88' lang='lat' dir='ltr'><strong>hic</strong></span> <span class='ocrx_word' id='word_1_498' title='bbox 2590 3204 2843 3244; x_wconf 87' lang='lat' dir='ltr'><strong>numerus</strong></span> <span class='ocrx_word' id='word_1_499' title='bbox 2871 3191 3104 3261; x_wconf 86' lang='lat' dir='ltr'><strong>quinque</strong></span> <span class='ocrx_word' id='word_1_500' title='bbox 3131 3192 3443 3262; x_wconf 84' lang='lat' dir='ltr'><strong>angulorum</strong></span> 
     </span>
    </p>
   </div>
   <div class='ocr_carea' id='block_1_65' title="bbox 249 3269 1792 3341">
    <p class='ocr_par' dir='ltr' id='par_1_65' title="bbox 249 3269 1792 3341">
     <span class='ocr_line' id='line_1_65' title="bbox 249 3269 1792 3341; baseline -0.001 -16"><span class='ocrx_word' id='word_1_501' title='bbox 249 3289 391 3337; x_wconf 87' lang='lat' dir='ltr'><strong>nem,</strong></span> <span class='ocrx_word' id='word_1_502' title='bbox 418 3271 706 3341; x_wconf 80' lang='lat' dir='ltr'><strong>paruulum,</strong></span> <span class='ocrx_word' id='word_1_503' title='bbox 748 3282 795 3324; x_wconf 90' lang='lat' dir='ltr'><strong>et</strong></span> <span class='ocrx_word' id='word_1_504' title='bbox 830 3270 1067 3323; x_wconf 88' lang='lat' dir='ltr'><strong>mulieres</strong></span> <span class='ocrx_word' id='word_1_505' title='bbox 1097 3269 1382 3338; x_wconf 81' lang='lat' dir='ltr'><strong>interﬁcite,</strong></span> <span class='ocrx_word' id='word_1_506' title='bbox 1416 3286 1574 3340; x_wconf 83' lang='lat' dir='ltr'><strong>usque</strong></span> <span class='ocrx_word' id='word_1_507' title='bbox 1601 3270 1669 3323; x_wconf 85' lang='lat' dir='ltr'><strong>ad</strong></span> <span class='ocrx_word' id='word_1_508' title='bbox 1709 3270 1792 3323; x_wconf 87' lang='lat' dir='ltr'><strong>in-</strong></span> 
     </span>
    </p>
   </div>
   <div class='ocr_carea' id='block_1_66' title="bbox 245 3358 1795 3429">
    <p class='ocr_par' dir='ltr' id='par_1_66' title="bbox 245 3358 1795 3429">
     <span class='ocr_line' id='line_1_66' title="bbox 245 3358 1795 3429; baseline -0.001 -14"><span class='ocrx_word' id='word_1_509' title='bbox 245 3364 591 3417; x_wconf 83' lang='lat' dir='ltr'><strong>:ernecionem</strong></span> <span class='ocrx_word' id='word_1_510' title='bbox 606 3380 624 3427; x_wconf 90' lang='lat'><strong><em>;</em></strong></span> <span class='ocrx_word' id='word_1_511' title='bbox 655 3376 852 3415; x_wconf 89' lang='lat' dir='ltr'><strong>omnem</strong></span> <span class='ocrx_word' id='word_1_512' title='bbox 882 3371 1051 3414; x_wconf 88' lang='lat' dir='ltr'><strong>autem</strong></span> <span class='ocrx_word' id='word_1_513' title='bbox 1078 3376 1228 3429; x_wconf 86' lang='lat' dir='ltr'><strong>super</strong></span> <span class='ocrx_word' id='word_1_514' title='bbox 1253 3377 1399 3429; x_wconf 83' lang='lat' dir='ltr'><strong>quem</strong></span> <span class='ocrx_word' id='word_1_515' title='bbox 1430 3360 1656 3414; x_wconf 82' lang='lat' dir='ltr'><strong>videritis</strong></span> <span class='ocrx_word' id='word_1_516' title='bbox 1684 3358 1795 3413; x_wconf 83' lang='lat' dir='ltr'><strong>Tau</strong></span> 
     </span>
    </p>
   </div>
   <div class='ocr_carea' id='block_1_67' title="bbox 247 3448 1797 3519">
    <p class='ocr_par' dir='ltr' id='par_1_67' title="bbox 247 3448 1797 3519">
     <span class='ocr_line' id='line_1_67' title="bbox 247 3448 1797 3519; baseline -0.001 -15"><span class='ocrx_word' id='word_1_517' title='bbox 247 3468 317 3505; x_wconf 87' lang='lat' dir='ltr'><strong>ne</strong></span> <span class='ocrx_word' id='word_1_518' title='bbox 348 3450 615 3515; x_wconf 83' lang='lat' dir='ltr'><strong>occidatis,</strong></span> <span class='ocrx_word' id='word_1_519' title='bbox 651 3460 704 3504; x_wconf 90' lang='lat' dir='ltr'><strong>et</strong></span> <span class='ocrx_word' id='word_1_520' title='bbox 747 3450 971 3519; x_wconf 88' lang='lat' dir='ltr'><strong>reliqua.</strong></span> <span class='ocrx_word' id='word_1_521' title='bbox 1017 3448 1185 3504; x_wconf 82' lang='lat' dir='ltr'><strong>Recte</strong></span> <span class='ocrx_word' id='word_1_522' title='bbox 1212 3450 1354 3503; x_wconf 89' lang='lat' dir='ltr'><strong>enim</strong></span> <span class='ocrx_word' id='word_1_523' title='bbox 1382 3448 1554 3502; x_wconf 88' lang='lat' dir='ltr'><strong>omnis</strong></span> <span class='ocrx_word' id='word_1_524' title='bbox 1582 3448 1797 3516; x_wconf 84' lang='lat' dir='ltr'><strong>iniquus</strong></span> 
     </span>
    </p>
   </div>
   <div class='ocr_carea' id='block_1_68' title="bbox 245 3534 1794 3608">
    <p class='ocr_par' dir='ltr' id='par_1_68' title="bbox 245 3534 1794 3608">
     <span class='ocr_line' id='line_1_68' title="bbox 245 3534 1794 3608; baseline -0.003 -15"><span class='ocrx_word' id='word_1_525' title='bbox 245 3554 505 3593; x_wconf 88' lang='lat' dir='ltr'><strong>mucrone</strong></span> <span class='ocrx_word' id='word_1_526' title='bbox 535 3538 860 3593; x_wconf 88' lang='lat' dir='ltr'><strong>inﬁdelitatis</strong></span> <span class='ocrx_word' id='word_1_527' title='bbox 885 3534 1236 3601; x_wconf 84' lang='lat' dir='ltr'><strong>interﬁcitur,</strong></span> <span class='ocrx_word' id='word_1_528' title='bbox 1282 3536 1372 3606; x_wconf 89' lang='lat' dir='ltr'><strong>qui</strong></span> <span class='ocrx_word' id='word_1_529' title='bbox 1418 3537 1625 3608; x_wconf 91' lang='lat' dir='ltr'><strong>signum</strong></span> <span class='ocrx_word' id='word_1_530' title='bbox 1673 3534 1794 3589; x_wconf 89' lang='lat' dir='ltr'><strong>ﬁdei</strong></span> 
     </span>
    </p>
   </div>
   <div class='ocr_carea' id='block_1_69' title="bbox 168 3625 1795 3697">
    <p class='ocr_par' dir='ltr' id='par_1_69' title="bbox 168 3625 1795 3697">
     <span class='ocr_line' id='line_1_69' title="bbox 168 3625 1795 3697; baseline -0.003 -15"><span class='ocrx_word' id='word_1_531' title='bbox 243 3629 393 3682; x_wconf 85' lang='lat' dir='ltr'><strong>bono</strong></span> <span class='ocrx_word' id='word_1_532' title='bbox 418 3641 579 3697; x_wconf 88' lang='lat' dir='ltr'><strong>opere</strong></span> <span class='ocrx_word' id='word_1_533' title='bbox 606 3629 660 3681; x_wconf 89' lang='lat' dir='ltr'><strong>in</strong></span> <span class='ocrx_word' id='word_1_534' title='bbox 698 3628 985 3694; x_wconf 86' lang='lat' dir='ltr'><strong>semetipso</strong></span> <span class='ocrx_word' id='word_1_535' title='bbox 1023 3627 1301 3681; x_wconf 83' lang='lat' dir='ltr'><strong>ostendere</strong></span> <span class='ocrx_word' id='word_1_536' title='bbox 1335 3625 1629 3697; x_wconf 81' lang='lat' dir='ltr'><strong>neglexisse</strong></span> <span class='ocrx_word' id='word_1_537' title='bbox 1664 3640 1795 3679; x_wconf 89' lang='lat' dir='ltr'><strong>con-</strong></span> 
     </span>
    </p>
   </div>
   <div class='ocr_carea' id='block_1_70' title="bbox 248 3715 1796 3788">
    <p class='ocr_par' dir='ltr' id='par_1_70' title="bbox 248 3715 1796 3788">
     <span class='ocr_line' id='line_1_70' title="bbox 248 3715 1796 3788; baseline -0.001 -18"><span class='ocrx_word' id='word_1_538' title='bbox 248 3718 486 3773; x_wconf 76' lang='lat' dir='ltr'><strong>vincitur</strong></span> <span class='ocrx_word' id='word_1_539' title='bbox 514 3757 529 3782; x_wconf 91' lang='lat'><strong>,</strong></span> <span class='ocrx_word' id='word_1_540' title='bbox 577 3726 629 3771; x_wconf 91' lang='lat' dir='ltr'><strong>et</strong></span> <span class='ocrx_word' id='word_1_541' title='bbox 677 3718 866 3770; x_wconf 87' lang='lat' dir='ltr'><strong>merito</strong></span> <span class='ocrx_word' id='word_1_542' title='bbox 904 3715 1047 3783; x_wconf 75' lang='lat' dir='ltr'><strong>j‘uste</strong></span> <span class='ocrx_word' id='word_1_543' title='bbox 1097 3717 1320 3788; x_wconf 86' lang='lat' dir='ltr'><strong>quisque</strong></span> <span class='ocrx_word' id='word_1_544' title='bbox 1368 3717 1629 3770; x_wconf 87' lang='lat' dir='ltr'><strong>bonorum</strong></span> <span class='ocrx_word' id='word_1_545' title='bbox 1662 3730 1796 3784; x_wconf 88' lang='lat' dir='ltr'><strong>opus</strong></span> 
     </span>
    </p>
   </div>
   <div class='ocr_carea' id='block_1_71' title="bbox 242 3805 1789 3877">
    <p class='ocr_par' dir='ltr' id='par_1_71' title="bbox 242 3805 1789 3877">
     <span class='ocr_line' id='line_1_71' title="bbox 242 3805 1789 3877; baseline -0.003 -15"><span class='ocrx_word' id='word_1_546' title='bbox 242 3808 519 3877; x_wconf 86' lang='lat' dir='ltr'><strong>operando</strong></span> <span class='ocrx_word' id='word_1_547' title='bbox 564 3822 661 3875; x_wconf 90' lang='lat' dir='ltr'><strong>per</strong></span> <span class='ocrx_word' id='word_1_548' title='bbox 710 3806 887 3861; x_wconf 87' lang='lat' dir='ltr'><strong>crucis</strong></span> <span class='ocrx_word' id='word_1_549' title='bbox 911 3806 1112 3860; x_wconf 85' lang='lat' dir='ltr'><strong>Christi</strong></span> <span class='ocrx_word' id='word_1_550' title='bbox 1160 3805 1453 3875; x_wconf 89' lang='lat' dir='ltr'><strong>potentiam</strong></span> <span class='ocrx_word' id='word_1_551' title='bbox 1495 3805 1789 3859; x_wconf 86' lang='lat' dir='ltr'><strong>liberatur:</strong></span> 
     </span>
    </p>
   </div>
   <div class='ocr_carea' id='block_1_72' title="bbox 243 3892 1792 3963">
    <p class='ocr_par' dir='ltr' id='par_1_72' title="bbox 243 3892 1792 3963">
     <span class='ocr_line' id='line_1_72' title="bbox 243 3892 1792 3963; baseline -0.001 -15"><span class='ocrx_word' id='word_1_552' title='bbox 243 3895 375 3963; x_wconf 85' lang='lat' dir='ltr'><strong>quia</strong></span> <span class='ocrx_word' id='word_1_553' title='bbox 407 3894 612 3947; x_wconf 88' lang='lat' dir='ltr'><strong>Domini</strong></span> <span class='ocrx_word' id='word_1_554' title='bbox 642 3892 824 3957; x_wconf 87' lang='lat' dir='ltr'><strong>fidem,</strong></span> <span class='ocrx_word' id='word_1_555' title='bbox 854 3907 1011 3960; x_wconf 88' lang='lat' dir='ltr'><strong>quam</strong></span> <span class='ocrx_word' id='word_1_556' title='bbox 1051 3892 1103 3945; x_wconf 92' lang='lat' dir='ltr'><strong>in</strong></span> <span class='ocrx_word' id='word_1_557' title='bbox 1133 3892 1396 3960; x_wconf 86' lang='lat' dir='ltr'><strong>baptismo</strong></span> <span class='ocrx_word' id='word_1_558' title='bbox 1425 3892 1682 3961; x_wconf 89' lang='lat' dir='ltr'><strong>percepit,</strong></span> <span class='ocrx_word' id='word_1_559' title='bbox 1708 3894 1792 3946; x_wconf 91' lang='lat' dir='ltr'><strong>in-</strong></span> 
     </span>
    </p>
   </div>
   <div class='ocr_carea' id='block_1_73' title="bbox 242 3969 1794 4049">
    <p class='ocr_par' dir='ltr' id='par_1_73' title="bbox 242 3969 1794 4049">
     <span class='ocr_line' id='line_1_73' title="bbox 242 3969 1794 4049; baseline 0.001 -15"><span class='ocrx_word' id='word_1_560' title='bbox 242 3981 500 4035; x_wconf 78' lang='lat' dir='ltr'><strong>violatam</strong></span> <span class='ocrx_word' id='word_1_561' title='bbox 532 3996 698 4049; x_wconf 87' lang='lat' dir='ltr'><strong>usque</strong></span> <span class='ocrx_word' id='word_1_562' title='bbox 742 3981 793 4033; x_wconf 91' lang='lat' dir='ltr'><strong>in</strong></span> <span class='ocrx_word' id='word_1_563' title='bbox 821 3982 977 4033; x_wconf 86' lang='lat' dir='ltr'><strong>ﬁnem</strong></span> <span class='ocrx_word' id='word_1_564' title='bbox 1013 3980 1257 4034; x_wconf 82' lang='lat' dir='ltr'><strong>mandata</strong></span> <span class='ocrx_word' id='word_1_565' title='bbox 1280 3969 1495 4034; x_wconf 36' lang='lat' dir='ltr'><strong>&#39;Christi</strong></span> <span class='ocrx_word' id='word_1_566' title='bbox 1527 3980 1794 4049; x_wconf 90' lang='lat' dir='ltr'><strong>implendo</strong></span> 
     </span>
    </p>
   </div>
   <div class='ocr_carea' id='block_1_74' title="bbox 243 4065 1793 4140">
    <p class='ocr_par' dir='ltr' id='par_1_74' title="bbox 243 4065 1793 4140">
     <span class='ocr_line' id='line_1_74' title="bbox 243 4065 1793 4140; baseline -0.001 -14"><span class='ocrx_word' id='word_1_567' title='bbox 243 4084 597 4126; x_wconf 81' lang='lat' dir='ltr'><strong>conservasse</strong></span> <span class='ocrx_word' id='word_1_568' title='bbox 624 4072 979 4140; x_wconf 85' lang='lat' dir='ltr'><strong>cognoscitur.</strong></span> <span class='ocrx_word' id='word_1_569' title='bbox 1005 4070 1203 4124; x_wconf 79' lang='lat' dir='ltr'><strong>Deinde</strong></span> <span class='ocrx_word' id='word_1_570' title='bbox 1239 4085 1362 4139; x_wconf 81' lang='lat' dir='ltr'><strong>grex</strong></span> <span class='ocrx_word' id='word_1_571' title='bbox 1398 4069 1484 4123; x_wconf 91' lang='lat' dir='ltr'><strong>ille</strong></span> <span class='ocrx_word' id='word_1_572' title='bbox 1520 4065 1793 4125; x_wconf 78' lang='lat' dir='ltr'><strong>dealbata-</strong></span> 
     </span>
    </p>
   </div>
   <div class='ocr_carea' id='block_1_75' title="bbox 243 4157 1795 4227">
    <p class='ocr_par' dir='ltr' id='par_1_75' title="bbox 243 4157 1795 4227">
     <span class='ocr_line' id='line_1_75' title="bbox 243 4157 1795 4227; baseline 0.001 -15"><span class='ocrx_word' id='word_1_573' title='bbox 243 4173 370 4212; x_wconf 83' lang='lat' dir='ltr'><strong>rum</strong></span> <span class='ocrx_word' id='word_1_574' title='bbox 391 4157 453 4211; x_wconf 84' lang='lat' dir='ltr'><strong>in</strong></span> <span class='ocrx_word' id='word_1_575' title='bbox 476 4157 710 4227; x_wconf 78' lang='lat' dir='ltr'><strong>ejusdem</strong></span> <span class='ocrx_word' id='word_1_576' title='bbox 744 4158 950 4211; x_wconf 89' lang='lat' dir='ltr'><strong>numeri</strong></span> <span class='ocrx_word' id='word_1_577' title='bbox 982 4158 1279 4225; x_wconf 84' lang='lat' dir='ltr'><strong>quantitate</strong></span> <span class='ocrx_word' id='word_1_578' title='bbox 1316 4170 1711 4224; x_wconf 86' lang='lat' dir='ltr'><strong>annumeratur,</strong></span> <span class='ocrx_word' id='word_1_579' title='bbox 1740 4169 1795 4214; x_wconf 88' lang='lat' dir='ltr'><strong>et</strong></span> 
     </span>
    </p>
   </div>
   <div class='ocr_carea' id='block_1_76' title="bbox 243 4247 1792 4319">
    <p class='ocr_par' dir='ltr' id='par_1_76' title="bbox 243 4247 1792 4319">
     <span class='ocr_line' id='line_1_76' title="bbox 243 4247 1792 4319; baseline 0.001 -17"><span class='ocrx_word' id='word_1_580' title='bbox 243 4256 449 4303; x_wconf 63' lang='lat' dir='ltr'><strong>sancte</strong></span> <span class='ocrx_word' id='word_1_581' title='bbox 492 4248 808 4319; x_wconf 81' lang='lat' dir='ltr'><strong>virginitatis</strong></span> <span class='ocrx_word' id='word_1_582' title='bbox 858 4247 910 4300; x_wconf 92' lang='lat' dir='ltr'><strong>in</strong></span> <span class='ocrx_word' id='word_1_583' title='bbox 957 4248 1142 4301; x_wconf 86' lang='lat' dir='ltr'><strong>electis</strong></span> <span class='ocrx_word' id='word_1_584' title='bbox 1189 4249 1397 4317; x_wconf 87' lang='lat' dir='ltr'><strong>copiosa</strong></span> <span class='ocrx_word' id='word_1_585' title='bbox 1443 4250 1792 4303; x_wconf 85' lang='lat' dir='ltr'><strong>numerositas</strong></span> 
     </span>
    </p>
   </div>
   <div class='ocr_carea' id='block_1_77' title="bbox 241 4337 1792 4409">
    <p class='ocr_par' dir='ltr' id='par_1_77' title="bbox 241 4337 1792 4409">
     <span class='ocr_line' id='line_1_77' title="bbox 241 4337 1792 4409; baseline 0.001 -15"><span class='ocrx_word' id='word_1_586' title='bbox 241 4340 546 4394; x_wconf 84' lang='lat' dir='ltr'><strong>intimatur.</strong></span> <span class='ocrx_word' id='word_1_587' title='bbox 576 4337 679 4393; x_wconf 87' lang='lat' dir='ltr'><strong>Sed</strong></span> <span class='ocrx_word' id='word_1_588' title='bbox 708 4338 913 4392; x_wconf 88' lang='lat' dir='ltr'><strong>ﬁnitum</strong></span> <span class='ocrx_word' id='word_1_589' title='bbox 951 4348 1124 4392; x_wconf 90' lang='lat' dir='ltr'><strong>tamen</strong></span> <span class='ocrx_word' id='word_1_590' title='bbox 1154 4354 1429 4393; x_wconf 79' lang='lat' dir='ltr'><strong>numerum</strong></span> <span class='ocrx_word' id='word_1_591' title='bbox 1458 4355 1555 4409; x_wconf 91' lang='lat' dir='ltr'><strong>pro</strong></span> <span class='ocrx_word' id='word_1_592' title='bbox 1588 4342 1792 4395; x_wconf 88' lang='lat' dir='ltr'><strong>inﬁnito</strong></span> 
     </span>
    </p>
   </div>
   <div class='ocr_carea' id='block_1_78' title="bbox 182 4422 1790 4501">
    <p class='ocr_par' dir='ltr' id='par_1_78' title="bbox 182 4422 1790 4501">
     <span class='ocr_line' id='line_1_78' title="bbox 182 4422 1790 4501; baseline 0.001 -17"><span class='ocrx_word' id='word_1_593' title='bbox 182 4422 185 4423; x_wconf 44' lang='grc'><strong><em>⁷</em></strong></span> <span class='ocrx_word' id='word_1_594' title='bbox 241 4430 339 4484; x_wconf 81' lang='lat' dir='ltr'><strong>hic</strong></span> <span class='ocrx_word' id='word_1_595' title='bbox 374 4430 623 4498; x_wconf 87' lang='lat' dir='ltr'><strong>positum,</strong></span> <span class='ocrx_word' id='word_1_596' title='bbox 656 4429 881 4497; x_wconf 84' lang='lat' dir='ltr'><strong>quisque</strong></span> <span class='ocrx_word' id='word_1_597' title='bbox 904 4444 1087 4483; x_wconf 86' lang='lat' dir='ltr'><strong>sanum</strong></span> <span class='ocrx_word' id='word_1_598' title='bbox 1118 4430 1330 4498; x_wconf 83' lang='lat' dir='ltr'><strong>sapiens</strong></span> <span class='ocrx_word' id='word_1_599' title='bbox 1365 4432 1657 4501; x_wconf 84' lang='lat' dir='ltr'><strong>intelligere</strong></span> <span class='ocrx_word' id='word_1_600' title='bbox 1694 4432 1790 4487; x_wconf 88' lang='lat' dir='ltr'><strong>de-</strong></span> 
     </span>
    </p>
   </div>
   <div class='ocr_carea' id='block_1_79' title="bbox 238 4517 1787 4590">
    <p class='ocr_par' dir='ltr' id='par_1_79' title="bbox 238 4517 1787 4590">
     <span class='ocr_line' id='line_1_79' title="bbox 238 4517 1787 4590; baseline -0.001 -15"><span class='ocrx_word' id='word_1_601' title='bbox 238 4520 357 4579; x_wconf 83' lang='lat' dir='ltr'><strong>bet,</strong></span> <span class='ocrx_word' id='word_1_602' title='bbox 386 4518 576 4572; x_wconf 86' lang='lat' dir='ltr'><strong>secreti</strong></span> <span class='ocrx_word' id='word_1_603' title='bbox 615 4517 1000 4585; x_wconf 85' lang='lat' dir='ltr'><strong>significatione</strong></span> <span class='ocrx_word' id='word_1_604' title='bbox 1042 4519 1275 4587; x_wconf 85' lang='lat' dir='ltr'><strong>mysterii</strong></span> <span class='ocrx_word' id='word_1_605' title='bbox 1324 4520 1566 4589; x_wconf 87' lang='lat' dir='ltr'><strong>virginali</strong></span> <span class='ocrx_word' id='word_1_606' title='bbox 1609 4530 1787 4590; x_wconf 89' lang='lat' dir='ltr'><strong>aptum</strong></span> 
     </span>
    </p>
   </div>
   <div class='ocr_carea' id='block_1_80' title="bbox 240 4607 1787 4677">
    <p class='ocr_par' dir='ltr' id='par_1_80' title="bbox 240 4607 1787 4677">
     <span class='ocr_line' id='line_1_80' title="bbox 240 4607 1787 4677; baseline 0.003 -16"><span class='ocrx_word' id='word_1_607' title='bbox 240 4608 502 4671; x_wconf 78' lang='lat' dir='ltr'><strong>examini,</strong></span> <span class='ocrx_word' id='word_1_608' title='bbox 533 4607 672 4677; x_wconf 84' lang='lat' dir='ltr'><strong>quod</strong></span> <span class='ocrx_word' id='word_1_609' title='bbox 704 4609 867 4662; x_wconf 87' lang='lat' dir='ltr'><strong>Deum</strong></span> <span class='ocrx_word' id='word_1_610' title='bbox 898 4624 962 4664; x_wconf 82' lang='lat' dir='ltr'><strong>ex</strong></span> <span class='ocrx_word' id='word_1_611' title='bbox 991 4618 1099 4663; x_wconf 91' lang='lat' dir='ltr'><strong>toto</strong></span> <span class='ocrx_word' id='word_1_612' title='bbox 1128 4611 1305 4674; x_wconf 91' lang='lat' dir='ltr'><strong>corde,</strong></span> <span class='ocrx_word' id='word_1_613' title='bbox 1333 4626 1395 4664; x_wconf 87' lang='lat' dir='ltr'><strong>ex</strong></span> <span class='ocrx_word' id='word_1_614' title='bbox 1442 4620 1549 4664; x_wconf 90' lang='lat' dir='ltr'><strong>tota</strong></span> <span class='ocrx_word' id='word_1_615' title='bbox 1578 4613 1787 4676; x_wconf 86' lang='lat' dir='ltr'><strong>anima;</strong></span> 
     </span>
    </p>
   </div>
   <div class='ocr_carea' id='block_1_81' title="bbox 242 4698 1790 4770">
    <p class='ocr_par' dir='ltr' id='par_1_81' title="bbox 242 4698 1790 4770">
     <span class='ocr_line' id='line_1_81' title="bbox 242 4698 1790 4770; baseline 0.003 -19"><span class='ocrx_word' id='word_1_616' title='bbox 242 4706 467 4766; x_wconf 85' lang='lat' dir='ltr'><strong>totaque</strong></span> <span class='ocrx_word' id='word_1_617' title='bbox 488 4708 665 4753; x_wconf 89' lang='lat' dir='ltr'><strong>mente</strong></span> <span class='ocrx_word' id='word_1_618' title='bbox 695 4698 935 4769; x_wconf 87' lang='lat' dir='ltr'><strong>diligens,</strong></span> <span class='ocrx_word' id='word_1_619' title='bbox 970 4701 1208 4768; x_wconf 67' lang='lat' dir='ltr'><strong>corporis</strong></span> <span class='ocrx_word' id='word_1_620' title='bbox 1232 4716 1459 4769; x_wconf 90' lang='lat' dir='ltr'><strong>quoque,</strong></span> <span class='ocrx_word' id='word_1_621' title='bbox 1492 4703 1628 4770; x_wconf 89' lang='lat' dir='ltr'><strong>quod</strong></span> <span class='ocrx_word' id='word_1_622' title='bbox 1651 4719 1715 4756; x_wconf 82' lang='lat' dir='ltr'><strong>ex</strong></span> <span class='ocrx_word' id='word_1_623' title='bbox 1738 4718 1790 4756; x_wconf 89' lang='lat' dir='ltr'><strong>tv</strong></span> 
     </span>
    </p>
   </div>
   <div class='ocr_carea' id='block_1_82' title="bbox 238 4788 1792 4858">
    <p class='ocr_par' dir='ltr' id='par_1_82' title="bbox 238 4788 1792 4858">
     <span class='ocr_line' id='line_1_82' title="bbox 238 4788 1792 4858; baseline 0.002 -15"><span class='ocrx_word' id='word_1_624' title='bbox 238 4796 457 4843; x_wconf 82' lang='lat' dir='ltr'><strong>constat</strong></span> <span class='ocrx_word' id='word_1_625' title='bbox 482 4788 777 4853; x_wconf 89' lang='lat' dir='ltr'><strong>clementis,</strong></span> <span class='ocrx_word' id='word_1_626' title='bbox 824 4789 895 4842; x_wconf 92' lang='lat' dir='ltr'><strong>illi</strong></span> <span class='ocrx_word' id='word_1_627' title='bbox 943 4798 1024 4843; x_wconf 88' lang='lat' dir='ltr'><strong>est</strong></span> <span class='ocrx_word' id='word_1_628' title='bbox 1054 4791 1355 4858; x_wconf 86' lang='lat' dir='ltr'><strong>integritate</strong></span> <span class='ocrx_word' id='word_1_629' title='bbox 1396 4804 1666 4856; x_wconf 85' lang='lat' dir='ltr'><strong>sacratus,</strong></span> <span class='ocrx_word' id='word_1_630' title='bbox 1708 4801 1792 4846; x_wconf 89' lang='lat' dir='ltr'><strong>ter</strong></span> 
     </span>
    </p>
   </div>
   <div class='ocr_carea' id='block_1_83' title="bbox 238 4877 1786 4946">
    <p class='ocr_par' dir='ltr' id='par_1_83' title="bbox 238 4877 1786 4946">
     <span class='ocr_line' id='line_1_83' title="bbox 238 4877 1786 4946; baseline 0.002 -15"><span class='ocrx_word' id='word_1_631' title='bbox 238 4877 393 4931; x_wconf 69' lang='lat' dir='ltr'><strong>extim</strong></span> <span class='ocrx_word' id='word_1_632' title='bbox 420 4877 554 4931; x_wconf 91' lang='lat' dir='ltr'><strong>terni</strong></span> <span class='ocrx_word' id='word_1_633' title='bbox 600 4894 676 4941; x_wconf 78' lang='lat' dir='ltr'><strong>ix,</strong></span> <span class='ocrx_word' id='word_1_634' title='bbox 703 4887 756 4932; x_wconf 90' lang='lat' dir='ltr'><strong>et</strong></span> <span class='ocrx_word' id='word_1_635' title='bbox 802 4886 989 4946; x_wconf 87' lang='lat' dir='ltr'><strong>quater</strong></span> <span class='ocrx_word' id='word_1_636' title='bbox 1016 4880 1255 4946; x_wconf 86' lang='lat' dir='ltr'><strong>quaterni</strong></span> <span class='ocrx_word' id='word_1_637' title='bbox 1297 4895 1403 4942; x_wconf 72' lang='lat' dir='ltr'><strong>xvn,</strong></span> <span class='ocrx_word' id='word_1_638' title='bbox 1433 4880 1667 4933; x_wconf 87' lang='lat' dir='ltr'><strong>sedecies</strong></span> <span class='ocrx_word' id='word_1_639' title='bbox 1692 4897 1786 4934; x_wconf 89' lang='lat' dir='ltr'><strong>au-</strong></span> 
     </span>
    </p>
   </div>
   <div class='ocr_carea' id='block_1_84' title="bbox 240 4966 1782 5035">
    <p class='ocr_par' dir='ltr' id='par_1_84' title="bbox 240 4966 1782 5035">
     <span class='ocr_line' id='line_1_84' title="bbox 240 4966 1782 5035; baseline 0.001 -17"><span class='ocrx_word' id='word_1_640' title='bbox 240 4974 359 5019; x_wconf 87' lang='lat' dir='ltr'><strong>tem</strong></span> <span class='ocrx_word' id='word_1_641' title='bbox 402 4980 587 5019; x_wconf 88' lang='lat' dir='ltr'><strong>novem</strong></span> <span class='ocrx_word' id='word_1_642' title='bbox 613 4981 767 5019; x_wconf 80' lang='lat' dir='ltr'><strong>cxuv</strong></span> <span class='ocrx_word' id='word_1_643' title='bbox 794 4966 1032 5034; x_wconf 88' lang='lat' dir='ltr'><strong>implent,</strong></span> <span class='ocrx_word' id='word_1_644' title='bbox 1065 4979 1121 5019; x_wconf 88' lang='lat' dir='ltr'><strong>ut</strong></span> <span class='ocrx_word' id='word_1_645' title='bbox 1146 4982 1262 5021; x_wconf 90' lang='lat' dir='ltr'><strong>cum</strong></span> <span class='ocrx_word' id='word_1_646' title='bbox 1288 4968 1457 5021; x_wconf 90' lang='lat' dir='ltr'><strong>dehis</strong></span> <span class='ocrx_word' id='word_1_647' title='bbox 1486 4968 1574 5035; x_wconf 89' lang='lat' dir='ltr'><strong>qui</strong></span> <span class='ocrx_word' id='word_1_648' title='bbox 1606 4968 1656 5021; x_wconf 93' lang='lat' dir='ltr'><strong>in</strong></span> <span class='ocrx_word' id='word_1_649' title='bbox 1696 4983 1782 5020; x_wconf 88' lang='lat' dir='ltr'><strong>ar-</strong></span> 
     </span>
    </p>
   </div>
   <div class='ocr_carea' id='block_1_85' title="bbox 234 5052 1781 5123">
    <p class='ocr_par' dir='ltr' id='par_1_85' title="bbox 234 5052 1781 5123">
     <span class='ocr_line' id='line_1_85' title="bbox 234 5052 1781 5123; baseline -0.001 -15"><span class='ocrx_word' id='word_1_650' title='bbox 234 5052 431 5108; x_wconf 79' lang='lat' dir='ltr'><strong>ctioris</strong></span> <span class='ocrx_word' id='word_1_651' title='bbox 455 5054 574 5107; x_wconf 70' lang='lat' dir='ltr'><strong>vitae</strong></span> <span class='ocrx_word' id='word_1_652' title='bbox 601 5054 764 5123; x_wconf 87' lang='lat' dir='ltr'><strong>gradu</strong></span> <span class='ocrx_word' id='word_1_653' title='bbox 792 5054 1081 5116; x_wconf 89' lang='lat' dir='ltr'><strong>constituti,</strong></span> <span class='ocrx_word' id='word_1_654' title='bbox 1117 5054 1307 5107; x_wconf 88' lang='lat' dir='ltr'><strong>merito</strong></span> <span class='ocrx_word' id='word_1_655' title='bbox 1333 5055 1383 5107; x_wconf 94' lang='lat' dir='ltr'><strong>in</strong></span> <span class='ocrx_word' id='word_1_656' title='bbox 1429 5054 1556 5107; x_wconf 89' lang='lat' dir='ltr'><strong>Sion</strong></span> <span class='ocrx_word' id='word_1_657' title='bbox 1602 5065 1781 5109; x_wconf 85' lang='lat' dir='ltr'><strong>monte</strong></span> 
     </span>
    </p>
   </div>
   <div class='ocr_carea' id='block_1_86' title="bbox 233 5140 1779 5219">
    <p class='ocr_par' dir='ltr' id='par_1_86' title="bbox 233 5140 1779 5219">
     <span class='ocr_line' id='line_1_86' title="bbox 233 5140 1779 5219; baseline 0.002 -25"><span class='ocrx_word' id='word_1_658' title='bbox 233 5154 369 5194; x_wconf 89' lang='lat' dir='ltr'><strong>cum</strong></span> <span class='ocrx_word' id='word_1_659' title='bbox 394 5154 529 5210; x_wconf 84' lang='lat' dir='ltr'><strong>agno</strong></span> <span class='ocrx_word' id='word_1_660' title='bbox 557 5150 660 5194; x_wconf 86' lang='lat' dir='ltr'><strong>tam</strong></span> <span class='ocrx_word' id='word_1_661' title='bbox 688 5140 915 5219; x_wconf 62' lang='lat' dir='ltr'><strong>perfecta</strong></span> <span class='ocrx_word' id='word_1_662' title='bbox 940 5142 1218 5212; x_wconf 85' lang='lat' dir='ltr'><strong>multitudo</strong></span> <span class='ocrx_word' id='word_1_663' title='bbox 1241 5153 1512 5206; x_wconf 85' lang='lat' dir='ltr'><strong>cernatur,</strong></span> <span class='ocrx_word' id='word_1_664' title='bbox 1539 5141 1604 5196; x_wconf 89' lang='lat' dir='ltr'><strong>de</strong></span> <span class='ocrx_word' id='word_1_665' title='bbox 1634 5154 1779 5198; x_wconf 67' lang='lat' dir='ltr'><strong>caete-</strong></span> 
     </span>
    </p>
   </div>
   <div class='ocr_carea' id='block_1_87' title="bbox 236 5229 1781 5287">
    <p class='ocr_par' dir='ltr' id='par_1_87' title="bbox 236 5229 1781 5287">
     <span class='ocr_line' id='line_1_87' title="bbox 236 5229 1781 5287; baseline 0 -2"><span class='ocrx_word' id='word_1_666' title='bbox 236 5232 321 5285; x_wconf 87' lang='lat' dir='ltr'><strong>ris</strong></span> <span class='ocrx_word' id='word_1_667' title='bbox 369 5229 620 5284; x_wconf 67' lang='lat' dir='ltr'><strong>Ecclesiae</strong></span> <span class='ocrx_word' id='word_1_668' title='bbox 666 5232 924 5285; x_wconf 87' lang='lat' dir='ltr'><strong>membris</strong></span> <span class='ocrx_word' id='word_1_669' title='bbox 949 5248 1050 5285; x_wconf 90' lang='lat' dir='ltr'><strong>non</strong></span> <span class='ocrx_word' id='word_1_670' title='bbox 1083 5233 1365 5287; x_wconf 86' lang='lat' dir='ltr'><strong>dubitetur.</strong></span> <span class='ocrx_word' id='word_1_671' title='bbox 1418 5232 1485 5286; x_wconf 79' lang='lat' dir='ltr'><strong>Et</strong></span> <span class='ocrx_word' id='word_1_672' title='bbox 1512 5233 1781 5286; x_wconf 82' lang='lat' dir='ltr'><strong>cantabant</strong></span> 
     </span>
    </p>
   </div>
   <div class='ocr_carea' id='block_1_88' title="bbox 235 5319 1784 5391">
    <p class='ocr_par' dir='ltr' id='par_1_88' title="bbox 235 5319 1784 5391">
     <span class='ocr_line' id='line_1_88' title="bbox 235 5319 1784 5391; baseline 0.002 -22"><span class='ocrx_word' id='word_1_673' title='bbox 235 5319 393 5385; x_wconf 80' lang='lat' dir='ltr'><strong>quasi</strong></span> <span class='ocrx_word' id='word_1_674' title='bbox 436 5320 692 5372; x_wconf 84' lang='lat' dir='ltr'><strong>canticum</strong></span> <span class='ocrx_word' id='word_1_675' title='bbox 739 5337 918 5373; x_wconf 82' lang='lat' dir='ltr'><strong>novum</strong></span> <span class='ocrx_word' id='word_1_676' title='bbox 956 5334 1072 5374; x_wconf 88' lang='lat' dir='ltr'><strong>ante</strong></span> <span class='ocrx_word' id='word_1_677' title='bbox 1119 5324 1305 5382; x_wconf 87' lang='lat' dir='ltr'><strong>sedem,</strong></span> <span class='ocrx_word' id='word_1_678' title='bbox 1351 5333 1396 5375; x_wconf 89' lang='lat' dir='ltr'><strong>et</strong></span> <span class='ocrx_word' id='word_1_679' title='bbox 1423 5332 1541 5375; x_wconf 86' lang='lat' dir='ltr'><strong>ante</strong></span> <span class='ocrx_word' id='word_1_680' title='bbox 1562 5332 1784 5391; x_wconf 85' lang='lat' dir='ltr'><strong>quatuor</strong></span> 
     </span>
    </p>
   </div>
   <div class='ocr_carea' id='block_1_89' title="bbox 233 5408 1777 5481">
    <p class='ocr_par' dir='ltr' id='par_1_89' title="bbox 233 5408 1777 5481">
     <span class='ocr_line' id='line_1_89' title="bbox 233 5408 1777 5481; baseline 0.001 -20"><span class='ocrx_word' id='word_1_681' title='bbox 233 5408 493 5462; x_wconf 70' lang='lat' dir='ltr'><strong>animalia</strong></span> <span class='ocrx_word' id='word_1_682' title='bbox 529 5418 577 5461; x_wconf 83' lang='lat' dir='ltr'><strong>et</strong></span> <span class='ocrx_word' id='word_1_683' title='bbox 610 5410 865 5473; x_wconf 54' lang='lat' dir='ltr'><strong>seniores,</strong></span> <span class='ocrx_word' id='word_1_684' title='bbox 913 5420 965 5465; x_wconf 92' lang='lat' dir='ltr'><strong>et</strong></span> <span class='ocrx_word' id='word_1_685' title='bbox 1013 5412 1229 5481; x_wconf 87' lang='lat' dir='ltr'><strong>reliqua.</strong></span> <span class='ocrx_word' id='word_1_686' title='bbox 1278 5412 1352 5465; x_wconf 89' lang='lat' dir='ltr'><strong>llli</strong></span> <span class='ocrx_word' id='word_1_687' title='bbox 1384 5412 1533 5480; x_wconf 86' lang='lat' dir='ltr'><strong>quasi</strong></span> <span class='ocrx_word' id='word_1_688' title='bbox 1579 5412 1777 5464; x_wconf 82' lang='lat' dir='ltr'><strong>cithara</strong></span> 
     </span>
    </p>
   </div>
   <div class='ocr_carea' id='block_1_90' title="bbox 1896 3277 3442 3349">
    <p class='ocr_par' dir='ltr' id='par_1_90' title="bbox 1896 3277 3442 3349">
     <span class='ocr_line' id='line_1_90' title="bbox 1896 3277 3442 3349; baseline 0.002 -19"><span class='ocrx_word' id='word_1_689' title='bbox 1896 3277 2116 3348; x_wconf 87' lang='lat' dir='ltr'><strong>ﬁguram</strong></span> <span class='ocrx_word' id='word_1_690' title='bbox 2142 3277 2296 3342; x_wconf 89' lang='lat' dir='ltr'><strong>facit,</strong></span> <span class='ocrx_word' id='word_1_691' title='bbox 2324 3294 2445 3330; x_wconf 88' lang='lat' dir='ltr'><strong>nam</strong></span> <span class='ocrx_word' id='word_1_692' title='bbox 2482 3293 2621 3331; x_wconf 80' lang='lat' dir='ltr'><strong>xxxv</strong></span> <span class='ocrx_word' id='word_1_693' title='bbox 2652 3287 2978 3349; x_wconf 80' lang='lat' dir='ltr'><strong>pentagonus</strong></span> <span class='ocrx_word' id='word_1_694' title='bbox 3004 3288 3113 3344; x_wconf 89' lang='lat' dir='ltr'><strong>est;</strong></span> <span class='ocrx_word' id='word_1_695' title='bbox 3147 3281 3238 3334; x_wconf 92' lang='lat' dir='ltr'><strong>sed</strong></span> <span class='ocrx_word' id='word_1_696' title='bbox 3266 3279 3337 3333; x_wconf 79' lang='lat' dir='ltr'><strong>ad</strong></span> <span class='ocrx_word' id='word_1_697' title='bbox 3356 3280 3442 3333; x_wconf 89' lang='lat' dir='ltr'><strong>iu-</strong></span> 
     </span>
    </p>
   </div>
   <div class='ocr_carea' id='block_1_91' title="bbox 1854 3367 3441 3441">
    <p class='ocr_par' dir='ltr' id='par_1_91' title="bbox 1854 3367 3441 3441">
     <span class='ocr_line' id='line_1_91' title="bbox 1854 3367 3441 3441; baseline 0.004 -23"><span class='ocrx_word' id='word_1_698' title='bbox 1854 3367 2184 3421; x_wconf 83' lang='lat' dir='ltr'><strong>itimandum</strong></span> <span class='ocrx_word' id='word_1_699' title='bbox 2240 3367 2453 3437; x_wconf 78' lang='lat' dir='ltr'><strong>aliquod</strong></span> <span class='ocrx_word' id='word_1_700' title='bbox 2510 3379 2907 3423; x_wconf 88' lang='lat' dir='ltr'><strong>sacramentum</strong></span> <span class='ocrx_word' id='word_1_701' title='bbox 2960 3371 3029 3423; x_wconf 89' lang='lat' dir='ltr'><strong>ita</strong></span> <span class='ocrx_word' id='word_1_702' title='bbox 3078 3373 3281 3441; x_wconf 85' lang='lat' dir='ltr'><strong>positus</strong></span> <span class='ocrx_word' id='word_1_703' title='bbox 3340 3382 3441 3426; x_wconf 88' lang='lat' dir='ltr'><strong>est.</strong></span> 
     </span>
    </p>
   </div>
   <div class='ocr_carea' id='block_1_92' title="bbox 1893 3456 3444 3530">
    <p class='ocr_par' dir='ltr' id='par_1_92' title="bbox 1893 3456 3444 3530">
     <span class='ocr_line' id='line_1_92' title="bbox 1893 3456 3444 3530; baseline 0.003 -20"><span class='ocrx_word' id='word_1_704' title='bbox 1893 3456 2178 3523; x_wconf 84' lang='lat' dir='ltr'><strong>Quinarius</strong></span> <span class='ocrx_word' id='word_1_705' title='bbox 2205 3473 2331 3516; x_wconf 71' lang='lat' dir='ltr'><strong>eruo</strong></span> <span class='ocrx_word' id='word_1_706' title='bbox 2358 3459 2526 3529; x_wconf 89' lang='lat' dir='ltr'><strong>legem</strong></span> <span class='ocrx_word' id='word_1_707' title='bbox 2555 3460 2748 3530; x_wconf 87' lang='lat' dir='ltr'><strong>signat,</strong></span> <span class='ocrx_word' id='word_1_708' title='bbox 2777 3469 2832 3516; x_wconf 85' lang='lat' dir='ltr'><strong>et</strong></span> <span class='ocrx_word' id='word_1_709' title='bbox 2856 3464 3225 3529; x_wconf 89' lang='lat' dir='ltr'><strong>quaternarins</strong></span> <span class='ocrx_word' id='word_1_710' title='bbox 3270 3464 3444 3516; x_wconf 88' lang='lat' dir='ltr'><strong>Evan-</strong></span> 
     </span>
    </p>
   </div>
   <div class='ocr_carea' id='block_1_93' title="bbox 1893 3538 3444 3619">
    <p class='ocr_par' dir='ltr' id='par_1_93' title="bbox 1893 3538 3444 3619">
     <span class='ocr_line' id='line_1_93' title="bbox 1893 3538 3444 3619; baseline 0.004 -19"><span class='ocrx_word' id='word_1_711' title='bbox 1893 3538 2115 3617; x_wconf 74' lang='lat' dir='ltr'><strong>gelinm;</strong></span> <span class='ocrx_word' id='word_1_712' title='bbox 2141 3555 2199 3601; x_wconf 83' lang='lat' dir='ltr'><strong>at</strong></span> <span class='ocrx_word' id='word_1_713' title='bbox 2223 3553 2453 3615; x_wconf 74' lang='lat' dir='ltr'><strong>quatuor</strong></span> <span class='ocrx_word' id='word_1_714' title='bbox 2476 3549 2761 3619; x_wconf 86' lang='lat' dir='ltr'><strong>pentagoni</strong></span> <span class='ocrx_word' id='word_1_715' title='bbox 2787 3564 2907 3604; x_wconf 90' lang='lat' dir='ltr'><strong>cum</strong></span> <span class='ocrx_word' id='word_1_716' title='bbox 2931 3552 3322 3607; x_wconf 77' lang='lat' dir='ltr'><strong>adbzerentibus</strong></span> <span class='ocrx_word' id='word_1_717' title='bbox 3343 3553 3444 3606; x_wconf 88' lang='lat' dir='ltr'><strong>sibi</strong></span> 
     </span>
    </p>
   </div>
   <div class='ocr_carea' id='block_1_94' title="bbox 1893 3637 3439 3710">
    <p class='ocr_par' dir='ltr' id='par_1_94' title="bbox 1893 3637 3439 3710">
     <span class='ocr_line' id='line_1_94' title="bbox 1893 3637 3439 3710; baseline 0.003 -21"><span class='ocrx_word' id='word_1_718' title='bbox 1893 3638 2120 3705; x_wconf 87' lang='lat' dir='ltr'><strong>q&#39;natuor</strong></span> <span class='ocrx_word' id='word_1_719' title='bbox 2167 3637 2455 3690; x_wconf 89' lang='lat' dir='ltr'><strong>unitatibus</strong></span> <span class='ocrx_word' id='word_1_720' title='bbox 2505 3652 2555 3690; x_wconf 83' lang='lat' dir='ltr'><strong>tv</strong></span> <span class='ocrx_word' id='word_1_721' title='bbox 2598 3652 2801 3691; x_wconf 86' lang='lat' dir='ltr'><strong>cornua</strong></span> <span class='ocrx_word' id='word_1_722' title='bbox 2841 3639 3127 3708; x_wconf 85' lang='lat' dir='ltr'><strong>complent,</strong></span> <span class='ocrx_word' id='word_1_723' title='bbox 3165 3641 3287 3708; x_wconf 83' lang='lat' dir='ltr'><strong>quia</strong></span> <span class='ocrx_word' id='word_1_724' title='bbox 3316 3656 3439 3710; x_wconf 49' lang='lat' dir='ltr'><strong>pas.</strong></span> 
     </span>
    </p>
   </div>
   <div class='ocr_carea' id='block_1_95' title="bbox 1893 3724 3445 3797">
    <p class='ocr_par' dir='ltr' id='par_1_95' title="bbox 1893 3724 3445 3797">
     <span class='ocr_line' id='line_1_95' title="bbox 1893 3724 3445 3797; baseline 0.001 -18"><span class='ocrx_word' id='word_1_725' title='bbox 1893 3727 2042 3780; x_wconf 88' lang='lat' dir='ltr'><strong>sione</strong></span> <span class='ocrx_word' id='word_1_726' title='bbox 2075 3724 2269 3779; x_wconf 86' lang='lat' dir='ltr'><strong>Christi</strong></span> <span class='ocrx_word' id='word_1_727' title='bbox 2296 3734 2349 3780; x_wconf 91' lang='lat' dir='ltr'><strong>et</strong></span> <span class='ocrx_word' id='word_1_728' title='bbox 2379 3726 2770 3782; x_wconf 89' lang='lat' dir='ltr'><strong>resurrectione</strong></span> <span class='ocrx_word' id='word_1_729' title='bbox 2806 3728 3067 3797; x_wconf 86' lang='lat' dir='ltr'><strong>completa</strong></span> <span class='ocrx_word' id='word_1_730' title='bbox 3103 3729 3185 3782; x_wconf 82' lang='lat' dir='ltr'><strong>lex</strong></span> <span class='ocrx_word' id='word_1_731' title='bbox 3211 3729 3367 3783; x_wconf 85' lang='lat' dir='ltr'><strong>simul</strong></span> <span class='ocrx_word' id='word_1_732' title='bbox 3390 3734 3445 3782; x_wconf 87' lang='lat' dir='ltr'><strong>et</strong></span> 
     </span>
    </p>
   </div>
   <div class='ocr_carea' id='block_1_96' title="bbox 1894 3814 3443 3889">
    <p class='ocr_par' dir='ltr' id='par_1_96' title="bbox 1894 3814 3443 3889">
     <span class='ocr_line' id='line_1_96' title="bbox 1894 3814 3443 3889; baseline 0.002 -18"><span class='ocrx_word' id='word_1_733' title='bbox 1894 3818 2256 3889; x_wconf 75' lang='lat' dir='ltr'><strong>Etrangelium,</strong></span> <span class='ocrx_word' id='word_1_734' title='bbox 2278 3818 2331 3871; x_wconf 91' lang='lat' dir='ltr'><strong>in</strong></span> <span class='ocrx_word' id='word_1_735' title='bbox 2354 3826 2518 3872; x_wconf 88' lang='lat' dir='ltr'><strong>totam</strong></span> <span class='ocrx_word' id='word_1_736' title='bbox 2558 3814 2739 3873; x_wconf 88' lang='lat' dir='ltr'><strong>mundi</strong></span> <span class='ocrx_word' id='word_1_737' title='bbox 2765 3819 3088 3873; x_wconf 91' lang='lat' dir='ltr'><strong>latitudinem</strong></span> <span class='ocrx_word' id='word_1_738' title='bbox 3110 3820 3443 3888; x_wconf 63' lang='lat' dir='ltr'><strong>praedicanda</strong></span> 
     </span>
    </p>
   </div>
   <div class='ocr_carea' id='block_1_97' title="bbox 1894 3909 3441 3978">
    <p class='ocr_par' dir='ltr' id='par_1_97' title="bbox 1894 3909 3441 3978">
     <span class='ocr_line' id='line_1_97' title="bbox 1894 3909 3441 3978; baseline 0 -17"><span class='ocrx_word' id='word_1_739' title='bbox 1894 3909 2198 3963; x_wconf 86' lang='lat' dir='ltr'><strong>doctoribus</strong></span> <span class='ocrx_word' id='word_1_740' title='bbox 2218 3909 2505 3962; x_wconf 89' lang='lat' dir='ltr'><strong>commissa</strong></span> <span class='ocrx_word' id='word_1_741' title='bbox 2537 3918 2661 3963; x_wconf 89' lang='lat' dir='ltr'><strong>sunt</strong></span> <span class='ocrx_word' id='word_1_742' title='bbox 2688 3927 2701 3962; x_wconf 88' lang='lat'><strong>:</strong></span> <span class='ocrx_word' id='word_1_743' title='bbox 2744 3924 2905 3963; x_wconf 91' lang='lat' dir='ltr'><strong>unum</strong></span> <span class='ocrx_word' id='word_1_744' title='bbox 2938 3909 2991 3962; x_wconf 92' lang='lat' dir='ltr'><strong>in</strong></span> <span class='ocrx_word' id='word_1_745' title='bbox 3016 3909 3317 3978; x_wconf 85' lang='lat' dir='ltr'><strong>exemplum</strong></span> <span class='ocrx_word' id='word_1_746' title='bbox 3342 3910 3441 3962; x_wconf 87' lang='lat' dir='ltr'><strong>da-</strong></span> 
     </span>
    </p>
   </div>
   <div class='ocr_carea' id='block_1_98' title="bbox 1896 3998 3442 4069">
    <p class='ocr_par' dir='ltr' id='par_1_98' title="bbox 1896 3998 3442 4069">
     <span class='ocr_line' id='line_1_98' title="bbox 1896 3998 3442 4069; baseline -0.001 -14"><span class='ocrx_word' id='word_1_747' title='bbox 1896 4009 1978 4055; x_wconf 91' lang='lat' dir='ltr'><strong>tos</strong></span> <span class='ocrx_word' id='word_1_748' title='bbox 2025 4001 2301 4069; x_wconf 87' lang='lat' dir='ltr'><strong>utriusque</strong></span> <span class='ocrx_word' id='word_1_749' title='bbox 2352 4000 2658 4053; x_wconf 85' lang='lat' dir='ltr'><strong>testamenti</strong></span> <span class='ocrx_word' id='word_1_750' title='bbox 2698 4008 2903 4067; x_wconf 79' lang='lat' dir='ltr'><strong>patres,</strong></span> <span class='ocrx_word' id='word_1_751' title='bbox 2944 3998 3125 4054; x_wconf 80' lang='lat' dir='ltr'><strong>ﬁdeles</strong></span> <span class='ocrx_word' id='word_1_752' title='bbox 3152 4000 3347 4069; x_wconf 76' lang='lat' dir='ltr'><strong>ubique</strong></span> <span class='ocrx_word' id='word_1_753' title='bbox 3389 4000 3442 4053; x_wconf 93' lang='lat' dir='ltr'><strong>in</strong></span> 
     </span>
    </p>
   </div>
   <div class='ocr_carea' id='block_1_99' title="bbox 1893 4088 3440 4158">
    <p class='ocr_par' dir='ltr' id='par_1_99' title="bbox 1893 4088 3440 4158">
     <span class='ocr_line' id='line_1_99' title="bbox 1893 4088 3440 4158; baseline -0.001 -15"><span class='ocrx_word' id='word_1_754' title='bbox 1893 4090 2138 4143; x_wconf 82' lang='lat' dir='ltr'><strong>universo</strong></span> <span class='ocrx_word' id='word_1_755' title='bbox 2172 4088 2316 4142; x_wconf 84' lang='lat' dir='ltr'><strong>-orbe</strong></span> <span class='ocrx_word' id='word_1_756' title='bbox 2346 4088 2648 4142; x_wconf 86' lang='lat' dir='ltr'><strong>castitatem</strong></span> <span class='ocrx_word' id='word_1_757' title='bbox 2672 4088 2935 4144; x_wconf 85' lang='lat' dir='ltr'><strong>servando</strong></span> <span class='ocrx_word' id='word_1_758' title='bbox 2978 4088 3186 4143; x_wconf 89' lang='lat' dir='ltr'><strong>imitare</strong></span> <span class='ocrx_word' id='word_1_759' title='bbox 3230 4096 3440 4158; x_wconf 84' lang='lat' dir='ltr'><strong>satage-</strong></span> 
     </span>
    </p>
   </div>
   <div class='ocr_carea' id='block_1_100' title="bbox 1892 4175 3441 4255">
    <p class='ocr_par' dir='ltr' id='par_1_100' title="bbox 1892 4175 3441 4255">
     <span class='ocr_line' id='line_1_100' title="bbox 1892 4175 3441 4255; baseline 0.001 -24"><span class='ocrx_word' id='word_1_760' title='bbox 1892 4178 2040 4241; x_wconf 90' lang='lat' dir='ltr'><strong>bant,</strong></span> <span class='ocrx_word' id='word_1_761' title='bbox 2081 4178 2169 4246; x_wconf 87' lang='lat' dir='ltr'><strong>qui</strong></span> <span class='ocrx_word' id='word_1_762' title='bbox 2216 4192 2353 4237; x_wconf 62' lang='lat' dir='ltr'><strong>anno</strong></span> <span class='ocrx_word' id='word_1_763' title='bbox 2382 4177 2570 4255; x_wconf 76' lang='lat' dir='ltr'><strong>sociati</strong></span> <span class='ocrx_word' id='word_1_764' title='bbox 2617 4192 2775 4246; x_wconf 86' lang='lat' dir='ltr'><strong>super</strong></span> <span class='ocrx_word' id='word_1_765' title='bbox 2832 4186 3064 4233; x_wconf 88' lang='lat' dir='ltr'><strong>montem</strong></span> <span class='ocrx_word' id='word_1_766' title='bbox 3119 4175 3246 4230; x_wconf 87' lang='lat' dir='ltr'><strong>Sion</strong></span> <span class='ocrx_word' id='word_1_767' title='bbox 3286 4177 3441 4246; x_wconf 79' lang='lat' dir='ltr'><strong>quasi</strong></span> 
     </span>
    </p>
   </div>
   <div class='ocr_carea' id='block_1_101' title="bbox 1892 4262 3443 4335">
    <p class='ocr_par' dir='ltr' id='par_1_101' title="bbox 1892 4262 3443 4335">
     <span class='ocr_line' id='line_1_101' title="bbox 1892 4262 3443 4335; baseline -0.002 -13"><span class='ocrx_word' id='word_1_768' title='bbox 1892 4270 2157 4322; x_wconf 87' lang='lat' dir='ltr'><strong>canticum</strong></span> <span class='ocrx_word' id='word_1_769' title='bbox 2205 4284 2400 4323; x_wconf 89' lang='lat' dir='ltr'><strong>novum</strong></span> <span class='ocrx_word' id='word_1_770' title='bbox 2437 4268 2489 4321; x_wconf 91' lang='lat' dir='ltr'><strong>in</strong></span> <span class='ocrx_word' id='word_1_771' title='bbox 2540 4262 2763 4321; x_wconf 88' lang='lat' dir='ltr'><strong>citharis</strong></span> <span class='ocrx_word' id='word_1_772' title='bbox 2795 4268 2908 4321; x_wconf 89' lang='lat' dir='ltr'><strong>suis</strong></span> <span class='ocrx_word' id='word_1_773' title='bbox 2944 4266 3248 4322; x_wconf 87' lang='lat' dir='ltr'><strong>cantabant.</strong></span> <span class='ocrx_word' id='word_1_774' title='bbox 3304 4265 3443 4335; x_wconf 87' lang='lat' dir='ltr'><strong>Ergo</strong></span> 
     </span>
    </p>
   </div>
   <div class='ocr_carea' id='block_1_102' title="bbox 1892 4347 3441 4431">
    <p class='ocr_par' dir='ltr' id='par_1_102' title="bbox 1892 4347 3441 4431">
     <span class='ocr_line' id='line_1_102' title="bbox 1892 4347 3441 4431; baseline -0.001 -14"><span class='ocrx_word' id='word_1_775' title='bbox 1892 4370 2121 4430; x_wconf 87' lang='lat' dir='ltr'><strong>quatuor</strong></span> <span class='ocrx_word' id='word_1_776' title='bbox 2159 4364 2388 4416; x_wconf 85' lang='lat' dir='ltr'><strong>unitates</strong></span> <span class='ocrx_word' id='word_1_777' title='bbox 2416 4377 2534 4430; x_wconf 80' lang='lat' dir='ltr'><strong>quae</strong></span> <span class='ocrx_word' id='word_1_778' title='bbox 2572 4362 2883 4431; x_wconf 88' lang='lat' dir='ltr'><strong>pentagonis</strong></span> <span class='ocrx_word' id='word_1_779' title='bbox 2910 4363 3244 4419; x_wconf 74' lang='lat' dir='ltr'><strong>extrinsecus</strong></span> <span class='ocrx_word' id='word_1_780' title='bbox 3266 4347 3441 4418; x_wconf 62' lang='lat' dir='ltr'><strong>adhic-</strong></span> 
     </span>
    </p>
   </div>
   <div class='ocr_carea' id='block_1_103' title="bbox 1895 4450 3439 4519">
    <p class='ocr_par' dir='ltr' id='par_1_103' title="bbox 1895 4450 3439 4519">
     <span class='ocr_line' id='line_1_103' title="bbox 1895 4450 3439 4519; baseline 0.001 -16"><span class='ocrx_word' id='word_1_781' title='bbox 1895 4460 2031 4512; x_wconf 87' lang='lat' dir='ltr'><strong>rcnt,</strong></span> <span class='ocrx_word' id='word_1_782' title='bbox 2073 4452 2124 4504; x_wconf 93' lang='lat' dir='ltr'><strong>in</strong></span> <span class='ocrx_word' id='word_1_783' title='bbox 2155 4460 2385 4519; x_wconf 87' lang='lat' dir='ltr'><strong>quatuor</strong></span> <span class='ocrx_word' id='word_1_784' title='bbox 2430 4450 2625 4505; x_wconf 89' lang='lat' dir='ltr'><strong>litteris</strong></span> <span class='ocrx_word' id='word_1_785' title='bbox 2673 4466 2835 4504; x_wconf 91' lang='lat' dir='ltr'><strong>unum</strong></span> <span class='ocrx_word' id='word_1_786' title='bbox 2878 4467 3068 4506; x_wconf 89' lang='lat' dir='ltr'><strong>nomen</strong></span> <span class='ocrx_word' id='word_1_787' title='bbox 3110 4451 3439 4513; x_wconf 83' lang='lat' dir='ltr'><strong>conﬁcienti-</strong></span> 
     </span>
    </p>
   </div>
   <div class='ocr_carea' id='block_1_104' title="bbox 1891 4520 3436 4611">
    <p class='ocr_par' dir='ltr' id='par_1_104' title="bbox 1891 4520 3436 4611">
     <span class='ocr_line' id='line_1_104' title="bbox 1891 4520 3436 4611; baseline 0.003 -19"><span class='ocrx_word' id='word_1_788' title='bbox 1891 4540 2008 4603; x_wconf 87' lang='lat' dir='ltr'><strong>bus,</strong></span> <span class='ocrx_word' id='word_1_789' title='bbox 2035 4540 2085 4593; x_wconf 90' lang='lat' dir='ltr'><strong>id</strong></span> <span class='ocrx_word' id='word_1_790' title='bbox 2107 4547 2205 4603; x_wconf 90' lang='lat' dir='ltr'><strong>est,</strong></span> <span class='ocrx_word' id='word_1_791' title='bbox 2230 4555 2377 4599; x_wconf 82' lang='lat' dir='ltr'><strong>crux.</strong></span> <span class='ocrx_word' id='word_1_792' title='bbox 2406 4540 2883 4595; x_wconf 89' lang='lat' dir='ltr'><strong>demonstravimus</strong></span> <span class='ocrx_word' id='word_1_793' title='bbox 2912 4559 2924 4593; x_wconf 91' lang='lat'><strong>:</strong></span> <span class='ocrx_word' id='word_1_794' title='bbox 2964 4549 3020 4594; x_wconf 90' lang='lat' dir='ltr'><strong>ut</strong></span> <span class='ocrx_word' id='word_1_795' title='bbox 3048 4550 3102 4595; x_wconf 89' lang='lat' dir='ltr'><strong>et</strong></span> <span class='ocrx_word' id='word_1_796' title='bbox 3120 4520 3436 4611; x_wconf 62' lang='lat' dir='ltr'><strong>peniagonis</strong></span> 
     </span>
    </p>
   </div>
   <div class='ocr_carea' id='block_1_105' title="bbox 1891 4629 3434 4698">
    <p class='ocr_par' dir='ltr' id='par_1_105' title="bbox 1891 4629 3434 4698">
     <span class='ocr_line' id='line_1_105' title="bbox 1891 4629 3434 4698; baseline 0.001 -14"><span class='ocrx_word' id='word_1_797' title='bbox 1891 4631 2000 4685; x_wconf 88' lang='lat' dir='ltr'><strong>suis</strong></span> <span class='ocrx_word' id='word_1_798' title='bbox 2021 4630 2084 4683; x_wconf 88' lang='lat' dir='ltr'><strong>ad</strong></span> <span class='ocrx_word' id='word_1_799' title='bbox 2105 4629 2643 4698; x_wconf 88' lang='lat' dir='ltr'><strong>versnscomplendos</strong></span> <span class='ocrx_word' id='word_1_800' title='bbox 2665 4631 3010 4695; x_wconf 58' lang='lat' dir='ltr'><strong>cohaererent,</strong></span> <span class='ocrx_word' id='word_1_801' title='bbox 3028 4638 3083 4684; x_wconf 88' lang='lat' dir='ltr'><strong>et</strong></span> <span class='ocrx_word' id='word_1_802' title='bbox 3100 4630 3263 4697; x_wconf 89' lang='lat' dir='ltr'><strong>adjus</strong></span> <span class='ocrx_word' id='word_1_803' title='bbox 3283 4647 3434 4687; x_wconf 87' lang='lat' dir='ltr'><strong>suum</strong></span> 
     </span>
    </p>
   </div>
   <div class='ocr_carea' id='block_1_106' title="bbox 1877 4721 3430 4777">
    <p class='ocr_par' dir='ltr' id='par_1_106' title="bbox 1877 4721 3430 4777">
     <span class='ocr_line' id='line_1_106' title="bbox 1877 4721 3430 4777; baseline 0 -3"><span class='ocrx_word' id='word_1_804' title='bbox 1877 4722 2354 4775; x_wconf 75' lang='lat' dir='ltr'><strong>demonstrandum</strong></span> <span class='ocrx_word' id='word_1_805' title='bbox 2380 4721 2480 4775; x_wconf 89' lang='lat' dir='ltr'><strong>sibi</strong></span> <span class='ocrx_word' id='word_1_806' title='bbox 2502 4729 2686 4776; x_wconf 84' lang='lat' dir='ltr'><strong>mutuo</strong></span> <span class='ocrx_word' id='word_1_807' title='bbox 2715 4736 2819 4774; x_wconf 92' lang='lat' dir='ltr'><strong>uno</strong></span> <span class='ocrx_word' id='word_1_808' title='bbox 2843 4722 3054 4775; x_wconf 87' lang='lat' dir='ltr'><strong>nomine</strong></span> <span class='ocrx_word' id='word_1_809' title='bbox 3077 4730 3430 4777; x_wconf 85' lang='lat' dir='ltr'><strong>necterentur.</strong></span> 
     </span>
    </p>
   </div>
   <div class='ocr_carea' id='block_1_107' title="bbox 1891 4809 3429 4879">
    <p class='ocr_par' dir='ltr' id='par_1_107' title="bbox 1891 4809 3429 4879">
     <span class='ocr_line' id='line_1_107' title="bbox 1891 4809 3429 4879; baseline 0.003 -18"><span class='ocrx_word' id='word_1_810' title='bbox 1891 4809 1985 4861; x_wconf 79' lang='lat' dir='ltr'><strong>Est</strong></span> <span class='ocrx_word' id='word_1_811' title='bbox 2007 4824 2215 4877; x_wconf 90' lang='lat' dir='ltr'><strong>quoque</strong></span> <span class='ocrx_word' id='word_1_812' title='bbox 2261 4810 2347 4863; x_wconf 88' lang='lat' dir='ltr'><strong>hic</strong></span> <span class='ocrx_word' id='word_1_813' title='bbox 2373 4824 2557 4863; x_wconf 86' lang='lat' dir='ltr'><strong>versus</strong></span> <span class='ocrx_word' id='word_1_814' title='bbox 2594 4809 2648 4863; x_wconf 92' lang='lat' dir='ltr'><strong>in</strong></span> <span class='ocrx_word' id='word_1_815' title='bbox 2678 4809 3013 4863; x_wconf 89' lang='lat' dir='ltr'><strong>eminentiori</strong></span> <span class='ocrx_word' id='word_1_816' title='bbox 3036 4819 3186 4879; x_wconf 87' lang='lat' dir='ltr'><strong>parte</strong></span> <span class='ocrx_word' id='word_1_817' title='bbox 3212 4812 3389 4866; x_wconf 86' lang='lat' dir='ltr'><strong>crucis</strong></span> <span class='ocrx_word' id='word_1_818' title='bbox 3410 4830 3429 4865; x_wconf 72' lang='grc' dir='ltr'><em>ε</em></span> 
     </span>
    </p>
   </div>
   <div class='ocr_carea' id='block_1_108' title="bbox 2075 4919 3185 4971">
    <p class='ocr_par' dir='ltr' id='par_1_108' title="bbox 2075 4919 3185 4971">
     <span class='ocr_line' id='line_1_108' title="bbox 2075 4919 3185 4971; baseline 0.003 -6"><span class='ocrx_word' id='word_1_819' title='bbox 2075 4919 2369 4966; x_wconf 80' lang='lat' dir='ltr'><strong>Immaculata</strong></span> <span class='ocrx_word' id='word_1_820' title='bbox 2401 4919 2572 4968; x_wconf 66' lang='lat' dir='ltr'><strong>cohors</strong></span> <span class='ocrx_word' id='word_1_821' title='bbox 2589 4926 2752 4969; x_wconf 73' lang='lat' dir='ltr'><strong>cantus</strong></span> <span class='ocrx_word' id='word_1_822' title='bbox 2784 4924 2833 4967; x_wconf 88' lang='lat' dir='ltr'><strong>tu</strong></span> <span class='ocrx_word' id='word_1_823' title='bbox 2859 4922 3055 4970; x_wconf 65' lang='lat' dir='ltr'><strong>vocibus</strong></span> <span class='ocrx_word' id='word_1_824' title='bbox 3076 4921 3185 4971; x_wconf 77' lang='lat' dir='ltr'><strong>illis.</strong></span> 
     </span>
    </p>
   </div>
   <div class='ocr_carea' id='block_1_109' title="bbox 1886 4999 2320 5053">
    <p class='ocr_par' dir='ltr' id='par_1_109' title="bbox 1886 4999 2320 5053">
     <span class='ocr_line' id='line_1_109' title="bbox 1886 4999 2320 5053; baseline 0.005 -2"><span class='ocrx_word' id='word_1_825' title='bbox 1886 4999 1949 5051; x_wconf 81' lang='lat' dir='ltr'><strong>Et</strong></span> <span class='ocrx_word' id='word_1_826' title='bbox 1979 5000 2029 5053; x_wconf 92' lang='lat' dir='ltr'><strong>in</strong></span> <span class='ocrx_word' id='word_1_827' title='bbox 2062 5000 2165 5052; x_wconf 88' lang='lat' dir='ltr'><strong>ima</strong></span> <span class='ocrx_word' id='word_1_828' title='bbox 2198 4999 2320 5053; x_wconf 88' lang='lat' dir='ltr'><strong>hic:</strong></span> 
     </span>
    </p>
   </div>
   <div class='ocr_carea' id='block_1_110' title="bbox 2069 5085 3245 5152">
    <p class='ocr_par' dir='ltr' id='par_1_110' title="bbox 2069 5085 3245 5152">
     <span class='ocr_line' id='line_1_110' title="bbox 2069 5085 3245 5152; baseline 0.008 -21"><span class='ocrx_word' id='word_1_829' title='bbox 2069 5085 2170 5133; x_wconf 75' lang='lat' dir='ltr'><strong>llex</strong></span> <span class='ocrx_word' id='word_1_830' title='bbox 2197 5086 2276 5133; x_wconf 83' lang='lat' dir='ltr'><strong>ubi</strong></span> <span class='ocrx_word' id='word_1_831' title='bbox 2295 5086 2441 5134; x_wconf 81' lang='lat' dir='ltr'><strong>Jesns</strong></span> <span class='ocrx_word' id='word_1_832' title='bbox 2455 5091 2563 5135; x_wconf 74' lang='lat' dir='ltr'><strong>ovat</strong></span> <span class='ocrx_word' id='word_1_833' title='bbox 2584 5090 2841 5149; x_wconf 76' lang='lat' dir='ltr'><strong>quopsscit</strong></span> <span class='ocrx_word' id='word_1_834' title='bbox 2863 5089 3061 5150; x_wconf 81' lang='lat' dir='ltr'><strong>virginis</strong></span> <span class='ocrx_word' id='word_1_835' title='bbox 3078 5103 3245 5152; x_wconf 69' lang='lat' dir='ltr'><strong>agnus.</strong></span> 
     </span>
    </p>
   </div>
   <div class='ocr_carea' id='block_1_111' title="bbox 1883 5166 2499 5221">
    <p class='ocr_par' dir='ltr' id='par_1_111' title="bbox 1883 5166 2499 5221">
     <span class='ocr_line' id='line_1_111' title="bbox 1883 5166 2499 5221; baseline 0.005 -3"><span class='ocrx_word' id='word_1_836' title='bbox 1883 5166 1937 5218; x_wconf 86' lang='lat' dir='ltr'><strong>ln</strong></span> <span class='ocrx_word' id='word_1_837' title='bbox 1969 5168 2183 5219; x_wconf 75' lang='lat' dir='ltr'><strong>dextera</strong></span> <span class='ocrx_word' id='word_1_838' title='bbox 2213 5181 2337 5220; x_wconf 90' lang='lat' dir='ltr'><strong>vero</strong></span> <span class='ocrx_word' id='word_1_839' title='bbox 2364 5167 2499 5221; x_wconf 89' lang='lat' dir='ltr'><strong>iste:</strong></span> 
     </span>
    </p>
   </div>
   <div class='ocr_carea' id='block_1_112' title="bbox 2064 5255 3154 5321">
    <p class='ocr_par' dir='ltr' id='par_1_112' title="bbox 2064 5255 3154 5321">
     <span class='ocr_line' id='line_1_112' title="bbox 2064 5255 3154 5321; baseline 0.002 -18"><span class='ocrx_word' id='word_1_840' title='bbox 2064 5255 2280 5305; x_wconf 77' lang='lat' dir='ltr'><strong>Carmina</strong></span> <span class='ocrx_word' id='word_1_841' title='bbox 2305 5270 2412 5317; x_wconf 70' lang='lat' dir='ltr'><strong>qua:</strong></span> <span class='ocrx_word' id='word_1_842' title='bbox 2432 5257 2587 5307; x_wconf 87' lang='lat' dir='ltr'><strong>nullus</strong></span> <span class='ocrx_word' id='word_1_843' title='bbox 2603 5256 2773 5306; x_wconf 78' lang='lat' dir='ltr'><strong>diffuso</strong></span> <span class='ocrx_word' id='word_1_844' title='bbox 2789 5256 2963 5309; x_wconf 77' lang='lat' dir='ltr'><strong>famine</strong></span> <span class='ocrx_word' id='word_1_845' title='bbox 2985 5270 3154 5321; x_wconf 61' lang='lat' dir='ltr'><strong>cantat.</strong></span> 
     </span>
    </p>
   </div>
   <div class='ocr_carea' id='block_1_113' title="bbox 1889 5333 2450 5389">
    <p class='ocr_par' dir='ltr' id='par_1_113' title="bbox 1889 5333 2450 5389">
     <span class='ocr_line' id='line_1_113' title="bbox 1889 5333 2450 5389; baseline 0.007 -4"><span class='ocrx_word' id='word_1_846' title='bbox 1889 5333 1949 5385; x_wconf 78' lang='lat' dir='ltr'><strong>Et</strong></span> <span class='ocrx_word' id='word_1_847' title='bbox 1984 5334 2031 5386; x_wconf 89' lang='lat' dir='ltr'><strong>in</strong></span> <span class='ocrx_word' id='word_1_848' title='bbox 2067 5334 2282 5389; x_wconf 87' lang='lat' dir='ltr'><strong>sinistra</strong></span> <span class='ocrx_word' id='word_1_849' title='bbox 2313 5336 2450 5389; x_wconf 85' lang='lat' dir='ltr'><strong>iste:</strong></span> 
     </span>
    </p>
   </div>
   <div class='ocr_carea' id='block_1_114' title="bbox 2065 5420 3213 5487">
    <p class='ocr_par' dir='ltr' id='par_1_114' title="bbox 2065 5420 3213 5487">
     <span class='ocr_line' id='line_1_114' title="bbox 2065 5420 3213 5487; baseline 0.005 -19"><span class='ocrx_word' id='word_1_850' title='bbox 2065 5420 2149 5470; x_wconf 84' lang='lat' dir='ltr'><strong>llic</strong></span> <span class='ocrx_word' id='word_1_851' title='bbox 2168 5429 2330 5471; x_wconf 83' lang='lat' dir='ltr'><strong>vester</strong></span> <span class='ocrx_word' id='word_1_852' title='bbox 2353 5435 2473 5484; x_wconf 77' lang='lat' dir='ltr'><strong>grex</strong></span> <span class='ocrx_word' id='word_1_853' title='bbox 2500 5426 2546 5472; x_wconf 87' lang='lat' dir='ltr'><strong>ni</strong></span> <span class='ocrx_word' id='word_1_854' title='bbox 2566 5423 2695 5473; x_wconf 86' lang='lat' dir='ltr'><strong>solus</strong></span> <span class='ocrx_word' id='word_1_855' title='bbox 2712 5430 2759 5474; x_wconf 87' lang='lat' dir='ltr'><strong>et</strong></span> <span class='ocrx_word' id='word_1_856' title='bbox 2784 5425 3061 5487; x_wconf 83' lang='lat' dir='ltr'><strong>splendidus</strong></span> <span class='ocrx_word' id='word_1_857' title='bbox 3083 5427 3213 5475; x_wconf 82' lang='lat' dir='ltr'><strong>ordo.</strong></span> 
     </span>
    </p>
   </div>
  </div>
