3958 6382
192 338 279 391 25‘.)

1182 334 1266 386 DE
1303 330 1637 387 LAUDlBUS
1676 331 1731 383 S.
1772 329 2032 383 (lliUlllS.
2068 359 2133 367 ——
2171 331 2291 383 LIB.
2331 333 2368 385 ι.

3256 329 3364 388 250

1372 457 1872 517 DECLARATIO
1938 459 2059 515 Fili
2074 459 2267 517 ΗΒΕ.

259 713 377 769 lstic
406 726 540 781 ergo
566 711 677 764 laus
703 710 808 772 illa,
839 724 1004 777 quam
1043 717 1343 763 sanctorum
1378 723 1478 761 vox
1508 708 1559 760 in
1585 707 1734 760 ccelis
1761 710 1807 767 Α
1838 707 2161 773 apparebunt
2188 711 2323 776 agni,
2363 726 2481 762 cum
2514 720 2621 763 tota
2651 712 2881 778 Ecclesia
2904 714 3123 769 Domino
3154 718 3203 771 in
3246 725 3360 783 tha-

200 802 428 861 creditur
471 808 725 868 perpetuo
768 798 878 851 Deo
934 806 1167 860 cantare,
1218 804 1415 850 sanctas
1463 796 1639 849 crueis
1680 796 1733 847 in

202 896 413 962 scriptu,
438 889 679 943 imitatur
700 888 928 956 ﬁguram
958 886 1162 940 alleluia
1195 883 1435 938 videlicet
1463 892 1517 938 et
1560 895 1734 947 amen,

201 998 347 1055 quam
391 979 622 1035 Joannes
666 976 944 1045 apostolus
984 984 1037 1029 et
1075 974 1397 1042 evangelista
1448 972 1503 1024 in
1534 970 1738 1038 ApOca-

202 1071 327 1143 lypsi
378 1067 584 1131 scribit,
630 1063 749 1134 post
798 1062 1226 1117 interfectionem
1259 1061 1312 1113 et
1366 1055 1738 1143 dimersionem

203 1142 493 1217 meretricis
521 1166 742 1223 magum,
770 1167 889 1219 qua:
932 1148 1213 1205 seduceb’at
1257 1148 1442 1201 omnes
1466 1143 1647 1215 gentes
1688 1142 1739 1197 in

204 1246 548 1303 fornicatione
575 1248 692 1305 sua,
723 1247 778 1293 et
808 1254 937 1293 cum
964 1236 1076 1305 qua
1116 1244 1268 1306 reges
1309 1243 1467 1289 terrae
1498 1233 1739 1286 fornicati

204 1348 341 1397 sunt,
368 1348 427 1386 se
449 1331 654 1385 audisse
677 1339 857 1381 vocem
888 1326 1161 1379 turbarum
1183 1324 1465 1377 multarum
1483 1322 1668 1375 devote
1689 1322 1743 1374 in

205 1423 333 1477 coelo
364 1418 643 1479 cecinisse,
668 1424 722 1469 et
755 1416 953 1482 srepins
981 1414 1219 1467 iterasse.
1248 1411 1324 1464 Ita
1348 1410 1490 1464 enim
1519 1410 1589 1463 ibi
1614 1408 1744 1463 scri-

206 1518 343 1579 ptum
375 1516 494 1559 est:
528 1503 647 1556 Post
679 1502 773 1555 hoc
798 1502 981 1553 audivi
1000 1501 1145 1569 quasi
1178 1506 1343 1552 votem
1372 1502 1609 1566 magnam
1637 1505 1747 1547 tur-

204 1598 381 1649 barum
416 1592 692 1644 multarum
720 1592 771 1641 in
798 1589 929 1641 crelfo
953 1589 1223 1640 (licentium
1246 1603 1263 1639 :
1290 1584 1530 1648 Alleluia,
1566 1584 1678 1636 laus
1699 1591 1746 1635 et

205 1685 368 1754 gloria
400 1692 446 1734 et
480 1682 635 1733 virtus
662 1678 768 1730 Deo
798 1688 977 1730 nostra
1007 1686 1101 1739 est,
1127 1677 1248 1744 quia
1274 1683 1389 1728 vera
1415 1683 1459 1725 et
1479 1673 1625 1740 justo
1660 1672 1743 1738 iu-

204 1773 338 1826 dicia
373 1771 483 1839 ejus
515 1778 655 1831 sant,
704 1768 823 1837 quia
845 1766 1103 1833 judicavit
1133 1764 1195 1816 de
1220 1763 1481 1818 meretrice
1526 1775 1711 1829 magna
1732 1800 1746 1825 ,

202 1883 317 1936 qum
363 1863 592 1931 corrupit
636 1869 824 1912 terram
876 1858 938 1909 ain
980 1856 1336 1925 prostitutione
1364 1863 1459 1907 sua
1491 1892 1505 1919 ,
1548 1862 1593 1906 et
1634 1854 1749 1904 vin-

205 1955 393 2008 dicavit
449 1952 747 2020 sanguinem
796 1958 1061 2001 servorum
1124 1956 1335 1999 sitorum
1397 1945 1461 1997 de
1516 1943 1751 1996 manibus

1832 792 1970 845 lamo
2000 794 2144 861 regni
2165 797 2393 849 cmlestis
2416 800 2723 862 sociabitur‘,
2748 807 2795 853 el
2829 804 2949 856 tunc
2974 804 3202 871 perfecte
3228 808 3363 861 istud

1814 880 2254 949 frequentabitur
2307 885 2592 949 canticum,
2657 888 2866 954 quando
2913 890 3069 943 totius
3123 894 3367 947 Ecclesia:

1836 963 2079 1039 gaudium
2110 973 2211 1024 erit
2257 971 2565 1038 perfcetnm.
2610 968 2731 1027 llaec
2771 977 2895 1043 ergo
2942 971 3045 1031 dno
3070 981 3227 1033 verba
3261 982 3366 1035 lle—

1836 1058 2033 1120 braica,
2088 1059 2153 1111 id'
2185 1068 2280 1119 est,
2313 1059 2530 1112 Alleluia
2561 1070 2613 1113 et
2655 1063 2840 1125 Amen,
2868 1078 2985 1117 cum
3032 1067 3368 1135 interpretari

1836 1145 2047 1210 queant,
2077 1159 2195 1196 nam
2243 1144 2461 1197 Alleluia
2492 1145 2698 1199 laudate
2744 1146 3015 1202 Dominum
3063 1152 3371 1221 interpreta-

1838 1241 1943 1295 tur,
1970 1232 2132 1285 Amen
2156 1248 2362 1300 quoque
2389 1235 2439 1287 in
2456 1236 2608 1301 [idem
2631 1237 2740 1290 sive
2760 1239 3013 1292 veritatem
3040 1242 3371 1305 transfertur,

1838 1328 2054 1386 propter
2087 1321 2433 1373 reverentiam
2482 1332 2655 1375 tamen
2698 1326 2991 1379 sanctitatis
3019 1330 3200 1394 primm
3236 1331 3374 1384 illius

1839 1405 2030 1474 linguae
2058 1412 2299 1460 servatur
2323 1410 2640 1475 auctoritas;
2684 1421 2839 1480 atque
2868 1411 3085 1468 Alleluia
3116 1418 3167 1469 in
3206 1420 3377 1471 Domi-

1842 1494 1975 1546 nicis
2002 1494 2186 1549 diebus
2230 1502 2442 1565 totoque
2470 1499 2913 1569 quinquagesimo
2954 1514 3207 1573 tempore,
3253 1525 3376 1577 pro-

1842 1588 1960 1650 pter
1987 1596 2133 1651 spem
2179 1585 2600 1650 resurrectionis,
2631 1604 2748 1656 qua:
2779 1589 2831 1641 in
2862 1592 3063 1645 Domini
3106 1606 3185 1647 est
3230 1595 3379 1648 laude

1845 1670 2045 1735 futura,
2074 1673 2321 1727 continue
2343 1668 2774 1740 canit-Ecclesia;
2817 1678 2981 1733 Amen
3012 1697 3137 1734 vero
3166 1694 3380 1752 propter

1848 1765 2228 1834 impetrandam
2259 1766 2499 1821 eamdem
2525 1775 2830 1836 perpetuam
2867 1771 3026 1825 vitam
3055 1789 3070 1826 :
3100 1774 3202 1827 imo
3226 1790 3381 1828 omne

1848 1856 2040 1931 bonum
2069 1857 2208 1923 quod
2258 1855 2311 1908 in
2356 1856 2598 1924 [inescati
2648 1859 2757 1911 sive
2797 1860 2847 1912 in
2898 1860 3074 1916 futuro
3103 1879 3129 1916 a
3163 1866 3381 1917 Domino

1850 1932 1996 2013 optat
2020 1947 2279 2015 accipere,
2308 1944 2371 1999 ad
2401 1947 2688 2001 sacerdotis
2715 1950 3131 2018 deprecationem
3166 1969 3258 2006 seu
3287 1956 3382 2007 be-

205 2045 337 2113 ejus.
373 2041 439 2094 Et
465 2041 646 2092 iterum
674 2038 922 2091 dixerunt
952 2034 1170 2088 Alleluia
1208 2046 1226 2085 :
1254 2044 1301 2086 et
1324 2034 1500 2101 {amns
1522 2029 1633 2099 ejus
1670 2048 1753 2083 as-
1784 2026 1825 2082 Β
1855 2033 2224 2094 nedictioriem,
2275 2034 2373 2086 rite
2398 2034 2604 2088 devotio
2651 2034 2931 2105 respondet
2962 2034 3208 2092 fidelium.
3254 2041 3385 2108 Apte

206 2130 371 2185 cendit
408 2130 460 2180 in
496 2126 683 2180 sarculo
722 2123 1054 2177 swculorum.
1102 2119 1163 2174 Et
1201 2121 1489 2174 ceciderunt
1534 2120 1755 2172 seniores

206 2234 331 2274 xxtv
362 2227 410 2270 et
452 2232 501 2269 tv
532 2214 803 2277 animalia,
850 2221 908 2288 et
939 2208 1472 2263 adoraverunl'Deum
1501 2208 1757 2288 sedentem

206 2320 359 2373 super
386 2304 621 2355 thronum
652 2286 881 2353 dicentes
907 2313 925 2353 :
970 2299 1149 2362 Amen,
1198 2297 1438 2374 Alleluia.
1480 2296 1546 2349 Et
1574 2311 1669 2349 vox
1696 2286 1759 2349 de

205 2395 392 2447 throno
424 2393 575 2445 exivit
604 2391 774 2443 dicens
804 2406 820 2442 :
858 2388 1088 2441 Laudem
1107 2388 1269 2440 dicite
1311 2378 1419 2439 Deo
1449 2396 1621 2439 nostro
1650 2398 1759 2437 om-

209 2497 296 2533 nes
323 2480 456 2532 servi
483 2478 615 2546 eius,
644 2487 692 2530 et
717 2468 809 2546 qui
833 2468 1027 2529 timetis
1055 2490 1187 2528 eam;
1199 2473 1371 2543 pusilli
1390 2482 1445 2525 et
1474 2473 1666 2541 magni.
1692 2471 1759 2524 Et

207 2569 385 2622 audivi
414 2568 560 2637 quasi
594 2583 759 2619 vocem
786 2566 956 2618 turba:
977 2565 1232 2629 multw,et
1257 2565 1389 2617 sicut
1415 2579 1581 2617 vocem
1607 2579 1761 2632 aqua-

208 2670 325 2706 rum
373 2652 695 2716 multarum,
740 2663 786 2704 et
834 2654 971 2705 sicut
1022 2668 1190 2708 vocem
1242 2651 1587 2704 tonitruorum
1645 2666 1759 2703 ma-

209 2744 437 2809 gnarum
466 2740 761 2802 dicentium;
794 2737 1019 2792 Alleluia
1052 2753 1070 2789 :
1112 2739 1352 2808 quoniam
1396 2740 1623 2805 regnavit
1662 2737 1763 2791 Do-

204 2830 385 2883 minus
443 2830 578 2882 Deus
609 2839 779 2889 noster
833 2830 1172 2898 (imnipotens,
1226 2828 1539 2897 gaudeamus
1569 2837 1616 2881 et
1671 2845 1762 2881 e1:-

202 2919 461 2973 sultemus
506 2928 553 2972 et
605 2918 782 2973 demus
814 2919 1042 2986 g’Joriam
1090 2918 1280 2971 nomini
1325 2917 1465 2986 ejus,
1521 2918 1763 2987 quoniam
1824 2932 1825 2935 ‘

207 3020 462 3075 venerunt
489 3011 685 3078 nuptia:
718 3010 870 3078 agni,
900 3019 947 3062 et
977 3025 1107 3062 uxor
1133 3009 1245 3078 ejus
1278 3010 1583 3079 prteparavit
1609 3026 1684 3074 se,
1717 3018 1764 3063 et

203 3098 396 3151 datum
431 3108 505 3151 est
534 3097 810 3165 byssinuta,
848 3106 901 3149 ut
924 3099 1179 3166 cooperiat
1204 3108 1277 3162 se,
1303 3097 1568 3167 .byssinum
1597 3097 1766 3166 splen-

199 3188 336 3241 dens
383 3187 702 3250 candidum;
742 3186 1008 3254 byssinum
1027 3185 1172 3242 enim
1197 3186 1610 3255 .justiﬁcationes
1646 3196 1765 3241 sunt

203 3262 871 3343 sanctorum,,r,et.reliqum
903 3274 1026 3333 Haec
1050 3274 1199 3341 enim
1226 3275 1406 3329 omnia
1433 3275 1559 3329 licet
1573 3275 1766 3344 praedi-

1855 2136 1979 2188 ergo
2003 2124 2278 2175 conveniet
2304 2130 2498 2177 saneta:
2519 2124 2661 2177 cruci
2690 2126 2875 2179 harum
2903 2127 3187 2181 dictionum
3215 2130 3388 2195 dispo-

1856 2210 2005 2273 sitio;
2038 2211 2159 2278 quia
2192 2225 2287 2279 per
2316 2212 2480 2279 ipsam
2506 2214 2740 2266 omnium
2771 2227 2947 2267 rerum
2979 2215 3028 2268 in
3058 2214 3262 2269 laudem
3290 2217 3389 2269 Do-

1859 2300 1986 2352 mini
2034 2301 2259 2352 adunata
2287 2309 2369 2353 est
2412 2302 2693 2363 confessio,
2742 2304 3044 2372 angelorum
3074 2304 3389 2373 adimpletur

1858 2396 2141 2451 numerus,
2184 2390 2417 2444 caelestis
2463 2396 2685 2460 augetur
2739 2394 3021 2455 exereitus,
3085 2402 3388 2447 sanctorum

1859 2486 2209 2547 congregatur
2249 2479 2494 2547 populus,
2541 2488 2751 2534 aeterna:
2797 2481 2874 2534 eis
2920 2482 3040 2534 vitae
3085 2482 3391 2535 conceditur

1860 2564 2054 2628 aditus,
2094 2574 2147 2619 et
2174 2576 2379 2618 vetusta
2418 2565 2717 2619 dissolvitur
2746 2563 3060 2630 maledictio,
3091 2568 3210 2635 quia
3256 2582 3389 2619 nova

1862 2653 2107 2706 conditur
2148 2653 2462 2707 benedictio.
2508 2654 2656 2708 Unde
2687 2655 2737 2707 in
2781 2663 3069 2707 memorato
3100 2654 3233 2706 libro
3267 2669 3393 2705 XXIV

1862 2745 2099 2803 seniores
2126 2754 2179 2797 et
2218 2759 2267 2797 tv
2305 2744 2549 2797 animalia
2580 2758 2713 2814 agno
2741 2745 3089 2798 deeantalsan‘t
3129 2745 3389 2800 canticum

1863 2849 2056 2889 novum
2093 2836 2326 2889 dicentes
2364 2854 2376 2887 :
2406 2835 2600 2903 Dignus
2627 2851 2699 2899 es,
2732 2835 2944 2887 Domine
2982 2834 3137 2897 Deus,
3171 2835 3396 2900 accipere

1864 2922 2072 2988 librum,
2102 2934 2147 2977 et
2178 2925 2373 2993 aperire
2401 2924 2667 2993 signacula
2684 2925 2793 2992 ejus
2811 2926 3079 2993 maeniana
3107 2923 3299 2974 occisus
3323 2938 3393 2983 es,
3446 2924 3447 2929 “

1864 3021 1912 3065 et
1942 3012 2201 3065 redemisti
2228 3027 2319 3064 nos
2352 3009 2458 3064 Deo
2490 3012 2541 3063 in
2589 3013 2836 3080 sanguine
2864 3020 2970 3071 tuo,
3001 3017 3064 3063 επ
3092 3010 3228 3062 omni
3258 3010 3418 3087 tribu.

1865 3110 1911 3153 et
1936 3100 2114 3169 lingua
2138 3108 2185 3151 et
2198 3098 2384 3169 populo
2409 3108 2456 3152 et
2477 3101 2701 3163 natione,
2721 3109 2765 3152 et
2789 3099 2950 3167 fecisti
2980 3100 3069 3175 nos
3096 3099 3197 3151 Deo
3224 3107 3396 3151 nostro

1867 3207 2076 3259 regnum
2102 3200 2148 3244 et
2173 3190 2477 3253 sacerdotes,
2504 3200 2550 3243 et
2581 3191 2862 3257 regnabant
2888 3190 3064 3257 super“
3082 3198 3290 3241 terram.
3334 3187 3399 3239 Et

1856 3280 1970 3349 vidi
1998 3286 2045 3333 et
2071 3279 2253 3345 audivi
2272 3277 2765 3346 vocem‘angelorum
2800 3278 3073 3331 multorum
3102 3277 3157 3330 in
3182 3270 3429 3329 circuitu.

198 3376 295 3421 cta
326 3366 443 3437 sint
489 3363 553 3421 de
586 3363 766 3445 futuro
816 3365 875 3429 im
906 3358 1057 3423 caelis
1100 3355 1404 3439 sanctorum
1433 3369 1622 3445 gaudio
1645 3381 1768 3437 post
1793 3361 1836 3420 C
1867 3369 2108 3423 throniel
2138 3367 2438 3419 animalium
2473 3376 2519 3419 et
2550 3356 2835 3428 seniorum;
2863 3376 2906 3418 et
2938 3374 3047 3417 erat
3072 3381 3310 3417 numerus
3323 3380 3402 3415 eo-

194 3454 691 3531 resurfectionem;
719 3455 901 3508 tamen
927 3462 987 3510 ea
1006 3452 1121 3520 iam
1166 3456 1309 3508 nunc
1343 3468 1415 3508 ex
1439 3463 1587 3523 parte
1622 3456 1764 3508 canit

199 3538 461 3611 Ecclesia
486 3559 579 3614 spe
594 3543 703 3612 iam
736 3543 811 3604 Sal
827 3560 889 3599 va
914 3544 1048 3599 laeta
1073 3553 1267 3615 ;_tuncv
1292 3553 1467 3613 autem
1499 3538 1761 3614 perfecte,

180 3646 330 3687 cum
354 3633 625 3695 discessio
669 3634 804 3695 facta
850 3632 1047 3698 fuerit,»
1082 3642 1136 3689 et
1167 3649 1285 3689 cum
1322 3634 1557 3702 apertius
1599 3634 1766 3687 vindi-

204 3730 352 3779 cata.
386 3722 523 3777 Post
549 3724 854 3788 universale
876 3738 1001 3793 ergo
1022 3723 1278 3791 judicium
1304 3723 1511 3777 Domini
1554 3737 1767 3792 separa-

202 3808 418 3865 bantur
447 3811 658 3881 penitus
693 3812 761 3875 ab
807 3812 989 3875 haedis,
1035 3822 1090 3867 et
1128 3801 1467 3882 ibunt'impii
1499 3813 1551 3865 in
1578 3813 1769 3883 suppli-

131 3939 140 3945 .
199 3896 347 3949 cium
379 3906 654 3961 aeternum,
674 3899 817 3968 ένοιιὶ
861 3908 1028 3952 autem
1053 3899 1298 3962 inuitam
1326 3909 1589 3954 aeternam.
1620 3899 1770 3955 Nunc

201 3984 432 4053 quidem
463 3974 765 4051 sanctorum
799 3987 987 4041 animm
1004 3995 1122 4054 post
1147 3995 1370 4041 mortem
1393 3988 1447 4041 in
1464 3988 1769 4057 paradisum

199 4066 439 4136 vadunt,
479 4080 532 4125 et
583 4072 866 4148 impio‘rum
911 4072 964 4125 in
1005 4066 1237 4146 pinnam,
1284 4060 1507 4129 Domino
1554 4076 1773 4129 manife-

200 4170 393 4217 stante
426 4162 482 4214 in
502 4175 736 4237 paupere
765 4171 819 4215 et
837 4162 1025 4227 divite;
1052 4162 1144 4216 sed
1163 4176 1384 4235 corpora
1413 4164 1594 4217 mundi
1614 4163 1770 4217 linem

199 4239 557 4327 exspectant,
576 4244 857 4329 {sedantur
874 4246 1016 4329 nunc
1027 4246 1187 4319 iustis
1206 4251 1424 4321 singula:
1447 4251 1595 4306 stola:
1623 4252 1770 4314 albis,

199 4349 331 4389 cum
363 4335 425 4389 in
449 4327 733 4403 animabus
766 4332 875 4393 suis
903 4327 1137 4407 requiem
1163 4340 1464 4409 percipth
1486 4347 1771 4404 aeternam;

201 4433 339 4478 tunc
372 4432 563 4479 autem
591 4421 730 4479 da‘hu
746 4432 869 4480 ntur‘
896 4423 1052 4482 bime
1097 4428 1262 4493 suda},
1307 4424 1524 4497 quando
1553 4442 1775 4497 corpora

196 4525 401 4567 eorum
430 4499 836 4570 immortalitate
864 4505 1054 4579 dedita,
1077 4504 1364 4573 simulcum
1390 4519 1666 4573 animabus
1691 4534 1777 4572 re-

199 4592 376 4669 gnum
408 4603 679 4671 accipient
703 4604 1108 4672 rsempiternum.
1137 4604 1344 4673 Nuptiae
1360 4621 1488 4675 ergo
1507 4613 1634 4659 tunc
1654 4608 1778 4659 vere

1865 3473 1978 3511 rum
2024 3456 2189 3509 millia
2215 3454 2433 3507 millium
2463 3455 2737 3507 dicentium
2787 3470 2902 3507 voce
2929 3470 3112 3522 magna
3150 3468 3167 3505 .'
3206 3452 3401 3520 Dignus

1863 3554 1937 3598 est
1964 3561 2124 3613 agnus
2150 3544 2237 3613 qui
2264 3544 2457 3597 occisus
2480 3554 2571 3607 est,
2601 3546 2827 3612 accipere
2863 3544 3117 3603 virtutem,
3144 3550 3191 3595 et
3218 3530 3401 3593 divini-

1864 3644 2016 3689 tatem
2048 3646 2092 3687 et
2124 3635 2447 3706 sapientiam,
2490 3645 2537 3687 et
2568 3634 2946 3703 fortitudinem,
2987 3642 3034 3685 et
3061 3628 3321 3691 honorem,
3356 3640 3401 3682 et

1866 3724 2103 3797 gloriam,
2132 3736 2179 3779 et
2205 3725 2619 3789 benedictionem,
2647 3732 2902 3777 etomnem
2917 3728 3202 3774 creaturam
3223 3736 3334 3788 qua?
3350 3720 3403 3769 in

1868 3815 1990 3869 caelo
2013 3824 2089 3869 est
2111 3825 2155 3868 et
2180 3830 2339 3883 super
2363 3822 2552 3866 terram
2581 3821 2627 3864 et
2654 3812 2745 3865 sub
2772 3820 2907 3863 terra
2933 3850 2947 3873 ,
2983 3817 3030 3863 et
3055 3824 3166 3877 qua
3200 3816 3316 3859 sunt
3348 3808 3402 3859 in

1868 3906 2021 3969 mari,
2062 3913 2109 3957 et
2135 3910 2249 3973 qua:
2286 3904 2415 3955 ineo
2436 3943 2449 3966 ,
2480 3918 2650 3955 omnes
2691 3896 2864 3955 audiri
2891 3901 3109 3977 dicentes
3135 3914 3152 3951 :
3197 3896 3402 3951 Sedenti

1869 3995 1922 4048 in
1935 3994 2117 4047 throno
2129 4001 2175 4045 et
2190 4008 2342 4061 agno,
2358 3992 2654 4055 benedictio,
2668 3999 2719 4043 et
2739 3991 2921 4051 honor,
2933 3996 2979 4041 et
3000 3996 3219 4056 potestas
3242 3986 3293 4036 in
3308 4000 3403 4037 saz-
3471 4049 3474 4052 .

1871 4084 1988 4136 culo
2006 4080 2328 4136 sucularum.
2348 4080 2415 4132 Et
2428 4088 2647 4149 quatuor
2660 4076 2905 4130 animalia
2923 4075 3154 4129 dicebant
3180 4086 3198 4125 :
3220 4073 3399 4124 Amen.

1942 4173 2037 4227 Est
2074 4180 2249 4224 autem
2276 4184 2460 4223 versus
2493 4168 2579 4221 bic
2606 4167 2659 4220 in
2694 4165 2914 4219 Alleluia
2940 4165 3195 4233 scriptus,
3212 4172 3266 4215 et
3310 4176 3404 4229 per

1873 4256 2066 4316 seriem
2100 4259 2394 4311 litterarum
2421 4254 2654 4323 ejusdem
2697 4252 2937 4307 dictionis
2965 4251 3037 4304 ita
3065 4250 3312 4319 legendus
3353 4266 3365 4300 :

1990 4348 2113 4399 Cm:
2135 4346 2313 4395 aeterna
2332 4344 2422 4393 Dei
2439 4354 2494 4391 es
2515 4342 2637 4403 ltus,
2664 4340 2783 4389 vivis
2800 4341 2847 4388 lu
2864 4346 2975 4387 arce
2992 4337 3223 4398 polorum.

1874 4430 2042 4483 Amen
2064 4434 2271 4496 qvoqve
2292 4423 2518 4494 quatuor
2544 4419 2732 4474 litteris
2772 4419 2883 4491 suis
2904 4430 2999 4486 per
3042 4418 3267 4484 quatuor
3290 4428 3406 4467 cor-

1878 4534 1981 4571 nua
2006 4517 2180 4571 crucis
2208 4515 2435 4583 primum
2484 4510 2666 4579 incipit
2694 4524 2759 4563 ex
2783 4506 3011 4569 alleluia,
3056 4504 3245 4557 litteris
3286 4506 3402 4555 octo

1881 4603 2189 4673 complenda
