3958 6328
1204 242 1287 295 DE
1324 235 1656 296 LAUDIBUS
1695 236 1750 290 S.
1788 236 2051 290 CRUClS.
2076 266 2154 281 .--
2195 238 2317 289 LIB.
2357 237 2393 289 Ι.

1323 364 1821 437 DECLABATIO
1882 366 2208 427 maenaa.

268 608 329 661 lu
355 608 503 662 hanc
525 609 718 677 quippe
736 606 977 675 paginam
1002 606 1149 659 libuit
1180 606 1471 660 testimonia
1499 608 1735 673 quendam
1763 612 1809 669 Α
1835 608 1988 677 pulis,
2017 619 2066 662 et
2099 611 2407 678 rongregabo
2435 627 2521 663 eas
2548 576 2609 662 de
2637 611 2806 674 tetris,
2833 621 2878 663 et
2920 610 3159 665 inducam
3187 578 3273 667 eas
3310 616 3364 668 in

206 695 271 748 de
295 696 678 764 prophetarum
711 694 864 748 dictis
890 708 1229 761 congregare,
1261 708 1376 759 quae
1402 694 1463 746 de
1494 694 1738 762 passione

204 782 400 837 Christi
428 784 737 853 prophetata
765 792 904 845 sunt,
936 790 989 834 et
1014 782 1078 834 ad
1107 791 1297 833 sanctze
1324 782 1495 834 crucis
1519 781 1735 850 gloriam

204 858 585 941 pertingerent.
614 871 734 924 llaec
758 870 878 923 licet
899 869 1056 921 multa
1081 869 1297 921 inveniri
1324 869 1540 937 possint,
1566 877 1736 922 tamen

203 969 423 1029 propter
447 959 682 1027 opusculi
707 960 1012 1012 brevitatem
1042 975 1069 1010 a
1099 958 1248 1011 nobis
1270 958 1355 1010 hic
1378 959 1551 1011 omnia
1579 960 1739 1027 deno-

204 1048 311 1100 επὶ
336 1062 440 1101 non
474 1055 745 1115 poterunt;
791 1046 889 1108 sed,
924 1060 983 1098 ea
1014 1055 1184 1098 tamen
1214 1046 1595 1099 introduximus
1622 1060 1737 1114 qum

202 1136 424 1189 dictaui
448 1137 597 1190 ocius
622 1136 672 1189 in
700 1144 926 1189 mentem
956 1143 1222 1197 venerant,
1248 1143 1301 1188 et
1322 1150 1351 1187 a
1377 1143 1640 1202 quzerente
1667 1136 1738 1187 fa-

200 1222 359 1277 cilius
383 1223 605 1276 inveniri
634 1232 894 1291 poterant.
936 1222 1095 1275 David
1136 1238 1259 1291 ergo
1286 1224 1538 1290 pr0pheta
1579 1231 1735 1289 atque

202 1310 475 1377 psalmista
508 1310 668 1363 multa
695 1309 1051 1375 hujuscemodi
1092 1310 1247 1362 habet
1288 1310 1603 1363 testimonia.
1641 1312 1735 1364 llic

199 1399 265 1451 de
290 1398 447 1452 modo
470 1398 728 1467 passionis
747 1397 948 1451 Domini
981 1397 1154 1451 taliter
1174 1399 1223 1450 in
1252 1399 1452 1467 psalmo
1477 1415 1587 1453 χχιι
1610 1400 1734 1453 dicit

201 1499 264 1538 ex
296 1498 517 1551 persona
542 1484 737 1540 Christi
766 1500 781 1537 :
814 1484 1073 1538 Foderunt
1114 1502 1293 1539 manus
1333 1504 1469 1539 meas
1500 1497 1545 1539 et
1584 1489 1733 1555 pedes

200 1588 363 1637 neos,
387 1574 833 1627 dinumerava
856 1576 1023 1627 omnia
1049 1592 1163 1627 ossa
1190 1592 1319 1627 mea.
1352 1575 1460 1644 Ipsi
1487 1593 1599 1629 vero
1622 1593 1736 1629 con—

198 1659 550 1713 sideranerunt
577 1670 624 1713 et
650 1671 1011 1729 conspexerunt
1037 1678 1134 1724 me,
1163 1663 1438 1715 diviserunt
1467 1664 1563 1716 sibi
1592 1665 1735 1716 vesti-

196 1758 371 1802 menta
392 1766 526 1815 utea,
546 1760 592 1802 et
616 1766 767 1819 super
789 1760 966 1803 vestem
994 1767 1153 1803 nteant
1177 1752 1417 1804 miserunt
1442 1760 1646 1803 sortem.
1670 1751 1733 1804 Et

199 1839 325 1891 itan
354 1839 408 1891 in
431 1839 637 1906 psalmo
662 1853 782 1893 uix
809 1856 821 1892 :
855 1838 921 1891 Et
948 1828 1224 1902 dederunt,
1258 1840 1455 1907 inquit,
1487 1842 1541 1892 in
1567 1856 1731 1893 escam

1836 706 2022 748 terram
2065 711 2230 760 suam,
2264 706 2309 748 ct
2336 703 2541 763 pascam
2582 713 2669 750 eas
2710 697 2762 749 in
2802 699 3054 750 montibus
3089 698 3269 752 Israel.
3302 701 3367 753 Et

1836 784 1989 851 paulo
2010 791 2127 851 post
2153 802 2163 834 :
2199 782 2325 851 Ego,
2358 784 2542 849 inquit,
2568 800 2772 851 pascam
2800 800 2911 836 oves
2936 802 3071 841 meas
3096 798 3143 839 et
3169 805 3253 840 eas
3279 806 3366 841 ac-

1835 872 2019 925 cubare
2039 872 2245 938 faciam,
2266 870 2387 922 dicit
2412 871 2833 939 Dominus,quod
2852 875 3067 940 perierat
3089 878 3361 941 requiram,

1835 968 1880 1011 et
1908 960 2044 1026 quod
2072 958 2324 1025 abjectum
2354 968 2459 1009 erat
2486 959 2746 1022 reducam,
2775 970 2821 1013 et
2845 961 2981 1028 quod
3008 962 3228 1028 fractum
3255 973 3364 1016 erat

1834 1044 2073 1113 alligabo,
2106 1054 2152 1097 et
2181 1044 2317 1113 quod
2342 1043 2599 1110 inﬁrmum
2640 1053 2747 1095 erat
2791 1047 3131 1110 consolidabo,
3160 1058 3205 1101 et
3230 1049 3363 1117 quod

1831 1138 2016 1205 pingue
2050 1146 2097 1188 et
2126 1135 2255 1203 forte
2283 1137 2587 1198 custodiam,
2612 1146 2658 1189 et
2682 1153 2887 1204 pascam
2916 1137 3030 1189 illas
3059 1139 3112 1190 in
3139 1140 3359 1206 judicio.

1834 1225 2015 1279 Daniel
2043 1240 2183 1283 vero.
2219 1225 2647 1292 cbronographus
2676 1224 3015 1291 certissimus,
3046 1233 3247 1293 tempus
3285 1226 3365 1279 in-

1833 1308 2151 1363 carnationis
2178 1308 2378 1361 Domini
2408 1318 2460 1360 et
2494 1310 2903 1376 redemptionem
2939 1320 3169 1363 nostram
3200 1311 3364 1364 ﬁdeli-

1832 1406 1912 1450 ter
1932 1396 2213 1458 intimavit,
2242 1396 2427 1463 angelo
2449 1396 2545 1447 sibi
2573 1396 2671 1449 hoc
2699 1396 2979 1450 revelante.
3008 1397 3360 1466 Septuaginta,

1831 1486 2031 1551 inquit,
2085 1484 2413 1535 hebdomada'
2447 1483 2746 1547 abbreviatte
2783 1494 2898 1537 sunt
2936 1502 3085 1553 super
3118 1486 3362 1553 populum

1831 1588 1973 1629 tuum
1997 1585 2041 1628 et
2071 1591 2220 1643 super
2248 1574 2416 1625 urbem
2445 1584 2674 1625 sanctam
2712 1584 2874 1637 tuam,
2908 1584 2961 1625 ut
2991 1570 3365 1627 consummatur

1829 1664 2203 1733 pra-varicatio,
2231 1672 2276 1714 et
2308 1662 2458 1728 linem
2502 1662 2715 1728 accipiat
2747 1670 3023 1729 peccatum,
3065 1670 3110 1713 et
3135 1661 3365 1714 deleatur

1828 1753 2090 1821 iniquitas,
2116 1762 2161 1803 et
2185 1752 2474 1803 adducatur
2491 1752 2696 1819 justitia‘
2721 1753 3041 1819 sempiterna,
3067 1761 3118 1802 ut
3147 1751 3359 1819 implea-

1830 1850 1914 1893 tur
1942 1841 2063 1892 visio
2085 1850 2130 1891 et
2161 1841 2441 1907 prophetia,
2473 1849 2519 1891 et
2554 1849 2777 1906 ungatur
2802 1850 3005 1891 sanctus
3046 1850 3356 1905 sanctorum.

196 1940 369 1978 meum
393 1925 483 1993 fel,
510 1936 558 1979 et
580 1928 635 1979 in
655 1927 739 1979 siti
763 1943 874 1978 mea
893 1936 1189 1995 potaverunt
1213 1943 1289 1980 me
1306 1924 1473 1981 aceto.
1498 1929 1563 1981 Et
1589 1929 1729 1997 quod
1756 1932 1801 1989 B
1828 1927 1965 1982 Scito
1987 1945 2103 1997 ergo
2132 1938 2176 1981 et
2202 1928 2543 1980 animadverte
2572 1928 2633 1979 ab
2661 1930 2797 1981 exitu
2819 1929 3082 1991 sermonis,
3106 1939 3157 1980 ut
3179 1930 3358 1982 iterum

196 2011 252 2064 in
288 2010 434 2081 ligno
459 2027 708 2079 passurus
730 2022 901 2078 esset,
931 2014 982 2067 in
1006 2014 1207 2082 psalmo
1237 2028 1368 2069 θην
1391 2016 1617 2069 ostendit
1654 2016 1731 2069 di—

195 2115 361 2153 (rus:
387 2101 773 2155 Camasoveatur
795 2120 827 2155 a
854 2103 985 2170 facie
1007 2104 1117 2172 ejus
1146 2105 1377 2158 universa
1398 2114 1555 2170 terra,
1581 2106 1731 2159 dicite

196 2189 253 2242 in
284 2190 579 2243 nationibus
598 2207 619 2244 :
648 2190 894 2245 Dominus
920 2192 1144 2261 regnabit
1172 2211 1203 2245 a
1234 2193 1390 2263 ligno,
1420 2202 1474 2247 et
1510 2194 1727 2263 reliqua.

196 2272 363 2328 Isaias
393 2290 599 2343 quoque
626 2277 749 2331 hinc
772 2280 846 2330 ait
876 2296 889 2331 :
925 2278 1178 2332 Parvulus
1201 2282 1334 2332 enim
1362 2291 1511 2334 natus
1541 2290 1612 2335 est
1641 2298 1731 2335 no-

197 2361 293 2424 bis,
331 2372 384 2414 et
410 2362 553 2429 ﬁlius
578 2352 733 2416 datus
760 2374 835 2417 est
865 2364 1027 2425 nobis.
1052 2374 1097 2417 et
1126 2365 1291 2433 faaus
1317 2378 1388 2419 est
1418 2368 1729 2436 principatus

196 2465 351 2519 super
372 2450 640 2513 humerum
664 2452 797 2519 ejus,
827 2460 880 2507 et
903 2453 1120 2521 reliqua.
1151 2453 1212 2506 Et
1242 2454 1367 2506 item
1397 2469 1411 2507 :
1441 2453 1507 2507 In
1529 2455 1611 2508 die
1638 2454 1731 2508 illa

193 2536 291 2589 erit
312 2537 469 2590 radix
492 2537 657 2603 Iesse,
685 2542 772 2607 qui
790 2534 894 2592 stat
916 2541 967 2593 in
990 2542 1189 2609 signum
1216 2542 1537 2611 populorum,
1565 2544 1729 2612 ipsum

192 2637 371 2698 gentes
401 2628 823 2697 deprecabuntur,
864 2639 911 2683 et
949 2631 1045 2683 erit
1070 2630 1355 2699 sepulcrum
1395 2632 1506 2701 ejus
1545 2630 1733 2699 glorio-

192 2734 333 2770 sunt.
363 2718 432 2772 Et
455 2718 613 2786 paulo
634 2728 752 2788 post
782 2737 796 2771 :
828 2719 1073 2784 Elevabit,
1110 2721 1294 2788 inquit,
1330 2723 1531 2790 signum
1563 2723 1615 2774 in
1640 2708 1733 2774 na-

194 2805 445 2871 tionibus,
480 2817 529 2860 et
558 2809 878 2877 congregabit
910 2809 1150 2878 profugos
1187 2809 1370 2874 Israel,
1398 2820 1445 2863 et
1482 2810 1730 2879 dispersos

191 2892 341 2948 Iuda
369 2896 569 2967 colliget
606 2915 638 2950 α
668 2896 889 2968 quatuor
921 2898 1082 2968 plagis
1111 2908 1274 2962 terra,
1319 2908 1371 2953 et
1406 2900 1623 2967 reliqua.
1666 2899 1731 2953 Et

108 3018 113 3023 -
192 2986 324 3039 item
353 3005 368 3039 :
398 2986 651 3042 Domi.”
680 2990 846 3058 posuit
872 2990 925 3041 in
953 3005 1010 3049 eo
1043 2989 1359 3058 iniquitatem
1388 2990 1611 3042 omnium
1641 3006 1733 3042 no-

190 3085 360 3128 strum
375 3092 398 3141 ;
422 3076 621 3131 oblatus
644 3086 739 3143 est,
764 3080 884 3147 quia
910 3079 1012 3147 ipse
1040 3077 1213 3142 voluit,
1241 3087 1287 3131 et
1322 3094 1422 3145 non
1455 3079 1651 3146 aperuit
1677 3095 1731 3131 os

191 3180 369 3228 suum,
394 3165 525 3217 sicut
543 3167 648 3220 ovis
670 3166 738 3220 ad
757 3168 1055 3220 occisionem
1075 3166 1306 3231 ducetur,
1328 3171 1377 3219 et
1399 3167 1546 3236 quasi
1570 3183 1731 3236 agnus

1802 2204 1945 2269 post
1984 2194 2252 2261 subiunxit
2292 2194 2362 2246 ita
2405 2211 2417 2244 :

1831 2017 2163 2083 rea‘diﬁcetur
2195 2014 2538 2077 Hierusalem,
2583 2032 2740 2084 usque
2783 2017 2849 2067 ad
2889 2014 3141 2068 Christum
3182 2016 3361 2070 ducent

1828 2103 2156 2155 hebdomadw
2180 2112 2366 2168 septem
2391 2112 2436 2155 et
2465 2104 2726 2171 sexaginta
2756 2104 2872 2155 dua:
2896 2113 3060 2156 erunt.
3104 2103 3167 2155 Et
3205 2104 3360 2171 paulo

2461 2193 2525 2245 Et
2568 2204 2677 2262 post
2717 2194 3055 2248 hebdomadas
3096 2198 3360 2264 sexaginta

1828 2282 1959 2333 duas
1997 2282 2251 2349 occidetur
2284 2282 2512 2334 Christus
2550 2291 2595 2334 et
2640 2298 2738 2334 non
2778 2283 2889 2345 erit,
2935 2293 2981 2335 et
3025 2285 3274 2338 civitatem
3312 2294 3358 2337 et

1828 2375 2175 2426 sanctuarium
2214 2372 2477 2439 dissipabit
2514 2372 2726 2440 populus
2756 2388 2869 2424 cum
2906 2374 3031 2425 duce
3059 2375 3250 2441 futuro.
3294 2375 3359 2428 Et

1829 2473 1885 2515 ut
1909 2462 2273 2516 ostenderetur
2314 2460 2455 2513 illam
2482 2459 2869 2513 hebdomadam
2910 2476 3161 2514 annorum
3189 2462 3360 2516 excel-

1830 2552 1937 2605 lere
1964 2551 2187 2613 czeteris,
2215 2550 2267 2602 in
2292 2564 2394 2617 qua
2419 2548 2658 2601 Christus
2690 2547 3020 2615 Evangelium
3059 2550 3361 2616 praedicavit

1828 2649 1881 2694 et
1904 2640 2154 2693 miracula
2184 2639 2326 2701 fecit,
2361 2639 2411 2691 in
2441 2652 2541 2705 qua
2565 2644 2617 2689 et
2641 2652 2821 2705 passus
2849 2643 2928 2690 est
2950 2646 3001 2689 et
3022 2639 3304 2692 resurrexit
3330 2656 3359 2692 a

1830 2728 2069 2792 mortuis,
2100 2742 2335 2785 seorsum
2363 2727 2425 2780 de
2453 2741 2515 2778 ea
2538 2725 2738 2779 locutus
2762 2725 2834 2776 ait
2864 2741 2875 2775 :
2906 2722 3237 2791 Conﬁrmabit
3266 2743 3360 2777 au-

1829 2827 1927 2870 tem
1955 2826 2211 2886 peccatum
2249 2813 2425 2869 multis
2456 2814 2779 2866 hebdomadis
2808 2830 2930 2876 una,
2969 2823 3015 2865 et
3056 2814 3108 2864 in
3147 2813 3358 2881 dimidio

1828 2905 2153 2958 hebdomadis
2178 2903 2372 2971 deﬁciet
2405 2902 2569 2955 hostia
2596 2910 2643 2954 et
2672 2901 3002 2968 sacriﬁcium,
3027 2910 3073 2953 et
3100 2902 3150 2953 in
3176 2894 3359 2969 templo

1828 2995 1924 3046 erit
1947 2992 2257 3045 abominatio
2282 2990 2609 3044 desolationis
2630 2998 2675 3041 et
2697 3005 2853 3059 usque
2876 2990 2943 3041 ad
2968 2990 3359 3041 consummatio-

1830 3100 1943 3137 nem
1972 3094 2017 3135 et
2040 3083 2191 3151 ﬁnem
2214 3081 2547 3151 perseverabit
2571 3079 2835 3132 de'solatio.
2868 3078 3013 3133 Oseze
3039 3093 3246 3146 quoque
3269 3080 3360 3131 de—

1830 3175 2093 3227 votionem
2134 3172 2364 3241 gentium
2406 3178 2459 3224 et
2500 3170 2929 3223 coadunationem
2979 3169 3221 3232 Ecclesia:
3265 3183 3360 3236 per

189 3250 627 3305 torulo-dente
647 3268 702 3306 se
722 3253 1040 3317 obmutescet,
1062 3262 1108 3306 et
1133 3269 1233 3306 non
1257 3254 1446 3323 aperiet
1466 3270 1520 3307 os
1558 3270 1723 3307 suum.
1755 3251 1798 3312 C
1829 3263 2095 3317 Christum
2143 3268 2470 3329 congregatae
2514 3248 2934 3311 manifestissime
2978 3256 3243 3324 prmalicat'.
3292 3254 3358 3307 Et

192 3339 260 3393 Et
278 3342 410 3394 item
434 3356 501 3395 ex
522 3358 747 3411 persona
773 3344 980 3399 Domini
1005 3344 1131 3398 dicit
1159 3358 1175 3396 :
1205 3343 1400 3413 Corpus
1426 3361 1591 3397 meum
1615 3344 1732 3397 dedi

188 3430 591 3495 percutientibus
614 3442 662 3485 et
686 3438 840 3502 genas
859 3449 998 3486 meas
1023 3432 1332 3498 vellentibus,
1360 3434 1543 3503 faciem
1569 3448 1731 3485 meam

189 3535 298 3571 non
320 3522 485 3573 uerti
505 3522 569 3574 ab
594 3523 967 3592 increpantibus
992 3533 1038 3578 et
1061 3525 1446 3593 conspuentibus
1472 3524 1525 3577 in
1548 3540 1646 3588 me,
1681 3531 1734 3577 et

162 3608 423 3677 'reliqna.
450 3608 517 3663 Et
539 3610 730 3664 iterum
759 3629 771 3663 :
803 3610 1040 3680 Expartdi
1064 3592 1245 3665 manus
1274 3627 1411 3665 meas
1434 3621 1539 3664 tota
1562 3592 1733 3685 diegd

186 3697 443 3768 populus-
475 3700 824 3766 incredulum,
867 3701 955 3771 qui
990 3702 1223 3772 graditur
1248 3702 1302 3755 in
1339 3704 1423 3755 via
1462 3719 1561 3755 non
1605 3704 1734 3756 bona

186 3797 303 3854 post
350 3789 684 3858 cogitationes
709 3807 849 3843 suas.
893 3790 1145 3845 Jeremias
1189 3801 1364 3845 autem
1406 3806 1472 3846 ex
1510 3806 1734 3860 persona

186 3875 407 3930 [hmini
434 3877 565 3932 dicit
594 3895 609 3931 :
638 3878 750 3948 Ego
770 3882 915 3949 quasi
938 3896 1096 3949 agnus
1125 3890 1434 3946 mansuetus,
1461 3882 1547 3950 qui
1568 3893 1735 3950 porta-

186 3966 374 4017 ια’σό
394 3966 671 4029 victimant,
698 3976 743 4020 et
768 3984 868 4021 non
890 3971 1112 4037 cognovi,
1138 3971 1255 4038 quia
1285 3971 1627 4038 cogitaverunt
1655 3988 1737 4023 su-

184 4066 283 4120 per
304 4068 392 4104 me
412 4052 650 4117 consilia,
681 4054 901 4107 dicentes
923 4068 940 4105 :
966 4054 1227 4109 Mittamus
1260 4056 1451 4124 lignum
1474 4058 1527 4109 in
1554 4074 1735 4127 panem

187 4139 325 4208 ejus,
353 4149 406 4192 es
442 4143 715 4194 eradarttus
742 4159 856 4196 eum
892 4143 953 4195 de
993 4153 1128 4197 terra
1153 4146 1441 4209 viventium,
1484 4155 1529 4199 et
1556 4163 1736 4200 nomen

118 4236 121 4237 '
187 4226 444 4295 ἠίθεοι
468 4238 771 4291 memoretur
789 4230 1025 4297 amplius.
1065 4230 1132 4284 Et
1158 4232 1280 4285 item
1312 4250 1325 4284 :
1365 4231 1620 4302 Spiritus,
1658 4233 1736 4286 in—

188 4315 351 4385 quit,
409 4319 520 4370 oris
566 4320 727 4371 nostri
765 4318 995 4375 Christus
1040 4322 1288 4376 Dominus
1339 4334 1514 4392 captus
1563 4334 1635 4379 est
1683 4326 1736 4377 in

184 4407 420 4471 peccatis
453 4409 659 4460 nostris.
703 4408 941 4463 Ezechiel
969 4425 1093 4481 ergo
1127 4412 1448 4480 signaculum
1476 4414 1646 4468 crucis
1683 4416 1734 4469 in

188 4492 363 4561 ﬁgura
396 4494 444 4547 Τ
478 4495 665 4550 littera:
681 4499 937 4567 expressit
967 4501 1143 4555 dicens
1172 4520 1184 4555 :
1216 4501 1281 4554 Et
1302 4502 1431 4556 dixit
1464 4504 1532 4556 ad
1573 4504 1735 4569 virum

1830 3353 1957 3416 erit,
2002 3352 2196 3419 inquit,
2240 3350 2293 3401 in
2333 3348 2442 3401 loco
2467 3348 2553 3399 ubi
2575 3348 2780 3410 dicitur,
2819 3346 2933 3399 Non
2962 3346 3175 3415 papulas
3218 3362 3358 3398 meus

1829 3457 1933 3503 vos,
1969 3435 2164 3491 dicetur
2195 3439 2289 3501 eis,
2322 3434 2448 3488 Filii
2471 3435 2564 3488 Dei
2587 3435 2811 3489 viventis.
2834 3433 2899 3486 Et
2926 3434 3361 3502 congregabuntur

1829 3530 1925 3599 ﬁlii
1945 3529 1979 3582 Ι
1985 3531 2087 3582 uda
2127 3538 2174 3582 et
2201 3528 2298 3596 ﬁlii
2344 3526 2503 3579 Israel
2529 3527 2741 3595 pariter,
2767 3536 2813 3578 et
2837 3534 3021 3594 ponent
3046 3525 3241 3577 sibimet
3268 3541 3358 3577 εα-

1829 3630 1916 3691 put
1952 3635 2130 3689 unum,
2161 3626 2214 3671 et
2240 3616 2458 3684 reliqua.
2490 3614 2555 3667 Et
2578 3614 2642 3667 de
2666 3614 2933 3683 ereptione
2969 3621 3148 3665 nostra
3182 3613 3249 3664 ab
3276 3612 3358 3664 in-

1831 3708 1956 3762 feris
1982 3708 2271 3775 mortisque
2298 3704 2662 3775 interiectione
2683 3744 2697 3767 ,
2730 3702 3127 3771 promissionem
3155 3702 3358 3755 Domini

1832 3799 2061 3854 declarat
2088 3797 2269 3850 dicens
2300 3813 2312 3847 :
2344 3794 2419 3847 De
2448 3809 2603 3845 manu
2632 3792 2808 3844 mortis
2836 3790 3056 3843 liberabo
3088 3806 3195 3852 eos,
3226 3798 3271 3841 et
3299 3789 3362 3842 de

1832 3894 1989 3937 morte
2018 3883 2262 3936 redimam
2294 3896 2414 3944 eos;
2454 3896 2539 3933 ero
2578 3894 2712 3931 mors
2749 3887 2855 3939 tua,
2898 3894 2926 3930 ο
2966 3892 3121 3939 mors,
3162 3892 3360 3929 morsus

1834 3984 1949 4025 tuus
1984 3986 2090 4035 ero,
2124 3971 2348 4039 inferne.
2378 3968 2489 4022 Joel
2526 3981 2753 4034 namque
2790 3964 3070 4017 Dominica:
3104 3964 3363 4030 passionis

1833 4070 1885 4114 et
1912 4060 2251 4113 salvatiouem
2283 4056 2510 4111 ﬁdelium
2538 4056 2882 4116 demonstrat,
2911 4052 2981 4105 ita
3015 4052 3195 4105 dicens
3223 4066 3236 4103 :
3273 4051 3361 4104 Sol

1832 4158 1878 4202 et
1918 4150 2040 4200 luna
2070 4144 2376 4199 obtenebrati
2410 4152 2528 4197 sunt
2562 4151 2609 4195 et
2642 4140 2801 4195 stella:
2842 4149 3156 4192 retraxerunt
3193 4138 3363 4191 lumen

1834 4256 2004 4304 suum,
2050 4247 2096 4292 et
2126 4237 2372 4290 Dominus
2397 4235 2463 4288 de
2503 4232 2627 4287 Sion
2657 4232 2836 4301 rugiet,
2862 4239 2909 4283 et
2936 4230 2998 4281 de
3040 4226 3362 4280 Hierusalem

1833 4330 1973 4382 dabit
2009 4343 2175 4381 vocem
2216 4341 2382 4388 suam,
2418 4330 2473 4377 et
2514 4321 2840 4375 movebuntur
2886 4318 2994 4371 coeli
3023 4327 3070 4369 et
3112 4326 3271 4379 terra,
3316 4324 3364 4367 et
3417 4308 3421 4313 ⁷

1836 4410 2084 4470 Dominus
2112 4431 2222 4483 spes
2247 4412 2419 4482 populi
2445 4411 2544 4475 sui,
2569 4419 2615 4462 et
2644 4408 2886 4467 fortitudo
2912 4406 3135 4473 ﬁliorum
3178 4402 3361 4465 Israel,

1836 4518 1882 4560 et
1916 4506 2082 4561 scietis
2122 4506 2242 4573 quia
2281 4520 2371 4573 ego
2413 4502 2659 4554 Dominus
2697 4498 2831 4550 Deus
2871 4506 3025 4550 vester
3051 4494 3285 4546 habitans
3312 4493 3363 4543 in

185 4585 281 4653 qui
312 4586 536 4638 indutus
555 4597 663 4640 erat
687 4588 831 4642 lineis
853 4602 871 4639 :
902 4589 1082 4644 Transi
1110 4609 1198 4659 per
1224 4593 1441 4645 mediam
1466 4593 1733 4655 civitatem,
1763 4573 1811 4629 Ι)
1836 4605 2003 4648 monte
2041 4603 2215 4647 sancto
2256 4608 2389 4655 meo,
2430 4600 2476 4642 et
2535 4590 2629 4641 erit
2692 4585 3011 4640 Hierusalem
3054 4592 3229 4636 sancta
3248 4621 3261 4646 ,
3319 4591 3363 4634 et

189 4672 246 4725 iu
267 4674 448 4726 medio
474 4673 817 4741 Hierusalem,
840 4686 886 4730 et
910 4679 1053 4746 signa
1082 4678 1190 4753 Tau
1214 4696 1365 4749 super
1391 4680 1581 4747 frontes
1606 4681 1740 4733 viro-

189 4773 308 4813 τι.
337 4762 654 4829 gementium
681 4773 728 4815 et
750 4763 1046 4830 dolentium,
1088 4783 1238 4835 super
1258 4768 1449 4835 cunctis
1479 4768 1739 4820 abomina-

185 4850 425 4903 tio-ibus
455 4849 595 4915 ﬁunt
627 4853 681 4903 in
720 4854 885 4905 medio
925 4854 1051 4921 ejus,
1095 4864 1147 4908 et
1181 4855 1397 4923 reliqua.
1436 4855 1501 4908 Et
1542 4856 1739 4910 bonum

186 4937 342 4991 illurn
368 4946 647 5005 pastorem
673 4929 990 5009 exprimens,
1019 4942 1106 5010 qui
1144 4944 1317 5010 posuit
1340 4944 1564 4996 animam
1591 4954 1739 4997 suam

187 5040 290 5093 pro
313 5026 515 5079 ovibus
560 5027 691 5089 suis,
731 5029 803 5080 ait
836 5046 847 5080 :
888 5027 1011 5082 Haec
1034 5030 1155 5082 dicit
1180 5029 1469 5083 Dominus:
1502 5030 1629 5083 Ecce
1651 5016 1740 5098 ego

186 5115 299 5179 ipse
328 5114 597 5182 requiram
624 5132 735 5169 oves
762 5132 900 5169 meas
940 5126 987 5169 et
1029 5119 1235 5171 visitabo
1276 5136 1377 5179 eas,
1409 5104 1539 5172 sicut
1570 5122 1735 5172 visitat

185 5212 369 5268 pastor
393 5218 605 5270 gregem
640 5219 789 5256 suum
826 5206 881 5257 in
922 5206 1003 5258 die
1040 5206 1242 5273 quando
1283 5208 1435 5274 fuerit
1479 5208 1531 5260 in
1573 5208 1737 5259 medio

187 5290 366 5342 ocius-
389 5306 614 5342 suantnt
640 5292 1021 5361 dissipatarum,
1043 5294 1114 5346 sic
1145 5294 1353 5347 visitabo
1374 5311 1485 5347 oves
1513 5312 1669 5356 meas,
1691 5305 1735 5346 et

186 5379 423 5432 liberabo
479 5396 571 5431 eus
621 5381 684 5432 de
728 5382 958 5433 omnibus
1002 5382 1121 5435 locis
1177 5384 1227 5433 in
1273 5383 1451 5450 quibus
1498 5385 1737 5450 dispersa:

188 5479 359 5529 erant,
407 5469 463 5521 in
502 5468 586 5520 die
613 5468 755 5520 nubis
786 5479 830 5521 ct
860 5469 1104 5538 caliginis,
1146 5482 1188 5519 ut
1218 5471 1424 5521 eduram
1453 5488 1536 5523 eus
1564 5472 1623 5521 de
1648 5486 1734 5536 po-

1836 4685 1994 4736 alieni‘
2025 4700 2125 4736 non
2157 4679 2529 4750 pertransibunt
2550 4695 2638 4746 per
2665 4694 2774 4730 eam
2798 4675 3034 4743 amplius,
3065 4682 3119 4726 et
3144 4672 3360 4740 reliqua.

1838 4768 1971 4822 llinc
2008 4769 2169 4821 Amos
2202 4767 2277 4819 ait
2304 4782 2317 4817 :
2348 4764 2413 4817 Et
2444 4765 2546 4821 erit
2584 4764 2638 4815 in
2678 4763 2759 4814 die
2786 4761 2898 4823 illa,
2941 4760 3065 4812 dicit
3091 4758 3363 4820 Dominus,

1837 4854 2033 4907 occidat
2057 4852 2134 4906 sol
2161 4851 2371 4904 meridie
2390 4860 2435 4903 et
2456 4850 2791 4903 tenebrescere
2810 4847 2966 4917 faciat
2994 4856 3180 4899 terram
3208 4846 3259 4898 in
3284 4846 3365 4896 die

1837 4941 2067 5003 luminis,
2089 4950 2133 4994 et
2161 4950 2445 4993 convertam
2473 4938 2765 5005 festivitates
2791 4934 3058 4999 vestras_in
3085 4933 3296 4995 luctum,
3318 4944 3363 4985 et

1838 5031 2007 5083 omnia
2031 5032 2229 5083 cantica
2252 5039 2411 5082 uestra
2436 5029 2488 5081 in
2510 5028 2787 5095 planctum,
2808 5034 2858 5079 et
2880 5025 3099 5093 reliqua.
3127 5022 3191 5075 Et
3212 5022 3365 5089 paulo

1836 5127 1955 5186 post
1982 5137 1995 5170 :
2026 5118 2092 5170 In
2112 5118 2193 5170 die
2218 5118 2329 5179 illa,
2360 5116 2555 5184 inquit,
2583 5114 2834 5167 suscitabo
2857 5111 3236 5165 tabernaculum
3271 5108 3367 5160 Da-

1838 5204 1919 5257 vid
1950 5204 2084 5273 quod
2108 5204 2309 5265 cecidit,
2351 5212 2397 5254 et
2437 5201 2751 5267 rerediﬁcabo
2790 5210 3052 5268 aperturas
3079 5212 3364 5258 murorum,

1838 5302 1882 5343 et
1912 5309 2111 5361 eatqute
2137 5300 2433 5343 corruerant
2478 5288 2793 5351 instaurabo,
2836 5297 2889 5341 et
2924 5286 3143 5353 reliqua.
3174 5284 3366 5336 Abdins

1839 5388 2012 5430 autem
2044 5378 2189 5431 dolos
2214 5376 2507 5429 Judzenrum
2548 5384 2727 5428 contra
2759 5374 3032 5427 Dominum
3067 5373 3365 5441 exprimens

1838 5479 1887 5518 rt
1919 5468 2163 5521 Ecclesiae
2192 5466 2528 5520 salvationem
2556 5480 2569 5515 :
2598 5462 2804 5524 Omnes,
2833 5463 3019 5530 inquit,
3046 5463 3137 5515 viri
3167 5461 3365 5527 falleris
