3958 6356
563 235 665 289 255

1195 235 1253 288 Β.
1297 235 1546 291 RABANI
1583 237 1796 292 MAURI
1833 234 2099 290 ARCIHEI

2199 234 2488 292 uocum.
2525 235 2800 294 OPERUM
2839 239 3013 295 PARS
3051 242 3109 325 ι,

3627 252 3748 309 ’158

542 349 617 398 tui
650 347 919 400 illuserunt
956 348 1067 410 tibi,
1111 347 1437 400 invaluerunt
1463 349 1732 399 adversum
1761 354 1808 397 te
1835 346 1932 397 viri
1955 345 2097 417 pacis
2125 348 2172 405 Α
2200 345 2423 416 mnqua.
2449 345 2659 418 Aggeus
2680 327 3028 404 desideratum
3055 325 3334 409 annuntiat
3354 360 3602 413 omnibus
3629 377 3746 429 gen-

541 444 668 499 tuce,
696 445 741 488 et
765 436 853 505 qui
887 436 1147 486 comedent
1179 445 1342 488 tecum
1384 444 1568 501 ponent
1597 433 1821 501 insidias.
1844 449 1996 500 super
2029 442 2099 498 te,

540 530 594 574 et
625 524 844 592 reliqua.
875 524 939 575 Et
968 523 1124 596 paulo
1153 532 1306 591 post:
1335 522 1400 574 In
1423 531 1612 584 monte,
1641 521 1830 590 inquit,
1857 520 1982 574 Sion
2007 523 2103 575 erit

537 609 776 676 saluatio,
804 613 854 664 et'
881 614 976 664 erit
1004 621 1228 672 sanctus,
1253 619 1299 660 et
1321 609 1600 678 possidebit
1625 609 1807 660 domus
1827 608 1991 662 Jacob
2015 625 2100 662 eos

479 715 481 717 ‘
535 700 625 768 qui
655 713 711 752 se
737 699 1066 768 possederant
1093 711 1111 748 :
1138 697 1202 748 Et
1231 697 1357 749 item
1390 695 1664 764 subjunxit
1696 715 1709 748 :
1752 695 2102 765 Ascendetque

538 787 784 842 Salvator
803 792 860 842 in
902 798 1122 840 montem
1167 785 1293 839 Sion
1323 787 1569 855 judicare
1607 798 1826 839 montem
1857 787 2022 850 Esau,
2053 788 2099 838 et

535 880 632 931 erit
659 879 881 941 Domino
910 893 1144 946 regnum.
1191 875 1339 931 ἔοικε
1379 891 1590 945 quoque
1630 877 1964 944 prophetiam
1992 875 2098 930 Do-

535 970 714 1022 minus
739 970 847 1035 ipse
874 967 1107 1020 ostendit
1131 968 1313 1021 dicens
1338 986 1349 1019 :
1377 964 1520 1020 Sicut
1544 966 1642 1033 fuit
1665 965 1829 1020 Jonas
1854 953 1913 1018 in
1930 977 2100 1020 ventre

536 1059 653 1110 cteti
678 1059 838 1109 tribus
861 1055 1038 1109 diebus
1061 1066 1107 1109 et
1139 1058 1301 1109 tribus
1327 1056 1575 1118 noctibus,
1608 1056 1680 1108 ita
1699 1045 1819 1108 'erit‘
1835 1052 2100 1122 ﬁlius'lto-

536 1148 690 1200 minis
736 1147 790 1199 in
833 1148 987 1200 corde
1031 1157 1200 1200 teme.
1249 1140 1479 1200 Micheas
1525 1142 2096 1222 quidem'eonveatutn

533 1227 846 1305 populorum
892 1239 958 1292 ad
1004 1237 1272 1292 Christum
1314 1238 1597 1305 praedicat,
1648 1239 1819 1306 ipsum
1861 1247 2098 1292 montem

532 1325 740 1377 Domini
769 1341 832 1378 ac
866 1327 1051 1379 ducem
1079 1325 1361 1378 ostendens
1403 1341 1417 1376 :
1462 1324 1526 1377 In
1563 1327 1860 1390 novissimo,
1903 1325 2095 1394 inquit,

531 1413 734 1466 dierum
757 1413 850 1466 erit
876 1426 1024 1466 mons
1043 1413 1226 1465 domus
1250 1413 1460 1466 Domini
1484 1421 1806 1482 prtep‘afatus
1831 1415 1886 1468 in‘
1912 1412 2104 1470 θενιιεε

529 1503 804 1565 montium,
831 1505 884 1555 et
908 1501 1128 1568 reliqua.
1157 1501 1366 1555 Etitem
1396 1519 1408 1554 :
1440 1497 1538 1566 Tu,
1562 1501 2092 1573 Detltleem'Ephrata,

528 1589 746 1660 parvula
771 1606 823 1644 es
847 1590 900 1643 in
928 1590 1153 1643 millibus
1180 1591 1344 1655 Juda,
1368 1601 1430 1644 ea:
1456 1601 1503 1644 te
1528 1593 1653 1645 mihi
1676 1589 1963 1661 egredietur
1987 1595 2096 1649 dua:

2201 437 2340 492 tibus
2374 458 2384 489 ε
2427 438 2605 491 Adhuc
2646 439 2899 492 modicum
2936 450 3038 506 est,
3088 443 3210 495 dicit
3255 444 3526 511 Dominus,
3573 459 3620 502 et
3663 467 3747 519 ego

2200 529 2517 581 commovebo
2550 528 2729 582 ctelum
2770 538 2817 582 et
2858 538 3046 583 terram
3086 541 3132 584 et
3174 550 3314 586 mare
3352 547 3398 588 et
3430 538 3657 604 aridam,
3700 549 3753 595 et

2200 615 2422 685 reliqua.
2454 615 2740 672 Zacharias
2769 628 2912 683 vero,
2961 622 3163 675 memor
3191 623 3410 678 Domini
3452 628 3565 690 sui,
3611 629 3751 684 videt

2197 705 2377 760 1e5um
2403 708 2456 761 in
2482 708 2714 784 vestibus
2740 709 2985 774 sordidis,
3019 719 3075 784 et
3105 703 3328 780 lapidem
3365 715 3640 783 oculorum
3673 734 3754 773 se-

2197 805 2338 864 ptem
2374 782 2747 851 candelabrum
2771 812 2979 865 quoque
3003 782 3248 866 aureum,
3283 812 3336 856 et
3361 803 3585 873 reliqua.
3619 805 3754 861 Dicit

2195 884 2407 956 quaque
2430 902 2495 941 ex
2525 891 2749 955 persona
2778 889 2982 944 Domini
3013 911 3025 943 :
3070 881 3430 962 Appenderunt
3467 897 3754 954 mercedem

2197 992 2362 1028 meam
2397 973 2611 1046 triginta
2650 979 2919 1047 argenteis.
2963 981 3028 1034 Et
3057 981 3184 1036 item
3224 999 3238 1036 :
3279 982 3563 1053 E/fundam
3604 1006 3755 1058 super

2196 1063 2405 1153 domum
2431 1064 2600 1118 David
2626 1067 2860 1150 spiritum
2888 1071 3069 1138 gratia:
3102 1081 3148 1150 et
3182 1065 3410 1153 precum,
3437 1086 3486 1129 et
3509 1078 3755 1147 aspicient

2196 1152 2265 1205 ad
2302 1159 2381 1205 me
2406 1163 2574 1228 quem
2621 1155 2983 1233 e'onﬁxerunt,
3021 1170 3068 1212 et
3110 1152 3348 1231 plangant
3381 1156 3505 1218 eum
3541 1165 3756 1234 planctu

2195 1246 2344 1316 quasi
2385 1263 2541 1322 super
2568 1237 2904 1316 unigenitum,
2926 1258 2988 1303 et
3017 1251 3236 1321 reiiqua.
3269 1237 3348 1308 Et
3374 1255 3547 1331 item):
3586 1256 3757 1311 Adam

2195 1334 2480 1405 exemplum
2502 1339 2668 1389 meum
2689 1339 2752 1389 ab
2778 1337 3117 1395 adolescentia
3135 1358 3271 1408 mea,
3291 1353 3339 1396 et
3356 1330 3556 1397 dicetur
3576 1361 3595 1400 :
3620 1345 3757 1416 Quot

2194 1434 2314 1478 sunt
2341 1424 2506 1494 plaga:
2533 1426 2644 1480 istm
2668 1428 2721 1479 in
2746 1429 2914 1483 medio
2942 1448 3187 1486 manuum
3215 1437 3460 1489 tuarum?
3499 1417 3546 1490 et
3571 1429 3708 1504 dicet
3737 1450 3759 1491 :

2196 1515 2295 1568 His
2323 1515 2560 1586 plagatus
2598 1535 2712 1572 sum
2740 1513 2803 1572 in
2824 1522 2974 1574 domo
2998 1539 3174 1577 eorum
3209 1526 3298 1596 qui
3338 1526 3618 1596 diligebant
3655 1546 3752 1584 me.

2199 1603 2422 1684 Framea
2457 1596 2705 1664 suscitare
2732 1627 2884 1680 super
2909 1622 3161 1682 pastorem
3193 1633 3395 1682 meum,
3422 1629 3468 1672 et
3503 1636 3660 1688 super
3687 1621 3760 1674 vi-

528 1680 618 1748 qui
641 1681 706 1732 sit
729 1680 1023 1731 dominator
1046 1679 1100 1732 in
1127 1675 1316 1743 Israel,
1342 1689 1395 1733 et
1425 1681 1646 1750 reliqua.
1677 1680 1844 1735 Naum
1870 1682 2096 1737 ultorem

2199 1679 2312 1746 rum
2334 1694 2672 1749 cohwrentem
2690 1675 2834 1764 mihi,
2851 1675 2974 1753 dicit
2992 1677 3242 1758 Dominus
3261 1675 3578 1760 exercituum
3595 1707 3760 1763 :_Per-

529 1767 811 1821 Dominum
835 1769 1093 1837 praedicat
1117 1770 1367 1834 inimicis,
1392 1777 1445 1824 et
1464 1770 1660 1823 bonum
1689 1771 1789 1840 piis
1816 1780 1869 1825 et
1892 1772 2092 1838 amicis.

528 1858 690 1922 Deus,
721 1858 892 1928 inquit
911 1900 925 1921 ,
961 1858 1236 1911 temulator
1262 1871 1358 1923 est,
1385 1869 1433 1913 et
1471 1860 1719 1914 ulciscens
1749 1861 2020 1927 Dominus,
2051 1873 2099 1914 et

528 1946 719 2000 habens
751 1947 1001 2015 furorem,
1035 1942 1573 2001 ulciscens’Dominus
1612 1949 1667 2002 in
1687 1950 1874 2012 .hostes
1903 1967 2023 2002 suos
2051 1960 2100 2002 et

526 2038 754 2090 irascens
781 2037 1002 2090 inimicis
1029 2039 1158 2101 suis,
1204 2048 1262 2091 et-
1303 2033 1527 2106 reliqua.
1574 2038 1639 2091 Et
1680 2039 1806 2092 item
1850 2040 2098 2108 pietatem

525 2128 813 2181 Ostendens
845 2127 918 2180 ait
949 2141 964 2178 :
1005 2127 1180 2180 Bonus
1215 2127 1466 2181 Dominus
1496 2137 1542 2180 et
1583 2125 1884 2196 confortans
1923 2129 1976 2181 in
2018 2129 2101 2182 die

523 2214 896 2279 tribulationis,
944 2226 990 2269 et
1025 2218 1190 2269 sciens
1237 2227 1498 2286 sperantes
1536 2219 1589 2269 in
1623 2232 1694 2269 se.
1739 2216 1987 2272 Habacuc
2016 2215 2099 2271 lu-

495 2360 497 2362 .
524 2315 726 2360 strator
751 2305 902 2360 fortis
931 2313 984 2360 et
1019 2306 1239 2379 rigidus,
1270 2305 1375 2360 stat
1422 2307 1582 2376 ευριπ
1622 2307 1920 2361 cuStodiam
1949 2319 2098 2361 suam

524 2405 580 2450 et
611 2395 722 2466 ﬁgit
750 2398 973 2466 gradum
1018 2387 1179 2465 super
1225 2397 1604 2461 munitionem,
1627 2389 1630 2391 ’
1655 2399 1712 2448 ut
1741 2395 2010 2455 Christum
2047 2397 2098 2449 in

525 2495 686 2542 c'tuce
721 2476 1133 2556 contempletur,
1167 2497 1222 2543 et
1256 2475 1400 2542 dicat
1437 2503 1451 2541 :
1493 2485 1706 2556 Opet'uit
1743 2486 1896 2540 caelos
1932 2487 2104 2557 gloria

525 2578 659 2646 ejus,
693 2590 736 2631 et
765 2577 938 2632 laudis
968 2581 1082 2648 ejus
1111 2579 1262 2648 plena
1301 2589 1375 2632 est
1413 2589 1573 2632 terra.
1610 2576 1870 2647 Splendor
1897 2579 2009 2647 ejus
2044 2586 2100 2630 ut

525 2666 617 2719 lux
643 2649 984 2728 crtumst:
1019 2661 1138 2721 'sunt
1173 2668 1228 2721 in
1254 2669 1660 2738 Inanibusejas.
1691 2667 1773 2721 lbi
1799 2652 2099 2724 abscondita

524 2761 597 2809 est
638 2756 892 2825 fortitudo
930 2756 1060 2826 ejus.
1111 2752 1413 2826 So'phomas
1447 2769 1610 2826 prope
1651 2743 2100 2832 esseadventuui

525 2845 629 2900 diei
655 2843 862 2900 Domini
894 2845 1078 2900 narrat
1104 2853 1158 2900 et
1182 2848 1368 2900 horam
1400 2847 1666 2916 passionis
1693 2847 1812 2922 ejus
1835 2853 1888 2898 et
1917 2861 2097 2900 resur-

523 2939 778 2991 rectionis
809 2955 822 2991 ξ
852 2933 1017 2990 Juxta
1061 2947 1153 3002 est,
1198 2934 1396 3008 inquit,
1445 2934 1554 2992 dies
1599 2937 1809 2992 Domini
1857 2937 2096 3008 magnus,

2198 1788 2311 1868 cute
2340 1795 2594 1868 pastorem
2623 1778 2676 1842 et
2704 1788 3057 1861 dispergentur
3083 1809 3198 1848 oves
3238 1799 3427 1868 gregis.
3475 1799 3536 1852 Et
3580 1801 3711 1856 item
3741 1818 3755 1853 :

2198 1866 2265 1926 Et
2293 1866 2667 1932 erit'Dominus
2694 1873 2784 1935 rete
2810 1898 2962 1952 super
2987 1899 3185 1959 omnem
3466 1889 3533 1942 In
3558 1891 3641 1944 die
3666 1889 3762 1944 illa

2183 1960 2290 2019 erit
2334 1963 2586 2021 Dominus
2617 1985 2769 2034 unus,
2813 1965 2866 2026 si
2895 1971 2986 2026 erit
3025 1981 3206 2035 nomen
3249 1975 3563 2046 ejusunnm.
3598 1977 3762 2035 Malm

2197 2053 2344 2109 chias
2369 2054 2635 2121 salubrem
2665 2060 2946 2127 adventum
2977 2063 3186 2136 Domini
3211 2074 3393 2120 narrat
3419 2085 3433 2119 :
3467 2065 3534 2121 Et
3559 2071 3761 2136 statim,

2198 2141 2388 2214 inquit,
2414 2144 2574 2199 veniet
2600 2146 2667 2199 ad
2692 2147 2935 2227 templum
2960 2168 3109 2219 suum
3131 2152 3445 2219 dominator,
3471 2165 3520 2210 et
3535 2139 3762 2227 angelus

2198 2228 2484 2289 iestamenti
2523 2240 2673 2308 quem
2701 2225 2785 2310 nos
2822 2241 2970 2299 vultis
3006 2259 3120 2297 ecce
3153 2247 3315 2310 venit,
3352 2247 3475 2300 dicit
3506 2225 3763 2304 Dominus

2197 2321 2545 2392 exercituum,
2590 2331 2795 2399 etquis
2839 2333 3023 2398 poterit
3061 2317 3290 2404 cogitare
3330 2337 3463 2391 diem
3509 2340 3764 2407 aduentus

2196 2414 2327 2500 ejus,
2355 2425 2402 2469 et
2430 2417 2543 2500 quis
2566 2419 2719 2478 stabit
2745 2419 2814 2493 ad
2839 2422 3110 2476 videndum
3135 2409 3291 2481 eum?
3315 2424 3443 2496 Ipsa
3455 2428 3589 2481 enim
3613 2446 3766 2499 quasi

2197 2505 2330 2576 ignis
2355 2508 2588 2576 conﬂant
2615 2517 2661 2562 et
2687 2512 2835 2579 quasi
2863 2501 3019 2564 herba
3045 2510 3321 2581 fullonum,
3348 2527 3394 2569 et
3422 2518 3614 2571 sedebit
3644 2536 3764 2574 con-

2198 2597 2333 2665 ﬂans
2355 2605 2400 2647 et
2430 2593 2716 2674 emundans
2744 2586 3031 2669 argentum,
3055 2613 3102 2657 et
3126 2605 3362 2674 purgabit
3389 2605 3526 2672 ﬁlios
3552 2606 3694 2672 Levi,
3715 2621 3764 2661 et

2199 2685 2440 2754 conﬂabit
2472 2687 2557 2752 eos
2579 2688 2728 2758 quasi
2759 2705 2945 2742 aurum
2974 2699 3020 2743 et
3044 2693 3194 2768 quasi
3223 2680 3511 2762 argentum,
3541 2705 3589 2748 et
3615 2712 3763 2748 erum

2198 2774 2420 2831 Domino
2445 2777 2714 2850 oﬂ'e‘rsntes
2731 2778 2996 2848 sacriﬁcia
3020 2781 3075 2835 in
3093 2782 3325 2851 justitia,
3345 2791 3393 2835 et
3416 2780 3634 2860 placebit
3655 2783 3767 2839 Deo

2198 2863 2508 2946 sacri/icium
2533 2865 2674 2919 Juda
2700 2876 2750 2936 et
2776 2866 3131 2946 HierusaltnnL
3148 2879 3205 2928 et
3227 2871 3447 2942 reliqua.
3515 2935 3524 2938 ν

2268 2953 2363 3007 Est
2390 2963 2600 3024 quoque
2625 2973 2809 3024 versus
2835 2959 2922 3019 hic
2945 2959 3001 3018 in
3023 2976 3184 3019 cruce
3211 2965 3443 3036 scriptus
3468 2981 3652 3025 nam
3682 2967 3771 3020 iit-

517 3029 672 3098 juata
699 3035 748 3080 et
777 3027 923 3084 vetas:
960 3029 1129 3082 nimis.
1171 3011 1286 3082 Vos:
1311 3030 1414 3082 alet
1450 3029 1662 3083 Domini
1697 3038 1898 3092 amara,
1929 3029 2095 3082 tribu-
2123 3017 2166 3078 C
2200 3011 2431 3101 ιει-πυιξ,
2468 3065 2479 3101 ς

524 3119 719 3172 labitur
748 3120 818 3172 ibi
846 3117 1007 3186 [ortis
1048 3115 1112 3173 Et
1153 3104 1311 3193 paulo
1337 3129 1458 3189 past
1493 3137 1508 3172 :
1540 3108 1838 3183 Tribulabo,
1876 3119 1970 3183 ait,
2002 3120 2096 3173 Ito;
2130 3126 2136 3128 ”

524 3212 705 3274 mines,
735 3221 782 3263 et
820 3203 1156 3264 ambulabunt
1186 3211 1416 3264 homines
1459 3218 1514 3264 ut
1548 3209 1690 3276 caci,
1721 3211 1844 3281 quia
1874 3210 2094 3264 Domino

523 3306 876 3367 peccaverunt.
909 3294 975 3352 Ει
1012 3300 1140 3354 item
1168 3318 1184 3355 :
1213 3300 1540 3378 QuaprOpter
1577 3307 1813 3370 exspecta
1841 3315 1940 3366 me,
1970 3302 2094 3353 dicit

524 3386 798 3468 Dontinas‘,
835 3388 888 3443 in
933 3380 1017 3444 die
1061 3391 1448 3445 resurrectionis
1488 3402 1614 3445 mea:
1655 3392 1708 3444 in
1740 3391 2002 3459 futurum,
2039 3401 2094 3445 et

2323 3155 2386 3203 Es
2411 3156 2591 3217 placida
2625 3162 2830 3222 superis,
2856 3135 3012 3224 crux,
3027 3162 3141 3214 huic
3159 3175 3212 3215 es
3230 3167 3389 3216 navita
3413 3165 3608 3216 mundo.

2199 3254 2299 3321 Qui
2329 3257 2394 3310 ad
2419 3258 2678 3312 directum
2708 3261 3017 3318 nexa-mater
3038 3275 3148 3332 est,
3178 3275 3231 3319 et
3267 3268 3578 3339 reciprocus
3598 3269 3770 3325 nulla

2198 3354 2447 3418 exeinpm‘
2465 3350 2664 3420 syllaba
2694 3349 2755 3407 lit
2782 3354 2920 3410 idem
2946 3365 3294 3427 pentameter.

2090 3568 2092 3570 .
2243 3564 2251 3582 ,
2326 3562 2365 3583 .,-,
