3958 6338
489 391 593 445 263

457 488 472 501 Χ
490 502 674 557 Hostia
700 503 838 566 quod
863 503 951 549 tua
975 497 1074 549 sim
1103 513 1113 546 :
1150 503 1346 548 memet
1373 490 1652 546 crucifixio
1680 496 1846 541 totum
1901 557 1905 562 '

492 589 607 644 Jam
639 597 724 641 tua
765 594 1083 647 consumat;
1123 595 1178 638 et
1214 583 1390 652 passio
1423 582 1630 649 mitiget
1657 589 1845 632 testum
1911 629 1917 632 ι

493 678 794 739 Carnalem,
836 677 960 728 vitia
990 674 1314 741 confringat,
1349 672 1610 740 deprimat
1637 669 1790 724 iram.

495 766 747 821 Rcfrcnct
770 765 1028 834 linguam,
1055 763 1269 832 pictatis
1291 761 1448 814 verba
1479 765 1716 835 reponat.

497 856 727 908 Mentem
756 853 1034 922 pacificet:
1061 853 1221 905 vitam
1263 850 1488 902 deducat
1511 847 1809 899 honestam.

500 941 742 1010 Namque
774 951 896 993 tuus
920 941 1132 1008 quando
1164 948 1273 993 toto
1303 935 1560 1004 fulgescet
1583 923 1806 1001 Olympo

501 1027 696 1097 lgneus
719 1029 996 1088 advertus,
1029 1027 1250 1080 torrebit
1277 1033 1330 1079 et
1361 1013 1781 1090 ardor‘iniquos,

511 1118 827 1185 Tempestas
858 1114 1064 1176 stridet,
1096 1128 1261 1168 cornu
1283 1111 1395 1182 jam
1424 1112 1594 1181 mugit
1626 1119 1680 1164 et
1706 1111 1837 1163 orbe

505 1205 644 1256 Ante
669 1206 938 1273 apparebit
964 1203 1176 1272 quando
1203 1204 1382 1258 crucis
1410 1187 1534 1256 acre
1559 1202 1772 1270 signum
1797 1211 1814 1250 :

511 1291 645 1344 Tum
673 1307 800 1360 rogo
839 1287 925 1343 me
946 1291 1136 1358 eripiat
1162 1290 1390 1345 flammis
1415 1290 1692 1343 ultricibus
1714 1287 1826 1355 ipsa
1851 1305 1862 1338 :

510 1380 682 1447 Atque
709 1389 914 1449 poetam
956 1381 1075 1450 agni
1103 1381 1377 1450 prOprium
1412 1378 1659 1434 defendat
1693 1378 1760 1430 ab
1787 1375 1888 1438 ira,

1152 379 1211 431 B.
1256 375 1510 429 RABANI
1553 371 1766 426 MAURI
1803 368 2114 428 AllClllEi‘.
2162 362 2465 422 HOGUNT.
2506 360 2789 430 OPERUM
2825 359 3009 415 PARS
3049 359 3090 412 l.

2081 488 2126 544 A
2156 484 2252 536 Cui
2281 498 2415 547 cano
2443 482 2596 550 :jure
2614 485 2808 534 'canam
2835 477 3127 530 Hrabanus
3154 472 3392 526 versibus
3421 485 3536 531 ore,

3615 351 3719 409 264

2161 572 2351 636 Corde,
2385 587 2566 632 manu,
2608 584 2820 650 semper
2847 569 3050 621 donum
3078 562 3420 616 memorabile
3444 567 3600 612 cantu
3629 567 3646 608 :

2162 661 2310 727 Quod
2340 652 2562 714 dederat
2599 659 2721 711 vitae
2746 665 2949 728 memet
2977 654 3264 707 clementer
3294 651 3346 702 in
3374 663 3487 700 ara.

2163 751 2386 820 Quando
2397 748 2512 818 ipsa
2541 747 2730 801 llicsus
2746 745 2992 798 clemens
3015 755 3141 809 rogo
3163 741 3236 791 ab
3253 738 3392 791 eruit
3417 737 3526 788 imo

2162 833 2369 909 Inferni
2387 828 2828 908 requiem-nunc,
2859 849 2899 886 (›
2925 832 3156 894 Christe,
3186 843 3309 882 arce
3343 826 3590 896 polorum
3681 840 3684 842 ·

2167 929 2242 983 Da
2266 911 2420 995 mihi,
2454 909 2755 995 boc'posco,
2789 937 2974 994 spctro,
3004 929 3058 976 et
3083 935 3208 974 vera
3246 919 3423 972 omnia
3449 915 3631 978 Credo,

2169 1020 2296 1088 Qua:
2322 1007 2637 1088 promisisti,
2665 1017 2766 1069 hoc
2794 1025 2958 1068 teneo
2985 1013 3180 1081 pietate
3210 1009 3436 1077 fideque.

2170 1105 2325 1177 Quod
2351 1124 2510 1161 verax
2538 1107 2673 1160 facis
2692 1106 2881 1159 ordine
2904 1103 3104 1170 judicio
3141 1100 3316 1152 omnia
3346 1113 3492 1152 vera.

2163 1199 2345 1255 fnunc
2365 1201 2432 1252 ad
2465 1211 2708 1268 superos,
2746 1196 2798 1248 in
2827 1194 2980 1248 czelis
3010 1192 3110 1246 rite
3141 1191 3455 1258 triumphas.

2167 1291 2210 1346 Ο
2239 1282 2512 1342 laus'alma
2547 1286 2720 1340 crucis
2743 1298 2963 1350 semper
2993 1281 3104 1334 sine
3123 1279 3233 1331 line
3257 1278 3448 1328 valeto.

2201 1536 2465 1546 __—-_

1665 1619 2174 1743 DECLAnATto
2219 1655 2560 1729 moon/1;.

580 1893 720 1954 Deus
747 1867 1101 1964 omnipotens,
1139 1891 1296 1965 Pater
1323 1871 1533 1962 Domini
1564 1887 1731 1956 nostri
1762 1883 1883 1938 Jesn
1920 1885 2096 1941 Chris.

512 1984 602 2046 sti,
649 1982 738 2049 qui
790 1970 1125 2050 Unigenitum
1175 1986 1323 2031 tuum
1373 1985 1425 2030 et
1485 1984 1608 2041 ante
1653 1968 1845 2030 stecula
1890 1981 2071 2038 natum

511 2087 726 2127 carnem
761 2078 814 2124 et
843 2069 1074 2129 animam
1117 2068 1402 2128 humanam
1434 2067 1484 2118 in
1515 2053 1750 2139 tempore
1781 2052 2073 2139 assumere,

510 2169 564 2213 et
596 2174 809 2212 crucem
842 2158 1020 2210 subire
1047 2171 1142 2225 pro
1186 2156 1402 2208 humani
1436 2135 1652 2224 generis
1695 2152 1864 2220 salute
1893 2137 2074 2217 ,volni-

511 2248 578 2301 sti
610 2265 621 2300 :
656 2255 706 2299 te
750 2244 938 2306 adoro,
988 2243 1079 2294 tibi
1131 2243 1330 2310 gratias
1360 2258 1478 2311 ago,
1533 2242 1674 2310 quod
1713 2241 1842 2294 mihi
1878 2241 2074 2312 misero

511 2334 707 2403 fanmlo
739 2342 828 2386 tuo
858 2330 1165 2388 concessisti
1205 2331 1433 2399 gratiam
1466 2339 1610 2394 tuam
1637 2329 1911 2401 (quamvis
1943 2325 2082 2391 indi-

509 2442 612 2496 gno
639 2434 692 2478 et
719 2423 1003 2490 n'iultoruni
1042 2419 1334 2500 facinorum
1385 2423 1523 2485 mole
1558 2421 1864 2498 aggravata)
1903 2424 1961 2473 ut
1997 2419 2078 2475 di-

510 2515 634 2569 lecti
676 2513 793 2568 Filii
833 2512 906 2574 tui
936 2512 1238 2577 passionem
1287 2509 1531 2574 laudibus
1579 2504 1865 2590 (licet'non
1899 2509 2104 2568 condi-5,

510 2603 648 2672 gnis,
679 2611 855 2652 tamen
871 2596 1112 2665 devotis)
1134 2597 1373 2673 canendo
1404 2605 1455 2648 et
1486 2589 1869 2654 censeribendo
1891 2594 2084 2664 depro-

511 2704 735 2742 merem.
780 2685 932 2748 Tibi,
979 2685 1198 2738 Domine
1232 2683 1355 2737 Jesu
1405 2683 1635 2748 Christe,
1681 2681 1778 2737 Fili
1821 2685 1914 2739 Dei
1957 2687 2080 2741 uni-

515 2777 712 2846 genite,
747 2773 973 2826 humiles
1011 2787 1194 2841 preces
1241 2770 1404 2840 offero
1431 2781 1484 2830 et
1514 2779 1631 2826 vota
1679 2773 1786 2825 oris
1816 2761 2079 2846 persolvo,

513 2865 657 2932 quod
689 2863 816 2915 mihi
847 2861 1112 2930 peccatori
1155 2861 1417 2934 inspirare
1452 2862 1700 2932 dignatus
1732 2878 1799 2918 es
1826 2863 2082 2920 honorem

517 2961 717 3006 sanctae
744 2953 918 3018 crucis
962 2962 1065 3005 tuae
1107 2951 1636 3025 quantulumcunque
1679 2950 1987 3016 decantare,
2031 2958 2086 3008 et

514 3056 845 3106 communem
910 3041 1148 3109 omnium
1201 3047 1442 3107 nostrum
1520 3035 1745 3114 salutem
1809 3041 2087 3098 conservis

516 3134 650 3186 meis
680 3128 989 3202 praedicare.
1036 3130 1260 3203 Necme
1301 3129 1366 3182 ab
1393 3130 1625 3208 incoepto
1653 3130 1946 3184 retardavit
1967 3145 2089 3198 pro-

517 3221 758 3290 priorum
815 3219 1142 3280 conscientia
1191 3219 1532 3286 delictorum,
1592 3219 1684 3271 sed
1745 3219 1915 3286 magis
1963 3219 2089 3272 illud

522 3307 648 3364 mihi
680 3311 927 3380 ﬁduciam
954 3293 1137 3362 tt‘ib‘ttit
1169 3307 1321 3377 quod
1363 3308 1464 3361 hoc
1500 3309 1551 3360 in
1581 3307 1820 3369 carmine
1846 3308 2088 3362 celebra-

520 3423 632 3459 rem
663 3407 712 3457 in
742 3421 847 3472 quo
862 3403 1076 3470 peccati
1107 3417 1328 3471 regnum
1368 3401 1678 3465 destruxisti
1718 3389 1769 3454 et
1796 3408 1904 3454 tcto
1932 3416 2087 3454 mun-

523 3497 590 3546 do
621 3494 832 3546 veniam
861 3475 1184 3556 delictorum
1215 3492 1458 3545 orantum
1479 3490 1692 3544 dedisti.
1723 3491 1878 3555 Tibi,
1906 3501 2091 3567 sancte

525 3580 762 3650 Spiritus
791 3581 1076 3651 paraclete,
1105 3582 1230 3651 totis
1262 3581 1572 3649 praecordiis
1615 3581 1762 3634 meis
1791 3589 1970 3649 grates
2004 3594 2088 3632 τεά

526 3671 658 3734 fero,
695 3673 834 3738 quod
858 3685 950 3725 me
979 3680 1069 3724 tua
1111 3656 1284 3739 gratia
1329 3673 1380 3723 in
1420 3671 1536 3739 ipso
1565 3684 1725 3738 opere
1754 3670 2009 3738 adjuvare
2033 3676 2089 3721 et

531 3764 792 3818 consolari
825 3764 1074 3832 dignatus
1099 3778 1177 3818 es.
1208 3763 1282 3820 Te
1313 3764 1572 3832 deprecor
1589 3771 1648 3828 ut
1674 3763 1717 3815 si
1757 3762 1956 3830 aliqua,
1977 3775 2089 3830 pro

528 3853 813 3921 fragilitate
858 3867 997 3911 mea,
1049 3852 1480 3910 inconvenienter
1522 3851 1691 3919 posui,-
1721 3864 1818 3904 εει]
1849 3849 1956 3905 rite
1984 3858 2088 3906 nan

532 3941 791 4002 intellexi,
829 3949 915 3991 tua
959 3924 1261 3993 visitatione
1312 3956 1395 3993 me
1436 3939 1702 3992 illustrare
1739 3938 1992 4008 digneris,
2034 3945 2092 3990 ut

533 4047 595 4085 ea
621 4033 868 4084 decenter
888 4031 1174 4105 corrigam,
1203 4031 1414 4097 meique
1443 4030 1645 4083 erroris
1674 4043 1770 4096 per
1799 4035 1851 4082 te
1879 4029 2091 4090 veniam

535 4145 852 4197 consequar,
889 4137 948 4180 ut
997 4129 1128 4196 ipse,
1167 4143 1322 4195 quem
1368 4137 1493 4181 ante
1535 4128 1824 4195 incoeptum
1867 4140 1999 4194 opus
2037 4126 2094 4178 in

536 4219 791 4272 auxilium
823 4217 1096 4279 advocavi,
1126 4219 1240 4269 sine
1275 4216 1552 4284 naufragio
1590 4217 1655 4269 ad
1681 4222 1921 4289 optatum
1948 4215 2095 4267 littus
2147 4236 2150 4238 -

543 4326 624 4362 me
665 4309 944 4376 perducas.
967 4307 1049 4359 Te
1070 4315 1273 4366 aeterna
1313 4314 1366 4360 et
1396 4313 1649 4375 perpetua
1695 4306 1834 4359 Deus
1860 4303 2098 4356 Trinitas

537 4412 590 4455 et
613 4400 984 4469 inseparabilis
1015 4401 1211 4463 unitas,
1243 4408 1354 4454 toto
1385 4400 1563 4462 corde,
1596 4407 1704 4452 tota
1747 4399 1949 4461 anima,
1990 4407 2108 4452 tota

543 4502 719 4546 mente
757 4500 810 4545 et
840 4498 948 4545 tota
970 4491 1166 4546 virtute
1186 4491 1330 4564 mlo,
1360 4491 1544 4551 adoro,
1577 4498 1804 4558 empto,
1834 4489 2096 4544 desidero.

543 4585 634 4656 Tu.
667 4583 985 4651 illuminatio
1025 4596 1161 4649 mea,
1203 4591 1265 4648 tu
1305 4583 1446 4636 salus
1487 4598 1625 4644 mea,
1655 4591 1707 4634 tu
1737 4582 1853 4634 laus
1879 4595 2016 4642 mea,
2046 4588 2099 4632 tu

544 4673 714 4729 virtus
765 4686 901 4738 mea.
948 4678 1177 4734 creator,
1225 4670 1550 4741 redemptor,
1592 4678 1885 4738 reparator,
1925 4676 2100 4734 pater,

548 4763 765 4821 arbiter,
819 4761 1095 4830 magister,
1142 4759 1435 4820 beatitudo,
1479 4758 1747 4819 fortitudo,
1788 4757 2102 4817 alacritudo,

549 4850 839 4913 aeternitas,
866 4849 1115 4912 felicitas,
1139 4849 1416 4906 serenitas,
1445 4849 1578 4916 Deus
1594 4863 1735 4919 unus
1747 4849 2105 4916 omnipotens,

552 4941 690 4994 Deus
719 4942 937 4997 deorum
960 4941 1234 5002 Dominus,
1260 4939 1398 4993 Deus
1416 4953 1589 4990 rerum
1613 4947 1822 4995 creator
1844 4938 2103 4998 omnium,

556 5030 692 5083 Deus
727 5031 813 5084 lux
843 5041 896 5085 et
922 5031 1028 5086 vita
1056 5030 1309 5093 fidelium,
1335 5030 1440 5081 vita
1465 5021 1667 5090 vivens,
1693 5029 1798 5080 vita
1822 5043 1852 5079 a
1875 5029 2104 5090 vivente,

557 5121 852 5181 vivilieator
882 5123 1191 5184 viventium,
1233 5135 1418 5172 amans
1464 5127 1518 5171 ct
1572 5126 1800 5178 amatus,
1853 5113 2108 5184 amorque

561 5205 932 5268 amicissimus,
966 5209 1174 5277 genitor
1197 5217 1250 5262 et
1273 5207 1482 5276 genitus
1507 5198 1856 5274 potenterque
1889 5220 2107 5273 regene-

563 5309 705 5356 rans,
744 5292 927 5350 dicens
957 5306 1008 5348 et
1049 5301 1266 5350 verbum
1316 5311 1378 5349 ae
1419 5296 1714 5365 procedens
1751 5294 1816 5346 ab
1847 5295 2105 5359 utrisque,

2175 1874 2476 1964 dilige-eset
2507 1881 2732 1953 dilectus
2775 1883 3167 1950 amborumque
3193 1871 3424 1949 dilectio,
3447 1899 3636 1954 verum
3667 1890 3748 1940 lu-

2176 1987 2319 2043 men,
2354 1972 2622 2038 Inmemor
2651 1972 2883 2039 lumine,"
2905 1973 3384 2049 veraillumipatio,
3406 1977 3744 2043 consiliator,

2177 2061 2457 2119 consilium
2495 2070 2549 2115 et
2587 2063 3025 2127 communicatio,
3059 2079 3086 2116 a
3118 2078 3239 2131 quo,
3281 2077 3378 2132 per
3403 2053 3558 2135 quem
3589 2077 3641 2124 et
3692 2070 3746 2122 in

2179 2170 2283 2222 quo
2311 2161 2433 2210 sunt
2463 2155 2662 2217 omnia,
2703 2155 2800 2210 tibi
2830 2155 2961 2216 \laus
3005 2164 3058 2215 et
3103 2155 3268 2224 gloria
3318 2158 3372 2210 in
3420 2159 3745 2227 sempiterna

2178 2242 2391 2319 sarcula.
2422 2242 2518 2305 Te,
2548 2247 2700 2311 pater
2728 2242 3166 2306 clementissime,
3198 2253 3319 2311 peto
3353 2247 3523 2313 utqui
3555 2230 3744 2312 primi-

2184 2337 2268 2385 tus
2316 2345 2400 2393 me
2446 2331 2546 2386 hoc
2597 2344 2729 2400 opus
2767 2331 3169 2405 Aconscribendo
3207 2329 3434 2396 voluisti,
3461 2334 3749 2405 perﬁcere,

2139 2439 2143 2442 ·
2175 2422 2324 2490 quod
2351 2421 2424 2473 ad
2467 2418 2676 2488 laudem
2727 2403 3111 2492 Redemptoris
3140 2416 3201 2473 .et
3240 2415 3532 2476 Sali’atoxi's
3577 2403 3754 2480 noStri

2183 2509 2434 2583 pertinet,
2465 2510 2858 2580 redemptionis
2879 2518 2932 2562 et
2963 2510 3272 2578 salvationis
3297 2507 3412 2579 ejus
3438 2512 3490 2564 in
3520 2515 3752 2582 gratiam

2183 2613 2278 2670 per
2315 2600 2484 2668 ipsum
2512 2600 2770 2668 consequi
2806 2603 3054 2654 merear':
3099 2601 3152 2654 et
3197 2601 3450 2669 quidquid
3500 2601 3755 2676 deinceps

2185 2689 2361 2756 operis
2390 2704 2568 2762 agam,
2598 2704 2662 2742 ex
2692 2699 2810 2753 tua,
2845 2700 2896 2742 et
2941 2705 3037 2758 per
3066 2698 3230 2752 tuam,
3261 2695 3312 2742 et
3356 2690 3407 2742 in
3463 2699 3549 2756 tua
3581 2691 3756 2757 gratia

2186 2778 2252 2831 ad
2314 2778 2525 2832 lattdcm
2575 2787 2720 2832 tuam
2765 2788 2940 2832 totum
3002 2781 3282 2848 pervenire
3326 2768 3509 2841 facias,
3562 2785 3759 2847 meque

2185 2868 2435 2948 deinceps
2471 2870 2717 2925 tutiorem
2769 2886 2798 2923 a
2843 2872 3096 2947 peccatis,
3129 2881 3183 2923 et
3230 2871 3279 2929 in
3315 2857 3760 2938 bonisbpcribu‘s

2186 2957 2495 3013 validiorem
2525 2974 2642 3012 esse
2669 2961 2985 3033 praecipias;
3033 2969 3086 3014 et
3130 2961 3359 3029 Quandlu
3406 2952 3457 3013 in
3491 2961 3592 3019 hoc
3636 2975 3760 3019 con-

2187 3049 2409 3124 pusculo
2455 3049 2651 3110 vivam,
2691 3048 2898 3118 aliiquid
2949 3050 3149 3103 servitii
3204 3050 3297 3102 tibi
3351 3063 3562 3121 semper
3599 3050 3762 3113 exhi-

2183 3125 2361 3203 beam.
2417 3139 2542 3193 Post
2595 3141 2808 3194 exitum
2839 3155 2966 3195 vero
3017 3141 3386 3196 animce‘meze
3425 3155 3455 3192 a
3511 3147 3760 3209 corpore,

2191 3229 2400 3280 veniam
2427 3232 2774 3296 peccatorum
2801 3221 3035 3283 omnium
3065 3230 3317 3299 consequi
3340 3230 3573 3284 etvitaru
3601 3240 3768 3284 teter-

2191 3332 2314 3389 nam
2344 3319 2618 3388 percipere
2653 3333 2758 3387 per
2799 3319 2968 3387 ipsum
3000 3319 3127 3372 mihi
3165 3319 3425 3373 concedas
3453 3320 3544 3388 qui
3586 3329 3766 3373 tecum

2192 3417 2244 3462 et
2268 3425 2386 3462 cum
2414 3410 2610 3479 Spiritu
2635 3419 2828 3464 sancto
2853 3406 3138 3478 c0:cqualis
3161 3408 3288 3463 vivit
3315 3419 3368 3465 et
3383 3419 3570 3480 regnat
3596 3400 3763 3474 Deus,

2193 3513 2287 3566 per
2331 3499 2510 3552 omnia
2540 3497 2742 3552 saecula
2780 3499 3110 3565 sazculorum.
3149 3494 3359 3559 Amen.

2108 3622 2159 3684 ς
2184 3661 2191 3669 ,
2261 3611 2318 3668 In
2349 3617 2506 3676 cruce
2528 3613 2652 3668 vero
2676 3612 3048 3675 antecedentis
3068 3612 3271 3683 paginae
3297 3620 3378 3674 est
3407 3619 3544 3678 unus
3571 3626 3771 3671 versus

2191 3703 2437 3771 scriptus,
2468 3703 2650 3772 viginti
2687 3712 2896 3774 septem
2926 3694 3244 3766 litterarum,
3269 3703 3360 3771 qui
3391 3703 3595 3757 eisdem
3629 3699 3776 3754 litte-

2193 3795 2265 3847 ris
2296 3794 2395 3864 legi
2420 3802 2475 3847 et
2505 3794 2668 3861 relegi
2688 3804 2873 3862 potest
2895 3795 2949 3846 in
2988 3795 3127 3846 hunc
3157 3794 3409 3848 modum:
3488 3787 3495 3791 ’

2433 3923 2604 3974 Oro'te
2630 3937 2800 3972 ramus
2827 3935 2954 3982 aram
2975 3930 3055 3970 ara
3077 3934 3238 3971 sumar
3264 3928 3312 3971 et
3337 3933 3424 3971 ore

2183 4047 2368 4121 lmago
2397 4061 2524 4104 vero
2555 4063 2700 4108 mea,
2729 4061 2886 4115 quam
2913 4044 3095 4099 subter
3116 4060 3326 4109 crucem
3357 4059 3527 4115 genua
3552 4042 3778 4099 ﬂecten-

2195 4145 2300 4190 tem
2362 4146 2414 4190 et
2471 4146 2722 4190 orantem
2779 4137 3142 4204 depinxeram,
3199 4135 3548 4204 Aselépiadeo
3595 4145 3778 4190 metro

2196 4227 2498 4294 conscripta
2549 4233 2665 4287 est,
2725 4224 3224 4293 priorem'versum
3276 4232 3461 4276 tenens
3505 4224 3776 4278 hexame-

2199 4326 2339 4370 trum
2393 4317 2696 4380 heroicum,
2749 4314 3041 4372 secundum
3081 4313 3478 4370 hemistichium
3525 4313 3733 4367 heroici
3770 4357 3785 4374 ,

2200 4409 2271 4460 ita
2313 4426 2324 4458 :
3181 4409 3184 4411 λ

2326 4529 2563 4581 Raba'nuni
2589 4539 2776 4582 memet
2793 4532 3010 4579 clemens
3030 4541 3167 4591 rogo,
3190 4521 3394 4588 Christe,
3420 4535 3583 4589 tuere,
3611 4534 3614 4536 ’

2324 4595 2363 4642 0
2377 4596 2465 4653 pie
2485 4594 2661 4653 judicio
2676 4629 2687 4639 .

2205 4705 2451 4765 continet
2483 4720 2673 4772 autemt
2701 4720 2843 4766 totus
2889 4698 3022 4767 liber
3060 4711 3168 4768 iste
3196 4712 3378 4780 viginti
3395 4720 3541 4776 Yoetto
3571 4710 3784 4780 figuras

2208 4803 2455 4854 metricas
2491 4815 2611 4854 cum
2667 4809 2920 4870 sequente
2959 4815 3051 4853 sua
3081 4815 3277 4869 prosa.
3322 4801 3520 4867 absque
3550 4797 3786 4866 superli-

2211 4889 2401 4941 minari
2431 4889 2622 4957 pagina
2663 4896 2715 4940 et
2741 4888 2955 4957 prologo
2983 4905 2993 4938 :
3029 4888 3119 4956 qui
3149 4901 3399 4940 numerus
3428 4887 3568 4939 intra
3595 4895 3788 4939 ceut¢>

2135 4975 2184 5031 D
2211 4980 2415 5032 narium
2446 4979 2578 5036 suis.
2603 4979 2852 5045 partibus
2899 4978 3163 5046 perfectus
3207 4987 3305 5040 est,
3357 4977 3598 5043 ideoque
3624 4975 3789 5043 juxta

2212 5065 2366 5132 hujus
2395 5082 2666 5119 summam
2711 5081 2844 5135 opus
2883 5079 3255 5119 consummare
3293 5063 3451 5125 volui,
3493 5063 3584 5129 qui
3634 5063 3787 5118 illam

2213 5155 2437 5208 formam
2479 5155 2528 5206 in
2560 5170 2623 5208 eo
2673 5156 2882 5208 cantavi
2914 5170 3031 5222 quze
3060 5153 3471 5216 consummaui:
3506 5161 3564 5205 et
3607 5153 3790 5221 perfe-

2213 5244 2318 5295 ctio
2345 5257 2521 5296 rerum
2551 5252 2658 5294 est.

1846 5553 2474 5582 FW
