3958 6324
198 302 301 365 i165

1184 307 1270 363 DE
1307 307 1647 378 munitius
1686 308 1743 365 s.
1784 302 2057 365 CRlJClS.
2093 341 2160 353 —
2199 313 2323 367 Lm.
2363 302 2433 371 ι..“
2492 302 2501 307 “

3316 323 3420 383 πο

1350 558 1642 636 LIBER
1714 560 2263 641 SECUNDUS.
2954 582 2985 600 ν
3499 555 3515 561 ’γ

1666 754 1938 773 Μ

789 873 940 928 ΡΗᾸΞ
950 873 1168 929 FATIO.

156 964 163 1001 ἶ
258 990 375 1048 Mos
420 990 563 1060 apud
612 967 817 1044 veteres
863 987 963 1042 fuit
1006 994 1067 1043 ut
1107 988 1317 1058 gemino
1359 985 1495 1057 stylo
1536 987 1753 1059 propria

192 1082 489 1137 maderent
525 1093 691 1149 cpera
713 1118 727 1143 ,
766 1093 871 1148 quo
903 1076 1220 1147 jucundiora
1265 1077 1418 1132 simul
1455 1084 1510 1131 et
1543 1077 1754 1132 utiliora

191 1184 291 1225 sua
327 1167 632 1239 legentibus
666 1166 840 1222 forent
878 1167 1110 1237 ingenia.
1141 1166 1290 1222 Unde
1326 1174 1381 1221 et
1415 1166 1553 1240 apud
1586 1166 1755 1222 sarcu-

192 1258 334 1315 lares
370 1266 425 1312 et
458 1257 599 1329 apud
624 1257 1019 1313 ecclesiasticos
1044 1257 1260 1331 plurimi
1299 1256 1637 1312 inveniuntur
1661 1257 1751 1326 qui

191 1357 366 1403 metro
407 1355 462 1402 et
503 1362 663 1417 prosa
708 1361 869 1401 unam
908 1346 1255 1414 eamdemque
1298 1361 1412 1402 rem
1452 1346 1751 1430 descripse-

191 1445 339 1491 runt.
385 1437 456 1491 Ut
493 1437 560 1491 de
593 1435 805 1491 caeteris
838 1441 1076 1498 taceam,
1104 1435 1230 1506 quid
1264 1434 1407 1490 aliud
1433 1436 1662 1505 Prosper
1687 1450 1751 1491 ae

188 1527 528 1584 venerandus
562 1528 648 1582 vir
689 1526 937 1584 Sedulius
973 1526 1162 1583 fecisse
1208 1529 1537 1587 cernuntur?
1564 1528 1751 1585 Nonne

184 1617 259 1673 ob
308 1616 363 1672 id
412 1617 625 1688 gemino
670 1616 792 1687 styli
834 1617 1141 1671 charactere
1181 1614 1375 1688 duplex
1418 1632 1550 1687 Opus
1594 1633 1747 1672 suum

146 1694 151 1700 ’
184 1707 387 1772 edunt,
426 1714 486 1761 ut
521 1706 753 1763 varietas
788 1707 901 1777 ipsa
936 1713 991 1763 et
1027 1704 1296 1760 fastidium
1334 1704 1635 1776 legentibus
1656 1721 1750 1760 au-

182 1796 361 1861 ferat,
402 1806 458 1852 et
491 1798 536 1851 si
575 1797 703 1866 quid
739 1796 878 1851 forte
901 1796 953 1850 in
983 1795 1087 1851 alio
1111 1796 1288 1851 minus
1312 1796 1431 1865 quis
1458 1797 1743 1867 intelligat,

182 1889 240 1943 in
264 1889 370 1943 alio
396 1902 518 1942 mox
549 1887 755 1957 plenius
784 1869 1101 1943 edissertum
1128 1887 1423 1957 agnoscat?
1448 1886 1561 1961 Hoc
1586 1888 1747 1959 igitur

178 1977 431 2047 exemplo
479 1986 642 2049 atque
678 1976 781 2033 hac
815 1977 882 2031 de
908 1984 1063 2031 causa
1091 1969 1189 2046 ego
1215 1976 1431 2046 quidem
1456 1976 1745 2035 vilissimus

147 2064 506 2140 'homuneio,
531 2080 665 2135 opus
687 2065 827 2136 quod
857 2065 910 2119 in
938 2065 1149 2121 laudem
1187 2074 1387 2122 sancta}
1424 2067 1599 2123 crucis
1633 2084 1744 2125 me-

154 2154 323 2210 trico
363 2156 502 2226 style
541 2157 783 2220 condidi,
828 2156 879 2211 in
920 2172 1133 2229 prosam
1175 2166 1387 2215 vertere
1426 2158 1639 2225 curavi,
1681 2169 1741 2213 ut

173 2245 306 2316 quia
342 2244 413 2301 ob
448 2244 813 2303 difﬁcultatem
853 2246 1056 2303 ordinis
1092 2256 1147 2301 et
1181 2247 1469 2318 figurarum
1506 2252 1738 2307 necessi-

173 2343 344 2390 tatem
389 2337 619 2391 obscura
657 2334 856 2393 locutio
894 2337 1174 2407 minusque
1206 2347 1393 2408 patens
1429 2354 1619 2395 sensus
1659 2341 1739 2394 vi-

171 2421 334 2476 detur
372 2431 544 2478 metro
584 2424 795 2491 inesse,
840 2426 1029 2485 saltem
1070 2427 1123 2481 in
1162 2443 1317 2497 prosa
1360 2428 1585 2510 lucidior
1621 2430 1733 2485 fiat.
1784 2465 1791 2470 ι

173 2510 293 2585 Non
344 2513 489 2567 enim
532 2515 842 2583 satagebam
886 2523 947 2569 ut
991 2516 1177 2571 iisdem
1218 2518 1397 2575 verbis
1441 2519 1635 2603 quibus
1682 2521 1735 2574 in

168 2584 350 2660 metro
386 2618 516 2658 usus
550 2619 698 2667 sum,
742 2604 837 2659 sed
873 2603 1058 2660 eodem
1081 2622 1237 2685 sensu
1268 2608 1322 2666 in
1346 2608 1449 2689 hoc
1472 2602 1633 2680 opere
1659 2610 1737 2666 lo-

168 2704 333 2751 cutus
363 2710 556 2751 essem.
596 2696 709 2752 Hoc
745 2698 883 2756 idem
921 2696 1198 2764 Horatius,
1224 2699 1306 2752 vir
1329 2708 1516 2755 acutus
1552 2707 1605 2757 et
1644 2701 1736 2755 do—

167 2795 326 2850 etus,
376 2786 435 2857 in.
472 2787 603 2843 Arte
645 2788 855 2861 poetica
903 2788 1113 2845 erudito
1160 2788 1437 2858 interpreti
1482 2789 1735 2863 prieccpit

168 2874 363 2929 dicens
387 2893 402 2929 :

296 2984 403 3033 Nec
442 2988 645 3036 verbum
667 2988 815 3040 verbo
835 2989 1026 3038 curabis
1049 2989 1257 3040 reddere
1277 2990 1395 3041 fidus

306 3042 570 3109 interpres.

166 3145 441 3215 lnterpres
467 3148 608 3203 enim
638 3164 737 3220 ego
763 3149 1151 3221 quodammodo
1176 3152 1228 3207 in
1258 3154 1358 3209 hoc
1383 3170 1555 3225 opere.
1578 3172 1694 3212 sum
1714 3198 1729 3223 ,

167 3249 279 3288 non
333 3234 555 3291 alterius
599 3235 796 3308 lingua:
822 3278 838 3302 ,
887 3241 982 3294 sed
1026 3239 1247 3296 alterius
1300 3242 1581 3326 locutionis
1611 3285 1627 3311 ,
1672 3253 1732 3300 ut

164 3321 412 3396 ejusdem
428 3328 441 3335 ”
462 3340 652 3382 sensus
700 3330 980 3386 veritatem
1027 3331 1325 3400 explanem.
1396 3322 1731 3406 Quapropter

167 3427 307 3483 rogo
348 3411 603 3470 lectorem
644 3422 706 3475 ut
747 3432 855 3475 non
901 3417 1177 3476 fastidiose
1216 3422 1729 3492 accipiatlnostrum

164 3499 460 3556 laborem:
508 3505 748 3573 sciatque
803 3504 889 3562 me
944 3523 1050 3563 non
1106 3509 1459 3579 superfluitati
1515 3516 1730 3569 studere
1759 3530 1803 3592 ρ

166 3593 346 3658 velle,
392 3595 487 3649 sed
531 3595 788 3663 utilitati;
834 3613 936 3654 nec
980 3599 1073 3654 ulli
1115 3601 1384 3675 invidere,
1427 3605 1519 3658 sed
1559 3606 1730 3674 magis

162 3678 417 3738 fraterna
458 3683 751 3750 charitate,
780 3686 1036 3760 quidquid
1071 3690 1241 3759 gratia
1268 3690 1443 3745 divina
1477 3706 1726 3762 possum,

165 3768 237 3826 ad
266 3770 557 3828 utilitatem
594 3774 823 3844 proximi
851 3776 1134 3832 scribendo
1158 3778 1295 3833 velle
1320 3779 1584 3836 conferre.
1628 3781 1730 3835 Bo-

161 3852 315 3914 nitas
343 3861 727 3932 omnipotentis
763 3862 857 3923 Dei
902 3865 1033 3919 mihi
1068 3868 1327 3923 concedat
1367 3876 1428 3922 ut
1472 3870 1729 3940 quidquid

162 3946 292 4001 boni
319 3957 499 4002 mente
526 3958 737 4006 teneam
754 3992 768 4015 ,
796 3967 959 4023 opere
982 3955 1253 4024 perﬁciam
1279 3974 1293 4009 :
1333 3965 1387 4012 et
1426 3959 1730 4035 quicunque

152 4048 414 4099 nostrum
456 4036 691 4100 laborem
734 4041 1267 4115 fraterueaccipiat,
1295 4047 1403 4101 Deo
1448 4047 1724 4118 largiente,

158 4128 355 4183 etcrnl
381 4129 558 4198 gaudii
587 4130 867 4185 nobiscum
893 4131 1165 4201 particeps
1188 4133 1401 4189 existat.

680 4217 908 4288 Explicit
967 4216 1237 4289 Prwfatio.

627 4345 895 4401 CAPUT
942 4347 1277 4404 PRIMUM.

160 4455 239 4509 De
265 4455 440 4525 pn'npa
468 4456 755 4540 ﬁgurauit:
783 4475 885 4527 qua
912 4457 1101 4540 Christi
1128 4461 1296 4540 imch
1322 4478 1505 4516 manus
1529 4466 1582 4517 in
1610 4480 1724 4521 mo-

652 4526 779 4579 dum
805 4530 1045 4597 expandit
1073 4526 1257 4583 crucis.

228 4635 376 4689 Ecce
418 4634 584 4689 Filius
623 4635 718 4690 Dei
761 4644 816 4691 et
864 4638 1585 4708 Dominus‘dominantium,
1628 4659 1724 4700 ex-

152 4727 356 4796 pansis
398 4726 649 4781 manibus
695 4729 834 4793 suis,
865 4730 1115 4799 speciem
1160 4735 1512 4789 restaurantis
1560 4735 1724 4791 hono-

1782 875 1835 933 Α
1860 886 1981 955 eum
2021 877 2187 948 gloria
2216 896 2501 955 resurgens
2521 927 2535 953 ,
2561 904 2708 944 arma
2738 889 3017 962 impiorum
3060 912 3157 968 per
3193 902 3415 966 verbum

1856 963 2131 1040 Evangelii
2170 974 2252 1028 sui
2280 981 2568 1036 secundum
2597 986 3003 1057 promissionem
3027 963 3411 1063 prophetarum

1842 1062 2108 1121 potenter
2135 1060 2417 1118 subvertit.
2449 1067 2518 1123 At
2542 1085 2640 1125 nos
2668 1074 2759 1141 qui
2785 1072 2838 1129 in
2863 1060 3331 1159 illumlcredimus,
3357 1085 3412 1139 in

1808 1148 1811 1151 ‘
1855 1140 1971 1211 ipso
2008 1143 2291 1205 laitemur:
2336 1154 2458 1212 dum
2502 1140 2804 1232 quicunque
2844 1144 3103 1222 internum
3128 1169 3412 1227 Dominum

1853 1231 2000 1288 illum
2041 1252 2161 1293 esse
2200 1257 2303 1296 non
2332 1246 2635 1319 confitetur,
2680 1231 2817 1311 male
2844 1270 2908 1310 ac
2930 1249 3226 1326 pernitiosa
3259 1261 3413 1318 dubi-

1850 1330 1965 1389 tet,
2007 1328 2131 1396 quia
2172 1332 2260 1387 hie
2301 1328 2489 1392 auctor
2527 1343 2763 1399 omnium
2808 1360 2987 1406 rerum
3026 1348 3080 1406 in
3124 1358 3239 1408 toto
3280 1354 3413 1409 orbe

1851 1412 2063 1481 colitur,
2080 1419 2168 1473 cui
2189 1421 2341 1477 decet
2363 1436 2552 1485 cuncta
2574 1429 2761 1501 subjici
2789 1452 2801 1486 :
2827 1437 2949 1506 quia
2971 1438 3187 1495 dextera
3216 1443 3410 1497 summi

1848 1503 2023 1561 Patris
2047 1509 2213 1578 proba
2238 1521 2292 1591 et
2316 1527 2501 1596 sancta
2528 1520 2760 1587 oblatam
2789 1503 3024 1593 praedam
3051 1533 3115 1585 de
3144 1529 3410 1601 profundo

1848 1598 2042 1655 inferni
2079 1606 2338 1675 sanguine
2374 1623 2471 1665 suo
2502 1613 2729 1681 eripuit,
2755 1626 2809 1669 et
2837 1618 3013 1674 taliter
3038 1621 3090 1675 in
3119 1598 3280 1678 cruce
3304 1639 3399 1693 po—

1848 1689 2015 1773 situs,
2061 1693 2280 1751 caeleste
2321 1714 2543 1770 regnum
2581 1705 2693 1760 suis
2730 1711 2997 1765 concessit
3020 1709 3281 1771 ﬁdelibus.
3304 1689 3409 1773 ilic

1846 1770 1915 1832 de
1958 1794 2017 1834 se
2066 1783 2389 1855 principium
2436 1792 2675 1848 omnium
2724 1808 2901 1852 rerum
2931 1839 2947 1864 ,
2996 1801 3083 1871 hic
3126 1797 3404 1864 nobiscum
3454 1791 3461 1795 ”

1805 1902 1808 1904 η
1845 1863 2019 1932 Deus,
2048 1869 2137 1925 hic
2173 1868 2323 1945 origo
2351 1885 2406 1931 et
2433 1878 2552 1934 linis
2590 1863 2959 1956 universorum
2986 1863 3098 1956 est,
3127 1892 3217 1949 lux
3245 1911 3371 1951 vera

1846 1953 2019 2025 imago
2062 1958 2155 2013 Dei
2192 1955 2720 2037 Patrisinvisibilis,
2758 1989 2820 2028 os
2861 1953 3106 2046 Domini,
3147 1984 3398 2054 splendor

1841 2044 1978 2101 lueis
2004 2058 2216 2107 :eternze
2243 2072 2256 2107 :
2287 2056 2377 2125 qui
2417 2062 2885 2125 consubstantialis
2920 2044 3104 2140 Patri
3130 2044 3210 2133 sol
3240 2076 3404 2145 justi-

1843 2131 1964 2198 tiae,
2013 2134 2247 2237 Verbum
2292 2140 2419 2210 Dei,
2467 2156 2517 2202 et
2565 2164 2631 2208 ex
2680 2151 2882 2237 lumine
2930 2131 3107 2221 lumen
3154 2131 3405 2224 estjﬂic

1841 2224 2127 2293 coaequalis
2160 2229 2334 2287 virtus
2370 2242 2425 2293 et
2462 2242 2655 2294 manus
2690 2224 2901 2317 Domini
2939 2256 3050 2313 est,
3093 2252 3195 2307 dux
3230 2254 3405 2324 justo-

1843 2324 1960 2388 rum
1999 2318 2055 2364 et
2092 2316 2352 2385 propheta
2394 2336 2586 2391 verus,
2623 2343 2782 2401 quem
2810 2330 3003 2402 Filium
3040 2337 3135 2393 Dei
3161 2316 3404 2414 unigeni-

1839 2402 1952 2450 tum
1989 2406 2043 2453 et
2078 2401 2488 2475 primogenitum
2508 2411 2655 2480 juste
2679 2401 3012 2477 confitemur.
3043 2425 3138 2494 Hic
3162 2401 3402 2503 estlapis

1838 2487 2112 2578 angularis
2139 2494 2481 2556 credentibus
2501 2541 2517 2567 ,
2541 2502 2781 2576 lapisque
2807 2489 3136 2589 offensionis
3155 2527 3211 2575 et

1838 2574 2071 2637 scandali
2114 2582 2453 2645 inﬁdelibus:
2492 2574 2745 2667 idemque
2782 2574 2977 2659 ostium
3018 2607 3139 2664 vitae
3176 2574 3403 2670 (ξεί-έᾖᾷ

1837 2665 2055 2723 indutus
2092 2681 2240 2728 veste
2274 2675 2520 2736 Christus
2560 2665 2759 2743 veritas
2798 2692 2925 2761 quid
2965 2698 3189 2767 mystice
3230 2665 3398 2771 signi-

1838 2757 1961 2815 fieet
1983 2778 2265 2834 exponam.
2300 2769 2473 2828 Vestis
2501 2792 2714 2854 quoque
2741 2757 2939 2841 Christi
2965 2757 3051 2843 le'x
3077 2790 3257 2847 divina
3279 2757 3411 2860 est;

1835 2864 1956 2918 quae
1984 2852 2073 2907 vili
2103 2858 2338 2926 tegmine
2372 2852 2671 2922 litterarum
2714 2873 2989 2943 aueto’rem~
3013 2892 3193 2933 rerum
3218 2883 3399 2938 omnia

1830 2942 2195 3002 continentem
2246 2953 2638 3020 quodammodo
2687 2963 3047 3032 amplectitur.
3099 2966 3185 3031 Ad
3234 2986 3395 3044 quem

1829 3038 1979 3087 totus
2005 3037 2234 3093 mundus
2254 3080 2268 3106 ,
2296 3042 2489 3098 coelum
2516 3057 2569 3100 et
2593 3055 2736 3103 terra
2757 3090 2771 3112 ,
2799 3060 2853 3105 et
2879 3068 3057 3120 mare,
3079 3064 3139 3114 et
3176 3037 3392 3115 univer-

1832 3126 1965 3182 sitas
2009 3140 2272 3189 creatura;
2310 3138 2588 3204 pertinet:
2633 3143 2722 3211 qui
2762 3145 2963 3216 pugillo
3000 3149 3198 3207 cmlum
3240 3153 3397 3208 meti-

1833 3224 1941 3284 tur,
1968 3227 2023 3274 et
2048 3228 2245 3304 terram
2275 3225 2456 3293 palmo
2486 3230 2774 3290 concludit.
2807 3221 2935 3288 item
2964 3245 3147 3293 nostra
3170 3247 3390 3304 natura,

1818 3299 1992 3375 quam
2030 3325 2129 3378 pro
2153 3302 2335 3367 nostra
2364 3316 2729 3391 redemptione
2756 3325 3015 3394 suscepit,
3045 3327 3199 3396 quasi
3227 3329 3392 3387 vesti-

1826 3400 2068 3453 mentum
2094 3400 2390 3458 divinitatis
2428 3401 2543 3480 ejus
2583 3416 2684 3466 est.
2730 3409 2862 3467 Nam
2904 3413 3018 3471 hinc
3054 3415 3389 3485 splendorem

1834 3487 2133 3557 maiestatis
2167 3491 2313 3560 ejus,
2340 3497 2488 3555 etab
2525 3498 2772 3561 humanis
2808 3506 3178 3577 conspectibus
3212 3509 3389 3569 celat:

1832 3584 1888 3630 et
1911 3578 2089 3634 radios
2113 3581 2377 3643 claritatis
2401 3584 2517 3654 ejus
2542 3603 2725 3649 coram
2753 3593 2923 3651 oculis
2948 3595 3231 3666 impiorum
3269 3601 3393 3656 abs-

1829 3667 2065 3724 condens
2087 3669 2284 3732 claudit
2302 3669 2327 3732 ς’
2344 3674 2458 3745 ipse
2483 3685 2659 3734 tamen
2690 3683 2962 3741 miraculis
2985 3692 3390 3750 coruscantibus

1829 3771 1894 3811 ac
1921 3766 2136 3815 tonante
2161 3760 2451 3835 Evangelio
2473 3783 2633 3825 verus
2658 3772 2798 3829 Deus
2836 3775 3086 3836 innotuit.
3118 3780 3223 3836 Iste
3251 3798 3386 3853 quo-

1828 3858 1931 3918 que
1957 3844 2140 3919 ma’gnl'
2159 3852 2366 3909 consilii
2391 3855 2610 3925 angelus
2627 3900 2641 3924 ,
2666 3874 2729 3917 ac
2756 3878 2962 3925 summa
2988 3844 3385 3927 devotionebci

1826 3934 2022 4008 populo
2067 3938 2266 4013 missus
2301 3953 2421 4003 est:
2471 3947 2668 4006 docens
2708 3952 2954 4011 videlicet
2996 3961 3286 4027 sapientia,
3330 3972 3385 4019 et

1827 4031 2009 4078 custos
2034 4027 2319 4096 pacificus,
2348 4030 2467 4089 fons
2503 4038 2627 4097 vita:
2664 4048 2910 4109 aiternre,
2954 4046 3233 4105 brachium
3274 4053 3383 4107 Do.

1830 4110 1992 4176 mlui,
2034 4123 2088 4171 et
2129 4118 2283 4186 panis
2324 4121 2476 4177 vivus
2514 4126 2604 4193 qui
2633 4128 2698 4181 de
2720 4130 2856 4185 caelo
2892 4134 3203 4192 descendit:
3234 4150 3384 4209 petra

1832 4196 2011 4268 utique
2050 4200 2328 4269 Christus,
2367 4210 2547 4264 oriens
2586 4212 2793 4282 lucifer,
2832 4228 2886 4274 et
2920 4237 3077 4279 verus
3111 4229 3379 4294 medicus,

1832 4286 1992 4342 clavis
2014 4289 2216 4358 David,
2246 4296 2330 4349 via
2358 4299 2511 4365 vite,
2537 4311 2590 4356 et
2623 4304 2805 4374 Agnus
2830 4308 2920 4364 Dei
2958 4313 3047 4380 qui
3087 4314 3225 4370 tollit
3256 4286 3384 4387 pec;

1834 4385 1921 4430 cat
1961 4381 2176 4446 mundi,
2206 4400 2428 4454 serpens
2462 4391 2552 4459 qui
2590 4395 2853 4451 exaltatus
2889 4403 3175 4459 morituros
3210 4406 3384 4461 viviti—

1827 4473 1945 4530 cat,
1973 4473 2313 4527 eLmediator
2346 4476 2436 4541 Dei
2486 4488 2542 4533 et
2568 4480 2836 4541 hominum
2860 4491 3093 4549 ,.vermis
3112 4502 3166 4546 et
3186 4495 3375 4560 homo,

1828 4557 2091 4624 captivam
2138 4561 2337 4619 ducens
2380 4569 2787 4640 captivitatem:
2835 4591 2989 4636 mons
3034 4581 3159 4646 Dei,
3200 4589 3377 4655 aquila

1828 4644 1933 4699 alta
1970 4658 2186 4719 petens,
2226 4654 2515 4715 advocatus
2550 4676 2648 4730 pro
2683 4665 2854 4720 nobis.
2896 4668 3003 4724 Leo
3030 4672 3094 4726 de
3122 4644 3265 4728 tribu
3285 4674 3375 4729 Ju-

1826 4734 1912 4798 da,
1940 4747 2123 4810 pastor
2147 4741 2346 4807 bonus,
2375 4754 2429 4797 et
2454 4747 2638 4805 bardus
2663 4762 2881 4821 peccata
2911 4767 3369 4830 nostraportans:

148 4814 392 4870 nudam
423 4815 510 4870 hic
534 4817 785 4872 ostendit.
825 4818 898 4872 Et
915 4827 1061 4873 recte
1086 4821 1226 4875 hunc
1250 4838 1411 4877 unum
1449 4834 1718 4895 pastorem
1827 4823 2228 4919 fundamentum
2260 4832 2411 4899 ﬁdei,
2440 4839 2558 4915 ovis
2592 4814 2872 4908 innocens,
2912 4814 3162 4904 sacerdos
3186 4866 3379 4908 secun—

150 4920 292 4977 grex
343 4921 497 4960 sacer
536 4906 794 4964 Ecclesia:
826 4908 1031 4976 justum
1074 4911 1239 4984 colit;
1268 4922 1322 4968 et
1360 4916 1413 4970 in
1454 4932 1520 4972 eo
1560 4920 1719 4975 modo

149 5009 264 5063 quo
310 4994 368 5047 in
412 5008 570 5050 cruce
616 5012 710 5050 sua
756 4999 995 5053 membra
1037 5000 1249 5073 fatigari
1294 5006 1577 5078 permisit,
1616 5009 1718 5062 rite

148 5096 356 5151 omnes
402 5082 581 5151 populi
632 5085 864 5153 probant
910 5087 1339 5158 redemptorem,
1396 5095 1520 5171 quia
1573 5098 1715 5154 hunc

149 5172 330 5225 totius
342 5169 485 5237 juris
508 5182 782 5242 parentem
807 5191 927 5231 esse
951 5191 1103 5232 saera
1127 5179 1401 5250 Scriptura
1439 5169 1712 5255 pradicat.

148 5258 271 5313 Bac
314 5273 541 5327 quoque
564 5275 669 5330 ego
710 5264 959 5334 indignus
997 5282 1323 5336 agnoscens,
1364 5288 1461 5340 pro
1500 5276 1714 5330 modulo

148 5365 281 5403 meo
298 5351 549 5404 omnium
576 5355 946 5409 sumrm’tatum
966 5358 1180 5414 culmen
1224 5362 1388 5417 adoro
1410 5366 1710 5421 Dominum

146 5438 377 5502 Iesum,
416 5447 471 5493 et
509 5442 672 5495 credo
709 5445 849 5512 quod
880 5446 1000 5513 ipse
1038 5456 1124 5502 est
1164 5449 1276 5504 Rex
1300 5467 1502 5521 regum.
1530 5454 1719 5510 Judzea‘

144 5540 330 5590 vero,
376 5543 535 5595 quae,
584 5530 894 5586 stimulante
938 5535 1174 5601 invidia,
1228 5540 1492 5596 inventrix
1539 5545 1707 5598 malo-

146 5631 277 5672 παι
312 5625 435 5683 est,
479 5620 659 5689 inique
695 5636 848 5675 suum
884 5624 1086 5679 occidit
1140 5642 1339 5698 regem.
1376 5630 1492 5699 ipse
1530 5641 1705 5687 tamen

632 5701 905 5797 Parant.
951 5735 1133 5800 CV“.

1823 4915 1949 4972 dum
1985 4920 2225 4983 ordinem
2262 4922 2679 4995 Melchisedech,
2719 4932 2948 4990 offerens
2983 4954 3173 5007 panem
3206 4951 3260 4995 et
3297 4945 3373 4995 ri-

1824 5021 1948 5059 uum
1979 5026 1992 5058 :
2020 5009 2214 5064 vitulus
2239 5028 2467 5085 namque
2495 5028 2549 5072 et
2573 5022 2713 5075 aries
2748 5040 2846 5093 pro
2881 5028 3034 5083 nobis
3068 5031 3372 5091 immolatus

1823 5102 1905 5148 est
1930 5095 2165 5173 victima.
2186 5100 2292 5167 Qui
2313 5103 2484 5161 Filius
2509 5118 2592 5163 est
2614 5109 2791 5167 Patris
2815 5118 2997 5171 sterni
3014 5158 3029 5181 ,
3055 5118 3196 5173 idem
3216 5123 3373 5177 dam-

1824 5193 1982 5239 natus
2026 5197 2110 5242 est
2148 5191 2214 5244 ad
2257 5206 2470 5262 penam
2516 5196 2661 5268 ligni.
2714 5200 2810 5259 Hic
2848 5206 3031 5274 utique
3070 5218 3194 5264 ante
3232 5211 3368 5267 luci-

1819 5277 1993 5333 ferum
2012 5321 2026 5346 ,
2054 5290 2108 5336 et
2131 5292 2256 5341 ante
2279 5301 2491 5342 omnem
2529 5299 2866 5357 creaturam.
2906 5310 2971 5351 ex
2998 5297 3174 5355 Patris
3214 5311 3377 5356 utero

1814 5357 1899 5421 est
1930 5370 2138 5448 genitus
2169 5389 2182 5424 :
2222 5382 2281 5427 et
2318 5377 2680 5449 temporaliter
2711 5381 2769 5435 in
2794 5394 3073 5441 momento
3107 5393 3369 5456 processit

1812 5468 1877 5513 ex
1922 5458 2106 5512 matris
2120 5459 2253 5514 alvo
2267 5501 2282 5523 ,
2311 5471 2470 5531 atque
2492 5474 2551 5519 ut
2572 5467 2805 5525 Μιναῖοι
2824 5486 2992 5541 genus
3022 5475 3321 5532 humanum
3342 5520 3363 5545 ,

1814 5550 1880 5600 ad
1916 5562 2128 5604 crucem
2159 5554 2302 5606 venit
2329 5564 2561 5612 internus
2588 5561 2838 5615 coner
2851 5561 3106 5621 Christus
3124 5606 3138 5630 ,
3166 5568 3365 5638 quiest

1806 5652 1973 5705 super
1998 5630 2174 5695 Omnia
2198 5643 2342 5699 Deus
2364 5646 2674 5705 bmedietus
2700 5652 2992 5721 inwszecula.

2894 5768 2933 5832 θ
