3958 6334
526 334 625 391 ἓῦἶ
1189 334 1244 379 Β.
1290 334 1466 410 ΠΑΙιᾷ

1156 433 1378 490 CAPUT
1405 433 1464 487 ll.

527 529 603 582 De
631 530 855 582 secunda
886 524 1054 594 ﬁgura
1075 565 1090 586 ,
1117 525 1173 576 in
1199 539 1301 594 qua
1320 532 1503 594 sancta
1532 535 1660 573 crux
1688 519 1825 571 intra
1857 526 2085 583 tetragc-

1064 610 1182 646 num
1213 592 1413 660 depicta
1440 600 1533 648 est.

596 715 642 768 Ο
667 721 851 768 sancta
878 726 1010 765 crux
1037 699 1235 764 Christi
1259 745 1273 770 ,
1299 719 1417 773 qua:
1449 710 1722 772 potestate
1761 702 1856 756 tibi
1894 701 2089 756 collata

532 793 759 858 excellis
785 816 947 872 super
979 798 1155 852 omnia
1183 797 1194 847 !
1226 803 1282 847 tu
1307 794 1360 849 in
1387 792 1645 863 ccelorum
1672 806 1795 847 arce
1820 806 2051 861 superna
2071 832 2086 857 ,

531 893 786 948 cmlorum
816 897 1002 959 potens
1027 885 1169 955 regis
1210 883 1427 954 agmina
1454 881 1624 957 {quia
1661 881 1902 937 cruciﬁxi
1941 881 1993 935 in
2035 881 2091 936 te

535 981 674 1050 regis
707 971 876 1038 virtus
913 983 966 1028 et
999 972 1252 1034 divinitas
1274 979 1444 1026 totam
1472 980 1525 1026 te
1549 967 1820 1041 potentem
1845 980 1900 1025 et
1925 979 2088 1029 totam

535 1075 770 1120 sanctam
798 1064 926 1118 fecit
945 1103 959 1124 .
987 1061 1220 1118 maxime
1245 1077 1364 1114 cum
1396 1061 1663 1132 passionis
1692 1061 1806 1129 ejus
1837 1061 2087 1123 indicium

535 1170 744 1227 semper
773 1153 824 1206 in
856 1161 906 1207 te
933 1152 1150 1207 cxistat.
1191 1151 1527 1220 Quapropter
1556 1150 1746 1203 merito
1776 1157 1828 1203 te
1855 1150 2088 1215 reginam

535 1258 564 1296 a
592 1240 807 1294 Christo
835 1254 959 1309 rege
987 1253 1273 1302 vocamus,
1301 1236 1603 1314 quia'regni
1629 1235 1866 1291 caelestis
1881 1236 2088 1288 aditum

532 1347 629 1400 per
655 1340 706 1385 te
729 1331 960 1400 primum
986 1329 1277 1396 meruimus
1304 1344 1316 1378 :
1345 1326 1576 1394 dumque
1603 1322 2092 1392 humanitatisejus

511 1435 597 1494 .ac
623 1419 918 1474 divinitatis
943 1419 1166 1487 gratiam
1193 1416 1364 1484 ipsum
1393 1422 1612 1484 portans
1636 1414 1977 1486 promeruisti
1995 1454 2008 1476 ,
2036 1402 2090 1466 ἧι

534 1508 693 1562 unius
733 1508 828 1561 Dei
872 1503 1252 1572 omnipotentis
1296 1501 1505 1556 laudem
1551 1515 1720 1571 sacra,
1752 1501 2090 1556 confessione

535 1599 880 1652 Christicolas
916 1595 1150 1650 sociasti.
1176 1592 1309 1647 Nam
1335 1590 1659 1668 multiplices
1683 1590 1868 1649 laudes
1899 1590 2008 1647 Deo
2036 1592 2089 1643 in

537 1688 741 1746 sanctis
767 1685 1072 1756 angelorum
1099 1683 1330 1739 cmtibus
1354 1672 1588 1747 excitas,
1616 1690 1671 1736 et
1695 1681 1855 1738 simili
1882 1681 2089 1746 ratione

1121 295 1125 300 ί
1189 287 1250 379 δέ
1288 323 1539 380 RABANI
1573 321 1788 378 unum
1825 315 2140 374 ARCiilEP.
2185 316 2487 373 uoco-NT.
2527 315 2805 376 eranum
2844 321 3018 376 rans
3057 323 3096 375 ι.

3627 325 3728 378 9.68

2114 426 2326 486 Acitus
2379 429 2683 497 angelorum
2715 470 2728 493 ,
2780 433 2870 499 qui
2936 432 2988 484 in
3045 433 3288 486 claritate
3339 431 3474 486 lucis
3522 443 3736 488 mterna:

2185 529 2428 582 manent,
2456 529 2510 573 et
2547 522 2685 589 apud
2724 522 2996 585 homines,
3025 524 3216 590 quibus
3244 524 3386 578 salus
3423 532 3477 578 et
3511 525 3736 593 pulchra

2187 609 2460 664 renovatio
2501 618 2621 679 post
2660 611 2915 664 diutinam
2962 611 3324 666 infirmitatem
3369 623 3423 667 et
3463 614 3738 684 antiquam

2185 707 2527 767 peccatorum
2578 707 2897 753 vetustatem
2942 701 3212 754 exstitisti.
3267 701 3341 754 Te
3395 711 3544 758 totus
3589 705 3739 758 orbis

2185 787 2485 851 beatificat,
2533 797 2584 843 te
2627 789 2883 844 caelorum
2926 789 3496 858 agminacollaudant.
3542 793 3647 848 Per
3688 802 3741 852 te

2190 879 2243 931 in
2274 879 2488 932 nomine
2516 876 2640 932 Iesu
2671 878 2802 948 (qui
2829 887 3018 935 cuncta
3049 879 3231 933 mundi
3261 889 3467 952 sceptra
3500 883 3658 936 simul
3684 894 3740 938 et

2187 983 2377 1039 regum
2415 977 2606 1023 curvat
2639 968 2907 1038 imperia)
2941 985 3100 1025 omne
3139 985 3274 1038 genu
3312 971 3424 1025 sive
3465 973 3742 1028 voluntate

2188 1057 2300 1111 sive
2344 1057 2394 1109 vi
2441 1057 2691 1121 flectitur,
2739 1059 3035 1115 Caelestium
3085 1060 3356 1125 videlicet,
3405 1064 3740 1128 terrestrium

2188 1155 2242 1201 et
2267 1146 2620 1201 infernorum.
2653 1146 2721 1201 At
2747 1148 3002 1212 Michael,
3049 1149 3154 1202 dux
3197 1161 3251 1202 et
3286 1151 3534 1222 princeps
3569 1152 3744 1221 plebis

2188 1237 2314 1301 Dei,
2342 1245 2395 1291 te
2419 1237 2754 1293 confessione
2779 1245 3040 1291 memorat
3061 1245 3254 1295 cuncta
3281 1237 3537 1293 caelorum
3565 1241 3740 1296 sidera

2189 1336 2244 1382 et
2274 1328 2482 1382 'virtute
2517 1343 2702 1398 regere
2743 1337 2798 1382 et
2829 1335 3094 1400 potestate
3133 1337 3342 1398 tegere,
3375 1343 3440 1384 eo
3470 1334 3612 1398 quod
3651 1349 3742 1385 ara

2189 1415 2283 1471 Dei
2328 1415 2436 1489 sis,
2477 1415 2531 1468 in
2573 1431 2677 1484 qua
2718 1415 3018 1483 immolatus
3056 1425 3136 1472 est
3174 1417 3355 1486 Agnus
3393 1419 3483 1488 qui
3527 1419 3744 1477 abstulit

2188 1504 2659 1572 peccatamundi:
2701 1520 2807 1574 quo
2852 1505 3036 1574 clypeo
3073 1506 3456 1564 benevolentiae
3498 1503 3613 1579 ipse
3653 1525 3740 1569 sev

2187 1590 2311 1646 dulo
2345 1591 2607 1657 exsultat,
2632 1608 2735 1661 qua
2774 1590 3122 1647 confessionis
3150 1593 3350 1647 framea
3381 1594 3737 1663 fidenskbel.

2187 1667 2296 1753 tum
2333 1678 2432 1732 init
2469 1688 2652 1737 contra
2690 1681 2974 1738 draconem
3013 1681 3318 1746 horridum,
3357 1682 3740 1753 antiquumque

538 1777 603 1830 ad
630 1747 1027 1846 glorificandum
1069 1772 1235 1831 Deum
1264 1772 1483 1827 devotos
1512 1767 1698 1852 reddis
1719 1767 1982 1838 terrarum
2011 1771 2089 1824 in-
2116 1751 2164 1812 Β
2192 1747 2490 1836 serpentem
2517 1784 2533 1833 ;
2569 1778 2624 1824 et
2647 1769 2712 1823 de
2748 1769 2903 1826 hoste
2929 1769 3262 1842 triumphans
3279 1811 3294 1836 ,
3319 1779 3446 1828 ovat
3467 1747 3590 1826 eum
3615 1747 3740 1827 sau-

536 1856 698 1923 colas.
732 1864 806 1918 Te
829 1862 1150 1936 generaliter
1174 1869 1319 1920 totus
1341 1859 1519 1927 orbis,
1547 1877 1660 1930 aer,
1686 1874 1836 1920 mare
1859 1869 1913 1915 et
1940 1862 2089 1930 ignea

537 1940 985 2008 emotum-sidera
1001 1949 1354 2030 sanctificant,
1370 1964 1434 2012 ac
1445 1949 1748 2030 specialiter
1765 1944 2090 2024 unaquaeque

541 2045 752 2117 species
775 2029 1038 2099 creatura:
1062 2057 1129 2096 ex
1154 2028 1384 2112 quatuor
1413 2041 1598 2101 mundi
1619 2028 1862 2115 partibus
1900 2055 2089 2110 magna

469 2163 472 2167 λ
539 2121 840 2193 devotione
869 2132 1120 2190 celebrat.
1170 2132 1284 2187 Hoc
1326 2141 1553 2210 quoque.
1579 2131 1816 2199 omnium
1861 2131 2089 2188 adunata

512 2223 803 2278 confessio
847 2222 1150 2292 profitetur,
1196 2219 1339 2299 quod
1380 2221 1448 2298 ab
1481 2225 1693 2287 aeterno
1735 2219 1932 2294 lumine
1976 2219 2109 2302 illus

539 2318 736 2372 strata,
780 2310 955 2364 nobis
978 2308 1210 2364 cmlestis
1250 2309 1393 2386 regni
1435 2307 1626 2384 gaudia
1649 2306 2012 2369 demonstres,
2040 2315 2093 2364 et

538 2401 904 2477 demonstrata
926 2399 1012 2469 pie
1037 2392 1400 2473 quaerentibus
1425 2397 1597 2468 dones
1614 2405 1632 2454 ':
1661 2397 2092 2477 cummi-unique

538 2475 674 2547 facis
712 2489 1106 2559 dispensatione
1145 2487 1356 2554 divina,
1383 2495 1457 2542 'ut
1495 2492 1548 2543 et
1585 2485 1757 2561 corde.
1788 2475 2001 2543 credulo
2039 2498 2092 2541 et

537 2584 666 2632 vera
694 2574 1031 2630 confessione
1055 2576 1220 2633 Deum
1247 2575 1518 2637 Christum
1547 2574 1899 2631 confiteamur
1921 2584 1975 2629 et
1997 2591 2094 2644 per

539 2665 678 2718 hanc
713 2664 872 2719 ﬁdem
905 2664 971 2718 ad
1010 2666 1181 2733 ipsum
1214 2649 1497 2734 pervenire
1532 2680 1852 2727 mereamur.
1894 2663 1937 2720 Ο
1962 2681 2090 2719 crux

537 2753 768 2820 Christi,
794 2767 1034 2827 qum-per
1058 2752 1415 2808 desideratam
1441 2750 1558 2823 ejus
1590 2755 1881 2820 .victoriatn
1905 2759 1964 2817 es
2001 2755 2092 2810 be-

539 2843 750 2897 nedicta
768 2877 786 2906 ,
814 2855 982 2917 quam
1001 2836 1203 2897 eiaram
1233 2850 1288 2899 et
1319 2856 1481 2917 quam
1507 2836 1753 2917 magnam
1783 2859 1879 2905 suo
1913 2857 2094 2910 amore

533 2941 594 2986 te
636 2912 889 2985 omniurn-
919 2932 1166 2987 conditor
1207 2912 1470 3002 reddidit!
1520 2912 1905 2993 Viviticationis
1948 2935 2090 3006 enim

518 3033 763 3081 munere
805 3029 867 3074 te
895 3021 1123 3086 titavit,
1151 3028 1206 3076 et
1232 3022 1298 3076 ad
1326 3021 1428 3076 hoc
1451 3020 1740 3076 salubriter
1780 3022 1979 3099 erexit,
2021 3036 2089 3086 ne

521 3112 793 3179 antiquus
818 3112 990 3177 hostis
1007 3152 1021 3177 ,
1046 3113 1138 3183 qui
1163 3113 1394 3190 primum
1415 3116 1693 3190 parentem
1717 3120 1960 3185 nostrum
1987 3103 2087 3186 sibi

542 3203 964 3259 consentientem
990 3203 1056 3257 de
1081 3188 1330 3278 paradiso
1364 3200 1562 3284 eiecit,
1587 3188 1794 3280 diutius
1826 3193 2091 3284 irrisionis

526 3292 747 3362 .eulogio
771 3292 1090 3366 progeniem
1115 3287 1229 3361 eius
1253 3291 1307 3345 in
1334 3278 1522 3351 exsilio
1557 3278 1872 3362 daumatam.
1904 3278 2093 3366 fatiga-

527 3391 649 3437 ret.
679 3381 724 3436 Ο
749 3383 992 3457 piacrux
1021 3382 1264 3447 Domini,
1289 3382 1411 3451 quis
1456 3391 1507 3440 te
1543 3384 1840 3461 decanth
1885 3391 2090 3446 metro,
2120 3405 2126 3416 ι

537 3463 702 3540 digne
727 3485 978 3530 resonare
1007 3471 1174 3536 valet,
1203 3479 1256 3526 et
1286 3480 1453 3526 totam
1477 3471 1772 3542 potentiam
1803 3467 1949 3546 tuam
1976 3485 2095 3525 ver~

2111 3017 2116 3024 υ

527 3557 632 3614 bis
649 3551 937 3614 enarraret
963 3559 1196 3619 Pulchra
1233 3561 1372 3614 nites
1408 3550 1633 3635 ornatu,
1664 3557 2094 3628 ’teque‘cernen-
2140 3581 2146 3594 ι

544 3647 932 3717 αδεείειονίοω
953 3638 1388 3721 appiane/[ams
1409 3648 1682 3703 mortifera
1703 3648 1858 3723 longe
1883 3664 1913 3702 a
1936 3650 1986 3705 te
2009 3648 2092 3701 fu-

531 3737 912 3808 git,:calamus
935 3725 1259 3792 aromaticus
1282 3747 1337 3791 et
1359 3723 1516 3806 pinus
1538 3743 1751 3809 semper
1782 3731 1962 3794 virens
1983 3740 2095 3803 .ho-

544 3827 661 3879 nori
697 3825 794 3880 tuo
820 3841 883 3880 se
905 3826 1212 3895 subjiciunt.
1239 3823 1442 3882 Codrus
1470 3827 1694 3897 quoque
1732 3831 2014 3895 diuturna,
2041 3839 2095 3885 et

534 3914 815 3988 vermibus
841 3915 1249 3984 imperforabills
1266 3939 1287 3981 ,-
1306 3917 1525 3992 myrrha
1563 3917 1801 3992 guttitlua
1828 3929 1884 3973 et
1910 3919 2094 3985 meliro

491 4031 495 4033 λ
541 4003 728 4059 odoris
751 4005 1119 4073 jucundiSsimi
1144 4005 1212 4060 ad
1236 3989 1451 4060 odorem
1492 4000 1639 4060 tuum
1675 3989 1934 4080 stupent:
1968 4023 2091 4062 nar-

541 4091 641 4146 dus
669 4093 905 4160 spieoma
931 4102 985 4146 et
1009 4106 1295 4163 cypressus
1319 4094 1504 4150 odoris
1525 4095 1648 4149 boni
1665 4136 1682 4158 ,
1722 4097 1915 4152 mastix
1958 4112 2092 4166 quo-

541 4196 678 4250 que,
719 4170 869 4249 gutta
904 4181 1111 4236 lentisci
1149 4189 1204 4236 et
1247 4183 1368 4238 thus
1393 4183 1621 4238 Arabica
1645 4225 1658 4249 ,
1684 4193 1832 4256 gutta
1857 4186 2015 4242 India:
2040 4198 2094 4241 et

543 4284 810 4355 amomum
835 4267 1441 4338 Syriacum,balsamum
1466 4269 1682 4336 Judteaa,
1704 4273 1930 4347 bdelium
1953 4273 2092 4343 Phy-

2113 3071 2162 3134 C

2149 1868 2395 1936 “ctorum
2441 1861 2710 1932 agminum
2753 1861 3026 1941 millibus,
3073 1863 3175 1918 hoc
3224 1862 3326 1920 sibi
3371 1865 3575 1938 prazmii
3624 1865 3741 1921 loco

2188 1956 2380 2019 petens
2418 1960 2477 2004 ut
2518 1959 2662 2028 tuam
2703 1951 2910 2006 laudem
2950 1960 3208 2024 perpetuo
3235 1959 3361 2025 ante
3389 1953 3623 2009 tribunal
3653 1956 3742 2011 de.

2189 2048 2371 2103 cantet
2413 2039 2645 2108 Domini.
2691 2040 2859 2111 igitur
2899 2048 3051 2097 actus
3090 2041 3200 2113 iste
3228 2039 3563 2101 formationis
3602 2043 3743 2100 title.

2165 2143 2368 2206 Irarum
2393 2171 2405 2193 ,
2450 2135 2505 2183 et
2543 2126 2632 2184 hic
2677 2130 2864 2184 modus
2903 2119 3413 2201 positionis'novetn
3454 2131 3760 2198 ordinum,

2190 2233 2289 2272 nec
2332 2235 2437 2273 non
2481 2229 2534 2274 et
2579 2233 2696 2274 sors
2739 2219 2998 2294 ipsaque
3032 2209 3280 2294 primitus
3308 2217 3374 2272 ad
3415 2217 3742 2274 laudandum

2191 2298 2600 2377 Redemptorem
2641 2325 2792 2362 sacra
2835 2308 3140 2381 angelorum
3167 2307 3376 2379 agmina
3402 2307 3742 2375 ordinantur,

2192 2401 2371 2453 taliter
2413 2413 2722 2467 suspensam
2757 2399 2876 2467 jure
2908 2397 3092 2453 statuit
3127 2395 3276 2468 hanc,
3301 2411 3548 2462 crucem,
3590 2411 3744 2456 aram

2199 2488 2405 2543 scilicet
2453 2488 2717 2557 pontificis
2765 2495 2821 2545 et
2867 2485 3218 2558 redemptoris
3260 2485 3469 2553 nostri;
3501 2495 3582 2562 ,ιιι
3627 2486 3748 2556 ipsa

2152 2573 2158 2578 ’
2191 2593 2319 2631 vera
2357 2577 2464 2630 vita
2497 2577 2546 2630 in
2579 2591 2635 2630 se
2664 2583 3002 2639 contestans,
3033 2573 3280 2630 ostendat
3307 2573 3610 2648 laudantem
3637 2576 3746 2634 vir-

2196 2676 2371 2739 tutum
2418 2657 2777 2728 venerabilem
2827 2673 3111 2739 senatum,
3162 2665 3301 2722 sicut
3345 2666 3532 2738 decet,
3580 2666 3745 2738 ut'in

2193 2737 2381 2818 cruce,
2419 2768 2538 2825 quae
2570 2740 2836 2824 est'ver‘a.
2858 2740 3002 2814 salus
3038 2737 3252 2833 nostra,
3288 2740 3581 2833 appareant
3598 2737 3746 2815 bona

2193 2847 2244 2897 et
2291 2833 2530 2895 salubria
2574 2842 2810 2910 scripta;
2861 2841 3082 2909 ideoque
3117 2830 3359 2895 Christus
3400 2830 3747 2912 semetipsum

2195 2929 2483 2984 humilians
2505 2931 2778 2985 descendit
2802 2929 2868 2983 de
2892 2917 3150 2985 emtorum
3175 2943 3300 2983 arce
3320 2969 3334 2995 ,
3375 2937 3433 2984 ut
3465 2932 3622 3006 adse
3659 2947 3749 2987 so-

2191 3018 2359 3076 lidum
2405 3014 2806 3080 fundamentum
2842 3018 2963 3075 fidei
2997 3010 3471 3098 argumentumque
3502 3022 3748 3087 omnium

2193 3108 2452 3162 bonorum
2481 3107 2654 3166 valide
2683 3123 2780 3162 nos
2812 3107 3030 3164 duceret
3059 3127 3071 3161 :
3113 3117 3168 3164 et
3202 3109 3383 3163 docuit
3415 3109 3628 3177 verbis,
3667 3109 3750 3182 fa.

2194 3198 2413 3265 ctisque‘
2428 3198 2539 3251 suis
2565 3195 2717 3250 nobis
2741 3197 3053 3251 documenta
3077 3197 3324 3268 reliquit,
3351 3185 3406 3253 et
3427 3192 3508 3254 sic
3530 3202 3750 3274 demum

2192 3285 2246 3338 in
2262 3293 2444 3342 sancta
2462 3299 2623 3339 cruce
2644 3299 2743 3338 nos
2757 3280 3042 3349 redimens,
3061 3278 3197 3342 facta
3218 3301 3314 3340 sua
3331 3289 3749 3356 consummavit.

2166 3373 2306 3442 {Hoc
2322 3382 2400 3440 tu,
2419 3375 2654 3440 Gabriel,
2670 3372 3018 3445 archangelus
3039 3375 3294 3456 Altissimi
3311 3385 3374 3450 et
3398 3376 3754 3449 desponsata:-

2193 3467 2490 3528 calestium
2531 3468 2868 3539 nuptiarum,
2915 3467 3067 3524 laetus
3111 3466 3255 3524 claro
3295 3465 3495 3541 famine
3539 3465 3750 3540 Virgini

2196 3558 2501 3622 revelabas,
2530 3558 2740 3626 quando
2766 3545 2965 3612 Christi
2992 3558 3137 3627 regni
3161 3541 3452 3632 potentiam
3490 3567 3546 3619 et
3575 3559 3753 3622 salva-

2196 3648 2356 3720 tionis
2380 3646 2494 3717 eju‘s
2530 3661 2664 3716 opus
2701 3646 2963 3701 luculento
2990 3632 3234 3710 sermone
3277 3632 3746 3716 pronuntiaveras.

2189 3719 2328 3812 Quid
2353 3746 2407 3791 et
2432 3745 2508 3800 tu,
2535 3751 2567 3790 ο
2594 3735 2845 3808 Raphael,
2871 3736 3131 3790 medicina
3152 3719 3280 3790 Dei?
3303 3735 3550 3808 Nunquid
3574 3737 3627 3795 in
3652 3737 3750 3792 illo

2193 3825 2419 3901 mystico
2447 3839 2608 3899 Opere
2635 3839 2739 3894 quo
2766 3825 2942 3880 Tobize
2974 3825 3167 3897 oculos
3190 3825 3475 3899 aperuisti,
3503 3823 3627 3886 felle
3656 3842 3753 3884 or.

2182 3911 2312 3969 ’bem
2353 3914 2579 3980 liniens,
2618 3923 2816 3970 sancte
2855 3917 3030 3970 crucis
3065 3917 3357 3985 potentiam
3393 3918 3748 3990 significasti,

2194 4020 2312 4078 quae
2345 4021 2442 4076 per
2480 4007 2883 4062 amaritudinem
2919 4007 3104 4062 mortis
3139 4006 3368 4072 Christi,
3401 4017 3751 4078 peccatorum

2195 4098 2439 4154 tenebris
2479 4098 2729 4162 remotis,
2773 4107 3026 4152 aeternam
3071 4097 3242 4152 lucem
3285 4097 3524 4152 humano
3561 4099 3752 4168 generi

2196 4187 2462 4241 reddidit?
2489 4187 2823 4241 Credendum
2849 4201 2976 4256 ergo
3003 4185 3155 4240 nobis
3177 4193 3260 4240 est
3297 4186 3437 4263 quod
3472 4185 3620 4241 facta
3645 4201 3750 4240 an.

2194 4277 2432 4346 gelorum
2480 4291 2598 4344 quae
2648 4275 2811 4330 Vetus
2854 4275 3254 4332 Testamentum
3292 4283 3510 4340 narrat,
3547 4277 3753 4330 πιόνων

542 4357 722 4420 sonis,
767 4355 1100 4424 majestatem
1148 4366 1292 4414 tuam
1337 4369 1611 4426 verentes,
1657 4375 1818 4430 super
1855 4377 1912 4433 se
1954 4363 2169 4454 votisD
2197 4377 2304 4421 tum
2331 4365 2953 4436 etgloriamsigniﬁcent
2992 4365 3342 4432 redemptoris
3377 4365 3579 4430 nostri,
3623 4381 3753 4420 cum

541 4451 796 4504 exaltant.
840 4451 1062 4506 Nomine
1101 4452 1224 4522 licet
1257 4453 1331 4506 sis
1357 4454 1599 4522 asperior
1633 4454 1792 4525 ipsis,
1819 4455 1942 4507 dum
1971 4471 2091 4508 cru-

542 4541 736 4593 ciatum
761 4556 996 4604 resones,
1023 4543 1220 4597 virtute
1258 4551 1434 4596 tamen
1479 4542 1858 4611 redemptionis
1898 4553 2091 4600 nostra:

543 4629 671 4694 ipsis
709 4639 962 4697 praestas,
1004 4646 1122 4701 qua:
1161 4632 1408 4709 concedis
1444 4632 1687 4687 ﬁdelibus
1729 4643 1853 4687 ante
1891 4633 2089 4691 Christi

545 4715 775 4769 tribunal
802 4716 1318 4801 bonorum-operum
1335 4719 1537 4775 fructus
1560 4722 1857 4790 percipere.
1887 4723 1938 4781 0’
1956 4739 2090 4781 crux

543 4821 692 4860 sacra
712 4846 728 4870 ,
756 4822 908 4875 quze,
931 4806 1160 4875 diruptis
1187 4807 1433 4865 claustris
1459 4808 1653 4864 inferni
1671 4851 1687 4875 ,
1712 4810 1920 4886 plebem
1962 4828 2088 4868 san-
2139 4860 2143 4863 .

545 4905 750 4950 ctorum
775 4898 1050 4965 eripueras
1074 4907 1127 4952 et
1149 4899 1286 4954 cmlo
1310 4899 1698 4958 oollocaveras!

1133 5007 1358 5063 CAPUT
1398 5009 1479 5063 lll.

570 5095 642 5150 De
691 5101 853 5151 tertia:
908 5099 1072 5166 {arma
1121 5100 1346 5170 ﬁgurae.
1392 5101 1446 5152 in
1489 5118 1591 5170 qua
1643 5117 1818 5155 norem
1867 5103 2070 5156 ordines

980 5167 1278 5236 angelorum
1307 5167 1656 5237 depicti'sunt.

620 5253 663 5306 Ο
692 5263 757 5328 tu
777 5293 792 5317 ,
831 5264 1014 5308 sancta
1053 5255 1274 5310 salus-et
1299 5256 1417 5310 laeta
1443 5258 1619 5325 passio
1643 5255 1876 5321 Christi,
1905 5259 2049 5312 salve
2079 5277 2090 5312 :

516 5340 529 5349 ’
551 5353 678 5397 crux
723 5347 1021 5413 veneranda
1065 5345 1190 5410 Dei,
1229 5363 1348 5416 qua:
1377 5349 1668 5417 sapientia,
1698 5349 1876 5404 lumen
1905 5358 1957 5403 et
1997 5351 2095 5403 do-

553 5436 685 5487 ctrix
726 5448 785 5487 es
825 5435 970 5487 orbis
1009 5443 1272 5489 terramm
1300 5452 1316 5501 ;
1343 5453 1461 5507 qua:
1485 5446 1540 5491 et
1580 5455 1704 5492 vera
1737 5441 1852 5493 laus
1872 5479 1886 5503 ,
1917 5441 2088 5492 amica

556 5522 753 5582 virtus,
779 5531 835 5574 et
857 5523 999 5576 clara
1042 5523 1368 5594 philosophia
1409 5531 1546 5594 apud
1587 5527 1887 5591 cmlicoias,
1939 5530 2082 5582 terri-

559 5623 746 5674 genas.
792 5626 907 5676 quze
945 5611 1302 5665 indesinenter
1342 5615 1485 5686 vich
1515 5634 1524 5666 :
1560 5625 1613 5668 et
1635 5617 1745 5682 jam
1774 5618 1908 5683 apud
1938 5633 2084 5668 excr-

2197 4455 2399 4509 Novum
2425 4455 2821 4509 Testamentum
2847 4454 3026 4507 statlm
3053 4453 3104 4505 in
3131 4452 3424 4521 primordio
3448 4453 3755 4508 nativitatis

2195 4544 2309 4612 ejus
2329 4586 2342 4609 ,
2381 4531 2502 4614 ejus
2538 4545 2760 4612 gloriam
2801 4546 2853 4598 in
2891 4545 3131 4609 excelso,
3160 4546 3269 4599 Deo
3295 4561 3486 4615 magno
3516 4547 3753 4616 tripudio

2201 4634 2462 4687 cecinisse
2486 4673 2502 4697 ,
2531 4642 2587 4688 et
2609 4647 2794 4704 pacem
2822 4633 3122 4687 hominibus
3149 4633 3430 4702 adoptasse
3455 4635 3752 4693 describat.

2197 4721 2531 4792 Quapropter
2570 4735 2665 4775 vos
2693 4735 2932 4789 quoque,
2975 4719 3217 4794 prmolari
3251 4720 3560 4791 angelorum
3594 4736 3756 4776 εχει-ο

2199 4811 2336 4862 citus
2355 4849 2371 4873 ,
2397 4808 2658 4883 supplices
2681 4808 3023 4869 obsecramus
3053 4817 3110 4863 ut
3139 4809 3325 4880 dignas
3352 4821 3532 4880 grates
3559 4811 3751 4865 Salva—

2202 4899 2303 4952 tori
2347 4906 2529 4952 nostro
2570 4899 2899 4954 incessanter
2935 4899 3137 4968 agatis,
3177 4908 3232 4951 et
3269 4908 3511 4963 sanctum
3555 4916 3753 4960 nomen

2198 4989 2314 5058 ejus
2341 4987 2393 5044 in
2416 4987 2665 5045 saeculum
2691 4987 3048 5052 benedicatis,
3087 4988 3176 5056 qui
3217 5002 3314 5044 nos
3355 5002 3449 5056 per
3472 5001 3692 5042 crucem
3722 5005 3753 5042 a

2201 5085 2449 5147 perpetua
2491 5084 2660 5132 morte
2691 5075 2965 5136 liberavit.
2993 5086 3046 5129 et
3069 5086 3305 5132 vestrum
3333 5090 3616 5136 numerum
3646 5077 3664 5146 (
3691 5093 3756 5130 ne

2208 5165 2499 5220 diminutus
2523 5173 2741 5236 propter
2763 5165 3000 5234 perditos
3027 5163 3241 5240 angelos
3265 5167 3605 5233 remaneret)
3634 5181 3755 5220 sam

2201 5257 2300 5310 ctis
2327 5256 2605 5309 animabus
2627 5255 2906 5325 complevit
2934 5256 2986 5308 in
3013 5271 3137 5310 arce
3165 5256 3388 5310 caelesti.

2797 5364 3019 5418 CAPUT
3051 5336 3138 5417 1v.

2221 5458 2294 5510 De
2317 5457 2482 5524 forma
2509 5458 2680 5524 quarti
2703 5456 2994 5516 schematis,
3023 5455 3110 5506 ubi
3137 5454 3378 5524 cherubin
3405 5463 3451 5506 ct
3479 5458 3726 5524 seraphin

2584 5534 2701 5577 sunt
2727 5525 2884 5592 juxta
2911 5539 3110 5574 crucem
3139 5523 3344 5591 depicti.

2270 5617 2328 5670 At
2371 5631 2462 5668 vos
2501 5629 2740 5680 superna:
2769 5613 3049 5674 cohortes,
3081 5612 3333 5665 cherubin
3373 5622 3424 5663 ct
3459 5614 3751 5680 seraphin,
