3958 6398
116 425 195 482 εςο

1065 414 1152 468 DE
1188 410 1530 467 LAUDIBUS
1572 411 1627 466 S.
1671 410 1935 467 CRUCIS.
1978 442 2047 451 -—-
2084 413 2207 467 LIB.
2246 414 2304 468 ll.

3193 426 3298 480 2m

114 540 200 605 iam
237 544 371 584 nunc
409 528 477 582 de
513 527 650 583 emlo
682 526 896 583 laudate
935 538 1125 579 nomen
1156 523 1299 594 regis
1327 524 1489 577 vestri
1520 519 1641 576 Jesu
1672 528 1717 584 Α
1739 505 1957 591 quoque
2001 523 2252 592 seraphin
2295 524 2361 579 ad
2405 526 2507 581 hoc
2548 529 2787 598 pandunt
2813 545 2871 585 os
2900 548 3051 589 suum
3080 544 3138 592 ut
3174 554 3296 598 cum

113 621 324 683 Christi,
372 620 498 687 quia
541 619 676 689 ignis
718 617 917 673 amoris
956 624 1011 670 et
1049 616 1323 684 sapientia:
1350 623 1539 669 vestrae
1575 615 1647 668 ita

1748 611 1914 695 cmlos
1953 620 2010 666 et
2048 620 2245 667 terram
2283 614 2465 683 plenos
2506 630 2626 673 esse
2665 620 2832 690 gloria
2862 624 2953 678 Dei
2977 628 3297 704 praedicent,

110 717 234 768 bene
268 708 448 772 ardet,
486 708 530 762 si
575 722 708 775 puro
752 704 953 759 famine
997 704 1049 758 in
1084 703 1455 773 Redemptoris
1497 704 1651 758 laude
1743 703 1855 773 jam
1882 692 2049 774 prope
2073 712 2155 759 est
2184 712 2391 774 tempus
2416 721 2524 777 quo
2551 712 2782 767 carnalis
2815 715 2937 771 hinc
2964 692 3119 772 abeat
3145 692 3302 784 luxus

112 797 390 870 splendeat,
422 812 543 851 cum
575 810 699 849 vera
727 803 783 849 et
809 793 986 848 divina
1011 802 1096 847 est
1123 792 1240 846 laus
1264 793 1349 846 illa
1372 834 1387 856 ,
1413 808 1517 862 qua
1549 792 1642 845 Pa-

112 891 226 944 scha
268 895 545 949 nostrum,
592 885 729 938 idem
770 882 949 954 passio
994 891 1049 937 et
1088 882 1411 937 resurrectio
1442 882 1651 937 redem-

109 980 263 1053 ptoris
306 976 517 1039 nostri,
566 990 693 1029 vere
740 960 923 1031 nostra
964 973 1289 1044 praedicatur
1337 987 1454 1027 esse
1501 974 1650 1026 vita:

112 1083 256 1123 verus
295 1066 483 1133 utique
530 1063 665 1119 lueis
706 1062 911 1117 fructus
950 1072 1034 1116 est
1072 1061 1313 1125 Christi,
1347 1075 1503 1130 quem
1535 1076 1653 1114 cum

108 1158 254 1211 Patre
297 1162 353 1208 et
398 1153 599 1224 Spiritu
649 1161 838 1208 saneto
886 1151 1169 1205 Dominum
1221 1150 1388 1204 Deum
1432 1150 1654 1204 sabaoth

108 1244 277 1301 sociali
316 1243 475 1300 laude
508 1243 826 1306 celebratis,
854 1242 943 1311 qui
973 1249 1099 1295 tunc
1133 1242 1185 1295 in
1226 1242 1355 1295 hora
1393 1240 1657 1310 passionis

107 1338 226 1393 vicit
279 1336 555 1391 tristitiam
610 1334 833 1398 mortis,
888 1341 945 1387 et
995 1349 1139 1397 nunc
1184 1347 1416 1401 regnans
1462 1332 1657 1400 ubique

107 1430 327 1495 exsultat
356 1429 409 1481 in
437 1426 633 1497 gaudio
661 1424 1092 1481 resurrectionis.
1125 1423 1169 1478 0
1195 1424 1347 1477 beata
1374 1423 1655 1491 seraphin,

103 1520 214 1588 quis
252 1517 323 1571 sit
370 1515 536 1569 vestri
574 1514 776 1569 amoris
818 1513 998 1575 ardor,
1044 1512 1207 1568 dicite
1234 1531 1244 1564 :
1276 1520 1329 1566 et
1356 1512 1400 1566 si
1431 1511 1562 1565 ﬁant
1602 1512 1656 1565 in

108 1606 460 1664 celebratione
499 1605 600 1659 hac
640 1605 853 1658 habitus
890 1604 1055 1658 vestri
1086 1602 1206 1671 jura
1244 1603 1482 1658 coelestia
1510 1618 1659 1657 mon-

103 1708 295 1760 strate,
344 1697 391 1751 si
436 1698 539 1757 hac
580 1697 747 1760 multa
792 1704 848 1750 et
890 1695 1063 1749 valida
1110 1695 1268 1749 laude
1311 1693 1656 1765 significetis,

104 1795 358 1847 victorem
402 1805 689 1869 supernum
736 1790 972 1859 pandite.
1001 1787 1151 1853 _llinc
1188 1787 1517 1842 confidenter
1561 1801 1660 1858 ego

1751 801 1805 847 et
1848 794 1975 847 vitia
2027 794 2300 849 recedant.
2356 796 2551 852 Dicant
2592 799 2819 870 denique
2863 816 3097 861 cuncta:
3143 806 3313 867 simul

1752 882 1867 935 haec
1905 882 2155 937 animalia
2181 883 2404 940 alarum
2434 903 2650 943 suarum
2680 892 3143 975 ollicio‘prcecipue
3173 870 3299 956 inti;-

1752 978 1900 1031 mant
1928 970 2223 1028 Salvatoris
2248 974 2465 1030 brachia
2497 977 2548 1031 in
2580 993 2740 1034 cruce
2768 972 2888 1039 esse
2920 970 3167 1053 protensa
3191 1028 3205 1054 ,
3249 990 3301 1043 in

1753 1062 1943 1132 hisque
1970 1062 2108 1116 trahi
2137 1070 2297 1131 atque
2331 1066 2595 1121 sublevari
2627 1086 2765 1125 nunc
2797 1073 3157 1130 misericordia
3186 1092 3302 1131 om-

1754 1168 1847 1209 nes
1873 1168 2009 1222 quos
2032 1155 2145 1223 ipse
2171 1157 2509 1223 postmodum
2538 1158 2589 1211 in
2616 1161 2899 1217 universali
2924 1164 3125 1234 judicio
3146 1210 3159 1232 ,
3189 1183 3303 1223 me.-
3401 1209 3407 1215 .
3467 1212 3473 1219 .

1740 1242 1873 1307 _ritis
1899 1243 2161 1312 condigna
2194 1245 2523 1313 rependens,
2552 1246 2605 1309 in
2636 1248 2758 1303 sede
2786 1251 3067 1313 collocabit
3107 1256 3260 1316 beata
3287 1272 3303 1308 :

1757 1340 1882 1387 tunc
1922 1333 2105 1403 palam
2134 1334 2253 1388 illos
2293 1349 2390 1404 per
2430 1337 2813 1395 discussionem
2842 1344 3143 1411 probando,
3175 1361 3307 1416 quos

1751 1422 1862 1492 iam
1893 1431 2015 1480 ante
2046 1422 2145 1477 sibi
2176 1432 2334 1481 notos
2362 1431 2417 1478 et
2442 1424 2597 1481 bonis
2623 1428 2875 1495 operibus
2904 1438 3089 1485 auctos
3114 1434 3307 1500 proba,

1757 1511 1836 1565 vit
1880 1512 2127 1566 amando.
2178 1511 2457 1567 Justorum
2501 1529 2627 1586 ergo
2679 1525 2857 1571 vatum
2902 1520 3195 1589 prophetia:
3246 1522 3314 1576 de

1756 1602 2007 1671 passione
2049 1601 2260 1656 Domini
2305 1602 2415 1657 ullo
2462 1604 2619 1657 modo
2661 1621 2765 1659 non
2811 1607 3167 1675 dissentiunt,
3214 1625 3309 1671 nec

1758 1692 2172 1763 significationes
2222 1693 2446 1764 istorum
2496 1696 2843 1751 animantium
2888 1697 3097 1754 fallunt.

2372 1767 2597 1875 CAPUT
2632 1806 2696 1861 v.

102 1900 196 1951 pro
218 1882 371 1936 vobis
398 1880 745 1948 mihimetipsi
770 1886 826 1940 et
850 1878 985 1933 meis
1022 1878 1096 1932 ita
1133 1874 1452 1969 respondeo.
1485 1873 1660 1969 Unum
1690 1869 1734 1927 Β
1764 1892 1840 1947 De
1863 1893 2056 1963 quin“;
2078 1892 2262 1967 βρυνρ
2291 1869 2492 1961 (arma,
2523 1892 2610 1947 ubi
2631 1902 2862 1969 _quatuor
2888 1875 3141 1969 tetragoni
3172 1900 3311 1956 circa

104 1986 332 2041 namque
358 1979 444 2027 est
467 1970 608 2041 quod
636 1969 791 2024 nobis
823 1969 1227 2032 demonstrant,
1254 1968 1357 2022 hoc
1380 1974 1496 2030 est,
1523 1966 1664 2034 quod
1761 2010 1765 2013 .

106 2064 156 2116 in
183 2063 391 2116 alarum
414 2075 633 2115 suarum
670 2059 936 2129 positione
974 2057 1279 2112 afﬁrmant:
1316 2057 1426 2128 jam
1466 2056 1665 2110 dudum

58 2166 67 2170 '
103 2156 254 2209 nobis
300 2150 717 2222 prrenuntiatam
761 2161 880 2203 esse
922 2147 974 2201 in
1022 2146 1207 2217 figuris
1249 2152 1449 2200 sancta:
1492 2142 1668 2202 crucis

84 2245 250 2303 ‘arani
278 2249 657 2309 sacratumque
682 2238 847 2302 decus
879 2237 1069 2304 hostia!
1104 2234 1244 2305 quod
1286 2235 1339 2303 ip
1379 2249 1441 2289 ea
1481 2235 1670 2303 immo—

102 2333 267 2389 latum
297 2340 405 2386 est.
434 2330 613 2383 Edunt
634 2342 845 2397 quoque
868 2324 1070 2395 Christi
1094 2333 1216 2379 vota
1240 2324 1432 2391 laudis,
1457 2339 1575 2393 quae
1599 2323 1670 2378 sit

104 2422 275 2475 virtus
321 2416 704 2487 relemptionis
749 2416 985 2479 nostra),
1034 2427 1099 2471 ac
1141 2413 1281 2467 bona
1328 2412 1668 2480 prtemiorum

97 2506 223 2578 qua!
257 2510 498 2563 tribuere
532 2506 689 2560 nobis
723 2519 816 2559 rex
855 2502 1106 2559 Christus
1142 2502 1418 2566 decrevit,
1455 2516 1577 2556 cum
1615 2501 1669 2554 in

98 2600 200 2659 hac
241 2612 339 2651 ara
384 2595 676 2654 secundum
717 2609 873 2661 suum
914 2592 1247 2672 propositum
1277 2607 1502 2661 passus,
1543 2606 1672 2653 corr-

96 2690 333 2757 sumpsit
360 2687 573 2743 flamma
601 2685 866 2756 passionis
893 2700 1003 2740 sua:
1028 2685 1339 2753 iniquitates
1361 2692 1416 2739 et
1451 2692 1671 2753 peccata

102 2778 371 2832 scelerum
412 2784 715 2830 nostrorum
745 2790 759 2837 ;
796 2782 1125 2842 cunctasque
1156 2774 1496 2828 adversarias
1519 2781 1673 2844 pote-

99 2879 275 2924 states
318 2870 372 2923 in
401 2876 672 2928 momento
697 2882 805 2921 suae
832 2866 1021 2926 mortis
1046 2880 1305 2936 superans
1329 2866 1489 2931 vicit,
1516 2874 1675 2934 atque

62 2960 406 3039 'priucipem
455 2958 612 3028 hujus
663 2956 848 3011 mundi
900 2954 1045 3009 foras
1095 2944 1349 3023 eiiciens,
1401 2953 1671 3009 destructa

96 3048 221 3115 eius
274 3046 516 3106 claustra
569 3044 803 3115 dirupit,
850 3050 907 3097 et
961 3051 1284 3105 vetustatem
1328 3049 1673 3113 peccatorum

101 3149 424 3195 nostrorum
450 3138 641 3198 delevit
665 3177 680 3203 ,
707 3137 935 3191 reddens
956 3137 1111 3191 nobis
1135 3136 1393 3207 benignus
1419 3137 1674 3192 Dominus

97 3243 154 3287 et
181 3249 282 3288 rex
310 3233 571 3285 virtutum
595 3230 708 3299 ipsa
735 3244 893 3300 regna
915 3220 1151 3298 paradisi
1177 3228 1229 3283 in
1257 3229 1448 3311 quibus
1468 3228 1673 3309 primus

98 3326 269 3387 homo
308 3322 559 3389 conditus
591 3319 903 3393 positusque
943 3320 1140 3375 fuerat.
1178 3319 1396 3390 Hocque
1433 3320 1671 3373 omnium

97 3412 348 3467 ﬁdelium
391 3427 485 3469 ora
524 3412 780 3481 probant,
816 3419 870 3464 et
908 3409 1136 3471 virtutes
1178 3417 1232 3463 et
1270 3408 1528 3462 miracula
1556 3423 1673 3477 quae

96 3506 250 3572 Deus
290 3507 349 3561 in
377 3507 481 3561 hoc
503 3506 699 3563 mundo
726 3520 823 3575 per
851 3514 1067 3560 sanctos
1093 3492 1221 3560 suos
1248 3504 1377 3559 facit
1404 3512 1674 3560 testantur

93 3597 247 3664 quod
276 3597 427 3650 Deus
452 3595 891 3666 humanogeneri
909 3635 923 3660 ,
952 3595 1006 3649 in
1038 3609 1313 3649 carcerem
1338 3602 1393 3649 et
1417 3594 1671 3660 tenebras

90 3689 263 3753 istius
310 3684 499 3742 mundi
534 3687 679 3759 iuste
720 3686 1007 3752 damnato,
1048 3686 1246 3754 auxilia
1294 3686 1667 3751 mandatorum

92 3774 325 3831 dederit
367 3766 532 3829 causa
579 3784 889 3843 perpetuam
937 3783 1163 3830 mortem
1212 3774 1488 3829 evadendi.
1537 3773 1675 3829 Con-

89 3867 246 3920 ditor
296 3865 490 3933 utique
532 3874 585 3919 et
631 3880 726 3919 rex
769 3873 975 3923 noster.
1017 3865 1107 3935 qui
1152 3880 1249 3934 pro
1292 3863 1525 3925 nobisin
1568 3862 1674 3916 alta

87 3958 289 4011 crucis
337 3955 583 4017 confixus
612 3964 694 4010 est
722 3956 930 4027 stipite,
962 3946 1121 4025 quam
1151 3956 1501 4026 magis‘decet
1530 3955 1675 4011 thro:

86 4064 229 4115 num
278 4047 619 4117 imperialem
657 4050 839 4103 vocari
881 4062 1041 4117 quam
1084 4046 1276 4101 servile
1321 4054 1674 4110 tormentum,

60 4139 228 4206 ,quia
278 4139 580 4206 imperator
606 4146 788 4193 noster
813 4152 903 4191 rex
932 4136 1176 4191 Christus
1218 4151 1437 4211 regnum
1479 4134 1577 4203 sibi
1621 4134 1676 4187 in

84 4245 155 4283 ea
201 4236 266 4283 et
309 4235 635 4299 potestatem
680 4228 735 4300 in
777 4226 913 4282 etelo
952 4234 1005 4281 et
1048 4226 1100 4279 iu
1145 4234 1286 4279 terra
1316 4223 1673 4299 conquisivit,

72 4315 287 4369 hostes
318 4312 604 4395 superavit
626 4320 683 4366 et
705 4308 971 4373 mundum
991 4308 1101 4374 Deo
1126 4305 1521 4363 reconciliavit.
1549 4304 1672 4359 Haec

71 4406 363 4460 vexillum
386 4402 683 4458 Christiani
701 4410 785 4456 est
802 4401 1014 4471 populi,
1038 4399 1154 4455 haec
1186 4398 1389 4463 framea
1421 4414 1528 4468 qua
1549 4414 1672 4452 cum

68 4498 248 4551 hoste
267 4497 545 4551 sortimur
566 4494 789 4557 bellum,
808 4495 922 4549 hazc
948 4493 1160 4562 insigne
1184 4490 1431 4549 victoria;
1452 4506 1672 4560 nosarze.

59 4590 221 4645 Cum
264 4590 380 4644 hac
414 4588 603 4651 hostes
633 4596 851 4641 nostros
875 4585 1230 4659 proterimus,
1266 4584 1366 4639 hac
1395 4599 1543 4652 arma
1577 4585 1679 4638 ini-

67 4680 336 4747 quitatis
365 4677 685 4748 frangimus,
712 4692 809 4747 per
836 4676 977 4729 hanc
1003 4675 1069 4733 ad
1095 4690 1355 4730 coronam
1380 4674 1681 4736 allevamur

68 4782 132 4827 et
157 4772 403 4827 virtutis
429 4770 648 4840 pmmia
676 4768 944 4839 capitum.
964 4767 1257 4837 Propterea
1287 4766 1442 4831 exsul
1465 4780 1681 4834 semper

85 4869 149 4914 et
198 4859 431 4912 alienus
460 4873 488 4911 a
522 4858 691 4921 bono,
724 4857 863 4925 ignis
898 4857 1234 4925 cupiditatis,
1266 4857 1399 4910 scito
1426 4870 1544 4924 quae
1585 4855 1679 4909 tibi

77 4947 432 5015 interfectio
456 4948 508 5000 in
530 4956 701 5008 morte
723 4947 917 5001 Christi
942 4954 1127 5016 parata
1149 4954 1233 4999 snt.
1258 4945 1525 5000 Cherubin
1551 4960 1680 5012 ergo

79 5041 228 5102 illa,
288 5052 421 5106 quae
471 5036 523 5090 in
572 5036 900 5089 tabernaculi
952 5035 1238 5104 templique
1284 5035 1686 5088 constructione

76 5127 263 5194 juxta
319 5139 475 5177 aram
519 5132 641 5193 post
681 5124 848 5178 altare
892 5114 1250 5195 thymiamatis
1289 5125 1536 5187 stabant,
1580 5125 1681 5177 hoc

72 5215 377 5281 vexillum
404 5213 581 5267 crucis
606 5213 920 5277 extensione
946 5206 1151 5279 alarum
1176 5228 1392 5277 suarum
1412 5253 1427 5277 ,
1453 5226 1548 5266 nec
1576 5228 1678 5275 non

72 5315 131 5365 et
172 5314 312 5370 tota
350 5303 620 5371 positione
647 5302 782 5356 situs
810 5302 929 5367 sui,
960 5303 1095 5356 hanc
1125 5311 1364 5357 sanctam
1405 5318 1550 5357 aram
1591 5303 1680 5355 de-

72 5392 515 5452 monstrabant,
539 5406 680 5459 quze,
720 5391 943 5459 mystica
982 5390 1231 5443 unctione
1273 5390 1453 5457 linita,
1482 5391 1673 5444 trium-

72 5486 268 5552 phum
301 5480 515 5534 Christi
544 5488 598 5534 et
619 5480 931 5535 certaminis
956 5478 1070 5545 ejus
1098 5479 1328 5547 palmam
1370 5480 1675 5549 praefigura-

69 5577 246 5627 hant.
290 5570 428 5625 Eme
454 5570 634 5637 itaque
661 5570 908 5622 animalia
931 5609 945 5632 ,
977 5570 1031 5621 id
1057 5578 1140 5621 est
1165 5569 1419 5622 cherubin
1437 5608 1451 5632 ,
1480 5570 1675 5622 disten-

72 5665 161 5716 sis
192 5662 337 5715 suis
364 5658 464 5714 alis
488 5658 604 5712 laeta
634 5658 773 5712 facta
799 5657 995 5711 Christi
1024 5658 1320 5722 adducunt,
1350 5666 1403 5711 et
1430 5658 1582 5711 beata
1614 5674 1673 5711 ca

67 5766 214 5806 esse
253 5749 413 5803 alma
443 5744 657 5819 altaque
685 5747 981 5802 manifestis
1020 5747 1230 5800 iudiciis
1276 5748 1510 5806 tradunt.
1559 5747 1668 5813 Ipsa

2269 1978 2471 2015 crucem
2501 1962 2804 2017 consistunt.

1836 2050 1912 2105 Te
1936 2052 2115 2116 modo,
2144 2066 2278 2106 crux
2305 2060 2490 2107 sancta
2517 2052 2646 2117 Dei,
2673 2054 2899 2109 obsecro
2923 2062 2981 2110 ut
3006 2063 3094 2111 tua
3120 2058 3319 2113 virtute

1765 2158 1943 2198 meum
1970 2151 2158 2214 pectus
2183 2142 2453 2209 inﬁrmum
2480 2143 2863 2209 benedicas,ut
2877 2145 3051 2218 dignis
3077 2147 3322 2209 laudibus

1766 2233 1954 2288 :eterni
1977 2233 2136 2303 Regis
2157 2233 2209 2287 in
2236 2240 2289 2288 te
2316 2240 2576 2302 tropmum
2602 2228 2807 2289 valeam
2834 2236 3152 2304 decantare,
3184 2255 3317 2309 quo:

1769 2325 1928 2380 modo
1973 2324 2213 2379 cmlestia
2259 2323 2418 2378 simul
2462 2338 2526 2379 ac
2553 2332 2791 2380 ‘terrena-
2814 2340 2921 2380 uno
2959 2325 3159 2384 foedere
3200 2345 3323 2389 con.-

1716 2454 1723 2457 ι
1762 2413 1955 2483 iungas
1975 2454 1990 2477 ,
2018 2421 2233 2483 pactum
2266 2412 2551 2468 confirmes
2577 2422 2633 2469 et
2660 2414 2852 2469 mortis
2890 2416 3097 2471 vincula
3128 2419 3322 2477 dissol:

1768 2519 1883 2560 vas.
1930 2503 1976 2560 0
2019 2514 2074 2559 tu
2120 2518 2275 2559 sacer
2316 2505 2676 2575 apostolorum
2718 2515 2890 2561 curtus
2933 2516 2987 2563 et
3029 2519 3322 2581 martyrum

1767 2597 1899 2652 or'do
1941 2596 2248 2662 laureatus,
2284 2594 2408 2665 iure
2453 2613 2550 2668 vos
2590 2599 2780 2653 domus
2824 2599 3023 2655 Christi
3070 2603 3327 2671 posuistis

1771 2685 2149 2749 fundamenta,
2197 2701 2334 2755 quos
2373 2685 2486 2757 ipse
2515 2687 2569 2741 in
2596 2702 2721 2741 arce
2747 2697 2922 2759 gestat
2943 2689 3322 2759 pulcherrima,

1772 2774 1917 2829 Voce
1945 2775 2141 2845 quippe
2169 2783 2345 2831 vestra
2373 2784 2429 2831 et
2455 2777 2715 2848 exemplis
2746 2779 2853 2832 Deo
2880 2778 3086 2848 plebem
3116 2795 3326 2843 sacram

1772 2866 2084 2935 aequisistis
2102 2906 2117 2930 ,
2140 2874 2194 2920 et
2223 2874 2466 2921 sanctam
2492 2864 2557 2933 ac
2580 2866 2869 2923 salutarem
2896 2884 3107 2924 crucem
3133 2868 3331 2926 Christi

1768 2952 1891 3023 jure
1934 2954 1987 3008 in
2030 2954 2207 3027 primo
2234 2953 2545 3013 fundamine
2569 2956 2965 3025 praedicationis
2993 2957 3295 3013 collocastis
3313 2999 3329 3028 ,

1773 3044 1898 3115 quia
1936 3044 2081 3099 illam
2110 3044 2354 3107 crucifixi
2389 3044 2441 3099 in
2483 3061 2545 3100 ea
2580 3045 2793 3107 Domini
2824 3047 2998 3101 virtus
3023 3047 3089 3101 ad
3117 3056 3333 3117 portan-

1776 3137 1901 3191 dum
1929 3143 2094 3195 totam
2125 3135 2339 3190 Domini
2368 3135 2621 3191 Ecclesiae
2649 3134 2950 3200 machinam
2980 3138 3082 3197 rite
3106 3140 3331 3195 robora:

1700 3208 1744 3270 (ἶ
1775 3227 1869 3281 vit.
1918 3226 2057 3282 Vere
2101 3240 2314 3295 quoque
2358 3226 2469 3296 ipsa
2516 3226 2805 3280 humanum
2853 3243 3019 3298 genus
3059 3232 3125 3283 ad
3165 3229 3331 3299 vitam

1773 3313 2341 3393 dedicavit‘firmaque
2381 3322 2558 3369 erecta
2601 3323 2685 3369 est
2713 3314 2992 3383 columna,
3025 3316 3335 3376 desiderans

1764 3390 2060 3460 ostendere
2086 3406 2227 3474 quod
2253 3414 2351 3474 per
2377 3404 2547 3474 ipsam
2574 3414 2771 3471 antcrna
2797 3405 2987 3464 domus
3010 3407 3215 3468 scelesti
3248 3400 3335 3463 re-

1775 3510 1879 3564 gno
1906 3493 2218 3562 collocanda
2243 3493 2515 3564 exsurgit,
2561 3494 2681 3551 aula
2726 3493 2973 3550 videlicet
3006 3495 3137 3566 justi
3190 3497 3333 3567 regis

1773 3585 2058 3654 sponsique
2084 3584 2353 3647 Ecclesiae.
2387 3582 2537 3647 Hanc
2567 3590 2654 3665 tu,
2688 3585 2912 3655 Domine
2940 3585 3156 3655 Christe
3177 3627 3190 3651 ,
3221 3595 3335 3640 troo

1773 3689 1943 3744 paeum
1992 3689 2214 3739 novum,
2257 3672 2383 3752 jure
2426 3673 2839 3745 dominationis,
2886 3690 3079 3731 cruore
3128 3675 3336 3731 redem-

1772 3766 1971 3834 ptionis
1996 3764 2188 3837 viaque
2210 3766 2538 3831 directionis,
2561 3766 2732 3821 ociter
2760 3766 2811 3820 in
2845 3767 3046 3823 mundo
3068 3769 3286 3824 erexisti
3313 3788 3326 3821 :

1778 3858 1917 3929 quod
1971 3856 2353 3921 Christicolum
2405 3872 2572 3933 genus
2618 3857 2794 3912 l'azdus
2840 3856 3065 3927 iustitia:
3116 3868 3335 3929 servet,

1775 3954 1995 4019 spernat
2035 3944 2307 4009 diabolum
2336 3947 2441 4001 rite
2469 3936 2780 4004 damnatum
2800 3988 2814 4012 ,
2846 3957 2899 4002 et
2932 3949 3108 4003 vincat
3141 3950 3341 4022 pietate

1774 4041 2044 4096 hominem
2086 4037 2389 4099 inimicum,
2435 4036 2561 4105 quia
2599 4046 2655 4090 tu
2703 4036 2780 4091 illi
2822 4035 3000 4092 fautor
3034 4030 3239 4104 laudis,
3282 4049 3337 4095 et

1778 4130 1936 4184 timor
1955 4128 2377 4184 conservationis
2396 4128 2671 4197 utriusque
2689 4129 2813 4195 boni
2840 4130 3020 4198 operis
3036 4169 3050 4195 ,
3074 4146 3138 4185 ac
3158 4131 3335 4200 palma

1776 4220 2040 4283 victoriae,
2067 4230 2228 4290 atque
2250 4235 2450 4275 corona
2482 4221 2932 4291 remunerationis
2958 4238 3036 4278 es.
3070 4223 3114 4279 0
3143 4224 3337 4294 inclyta

1776 4328 1907 4367 crux
1956 4311 2201 4381 Domini,
2252 4311 2390 4368 aula:
2437 4311 2638 4367 Christi
2684 4314 2975 4383 pretiosum
3023 4312 3339 4383 fundamen-

1778 4410 1888 4465 tum
1917 4404 1930 4455 !
1978 4412 2030 4456 tu
2073 4417 2131 4457 es
2169 4402 2446 4477 pulchrior
2486 4402 2717 4457 florifera
2746 4404 2923 4473 specie
2951 4406 3188 4461 omnium
3218 4422 3341 4477 ger-

1779 4492 2026 4547 minum:
2075 4501 2128 4546 tu
2173 4492 2436 4552 excelsior
2474 4493 2651 4548 cedris
2687 4493 2906 4561 Libani,
2956 4505 3009 4549 tu
3053 4498 3339 4567 pretiosior

1780 4582 1901 4643 albo
1930 4580 2105 4651 lapide
2135 4580 2322 4653 Pario,
2355 4598 2473 4650 qua:
2500 4583 2793 4651 quadratas
2817 4584 2999 4659 iungis
3028 4595 3208 4656 petras
3252 4590 3335 4643 vi-

1779 4671 2019 4732 ventium
2051 4671 2285 4750 lapidum
2327 4672 2381 4731 in
2424 4671 2579 4740 firmo
2610 4672 2732 4727 fidei
2764 4673 3133 4735 fundamento.
3168 4676 3339 4739 Patri:

1764 4763 2063 4829 -areharuin
2105 4777 2317 4831 quoque
2345 4772 2517 4818 canus
2544 4772 2600 4817 et
2631 4765 2766 4819 ritus
2792 4764 3195 4837 antiquissimus
3215 4769 3338 4838 jure

1780 4858 1953 4919 prima
1995 4852 2339 4906 fundamenta
2372 4853 2504 4923 jacit
2546 4854 2600 4907 in
2639 4854 2793 4909 initio
2831 4857 2993 4910 totius
3030 4858 3339 4914 :edificatio-

1781 4943 1896 5008 nis,
1942 4943 2033 5011 qui
2072 4943 2302 5013 primum
2344 4960 2477 4999 sano
2519 4946 2765 5017 dogmate
2804 4949 2965 5002 corda
3009 4949 3196 5016 devota
3236 4952 3334 5007 sibi

1780 5033 2144 5086 obedientium
2185 5032 2249 5085 ad
2293 5033 2509 5087 domum
2543 5036 2815 5105 regnantis
2843 5053 3003 5109 super
3030 5042 3209 5094 omnia
3242 5042 3333 5101 Dei

1783 5121 1885 5175 fide
1918 5120 2231 5188 junxerunt.
2278 5121 2468 5176 Postea
2498 5125 2769 5193 propheta:
2797 5126 2958 5195 verba
2998 5130 3333 5197 praedicatio.

1783 5211 1865 5267 nis
1906 5210 2154 5278 pluerant
2178 5251 2192 5274 ,
2227 5218 2285 5263 ut
2323 5196 2433 5281 regi
2462 5210 2680 5277 Christo
2708 5213 2880 5281 vivam
2911 5196 3088 5284 auiam
3120 5217 3337 5276 monitis

1780 5299 2166 5369 praeceptisque
2208 5299 2320 5365 suis
2350 5290 2401 5353 in
2436 5300 2537 5370 huc
2563 5303 2874 5366 certaminis
2903 5303 3019 5359 loco
3059 5315 3336 5369 construe,—

1782 5398 1900 5442 rent
1930 5407 1943 5441 :
1976 5389 2099 5458 quia
2128 5390 2301 5443 omnis
2330 5389 2445 5444 hare
2472 5377 2673 5445 fabrica
2704 5392 2955 5448 Ecclesiae
2995 5411 3091 5464 per
3118 5398 3329 5453 confes-

1780 5480 1981 5531 sionem
2032 5480 2261 5532 nominis
2302 5477 2426 5534 Jesu
2467 5479 2666 5535 Christi
2726 5485 2792 5537 ad
2842 5485 3061 5540 caeleste
3109 5503 3330 5557 regnum

1781 5566 1985 5629 elevat,
2031 5566 2252 5634 ejusque
2294 5584 2424 5622 voce
2453 5570 2711 5624 instructa
2746 5573 2848 5627 rite
2877 5584 3016 5643 vzget
3044 5578 3181 5631 bona
3210 5580 3331 5631 vita:

1782 5658 2127 5709 constructio.
2153 5656 2275 5710 llaec
2304 5658 2671 5726 enimjunctio
2693 5660 2756 5713 ad
2789 5661 2952 5715 latera
2984 5675 3179 5719 sancta:
3205 5680 3327 5720 cru-

1782 5748 1859 5797 ris
1911 5756 2137 5822 quatuor
2186 5756 2583 5814 tetragonorum
2638 5752 2734 5802 hoc
2793 5753 2995 5821 signat,
3049 5764 3100 5805 et
3154 5756 3330 5822 omine
