3958 6394
581 403 692 457 ’271

1227 403 1288 459 n.
1329 392 1580 459 ιιωρίΝι
1621 404 1836 462 suum
1873 403 2187 460 ARCIIIEP.
2232 405 2534 463 uocum.
2564 406 2855 465 ‘ornnuu
2899 409 3074 465 rans
3115 411 3154 465 ι.

3713 419 3812 473 979.

590 533 750 572 Sacro
772 515 967 586 revelat
1006 516 1156 571 nobis
1187 516 1534 582 intellectum,
1567 526 1626 571 ut
1653 518 1889 572 sciamus
1919 533 2032 586 quo
2053 533 2152 571 nos
2184 523 2230 580 Α
2258 521 2712 586 perseverantiam
2733 537 2901 591 usque
2927 522 2991 575 ad
3014 538 3301 594 congruam
3321 506 3678 588 maturitatem
3708 548 3823 601 prr-

590 609 675 662 via
710 618 853 662 recta
889 615 943 662 et
969 607 1157 662 ductor
1186 607 1418 678 optimus
1448 608 1632 677 jubeat
1671 607 1748 660 ire
1768 646 1786 670 ,
1813 607 1913 662 hoc
1943 616 2056 670 est,
2089 604 2156 660 ad

570 698 970 768 possidendum
1025 713 1248 768 regnum
1301 705 1664 767 perpetuum:
1723 708 1910 752 omnes
1969 698 2155 767 utique

591 797 737 860 quos
752 789 953 845 Christi
981 789 1217 844 visitatio
1242 803 1338 842 sua
1365 788 1647 842 mansione
1673 785 1948 857 illustrans
1971 829 1985 853 ,
2016 797 2151 842 tem-

593 880 740 947 plum
773 880 952 935 dieare
981 880 1246 948 dignatur,
1277 885 1333 931 et
1363 892 1486 931 cum
1515 877 1600 931 his
1630 877 1831 932 sanctis
1857 877 2153 947 parietibus

586 970 645 1022 in
690 971 1032 1038 semetipsum
1075 967 1304 1039 lapidem
1347 961 1658 1043 angularem
1699 970 2040 1032 ceadunans,
2082 969 2150 1023 ad

590 1058 971 1126 perfectionem
999 1057 1236 1113 celestis
1261 1058 1472 1113 mdiﬁcii
1501 1057 1776 1131 perducet.

1085 1165 1091 1180 ⁸
1191 1164 1415 1222 CAPUT
1465 1165 1551 1219 Vl.

585 1253 662 1309 De
687 1257 849 1323 specie
875 1265 1032 1310 sexta:
1054 1255 1370 1336 Ιξρυτατιιώὲ
1388 1253 1452 1308 de
1469 1261 1695 1336 quatuor
1719 1252 1993 1308 uirtutibus
2015 1268 2149 1323 pra:-

1040 1331 1200 1394 cipnis
1237 1331 1685 1392 commemoratur.

527 1432 553 1481 ᾖ
653 1414 1002 1484 Omnipotens
1039 1415 1239 1477 virtus,
1265 1421 1320 1466 et
1357 1411 1696 1481 omnipotens
1730 1411 1905 1468 Patris
1942 1427 2145 1469 summa

556 1521 562 1581 'l
584 1501 869 1573 sapientia,
899 1504 1109 1559 Christe
1134 1501 1354 1556 FiliDei
1375 1542 1388 1566 ,
1409 1512 1475 1556 tu
1501 1516 1560 1557 es
1588 1517 1747 1562 verus
1777 1503 2032 1558 Dominus
2054 1503 2146 1572 qui

584 1607 753 1651 totum
797 1596 1050 1651 mundum
1087 1595 1318 1649 adornas
1353 1595 1545 1650 decore
1588 1594 2015 1661 sanctastcrncis,
2039 1595 2152 1649 dis;

577 1703 878 1759 pcnsasque
918 1687 1002 1756 pie
1048 1688 1151 1744 tuis
1192 1687 1390 1742 sanctis
1435 1686 1521 1755 pia
1567 1686 1708 1758 dona
1755 1685 1961 1747 salutis.
2011 1684 2144 1739 Nam

580 1777 835 1846 quadriga
865 1776 1148 1838 virtutum,
1183 1774 1702 1848 quatuorpcornibus
1737 1783 1935 1830 sancta:
1968 1775 2143 1830 crucis

2260 607 2490 680 veniant.
2529 607 2656 662 Post
2686 610 2809 663 haec
2854 611 3067 679 quidem
3105 613 3216 681 jam
3263 615 3436 669 ultimi
3475 617 3666 686 judicii
3711 623 3815 678 falx

2257 697 2529 763 mittenda
2551 707 2664 763 est,
2706 709 2764 753 ut
2802 702 2993 756 messis
3023 702 3238 767 albens,
3270 720 3430 773 quam
3460 723 3682 776 granum
3712 710 3812 765 fru-
3899 737 3902 741 ι

2256 785 2418 838 menti
2444 795 2802 853 pernratrum
2842 791 3018 843 crucis
3058 790 3110 843 in
3143 800 3284 846 terra
3323 795 3594 850 conditum
3625 799 3817 868 glorio-

2253 886 2366 924 sam
2391 881 2441 926 et
2474 873 2878 943 multiplicatam
2906 877 3150 945 protulit,
3179 890 3468 950 apparente
3499 885 3615 953 ipso
3637 886 3815 953 judice

2249 960 2492 1015 vivorum
2531 971 2584 1016 ct
2625 975 2989 1031 mortuorum,
3027 981 3125 1036 per
3169 971 3477 1040 angelorum
3517 975 3813 1031 ministeria

2250 1052 2551 1124 colligatur,
2584 1064 2638 1110 et
2659 1073 2755 1126 per
2781 1061 3100 1115 sententiam
3128 1062 3368 1132 ejusdem
3385 1065 3516 1133 justi
3534 1065 3735 1136 judicis
3761 1070 3812 1123 in

2249 1146 2441 1201 horrea
2471 1149 2707 1204 caelestia
2738 1149 2964 1206 feliciter
2991 1153 3301 1232 eollomtnr.

2842 1259 3067 1316 CAPUT
3107 1263 3214 1317 VII.

2251 1341 2324 1396 De
2347 1344 2575 1412 septima:
2601 1335 2928 1414 ﬁgurationis
2947 1347 3211 1429 plasmate
3233 1391 3246 1414 ,
3271 1351 3359 1429 ubi
3382 1352 3446 1405 de
3466 1323 3691 1424 quatuor
3709 1356 3819 1410 ele-

2797 1459 2800 1461 .
2820 1427 3004 1470 meum
3031 1427 3223 1487 agitur.
3244 1467 3247 1472 .
3271 1427 3276 1430 '
3520 1439 3524 1442 '

2316 1501 2481 1572 Igitur
2507 1491 2833 1582 omniaquae
2864 1507 2917 1560 in
2954 1508 3105 1562 caelis
3142 1516 3198 1562 et
3232 1525 3353 1578 quae.
3389 1510 3443 1565 in
3473 1514 3630 1567 terris
3658 1524 3809 1578 sunt,

2248 1594 2313 1649 de
2351 1595 2551 1651 lumine
2586 1596 2768 1665 gloriae
2803 1596 3004 1651 Christi
3043 1598 3303 1654 illustrata
3333 1600 3444 1668 jam
3483 1603 3761 1672 splendent
3790 1624 3805 1659 :
3842 1600 3848 1604 ’

2247 1683 2398 1753 cujus
2442 1684 2706 1753 majestati
2755 1687 2992 1755 subjecta
3037 1691 3275 1744 serviunt
3311 1700 3366 1746 et
3411 1707 3578 1748 sacrae
3625 1696 3808 1750 crucis

2245 1777 2446 1834 factum
2472 1777 2825 1853 beatiﬁcando
2852 1780 3262 1845 concelebrant,
3297 1790 3356 1836 ut
3393 1784 3481 1838 sic.
3498 1784 3685 1838 victori
3717 1801 3807 1839 sn-

575 1866 829 1921 deeenter
857 1874 1067 1935 aptata,
1100 1865 1332 1919 ostendit
1359 1857 1567 1932 sacram
1612 1864 1808 1918 seriem
1843 1865 2143 1935 specierum
2170 1853 2217 1921 Β
2244 1855 2411 1937 pet-no
2448 1866 2624 1922 debita
2659 1876 2783 1922 vota
2820 1869 3126 1936 persolvant
3157 1887 3172 1924 :
3210 1870 3313 1925 hoc
3353 1873 3614 1928 veraciter
3641 1875 3807 1943 pruﬁ-

560 1970 644 2013 to:
684 1956 795 2026 ipsa
838 1958 1245 2026 procedentem,
1287 1955 1344 2030 in
1395 1956 1664 2025 triunfpho
1718 1956 1951 2011 victoria:
2005 1956 2142 2025 regis

574 2046 776 2103 Christi
813 2054 1175 2104 consecratam
1216 2063 1232 2101 :
1273 2054 1341 2102 et
1369 2061 1464 2115 per
1499 2047 1613 2118 ejus
1647 2046 1949 2118 passionem
1981 2045 2142 2123 protl-

533 2152 537 2157 '
574 2127 730 2192 cnam
761 2151 889 2212 esse.
910 2145 1018 2190 toto
1059 2136 1204 2202 orbi,
1241 2135 1308 2190 ad
1342 2122 1737 2206 impetrandum
1765 2136 1995 2190 fructum
2023 2137 2138 2205 pic-

575 2227 735 2289 tatis,
779 2234 833 2280 et
869 2225 1266 2297 adipiscendam
1305 2234 1562 2295 aeternam
1591 2224 1992 2292 beatitudinem.
2027 2226 2142 2294 Vir-

565 2323 661 2368 ‘tus
689 2323 768 2369 est
797 2315 959 2370 animi
985 2314 1220 2380 habitus,
1238 2321 1452 2369 natura:
1482 2315 1664 2379 decus,
1689 2316 1813 2371 vitze
1837 2299 2140 2382 ratio,th

540 2420 691 2458 ~rum
745 2401 1008 2459 nobilitas
1046 2414 1101 2459 et
1150 2404 1344 2475 linguae
1387 2395 1705 2463 moderatio.
1765 2403 1903 2463 Haec
1945 2405 2139 2475 quippe

565 2504 799 2557 cuncta,
846 2509 878 2548 ο
919 2494 1101 2550 sancta
1143 2487 1616 2566 crux,religiosis
1652 2494 1958 2570 hominibus
1990 2492 2137 2564 justa

570 2583 726 2638 laude
755 2583 1025 2653 probanda
1068 2594 1121 2638 tu
1157 2585 1319 2639 tradis
1352 2593 1588 2640 {cuncta
1613 2583 1770 2641 simul
1809 2585 2136 2655 beneplacita

572 2673 683 2726 Deo
721 2673 1070 2741 depromens,
1111 2679 1162 2727 et
1198 2672 1403 2740 singula
1449 2671 1682 2728 salubria
1725 2687 1844 2728 esse
1882 2663 2133 2743 prodens.

496 2756 498 2764 ’
571 2760 682 2814 'l‘ua
729 2769 912 2814 sancta
953 2761 1231 2831 prudentia
1273 2769 1516 2817 tenerum
1569 2761 1827 2816 mundum
1869 2763 1937 2820 ab
1985 2760 2177 2820 initio—

569 2851 786 2916 docuit,
824 2844 1037 2925 quando
1075 2867 1172 2928 per
1195 2853 1514 2923 martyrium
1542 2848 1674 2906 Abel
1696 2843 1823 2920 justi
1853 2865 1950 2922 pro
1978 2852 2134 2907 inno-

569 2946 742 3007 centia
769 2945 1070 3014 ponendam
1100 2945 1332 3001 animam
1359 2943 1778 3010 demonstravit;
1807 2944 1871 2998 de
1905 2943 2134 3011 tejusti-

570 3037 806 3114 tiaeliene
843 3020 1227 3110 zelofervcns,
1259 3032 1451 3089 diaboli
1489 3042 1740 3103 pompam
1782 3034 2134 3102 spernendam

567 3118 845 3180 ct'Christi
875 3124 1060 3196 gratim
1086 3117 1486 3192 obsequendum
1515 3115 1706 3176 suasit.
1733 3120 1840 3177 Per
1873 3130 1925 3176 te
1951 3129 2133 3176 castus

2244 1965 2447 2024 tentes,
2484 1958 2662 2012 omnia
2693 1974 2854 2028 regna
2897 1975 3113 2015 scrvare
3141 1961 3355 2015 modum
3382 1977 3536 2016 suum
3563 1963 3665 2018 sub
3687 1965 3803 2018 dis;

2240 2049 2552 2118 pensatione
2580 2050 2873 2108 divinitatis
2905 2049 3063 2116 Iesu,
3095 2065 3200 2109 non
3238 2051 3409 2106 solum
3434 2068 3551 2123 qua:
3578 2054 3632 2107 in
3667 2056 3806 2123 orbe

2239 2147 2544 2203 moventur,
2574 2139 2699 2208 quin
2729 2139 2892 2192 etiam
2928 2139 3106 2194 omnia
3130 2155 3250 2209 quas
3273 2149 3418 2206 sunt,
3447 2125 3649 2208 vivunt,
3678 2157 3805 2198 sen-

2241 2229 2379 2282 tiunt
2419 2238 2580 2298 atque
2606 2230 2924 2284 'discernunt
2956 2237 3010 2283 et
3027 2229 3147 2297 jura
3177 2245 3398 2286 servare
3436 2242 3632 2286 norunt
3655 2273 3672 2298 ,
3700 2235 3803 2289 sub

2240 2318 2342 2373 hoc
2385 2319 2944 2388 imperiotconsistunt
2981 2319 3048 2372 ab
3078 2320 3248 2374 initio.
3285 2319 3460 2393 [tuber
3489 2337 3704 2392 quoque
3739 2339 3804 2378 ac

2238 2410 2441 2480 grando
2469 2410 2534 2464 de
2568 2411 2830 2473 nubibus,
2869 2401 2958 2465 nix
2979 2449 2994 2475 ,
3025 2412 3214 2480 pruina
3241 2427 3313 2466 ac
3353 2412 3580 2482 glacies,
3624 2428 3714 2467 ros
3748 2424 3804 2468 ct

2238 2512 2484 2552 serenum
2521 2498 2677 2552 simul
2717 2514 2836 2554 cum
2876 2497 3112 2554 fontibus
3151 2508 3207 2554 et
3247 2500 3376 2555 rivis
3415 2500 3466 2554 in
3495 2509 3640 2555 terra
3670 2517 3800 2571 pro-

2237 2585 2522 2641 ﬂuentibus
2550 2578 2858 2640 Creatorem
2889 2596 3148 2642 testantes
3174 2587 3410 2642 laudant.
3439 2589 3638 2645 Arcton
3672 2591 3803 2646 Cre—

2237 2675 2378 2730 ticus
2401 2685 2455 2730 et
2483 2677 2655 2731 omnis
2679 2676 2949 2731 stellarum
2974 2679 3169 2747 positio
3207 2679 3362 2732 simul
3387 2695 3508 2734 cum
3538 2682 3802 2750 vertigine

2218 2766 2347 2842 .poli
2387 2774 2657 2820 auctorem
2704 2768 2995 2836 praedicant
3038 2781 3213 2823 suum.
3241 2768 3469 2824 -Nemini
3518 2771 3809 2841 displiceat

2219 2854 2376 2924 .quod
2407 2854 2557 2918 dico,
2587 2856 2709 2922 quia
2736 2853 3122 2911 Omnitenentis
3151 2856 3335 2912 laudes
3371 2859 3578 2923 scribo,
3608 2868 3665 2914 et
3689 2877 3798 2917 non

2235 2941 2534 2999 irrisionem
2556 2942 2638 2996 vel
2666 2943 2900 2997 dolorem
2915 2934 2918 2937 ’
2931 2943 3088 2997 alicui
3119 2945 3322 3014 iugero.
3339 2944 3667 3010 Benedicite,
3682 2961 3792 3001 om-

2222 3031 2319 3095 nia
2348 3043 2510 3101 opera
2536 3032 2764 3105 Domini,
2799 3034 3078 3088 Dominum
3113 3052 3128 3087 :
3160 3043 3372 3088 cantate
3397 3043 3450 3107 et
3485 3036 3696 3104 psallite
3723 3037 3798 3091 ei.

2233 3120 2480 3178 Laudans
2516 3121 2659 3176 dicat
2681 3121 2860 3190 justus
2878 3162 2892 3186 ,
2920 3124 3063 3192 quod
3091 3123 3334 3178 Christus
3367 3126 3419 3179 in
3456 3140 3620 3180 cruce
3647 3127 3799 3180 cxal-
3827 3152 3832 3156 -

566 3230 717 3268 antur
757 3214 811 3266 in
853 3213 1052 3269 sanctis
1092 3207 1186 3266 Dei
1231 3211 1390 3282 erigit
1425 3213 1591 3283 seiad
1631 3211 1943 3268 sectandum
1966 3212 2131 3266 utilia
2158 3203 2202 3264 C
2235 3218 2373 3265 tatus
2400 3210 2580 3266 omnia
2617 3213 2794 3268 trahat
2818 3212 3167 3282 adseipsum,
3195 3223 3249 3267 et
3267 3213 3472 3269 electos
3496 3230 3624 3269 suos
3651 3217 3798 3269 miti-

565 3303 783 3366 cnnsilia
805 3344 820 3368 ,
862 3304 965 3358 hoc
1000 3312 1120 3368 est,
1153 3300 1449 3359 doctrinam
1485 3301 1859 3357 mandatorum
1897 3301 1992 3357 Dei
2024 3320 2036 3355 :
2072 3311 2130 3356 ut

567 3388 1052 3463 fraudem'tnaligni
1083 3387 1153 3446 de
1178 3385 1545 3462 penetralibus
1583 3391 1802 3454 humani
1833 3377 2017 3448 cordis
2038 3409 2132 3450 au»

567 3481 724 3550 ferat,
756 3491 812 3538 et
840 3480 1022 3539 fideles
1050 3481 1145 3537 Dei
1171 3481 1509 3539 attendentes
1531 3481 1597 3536 ad
1621 3482 1859 3538 cmlcstia
1885 3484 2126 3554 praemia,

565 3557 1015 3649 superarccamis
1035 3563 1496 3642 concupiscentias
1508 3571 1693 3626 doceat
1709 3587 1725 3637 ;
1741 3560 1960 3642 ipseque
1978 3588 2131 3626 amor

549 3670 661 3730 ‘per
680 3647 993 3715 universam
1027 3647 1208 3726 mundi
1249 3659 1584 3731 latitudinem
1621 3669 1838 3716 sanctos
1876 3663 2130 3733 pnedica-

513 3805 521 3822 ,
567 3760 711 3804 tores
738 3738 900 3816 ducit,
934 3749 1388 3823 argnentes’vitia,
1412 3757 1467 3805 et
1496 3750 1724 3804 virtutes
1752 3749 2129 3805 commendatr-

563 3850 644 3894 tcs
673 3839 1028 3910 docentes'que
1053 3853 1150 3910 per
1179 3836 1525 3907 Evangelium
1557 3837 1898 3908 Bedemptpri
1930 3842 2127 3909 gratias

485 3941 501 3946 ·
554 3930 846 4000 agendum,
874 3925 963 4000 qui
988 3913 1280 3986 secundum
1309 3938 1549 3986 veterum
1577 3931 1913 4000 prophetiam
1945 3928 2126 3986 novis-

560 4022 715 4076 simis
739 4021 1068 4093 temporibus
1092 4021 1400 4077 incarnatus
1423 4029 1527 4087 est,
1551 4030 1604 4078 et
1633 4021 1882 4077 mandata
1915 4023 2127 4076 tradens

563 4109 872 4179 evangelica
911 4106 1077 4181 signis
1106 4118 1161 4163 et
1187 4108 1462 4164 miraculis
1489 4100 1648 4165 verus
1686 4112 1826 4166 Deus
1853 4111 2079 4165 innotuit
2109 4129 2122 4164 :

563 4197 863 4258 cencedens
882 4202 1130 4258 munibus
1153 4187 1393 4256 ﬁdelibus
1415 4201 1512 4256 sibi
1535 4209 1593 4256 ut
1611 4216 1709 4270 per
1733 4201 1892 4256 fidem
1915 4201 2125 4272 plenam

563 4303 619 4346 ct
646 4282 965 4360 baptismum
996 4282 1167 4346 lucem
1197 4299 1452 4344 (eternam
1481 4291 1886 4358 conquirerent,
1920 4288 2126 4358 illisque

560 4383 652 4452 qui
688 4381 905 4436 intentis
935 4379 1150 4435 auribus
1179 4380 1452 4437 cmlestem
1497 4380 1796 4436 doctrinam
1824 4378 2123 4450 capiebant,

561 4472 710 4526 dedit
748 4468 1053 4525 in‘modum
1101 4470 1252 4523 bonae
1297 4479 1455 4523 terra:
1487 4467 1703 4523 uberem
1744 4483 1821 4546 ex,
1850 4467 1998 4522 verbi
2037 4483 2123 4521 se-

560 4563 706 4618 mine
735 4561 989 4615 virtutum
1023 4561 1252 4626 fructum
1279 4556 1541 4628 proferre,
1570 4566 1626 4612 et
1653 4558 1697 4612 si
1727 4543 1830 4626 qua
1860 4548 2123 4612 incentiva
2151 4528 2201 4591 Ῑ)

501 4659 510 4665 ’
561 4662 767 4707 natura:
809 4652 861 4704 in
904 4652 982 4706 eis
1028 4652 1332 4716 orirentur,
1383 4650 1592 4704 abscisa
1640 4641 1910 4721 Evangelii
1956 4648 2126 4702 cultro

491 4763 494 4766 ’
561 4743 774 4795 flauuna
814 4738 1045 4810 Spiritus
1083 4733 1253 4794 sancti
1301 4747 1708 4803 coneremaret,
1761 4748 1819 4792 ut
1859 4739 1975 4793 sine
2020 4737 2125 4793 ullo

559 4829 941 4899 impedimento
979 4826 1215 4882 divinum
1243 4842 1458 4896 germen
1495 4834 1549 4880 et
1582 4825 1886 4895 spirituales
1911 4825 2127 4881 delicias

560 4922 672 4991 regi
712 4920 925 4976 Christo
963 4919 1296 4976 exhiberem.
1335 4917 1442 4978 llos
1482 4931 1612 4987 ergo
1654 4917 1858 4972 fructus
1891 4903 2144 4989 primum

559 5009 692 5064 ﬁdes
715 5017 770 5062 et
795 5009 980 5079 religio
999 5006 1300 5062 Christiana
1322 5020 1420 5080 per
1445 5005 1824 5078 prmdicatores
1849 5005 2121 5081 Evangelii

559 5098 855 5166 plantavit,
891 5097 1080 5153 deinde
1104 5097 1276 5166 gratia
1307 5096 1561 5156 virtutum
1597 5110 1759 5164 puros
1797 5103 1851 5149 et
1883 5095 1951 5149 ab
1975 5096 2118 5149 omni

559 5189 718 5244 sorde
740 5176 949 5241 alienos
987 5187 1217 5241 ostendit
1261 5205 1273 5240 :
1310 5186 1502 5245 dehinc
1530 5185 1785 5255 patientia
1812 5193 2115 5240 sanctorum

559 5279 614 5335 in
659 5275 1089 5331 tribulationibus
1111 5270 1403 5346 ,prdbavit;
1443 5284 1658 5345 pactum
1691 5289 1905 5344 quoque
1940 5282 1998 5327 ct
2032 5288 2118 5327 so-

559 5368 728 5422 cietas
765 5381 901 5419 vera:
939 5364 1236 5419 concordia:
1281 5363 1612 5423 coadnnatos
1647 5381 1700 5418 et
1739 5363 2120 5434 inseparabiles

560 5455 1013 5521 tlctttonstrando,
1048 5455 1299 5526 stabilivit
1341 5473 1355 5508 :
1397 5456 1519 5510 exin
1560 5457 1718 5510 modo
1754 5457 1954 5510 virtute
1991 5470 2119 5509 con-

553 5547 772 5600 stantia:
799 5545 1011 5599 fortiter
1047 5546 1466 5609 roburantnr,et
1497 5561 1597 5614 per
1632 5561 1811 5600 veram
1841 5545 2116 5604 humilita-

554 5643 667 5685 tem
713 5632 865 5686 illzesi
911 5631 1284 5687 ettstOtIi-unutr
1303 5670 1322 5695 ,
1375 5641 1433 5686 ut
1479 5647 1580 5700 per
1619 5633 2003 5688 discretionem
2060 5633 2115 5689 in

2232 3310 2313 3378 tes
2336 3301 2523 3357 invitet
2550 3301 2616 3355 ad
2649 3318 2919 3358 coronam.
2954 3303 3070 3358 Non
3093 3304 3235 3359 enim
3266 3303 3342 3359 fas
3375 3311 3457 3359 est
3495 3314 3554 3360 ut
3588 3306 3656 3359 in,
3681 3306 3802 3360 Ian.

2230 3387 2404 3450 dando
2431 3382 2774 3450 conditorem-
2806 3395 3076 3450 discordet
3113 3394 3320 3451 factura
3349 3393 3500 3463 ejus,
3539 3394 3637 3448 sed
3664 3409 3802 3463 gau-

2229 3479 2360 3536 dens
2406 3482 2655 3537 concinat
2699 3483 2800 3537 sibi
2837 3481 3042 3537 debitas
3083 3482 3284 3548 laudes.
3334 3481 3591 3537 Universa
3635 3498 3800 3551 aqua)

2229 3568 2468 3632 natantia
2497 3577 2550 3623 et
2583 3570 2848 3638 serpentia
2883 3576 3069 3634 terrae,
3093 3563 3302 3624 montes
3327 3577 3382 3624 et
3404 3569 3600 3634 colles,
3629 3585 3796 3624 arena

2229 3651 2413 3734 maris,
2443 3657 2546 3716 luci
2571 3668 2624 3714 et
2660 3659 2837 3731 omnia
2867 3659 3008 3728 ligna
3038 3659 3310 3720 silvarum,
3339 3657 3484 3723 ferte,
3513 3674 3713 3728 pecora
3743 3667 3802 3714 et

2231 3732 2408 3808 truces
2444 3750 2654 3812 bestize,
2696 3764 2905 3805 vermes
2936 3749 3170 3818 pulverei
3207 3757 3262 3802 et
3301 3749 3498 3804 minuta
3533 3748 3796 3813 volatilia,

2228 3855 2353 3894 aves
2374 3850 2663 3894 mansueta:
2683 3848 2736 3893 et
2757 3839 3056 3895 lacerantes
3077 3836 3424 3910 nnguibusao
3443 3854 3611 3911 genus
3639 3838 3799 3896 Chri-

2226 3929 2471 3993 sticolum
2497 3932 2508 3982 !
2542 3945 2647 3999 quo
2675 3929 2797 3985 εαξιί
2833 3939 2887 3983 et
2917 3938 3059 3983 terra
3096 3929 3439 3994 decorantur,
3469 3944 3500 3981 a
3530 3928 3682 3983 vobis
3713 3930 3798 3982 lu-

2227 4034 2348 4072 men
2378 4017 2498 4072 lldei
2527 4026 2582 4074 et
2615 4019 2783 4073 virtus
2821 4019 3214 4088 praedicationis
3239 4009 3518 4087 prodiens,
3562 4017 3794 4087 legatio-

2227 4123 2348 4162 nem
2385 4108 2495 4177 agit
2531 4108 2596 4162 ad
2635 4117 2819 4178 gentes
2839 4146 2855 4174 ,
2896 4124 3084 4178 preces
3112 4109 3338 4172 excitat,
3369 4109 3435 4162 ad
3464 4110 3793 4178 baptismum

2226 4194 2448 4263 invitat;
2489 4198 2581 4252 scd
2612 4200 2840 4252 maxime
2882 4199 3159 4253 doctorum
3189 4214 3367 4254 sermo
3403 4199 3657 4268 praeclara
3695 4214 3797 4254 ex-

2226 4289 2526 4342 hortatione
2565 4288 2740 4344 dolum
2770 4289 2963 4344 diaboli
3003 4290 3262 4352 denudat,
3307 4297 3362 4343 et
3391 4291 3666 4359 acquisitis
3691 4305 3798 4358 per

2227 4377 2319 4431 Dei
2349 4377 2576 4447 gratiam
2607 4377 2791 4431 electis
2811 4378 3029 4448 exponit
3057 4378 3333 4433 victoriam
3358 4377 3576 4432 Christi.
3603 4378 3799 4433 Omni-

2225 4467 2326 4520 bus
2365 4465 2607 4520 lidelibus
2653 4467 2752 4520 hoc
2791 4467 3027 4534 quotidie
3064 4467 3400 4536 praedicatur,
3442 4481 3540 4520 nec
3580 4481 3687 4520 non
3733 4477 3797 4521 et

2224 4557 2465 4626 paganis,
2492 4565 2545 4610 ct
2574 4555 2718 4611 falsis
2743 4556 3090 4622 Christianis,
3121 4564 3174 4611 et
3197 4539 3461 4610 brereticis
3489 4571 3609 4609 eum
3637 4571 3794 4609 sum-

2227 4663 2313 4702 ma
2341 4627 2599 4703 modestia
2627 4658 2681 4704 et
2709 4639 2964 4716 patientia
2992 4649 3288 4704 intimatur;
3327 4649 3426 4714 Qui
3452 4663 3581 4719 ergo
3608 4650 3794 4703 credi-

2226 4738 2365 4790 derit
2393 4739 2555 4792 vcrbo
2585 4738 2708 4801 Dei,
2740 4735 3057 4801 salvabitur;
3088 4739 3178 4807 qui
3205 4747 3382 4792 autem
3409 4754 3512 4793 non
3540 4739 3797 4801 credide-

2226 4828 2325 4893 rit,
2365 4837 2458 4880 aut
2491 4828 2671 4898 pravis
2699 4827 2948 4896 operibus
2974 4827 3130 4882 fidem
3160 4828 3509 4891 destruxerit,
3541 4829 3594 4882 in
3622 4839 3793 4884 aster-

2225 4919 2739 4983 nnmdamnabitur.
2773 4919 2936 4986 Igitur
2959 4919 3084 4988 quia
3122 4918 3318 4973 Christi
3347 4921 3516 4989 gratia
3547 4920 3600 4974 in
3626 4921 3792 4976 caelis

2223 5019 2277 5064 et
2303 5011 2355 5064 in
2384 5011 2540 5064 terris
2570 5010 2856 5073 redundat,
2887 5011 3021 5064 bene
3066 5007 3321 5063 condecet
3354 5018 3409 5062 ut
3439 5009 3674 5063 cretestia
3707 5012 3792 5063 si-

2225 5098 2331 5149 mul
2362 5107 2416 5150 et
2449 5099 2720 5152 terrestria
2748 5114 2843 5151 ore
2869 5112 3104 5165 consono
3134 5098 3316 5152 laudes
3352 5097 3462 5152 Deo
3489 5099 3786 5154 decantent

2222 5196 2275 5240 et
2314 5187 2516 5255 gratias
2557 5178 2734 5256 agant.
2779 5186 3009 5253 Populus
3053 5174 3259 5240 Domini
3306 5195 3361 5241 et
3401 5201 3530 5241 oves
3565 5201 3787 5256 pascuae

2219 5273 2361 5342 ejus,
2393 5274 2702 5344 qui‘partim
2733 5274 2789 5327 in
2829 5274 2976 5328 caelis
3003 5273 3115 5343 jam
3139 5289 3265 5328 cum
3302 5274 3525 5328 Domino
3557 5289 3785 5345 regnas,

2215 5362 2418 5430 partim
2438 5363 2613 5418 adhuc
2637 5362 2992 5432 peregrinaris
3013 5362 3066 5414 in
3096 5370 3259 5425 terra,
3293 5375 3395 5414 una
3423 5361 3561 5413 ratio
3582 5376 3678 5414 vos
3707 5362 3785 5417 ad

2219 5452 2538 5511 laudandum
2577 5453 2743 5507 Deum
2786 5453 3002 5516 incitat,
3039 5468 3174 5520 quos
3215 5468 3376 5506 unum
3419 5453 3673 5522 gaudium
3720 5457 3779 5507 ελ

2219 5541 2368 5596 cmlis
2398 5550 2690 5610 exspectat.
2729 5541 2862 5596 Nam
2899 5544 3040 5612 quod
3078 5543 3260 5596 datum
3297 5551 3382 5597 est
3407 5544 3518 5617 jam
3555 5550 3780 5606 tenetis.

2218 5643 2270 5686 et
2294 5623 2432 5700 quod
2459 5631 2774 5710 promissum
2798 5642 2879 5688 est
2907 5635 3168 5688 veraciter
3194 5633 3466 5702 accipietis
3483 5673 3498 5697 ,
3520 5633 3650 5702 quia
3682 5633 3780 5700 qui

523 5731 899 5783 magmentum
932 5721 1199 5793 prolicere
1237 5721 1487 5786 valeant,
1527 5730 1582 5775 et
1613 5739 1718 5791 per
1743 5713 2114 5795 longanimcm
2209 5724 2458 5792 promisit
2494 5726 2610 5778 sine
2641 5725 2800 5781 dubio
2837 5726 2890 5779 in
2919 5726 3070 5802 vobis
3097 5741 3191 5782 sua
3209 5726 3478 5796 promissa
3505 5719 3778 5793 "implebit.
