3958 6338
190 279 287 338 973

183 484 435 546 salvator,
463 480 620 535 Jesus
647 477 892 532 Christus
920 474 1174 528 Dominus
1201 481 1401 527 noster.

668 621 670 623 ’
771 604 1011 662 CAPUT.
1034 602 1163 659 Vill.

185 740 262 799 De
302 751 494 797 octaow
530 738 711 810 speciei
730 738 946 810 forma,
984 733 1070 810 ubi
1104 732 1167 786 de
1200 726 1505 785 duodenarii
1543 727 1742 780 numeri

639 804 839 860 ratione
866 804 1153 875 expositum
1186 810 1277 855 est.

251 938 501 995 Christus
522 938 701 1008 itaque
733 935 967 998 salvator
996 940 1195 997 noster,
1227 912 1495 1005 Christus,
1525 935 1616 986 rex
1648 928 1743 984 mi-

187 1032 443 1093 tissimus,
474 1028 707 1099 incmlis
742 1033 929 1094 regnat
956 1042 969 1076 :
999 1023 1281 1078 consilium
1311 1022 1599 1091 Optimum,
1632 1020 1740 1073 vir-

186 1128 271 1173 tus
305 1118 398 1172 Dei
424 1106 603 1184 Patris
634 1131 859 1178 summa,
888 1122 942 1167 et
967 1111 1264 1167 benedictio
1296 1109 1649 1173 vera,:lumen
1678 1108 1744 1163 de

185 1210 406 1273 lumine,
434 1217 488 1262 et
507 1222 573 1262 ex
596 1207 703 1260 Deo
724 1215 962 1275 genitore
987 1202 1163 1256 divina
1192 1201 1367 1271 proles
1391 1203 1585 1268 genita.
1612 1197 1745 1252 [line

186 1300 435 1354 videlicet
467 1299 629 1352 totius
650 1294 789 1363 juris
813 1294 962 1363 origo
985 1300 1067 1347 est
1090 1306 1103 1345 :
1133 1293 1200 1346 ad
1227 1292 1369 1345 hunc
1395 1290 1603 1344 fabrum
1634 1297 1743 1343 tota

184 1388 306 1444 οωιί
337 1396 393 1442 et
420 1396 579 1441 teme
605 1386 802 1441 fabrica
830 1383 1075 1453 respicit,
1106 1383 1171 1436 ad
1202 1383 1343 1437 hunc
1370 1382 1599 1451 pertinet
1624 1396 1741 1435 om-

185 1479 272 1533 nis
294 1478 550 1532 virtutum
576 1476 752 1540 decor,
776 1491 804 1528 a
827 1476 980 1545 cujus
1006 1474 1242 1528 bonitate
1265 1481 1319 1527 et
1343 1473 1563 1539 veritate
1587 1486 1744 1525 omne

184 1568 383 1623 bonum
406 1580 695 1634 verumque
725 1564 799 1629 fit,
830 1564 1047 1632 ipseque
1066 1560 1331 1615 mirabilis
1357 1560 1501 1614 solus
1530 1559 1745 1613 mirabi-

1162 274 1246 329 οε
1282 274 1622 330 musteus
1662 273 1718 327 s.
1756 270 2021 350 cauas.
2059 300 2128 309 —
2165 269 2292 325 LIB.
2328 269 2390 325 ιι.

184 411 278 449 rcx
304 394 488 462 utique
514 398 717 451 vester,
758 386 1003 457 proprius
1041 393 1095 439 ct
1132 376 1414 446 sacerdos,
1447 392 1654 436 creator
1690 388 1742 434 ct
1771 384 1818 442 Α

3297 269 3397 327 271

2428 380 2671 437 CAPUT
2705 380 2793 436 lX.

1842 470 1919 525 De
1944 487 2080 525 nona
2110 472 2303 542 ﬁgura,
2324 488 2438 542 qua:
2462 472 2663 524 dierum
2692 472 2815 525 anni
2843 486 3108 524 numerum
3146 472 3198 524 in
3227 488 3394 525 crum

2396 542 2561 610 specie
2586 542 2827 594 continet.

1911 651 2001 705 Sol
2031 660 2087 706 et
2108 650 2231 704 luna
2252 690 2265 715 ,
2295 664 2362 704 en
2392 665 2532 705 nunc
2560 650 2879 717 competenti
2903 649 3087 704 ordine
3116 649 3394 702 Dominum

1840 742 2019 797 Jesum
2060 741 2330 796 Christum
2377 740 2709 805 benedicite,
2751 739 2875 807 quia
2921 748 3099 793 sancta
3137 751 3269 791 crux
3315 748 3397 792 est

1843 842 2015 886 vester
2049 833 2253 896 honor,
2278 827 2484 885 stabilis
2520 829 2640 896 lux,
2686 830 2976 899 dispositus
3011 830 3169 895 ordo,
3208 831 3392 893 series,

1842 921 1957 975 laus
1978 930 2029 975 et
2049 922 2304 989 probitas,
2327 920 2587 989 spirituali
2612 920 2807 974 lumine
2828 936 2921 989 per
2943 931 3131 976 cuncta
3158 930 3394 990 tempera

1843 1028 1934 1065 vos
1971 1012 2260 1066 illustrans.
2290 1003 2395 1067 Vos
2426 1028 2635 1082 quoque
2670 1012 2772 1066 hoc
2810 1014 3034 1066 termino
3054 1054 3067 1078 ,
3099 1029 3254 1081 quem
3284 1014 3393 1081 ipsa

1843 1105 1895 1158 in
1939 1112 2168 1172 quatuor
2212 1102 2501 1172 hexagonis
2541 1109 2595 1155 et
2638 1099 2862 1157 monade
2908 1101 3043 1156 inter
3086 1116 3178 1156 cos
3227 1102 3398 1170 posito

1842 1192 2141 1262 portendit,
2177 1191 2289 1246 dies
2325 1199 2380 1244 et
2418 1200 2602 1246 noctes
2632 1190 2789 1243 totius
2817 1190 2943 1243 anni
2981 1190 3170 1245 solaris
3199 1205 3398 1245 cunnus

1843 1284 2061 1338 moratis
2100 1282 2428 1351 aequatisque
2488 1280 2554 1333 ad
2606 1265 2985 1351 perfectionem
3027 1279 3147 1347 ejus
3190 1280 3396 1333 municri

1843 1387 2056 1427 cursum
2083 1350 2341 1425 vestrum.
2374 1367 2635 1423 Praedicta
2663 1350 2989 1438 ergo'fignra
3016 1367 3138 1435 ejus.
3159 1368 3316 1422 habet
3346 1370 3397 1421 in

1843 1478 1900 1517 se
1934 1462 2110 1517 tricies
2136 1461 2301 1516 denos
2325 1468 2379 1513 et
2406 1459 2583 1513 decies
2612 1473 2792 1520 senos,
2816 1466 2973 1526 atque
3003 1458 3215 1528 insuper
3238 1459 3398 1527 quin-

1798 1542 1811 1557 ⁴
1844 1555 1995 1622 quies
2040 1553 2322 1606 unitatem.
2369 1550 2463 1603 llis
2502 1549 2696 1619 quippe
2738 1549 2976 1603 numeris
3024 1557 3136 1602 rota
3177 1549 3305 1603 solis
3347 1561 3404 1603 ct

185 1659 258 1714 lia
292 1659 425 1714 facit
451 1676 464 1711 :
495 1673 523 1711 a
557 1657 705 1727 cujus
724 1654 931 1724 justitia
958 1653 1236 1707 ordinatur
1266 1650 1520 1720 quidquid
1553 1651 1606 1704 in
1633 1664 1745 1705 cce-

1846 1636 1981 1698 luna:
2008 1657 2223 1697 cursum
2256 1654 2409 1695 suum
2444 1638 2687 1693 noscitur
2713 1638 2915 1703 indere,
2943 1646 3169 1709 quatuor
3193 1638 3401 1693 vicissia

184 1713 257 1804 its
280 1713 368 1802 vel
393 1748 445 1802 in
475 1713 638 1801 terris
653 1713 791 1814 jusw
815 1743 1136 1822 decernitur,
1162 1713 1429 1810 probatur
1455 1748 1507 1795 et
1542 1738 1745 1810 profer—
1774 1713 1819 1771 Β
1850 1733 2058 1787 tudines
2097 1730 2395 1801 temporum
2436 1730 2521 1783 his
2560 1729 2926 1822 includuntur;
2956 1742 3099 1799 'quos
3125 1746 3310 1807 omnes
3345 1730 3399 1784 in

185 1835 292 1903 tur,
319 1837 573 1908 quidquid
597 1835 813 1890 honoris
837 1834 1033 1889 habent
1058 1833 1229 1903 angeli
1255 1832 1398 1899 boni,
1420 1840 1473 1885 et
1492 1831 1746 1902 quidquid

186 1946 364 2001 ptenze
389 1921 646 1983 sufl'erunt
679 1922 850 1994 angeli
891 1922 1049 1987 mali;
1095 1938 1194 1976 nec
1229 1937 1334 1976 non
1364 1928 1417 1976 et
1450 1920 1577 1976 illud
1606 1920 1747 1990 quod

187 2018 436 2083 Christus
474 2014 827 2071 idololatriam
861 2014 926 2067 de
960 2012 1157 2067 mundo
1191 2012 1393 2083 expulit
1427 2020 1481 2066 et
1510 2012 1746 2066 divinum

184 2107 391 2163 cultum
428 2104 723 2159 renovavit.
768 2099 966 2155 Horum
1010 2101 1169 2171 igitur
1212 2102 1448 2157 omnium
1485 2102 1747 2156 bonorum

185 2204 376 2250 auctor
407 2200 491 2249 est
516 2191 771 2247 Dominus
804 2190 1050 2245 Christus
1071 2231 1084 2256 ,
1124 2190 1215 2261 qui
1249 2191 1301 2245 in
1343 2192 1537 2247 vexillo
1573 2192 1748 2247 crucis

187 2299 296 2341 suae
321 2282 537 2353 honoris
560 2289 615 2335 et
635 2279 913 2351 potestatis
932 2280 1159 2349 propriae
1172 2278 1372 2348 judicia
1395 2281 1745 2335 demonstrat.

187 2371 526 2440 Quapropter
571 2368 818 2440 congruit
862 2376 921 2423 ut
963 2383 1059 2422 nos
1107 2368 1387 2439 terrigenas
1429 2378 1484 2424 et
1517 2370 1747 2439 paradisi

186 2465 403 2520 exsules
432 2473 679 2518 notemus
706 2462 804 2517 hos
836 2461 1013 2517 radios
1039 2476 1173 2531 quos
1208 2460 1451 2517 diffundit
1485 2463 1599 2517 haec
1626 2477 1749 2517 san-

182 2562 287 2609 cte
312 2552 489 2608 crucis
521 2553 755 2623 species,
783 2567 881 2624 per
913 2567 1069 2621 quam
1095 2552 1340 2607 Christus
1369 2567 1464 2607 nos
1500 2552 1671 2606 salvat
1696 2560 1751 2606 et

188 2640 366 2696 reddit
402 2629 737 2712 splendorem
772 2642 990 2698 luminis
1024 2657 1181 2712 quem
1228 2642 1585 2713 protoplastus
1625 2658 1779 2721 pec-7

187 2746 319 2787 cans
345 2732 472 2788 olim
506 2731 621 2801 iam
647 2732 914 2789 amiserat.
945 2733 1216 2803 Quotquot
1253 2746 1381 2804 ergo
1417 2748 1445 2787 a
1484 2734 1748 2805 principio

187 2820 285 2875 hos
309 2821 491 2875 radios
522 2821 625 2875 rite
663 2826 1012 2891 agnoscentes
1042 2822 1453 2897 venerabuntur,
1480 2830 1747 2892 perpetuze

186 2905 322 2963 lucis
336 2922 561 2964 munere
575 2910 941 2979 perfruuntur,
958 2911 1249 2979 crebroque
1264 2911 1364 2965 hoc
1370 2909 1391 2979 j
1398 2911 1561 2966 ubare
1574 2910 1748 2964 vibra-

189 2995 318 3050 bant
347 3011 498 3051 arma
536 2999 944 3067 prophetarum,
987 3008 1039 3054 et
1074 3015 1191 3054 sors
1230 2998 1515 3068 apostolica
1554 2998 1746 3070 praedi-

187 3099 316 3142 cans
338 3085 439 3143 hac
467 3085 585 3143 luce
607 3086 853 3151 nobiliter
877 3089 1220 3153 coruscabat;
1250 3088 1455 3166 hocque
1482 3089 1589 3144 sole
1615 3089 1745 3145 ﬁdes

185 3176 385 3241 Christi
414 3184 526 3232 toto
551 3178 680 3232 orbe
701 3182 962 3233 terrarum
986 3177 1205 3244 relucet,
1231 3169 1390 3247 atque
1418 3179 1555 3233 bona
1585 3179 1745 3234 corda

188 3265 465 3322 hominum
503 3274 727 3337 votaque
756 3269 838 3337 pia
867 3275 1170 3323 sanctorum
1206 3276 1430 3338 patent:
1461 3267 1592 3337 justi
1618 3284 1747 3338 quo-

184 3371 291 3426 que
310 3355 494 3412 divino
517 3370 737 3412 munere
758 3356 1039 3426 pollentes,
1059 3372 1155 3427 per
1180 3359 1401 3430 mystica
1423 3360 1590 3429 signa,
1616 3360 1748 3414 olim‘

179 3446 293 3518 jam
319 3445 565 3514 patribus
596 3447 816 3511 tradita,
843 3447 1040 3503 bonum
1075 3457 1130 3504 et
1166 3450 1428 3506 salubrem
1457 3450 1746 3519 conjiciunt

172 3537 418 3602 radium,
447 3546 501 3591 et
526 3536 746 3606 proinde
771 3538 1032 3593 mandatis
1061 3535 1153 3593 Dei
1182 3540 1399 3596 obedire
1426 3542 1744 3610 persuadent

184 3626 425 3697 populis,
463 3641 585 3681 cum
618 3625 831 3701 Christo
868 3628 1142 3683 ascribunt
1182 3629 1279 3684 soli
1328 3629 1743 3700 profunditatem

184 3715 563 3786 mysteriorum
591 3714 763 3786 dignis
792 3716 1061 3782 revelare,
1097 3725 1153 3773 et
1180 3718 1317 3773 dona
1345 3722 1595 3789 perennis
1623 3722 1743 3776 vitae

184 3803 686 3863 ﬂdelibus.tradere.
718 3804 965 3860 Christus
990 3821 1117 3877 ergo
1145 3824 1234 3863 rex
1272 3824 1512 3864 summus
1546 3819 1597 3865 et
1634 3825 1743 3866 ca:-

184 3892 334 3949 lestia
357 3892 598 3949 tribuens
618 3893 894 3962 Dominus,
915 3911 1137 3951 munere
1162 3898 1339 3952 divino
1360 3901 1618 3955 scandens
1635 3901 1739 3969 alta

184 3983 358 4039 crucis
383 3984 597 4048 robora,
625 3983 906 4040 manifeste
933 3984 1351 4049 innotuit,_hane
1379 3988 1608 4056 speciem
1635 3989 1741 4041 for-

182 4072 402 4136 mando,
427 4087 526 4141 per
548 4072 687 4126 hanc
710 4087 768 4127 se.
791 4072 1024 4143 pandere
1045 4072 1210 4131 caelos
1232 4074 1449 4139 mundo,
1473 4084 1530 4130 et
1554 4076 1664 4130 vult
1684 4085 1740 4130 ut

183 4170 474 4228 sequentes
509 4160 624 4229 ejus
661 4160 913 4231 vestigia,
945 4160 1069 4214 vita:
1108 4176 1203 4230 per
1240 4162 1378 4216 hanc
1412 4164 1739 4232 reperiamus

178 4246 487 4302 introitum.
517 4247 755 4318 Denique
793 4258 980 4319 quater
1010 4258 1188 4306 ternos
1213 4232 1417 4316 ventos,
1442 4268 1473 4307 a
1512 4262 1741 4324 quatuor

183 4335 349 4408 plagis
374 4337 560 4391 mundi
588 4345 639 4391 et
662 4337 861 4392 ambitu
888 4337 1085 4393 Oceani
1112 4339 1164 4392 in
1190 4339 1373 4395 habitu
1403 4352 1601 4397 sancta:
1625 4358 1739 4397 cru-

183 4426 257 4479 cis
284 4425 600 4493 conjunctos
623 4434 677 4479 et
702 4426 1044 4489 coadunatos,
1068 4414 1311 4482 Salvator
1333 4430 1571 4484 salubres
1590 4429 1737 4497 fecit,

184 4513 442 4583 signaque
464 4512 740 4569 duodecim
753 4529 874 4569 eum
896 4516 1165 4571 mensibus
1183 4518 1294 4572 suis
1315 4518 1426 4588 ipse
1444 4519 1742 4575 dominator

184 4602 513 4669 suStentans,
529 4605 737 4675 regitet
754 4605 1033 4675 gubernat,
1056 4621 1118 4661 ac
1131 4606 1370 4662 duodena
1390 4610 1558 4679 spatia
1584 4611 1741 4664 hora-

184 4710 297 4748 rum
326 4696 539 4749 oriente
575 4694 687 4749 sole
715 4695 946 4764 disponit
972 4696 1340 4751 ordinabiliter
1367 4700 1502 4755 trahi
1533 4684 1747 4770 etper?

181 4784 301 4839 duci
331 4772 399 4838 ad
429 4783 813 4839 occasum.'Ad
840 4786 952 4839 haec
978 4800 1190 4857 quoque
1230 4783 1478 4843 universa
1514 4789 1735 4844 demon-

164 3870 182 3909 l

180 4874 394 4929 stranda
423 4873 729 4929 distributio
742 4872 1049 4930 duodenarii
1075 4876 1732 4951 numeri,quadrangulam
1806 4894 1807 4897 η

181 4974 377 5021 Sanctae
412 4964 592 5019 crucis
618 4953 840 5038 formam
870 4948 1120 5035 complet:
1151 4948 1593 5043 omnia'namque
1619 4969 1733 5021 vin-

181 5054 296 5110 cula
328 5060 670 5122 peccatOrum
702 5062 1033 5118 nostrorum,
1067 5055 1257 5121 quibus
1290 5042 1561 5109 constricti
1589 5064 1733 5108 tene-

181 5146 391 5209 bamur,
424 5158 558 5198 crux
582 5142 801 5207 Christi,
832 5143 995 5212 gloria
1022 5152 1225 5207 nostra,
1250 5144 1481 5207 resolvit,
1514 5145 1729 5212 ipsaque

181 5241 356 5285 erecta
395 5244 548 5285 sacra
576 5230 696 5285 caeli
734 5231 922 5299 gaudia
954 5230 1181 5300 juraque
1216 5242 1370 5286 terra:
1406 5234 1648 5303 proponit
1677 5244 1730 5287 et

184 5322 357 5390 signat
378 5361 393 5385 ,
424 5319 608 5375 laudat
633 5330 683 5374 et
710 5322 897 5391 probat
916 5363 929 5389 ,
959 5322 1176 5391 ipsaque
1204 5322 1442 5379 fidelibus
1466 5324 1731 5379 ueraciter

181 5409 330 5467 αλιιῙο
339 5421 404 5465 rt.
489 5442 493 5446 ›

1850 1822 2234 1892 quinquaginta
2263 1820 2466 1874 duabus
2490 1802 2910 1874 hebdomadibus
2934 1828 2992 1874 et
3014 1802 3242 1882 monade
3265 1835 3411 1873 unus

1847 1912 2047 1981 pariter
2071 1909 2407 1979 amplectitur
2428 1924 2621 1963 annus.
2648 1908 2729 1963 Ad
2750 1910 2887 1963 hanc
2907 1909 3046 1963 diem
3067 1911 3176 1979 jam
3200 1909 3403 1965 bi'ron-

1851 2003 1918 2057 tis
1946 2000 2173 2054 reditum
2194 2006 2339 2053 tenet
2362 1999 2449 2053 hic
2475 1998 2609 2053 ordo
2639 2015 2651 2051 :
2684 1997 2749 2051 ad
2770 1999 2908 2052 hanc
2933 1999 3125 2054 transit
3148 1999 3401 2053 horarum

1848 2091 2043 2154 series,
2078 2097 2375 2158 temporum
2404 2088 2715 2160 vicissitudo
2736 2129 2751 2153 ,
2780 2088 2987 2144 annalis
3028 2088 3310 2154 circuitus,
3346 2099 3407 2142 et

1847 2188 2112 2235 astrorum
2136 2194 2357 2244 cursus;
2394 2179 2611 2249 ipseque
2638 2180 2909 2249 quadrans
2939 2180 3191 2234 horarum
3219 2196 3402 2251 supco-

1846 2284 2045 2323 vacuus
2067 2281 2224 2336 supra
2252 2280 2530 2321 numerum
2554 2276 2759 2323 certum
2779 2267 3006 2333 dierum,
3031 2284 3187 2337 quem
3213 2269 3263 2323 in
3290 2270 3399 2324 dis-

1846 2358 2111 2429 positione
2140 2372 2232 2412 sex
2262 2357 2583 2428 angulorum
2610 2366 2837 2427 quatuor
2872 2359 3263 2429 hexagonorum
3287 2375 3403 2415 san-

1848 2451 1932 2503 cta
1960 2465 2090 2504 crux
2117 2452 2353 2515 denotat,
2381 2450 2551 2505 ociter
2575 2450 2639 2504 ad
2672 2450 2816 2504 illum
2845 2450 3125 2506 terminum
3152 2452 3402 2523 pertingit

1847 2540 1988 2609 quod
2020 2532 2074 2594 in
2103 2539 2440 2611 :equinoctiis
2480 2540 2581 2594 rite
2614 2540 2850 2609 dignosci
2889 2548 3078 2609 potest.
3118 2542 3162 2598 Ο
3190 2558 3397 2597 sacrum

1848 2644 2085 2698 germen,
2110 2630 2251 2700 quod
2285 2628 2571 2684 clara'luce
2596 2628 2717 2685 fidei
2743 2639 2797 2684 et
2822 2625 3104 2699 sapientiai
3124 2633 3280 2693 corda
3307 2634 3399 2687 lio-

1849 2723 2051 2778 minum
2088 2724 2141 2778 in
2180 2723 2415 2778 tenebris
2446 2709 2770 2778 infidelitatis
2801 2724 2973 2793 posita
3009 2724 3310 2779 illuminas:
3345 2735 3397 2778 tu

1846 2828 1908 2869 es
1934 2814 2180 2877 videlicet
2206 2830 2338 2869 crux
2366 2824 2580 2878 sancta,
2613 2814 2883 2870 miraculis
2920 2831 3225 2870 coruscans.
3265 2815 3397 2870 Nam

1845 2914 1902 2960 et
1933 2905 2178 2961 Christus
2204 2906 2331 2960 hinc
2355 2905 2551 2975 ubique
2583 2918 2681 2974 per
2718 2915 2803 2959 tua
2843 2921 3038 2961 cornua
3069 2906 3396 2961 latitudinem

1847 2996 1929 3051 sui
1963 2995 2111 3066 regni
2148 2994 2496 3049 demonstrat.
2535 2995 2614 3049 Tu
2655 2995 2794 3064 regis
2829 2994 3104 3050 fortissimi
3132 3004 3396 3065 sceptrum

1844 3095 1903 3140 et
1922 3090 2013 3139 ara
2040 3084 2133 3138 Dei
2160 3084 2435 3149 altissimi,
2463 3086 2650 3140 ordine
2671 3084 2872 3155 potenti
2908 3084 3145 3140 dilataris
3184 3101 3276 3156 per
3317 3101 3398 3139 oe

1825 3174 1968 3231 ’bem
1997 3192 2011 3227 :
2041 3173 2359 3229 descendisti
2383 3174 2451 3228 ad
2473 3173 2692 3252 inferos,
2724 3175 2895 3230 tendis
2911 3174 2979 3229 ad
2996 3174 3247 3231 cmlestia.
3276 3175 3397 3230 llaec

1844 3262 2007 3318 decus
2037 3269 2089 3318 et
2113 3263 2287 3318 honor
2319 3271 2403 3318 est
2436 3264 2598 3320 totius
2624 3264 2823 3319 mundi.
2851 3264 2975 3319 Sem
3008 3280 3215 3335 quoque
3240 3282 3397 3322 verus
3468 3299 3471 3303 -

1846 3352 1982 3413 idem
2015 3352 2318 3407 nominatus
2356 3361 2557 3417 noster,
2586 3366 2684 3423 per
2707 3353 2858 3425 cujus
2884 3369 3074 3429 nomen
3096 3355 3258 3409 solius
3286 3364 3394 3410 tota

1844 3442 2082 3497 salvatur
2143 3433 2421 3506 creatura,
2457 3458 2671 3497 cursum
2723 3442 2954 3497 siderum
2993 3444 3060 3498 ad
3102 3444 3255 3513 hujus
3290 3443 3394 3497 for-

1841 3549 1984 3589 mam
2011 3542 2305 3603 temperat,
2348 3534 2626 3604 ipsumque
2662 3549 2883 3615 regnum
2911 3534 3031 3589 cmli
3059 3536 3247 3599 donat,
3273 3549 3393 3589 cum

1841 3626 1893 3680 in
1923 3625 2181 3680 hacrsede
2204 3624 2411 3694 positus
2437 3624 2673 3679 claustra
2710 3624 2828 3679 cudi
2865 3625 3016 3680 nobis
3051 3625 3239 3693 aperit.
3273 3624 3393 3679 Hdie

1817 3718 2034 3787 quippe
2070 3718 2361 3772 humanum
2396 3728 2562 3788 genus
2602 3718 2825 3773 laudans
2869 3719 3111 3773 cantibus
3156 3722 3391 3788 exponit,

1822 3820 1959 3865 cum
2000 3810 2254 3878 praadicat
2292 3809 2520 3864 fideliter
2558 3824 2655 3880 pro
2690 3809 2904 3865 Christo
2942 3825 2972 3864 a
3008 3809 3202 3865 Judzris
3228 3814 3394 3867 cruci-

1840 3900 1963 3965 ﬁxo,
1990 3900 2131 3969 quod
2159 3900 2328 3955 media
2358 3900 2442 3954 die
2467 3900 2641 3954 lumen
2672 3900 2902 3955 siderum
2929 3900 3269 3955 obscuratum
3301 3903 3389 3955 sit.

1814 3990 1972 4044 Nam
1999 3990 2180 4045 Iudaea
2207 3989 2455 4044 frendens
2485 3988 2609 4043 licet
2639 3989 2835 4042 invidia
2865 3996 3144 4053 aestuaret,
3178 3989 3393 4043 meliore

1840 4090 2015 4136 tamen
2059 4092 2155 4135 usu
2194 4080 2247 4133 in
2287 4080 2478 4134 arbore
2514 4080 2689 4134 crucis
2724 4080 2865 4134 hunc
2910 4079 3136 4135 fructum
3182 4081 3388 4141 extulit,

1836 4170 1976 4239 quod
2027 4184 2093 4224 ex
2150 4176 2378 4237 quatuor
2427 4168 2597 4238 plagis
2646 4170 2826 4224 mundi
2882 4177 2936 4223 et
2984 4185 3048 4224 ex
3102 4170 3391 4238 quadriflco

1812 4260 2033 4317 :0ceani
2070 4259 2231 4315 limbo
2254 4266 2450 4330 gentes
2485 4268 2542 4314 et
2583 4261 2761 4329 populi
2800 4261 3028 4329 undique
3067 4259 3389 4315 conﬂuentes

1841 4349 2146 4427 spiritualeS
2179 4348 2399 4403 delicias
2442 4358 2754 4418 appeterent
2785 4365 2902 4418 qua:
2929 4350 2982 4403 in
3021 4359 3201 4405 sancta
3230 4364 3389 4403 cruce

1840 4438 2289 4500 demonstrantur,
2328 4444 2386 4489 ut
2409 4437 2576 4491 sacris
2611 4443 2666 4491 et
2703 4438 2942 4509 mysticis
2976 4437 3143 4506 epulis
3178 4437 3386 4507 repleti,

1836 4543 1934 4597 per
1978 4527 2116 4581 dona
2159 4527 2351 4581 summi
2398 4526 2577 4582 Patris
2618 4528 2684 4581 ad
2739 4529 3088 4597 centuplicem
3128 4529 3385 4583 honorum

1811 4628 2055 4687 ‘operum
2078 4617 2390 4686 perveniant
2414 4616 2644 4672 fructum
2661 4658 2676 4683 ,
2701 4626 2756 4673 et
2780 4618 3067 4673 intermixti
3100 4620 3387 4687 splendidis

1836 4723 2025 4763 novem
2048 4706 2324 4761 ordinibus
2364 4707 2698 4777 angelorum,
2730 4710 2783 4763 in
2818 4710 3018 4764 caelesti
3060 4710 3387 4765 beatitudine

1829 4789 1939 4870 ipsi
1966 4808 2227 4869 perpetua
2267 4800 2508 4854 claritate
2540 4800 2791 4870 fulgeant.
2834 4801 3164 4871 Quapropter
3194 4818 3385 4857 moneo

1839 4898 1895 4943 ut
1920 4889 2174 4958 quidquid
2204 4901 2461 4942 canamus
2484 4900 2538 4943 et
2558 4889 2811 4958 quidquid
2846 4890 3139 4944 scribamus
3158 4929 3171 4953 ,
3199 4889 3251 4941 in
3284 4889 3385 4944 Rc-

1835 4976 2125 5044 demptoris
2163 4975 2371 5029 laudem
2406 4984 2572 5030 totum
2610 4986 2878 5032 vertamus
2918 4996 2931 5029 :
2977 4986 3236 5046 quatenus
3284 4978 3385 5033 hac

1834 5078 1936 5117 una
1964 5078 2080 5134 spe,
2109 5078 2270 5132 quam
2292 5079 2389 5133 per
2415 5080 2536 5119 eum
2553 5059 2616 5120 in
2645 5071 2709 5122 eo
2735 5068 2988 5122 habemus
3008 5109 3023 5133 ,
3050 5070 3250 5124 exitum
3272 5072 3385 5125 avi-

1834 5154 1913 5206 dae
1960 5160 2015 5206 et
2057 5153 2323 5207 saevientis
2373 5155 2561 5209 mortis
2611 5165 2979 5224 perpetuaeque
3029 5156 3382 5215 damnationis

1834 5250 1988 5296 scuto
2026 5240 2147 5294 fidei
2187 5241 2500 5311 repellentes
2534 5245 2797 5313 possimus
2830 5246 3087 5310 evadere,
3111 5255 3165 5300 et
3194 5248 3269 5301 sic
3294 5263 3379 5302 re-

1832 5348 1993 5404 gnum
2022 5332 2114 5386 Dei
2142 5348 2372 5402 superna
2400 5334 2516 5389 luce
2552 5335 2779 5389 nitentes
2802 5336 2905 5389 heti
2932 5351 3231 5390 mereamur
3255 5353 3378 5405 pos-
3441 5334 3445 5338 ’

1832 5424 2006 5477 sidere
2035 5428 2412 5492 auctoremque
2438 5432 2674 5478 nostrum
2702 5440 2763 5477 ac
2794 5424 3179 5493 redemptorem
3205 5424 3399 5478 Domi--

1830 5528 1957 5568 num
1986 5512 2163 5567 Jesum
2193 5512 2494 5578 Christum,
2518 5515 2892 5582 omnipotentis
2930 5514 3101 5569 Patris
3138 5515 3382 5569 videlicet

1832 5603 2053 5668 Natum,
2085 5603 2256 5674 dignis
2293 5603 2531 5661 laudibus
2562 5621 2840 5667 resonare,
2884 5620 3093 5687 \cruni‘,
3136 5613 3373 5657 sanctum
