3958 6330
571 219 628 285 i7
639 217 669 287 ἐξ

568 353 728 412 atque
755 342 1038 395 Dominum
1069 324 1392 398 altissimum
1422 364 1433 396 :
1460 347 1529 398 sit
1554 360 1764 414 quoque
1794 358 2006 410 semper
2029 342 2143 394 [nec
2172 340 2217 397 Α
2300 385 2304 388 .

570 446 750 489 nostra
799 434 970 499 ratio,
1014 436 1341 506 sempiterna
1386 436 1502 490 laus
1555 443 1609 489 et
1651 444 1939 504 perpetuus
1982 432 2143 487 ardor

565 541 785 580 amoris.

1187 618 1410 673 CAPUT
1449 617 1495 671 Χ

569 739 644 804 De
684 751 887 805 ratione
923 743 1109 823 ﬁgura:
1152 731 1398 823 dec'imre,
1443 751 1529 804 ubi
1575 748 1959 822 septuagenarii
2009 751 2143 803 ratio

1163 821 1420 890 descripta
1453 830 1548 874 est:

639 952 794 1010 Nunc
825 945 1003 1024 itaque
1039 949 1298 1011 condecet
1317 965 1378 1012 ut
1402 956 1501 1027 pi'a'~
1519 940 1845 1020 moduiatio,
1865 968 1967 1026 spe
1989 964 2145 1009 aeter-

570 1056 764 1100 norum
793 1061 889 1100 nos
921 1045 1224 1112 laetiﬁcans,
1264 1047 1319 1101 in
1349 1039 1452 1103 huc
1489 1047 1648 1102 beato
1685 1060 1851 1116 opere
1880 1045 2146 1115 exprimat

569 1136 698 1205 Quid
733 1137 888 1191 nobis
925 1143 1183 1192 :eternam
1229 1141 1394 1193 vitam
1435 1136 1706 1200 conferat,
1756 1144 1812 1191 et
1848 1135 1978 1206 quid
2020 1149 2143 1190 cor-

569 1230 872 1318 ruptionem
914 1229 1164 1314 auferat,
1188 1223 1424 1302 quidque
1455 1231 1771 1318 delict’orum
1802 1230 2016 1284 veniam
2048 1229 2146 1298 tria-

566 1307 718 1386 buat,
748 1329 804 1379 et
828 1322 958 1392 quid
987 1307 1198 1379 vincula
1226 1318 1575 1401 peccatorum
1599 1307 1897 1391 dirumpat,
1921 1322 2026 1376 hoc
2044 1313 2150 1387 est,

568 1419 768 1466 sancta:
809 1414 988 1468 crucis
1027 1413 1283 1482 pradicet
1318 1409 1461 1468 acta.
1504 1413 1692 1468 Merito
1729 1427 1859 1483 ergo
1897 1412 2000 1467 hoc
2043 1414 2148 1466 vox

569 1505 802 1559 humana
844 1505 1089 1560 faucibus
1125 1512 1370 1566 resonat,
1412 1505 1518 1560 hoc
1560 1504 1886 1572 depromunt
1928 1499 2047 1556 arte
2071 1494 2149 1556 os

567 1593 894 1663 proloquens
920 1635 934 1657 ,
983 1594 1136 1666 digiti
1171 1595 1472 1651 scribentes
1497 1635 1513 1658 ,
1557 1595 1822 1665 plectrum
1861 1594 2056 1665 lingua
2095 1597 2150 1647 et

1196 232 1254 285 Β.
1294 232 1549 288 assam
1589 229 1805 291 MAURI
1842 227 2158 285 ARCHIEP.
2205 214 2509 286 nouum.
2549 217 2833 288 OPERUM
2873 227 3049 289 usus
3083 225 3123 290 t.

3715 243 3818 296 976

2843 365 3077 422 CAPUT
3116 369 3204 422 ΧΙ.

2245 471 2320 526 De
2345 461 2619 528 undecima
2644 475 2845 546 ﬁgura,
2875 477 2961 530 ubi
2991 475 3373 533 Pentateuchus
3405 480 3579 553 Moysi
3607 487 3823 540 ordina-

2927 558 3010 601 tus
3039 558 3134 601 est.

2950 565 3010 603 us
3039 564 3134 602 est.

2316 654 2413 722 Te,
2445 665 2631 712 sancte
2657 657 2840 726 Pater,
2869 660 3059 716 invoco
3089 663 3376 718 Dominum
3404 664 3525 720 cmli
3557 674 3612 720 et
3642 676 3822 731 terrae,

2246 755 2303 800 ut
2327 746 2562 822 sis_mihi
2586 750 2640 804 in
2667 752 2770 807 hoc
2793 752 3033 809 carmine
3053 753 3240 809 doctor
3263 763 3319 810 et
3343 765 3548 829 rector,
3572 758 3826 814 inchoato

2245 839 2396 907 operi
2416 840 2537 910 p‘ius
2556 850 2612 896 et
2631 842 2868 897 clemens
2888 856 3094 898 annuas
3117 831 3333 901 sensum
3355 845 3556 917 opiﬁci,
3582 856 3638 903 et
3663 851 3824 902 verba

2245 933 2424 987 sobria
2455 933 2728 995 tribuens,
2763 942 2821 987 ut
2845 934 3046 1004 possim
3077 933 3308 990 ﬁdeliter
3335 939 3572 1008 pandere
3597 940 3667 993 ad
3701 954 3828 994 san;

2246 1031 2346 1076 oue
2373 1025 2554 1078 crucis
2577 1032 2836 1080 atemam
2860 1023 3072 1080 laudem
3092 1065 3106 1090 ,
3131 1033 3187 1080 et
3217 1027 3284 1081 ad
3312 1027 3539 1096 gloriam
3563 1025 3699 1084 Novi
3731 1030 3832 1084 Te;

2229 1114 2519 1183 stamenti,
2546 1115 2673 1184 quid
2708 1115 2793 1170 lex
2828 1116 3007 1187 prisca
3047 1115 3234 1187 ﬁguris
3261 1116 3545 1188 signiﬁcet,
3576 1121 3741 1175 modo
3773 1123 3829 1173 in

2246 1209 2419 1281 gratia
2466 1210 2595 1279 ipsis
2636 1209 2795 1266 rebus
2831 1210 3184 1280 spiritualiter
3226 1209 3644 1266 observandum.
3692 1211 3831 1266 Nam

2247 1316 2370 1354 cum
2411 1301 2642 1370 primum
2672 1301 2786 1356 lure
2815 1302 3050 1355 maxima
3090 1300 3268 1357 rerum
3305 1302 3558 1357 machina
3587 1303 3658 1358 ab
3693 1303 3834 1358 invi-

2250 1379 2388 1449 sibili
2431 1405 2486 1450 et
2525 1393 2917 1465 impenetrabili
2965 1389 3328 1466 profunditate
3365 1399 3594 1458 visibilis
3634 1398 3831 1454 eﬁ’ecta

2249 1496 2352 1552 est,
2383 1494 2438 1542 et
2468 1489 2751 1557 paradisus
2777 1503 2900 1543 cum
2926 1490 3166 1557 germine
3195 1504 3293 1544 suo
3322 1481 3544 1544 floridus
3564 1487 3617 1545 et
3634 1489 3833 1558 jocuu:

2250 1580 2349 1634 dus
2372 1579 2636 1648 apparuit,
2668 1579 2851 1634 statim
2879 1580 2932 1634 in
2960 1580 3105 1650 ligno
3126 1581 3266 1645 vitm,
3298 1581 3439 1650 quod
3460 1589 3545 1635 est
3566 1583 3619 1634 in
3651 1583 3835 1637 medio

571 1661 696 1738 vota
735 1661 809 1756 pii
839 1661 1215 1756 cofdlquuod
1245 1687 1439 1744 cecidit
1478 1687 1535 1743 in
1558 1661 1710 1744 bello
1746 1688 1913 1742 draco
1945 1661 2149 1742 ξοηυο-

2255 1661 2520 1743 paradisi,
2557 1662 2718 1728 vitale
2748 1673 2949 1744 lignum
2989 1683 3190 1728 sanctae
3228 1674 3408 1728 crucis
3445 1667 3833 1743 przefiguraba—

569 1784 662 1831 Sus
704 1785 758 1831 et
795 1777 986 1832 noxius
1029 1777 1119 1832 ille.
1152 1767 1409 1848 qui‘arte
1448 1778 1680 1850 maligna
1720 1779 2057 1835 truculentus
2097 1779 2152 1832 in

569 1871 822 1958 paradiso
848 1871 1242 1955 protoplastum
1273 1883 1517 1928 nostrum
1562 1873 1813 1953 decepit:
1846 1888 1967 1928 cum
2002 1872 2153 1942 prius

567 1959 685 2033 ipse
724 1963 927 2018 cadens
969 1962 1186 2019 Lucifer
1229 1965 1294 2019 de
1342 1964 1463 2019 coeli
1507 1980 1632 2020 arce
1679 1965 1891 2020 teiti‘am
1944 1973 2152 2034 partem

568 2061 840 2108 astrorum
877 2055 1041 2109 traxit
1069 2071 1254 2110 secum
1284 2057 1350 2109 ad
1383 2054 1581 2111 inferni
1621 2057 1912 2127 sulphurea
1940 2055 2150 2129 stagna,

569 2145 694 2213 quia
725 2145 989 2213 superbus
1019 2154 1073 2200 et
1100 2140 1316 2201 dolosus
1341 2148 1568 2202 tentavit
1606 2164 1664 2204 se
1693 2149 2029 2218 aequiparare
2063 2148 2154 2202 Al-

571 2236 802 2302 tissimo,
827 2236 879 2290 in
906 2236 1078 2307 gelida
1107 2236 1387 2307 Aquilonis
1419 2248 1573 2308 parte
1607 2255 1812 2309 ponens
1844 2239 1946 2297 sibi
1982 2240 2154 2295 tribu.

570 2327 676 2386 bal.
705 2327 857 2383 ilunc
882 2329 1090 2384 scilicet
1110 2327 1505 2385 ferocissimum
1533 2330 1718 2399 lupum
1745 2345 1915 2401 agnus
1935 2330 2156 2385 mitissi-

571 2438 693 2478 mus
722 2423 942 2489 stravit,
966 2423 1090 2492 jure
1123 2425 1327 2494 potenti
1360 2425 1553 2494 eripuit
1591 2424 1826 2494 prmdam
1848 2465 1862 2488 ,
1891 2433 1948 2478 et
1976 2421 2154 2477 studia

498 2544 500 2547 -
569 2515 827 2570 immania
878 2514 1177 2597 fregit.'At
1220 2524 1406 2584 gentes
1455 2511 1522 2571 ex
1575 2515 1698 2570 imis
1749 2523 1803 2569 et
1845 2514 2155 2569 carnalibus

571 2608 851 2662 desideriis
877 2624 974 2679 per
1002 2616 1245 2662 sanctam
1272 2608 1545 2678 Evangelii
1565 2607 2008 2676 spradicationem
2032 2621 2155 2661 con-

569 2699 737 2753 vertit
768 2699 835 2754 ad
865 2699 1110 2766 meliora,
1143 2707 1198 2754 et
1238 2698 1475 2754 incendit
1511 2699 1579 2752 ad
1608 2697 1848 2753 cmlestia
1883 2698 2050 2760 dena,
2087 2712 2155 2750 ne

571 2789 654 2844 Vel
689 2789 996 2844 Judazorum
1028 2787 1273 2844 fabulosa
1305 2788 1635 2858 superstitio,
1668 2787 1753 2841 vel
1779 2788 2154 2842 haereticorum

570 2895 829 2949 perversa
850 2880 1113 2945 seducﬁo,
1130 2879 1373 2948 specioso
1396 2878 1660 2932 velamine
1679 2885 1988 2946 corrumpat
2002 2887 2152 2932 casta

2256 1773 2339 1818 tur
2365 1783 2378 1818 :
2404 1765 2546 1834 quod
2587 1766 2641 1819 in
2675 1765 2851 1820 medio
2897 1765 3140 1836 gentium
3174 1765 3406 1833 positum
3459 1766 3836 1836 praecedentes

2251 1866 2304 1911 et
2334 1858 2720 1927 subsequentes
2750 1872 2807 1912 se
2836 1856 3074 1913 viviﬁcat
3111 1864 3165 1910 et
3194 1855 3493 1910 sanetiﬂcat
3519 1857 3828 1926 generatio-

2252 1965 2378 2014 nes,
2419 1948 2571 2018 cujus
2601 1946 2862 2003 beneﬁcio
2901 1947 3128 2002 recreati
3166 1947 3365 2017 quique
3403 1947 3527 2002 boni
3565 1957 3622 2000 et
3654 1952 3833 2002 sancti

2251 2041 2350 2094 viri
2378 2038 2685 2109 spirituales
2711 2047 2764 2092 et
2792 2037 2983 2093 vitales
3006 2039 3264 2092 virtutum
3290 2036 3568 2108 proferunt
3597 2036 3831 2091 fructust

2253 2133 2366 2187 Hoc
2420 2132 2584 2186 etiam
2636 2129 2837 2200 lignum
2884 2128 3151 2199 passionis
3200 2126 3401 2183 Christi
3448 2128 3837 2198 prmﬁgurabat

2250 2224 2397 2279 lsaac
2427 2222 2764 2294 patriarcha,
2800 2236 2923 2276 cum
2954 2229 3106 2291 patre
3143 2209 3448 2298 imponente
3471 2222 3705 2291 propriis
3736 2222 3835 2275 bu-

2253 2316 2419 2371 meris
2462 2314 2603 2387 ligna
2653 2314 2900 2384 portabat
2942 2313 3009 2367 ad
3054 2312 3229 2368 locum
3270 2312 3654 2370 immOlationis
3698 2329 3829 2377 suae,

2254 2407 2394 2461 sicut
2418 2405 2554 2461 liber
2585 2403 2810 2460 Genesis
2833 2412 3079 2458 testatur.
3117 2402 3208 2461 Sic
3233 2411 3287 2457 et
3328 2402 3541 2458 Exodus
3568 2413 3623 2458 et
3650 2405 3834 2458 earteri

2254 2489 2374 2554 libri
2399 2494 2530 2566 lcgis
2554 2493 2880 2560 ediss'erunt,
2898 2493 3041 2564 quod
3067 2485 3194 2546 forti
3216 2493 3532 2562 compagine
3552 2507 3831 2547 armorum

2254 2582 2440 2641 sancta
2463 2599 2595 2641 crux
2627 2593 2871 2640 nostrum
2898 2583 3131 2654 pretium
3163 2583 3402 2636 evexerit
3421 2623 3435 2647 ,
3465 2590 3525 2635 ut
3555 2583 3678 2636 dote
3709 2597 3835 2636 san—

2253 2677 2433 2749 guinis
2451 2677 2531 2732 sui
2559 2691 2787 2747 sponsus
2812 2678 3078 2746 supernus
3116 2673 3394 2729 exhiberet
3425 2674 3525 2728 sibi
3551 2688 3831 2744 sponsam,

2213 2772 2233 2784 '
2255 2769 2567 2834 Ecclesiain,
2602 2783 2706 2822 non
2734 2767 3020 2822 habentem
3046 2765 3308 2820 maculam
3334 2782 3399 2818 au
3452 2779 3662 2835 rugam.
3692 2763 3836 2820 Hinc

2253 2863 2403 2932 plebs
2437 2851 2814 2939 Israelitarum'
2832 2858 2943 2916 Deo
2969 2854 3022 2914 in
3045 2858 3280 2930 Egypto
3306 2856 3591 2927 conjuncta
3612 2899 3626 2924 ,
3655 2868 3712 2912 et
3740 2872 3839 2927 per

572 2972 738 3027 corda
792 2959 1263 3037 Christianorum,
1321 2971 1412 3040 qui
1461 2969 1749 3025 νει-ίιεηεω
1777 2970 1984 3026 diving:
2024 2968 2155 3040 legis
2189 3029 2224 3040 ﬁ
2256 2957 2496 3012 Rubrum
2525 2971 2673 3012 mare
2700 2954 2976 3020 translata,
3001 2954 3186 3009 laudes
3207 2954 3459 3009 victrices
3483 2953 3838 3038 Redemptort

573 3029 960 3132 nmmum,
1000 3063 1053 3116 in
1085 3029 1278 3118 τουσι-ξ
1311 3029 1433 3119 dde;
1467 3061 1580 3132 iam
1611 3063 1941 3128 mmmam;
1989 3073 2050 3118 ει.
2073 3029 2154 3121 Le
2182 3029 2224 3089 (ἶ
2258 3065 2355 3104 suo
2393 3048 2740 3112 dccantabat,
2782 3059 2836 3100 et
2879 3046 3071 3100 itinere
3106 3046 3269 3100 trium
3303 3045 3512 3099 dierum
3555 3029 3838 3115 gradiens,

497 3201 504 3210 .
573 3154 784 3209 aridum
822 3153 918 3208 tiat
950 3169 1012 3210 os
1050 3155 1286 3224 gentium
1324 3154 1662 3209 exinanitum
1703 3168 1734 3206 a
1775 3152 1921 3209 cultu
1958 3153 2154 3207 dazmo-

574 3263 703 3301 num
733 3254 788 3301 et
809 3246 1122 3301 adoratione
1149 3247 1434 3312 idolorum,
1464 3245 1716 3301 fecundat
1742 3246 1873 3302 illud
1897 3247 1951 3301 in
1975 3247 2158 3301 divina‘

576 3329 734 3391 laude
759 3344 946 3391 auctor
970 3336 1136 3391 totius
1161 3337 1289 3392 boni
1307 3344 1362 3391 et
1379 3335 1604 3410 largitor
1626 3335 1885 3391 virtutum
1909 3335 2157 3392 Christus

575 3411 838 3481 Dominus
872 3445 884 3481 :
928 3434 1114 3482 causat
1138 3427 1280 3482 enim
1307 3435 1360 3481 et
1389 3427 1609 3481 damnat
1631 3442 1848 3482 omnem
1875 3427 2156 3496 perfidiam

577 3519 778 3572 inimici
823 3527 1015 3589 potens
1059 3520 1231 3573 virtus
1273 3527 1474 3574 sancta:
1517 3519 1696 3573 erucis
1723 3556 1738 3584 ,
1784 3528 1840 3574 et
1881 3518 2157 3573 dimittens

578 3609 780 3662 mundo
823 3607 1035 3675 debita,
1077 3617 1302 3664 cunetas
1343 3624 1472 3679 opes
1506 3608 1733 3664 divitum
1768 3609 2026 3679 praecellit
2060 3626 2158 3664 suo

577 3711 820 3755 munere.
854 3687 1093 3770 Denique
1115 3701 1257 3770 quod
1280 3700 1336 3755 in
1360 3701 1776 3770 septuagenario
1802 3706 2028 3756 numero
2049 3706 2159 3755 ma-

578 3790 778 3847 nifesta
809 3792 1108 3862 redemptio
1139 3800 1251 3847 toto
1272 3792 1472 3847 mundo
1495 3791 1665 3847 fuerit
1689 3791 1871 3846 Daniel
1902 3792 2157 3861 prOpheta

581 3884 635 3936 in
663 3883 1002 3952 septuaginta
1035 3882 1463 3938 hebdomadibus
1484 3883 1614 3946 suis,
1648 3898 1768 3952 qua:
1796 3882 1863 3936 ad
1884 3881 2156 3936 Christum

577 3988 749 4041 usque
778 3973 1175 4043 pertingebant,
1203 3970 1558 4038 demonstrat,
1587 3973 1800 4042 quando
1825 3988 2160 4027 consumme—

580 4071 668 4115 tur
693 4063 1065 4131 prmvaricatio
1084 4103 1099 4127 ,
1130 4072 1184 4116 et
1211 4063 1373 4118 ﬁnem
1399 4066 1626 4134 accipiat
1654 4073 1965 4135 peccatum,
1993 4063 2047 4120 et
2068 4065 2160 4119 de-

581 4155 758 4209 leatur
795 4155 1079 4224 iniquitas,
1121 4164 1174 4210 et
1218 4155 1515 4212 adducatur
1553 4157 1762 4227 justitia
1809 4158 2156 4226 sempiterna.

580 4246 843 4301 Jeremias
894 4246 1403 4317 quoque-similiter
1445 4256 1566 4318 post
1610 4248 1947 4318 septuaginta
1990 4263 2158 4303 annos

584 4337 968 4391 resolutionem
1006 4337 1334 4406 Captivitatis
1372 4338 1631 4408 praedicat
1668 4352 1788 4392 esse
1829 4346 2110 4393 venturam
2141 4358 2152 4392 :
2186 4371 2233 4429 Ι)

582 4436 667 4480 ast
702 4427 910 4496 Moyses
935 4441 1028 4497 per
1057 4430 1390 4498 septuaginta
1428 4429 1807 4498 presbyteros,
1836 4443 1972 4497 quos
2006 4444 2156 4482 man-

582 4522 707 4573 dato
736 4521 947 4573 Domini
975 4521 1168 4589 populo
1198 4521 1360 4575 lsrael
1393 4521 1646 4591 prmtulit,
1670 4521 1836 4574 totius
1862 4522 2156 4592 magisterii

583 4609 967 4679 perfectionem
1003 4619 1070 4663 et-
1094 4611 1470 4665 revelationem
1502 4611 1876 4680 mysteriOnim
1911 4627 2008 4680 per
2036 4627 2156 4665 cru-

582 4701 689 4755 cris
725 4708 1125 4755 sacramentum
1155 4701 1309 4755 nobis
1333 4701 1447 4754 ﬁeri
1471 4701 1811 4770 signiﬁcavit.
1836 4699 1879 4756 Ο
1907 4715 2040 4755 crux
2067 4702 2158 4754 be-

584 4794 796 4847 nedicta
832 4792 956 4846 Dei!
992 4793 1044 4847 in
1082 4795 1184 4847 hoc
1211 4791 1355 4860 quod
1380 4792 1845 4860 septuagenarium
1874 4806 2154 4844 numerum

584 4887 637 4940 in
666 4887 898 4955 quinque
920 4894 1100 4955 partes
1125 4862 1362 4939 divisum
1381 4883 1434 4936 in
1462 4883 1638 4935 medio
1667 4882 1773 4946 tui,
1808 4882 1964 4935 simul
1988 4890 2161 4950 etper

586 4987 817 5046 quatuor
850 4992 1051 5030 cornua
1090 4985 1180 5030 tua
1211 4975 1557 5044 quatemario
1589 4981 1645 5028 et
1678 4973 1898 5028 denario
1934 4988 2159 5027 numero

585 5067 945 5137 atnplecteris,
978 5066 1290 5137 signiﬁcans
1316 5075 1367 5120 te
1396 5074 1566 5119 totum
1593 5065 1849 5118 mundum
1877 5079 1974 5134 per
2003 5065 2160 5118 deca-

582 5160 763 5231 iogum
792 5161 925 5230 legis
952 5169 1006 5214 et
1030 5176 1125 5230 per
1153 5168 1383 5228 quatuor
1408 5159 1573 5212 libros
1595 5155 1768 5210 sancti
1792 5153 2072 5224 Evangelii
2090 5155 2158 5208 ad

586 5251 929 5307 concordiam
957 5259 1012 5304 et
1036 5251 1294 5303 unitatem
1326 5248 1450 5302 ﬁdei
1492 5261 1765 5302 revocare.
1800 5243 1984 5313 Neque
2014 5244 2155 5297 enim

587 5344 762 5412 ipsum
787 5340 1092 5411 quinarium
1127 5341 1330 5409 absque
1355 5339 1610 5408 mysterio
1636 5337 2004 5407 prmtermittis
2022 5377 2035 5401 ,
2067 5334 2160 5388 sed

586 5434 968 5489 venerabiliter
1005 5431 1186 5486 innuis
1216 5431 1507 5484 humanum
1538 5445 1707 5500 genus
1734 5444 1837 5483 non
1865 5428 2034 5482 solum
2065 5441 2162 5494 per

588 5522 860 5579 internum
887 5522 1147 5600 [affectum
1177 5521 1340 5575 animi
1365 5561 1379 5585 ,
1409 5521 1502 5575 sed
1539 5521 1701 5574 etiam
1729 5514 1833 5588 'pcr
1867 5517 2161 5572 exteriores

587 5626 777 5672 Sensus
806 5615 1066 5685 corporis,
1097 5617 1189 5671 tibi
1219 5614 1564 5672 veracissime
1593 5627 1710 5669 esse
1738 5610 1998 5667 deditum.

2259 3139 2484 3193 Domino
2513 3138 2936 3192 misericorditer
2966 3152 3058 3191 eos
3087 3137 3331 3199 ducente,
3353 3137 3596 3206 pervenit
3627 3137 3692 3190 ad
3717 3135 3841 3191 fon;

2257 3241 2365 3286 tem
2399 3232 2591 3296 Marat,
2629 3231 2717 3300 qui
2755 3245 2850 3299 per
2893 3230 3093 3300 lignum
3129 3231 3413 3300 mysticum
3445 3229 3693 3284 dulcatus
3732 3241 3836 3284 est;

2255 3323 2421 3396 Igitur
2449 3323 2658 3380 Pharao
2683 3331 2737 3377 et
2757 3322 2992 3393 Egyptii
3016 3328 3423 3391 persequentes,
3441 3321 3532 3390 qui
3565 3321 3716 3390 prius
3743 3336 3843 3388 po—

2256 3417 2383 3487 pulo
2423 3416 2518 3470 Dei
2563 3415 2717 3485 quasi
2757 3413 2868 3484 jam
2910 3419 3066 3482 capto
3113 3419 3168 3464 et
3213 3411 3434 3464 reducto
3473 3409 3839 3469 insultabant,

2259 3507 2522 3561 submersi
2547 3507 2712 3560 maris
2734 3503 2984 3558 ﬂuctibus
3014 3517 3132 3558 sera
3157 3502 3475 3572 poenitentia
3503 3499 3797 3555 doluerunt
3827 3518 3839 3552 ;

2257 3599 2512 3652 Israelita:
2542 3606 2719 3651 autem
2752 3596 2882 3650 visis
2907 3594 3261 3663 magnalibus,
3287 3594 3496 3648 ductori
3521 3608 3620 3646 suo
3649 3593 3844 3647 trium-

2257 3688 2442 3755 phanti
2460 3728 2473 3752 ,
2507 3686 2617 3742 Deo
2643 3687 2889 3741 videlicet
2917 3682 3126 3756 patrum
3153 3699 3396 3748 suorum,
3423 3683 3695 3737 canticum
3725 3681 3844 3751 glos

2260 3783 2352 3839 riae
2381 3780 2752 3844 concinebant,
2777 3787 2829 3832 et
2858 3778 2911 3833 in
2934 3777 3228 3833 conditoris
3253 3777 3333 3831 sui
3358 3791 3541 3830 amore
3564 3775 3844 3828 ferventes

2259 3874 2444 3928 laudes
2481 3870 2836 3940 triumphales
2875 3868 3242 3924 exsolvebant.
3274 3854 3444 3921 Porro
3471 3881 3621 3920 mare
3663 3866 3846 3918 orien-

2261 3964 2365 4020 tale
2393 3965 2496 4019 hoc
2519 3970 2767 4026 testatur,
2799 3970 2920 4015 eum
2946 3959 3149 4015 orbitas
3174 3972 3428 4013 curruum
3455 3955 3842 4028 Egyptiorum

2259 4049 2519 4111 hactenus
2557 4055 2610 4107 in
2646 4051 2912 4121 profundo
2949 4058 3005 4106 et
3047 4050 3101 4104 in
3129 4048 3314 4104 littore
3353 4055 3554 4102 servat.
3593 4047 3846 4115 Denique

2259 4145 2456 4200 'veteris
2486 4144 2617 4215 legis
2642 4143 2893 4212 abyssum
2923 4147 3110 4198 sancta
3143 4143 3277 4194 cru'x
3305 4138 3546 4192 immissa
3574 4136 3841 4199 dulcavit,

2259 4246 2314 4292 et
2357 4245 2564 4305 petram
2614 4233 2991 4289 solidissimam
3047 4230 3303 4284 excidens
3349 4225 3553 4281 fontem
3604 4227 3848 4281 viventis

2262 4342 2410 4396 aquae
2432 4323 2699 4395 produxit.
2726 4323 2805 4376 Ad
2830 4321 2987 4391 hujus
3008 4320 3178 4374 instar
3204 4318 3414 4396 Moyses
3435 4322 3629 4371 manus
3651 4326 3848 4371 exten-

2262 4395 2393 4474 dens
2415 4417 2468 4470 in
2491 4415 2707 4468 Amalec
2727 4412 3007 4467 victoriam
3031 4410 3192 4479 cepit,
3213 4395 3269 4464 et
3288 4423 3384 4478 per
3404 4423 3522 4462 eam
3545 4406 3658 4461 veri
3683 4407 3848 4461 Amas

2262 4512 2342 4566 lec
2376 4507 2632 4563 memoria
2658 4502 2942 4576 deletaest
2978 4502 3078 4557 sub
3108 4501 3266 4556 etelo.
3306 4501 3421 4554 Duo
3445 4514 3574 4568 ergo
3608 4499 3712 4551 viri
3746 4514 3851 4552 ex-

2262 4607 2560 4675 ploratores
2587 4609 2744 4654 terra:
2767 4595 3221 4666 repromissionis,
3248 4593 3339 4663 qui
3367 4593 3579 4646 botrum
3603 4591 3656 4643 in
3684 4601 3848 4643 vecte

2262 4695 2577 4766 portabant,
2611 4691 2744 4745 duos
2769 4687 2998 4757 populos
3039 4684 3374 4753 signiﬁcant,
3400 4683 3490 4752 qui
3525 4681 3719 4752 gaudia
3750 4697 3850 4735 su-

2262 4798 2425 4855 perna
2451 4798 2548 4852 per
2572 4779 2879 4849 passionem
2901 4776 3100 4831 Christi
3127 4775 3179 4828 in
3204 4789 3364 4829 cruce
3388 4771 3648 4841 completa
3680 4785 3850 4839 quos-

2260 4892 2364 4945 que
2404 4873 2682 4929 credentes
2720 4867 3019 4938 promereri
3055 4872 3214 4934 posse
3252 4863 3567 4932 prasdlcant.
3611 4860 3654 4916 Ο
3703 4876 3845 4916 crux

2260 4964 2540 5019 benedicta
2593 4959 2724 5013 Dei!
2774 4957 2894 5025 quis
2940 4955 3074 5009 bene
3121 4953 3377 5023 mysteria
3427 4959 3515 5004 tua
3560 4963 3799 5003 noscens
3831 4989 3844 5015 ,

2245 5061 2407 5112 tanta
2449 5063 2502 5110 et
2549 5063 2655 5108 tam
2698 5050 2954 5120 praeclara
2994 5048 3132 5101 dona
3177 5046 3364 5100 salutis
3393 5030 3536 5104 satis
3573 5055 3846 5096 enarrare

2259 5148 2421 5210 valet,
2451 5145 2534 5198 cui
2561 5141 2703 5195 nulla
2730 5141 2908 5208 lingua
2940 5144 3197 5191 creaturae
3220 5135 3286 5188 ad
3308 5133 3491 5186 laudes
3515 5130 3725 5185 debitas
3748 5145 3846 5183 ce-

2262 5235 2543 5291 lebrandas
2584 5232 2771 5285 idonea
2816 5236 2919 5282 est.
2967 5225 3044 5280 Te
3085 5225 3264 5279 Patris
3304 5222 3489 5277 aeterni
3535 5219 3738 5284 hostia,
3787 5220 3846 5272 in

2261 5318 2480 5383 odorem
2502 5321 2876 5380 suavissimum
2897 5317 3093 5381 oblata,
3118 5330 3328 5370 sacram
3351 5327 3498 5367 aram
3519 5311 3802 5366 dicaverat
3827 5328 3839 5361 :

2266 5419 2626 5482 vivificantem
2662 5412 2911 5466 exaltasti
2954 5419 3289 5479 serpentem,
3336 5412 3390 5459 et
3421 5402 3582 5457 vitale
3617 5401 3841 5470 signum

2264 5507 2641 5569 demonstrasti
2679 5503 2873 5575 populo
2897 5542 2911 5564 ,
2944 5516 3050 5570 quo
3078 5498 3269 5553 salvari
3305 5497 3459 5549 lzesus
3484 5495 3550 5547 ab
3585 5491 3842 5546 hostibus

2263 5601 2447 5676 possit.
2491 5599 2552 5652 Et
2595 5595 2721 5664 quid
2761 5591 2986 5661 amplius
3022 5590 3086 5644 de
3132 5597 3179 5642 te
3217 5586 3398 5641 dicere
3431 5597 3680 5653 possum,
3734 5580 3839 5632 nisi
