3958 6324
240 304 343 360 ιιπ

1201 300 1287 355 ΒΕ
1327 296 1665 356 LAUDIISUS
1702 300 1758 354 S.
1798 296 2060 355 CRL‘CIS.
2104 332 2169 339 —
2208 297 2333 355 LIB.
2376 298 2435 354 ll.

3355 305 3419 332 sn”.

3358 308 3455 356 :78

241 422 344 472 hoc
373 416 512 485 quod
536 422 726 470 cuncto
755 414 894 469 bona
924 411 1146 468 dederas
1174 421 1228 467 et
1254 412 1391 465 mala
1426 422 1621 468 cuncta
1655 411 1802 467 aufe-
1828 417 1873 475 Α
1904 424 2113 469 catorcs
2166 418 2335 470 sancti
2390 416 2664 486 Evangelii
2722 416 3070 481 fructificans,
3113 435 3239 488 opes
3270 422 3455 475 condis

239 508 435 563 rebas?

796 594 1046 661 CAPUT
1082 593 1191 646 xu.
1533 648 1538 653 .

238 686 318 741 De
342 688 659 741 duodecima:
703 686 887 764 ﬁgure:
925 686 1145 748 ratione,
1172 683 1257 737 ubi
1289 701 1472 737 nomen
1492 682 1797 753 protoplasti

817 764 970 807 suum
1003 763 1095 806 est.
1272 788 1275 791 -

310 849 403 903 Eia
451 848 625 909 modo,
683 845 954 900 dulcisona
996 845 1229 898 metricae
1257 843 1388 898 artis
1416 842 1615 908 ﬁstula,
1662 842 1797 898 vade

234 938 565 995 salutiferam
590 936 768 991 crucis
792 936 1079 989 Dominica:
1098 934 1305 988 laudem
1331 935 1583 989 suavibus
1606 946 1798 987 canere

234 1028 498 1091 versibus,
542 1042 765 1096 musque
799 1025 1040 1080 mirabile
1063 1025 1441 1104 redemptionis
1480 1035 1696 1090 nostra,
1725 1024 1797 1078 si-

234 1118 349 1173 mul
370 1126 423 1172 et
450 1116 869 1173 consolationem
899 1116 1020 1169 vita:
1056 1114 1246 1169 futura:
1292 1115 1499 1172 devotis
1522 1112 1801 1172 celebrare

234 1209 505 1273 laudibus,
554 1208 679 1276 quia
706 1206 759 1259 in
798 1213 980 1260 sancta
1009 1221 1169 1260 cruce
1218 1220 1361 1260 mors
1386 1206 1525 1270 victa
1549 1213 1633 1259 est
1658 1204 1799 1258 dire-

180 1326 184 1329 ν
230 1301 498 1365 ctissima,
525 1308 579 1352 et
594 1306 937 1368 peccatorum
986 1306 1299 1360 nostrorum,
1324 1298 1535 1353 vincula
1563 1306 1687 1352 sunt
1716 1311 1797 1351 τοι

232 1392 427 1446 soluta.
463 1390 575 1445 Lux
625 1390 779 1445 nobis
826 1404 921 1458 per
947 1388 1219 1443 Christum
1256 1388 1413 1442 rediit
1461 1388 1711 1456 pristina,
1744 1395 1798 1441 et

231 1484 423 1553 prima:
450 1480 902 1551 praevaricationis
932 1494 1187 1534 concessa
1222 1487 1303 1533 est
1329 1479 1503 1532 venia.
1535 1477 1665 1531 Nam
1689 1474 1796 1546 pri,-

233 1584 361 1627 mus
405 1573 577 1627 Adam
623 1572 869 1626 decorem
898 1567 1311 1623 immortalitatis
1359 1567 1511 1622 nobis
1552 1564 1793 1635 abstulit,

230 1679 359 1719 cum
382 1678 596 1733 pomum
620 1661 751 1731 ligni
780 1660 929 1716 vetiti
958 1669 1144 1715 contra
1165 1666 1488 1728 prmceptum
1518 1656 1752 1727 gustavit
1776 1672 1791 1721 ;

1900 504 2145 563 cmlcstes
2178 523 2189 557 :
2244 505 2475 560 excitata
2502 507 2716 576 quidem
2766 506 3045 576 majestate
3093 525 3252 575 super
3276 513 3451 565 omnia

1899 592 2039 663 ligna
2088 593 2341 653 silvarum
2394 596 2725 653 honorabilis
2752 607 2807 653 et
2832 599 3025 654 decora
3072 601 3297 668 existis;
3330 604 3454 671 quia

1899 682 2117 736 claritas
2163 682 2358 739 Christi
2388 685 2439 747 in
2471 694 2523 739 te
2572 688 2811 743 cruciﬁxi
2839 690 3125 758 gloriosam
3153 701 3209 748 et
3236 694 3447 762 specio~

1898 786 2011 825 sam
2039 781 2093 825 et
2120 774 2478 829 venerabilem
2505 777 2753 832 omnibus
2775 784 2826 833 te
2852 779 3113 835 exhibuit.
3165 781 3276 838 Hoc
3304 785 3453 854 quis-

1895 857 2016 930 quis
2046 861 2100 914 in
2132 861 2254 915 ﬁde‘i
2283 861 2536 918 ﬁrmitate
2564 866 2828 932 consistit,
2853 866 3009 937 plena
3038 870 3317 927 devotione
3339 887 3457 940 pro-

1898 950 2112 1015 litetur,
2165 953 2290 1009 licet
2338 956 2591 1011 daemonis
2644 958 2727 1014 vis
2776 959 2989 1015 horrida
3039 962 3266 1017 salutem
3317 963 3456 1018 banc

1896 1041 2124 1097 credere
2161 1052 2320 1113 atque
2349 1060 2672 1116 cognoscere
2728 1049 2975 1118 gentibus
3004 1051 3244 1106 invidens
3274 1053 3459 1107 hacte—

1898 1153 2007 1195 nus
2080 1134 2388 1190 reluctctur.
2416 1136 2605 1193 Varias
2629 1141 2843 1208 quidem
2884 1142 3141 1196 virtutum
3177 1143 3381 1212 species
3403 1144 3455 1198 in
3516 1182 3523 1187 ι

1896 1223 2014 1276 sinu
2043 1232 2134 1278 tuo
2180 1226 2533 1293 demonstras,
2577 1238 2631 1283 et
2676 1220 3055 1287 abundantiam
3099 1232 3455 1302 spiritualium

1898 1312 2202 1367 divitiarum
2233 1323 2285 1369 te
2326 1316 2526 1371 habere
2555 1318 2827 1389 signiﬁcas
2855 1338 2867 1373 :
2920 1335 2987 1376 ex
3013 1322 3272 1389 sanguine
3300 1321 3457 1377 Chri-

1896 1402 1963 1455 sti
1986 1417 2254 1472 purpureo
2307 1403 2514 1476 fulgore
2563 1409 2719 1474 nites,
2753 1417 2807 1464 et
2860 1425 2961 1479 pro
2989 1404 3213 1466 Christo
3249 1412 3455 1467 animas

1897 1501 2106 1545 nostras
2152 1507 2353 1561 ponere
2402 1496 2614 1552 fortiter
2656 1499 2868 1554 suades.
2909 1500 2963 1553 In
3008 1509 3060 1555 te
3088 1500 3451 1556 Ecclesiaruin

1876 1576 2176 1634 salvatoris
2203 1580 2463 1637 celsitudo
2511 1586 2775 1652 consistit,
2806 1595 2859 1641 et
2907 1588 3085 1643 unitas
3133 1588 3367 1645 ﬁdelium
3400 1589 3455 1644 in

1896 1668 1999 1724 ﬁde
2029 1678 2083 1724 et
2108 1685 2242 1739 pace
2292 1672 2647 1749 permanebit,
2679 1674 2822 1743 quod
2847 1675 3012 1731 etiam
3043 1677 3247 1731 erectio
3273 1678 3454 1732 taber-

230 1765 291 1809 et
316 1756 577 1822 secundus
602 1753 792 1818 Adam,
817 1750 1053 1807 salvator
1079 1750 1326 1804 videlicet
1353 1756 1555 1810 noster,
1577 1748 1865 1818 omncm‘B
1893 1758 2065 1812 naculi
2118 1758 2359 1826 Mosaici,
2415 1777 2510 1816 seu
2543 1762 2826 1817 aedificatio
2884 1763 3065 1832 templi
3128 1763 3455 1820 Salomonici

230 1852 570 1898 venustatem
600 1851 653 1897 et
679 1856 890 1897 omnem
938 1839 1159 1908 gloriam
1213 1848 1372 1907 atque
1406 1838 1665 1893 honorem
1697 1851 1790 1890 su-

229 1950 415 2006 perine
460 1935 723 1989 claritatis
781 1931 935 1988 nobis
996 1931 1283 1985 adveniens
1342 1943 1523 2009 secum
1586 1928 1784 1982 attulit.

231 2020 406 2082 Unius
450 2026 520 2079 ob
569 2040 761 2079 noxam
792 2023 957 2078 multa
1009 2032 1063 2076 et
1096 2019 1501 2076 innumerabilia
1546 2019 1789 2091 perpessi

226 2128 419 2170 sumus
446 2114 604 2179 mala,
632 2121 687 2168 et
715 2112 1017 2182 temporalis
1053 2112 1240 2165 mortis
1291 2110 1573 2164 incidimus
1598 2108 1789 2164 discri-

226 2202 379 2256 tnina
405 2220 418 2254 :
448 2201 527 2257 sic
552 2212 604 2255 et
636 2202 792 2255 unius
832 2198 900 2255 ob
923 2200 1149 2269 gratiam
1195 2198 1367 2254 ﬁdelia
1393 2197 1668 2275 salvantur
1695 2212 1789 2268 ag-

227 2291 380 2345 mina
407 2298 462 2345 et
510 2290 629 2345 luce
673 2290 949 2360 potiuntur
994 2293 1211 2343 :etcrha.
1248 2287 1485 2356 Denique
1530 2287 1670 2341 sicut
1696 2302 1793 2357 per

226 2378 432 2450 lignum
468 2379 919 2449 praevaricationis
956 2393 1098 2434 mors
1133 2378 1367 2433 introivit
1392 2377 1446 2431 in
1472 2376 1642 2431 tutum
1688 2392 1782 2431 or-

226 2456 355 2525 hem
386 2480 672 2538 terrarum,
697 2478 753 2524 et
786 2470 839 2524 in
868 2468 1132 2525 infernum
1168 2483 1354 2523 omnes
1377 2468 1789 2535 descenderunt,

226 2559 396 2614 etiam
424 2560 523 2630 ipsi
554 2560 732 2625 electi,
766 2561 839 2614 ita
876 2568 929 2614 et
951 2575 1044 2628 per
1071 2557 1270 2629 lignum
1322 2560 1613 2616 Dominicaa
1660 2575 1788 2630 pas-

126 2678 131 2681 λ
228 2645 402 2703 sionis
433 2662 579 2703 mors
602 2649 872 2718 captivata
901 2656 1001 2709 est,
1031 2654 1086 2701 ct
1110 2646 1259 2701 multi
1284 2656 1573 2701 evaserunt
1600 2662 1664 2702 ex
1698 2662 1805 2715 ea,

223 2834 349 2879 stus
376 2840 475 2895 per
501 2839 714 2880 crucem
740 2825 941 2883 aditum
987 2825 1107 2878 vita:
1131 2825 1360 2893 aperuit,
1408 2832 1461 2878 ct
1513 2825 1564 2879 in
1589 2840 1650 2880 ea
1695 2841 1791 2896 po-

226 2915 456 2969 tentiam
490 2916 702 2970 virtutis
729 2930 837 2975 suae
882 2915 1283 2980 demonstravit,
1344 2916 1637 2985 ipsamque,
1672 2916 1793 2971 reli-

220 3003 335 3057 ctis
390 3003 649 3059 idolorum
678 3003 924 3068 cultibus,
979 3004 1344 3060 honorabilem
1394 3020 1515 3061 esse
1536 3008 1788 3063 omnibus

1891 1848 2268 1926 praeﬁgurabat
2300 1868 2313 1903 :
2344 1851 2445 1906 hoc
2465 1860 2521 1906 et
2557 1852 2726 1907 altare
2757 1852 3051 1909 bolocausti
3080 1856 3192 1910 sive
3227 1848 3456 1926 thymis?-

1895 1916 2073 2003 matis,
2128 1945 2288 2008 atque
2316 1939 2455 2010 ignis
2483 1941 2535 1995 in
2577 1942 2662 2022 eis
2693 1951 2907 2013 semper
2939 1943 3133 1998 ardens
3182 1916 3455 2022 signiﬁca-

1860 2054 1861 2057 η
1892 2028 1982 2084 bat
2010 2047 2023 2095 ;
2055 2030 2156 2086 hoc
2185 2039 2239 2087 et
2266 2017 2793 2089 candelabrum'cum
2821 2041 3051 2104 quatuor
3071 2034 3322 2100 lucernis,
3349 2016 3455 2091 hoc

1893 2126 1947 2197 et
1972 2119 2179 2174 sabbati
2206 2120 2315 2176 otia
2344 2121 2675 2191 indicabant,
2704 2124 2828 2194 quia
2862 2124 2914 2179 in
2958 2123 3172 2180 Christo
3193 2124 3345 2198 Agno
3370 2112 3451 2180 vi;

1893 2206 2083 2264 delicat
2136 2208 2233 2265 Dei
2278 2210 2642 2293 immaculato,
2694 2228 2796 2284 pro
2838 2213 3010 2270 salute
3040 2224 3219 2271 nostra
3252 2217 3323 2282 ,in
3355 2232 3448 2271 ara
3494 2233 3501 2239 '

1892 2298 2069 2353 crucis
2099 2299 2396 2367 immolato,
2421 2309 2477 2356 et
2520 2301 2755 2358 ﬁdelium
2778 2312 2864 2359 cst
2900 2303 3240 2371 illuminatio,
3287 2314 3342 2361 et
3369 2321 3454 2361 re-

1866 2392 2046 2463 quies
2090 2382 2347 2465 perpetna
2392 2384 2720 2476 sanctorum.
2767 2391 2883 2471 ipse
2934 2406 3018 2453 est
3067 2398 3135 2453 ad
3165 2399 3326 2453 vitam
3354 2393 3496 2470 per"

1871 2484 2195 2553 “passionem
2218 2486 2394 2543 crucis
2414 2488 2647 2557 praevius
2671 2496 2873 2553 noster,
2902 2488 3014 2558 ipse
3058 2488 3205 2543 salus
3228 2496 3463 2550 interna,

1892 2572 2006 2642 ipse
2029 2572 2119 2629 lux
2146 2588 2293 2641 vera,
2316 2574 2432 2645 ipse
2457 2576 2669 2631 bonitas
2700 2576 2960 2646 piissime,
3014 2579 3127 2647 ipse
3146 2577 3448 2649 redemptio

1840 2706 1851 2717 .
1891 2654 2239 2736 nostra,”ipse
2258 2670 2340 2720 est
2364 2672 2421 2719 et
2452 2666 2560 2719 vita
2582 2666 2935 2736 sempiterna,
2953 2666 3066 2737 ipse
3093 2674 3175 2721 est
3198 2663 3467 2737 piinceps.

223 2736 397 2796 etiam
421 2737 656 2805 peccatis
676 2736 909 2791 obnoxii.
963 2735 1222 2791 Universo
1245 2734 1449 2790 scilicet
1476 2736 1600 2818 orbi
1637 2734 1789 2790 Chri-
1839 2760 1846 2767 -

1892 2758 2145 2821 tanquam
2174 2752 2313 2835 ﬁlius
2336 2753 2389 2808 in
2411 2752 2570 2808 domo
2598 2759 2715 2835 sua,
2746 2754 2985 2811 Ecclesia
3030 2756 3275 2813 videlicet
3322 2740 3448 2812 salii-

1891 2852 1976 2898 cta
2009 2860 2021 2895 :
2059 2843 2175 2911 ipse
2194 2851 2276 2898 est
2303 2858 2409 2913 pax
2459 2850 2664 2909 nostra,
2693 2844 2941 2915 quifecit
2988 2854 3214 2917 utraque
3240 2860 3442 2914 unum;

1875 2932 2005 3003 ipse
2028 2931 2383 3003 principatum
2432 2933 2625 2988 diaboli
2680 2933 2964 2999 destruxit,
2981 2945 3050 3013 et
3077 2944 3300 3013 conatus
3330 2935 3446 3006 ejus

1891 3019 2079 3086 noxios
2104 3020 2433 3075 retardavit:
2467 3023 2563 3091 qui
2588 3037 2684 3093 per
2706 3021 2875 3095 frigus
2911 3011 3243 3081 inﬁdelitatis
3266 3025 3448 3081 fervo-

224 3091 417 3145 voluit.
442 3090 548 3147 Per
577 3093 716 3157 hanc
744 3093 825 3147 sui
869 3094 1189 3147 sacramenti
1238 3094 1390 3149 nobis
1422 3095 1675 3163 patefecit
1701 3106 1785 3150 ar-

1890 3124 2003 3164 rem
2023 3110 2306 3183 charitatis
2338 3090 2682 3181 exstinguere
2709 3090 2907 3179 studet,
2949 3106 3007 3169 et
3030 3128 3127 3184 per
3164 3114 3445 3170 illecebras

217 3194 445 3245 canum,
470 3187 525 3235 et
553 3181 1049 3237 adcustodiendnm
1087 3181 1177 3249 jus
1215 3198 1325 3237 suae
1366 3183 1657 3238 voluntatis
1681 3200 1780 3240 no-

218 3262 435 3323 hiscum
466 3268 772 3325 ﬁrmaverat
815 3278 1052 3339 pactum.
1104 3271 1313 3325 Primus
1336 3273 1514 3337 homo,
1546 3273 1611 3327 de
1638 3281 1782 3330 terra

218 3365 494 3423 terrenus,
543 3366 809 3413 terrenam
863 3360 1137 3429 generavit
1184 3360 1443 3425 sobolem,
1479 3362 1566 3415 cui
1602 3370 1654 3416 et
1683 3363 1782 3417 im-

216 3449 413 3504 mitem
452 3450 785 3507 luereditavit
842 3461 1067 3508 mortem
1101 3472 1113 3506 :
1144 3454 1409 3509 secundus
1443 3470 1677 3525 quoque,
1715 3457 1781 3511 de

208 3538 364 3593 caelo
386 3538 636 3604 celestis,
668 3541 938 3597 caelestem
955 3542 1151 3597 mundo
1176 3542 1351 3597 intulit
1379 3546 1781 3612 generationem

212 3636 277 3681 et
299 3635 556 3682 aeternam
582 3630 705 3684 suis
731 3631 976 3699 promisit
1020 3630 1414 3686 beatitudinem.
1452 3632 1545 3687 Hic
1566 3642 1650 3689 est
1676 3634 1780 3689 Do-

212 3716 400 3771 minus
427 3718 795 3774 nniversorum
822 3730 876 3775 et
904 3728 1116 3775 creator
1154 3708 1392 3775 omnium
1436 3711 1613 3776 rerum
1642 3741 1653 3775 :
1690 3739 1777 3779 re-

200 3824 384 3881 gnum
406 3810 549 3864 solus
573 3824 694 3866 cum
721 3806 881 3867 Patre
920 3820 974 3867 et
1014 3813 1215 3881 Spiritu
1245 3822 1429 3869 sancto
1456 3821 1779 3887 tenetteter-

206 3912 374 3961 num,
402 3906 455 3950 et
496 3913 679 3953 secum
716 3914 940 3969 regnare
982 3900 1091 3953 vult
1122 3909 1295 3955 cretus
1346 3900 1605 3970 gloriosos
1650 3917 1778 3956 san-

205 3996 450 4040 ctorum.
486 3987 604 4056 Ipse
647 3989 807 4044 etiam
838 4002 933 4058 per
966 4004 1159 4043 nomen
1196 3988 1387 4053 Adam,
1415 4004 1522 4061 quo
1548 4000 1777 4059 quatuor

205 4074 405 4145 plagas
425 4076 569 4131 orbis
598 4079 931 4148 persignatas
964 4079 1142 4145 habet,
1194 4080 1476 4148 potestatis
1508 4096 1637 4147 suae,
1671 4097 1776 4151 qua

207 4164 526 4219 dominatur
546 4166 597 4220 in
625 4172 738 4222 toto
789 4169 920 4223 orbe
960 4168 1242 4233 terrarum,
1270 4171 1425 4226 nobis
1450 4172 1596 4227 dedit
1638 4172 1778 4228 indi—

201 4258 380 4310 cium.
403 4250 784 4327 Namanatole,
815 4258 979 4328 (lysis,
1011 4268 1184 4314 arctos
1202 4268 1257 4314 et
1279 4256 1617 4327 mesembria,
1646 4277 1779 4332 qna-

203 4356 340 4402 tuor
367 4348 549 4402 mundi
568 4358 750 4418 partes
777 4350 831 4402 in
860 4350 1122 4417 capitibus
1147 4349 1528 4407 vocabulorum
1555 4366 1773 4406 suorum

1885 3198 2214 3269 voluptatum
2240 3200 2552 3257 felicitatem
2575 3217 2757 3261 veram
2784 3204 3122 3273 promittens,
3157 3204 3315 3259 fallax
3346 3205 3444 3260 de-

1883 3290 2045 3359 cepit,
2097 3298 2151 3345 et
2202 3305 2299 3359 per
2330 3292 2469 3346 hanc
2518 3290 2838 3347 dementiam
2867 3294 2995 3363 jam‘
3025 3294 3183 3363 quasi
3229 3304 3443 3366 captum

1882 3379 2133 3444 irridens,
2161 3380 2461 3435 manifestis
2486 3380 2739 3434 vitiorum
2766 3380 2991 3436 vinculis
3018 3389 3072 3435 et
3100 3382 3304 3453 catenis
3325 3397 3446 3451 pec-

1882 3476 2122 3523 catorum
2149 3470 2385 3539 stringit.
2430 3467 2477 3543 Ο
2497 3482 2629 3525 crux
2661 3478 2842 3524 sancta
2870 3470 2882 3522 !
2912 3486 2946 3524 ο
2973 3470 3134 3525 arbor
3158 3466 3399 3540 speciosa
3422 3473 3439 3525 l

1880 3571 2000 3628 qum
2025 3559 2203 3614 omnia
2229 3558 2511 3614 cedrorum
2534 3573 2761 3637 nemora
2808 3558 3088 3614 altitudine
3111 3565 3165 3613 et
3206 3558 3447 3630 pulchri-

1811 3708 1824 3714 ,
1880 3647 2062 3702 tudine
2118 3647 2523 3716 incomparabili
2572 3662 2819 3718 superas,
2867 3662 2935 3702 en
2977 3663 3203 3703 numero
3231 3662 3446 3719 compe-

1881 3738 2012 3793 tenti
2043 3737 2095 3791 in
2118 3737 2373 3794 cornibus
2416 3739 2521 3793 tuis
2566 3739 2793 3794 radianti
2844 3741 2982 3794 dona
3017 3736 3359 3806 serenissima
3386 3750 3443 3795 et

1880 3824 2194 3880 beatissima
2248 3841 2346 3896 per
2401 3827 2687 3882 adventum
2751 3818 3087 3883 Dominicum
3116 3830 3437 3901 portendis.

1879 3914 2133 3971 Ostendis
2175 3918 2319 3972 enim
2371 3918 2565 3973 seriem
2597 3918 2802 3973 dierum
2850 3915 3043 3988 quibus
3080 3910 3341 3975 Salvator
3385 3921 3472 3977 in.

1880 4014 2031 4061 utero
2076 4006 2312 4078 Virginis
2356 4007 2670 4063 incarnatus
2715 4014 3020 4079 est,etper
3042 4006 3183 4065 hanc
3234 4024 3441 4065 moram

1876 4096 2147 4166 patientiae
2177 4106 2232 4152 et
2260 4098 2576 4154 humilitatis
2615 4100 2731 4170 ejus
2754 4100 3075 4170 documenta
3110 4099 3266 4174 nobis
3303 4104 3457 4170 pta?

1877 4190 1972 4242 bes
2001 4207 2015 4241 :
2050 4196 2105 4242 et
2140 4189 2262 4258 quia
2291 4205 2414 4245 cum
2444 4191 2665 4246 lenitate
2696 4200 2750 4247 et
2791 4191 3171 4261 tranquillitate
3192 4207 3290 4263 per
3312 4208 3437 4262 par-

1878 4284 1987 4334 tum
2015 4277 2083 4331 ad
2106 4293 2205 4333 nos
2241 4280 2405 4345 venit,
2437 4280 2895 4335 mansuetudinem
2919 4296 3072 4337 suam
3099 4290 3156 4336 et
3182 4282 3437 4337 obedien-

1879 4366 2030 4431 tiam,
2085 4381 2247 4436 quant
2303 4382 2471 4437 usque
2495 4368 2562 4423 ad
2611 4377 2838 4424 mortem
2885 4368 2936 4423 in
2964 4376 3019 4424 te
3067 4378 3431 4439 perpetratam

202 4438 318 4492 hoc
367 4446 641 4491 resonant.
696 4436 850 4492 Unde
897 4438 1157 4493 condecet
1207 4446 1267 4492 ut
1308 4447 1500 4493 cuncta
1538 4440 1771 4495 viventia
1798 4426 1850 4484 D
1876 4426 2147 4519 δεννάιηὶ,
2176 4426 2439 4524 «signa-3,
2472 4455 2595 4511 [deo
2636 4456 2761 4511 data
2789 4464 2875 4512 es;
2918 4457 2968 4511 ei
2994 4426 3431 4534 οηςηίέροιςεωε

198 4536 378 4595 atque
404 4526 745 4581 subsistentia
776 4526 1060 4599 Dominum
1087 4541 1242 4581 suum
1274 4537 1678 4599 recognoscant,
1718 4538 1775 4584 et

1875 4543 1929 4596 in
1958 4544 2096 4599 cmlo
2140 4554 2193 4599 et
2251 4547 2304 4600 in
2341 4555 2483 4601 terra
2530 4549 2823 4603 secundum
2873 4550 3284 4616 humanitatem,
3336 4554 3427 4622 qui

198 4612 458 4669 laudibus
481 4614 685 4669 devotis
712 4614 1016 4679 concinant,
1052 4615 1193 4684 quod
1226 4613 1383 4671 Jcsus
1410 4610 1658 4671 Christus
1683 4632 1770 4673 ve.

1883 4650 1991 4688 sum
2045 4634 2207 4691 Patre
2237 4645 2291 4691 et
2325 4636 2528 4707 ﬁiritu
2581 4648 2767 4693 sancto
2820 4639 3012 4693 omium
3039 4646 3117 4693 et'
3148 4610 3426 4696 terram-ct

196 4720 302 4759 rus
326 4712 413 4759 est
441 4698 607 4759 Filius
634 4704 729 4759 Dei
756 4714 811 4760 et
837 4707 1171 4774 omnipotens
1199 4706 1417 4761 dextera
1443 4707 1618 4763 Patris
1654 4724 1772 4764 om-

1870 4728 2050 4782 omnia
2074 4742 2195 4797 qua:
2227 4729 2281 4783 in
2313 4729 2391 4784 eis
2423 4738 2547 4783 sunt
2600 4729 2804 4784 creavit
2846 4729 3135 4784 secundum
3166 4744 3317 4783 suam
3348 4714 3430 4785 di-

196 4794 537 4865 nipotentis:
568 4794 721 4863 cujus
753 4796 961 4851 curatio
988 4796 1219 4866 salubris
1260 4806 1345 4853 est
1385 4806 1441 4853 et
1487 4808 1769 4854 contactus

1883 4794 2172 4883 vinitatein,
2224 4817 2362 4874 sient
2387 4819 2558 4873 sancti
2585 4818 2783 4873 dudum
2837 4817 3081 4872 cecinere
3129 4820 3424 4889 prophetm,

190 4877 477 4985 medicina
498 4890 687 4945 salutis
704 4898 938 4945 aeternae.

792 5018 1038 5077 CAPUT
1076 5022 1207 5077 XIII.

196 5107 279 5161 De
317 5108 488 5161 tertia:
532 5108 746 5162 decimae
795 5111 995 5163 ratione

272 5191 526 5255 aetatem
553 5178 944 5249 comprehensus
986 5176 1099 5249 quo
1126 5177 1359 5232 Christus
1390 5179 1447 5231 in
1473 5190 1618 5233 utero
1654 5176 1766 5234 Vir-

269 5260 415 5314 gum
450 5255 679 5311 moratus
704 5256 798 5301 est.
1064 5280 1073 5288 .

269 5354 459 5407 Arbor
503 5354 683 5409 odoris
713 5352 1014 5410 suavissimi
1058 5366 1112 5410 ct
1140 5358 1469 5426 expansione
1517 5358 1764 5429 pulchra-

193 5460 324 5500 rum
360 5443 628 5499 frondium
664 5445 944 5511 latissima,
1000 5447 1186 5500 hortus
1220 5446 1529 5501 deliciarum
1555 5448 1760 5501 incom-

192 5534 462 5605 parabilis
496 5535 741 5611 affluens,
796 5538 1037 5591 ubertate
1064 5536 1386 5607 largissima,
1416 5536 1633 5592 ﬁoribus
1656 5538 1761 5617 vir-

1042 5110 1250 5183 ﬁgu_r_a’,_
1292 5105 1380 5163 ubi
1400 5179 1411 5183 Δ
1435 5110 1525 5164 ille
1564 5111 1765 5183 dferant
1792 5180 1795 5183 λ

1870 4896 2010 4974 quod
2038 4908 2158 4962 cat-li
2186 4916 2240 4961 et
2260 4915 2417 4962 terra!
2445 4900 2616 4962 factor
2640 4904 2891 4976 parvulus
2918 4897 3059 4962 ﬁlius
3085 4916 3423 4976 nasceretur,

1866 4996 2021 5067 cujus
2042 4997 2323 5068 imperium
2348 5012 2511 5067 super
2537 4997 2819 5051 humerum
2840 4998 2957 5067 ejus
2979 5000 3139 5053 esset.

2360 5104 2363 5109 ·
2403 5099 2656 5162 CAPUT
2693 5103 2828 5179 xiv.

1868 5197 1945 5250 De
1965 5198 2134 5266 ﬁgura
2151 5205 2355 5317 (incrta
2401 5196 2642 5277 decima,~
2756 5212 2860 5267 qua
2890 5214 3135 5281 numerus
3162 5214 3427 5282 annorum-

1936 5269 1999 5317 ab
2024 5283 2147 5317 exor
2188 5280 2236 5317 ιο
2275 5264 2455 5317 mundi
2478 5281 2636 5317 mue
2658 5280 2713 5317 ιη
2740 5280 2935 5317 annum
2969 5265 3239 5317 Pansam:
3268 5268 3418 5317 Clm-

1936 5264 2236 5347 ac'exordio
2275 5264 2455 5347 mundi
2478 5281 2636 5335 usque
2658 5264 2713 5319 in
2740 5264 2935 5328 tinuum
2969 5265 3239 5323 Passionis
3268 5268 3433 5323 Chri-.

1934 5343 1998 5387 sti
2021 5344 2226 5387 notatus
2245 5343 2339 5387 est.

1932 5445 2069 5517 Vere
2094 5445 2308 5512 dignum
2334 5458 2468 5512 opus
2492 5451 2595 5508 est,
2640 5458 2706 5498 ac
2726 5444 3042 5512 praeclarum
3092 5446 3269 5511 valde,
3301 5457 3413 5501 tro—

1861 5550 2032 5605 pmum
2073 5535 2331 5590 cmlcstis’
2354 5534 2494 5605 regis
2539 5534 2812 5590 dulcisona
2847 5537 3205 5593 modulatione
3264 5539 3407 5607 psal-

190 5632 375 5679 tutum
404 5633 459 5680 ct
493 5610 631 5679 foliis
659 5623 940 5680 verborum
985 5624 1393 5694 iucundissima,
1423 5640 1517 5695 per
1567 5611 1759 5695 ιιι-λείη·
1861 5624 2006 5688 iure;
2058 5621 2381 5691 triumphum
2423 5620 2773 5677 dominatoris
2802 5624 2987 5679 :etcrni
3046 5635 3409 5695 competenter
