3958 6372
514 291 618 349 279

1157 293 1220 350 Β.
1263 294 1512 350 RABANI
1552 295 1769 355 MAURI
1806 297 2119 353 ARCHIEP.

2160 291 2464 354 MOGUNT.
2505 295 2785 358 OPERUM
2820 301 2997 361 PARS
3029 306 3071 361 l.
3638 313 3745 368 280

513 405 823 480 pmdicare,
853 424 960 478 quo
1007 410 1263 464 mundum
1297 412 1362 467 de
1420 419 1682 479 potestate
1729 411 1939 482 tyranni
1971 410 2076 464 eri-
2104 418 2154 475 Α
2180 411 2446 465 vel-atione
2477 413 2742 482 cognovit,
2770 422 2824 469 et
2850 415 2994 471 claro
3039 431 3286 473 sermone
3312 419 3624 502 pradicavi).
3666 434 3745 477 at-

511 501 648 571 puit,
699 501 981 570 ipsumque
1014 514 1177 571 regno
1207 500 1322 568 ejus
1369 501 1641 556 destructo
1672 515 1736 555 ac
1800 509 2072 570 reparato,

509 604 714 649 aeterno
743 609 964 650 carcere
997 595 1270 650 damnavit
1298 612 1310 646 :
1350 593 1402 647 in
1432 609 1536 662 quo
1567 595 1729 649 etiam
1757 594 1995 649 coelestia
2024 602 2077 647 et

511 685 790 739 terrestria
821 693 980 754 atque
1001 683 1268 738 maritima
1299 698 1462 751 regno
1498 684 1598 739 sibi
1639 685 1900 753 acquisito
1927 683 2078 738 fulcit

509 782 671 844 atque
701 783 984 830 sustentat.
1032 773 1164 828 Nam
1193 773 1406 842 quando
1453 773 1569 842 ejus
1606 775 1862 830 exaltatio
1915 775 2076 830 fuerit

401 905 407 915 .
507 863 576 916 ab
605 863 810 932 origine
839 862 1108 916 nascentis
1140 863 1344 928 mundi,
1398 865 1693 920 accurrens
1719 881 1839 919 cum
1870 875 2072 937 myste-
2103 914 2105 916 .

505 953 590 1029 rio
618 968 875 1007 annorum
923 968 1178 1007 numerus
1225 967 1323 1023 per
1369 962 1522 1009 notas
1561 953 1866 1010 Graecorum
1913 957 1966 1009 in
2005 956 2071 1008 ﬁ-

505 1057 634 1114 gura
663 1042 831 1111 ipsius
860 1043 1148 1112 diSpositas
1177 1043 1453 1114 exprimit,
1491 1053 1546 1100 et
1598 1046 1666 1101 ob
1711 1048 1810 1101 hoc
1841 1048 2066 1100 creden-

503 1133 637 1186 tium
663 1132 872 1188 devotio
899 1139 1142 1204 augetur,
1175 1117 1300 1190 cuni
1317 1136 1571 1205 perspicit
1599 1137 1933 1192 conditorem
1955 1153 2069 1191 om-

420 1241 423 1245 λ
502 1222 650 1276 nium
676 1211 988 1278 rerum'tatn
1014 1240 1250 1295 congrue
1284 1236 1337 1280 ct
1367 1233 1475 1279 tam
1507 1227 1885 1282 convenienter
1910 1229 2068 1283 rebus

499 1308 631 1380 ipsis
663 1321 956 1382 temporum
985 1315 1175 1368 seriem
1208 1323 1460 1384 coaptare
1485 1332 1497 1367 :
1528 1316 1667 1384 quod
1698 1315 1866 1386 figura
1892 1316 2067 1372 crucis

498 1411 550 1457 et
587 1403 887 1473 redemptio
927 1400 990 1458 in
1023 1420 1083 1459 ea
1110 1414 1438 1474 perpetrata,
1473 1422 1536 1459 ac
1583 1406 1730 1464 salus
1771 1421 1867 1474 per
1922 1408 2059 1461 dona

429 1520 437 1527 -
497 1494 757 1548 virtutum
788 1492 1034 1548 ﬁdelibus
1086 1495 1300 1560 collata,
1334 1511 1455 1549 eum
1485 1511 1709 1551 numero
1756 1498 1922 1552 sacris
1949 1512 2064 1569 my-
2121 1543 2129 1554 ..

497 1586 676 1641 steriis
700 1585 857 1657 pleno
884 1587 985 1642 rite
1018 1587 1072 1641 in
1124 1587 1374 1643 omnibus
1422 1591 1770 1645 concordent.
1821 1590 2060 1661 Denique

428 1698 431 1700 ·
495 1677 816 1746 principium
869 1673 992 1731 libri
1020 1676 1245 1732 Genesis
1273 1677 1708 1734 manifestissime
1746 1681 2059 1749 comprobat

2179 513 2282 568 quc
2304 501 2641 569 conscripsit.
2683 501 2761 556 Ita
2791 505 2984 574 quippe
3020 507 3192 575 gratia
3237 506 3415 562 divina
3444 501 3745 579 prm’cacte-

2179 589 2254 642 ris
2280 590 2618 661 evangelistis
2646 593 2838 648 collata
2860 605 2945 649 est
2968 594 3182 660 Joanni,
3220 607 3279 652 ut
3314 614 3435 654 cum
3464 599 3538 655 illi
3567 591 3745 657 incar-

2175 677 2408 732 nationis
2444 677 2737 735 Salvatoris
2760 689 2814 735 et
2850 682 3195 738 humanitatis
3224 685 3340 755 ejus
3393 701 3592 743 arcana
3623 705 3743 747 ma-

2175 765 2318 818 xime
2347 767 2766 835 conscriberent,
2789 768 2890 825 iste
2926 771 3219 827 divinitatis
3245 773 3359 842 ejus
3400 786 3742 832 sacramenta

2171 857 2435 925 profundo
2492 874 2738 916 sermone
2787 862 3072 928 reve‘laret,
3103 864 3244 934 quod
3291 865 3542 920 videlicet
3567 865 3743 920 factor

2173 937 2415 1004 omnium
2447 967 2626 1006 rerum
2672 953 2904 1028 animam
2934 965 2987 1009 et
3019 971 3214 1025 corpus
3243 959 3295 1011 in
3330 973 3388 1013 se
3417 961 3738 1030 sumpsisset

2170 1040 2482 1107 humanum,
2538 1051 2592 1095 et
2617 1043 2708 1111 qui
2757 1045 2810 1097 in
2836 1046 3097 1116 principio
3126 1047 3268 1102 Deus
3294 1063 3432 1104 unus
3463 1059 3585 1105 erat
3611 1067 3737 1107 cum

2170 1131 2279 1186 Deo
2306 1131 2488 1199 Patre,
2523 1134 2573 1187 in
2628 1134 2730 1190 ﬁne
2760 1146 3057 1206 temporum
3084 1139 3335 1194 visibilis'
3361 1153 3651 1212 appareret
3683 1146 3738 1200 in

2168 1237 2348 1276 carne.
2381 1222 2532 1278 Hunc
2555 1225 2721 1295 ﬁgura
2745 1227 2912 1284 leonis
2949 1229 3214 1299 signiﬁcat
3242 1245 3442 1302 regem,
3479 1234 3624 1290 hunc
3658 1237 3739 1291 vi-

2171 1313 2310 1367 tulus
2367 1315 2674 1387 pnnﬁgurat
2733 1319 3056 1388 pontiﬁcem.
3110 1312 3233 1391 quia
3290 1324 3405 1394 ipse
3455 1336 3513 1381 ut
3566 1328 3654 1384 leo
3679 1339 3738 1386 et

2166 1402 2319 1468 quasi
2345 1402 2555 1457 catulus
2605 1404 2773 1459 leonis
2813 1410 3107 1463 certamine
3143 1409 3454 1481 confligens,
3504 1417 3732 1485 opulen‘

2165 1491 2427 1544 tissimam
2480 1493 2707 1563 arripuit
2734 1498 2990 1563 przedam,
3019 1508 3178 1569 atque
3207 1501 3347 1557 idem
3399 1509 3654 1564 sacerdos
3681 1517 3738 1566 et

2163 1578 2338 1636 hostia
2370 1581 2486 1636 ﬁeri
2526 1581 2794 1654 dignatus,
2811 1585 3045 1640 salutem
3074 1591 3228 1643 nobis
3281 1597 3551 1649 concessit
3576 1606 3735 1652 teter-

2155 1684 2306 1734 nam,
2330 1670 2547 1739 suisque
2572 1672 2922 1745 participibus
2940 1675 3076 1730 dona
3103 1675 3327 1748 largitus
3347 1662 3428 1734 est
3443 1681 3728 1738 immensa.

493 1776 654 1836 atque
699 1766 989 1823 conﬁrmat
1033 1768 1176 1838 quod
1228 1769 1484 1823 Dominus
1530 1771 1709 1839 prisca
1764 1771 1958 1826 saacula
2005 1780 2060 1826 et
2088 1765 2134 1823 Β
2162 1761 2372 1845 Marcus
2396 1775 2606 1830 quoque
2653 1762 2706 1816 ίη
2733 1765 2986 1833 πιῐδιεΐῖο
3035 1771 3238 1837 septem
3276 1784 3496 1838 panum.
3525 1774 3728 1841 quibus

491 1867 796 1913 creaturam
823 1872 996 1933 suam,
1028 1857 1083 1912 in
1111 1860 1375 1929 principio
1415 1861 1482 1915 ab
1506 1861 1619 1931 ipso
1645 1863 1937 1929 conditam,
1960 1878 2058 1933 per

490 1956 735 2003 sanctam
764 1963 974 2004 crucem
999 1945 1152 2017 juxta
1179 1949 1338 2004 ﬁnem
1369 1959 1666 2019 temporum
1695 1954 2054 2017 renovaverit,

489 2041 616 2107 quia
648 2039 771 2094 dum
800 2046 921 2110 post
947 2055 1041 2094 sex
1064 2040 1269 2094 dierum
1308 2056 1468 2109 opera
1506 2040 1885 2114 hominemque
1906 2060 2056 2098 crea-

491 2137 604 2183 tum
631 2130 968 2200 requiescere
996 2129 1138 2185 Deus
1159 2129 1359 2185 dicitur
1388 2132 1442 2185 in
1470 2139 1622 2186 sexta
1651 2138 1813 2187 aetate
1854 2132 2052 2201 saeculi,

488 2238 552 2277 ac
578 2231 729 2278 sexta
754 2220 888 2278 feria
918 2222 1125 2277 dierum
1149 2238 1246 2292 per
1273 2238 1492 2278 crucem
1537 2223 2051 2295 hominereparato,

489 2307 725 2368 Sabbato
750 2314 803 2368 in
830 2314 1077 2387 sepulcro
1121 2311 1456 2383 requievisse'
1477 2310 1805 2384 Redemptor
1835 2316 2054 2370 demon-

488 2404 708 2458 stretur.
756 2403 945 2458 Divino
975 2419 1103 2474 ergo
1130 2412 1260 2458 nutu
1284 2404 1601 2472 dispositum
1652 2413 1754 2469 est,
1788 2405 1931 2475 quod
1956 2421 2076 2460 nu-r’

483 2489 669 2547 merus
689 2491 752 2546 V.
785 2492 888 2549 CC.
914 2493 1080 2548 XXX.
1115 2495 1154 2548 l.
1204 2494 1387 2563 ﬁgurae
1443 2501 1643 2550 sanctae
1700 2498 1877 2552 crucis
1928 2507 2052 2568 apte

484 2585 813 2652 conveniret,
853 2593 906 2641 et
937 2601 1033 2656 per
1058 2587 1159 2642 hoc
1187 2589 1585 2643 demonstraret
1613 2590 1880 2658 passionis
1904 2590 2052 2650 Chri-

483 2673 550 2728 sti
579 2682 994 2738 sacramentum,
1022 2675 1166 2728 omni
1191 2675 1440 2744 nequitia:
1489 2677 1788 2732 ‘dzcmonum
1812 2693 1876 2732 ac
1903 2677 2050 2733 falsi-

481 2763 581 2817 tati
622 2778 910 2832 pravsrum
961 2763 1238 2818 hominum
1267 2765 1568 2830 resisteret,
1617 2765 2049 2836 opprimeretque

478 2851 720 2923 potentia
773 2860 828 2919 et
882 2860 1161 2921 superaret
1215 2851 1422 2922 iustitia
1477 2869 1692 2909 omnem
1745 2855 2047 2926 quicunque

481 2941 671 2998 fraude
692 2959 756 2998 ac
782 2943 903 2999 dolo
924 2943 1205 3014 derogdret
1230 2945 1613 3016 diSpensationi
1640 2944 1931 3000 Dominica:
1961 2945 2045 2999 in-

480 3031 846 3100 carnationis,
894 3041 1201 3104 laceretque
1261 3035 1475 3104 penitus
1523 3034 1751 3088 veritate
1800 3035 2043 3090 convicta

2156 1862 2382 1924 quatuor
2409 1857 2573 1911 millia
2599 1850 2872 1914 hominum
2922 1859 3077 1916 Jesus
3102 1862 3342 1928 satiavit,
3387 1866 3618 1936 mystice
3643 1881 3731 1922 se-

2155 1951 2299 2010 ptem
2329 1943 2469 1998 dona
2506 1945 2736 2014 Spiritus
2779 1950 2951 2003 sancti
2998 1950 3222 2017 indicat,
3261 1953 3458 2022 quibus
3489 1970 3728 2026 evange-

2156 2030 2316 2086 licum
2337 2034 2590 2103 pupulum
2626 2035 2872 2093 Salvator
2894 2041 3133 2109 quotidie
3156 2043 3344 2098 reﬁcit.
3364 2046 3421 2108 _O
3451 2055 3530 2112 tu,
3560 2063 3730 2102 evana

2154 2115 2346 2192 gelista
2399 2123 2595 2191 Lucas,
2628 2141 2808 2197 regem
2859 2130 3214 2199 justissitnum
3269 2136 3542 2192 victimam
3571 2138 3724 2193 salu-

2153 2211 2303 2266 brem
2327 2214 2581 2283 prmdica,
2617 2216 2719 2271 hoc
2742 2217 2874 2273 ﬁdes
2920 2227 3064 2274 tenet
3087 2222 3471 2291 catholica,'et
3503 2230 3728 2296 pontiﬁ-

2154 2302 2271 2354 Cem
2295 2302 2498 2356 clarum
2528 2305 2743 2376 scriptis
2791 2307 2897 2363 tuis
2932 2324 3145 2378 resona,
3178 2314 3267 2382 qui
3317 2317 3479 2372 totius
3532 2321 3724 2376 mundi

2119 2392 2289 2447 -tollit
2323 2404 2563 2462 peccata.
2598 2395 2697 2452 Hic
2738 2415 2867 2468 ergo
2917 2416 3037 2456 cum
3084 2412 3226 2457 esset
3277 2420 3470 2461 manus
3513 2417 3726 2480 aeterna

2150 2481 2454 2542 Conditoris
2483 2495 2539 2541 et
2562 2488 2704 2543 Patri
2733 2500 2932 2557 aeterno
2978 2487 3469 2564 consubstantialis,
3505 2515 3632 2556 ecce
3666 2503 3723 2557 in

2154 2572 2343 2627 diebus
2366 2574 2595 2630 Herodis
2627 2579 2766 2648 regis
2803 2588 2887 2634 est
2931 2591 3091 2636 natus
3123 2584 3174 2636 in
3205 2584 3477 2642 Bethleem
3513 2605 3581 2643 ex
3605 2591 3724 2644 Ma-

2149 2661 2226 2714 ria
2255 2671 2426 2732 matre
2479 2663 2656 2721 infans
2709 2669 3057 2736 admirabilis,
3087 2672 3155 2726 ad
3196 2673 3423 2730 salutem
3461 2678 3723 2736 videlicet

2147 2754 2345 2809 missus
2376 2745 2537 2810 tutius
2561 2758 2764 2812 mundi.
2796 2760 2999 2816 Nobilis
3027 2762 3147 2832 ipse
3163 2777 3314 2832 puer,
3352 2768 3441 2836 qui
3471 2777 3523 2824 et
3548 2768 3721 2825 Vetu-

2152 2851 2268 2897 stus
2307 2844 2512 2897 dierum
2543 2861 2638 2913 per
2665 2847 2980 2917 prophetam
3031 2850 3372 2918 describitur,
3421 2856 3512 2923 qui
3566 2859 3721 2912 venit

2145 2933 2212 2986 de
2258 2926 2446 2998 Edom',
2502 2935 2682 2990 tinctis
2735 2938 2971 2992 vestibus
2999 2941 3065 2994 de
3114 2940 3307 3007 Bozra,
3352 2944 3442 3011 qui
3474 2946 3722 3001 torcular

2145 3022 2323 3077 crucis
2352 3023 2762 3089 soluscalcavit,
2789 3034 2844 3079 et
2866 3026 2990 3082 licet
3026 3027 3186 3083 fuerit
3210 3031 3264 3084 in
3291 3047 3452 3087 cruce
3477 3049 3716 3104 suspen-
3781 3103 3786 3106 μ

480 3123 654 3178 omnis
680 3122 1119 3194 philosuphurum
1170 3103 1331 3192 atque
1359 3123 1738 3177 haereticorum
1766 3123 1998 3177 versutia
2027 3140 2041 3189 ;

2154 3128 2260 3178 sus,
2293 3122 2467 3168 tamen
2495 3123 2640 3168 astra
2665 3118 2983 3190 sustentavit
3009 3120 3218 3183 .arbiter
3256 3136 3539 3192 supernas.
3571 3103 3718 3180 Cm-

481 3214 575 3269 sed
599 3229 699 3269 nec
725 3215 865 3268 ultra
900 3213 1060 3268 fallax
1087 3213 1392 3269 Judazorum
1420 3213 1582 3269 factio
1612 3215 1786 3268 dirum
1836 3230 1899 3269 ac
1947 3215 2046 3269 im-

481 3303 664 3356 mitem
691 3301 939 3358 affectum
987 3301 1189 3358 Christi
1237 3309 1532 3372 apponeret
1581 3302 1892 3374 Evangelia,
1922 3304 2068 3371 quia«

478 3393 651 3462 ipsum
701 3394 874 3449 virtus
918 3391 1012 3448 Dei
1042 3399 1124 3448 est
1165 3393 1220 3447 in
1261 3392 1490 3448 salutem
1517 3393 1663 3446 omni
1699 3392 1962 3457 credenti,
1991 3399 2047 3445 et

480 3498 576 3552 per
601 3483 709 3538 hoc
749 3482 978 3552 patescit
1028 3467 1276 3536 voluntas
1305 3479 1596 3546 Creatoris,
1626 3490 1679 3536 et
1708 3483 2044 3537 demonstra-

481 3584 570 3625 tur
596 3563 837 3626 sauctam
868 3585 1096 3626 crucem
1136 3571 1317 3625 omnia
1367 3577 1606 3639 tempora
1644 3571 1828 3626 mundi
1855 3571 1909 3624 in
1932 3569 2044 3625 ele-

479 3665 582 3720 ctis
614 3663 730 3730 Dei,
769 3663 863 3734 qui
905 3663 972 3718 ab
1003 3659 1156 3718 initio
1185 3662 1425 3729 fuerunt,
1477 3664 1836 3729 sanctiﬁcare,
1861 3671 2045 3719 ctu-e-

480 3771 642 3826 gnum
687 3755 908 3810 caeleste
949 3755 1282 3824 promittere,
1328 3753 1468 3824 quod
1503 3768 1598 3822 per
1634 3754 2043 3824 Redemptorem

481 3855 722 3903 nostrum
775 3846 985 3902 cunctis
1014 3845 1256 3900 ﬁdelibus
1305 3844 1590 3910 tribuetur,
1620 3844 1708 3914 qui
1737 3846 1900 3901 verbo
1931 3845 2046 3915 ejus

478 3929 789 3994 obedientés
839 3937 1001 3993 corde
1029 3936 1247 4014 credulo
1279 3943 1334 3989 et
1357 3949 1520 4004 opere
1572 3935 1770 3990 mundo
1795 3933 1904 3990 Deo
1931 3935 2046 4005 pla-

480 4047 605 4086 cere
631 4031 968 4086 studuerunt.
1001 4029 1218 4099 Species
1248 4030 1444 4098 quippe
1468 4036 1667 4084 sanctae
1694 4030 1870 4084 crucis
1891 4043 2046 4100 gran-

480 4122 562 4175 dis
591 4119 884 4175 consolatio
910 4128 994 4174 est
1022 4107 1283 4185 ﬁdelibus,
1317 4119 1601 4174 materiam
1633 4119 1823 4173 tribuit
1851 4118 2042 4184 laudis,

477 4212 604 4282 quia
641 4211 934 4267 bonitatem
980 4225 1079 4265 nos
1131 4209 1271 4264 scire
1305 4201 1434 4263 facit
1487 4206 1783 4273 Creatoris,
1837 4218 1892 4263 et
1931 4210 2044 4278 ipse

480 4303 629 4374 prius
656 4301 928 4357 hominem
973 4300 1025 4355 in
1058 4296 1306 4370 paradiso
1360 4297 1684 4354 formaverat
1729 4307 1958 4366 rectum,
1991 4310 2046 4354 et

481 4406 621 4447 nunc
677 4390 864 4446 nolens
914 4404 1036 4444 eum
1062 4390 1238 4459 perire
1268 4388 1453 4443 fraude
1493 4389 1662 4444 hostis
1692 4390 1917 4458 antiqui,
1948 4407 2042 4460 per

480 4496 694 4536 crucem
745 4481 893 4536 illum
954 4495 1277 4549 recuperans
1341 4480 1553 4536 reduxit
1587 4480 1655 4533 ad
1711 4481 2036 4549 paradisum.

479 4571 624 4627 Crux
648 4571 844 4642 quippe
887 4581 972 4626 est
1007 4587 1103 4625 arx
1132 4572 1386 4625 virtutum
1413 4577 1466 4625 et
1489 4569 1738 4626 remissio
1788 4582 2040 4640 peccato-

454 4676 622 4734 .rum,
673 4661 788 4731 ipsa
820 4658 1025 4715 scilicet
1069 4662 1134 4715 de
1176 4660 1259 4715 his
1286 4657 1486 4715 inﬁmis
1527 4668 1706 4731 atque
1734 4662 1948 4716 caducis
1975 4664 2042 4717 ad

483 4752 720 4808 caelestia
751 4760 805 4808 et
841 4766 1071 4820 superna
1109 4752 1353 4820 provehit
1381 4767 1571 4806 omnes
1601 4765 1739 4819 quos
1760 4767 1858 4821 per
1883 4750 2040 4805 ﬁdem

483 4850 542 4894 et
562 4855 708 4909 spem
730 4851 890 4912 atque
917 4841 1237 4896 charitatem
1265 4840 1450 4911 dignos
1473 4856 1591 4895 esse
1612 4848 1812 4917 teter-na
1838 4841 2040 4896 visione

404 4953 408 4956 ν
487 4927 587 4986 Dei
609 4931 808 4987 Christi
829 4930 1020 4986 electio
1046 4930 1433 5000 comprobavit.

1092 5041 1316 5096 CAPUT
1356 5040 1469 5094 XV.

492 5130 564 5190 De
586 5135 768 5206 quinta
797 5129 1208 5207 decimaﬁguro,
1253 5129 1539 5207 nbi'Agnus
1567 5137 1615 5182 et
1638 5138 1866 5199 quatuor
1893 5142 2048 5182 euan-

937 5201 1132 5270 gelista?
1150 5200 1338 5264 depicti
1361 5209 1501 5253 sunt.

555 5291 724 5350 Filius
749 5292 842 5349 Dei
871 5287 1046 5346 Patris
1073 5289 1336 5365 altissimi,
1383 5289 1473 5358 qui
1501 5289 1618 5342 dira
1640 5286 1816 5354 jacula
1844 5285 2044 5363 inimici

488 5384 698 5454 frangis.
712 5380 1047 5455 nequissimi,
1071 5379 1135 5433 da
1178 5377 1307 5431 mihi
1337 5385 1532 5432 sanctae
1561 5376 1739 5432 crucis
1767 5375 2042 5428 victoriam

488 5474 725 5530 carmine
788 5471 1064 5526 dulcisono
1115 5464 1397 5522 modulari.
1457 5465 1657 5534 Nempe
1719 5462 2042 5532 evangelista

488 5561 739 5626 Joannes,
771 5561 913 5616 velut
936 5557 1215 5614 altivolans
1247 5553 1445 5624 aquila,
1477 5553 1530 5606 in
1567 5553 1739 5623 ipsum
1767 5551 1931 5607 solem
1951 5549 2041 5619 ju—

492 5653 652 5711 Stitia:
676 5651 840 5722 ﬁgens
869 5659 1139 5721 aspectum
1173 5643 1389 5713 mentis,
1418 5643 1642 5697 verbum
1687 5642 1776 5696 Dci
1806 5655 1929 5696 vera
1959 5655 2041 5695 re-

2146 3216 2263 3256 cem
2293 3203 2434 3257 enim
2473 3204 2682 3271 patiens
2711 3205 2820 3273 ipse
2866 3206 3242 3274 sanctiﬁcavit,
3291 3211 3608 3284 gloriﬁcavit
3653 3224 3717 3268 et
3814 3231 3816 3233 '

2145 3293 2353 3347 caelesti
2406 3293 2775 3348 benedictione
2823 3294 3029 3348 ditavit.
3074 3285 3248 3367 igitur
3281 3297 3582 3365 Matthaaus,
3615 3303 3714 3370 qui

2144 3384 2348 3452 primus
2398 3384 2453 3437 in
2479 3382 2664 3438 Judaea
2718 3379 2931 3454 scripsit
2989 3382 3354 3458 Evangelium,
3412 3390 3715 3446 humanum

2144 3474 2346 3528 vultum
2387 3474 2555 3544 ﬁgura
2607 3473 2885 3540 denotans,
2943 3475 3262 3547 signiﬁcavit
3317 3477 3592 3533 Christum
3640 3481 3717 3536 de

2144 3564 2310 3632 stirpe
2358 3563 2524 3617 David
2579 3565 2870 3619 secundum
2925 3566 3195 3621 hominem
3223 3581 3342 3623 esse
3377 3578 3580 3633 natum,
3607 3571 3714 3626 de-

2146 3653 2569 3720 monstravitque
2618 3668 2739 3708 eum
2793 3655 3166 3723 promissionis
3207 3671 3325 3712 esse
3362 3657 3553 3725 ﬁlium,
3585 3675 3716 3716 cum

2143 3741 2412 3796 Abraham
2449 3743 2501 3816 in
2532 3744 2706 3812 capite
2751 3746 3110 3814 generationis
3143 3749 3340 3816 posuit,
3385 3759 3576 3805 contra
3605 3752 3717 3806 du-

2145 3833 2318 3888 ritiem
2358 3832 2564 3887 scilicet
2590 3841 2645 3888 et
2671 3835 3005 3890 obtusionem
3045 3837 3224 3893 cordis
3264 3838 3584 3906 inﬁdelium,
3614 3841 3716 3911 qni

2144 3935 2344 3996 negant
2375 3925 2647 3981 Christum
2679 3925 2746 3980 ad
2774 3927 2999 3981 salutem
3026 3927 3261 3997 gentium
3292 3942 3412 3982 esse
3463 3930 3713 3983 destina-

2145 4027 2278 4092 tum.
2328 4016 2469 4070 Nam
2519 4017 2621 4071 hoc
2657 4015 2918 4071 adventus
2954 4015 3247 4081 Salvatoris
3291 4017 3710 4072 veracissimum

2143 4118 2227 4164 est
2256 4107 2465 4179 signum
2491 4107 2633 4177 quod
2657 4123 2755 4176 per
2782 4106 3114 4176 patriarchas
3147 4115 3202 4160 et
3228 4121 3380 4176 reges
3402 4109 3581 4177 gentis
3607 4106 3713 4161 Ju-

2145 4199 2271 4253 daeaa
2304 4197 2658 4266 generationis
2683 4196 2814 4250 ordo
2843 4189 3196 4260 descendens,
3223 4197 3288 4250 ad
3331 4197 3505 4265 ipsum
3532 4213 3713 4267 usque

2144 4290 2389 4358 pervenit
2414 4287 2705 4354 Christum,
2736 4287 2826 4356 qui
2854 4297 2936 4342 est
2961 4287 3212 4342 Salvator
3255 4289 3496 4346 omnium
3525 4290 3710 4344 homi-

2144 4394 2294 4443 num,
2328 4378 2559 4432 maxime
2590 4377 2843 4431 ﬁdelium.

2720 4485 2943 4543 CAPUT
2978 4485 3115 4544 XVI.

2647 4564 2836 4656 formo,
2861 4577 2949 4629 ubi
2969 4577 3248 4645 dereptam
3271 4578 3422 4632 donis
3467 4578 3708 4648 Spiritus

2670 4655 2836 4698 sancti
2868 4656 3134 4698 narratur.

2214 4735 2524 4802 Te,'sanc'te
2558 4735 2794 4805 Spiritus
2845 4735 3132 4804 paraclete,
3174 4736 3394 4805 supplex
3439 4737 3712 4807 deprecor

2142 4837 2198 4883 ut
2222 4828 2453 4885 salubris
2481 4841 2640 4896 super
2678 4841 2779 4879 nos
2820 4841 2850 4879 a
2878 4840 3111 4895 superno
3136 4826 3269 4881 solio
3297 4827 3622 4890 descendas,
3649 4838 3713 4884 et

2147 4921 2237 4975 tibi
2261 4919 2475 4973 dedices
2515 4918 2758 4971 devotam
2783 4924 3014 4970 mentem
3056 4915 3214 4980 vatis,
3259 4917 3531 4985 cordaque
3563 4917 3714 4973 bene

2146 5010 2358 5065 credula
2398 5024 2459 5063 ac
2499 5008 2602 5062 ﬁda
2652 5007 2836 5071 facias,
2878 5007 3003 5074 quia
3049 5015 3104 5059 tu
3131 5021 3342 5076 quoque
3381 5005 3619 5076 Spiritus
3648 5022 3712 5062 es

2144 5099 2288 5162 vita,
2328 5111 2486 5165 quem
2530 5111 2589 5150 se
2631 5111 2696 5150 ex
2739 5092 2900 5157 Patre
2936 5095 3259 5164 promissum
3306 5094 3555 5149 Christus
3605 5094 3709 5151 Dei

2144 5187 2315 5240 virtus
2349 5193 2404 5237 et
2430 5184 2524 5238 Dei
2551 5184 2811 5252 sapientia
2855 5181 3129 5250 discipulis
3156 5182 3267 5236 suis
3292 5171 3509 5236 mittere
3537 5180 3712 5250 proﬁ-

2145 5283 2306 5338 tetur,
2333 5272 2529 5326 donum
2556 5255 2801 5325 videlicet
2825 5270 2951 5323 illud
2990 5284 3095 5337 quo
3120 5284 3306 5323 omnes
3333 5276 3546 5324 sanctos
3571 5284 3712 5324 suos

2147 5371 2269 5418 ante
2309 5363 2593 5417 adventum
2637 5369 2796 5428 atque
2835 5365 2957 5426 post
2998 5358 3282 5412 adventum
3328 5371 3484 5411 suum
3525 5357 3711 5412 admi-

2146 5453 2385 5507 rabiliter
2418 5451 2625 5514 ditavit,
2657 5463 2915 5516 suamque
2960 5461 3228 5517 sponsam,
3285 5444 3336 5499 id
3381 5453 3462 5500 est
3509 5442 3712 5500 Eccle—

2144 5545 2300 5608 siam,
2329 5542 2430 5598 sibi
2467 5543 2520 5596 in
2555 5540 2986 5611 peregrinatione
3011 5538 3168 5592 istius
3199 5537 3379 5592 mundi
3407 5537 3714 5605 desponsa-

2145 4573 2221 4630 De
2241 4585 2384 4630 sexta
2413 4573 2613 4629 decima

2146 5636 2253 5701 vit,
2271 5642 2324 5690 et
2350 5631 2624 5702 sanguinis
2669 5630 2751 5686 sui
2778 5631 2951 5700 pretio
2999 5627 3353 5698 comparavit.
3390 5624 3732 5694 Cuicui-tque.
