  <div class='ocr_page' id='page_1' title='image "/cluster/home/n/w/nwhite01/storage/ocr_20150623/107/uva.x000827064/146.png"; bbox 0 0 3958 6328; ppageno 0'>
   <div class='ocr_carea' id='block_1_1' title="bbox 309 282 405 345">
    <p class='ocr_par' dir='ltr' id='par_1_1' title="bbox 309 282 405 345">
     <span class='ocr_line' id='line_1_1' title="bbox 309 282 405 345; baseline 0.021 -2"><span class='ocrx_word' id='word_1_1' title='bbox 309 282 405 345; x_wconf 68' lang='grc' dir='ltr'><strong>εει</strong></span> 
     </span>
    </p>
   </div>
   <div class='ocr_carea' id='block_1_2' title="bbox 1189 256 2501 337">
    <p class='ocr_par' dir='ltr' id='par_1_2' title="bbox 1189 256 2501 337">
     <span class='ocr_line' id='line_1_2' title="bbox 1189 256 2501 337; baseline -0.007 0"><span class='ocrx_word' id='word_1_2' title='bbox 1189 260 1222 302; x_wconf 77' lang='grc' dir='ltr'>δ</span> <span class='ocrx_word' id='word_1_3' title='bbox 1272 256 1358 336; x_wconf 80' lang='lat' dir='ltr'><strong>Ds</strong></span> <span class='ocrx_word' id='word_1_4' title='bbox 1390 279 1730 337; x_wconf 71' lang='lat' dir='ltr'><strong>LAUDIBUS</strong></span> <span class='ocrx_word' id='word_1_5' title='bbox 1769 276 1826 333; x_wconf 90' lang='lat' dir='ltr'><strong>s.</strong></span> <span class='ocrx_word' id='word_1_6' title='bbox 1866 271 2236 333; x_wconf 70' lang='lat' dir='ltr'><strong>CRUCIS.‘-—</strong></span> <span class='ocrx_word' id='word_1_7' title='bbox 2269 270 2396 331; x_wconf 81' lang='lat' dir='ltr'><strong>Lts.</strong></span> <span class='ocrx_word' id='word_1_8' title='bbox 2439 266 2501 329; x_wconf 83' lang='lat' dir='ltr'><strong>tt.</strong></span> 
     </span>
    </p>
   </div>
   <div class='ocr_carea' id='block_1_3' title="bbox 3404 272 3508 325">
    <p class='ocr_par' dir='ltr' id='par_1_3' title="bbox 3404 272 3508 325">
     <span class='ocr_line' id='line_1_3' title="bbox 3404 272 3508 325; baseline -0.01 0"><span class='ocrx_word' id='word_1_9' title='bbox 3404 272 3508 325; x_wconf 66' lang='lat'><strong>382</strong></span> 
     </span>
    </p>
   </div>
   <div class='ocr_carea' id='block_1_4' title="bbox 309 385 3514 474">
    <p class='ocr_par' dir='ltr' id='par_1_4' title="bbox 309 385 3514 474">
     <span class='ocr_line' id='line_1_4' title="bbox 309 385 3514 474; baseline -0.004 -19"><span class='ocrx_word' id='word_1_10' title='bbox 309 416 440 474; x_wconf 80' lang='lat' dir='ltr'><strong>ergo</strong></span> <span class='ocrx_word' id='word_1_11' title='bbox 459 409 517 455; x_wconf 92' lang='lat' dir='ltr'><strong>tu</strong></span> <span class='ocrx_word' id='word_1_12' title='bbox 565 401 659 455; x_wconf 89' lang='lat' dir='ltr'><strong>das</strong></span> <span class='ocrx_word' id='word_1_13' title='bbox 715 399 1056 463; x_wconf 86' lang='lat' dir='ltr'><strong>intellectum,</strong></span> <span class='ocrx_word' id='word_1_14' title='bbox 1092 396 1343 467; x_wconf 85' lang='lat' dir='ltr'><strong>mysteria</strong></span> <span class='ocrx_word' id='word_1_15' title='bbox 1387 394 1565 448; x_wconf 88' lang='lat' dir='ltr'><strong>divina</strong></span> <span class='ocrx_word' id='word_1_16' title='bbox 1603 408 1702 463; x_wconf 89' lang='lat' dir='ltr'><strong>per</strong></span> <span class='ocrx_word' id='word_1_17' title='bbox 1744 393 1853 447; x_wconf 83' lang='lat' dir='ltr'><strong>sin-</strong></span> <span class='ocrx_word' id='word_1_18' title='bbox 1883 398 1928 454; x_wconf 83' lang='grc' dir='ltr'>Α</span> <span class='ocrx_word' id='word_1_19' title='bbox 1957 394 2274 448; x_wconf 88' lang='lat' dir='ltr'><strong>documenta</strong></span> <span class='ocrx_word' id='word_1_20' title='bbox 2305 389 2542 460; x_wconf 96' lang='lat' dir='ltr'><strong>protulit,</strong></span> <span class='ocrx_word' id='word_1_21' title='bbox 2575 387 2826 443; x_wconf 83' lang='lat' dir='ltr'><strong>nimirum</strong></span> <span class='ocrx_word' id='word_1_22' title='bbox 2861 397 2960 457; x_wconf 86' lang='lat' dir='ltr'><strong>per</strong></span> <span class='ocrx_word' id='word_1_23' title='bbox 3009 401 3287 441; x_wconf 84' lang='lat' dir='ltr'><strong>numerum</strong></span> <span class='ocrx_word' id='word_1_24' title='bbox 3334 385 3514 458; x_wconf 70' lang='lat' dir='ltr'><strong>figura:</strong></span> 
     </span>
    </p>
   </div>
   <div class='ocr_carea' id='block_1_5' title="bbox 311 483 1862 561">
    <p class='ocr_par' dir='ltr' id='par_1_5' title="bbox 311 483 1862 561">
     <span class='ocr_line' id='line_1_5' title="bbox 311 483 1862 561; baseline -0.006 -16"><span class='ocrx_word' id='word_1_25' title='bbox 311 491 435 561; x_wconf 85' lang='lat' dir='ltr'><strong>gula</strong></span> <span class='ocrx_word' id='word_1_26' title='bbox 473 488 775 543; x_wconf 87' lang='lat' dir='ltr'><strong>testimonia</strong></span> <span class='ocrx_word' id='word_1_27' title='bbox 822 489 1098 556; x_wconf 87' lang='lat' dir='ltr'><strong>utriusque</strong></span> <span class='ocrx_word' id='word_1_28' title='bbox 1139 484 1464 540; x_wconf 86' lang='lat' dir='ltr'><strong>Testamenti</strong></span> <span class='ocrx_word' id='word_1_29' title='bbox 1491 483 1718 553; x_wconf 88' lang='lat' dir='ltr'><strong>pleniter</strong></span> <span class='ocrx_word' id='word_1_30' title='bbox 1768 498 1862 536; x_wconf 84' lang='lat' dir='ltr'><strong>ca-</strong></span> 
     </span>
    </p>
   </div>
   <div class='ocr_carea' id='block_1_6' title="bbox 311 561 1862 648">
    <p class='ocr_par' dir='ltr' id='par_1_6' title="bbox 311 561 1862 648">
     <span class='ocr_line' id='line_1_6' title="bbox 311 561 1862 648; baseline -0.006 -15"><span class='ocrx_word' id='word_1_31' title='bbox 311 579 411 648; x_wconf 90' lang='lat' dir='ltr'><strong>pit,</strong></span> <span class='ocrx_word' id='word_1_32' title='bbox 450 584 505 633; x_wconf 88' lang='lat' dir='ltr'><strong>et</strong></span> <span class='ocrx_word' id='word_1_33' title='bbox 534 579 718 631; x_wconf 90' lang='lat' dir='ltr'><strong>intime</strong></span> <span class='ocrx_word' id='word_1_34' title='bbox 737 561 930 630; x_wconf 85' lang='lat' dir='ltr'><strong>doctus</strong></span> <span class='ocrx_word' id='word_1_35' title='bbox 949 562 1127 632; x_wconf 84' lang='lat' dir='ltr'><strong>omnia</strong></span> <span class='ocrx_word' id='word_1_36' title='bbox 1154 575 1422 646; x_wconf 74' lang='lat' dir='ltr'><strong>sagaciter</strong></span> <span class='ocrx_word' id='word_1_37' title='bbox 1469 572 1772 642; x_wconf 74' lang='lat' dir='ltr'><strong>investigat,</strong></span> <span class='ocrx_word' id='word_1_38' title='bbox 1806 580 1862 624; x_wconf 89' lang='lat' dir='ltr'><strong>et</strong></span> 
     </span>
    </p>
   </div>
   <div class='ocr_carea' id='block_1_7' title="bbox 310 661 1856 736">
    <p class='ocr_par' dir='ltr' id='par_1_7' title="bbox 310 661 1856 736">
     <span class='ocr_line' id='line_1_7' title="bbox 310 661 1856 736; baseline -0.004 -15"><span class='ocrx_word' id='word_1_39' title='bbox 310 668 580 721; x_wconf 82' lang='lat' dir='ltr'><strong>veraciter</strong></span> <span class='ocrx_word' id='word_1_40' title='bbox 601 674 788 736; x_wconf 84' lang='lat' dir='ltr'><strong>pensat</strong></span> <span class='ocrx_word' id='word_1_41' title='bbox 821 666 1049 734; x_wconf 91' lang='lat' dir='ltr'><strong>qualiter</strong></span> <span class='ocrx_word' id='word_1_42' title='bbox 1077 675 1130 719; x_wconf 91' lang='lat' dir='ltr'><strong>te</strong></span> <span class='ocrx_word' id='word_1_43' title='bbox 1160 665 1338 719; x_wconf 84' lang='lat' dir='ltr'><strong>divina</strong></span> <span class='ocrx_word' id='word_1_44' title='bbox 1392 663 1652 732; x_wconf 80' lang='lat' dir='ltr'><strong>sapientia</strong></span> <span class='ocrx_word' id='word_1_45' title='bbox 1700 661 1856 717; x_wconf 80' lang='lat' dir='ltr'><strong>Citri-</strong></span> 
     </span>
    </p>
   </div>
   <div class='ocr_carea' id='block_1_8' title="bbox 312 753 1858 822">
    <p class='ocr_par' dir='ltr' id='par_1_8' title="bbox 312 753 1858 822">
     <span class='ocr_line' id='line_1_8' title="bbox 312 753 1858 822; baseline -0.001 -14"><span class='ocrx_word' id='word_1_46' title='bbox 312 763 428 809; x_wconf 82' lang='lat' dir='ltr'><strong>stus</strong></span> <span class='ocrx_word' id='word_1_47' title='bbox 457 756 510 808; x_wconf 87' lang='lat' dir='ltr'><strong>in</strong></span> <span class='ocrx_word' id='word_1_48' title='bbox 533 757 713 810; x_wconf 86' lang='lat' dir='ltr'><strong>orbem</strong></span> <span class='ocrx_word' id='word_1_49' title='bbox 753 756 981 816; x_wconf 85' lang='lat' dir='ltr'><strong>miserit,</strong></span> <span class='ocrx_word' id='word_1_50' title='bbox 1024 763 1238 822; x_wconf 84' lang='lat' dir='ltr'><strong>suaeque</strong></span> <span class='ocrx_word' id='word_1_51' title='bbox 1284 768 1493 822; x_wconf 68' lang='lat' dir='ltr'><strong>sponsa:</strong></span> <span class='ocrx_word' id='word_1_52' title='bbox 1535 753 1749 806; x_wconf 86' lang='lat' dir='ltr'><strong>arrham</strong></span> <span class='ocrx_word' id='word_1_53' title='bbox 1776 753 1858 806; x_wconf 87' lang='lat' dir='ltr'><strong>vel</strong></span> 
     </span>
    </p>
   </div>
   <div class='ocr_carea' id='block_1_9' title="bbox 1958 479 3511 549">
    <p class='ocr_par' dir='ltr' id='par_1_9' title="bbox 1958 479 3511 549">
     <span class='ocr_line' id='line_1_9' title="bbox 1958 479 3511 549; baseline -0.005 -12"><span class='ocrx_word' id='word_1_54' title='bbox 1958 494 2157 537; x_wconf 88' lang='lat' dir='ltr'><strong>sanctae</strong></span> <span class='ocrx_word' id='word_1_55' title='bbox 2177 483 2355 540; x_wconf 88' lang='lat' dir='ltr'><strong>crucis</strong></span> <span class='ocrx_word' id='word_1_56' title='bbox 2375 480 2708 549; x_wconf 89' lang='lat' dir='ltr'><strong>aptissimum</strong></span> <span class='ocrx_word' id='word_1_57' title='bbox 2732 479 2979 544; x_wconf 89' lang='lat' dir='ltr'><strong>innucns,</strong></span> <span class='ocrx_word' id='word_1_58' title='bbox 3017 479 3141 547; x_wconf 86' lang='lat' dir='ltr'><strong>quia</strong></span> <span class='ocrx_word' id='word_1_59' title='bbox 3165 489 3347 533; x_wconf 87' lang='lat' dir='ltr'><strong>sancta</strong></span> <span class='ocrx_word' id='word_1_60' title='bbox 3380 493 3511 531; x_wconf 79' lang='lat' dir='ltr'><strong>crux</strong></span> 
     </span>
    </p>
   </div>
   <div class='ocr_carea' id='block_1_10' title="bbox 1959 567 3514 638">
    <p class='ocr_par' dir='ltr' id='par_1_10' title="bbox 1959 567 3514 638">
     <span class='ocr_line' id='line_1_10' title="bbox 1959 567 3514 638; baseline -0.004 -11"><span class='ocrx_word' id='word_1_61' title='bbox 1959 572 2205 627; x_wconf 84' lang='lat' dir='ltr'><strong>collatrix</strong></span> <span class='ocrx_word' id='word_1_62' title='bbox 2236 572 2511 634; x_wconf 90' lang='lat' dir='ltr'><strong>virtutum,</strong></span> <span class='ocrx_word' id='word_1_63' title='bbox 2539 578 2593 622; x_wconf 89' lang='lat' dir='ltr'><strong>et</strong></span> <span class='ocrx_word' id='word_1_64' title='bbox 2618 568 2828 622; x_wconf 91' lang='lat' dir='ltr'><strong>initium</strong></span> <span class='ocrx_word' id='word_1_65' title='bbox 2852 583 2916 623; x_wconf 89' lang='lat' dir='ltr'><strong>ac</strong></span> <span class='ocrx_word' id='word_1_66' title='bbox 2939 569 3197 638; x_wconf 78' lang='lat' dir='ltr'><strong>perfectio</strong></span> <span class='ocrx_word' id='word_1_67' title='bbox 3223 577 3304 622; x_wconf 89' lang='lat' dir='ltr'><strong>est</strong></span> <span class='ocrx_word' id='word_1_68' title='bbox 3330 567 3514 623; x_wconf 80' lang='lat' dir='ltr'><strong>salutis</strong></span> 
     </span>
    </p>
   </div>
   <div class='ocr_carea' id='block_1_11' title="bbox 1959 661 3512 736">
    <p class='ocr_par' dir='ltr' id='par_1_11' title="bbox 1959 661 3512 736">
     <span class='ocr_line' id='line_1_11' title="bbox 1959 661 3512 736; baseline -0.003 -19"><span class='ocrx_word' id='word_1_69' title='bbox 1959 672 2175 728; x_wconf 67' lang='lat' dir='ltr'><strong>noslrm,</strong></span> <span class='ocrx_word' id='word_1_70' title='bbox 2211 672 2263 718; x_wconf 92' lang='lat' dir='ltr'><strong>et</strong></span> <span class='ocrx_word' id='word_1_71' title='bbox 2283 681 2380 734; x_wconf 88' lang='lat' dir='ltr'><strong>per</strong></span> <span class='ocrx_word' id='word_1_72' title='bbox 2414 667 2581 736; x_wconf 88' lang='lat' dir='ltr'><strong>ipsam</strong></span> <span class='ocrx_word' id='word_1_73' title='bbox 2636 662 2695 715; x_wconf 89' lang='lat' dir='ltr'><strong>fit</strong></span> <span class='ocrx_word' id='word_1_74' title='bbox 2724 662 2948 716; x_wconf 89' lang='lat' dir='ltr'><strong>salvatio</strong></span> <span class='ocrx_word' id='word_1_75' title='bbox 2980 671 3031 715; x_wconf 89' lang='lat' dir='ltr'><strong>et</strong></span> <span class='ocrx_word' id='word_1_76' title='bbox 3068 661 3393 715; x_wconf 89' lang='lat' dir='ltr'><strong>resurrectio</strong></span> <span class='ocrx_word' id='word_1_77' title='bbox 3421 675 3512 713; x_wconf 83' lang='lat' dir='ltr'><strong>no-</strong></span> 
     </span>
    </p>
   </div>
   <div class='ocr_carea' id='block_1_12' title="bbox 1959 751 3514 834">
    <p class='ocr_par' dir='ltr' id='par_1_12' title="bbox 1959 751 3514 834">
     <span class='ocr_line' id='line_1_12' title="bbox 1959 751 3514 834; baseline -0.003 -24"><span class='ocrx_word' id='word_1_78' title='bbox 1959 768 2086 810; x_wconf 89' lang='lat' dir='ltr'><strong>stra.</strong></span> <span class='ocrx_word' id='word_1_79' title='bbox 2137 757 2224 811; x_wconf 86' lang='lat' dir='ltr'><strong>Sic</strong></span> <span class='ocrx_word' id='word_1_80' title='bbox 2248 773 2374 827; x_wconf 87' lang='lat' dir='ltr'><strong>ergo</strong></span> <span class='ocrx_word' id='word_1_81' title='bbox 2417 760 2692 823; x_wconf 83' lang='lat' dir='ltr'><strong>condecet,</strong></span> <span class='ocrx_word' id='word_1_82' title='bbox 2741 766 2796 811; x_wconf 92' lang='lat' dir='ltr'><strong>et</strong></span> <span class='ocrx_word' id='word_1_83' title='bbox 2836 757 2914 809; x_wconf 89' lang='lat' dir='ltr'><strong>sic</strong></span> <span class='ocrx_word' id='word_1_84' title='bbox 2949 769 2982 807; x_wconf 96' lang='lat' dir='ltr'><strong>o</strong></span> <span class='ocrx_word' id='word_1_85' title='bbox 3014 751 3317 834; x_wconf 81' lang='lat' dir='ltr'><strong>quicunque</strong></span> <span class='ocrx_word' id='word_1_86' title='bbox 3363 765 3421 806; x_wconf 91' lang='lat' dir='ltr'><strong>es</strong></span> <span class='ocrx_word' id='word_1_87' title='bbox 3445 751 3514 806; x_wconf 87' lang='lat' dir='ltr'><strong>de</strong></span> 
     </span>
    </p>
   </div>
   <div class='ocr_carea' id='block_1_13' title="bbox 311 841 3515 918">
    <p class='ocr_par' dir='ltr' id='par_1_13' title="bbox 311 841 3515 918">
     <span class='ocr_line' id='line_1_13' title="bbox 311 841 3515 918; baseline -0.001 -20"><span class='ocrx_word' id='word_1_88' title='bbox 311 847 504 916; x_wconf 88' lang='lat' dir='ltr'><strong>pignus</strong></span> <span class='ocrx_word' id='word_1_89' title='bbox 551 847 773 910; x_wconf 83' lang='lat' dir='ltr'><strong>dederit,</strong></span> <span class='ocrx_word' id='word_1_90' title='bbox 832 846 958 900; x_wconf 90' lang='lat' dir='ltr'><strong>dum</strong></span> <span class='ocrx_word' id='word_1_91' title='bbox 983 855 1275 902; x_wconf 71' lang='lat' dir='ltr'><strong>coaeternus</strong></span> <span class='ocrx_word' id='word_1_92' title='bbox 1319 845 1429 898; x_wconf 88' lang='lat' dir='ltr'><strong>Deo</strong></span> <span class='ocrx_word' id='word_1_93' title='bbox 1453 843 1602 898; x_wconf 83' lang='lat' dir='ltr'><strong>Patri</strong></span> <span class='ocrx_word' id='word_1_94' title='bbox 1627 851 1682 898; x_wconf 93' lang='lat' dir='ltr'><strong>et</strong></span> <span class='ocrx_word' id='word_1_95' title='bbox 1720 842 1858 897; x_wconf 78' lang='lat' dir='ltr'><strong>Filio</strong></span> <span class='ocrx_word' id='word_1_96' title='bbox 1953 843 2220 913; x_wconf 90' lang='lat' dir='ltr'><strong>justorum</strong></span> <span class='ocrx_word' id='word_1_97' title='bbox 2245 858 2483 909; x_wconf 87' lang='lat' dir='ltr'><strong>numero,</strong></span> <span class='ocrx_word' id='word_1_98' title='bbox 2519 848 2752 918; x_wconf 89' lang='lat' dir='ltr'><strong>quandiu</strong></span> <span class='ocrx_word' id='word_1_99' title='bbox 2801 845 2888 898; x_wconf 87' lang='lat' dir='ltr'><strong>hic</strong></span> <span class='ocrx_word' id='word_1_100' title='bbox 2918 845 3010 906; x_wconf 87' lang='lat' dir='ltr'><strong>sis,</strong></span> <span class='ocrx_word' id='word_1_101' title='bbox 3051 843 3284 896; x_wconf 85' lang='lat' dir='ltr'><strong>divinam</strong></span> <span class='ocrx_word' id='word_1_102' title='bbox 3308 841 3515 895; x_wconf 75' lang='lat' dir='ltr'><strong>laudem</strong></span> 
     </span>
    </p>
   </div>
   <div class='ocr_carea' id='block_1_14' title="bbox 310 936 1857 1001">
    <p class='ocr_par' dir='ltr' id='par_1_14' title="bbox 310 936 1857 1001">
     <span class='ocr_line' id='line_1_14' title="bbox 310 936 1857 1001; baseline -0.002 -8"><span class='ocrx_word' id='word_1_103' title='bbox 310 945 368 994; x_wconf 92' lang='lat' dir='ltr'><strong>et</strong></span> <span class='ocrx_word' id='word_1_104' title='bbox 393 939 862 995; x_wconf 87' lang='lat' dir='ltr'><strong>consubstantialis</strong></span> <span class='ocrx_word' id='word_1_105' title='bbox 898 938 1073 1001; x_wconf 86' lang='lat' dir='ltr'><strong>simul,</strong></span> <span class='ocrx_word' id='word_1_106' title='bbox 1105 953 1226 993; x_wconf 92' lang='lat' dir='ltr'><strong>cum</strong></span> <span class='ocrx_word' id='word_1_107' title='bbox 1271 938 1350 992; x_wconf 89' lang='lat' dir='ltr'><strong>eis</strong></span> <span class='ocrx_word' id='word_1_108' title='bbox 1390 936 1626 990; x_wconf 91' lang='lat' dir='ltr'><strong>omnium</strong></span> <span class='ocrx_word' id='word_1_109' title='bbox 1679 949 1857 990; x_wconf 89' lang='lat' dir='ltr'><strong>rerum</strong></span> 
     </span>
    </p>
   </div>
   <div class='ocr_carea' id='block_1_15' title="bbox 310 1025 1861 1096">
    <p class='ocr_par' dir='ltr' id='par_1_15' title="bbox 310 1025 1861 1096">
     <span class='ocr_line' id='line_1_15' title="bbox 310 1025 1861 1096; baseline -0.004 -12"><span class='ocrx_word' id='word_1_110' title='bbox 310 1029 503 1085; x_wconf 78' lang='lat' dir='ltr'><strong>artifex</strong></span> <span class='ocrx_word' id='word_1_111' title='bbox 543 1030 749 1092; x_wconf 76' lang='lat' dir='ltr'><strong>existis,</strong></span> <span class='ocrx_word' id='word_1_112' title='bbox 777 1038 831 1084; x_wconf 91' lang='lat' dir='ltr'><strong>et</strong></span> <span class='ocrx_word' id='word_1_113' title='bbox 852 1030 1028 1082; x_wconf 89' lang='lat' dir='ltr'><strong>omnia</strong></span> <span class='ocrx_word' id='word_1_114' title='bbox 1048 1037 1314 1096; x_wconf 89' lang='lat' dir='ltr'><strong>penetras,</strong></span> <span class='ocrx_word' id='word_1_115' title='bbox 1353 1041 1449 1080; x_wconf 89' lang='lat' dir='ltr'><strong>nec</strong></span> <span class='ocrx_word' id='word_1_116' title='bbox 1470 1034 1553 1080; x_wconf 91' lang='lat' dir='ltr'><strong>est</strong></span> <span class='ocrx_word' id='word_1_117' title='bbox 1577 1025 1682 1079; x_wconf 92' lang='lat' dir='ltr'><strong>ulla</strong></span> <span class='ocrx_word' id='word_1_118' title='bbox 1710 1040 1861 1079; x_wconf 90' lang='lat' dir='ltr'><strong>erea-</strong></span> 
     </span>
    </p>
   </div>
   <div class='ocr_carea' id='block_1_16' title="bbox 313 1113 1861 1186">
    <p class='ocr_par' dir='ltr' id='par_1_16' title="bbox 313 1113 1861 1186">
     <span class='ocr_line' id='line_1_16' title="bbox 313 1113 1861 1186; baseline -0.003 -13"><span class='ocrx_word' id='word_1_119' title='bbox 313 1126 432 1173; x_wconf 83' lang='lat' dir='ltr'><strong>tura</strong></span> <span class='ocrx_word' id='word_1_120' title='bbox 469 1119 749 1173; x_wconf 85' lang='lat' dir='ltr'><strong>invisibilis</strong></span> <span class='ocrx_word' id='word_1_121' title='bbox 778 1119 828 1172; x_wconf 88' lang='lat' dir='ltr'><strong>in</strong></span> <span class='ocrx_word' id='word_1_122' title='bbox 874 1125 1158 1186; x_wconf 88' lang='lat' dir='ltr'><strong>conspectu</strong></span> <span class='ocrx_word' id='word_1_123' title='bbox 1192 1126 1302 1170; x_wconf 93' lang='lat' dir='ltr'><strong>tuo.</strong></span> <span class='ocrx_word' id='word_1_124' title='bbox 1337 1115 1412 1169; x_wconf 88' lang='lat' dir='ltr'><strong>Te</strong></span> <span class='ocrx_word' id='word_1_125' title='bbox 1437 1113 1651 1184; x_wconf 89' lang='lat' dir='ltr'><strong>quidem</strong></span> <span class='ocrx_word' id='word_1_126' title='bbox 1694 1113 1861 1169; x_wconf 87' lang='lat' dir='ltr'><strong>Isaias</strong></span> 
     </span>
    </p>
   </div>
   <div class='ocr_carea' id='block_1_17' title="bbox 310 1207 1860 1280">
    <p class='ocr_par' dir='ltr' id='par_1_17' title="bbox 310 1207 1860 1280">
     <span class='ocr_line' id='line_1_17' title="bbox 310 1207 1860 1280; baseline -0.002 -17"><span class='ocrx_word' id='word_1_127' title='bbox 310 1211 570 1280; x_wconf 84' lang='lat' dir='ltr'><strong>propheta</strong></span> <span class='ocrx_word' id='word_1_128' title='bbox 595 1210 845 1265; x_wconf 84' lang='lat' dir='ltr'><strong>divinitus</strong></span> <span class='ocrx_word' id='word_1_129' title='bbox 873 1209 1182 1278; x_wconf 89' lang='lat' dir='ltr'><strong>inspiratus,</strong></span> <span class='ocrx_word' id='word_1_130' title='bbox 1213 1209 1266 1262; x_wconf 93' lang='lat' dir='ltr'><strong>in</strong></span> <span class='ocrx_word' id='word_1_131' title='bbox 1294 1215 1497 1277; x_wconf 85' lang='lat' dir='ltr'><strong>septem</strong></span> <span class='ocrx_word' id='word_1_132' title='bbox 1539 1207 1744 1275; x_wconf 90' lang='lat' dir='ltr'><strong>species</strong></span> <span class='ocrx_word' id='word_1_133' title='bbox 1771 1221 1860 1260; x_wconf 73' lang='grc' dir='ltr'><strong>ηοι</strong></span> 
     </span>
    </p>
   </div>
   <div class='ocr_carea' id='block_1_18' title="bbox 311 1292 1860 1365">
    <p class='ocr_par' dir='ltr' id='par_1_18' title="bbox 311 1292 1860 1365">
     <span class='ocr_line' id='line_1_18' title="bbox 311 1292 1860 1365; baseline -0.002 -17"><span class='ocrx_word' id='word_1_134' title='bbox 311 1296 514 1349; x_wconf 87' lang='lat' dir='ltr'><strong>minum</strong></span> <span class='ocrx_word' id='word_1_135' title='bbox 548 1304 765 1365; x_wconf 85' lang='lat' dir='ltr'><strong>prnpter</strong></span> <span class='ocrx_word' id='word_1_136' title='bbox 791 1295 1149 1349; x_wconf 78' lang='lat' dir='ltr'><strong>diversitatem</strong></span> <span class='ocrx_word' id='word_1_137' title='bbox 1187 1294 1465 1355; x_wconf 87' lang='lat' dir='ltr'><strong>donorum,</strong></span> <span class='ocrx_word' id='word_1_138' title='bbox 1499 1292 1588 1360; x_wconf 90' lang='lat' dir='ltr'><strong>qui</strong></span> <span class='ocrx_word' id='word_1_139' title='bbox 1619 1307 1757 1345; x_wconf 88' lang='lat' dir='ltr'><strong>unus</strong></span> <span class='ocrx_word' id='word_1_140' title='bbox 1779 1301 1860 1345; x_wconf 93' lang='lat' dir='ltr'><strong>at-</strong></span> 
     </span>
    </p>
   </div>
   <div class='ocr_carea' id='block_1_19' title="bbox 311 1381 1860 1454">
    <p class='ocr_par' dir='ltr' id='par_1_19' title="bbox 311 1381 1860 1454">
     <span class='ocr_line' id='line_1_19' title="bbox 311 1381 1860 1454; baseline -0.004 -15"><span class='ocrx_word' id='word_1_141' title='bbox 311 1397 416 1454; x_wconf 89' lang='lat' dir='ltr'><strong>que</strong></span> <span class='ocrx_word' id='word_1_142' title='bbox 439 1385 575 1438; x_wconf 88' lang='lat' dir='ltr'><strong>idem</strong></span> <span class='ocrx_word' id='word_1_143' title='bbox 614 1399 688 1446; x_wconf 86' lang='lat' dir='ltr'><strong>es,</strong></span> <span class='ocrx_word' id='word_1_144' title='bbox 720 1383 987 1439; x_wconf 85' lang='lat' dir='ltr'><strong>distribuit</strong></span> <span class='ocrx_word' id='word_1_145' title='bbox 1015 1390 1174 1451; x_wconf 89' lang='lat' dir='ltr'><strong>atque</strong></span> <span class='ocrx_word' id='word_1_146' title='bbox 1218 1381 1472 1450; x_wconf 89' lang='lat' dir='ltr'><strong>Spiritum</strong></span> <span class='ocrx_word' id='word_1_147' title='bbox 1504 1381 1778 1448; x_wconf 75' lang='lat' dir='ltr'><strong>sapientiae</strong></span> <span class='ocrx_word' id='word_1_148' title='bbox 1806 1389 1860 1435; x_wconf 91' lang='lat' dir='ltr'><strong>et</strong></span> 
     </span>
    </p>
   </div>
   <div class='ocr_carea' id='block_1_20' title="bbox 313 1471 1858 1543">
    <p class='ocr_par' dir='ltr' id='par_1_20' title="bbox 313 1471 1858 1543">
     <span class='ocr_line' id='line_1_20' title="bbox 313 1471 1858 1543; baseline -0.002 -16"><span class='ocrx_word' id='word_1_149' title='bbox 313 1473 631 1537; x_wconf 80' lang='lat' dir='ltr'><strong>intellectus,</strong></span> <span class='ocrx_word' id='word_1_150' title='bbox 664 1472 920 1543; x_wconf 90' lang='lat' dir='ltr'><strong>Spiritum</strong></span> <span class='ocrx_word' id='word_1_151' title='bbox 968 1473 1174 1527; x_wconf 83' lang='lat' dir='ltr'><strong>consilii</strong></span> <span class='ocrx_word' id='word_1_152' title='bbox 1224 1480 1279 1526; x_wconf 92' lang='lat' dir='ltr'><strong>et</strong></span> <span class='ocrx_word' id='word_1_153' title='bbox 1309 1471 1656 1535; x_wconf 81' lang='lat' dir='ltr'><strong>fortitudinis,</strong></span> <span class='ocrx_word' id='word_1_154' title='bbox 1691 1471 1858 1539; x_wconf 86' lang='lat' dir='ltr'><strong>Spiri-</strong></span> 
     </span>
    </p>
   </div>
   <div class='ocr_carea' id='block_1_21' title="bbox 311 1553 1856 1636">
    <p class='ocr_par' dir='ltr' id='par_1_21' title="bbox 311 1553 1856 1636">
     <span class='ocr_line' id='line_1_21' title="bbox 311 1553 1856 1636; baseline -0.004 -17"><span class='ocrx_word' id='word_1_155' title='bbox 311 1571 424 1619; x_wconf 88' lang='lat' dir='ltr'><strong>tum</strong></span> <span class='ocrx_word' id='word_1_156' title='bbox 453 1564 690 1619; x_wconf 69' lang='lat' dir='ltr'><strong>scientire</strong></span> <span class='ocrx_word' id='word_1_157' title='bbox 736 1571 789 1617; x_wconf 88' lang='lat' dir='ltr'><strong>et</strong></span> <span class='ocrx_word' id='word_1_158' title='bbox 813 1562 1042 1636; x_wconf 81' lang='lat' dir='ltr'><strong>pietatis,</strong></span> <span class='ocrx_word' id='word_1_159' title='bbox 1097 1569 1152 1616; x_wconf 93' lang='lat' dir='ltr'><strong>et</strong></span> <span class='ocrx_word' id='word_1_160' title='bbox 1197 1553 1458 1630; x_wconf 79' lang='lat' dir='ltr'><strong>Spiritum</strong></span> <span class='ocrx_word' id='word_1_161' title='bbox 1506 1561 1716 1614; x_wconf 80' lang='lat' dir='ltr'><strong>timoris</strong></span> <span class='ocrx_word' id='word_1_162' title='bbox 1761 1559 1856 1614; x_wconf 89' lang='lat' dir='ltr'><strong>Dei</strong></span> 
     </span>
    </p>
   </div>
   <div class='ocr_carea' id='block_1_22' title="bbox 310 1650 1858 1722">
    <p class='ocr_par' dir='ltr' id='par_1_22' title="bbox 310 1650 1858 1722">
     <span class='ocr_line' id='line_1_22' title="bbox 310 1650 1858 1722; baseline -0.003 -15"><span class='ocrx_word' id='word_1_163' title='bbox 310 1653 658 1722; x_wconf 81' lang='lat' dir='ltr'><strong>nuncupavit.</strong></span> <span class='ocrx_word' id='word_1_164' title='bbox 719 1650 963 1706; x_wconf 84' lang='lat' dir='ltr'><strong>Christus</strong></span> <span class='ocrx_word' id='word_1_165' title='bbox 1010 1651 1190 1718; x_wconf 89' lang='lat' dir='ltr'><strong>itaque</strong></span> <span class='ocrx_word' id='word_1_166' title='bbox 1241 1650 1490 1704; x_wconf 87' lang='lat' dir='ltr'><strong>Salvator</strong></span> <span class='ocrx_word' id='word_1_167' title='bbox 1537 1656 1858 1711; x_wconf 87' lang='lat' dir='ltr'><strong>noster,.ac</strong></span> 
     </span>
    </p>
   </div>
   <div class='ocr_carea' id='block_1_23' title="bbox 310 1727 1934 1809">
    <p class='ocr_par' dir='ltr' id='par_1_23' title="bbox 310 1727 1934 1809">
     <span class='ocr_line' id='line_1_23' title="bbox 310 1727 1934 1809; baseline -0.008 -10"><span class='ocrx_word' id='word_1_168' title='bbox 310 1746 434 1799; x_wconf 76' lang='lat' dir='ltr'><strong>vita:</strong></span> <span class='ocrx_word' id='word_1_169' title='bbox 459 1752 672 1798; x_wconf 63' lang='lat' dir='ltr'><strong>aeternae</strong></span> <span class='ocrx_word' id='word_1_170' title='bbox 696 1743 868 1805; x_wconf 89' lang='lat' dir='ltr'><strong>dator,</strong></span> <span class='ocrx_word' id='word_1_171' title='bbox 899 1741 1053 1795; x_wconf 89' lang='lat' dir='ltr'><strong>factis</strong></span> <span class='ocrx_word' id='word_1_172' title='bbox 1082 1750 1242 1809; x_wconf 89' lang='lat' dir='ltr'><strong>atque</strong></span> <span class='ocrx_word' id='word_1_173' title='bbox 1265 1739 1531 1794; x_wconf 88' lang='lat' dir='ltr'><strong>mandatis</strong></span> <span class='ocrx_word' id='word_1_174' title='bbox 1558 1749 1609 1793; x_wconf 90' lang='lat' dir='ltr'><strong>te</strong></span> <span class='ocrx_word' id='word_1_175' title='bbox 1641 1747 1856 1807; x_wconf 87' lang='lat' dir='ltr'><strong>aposto-</strong></span> <span class='ocrx_word' id='word_1_176' title='bbox 1887 1727 1934 1786; x_wconf 91' lang='lat' dir='ltr'><strong>B</strong></span> 
     </span>
    </p>
   </div>
   <div class='ocr_carea' id='block_1_24' title="bbox 207 1827 1861 1897">
    <p class='ocr_par' dir='ltr' id='par_1_24' title="bbox 207 1827 1861 1897">
     <span class='ocr_line' id='line_1_24' title="bbox 207 1827 1861 1897; baseline -0.001 -12"><span class='ocrx_word' id='word_1_177' title='bbox 207 1845 210 1854; x_wconf 85' lang='lat'><em>&#39;</em></span> <span class='ocrx_word' id='word_1_178' title='bbox 261 1842 271 1846; x_wconf 72' lang='lat'><em>‘</em></span> <span class='ocrx_word' id='word_1_179' title='bbox 310 1827 379 1887; x_wconf 90' lang='lat' dir='ltr'><strong>lis</strong></span> <span class='ocrx_word' id='word_1_180' title='bbox 425 1832 535 1886; x_wconf 88' lang='lat' dir='ltr'><strong>suis</strong></span> <span class='ocrx_word' id='word_1_181' title='bbox 567 1832 650 1885; x_wconf 86' lang='lat' dir='ltr'><strong>bis</strong></span> <span class='ocrx_word' id='word_1_182' title='bbox 677 1831 801 1885; x_wconf 89' lang='lat' dir='ltr'><strong>dare</strong></span> <span class='ocrx_word' id='word_1_183' title='bbox 848 1843 904 1884; x_wconf 89' lang='lat' dir='ltr'><strong>se</strong></span> <span class='ocrx_word' id='word_1_184' title='bbox 931 1829 1186 1897; x_wconf 79' lang='lat' dir='ltr'><strong>ostendit,</strong></span> <span class='ocrx_word' id='word_1_185' title='bbox 1241 1841 1364 1882; x_wconf 88' lang='lat' dir='ltr'><strong>cum</strong></span> <span class='ocrx_word' id='word_1_186' title='bbox 1406 1829 1530 1883; x_wconf 90' lang='lat' dir='ltr'><strong>bina</strong></span> <span class='ocrx_word' id='word_1_187' title='bbox 1578 1829 1861 1884; x_wconf 90' lang='lat' dir='ltr'><strong>charitatis</strong></span> 
     </span>
    </p>
   </div>
   <div class='ocr_carea' id='block_1_25' title="bbox 309 1913 1857 1992">
    <p class='ocr_par' dir='ltr' id='par_1_25' title="bbox 309 1913 1857 1992">
     <span class='ocr_line' id='line_1_25' title="bbox 309 1913 1857 1992; baseline -0.003 -16"><span class='ocrx_word' id='word_1_188' title='bbox 309 1928 576 1992; x_wconf 71' lang='lat' dir='ltr'><strong>praecepta</strong></span> <span class='ocrx_word' id='word_1_189' title='bbox 600 1918 895 1982; x_wconf 84' lang='lat' dir='ltr'><strong>constituit,</strong></span> <span class='ocrx_word' id='word_1_190' title='bbox 929 1925 987 1970; x_wconf 90' lang='lat' dir='ltr'><strong>ut</strong></span> <span class='ocrx_word' id='word_1_191' title='bbox 1028 1917 1192 1971; x_wconf 89' lang='lat' dir='ltr'><strong>Deum</strong></span> <span class='ocrx_word' id='word_1_192' title='bbox 1216 1931 1282 1971; x_wconf 88' lang='lat' dir='ltr'><strong>ex</strong></span> <span class='ocrx_word' id='word_1_193' title='bbox 1328 1924 1440 1972; x_wconf 92' lang='lat' dir='ltr'><strong>toto</strong></span> <span class='ocrx_word' id='word_1_194' title='bbox 1478 1913 1637 1972; x_wconf 69' lang='lat' dir='ltr'><strong>corde</strong></span> <span class='ocrx_word' id='word_1_195' title='bbox 1663 1917 1857 1989; x_wconf 87' lang='lat' dir='ltr'><strong>diliga-</strong></span> 
     </span>
    </p>
   </div>
   <div class='ocr_carea' id='block_1_26' title="bbox 309 2004 1857 2076">
    <p class='ocr_par' dir='ltr' id='par_1_26' title="bbox 309 2004 1857 2076">
     <span class='ocr_line' id='line_1_26' title="bbox 309 2004 1857 2076; baseline -0.001 -12"><span class='ocrx_word' id='word_1_196' title='bbox 309 2023 454 2074; x_wconf 85' lang='lat' dir='ltr'><strong>mus,</strong></span> <span class='ocrx_word' id='word_1_197' title='bbox 483 2004 947 2076; x_wconf 23' lang='lat' dir='ltr'><strong>laudemqueﬂejus</strong></span> <span class='ocrx_word' id='word_1_198' title='bbox 995 2005 1150 2075; x_wconf 91' lang='lat' dir='ltr'><strong>pleno</strong></span> <span class='ocrx_word' id='word_1_199' title='bbox 1195 2004 1386 2066; x_wconf 78' lang='lat' dir='ltr'><strong>affectu</strong></span> <span class='ocrx_word' id='word_1_200' title='bbox 1433 2007 1857 2076; x_wconf 87' lang='lat' dir='ltr'><strong>pronuntiemus,</strong></span> 
     </span>
    </p>
   </div>
   <div class='ocr_carea' id='block_1_27' title="bbox 305 2095 1862 2166">
    <p class='ocr_par' dir='ltr' id='par_1_27' title="bbox 305 2095 1862 2166">
     <span class='ocr_line' id='line_1_27' title="bbox 305 2095 1862 2166; baseline -0.001 -14"><span class='ocrx_word' id='word_1_201' title='bbox 305 2111 628 2166; x_wconf 88' lang='lat' dir='ltr'><strong>omnemque</strong></span> <span class='ocrx_word' id='word_1_202' title='bbox 655 2095 932 2151; x_wconf 80' lang='lat' dir='ltr'><strong>scientiam</strong></span> <span class='ocrx_word' id='word_1_203' title='bbox 976 2102 1208 2148; x_wconf 88' lang='lat' dir='ltr'><strong>nostram</strong></span> <span class='ocrx_word' id='word_1_204' title='bbox 1250 2102 1410 2164; x_wconf 79' lang='lat' dir='ltr'><strong>atque</strong></span> <span class='ocrx_word' id='word_1_205' title='bbox 1453 2095 1779 2149; x_wconf 89' lang='lat' dir='ltr'><strong>intellectum</strong></span> <span class='ocrx_word' id='word_1_206' title='bbox 1809 2096 1862 2150; x_wconf 89' lang='lat' dir='ltr'><strong>in</strong></span> 
     </span>
    </p>
   </div>
   <div class='ocr_carea' id='block_1_28' title="bbox 309 2184 1863 2260">
    <p class='ocr_par' dir='ltr' id='par_1_28' title="bbox 309 2184 1863 2260">
     <span class='ocr_line' id='line_1_28' title="bbox 309 2184 1863 2260; baseline -0.001 -20"><span class='ocrx_word' id='word_1_207' title='bbox 309 2187 542 2241; x_wconf 80' lang='lat' dir='ltr'><strong>veritate</strong></span> <span class='ocrx_word' id='word_1_208' title='bbox 562 2185 678 2252; x_wconf 85' lang='lat' dir='ltr'><strong>ejus</strong></span> <span class='ocrx_word' id='word_1_209' title='bbox 705 2185 890 2255; x_wconf 64' lang='lat' dir='ltr'><strong>gratiae</strong></span> <span class='ocrx_word' id='word_1_210' title='bbox 914 2184 1246 2254; x_wconf 86' lang='lat' dir='ltr'><strong>deputemus,</strong></span> <span class='ocrx_word' id='word_1_211' title='bbox 1276 2192 1329 2238; x_wconf 90' lang='lat' dir='ltr'><strong>et</strong></span> <span class='ocrx_word' id='word_1_212' title='bbox 1351 2184 1623 2260; x_wconf 84' lang='lat' dir='ltr'><strong>proximos</strong></span> <span class='ocrx_word' id='word_1_213' title='bbox 1652 2192 1863 2240; x_wconf 89' lang='lat' dir='ltr'><strong>nostros</strong></span> 
     </span>
    </p>
   </div>
   <div class='ocr_carea' id='block_1_29' title="bbox 312 2273 1863 2345">
    <p class='ocr_par' dir='ltr' id='par_1_29' title="bbox 312 2273 1863 2345">
     <span class='ocr_line' id='line_1_29' title="bbox 312 2273 1863 2345; baseline -0.001 -14"><span class='ocrx_word' id='word_1_214' title='bbox 312 2284 566 2344; x_wconf 85' lang='lat' dir='ltr'><strong>tanquam</strong></span> <span class='ocrx_word' id='word_1_215' title='bbox 590 2276 944 2345; x_wconf 86' lang='lat' dir='ltr'><strong>nosmetipsos</strong></span> <span class='ocrx_word' id='word_1_216' title='bbox 992 2289 1249 2329; x_wconf 86' lang='lat' dir='ltr'><strong>amemus.</strong></span> <span class='ocrx_word' id='word_1_217' title='bbox 1289 2273 1422 2328; x_wconf 82' lang='lat' dir='ltr'><strong>Nam</strong></span> <span class='ocrx_word' id='word_1_218' title='bbox 1469 2282 1590 2342; x_wconf 90' lang='lat' dir='ltr'><strong>post</strong></span> <span class='ocrx_word' id='word_1_219' title='bbox 1621 2289 1863 2329; x_wconf 85' lang='lat' dir='ltr'><strong>resurre-</strong></span> 
     </span>
    </p>
   </div>
   <div class='ocr_carea' id='block_1_30' title="bbox 311 2363 1862 2435">
    <p class='ocr_par' dir='ltr' id='par_1_30' title="bbox 311 2363 1862 2435">
     <span class='ocr_line' id='line_1_30' title="bbox 311 2363 1862 2435; baseline -0.001 -15"><span class='ocrx_word' id='word_1_220' title='bbox 311 2366 544 2420; x_wconf 90' lang='lat' dir='ltr'><strong>ctionem</strong></span> <span class='ocrx_word' id='word_1_221' title='bbox 575 2379 726 2419; x_wconf 88' lang='lat' dir='ltr'><strong>suam</strong></span> <span class='ocrx_word' id='word_1_222' title='bbox 759 2365 811 2419; x_wconf 92' lang='lat' dir='ltr'><strong>in</strong></span> <span class='ocrx_word' id='word_1_223' title='bbox 865 2380 990 2419; x_wconf 90' lang='lat' dir='ltr'><strong>suos</strong></span> <span class='ocrx_word' id='word_1_224' title='bbox 1016 2365 1298 2434; x_wconf 89' lang='lat' dir='ltr'><strong>discipulos</strong></span> <span class='ocrx_word' id='word_1_225' title='bbox 1349 2363 1590 2429; x_wconf 83' lang='lat' dir='ltr'><strong>sufflans,</strong></span> <span class='ocrx_word' id='word_1_226' title='bbox 1620 2365 1862 2435; x_wconf 82' lang='lat' dir='ltr'><strong>accipere</strong></span> 
     </span>
    </p>
   </div>
   <div class='ocr_carea' id='block_1_31' title="bbox 313 2453 1864 2526">
    <p class='ocr_par' dir='ltr' id='par_1_31' title="bbox 313 2453 1864 2526">
     <span class='ocr_line' id='line_1_31' title="bbox 313 2453 1864 2526; baseline 0.001 -18"><span class='ocrx_word' id='word_1_227' title='bbox 313 2453 570 2523; x_wconf 85' lang='lat' dir='ltr'><strong>Spiritum</strong></span> <span class='ocrx_word' id='word_1_228' title='bbox 585 2461 825 2526; x_wconf 69' lang='lat' dir='ltr'><strong>sanctum</strong></span> <span class='ocrx_word' id='word_1_229' title='bbox 842 2467 932 2508; x_wconf 89' lang='lat' dir='ltr'><strong>eos</strong></span> <span class='ocrx_word' id='word_1_230' title='bbox 940 2454 1119 2524; x_wconf 89' lang='lat' dir='ltr'><strong>jussit,</strong></span> <span class='ocrx_word' id='word_1_231' title='bbox 1135 2461 1188 2508; x_wconf 84' lang='lat' dir='ltr'><strong>et</strong></span> <span class='ocrx_word' id='word_1_232' title='bbox 1208 2455 1338 2508; x_wconf 87' lang='lat' dir='ltr'><strong>item</strong></span> <span class='ocrx_word' id='word_1_233' title='bbox 1354 2454 1408 2508; x_wconf 90' lang='lat' dir='ltr'><strong>in</strong></span> <span class='ocrx_word' id='word_1_234' title='bbox 1422 2454 1506 2508; x_wconf 92' lang='lat' dir='ltr'><strong>die</strong></span> <span class='ocrx_word' id='word_1_235' title='bbox 1519 2453 1864 2510; x_wconf 81' lang='lat' dir='ltr'><strong>Pe’ntecostes</strong></span> 
     </span>
    </p>
   </div>
   <div class='ocr_carea' id='block_1_32' title="bbox 312 2543 1860 2614">
    <p class='ocr_par' dir='ltr' id='par_1_32' title="bbox 312 2543 1860 2614">
     <span class='ocr_line' id='line_1_32' title="bbox 312 2543 1860 2614; baseline 0 -16"><span class='ocrx_word' id='word_1_236' title='bbox 312 2545 381 2598; x_wconf 89' lang='lat' dir='ltr'><strong>de</strong></span> <span class='ocrx_word' id='word_1_237' title='bbox 415 2543 550 2599; x_wconf 66' lang='lat' dir='ltr'><strong>calo</strong></span> <span class='ocrx_word' id='word_1_238' title='bbox 576 2546 626 2598; x_wconf 91' lang='lat' dir='ltr'><strong>in</strong></span> <span class='ocrx_word' id='word_1_239' title='bbox 667 2544 859 2614; x_wconf 79' lang='lat' dir='ltr'><strong>linguis</strong></span> <span class='ocrx_word' id='word_1_240' title='bbox 883 2544 1052 2613; x_wconf 91' lang='lat' dir='ltr'><strong>igneis</strong></span> <span class='ocrx_word' id='word_1_241' title='bbox 1079 2551 1423 2612; x_wconf 88' lang='lat' dir='ltr'><strong>apparentem</strong></span> <span class='ocrx_word' id='word_1_242' title='bbox 1466 2544 1711 2598; x_wconf 89' lang='lat' dir='ltr'><strong>eumdem</strong></span> <span class='ocrx_word' id='word_1_243' title='bbox 1741 2543 1860 2613; x_wconf 89' lang='lat' dir='ltr'><strong>Spi-</strong></span> 
     </span>
    </p>
   </div>
   <div class='ocr_carea' id='block_1_33' title="bbox 311 2631 1862 2706">
    <p class='ocr_par' dir='ltr' id='par_1_33' title="bbox 311 2631 1862 2706">
     <span class='ocr_line' id='line_1_33' title="bbox 311 2631 1862 2706; baseline 0.001 -20"><span class='ocrx_word' id='word_1_244' title='bbox 311 2635 731 2688; x_wconf 80' lang='lat' dir='ltr'><strong>ritumsanctum</strong></span> <span class='ocrx_word' id='word_1_245' title='bbox 751 2649 911 2702; x_wconf 88' lang='lat' dir='ltr'><strong>super</strong></span> <span class='ocrx_word' id='word_1_246' title='bbox 931 2647 1025 2688; x_wconf 89' lang='lat' dir='ltr'><strong>eos</strong></span> <span class='ocrx_word' id='word_1_247' title='bbox 1047 2633 1212 2699; x_wconf 90' lang='lat' dir='ltr'><strong>misit,</strong></span> <span class='ocrx_word' id='word_1_248' title='bbox 1230 2633 1372 2703; x_wconf 91' lang='lat' dir='ltr'><strong>quod</strong></span> <span class='ocrx_word' id='word_1_249' title='bbox 1400 2631 1648 2706; x_wconf 85' lang='lat' dir='ltr'><strong>videlicet</strong></span> <span class='ocrx_word' id='word_1_250' title='bbox 1674 2641 1862 2688; x_wconf 87' lang='lat' dir='ltr'><strong>sancta</strong></span> 
     </span>
    </p>
   </div>
   <div class='ocr_carea' id='block_1_34' title="bbox 307 2717 1861 2794">
    <p class='ocr_par' dir='ltr' id='par_1_34' title="bbox 307 2717 1861 2794">
     <span class='ocr_line' id='line_1_34' title="bbox 307 2717 1861 2794; baseline -0.001 -16"><span class='ocrx_word' id='word_1_251' title='bbox 307 2738 444 2778; x_wconf 87' lang='lat' dir='ltr'><strong>crux</strong></span> <span class='ocrx_word' id='word_1_252' title='bbox 483 2719 582 2778; x_wconf 79' lang='lat' dir='ltr'><strong>Dei</strong></span> <span class='ocrx_word' id='word_1_253' title='bbox 619 2725 672 2777; x_wconf 91' lang='lat' dir='ltr'><strong>in</strong></span> <span class='ocrx_word' id='word_1_254' title='bbox 703 2723 868 2794; x_wconf 78' lang='lat' dir='ltr'><strong>figura</strong></span> <span class='ocrx_word' id='word_1_255' title='bbox 898 2737 992 2778; x_wconf 89' lang='lat' dir='ltr'><strong>sua</strong></span> <span class='ocrx_word' id='word_1_256' title='bbox 1019 2717 1172 2778; x_wconf 75' lang='lat' dir='ltr'><strong>nobis</strong></span> <span class='ocrx_word' id='word_1_257' title='bbox 1195 2724 1544 2778; x_wconf 86' lang='lat' dir='ltr'><strong>demonstrat.</strong></span> <span class='ocrx_word' id='word_1_258' title='bbox 1591 2723 1723 2777; x_wconf 87' lang='lat' dir='ltr'><strong>Nam</strong></span> <span class='ocrx_word' id='word_1_259' title='bbox 1748 2738 1861 2777; x_wconf 85' lang='lat' dir='ltr'><strong>ere—</strong></span> 
     </span>
    </p>
   </div>
   <div class='ocr_carea' id='block_1_35' title="bbox 308 2812 1862 2885">
    <p class='ocr_par' dir='ltr' id='par_1_35' title="bbox 308 2812 1862 2885">
     <span class='ocr_line' id='line_1_35' title="bbox 308 2812 1862 2885; baseline -0.001 -16"><span class='ocrx_word' id='word_1_260' title='bbox 308 2823 400 2869; x_wconf 90' lang='lat' dir='ltr'><strong>cta</strong></span> <span class='ocrx_word' id='word_1_261' title='bbox 437 2813 550 2882; x_wconf 87' lang='lat' dir='ltr'><strong>ejus</strong></span> <span class='ocrx_word' id='word_1_262' title='bbox 591 2830 717 2884; x_wconf 90' lang='lat' dir='ltr'><strong>pars</strong></span> <span class='ocrx_word' id='word_1_263' title='bbox 762 2814 1017 2880; x_wconf 89' lang='lat' dir='ltr'><strong>divinum,</strong></span> <span class='ocrx_word' id='word_1_264' title='bbox 1071 2822 1372 2869; x_wconf 88' lang='lat' dir='ltr'><strong>transversa</strong></span> <span class='ocrx_word' id='word_1_265' title='bbox 1407 2812 1619 2885; x_wconf 89' lang='lat' dir='ltr'><strong>quoque</strong></span> <span class='ocrx_word' id='word_1_266' title='bbox 1669 2814 1862 2868; x_wconf 89' lang='lat' dir='ltr'><strong>frater-</strong></span> 
     </span>
    </p>
   </div>
   <div class='ocr_carea' id='block_1_36' title="bbox 307 2900 1864 2972">
    <p class='ocr_par' dir='ltr' id='par_1_36' title="bbox 307 2900 1864 2972">
     <span class='ocr_line' id='line_1_36' title="bbox 307 2900 1864 2972; baseline 0.001 -16"><span class='ocrx_word' id='word_1_267' title='bbox 307 2916 440 2956; x_wconf 90' lang='lat' dir='ltr'><strong>num</strong></span> <span class='ocrx_word' id='word_1_268' title='bbox 471 2902 805 2956; x_wconf 83' lang='lat' dir='ltr'><strong>commendat</strong></span> <span class='ocrx_word' id='word_1_269' title='bbox 846 2917 1100 2966; x_wconf 90' lang='lat' dir='ltr'><strong>amorem,</strong></span> <span class='ocrx_word' id='word_1_270' title='bbox 1142 2900 1293 2969; x_wconf 86' lang='lat' dir='ltr'><strong>cujus</strong></span> <span class='ocrx_word' id='word_1_271' title='bbox 1343 2903 1540 2957; x_wconf 87' lang='lat' dir='ltr'><strong>amoris</strong></span> <span class='ocrx_word' id='word_1_272' title='bbox 1589 2902 1864 2972; x_wconf 88' lang='lat' dir='ltr'><strong>integrita-</strong></span> 
     </span>
    </p>
   </div>
   <div class='ocr_carea' id='block_1_37' title="bbox 311 2989 1861 3062">
    <p class='ocr_par' dir='ltr' id='par_1_37' title="bbox 311 2989 1861 3062">
     <span class='ocr_line' id='line_1_37' title="bbox 311 2989 1861 3062; baseline 0.001 -17"><span class='ocrx_word' id='word_1_273' title='bbox 311 2999 423 3045; x_wconf 82' lang='lat' dir='ltr'><strong>tem</strong></span> <span class='ocrx_word' id='word_1_274' title='bbox 460 2989 705 3046; x_wconf 83' lang='lat' dir='ltr'><strong>Christus</strong></span> <span class='ocrx_word' id='word_1_275' title='bbox 748 2991 902 3044; x_wconf 88' lang='lat' dir='ltr'><strong>nobis</strong></span> <span class='ocrx_word' id='word_1_276' title='bbox 938 2992 1190 3056; x_wconf 88' lang='lat' dir='ltr'><strong>ostendit,</strong></span> <span class='ocrx_word' id='word_1_277' title='bbox 1221 3007 1285 3045; x_wconf 90' lang='lat' dir='ltr'><strong>ac</strong></span> <span class='ocrx_word' id='word_1_278' title='bbox 1341 3007 1439 3047; x_wconf 90' lang='lat' dir='ltr'><strong>suo</strong></span> <span class='ocrx_word' id='word_1_279' title='bbox 1479 2993 1724 3062; x_wconf 88' lang='lat' dir='ltr'><strong>exemplo</strong></span> <span class='ocrx_word' id='word_1_280' title='bbox 1765 3007 1861 3047; x_wconf 90' lang='lat' dir='ltr'><strong>nos</strong></span> 
     </span>
    </p>
   </div>
   <div class='ocr_carea' id='block_1_38' title="bbox 310 3067 1861 3150">
    <p class='ocr_par' dir='ltr' id='par_1_38' title="bbox 310 3067 1861 3150">
     <span class='ocr_line' id='line_1_38' title="bbox 310 3067 1861 3150; baseline 0 -16"><span class='ocrx_word' id='word_1_281' title='bbox 310 3079 585 3144; x_wconf 80' lang='lat' dir='ltr'><strong>instruxit,</strong></span> <span class='ocrx_word' id='word_1_282' title='bbox 617 3067 707 3150; x_wconf 83' lang='lat' dir='ltr'><strong>qui</strong></span> <span class='ocrx_word' id='word_1_283' title='bbox 740 3079 980 3134; x_wconf 72' lang='lat' dir='ltr'><strong>dilectam</strong></span> <span class='ocrx_word' id='word_1_284' title='bbox 1009 3080 1238 3134; x_wconf 89' lang='lat' dir='ltr'><strong>animam</strong></span> <span class='ocrx_word' id='word_1_285' title='bbox 1261 3090 1413 3134; x_wconf 79' lang='lat' dir='ltr'><strong>suam</strong></span> <span class='ocrx_word' id='word_1_286' title='bbox 1454 3081 1508 3134; x_wconf 90' lang='lat' dir='ltr'><strong>in</strong></span> <span class='ocrx_word' id='word_1_287' title='bbox 1550 3094 1711 3135; x_wconf 88' lang='lat' dir='ltr'><strong>cruce</strong></span> <span class='ocrx_word' id='word_1_288' title='bbox 1746 3095 1861 3134; x_wconf 88' lang='lat' dir='ltr'><strong>mo-</strong></span> 
     </span>
    </p>
   </div>
   <div class='ocr_carea' id='block_1_39' title="bbox 309 3167 1862 3240">
    <p class='ocr_par' dir='ltr' id='par_1_39' title="bbox 309 3167 1862 3240">
     <span class='ocr_line' id='line_1_39' title="bbox 309 3167 1862 3240; baseline 0.001 -17"><span class='ocrx_word' id='word_1_289' title='bbox 309 3170 460 3224; x_wconf 85' lang='lat' dir='ltr'><strong>riens</strong></span> <span class='ocrx_word' id='word_1_290' title='bbox 486 3183 586 3238; x_wconf 86' lang='lat' dir='ltr'><strong>pro</strong></span> <span class='ocrx_word' id='word_1_291' title='bbox 616 3167 803 3224; x_wconf 87' lang='lat' dir='ltr'><strong>amicis</strong></span> <span class='ocrx_word' id='word_1_292' title='bbox 836 3170 947 3224; x_wconf 88' lang='lat' dir='ltr'><strong>suis</strong></span> <span class='ocrx_word' id='word_1_293' title='bbox 977 3170 1172 3238; x_wconf 88' lang='lat' dir='ltr'><strong>posuit,</strong></span> <span class='ocrx_word' id='word_1_294' title='bbox 1198 3178 1254 3223; x_wconf 94' lang='lat' dir='ltr'><strong>et</strong></span> <span class='ocrx_word' id='word_1_295' title='bbox 1274 3185 1370 3224; x_wconf 91' lang='lat' dir='ltr'><strong>nos</strong></span> <span class='ocrx_word' id='word_1_296' title='bbox 1401 3170 1542 3226; x_wconf 92' lang='lat' dir='ltr'><strong>idem</strong></span> <span class='ocrx_word' id='word_1_297' title='bbox 1577 3170 1752 3240; x_wconf 86' lang='lat' dir='ltr'><strong>facere</strong></span> <span class='ocrx_word' id='word_1_298' title='bbox 1769 3170 1862 3224; x_wconf 88' lang='lat' dir='ltr'><strong>do-</strong></span> 
     </span>
    </p>
   </div>
   <div class='ocr_carea' id='block_1_40' title="bbox 305 3259 1861 3330">
    <p class='ocr_par' dir='ltr' id='par_1_40' title="bbox 305 3259 1861 3330">
     <span class='ocr_line' id='line_1_40' title="bbox 305 3259 1861 3330; baseline 0.001 -15"><span class='ocrx_word' id='word_1_299' title='bbox 305 3260 444 3315; x_wconf 89' lang='lat' dir='ltr'><strong>cuit.</strong></span> <span class='ocrx_word' id='word_1_300' title='bbox 486 3259 638 3314; x_wconf 83' lang='lat' dir='ltr'><strong>Hunc</strong></span> <span class='ocrx_word' id='word_1_301' title='bbox 677 3275 914 3314; x_wconf 86' lang='lat' dir='ltr'><strong>amorem</strong></span> <span class='ocrx_word' id='word_1_302' title='bbox 963 3275 1172 3330; x_wconf 87' lang='lat' dir='ltr'><strong>semper</strong></span> <span class='ocrx_word' id='word_1_303' title='bbox 1217 3261 1515 3326; x_wconf 88' lang='lat' dir='ltr'><strong>laudabilis,</strong></span> <span class='ocrx_word' id='word_1_304' title='bbox 1563 3269 1616 3316; x_wconf 91' lang='lat' dir='ltr'><strong>et</strong></span> <span class='ocrx_word' id='word_1_305' title='bbox 1649 3277 1861 3330; x_wconf 87' lang='lat' dir='ltr'><strong>semper</strong></span> 
     </span>
    </p>
   </div>
   <div class='ocr_carea' id='block_1_41' title="bbox 305 3345 1862 3418">
    <p class='ocr_par' dir='ltr' id='par_1_41' title="bbox 305 3345 1862 3418">
     <span class='ocr_line' id='line_1_41' title="bbox 305 3345 1862 3418; baseline 0.001 -16"><span class='ocrx_word' id='word_1_306' title='bbox 305 3348 626 3412; x_wconf 77' lang='lat' dir='ltr'><strong>laudandus,</strong></span> <span class='ocrx_word' id='word_1_307' title='bbox 657 3345 840 3402; x_wconf 77' lang='lat' dir='ltr'><strong>sancte</strong></span> <span class='ocrx_word' id='word_1_308' title='bbox 870 3349 1007 3403; x_wconf 90' lang='lat' dir='ltr'><strong>Deus</strong></span> <span class='ocrx_word' id='word_1_309' title='bbox 1043 3348 1273 3418; x_wconf 87' lang='lat' dir='ltr'><strong>Spiritus</strong></span> <span class='ocrx_word' id='word_1_310' title='bbox 1306 3357 1361 3402; x_wconf 88' lang='lat' dir='ltr'><strong>tu</strong></span> <span class='ocrx_word' id='word_1_311' title='bbox 1384 3363 1523 3418; x_wconf 86' lang='lat' dir='ltr'><strong>pone</strong></span> <span class='ocrx_word' id='word_1_312' title='bbox 1570 3351 1622 3404; x_wconf 88' lang='lat' dir='ltr'><strong>in</strong></span> <span class='ocrx_word' id='word_1_313' title='bbox 1668 3365 1775 3414; x_wconf 89' lang='lat' dir='ltr'><strong>me,</strong></span> <span class='ocrx_word' id='word_1_314' title='bbox 1807 3359 1862 3405; x_wconf 89' lang='lat' dir='ltr'><strong>et</strong></span> 
     </span>
    </p>
   </div>
   <div class='ocr_carea' id='block_1_42' title="bbox 306 3431 1860 3509">
    <p class='ocr_par' dir='ltr' id='par_1_42' title="bbox 306 3431 1860 3509">
     <span class='ocr_line' id='line_1_42' title="bbox 306 3431 1860 3509; baseline 0.003 -15"><span class='ocrx_word' id='word_1_315' title='bbox 306 3440 474 3494; x_wconf 87' lang='lat' dir='ltr'><strong>timor</strong></span> <span class='ocrx_word' id='word_1_316' title='bbox 517 3439 706 3494; x_wconf 84' lang='lat' dir='ltr'><strong>noxius</strong></span> <span class='ocrx_word' id='word_1_317' title='bbox 743 3447 901 3506; x_wconf 90' lang='lat' dir='ltr'><strong>atque</strong></span> <span class='ocrx_word' id='word_1_318' title='bbox 943 3438 1178 3502; x_wconf 76' lang='lat' dir='ltr'><strong>carnalis</strong></span> <span class='ocrx_word' id='word_1_319' title='bbox 1225 3431 1445 3494; x_wconf 70' lang='lat' dir='ltr'><strong>affectus</strong></span> <span class='ocrx_word' id='word_1_320' title='bbox 1495 3440 1679 3509; x_wconf 88' lang='lat' dir='ltr'><strong>procul</strong></span> <span class='ocrx_word' id='word_1_321' title='bbox 1708 3454 1860 3498; x_wconf 65' lang='lat' dir='ltr'><strong>rew-</strong></span> 
     </span>
    </p>
   </div>
   <div class='ocr_carea' id='block_1_43' title="bbox 259 3515 1861 3600">
    <p class='ocr_par' dir='ltr' id='par_1_43' title="bbox 259 3515 1861 3600">
     <span class='ocr_line' id='line_1_43' title="bbox 259 3515 1861 3600; baseline -0.001 -16"><span class='ocrx_word' id='word_1_322' title='bbox 259 3557 262 3560; x_wconf 79' lang='lat'><strong><em>~</em></strong></span> <span class='ocrx_word' id='word_1_323' title='bbox 304 3531 461 3595; x_wconf 84' lang='lat' dir='ltr'><strong>dant,</strong></span> <span class='ocrx_word' id='word_1_324' title='bbox 488 3539 750 3600; x_wconf 84' lang='lat' dir='ltr'><strong>quatenus</strong></span> <span class='ocrx_word' id='word_1_325' title='bbox 791 3530 956 3600; x_wconf 85' lang='lat' dir='ltr'><strong>gloria</strong></span> <span class='ocrx_word' id='word_1_326' title='bbox 1006 3515 1416 3585; x_wconf 26' lang='lat' dir='ltr'><strong>sanctae-crucis</strong></span> <span class='ocrx_word' id='word_1_327' title='bbox 1453 3538 1607 3585; x_wconf 86' lang='lat' dir='ltr'><strong>aucta</strong></span> <span class='ocrx_word' id='word_1_328' title='bbox 1633 3545 1698 3584; x_wconf 86' lang='lat' dir='ltr'><strong>ac</strong></span> <span class='ocrx_word' id='word_1_329' title='bbox 1725 3530 1861 3583; x_wconf 89' lang='lat' dir='ltr'><strong>mul-</strong></span> 
     </span>
    </p>
   </div>
   <div class='ocr_carea' id='block_1_44' title="bbox 302 3619 1860 3690">
    <p class='ocr_par' dir='ltr' id='par_1_44' title="bbox 302 3619 1860 3690">
     <span class='ocr_line' id='line_1_44' title="bbox 302 3619 1860 3690; baseline 0.001 -16"><span class='ocrx_word' id='word_1_330' title='bbox 302 3621 570 3690; x_wconf 84' lang='lat' dir='ltr'><strong>tiplicata,</strong></span> <span class='ocrx_word' id='word_1_331' title='bbox 601 3635 810 3674; x_wconf 91' lang='lat' dir='ltr'><strong>meeum</strong></span> <span class='ocrx_word' id='word_1_332' title='bbox 851 3620 904 3673; x_wconf 90' lang='lat' dir='ltr'><strong>in</strong></span> <span class='ocrx_word' id='word_1_333' title='bbox 926 3635 1051 3673; x_wconf 89' lang='lat' dir='ltr'><strong>vera</strong></span> <span class='ocrx_word' id='word_1_334' title='bbox 1080 3619 1408 3688; x_wconf 89' lang='lat' dir='ltr'><strong>professione</strong></span> <span class='ocrx_word' id='word_1_335' title='bbox 1426 3627 1491 3684; x_wconf 82' lang='lat' dir='ltr'><strong>et</strong></span> <span class='ocrx_word' id='word_1_336' title='bbox 1524 3619 1682 3688; x_wconf 87' lang='lat' dir='ltr'><strong>digna</strong></span> <span class='ocrx_word' id='word_1_337' title='bbox 1704 3619 1860 3675; x_wconf 88' lang='lat' dir='ltr'><strong>laude</strong></span> 
     </span>
    </p>
   </div>
   <div class='ocr_carea' id='block_1_45' title="bbox 303 3702 1857 3778">
    <p class='ocr_par' dir='ltr' id='par_1_45' title="bbox 303 3702 1857 3778">
     <span class='ocr_line' id='line_1_45' title="bbox 303 3702 1857 3778; baseline -0.003 -14"><span class='ocrx_word' id='word_1_338' title='bbox 303 3702 369 3764; x_wconf 86' lang='lat' dir='ltr'><strong>in</strong></span> <span class='ocrx_word' id='word_1_339' title='bbox 411 3718 664 3775; x_wconf 61' lang='lat' dir='ltr'><strong>aternum</strong></span> <span class='ocrx_word' id='word_1_340' title='bbox 691 3717 1014 3778; x_wconf 89' lang='lat' dir='ltr'><strong>perseveret.</strong></span> <span class='ocrx_word' id='word_1_341' title='bbox 1051 3709 1173 3777; x_wconf 91' lang='lat' dir='ltr'><strong>quia</strong></span> <span class='ocrx_word' id='word_1_342' title='bbox 1211 3716 1267 3762; x_wconf 90' lang='lat' dir='ltr'><strong>tu</strong></span> <span class='ocrx_word' id='word_1_343' title='bbox 1296 3723 1354 3762; x_wconf 87' lang='lat' dir='ltr'><strong>es</strong></span> <span class='ocrx_word' id='word_1_344' title='bbox 1391 3707 1606 3778; x_wconf 87' lang='lat' dir='ltr'><strong>quidem</strong></span> <span class='ocrx_word' id='word_1_345' title='bbox 1643 3707 1732 3761; x_wconf 90' lang='lat' dir='ltr'><strong>ille</strong></span> <span class='ocrx_word' id='word_1_346' title='bbox 1763 3707 1857 3777; x_wconf 90' lang='lat' dir='ltr'><strong>qui</strong></span> 
     </span>
    </p>
   </div>
   <div class='ocr_carea' id='block_1_46' title="bbox 305 3796 1859 3870">
    <p class='ocr_par' dir='ltr' id='par_1_46' title="bbox 305 3796 1859 3870">
     <span class='ocr_line' id='line_1_46' title="bbox 305 3796 1859 3870; baseline -0.002 -16"><span class='ocrx_word' id='word_1_347' title='bbox 305 3813 378 3854; x_wconf 90' lang='lat' dir='ltr'><strong>os</strong></span> <span class='ocrx_word' id='word_1_348' title='bbox 407 3797 588 3866; x_wconf 83' lang='lat' dir='ltr'><strong>implet</strong></span> <span class='ocrx_word' id='word_1_349' title='bbox 621 3805 858 3864; x_wconf 84' lang='lat' dir='ltr'><strong>mutum,</strong></span> <span class='ocrx_word' id='word_1_350' title='bbox 901 3804 957 3870; x_wconf 84' lang='lat' dir='ltr'><strong>et</strong></span> <span class='ocrx_word' id='word_1_351' title='bbox 979 3796 1248 3852; x_wconf 67' lang='lat' dir='ltr'><strong>caelestem</strong></span> <span class='ocrx_word' id='word_1_352' title='bbox 1295 3796 1423 3852; x_wconf 87' lang='lat' dir='ltr'><strong>facit</strong></span> <span class='ocrx_word' id='word_1_353' title='bbox 1447 3799 1549 3853; x_wconf 88' lang='lat' dir='ltr'><strong>rite</strong></span> <span class='ocrx_word' id='word_1_354' title='bbox 1602 3813 1859 3854; x_wconf 86' lang='lat' dir='ltr'><strong>resonare</strong></span> 
     </span>
    </p>
   </div>
   <div class='ocr_carea' id='block_1_47' title="bbox 254 3895 1182 3943">
    <p class='ocr_par' dir='ltr' id='par_1_47' title="bbox 254 3895 1182 3943">
     <span class='ocr_line' id='line_1_47' title="bbox 254 3895 1182 3943; baseline 0.001 -1"><span class='ocrx_word' id='word_1_355' title='bbox 254 3917 258 3920; x_wconf 78' lang='lat'>&#39;</span> <span class='ocrx_word' id='word_1_356' title='bbox 301 3895 547 3942; x_wconf 83' lang='lat' dir='ltr'><strong>cantum.</strong></span> <span class='ocrx_word' id='word_1_357' title='bbox 1178 3940 1182 3943; x_wconf 85' lang='lat'><strong>.</strong></span> 
     </span>
    </p>
   </div>
   <div class='ocr_carea' id='block_1_48' title="bbox 861 3972 1403 4032">
    <p class='ocr_par' dir='ltr' id='par_1_48' title="bbox 861 3972 1403 4032">
     <span class='ocr_line' id='line_1_48' title="bbox 861 3972 1403 4032; baseline 0.006 -3"><span class='ocrx_word' id='word_1_358' title='bbox 861 3972 1084 4031; x_wconf 81' lang='lat' dir='ltr'><strong>CAPUT</strong></span> <span class='ocrx_word' id='word_1_359' title='bbox 1119 3975 1282 4030; x_wconf 72' lang='lat' dir='ltr'><strong>XVII.</strong></span> <span class='ocrx_word' id='word_1_360' title='bbox 1400 4029 1403 4032; x_wconf 84' lang='lat'><strong>.</strong></span> 
     </span>
    </p>
   </div>
   <div class='ocr_carea' id='block_1_49' title="bbox 255 4057 1856 4136">
    <p class='ocr_par' dir='ltr' id='par_1_49' title="bbox 255 4057 1856 4136">
     <span class='ocr_line' id='line_1_49' title="bbox 255 4057 1856 4136; baseline -0.002 -13"><span class='ocrx_word' id='word_1_361' title='bbox 255 4094 262 4099; x_wconf 62' lang='grc' dir='ltr'><em>τ</em></span> <span class='ocrx_word' id='word_1_362' title='bbox 299 4067 392 4123; x_wconf 85' lang='lat' dir='ltr'><strong>De</strong></span> <span class='ocrx_word' id='word_1_363' title='bbox 415 4067 643 4136; x_wconf 73' lang='lat' dir='ltr'><strong>septima:</strong></span> <span class='ocrx_word' id='word_1_364' title='bbox 676 4065 887 4136; x_wconf 72' lang='lat' dir='ltr'><strong>decim</strong></span> <span class='ocrx_word' id='word_1_365' title='bbox 914 4067 1096 4136; x_wconf 79' lang='lat' dir='ltr'><strong>ﬁgura:</strong></span> <span class='ocrx_word' id='word_1_366' title='bbox 1131 4067 1349 4132; x_wconf 81' lang='lat' dir='ltr'><strong>ratione,</strong></span> <span class='ocrx_word' id='word_1_367' title='bbox 1373 4057 1461 4122; x_wconf 67' lang='lat' dir='ltr'><strong>alii</strong></span> <span class='ocrx_word' id='word_1_368' title='bbox 1488 4075 1602 4121; x_wconf 83' lang='lat' dir='ltr'><strong>octo</strong></span> <span class='ocrx_word' id='word_1_369' title='bbox 1634 4065 1856 4120; x_wconf 77' lang='lat' dir='ltr'><strong>beatitu-</strong></span> 
     </span>
    </p>
   </div>
   <div class='ocr_carea' id='block_1_50' title="bbox 757 4135 1360 4211">
    <p class='ocr_par' dir='ltr' id='par_1_50' title="bbox 757 4135 1360 4211">
     <span class='ocr_line' id='line_1_50' title="bbox 757 4135 1360 4211; baseline 0.002 -24"><span class='ocrx_word' id='word_1_370' title='bbox 757 4135 904 4190; x_wconf 65' lang='lat' dir='ltr'><strong>dine:</strong></span> <span class='ocrx_word' id='word_1_371' title='bbox 933 4135 1360 4211; x_wconf 76' lang='lat' dir='ltr'><strong>annumerantur.</strong></span> 
     </span>
    </p>
   </div>
   <div class='ocr_carea' id='block_1_51' title="bbox 381 4243 1856 4313">
    <p class='ocr_par' dir='ltr' id='par_1_51' title="bbox 381 4243 1856 4313">
     <span class='ocr_line' id='line_1_51' title="bbox 381 4243 1856 4313; baseline 0.001 -15"><span class='ocrx_word' id='word_1_372' title='bbox 381 4243 424 4298; x_wconf 94' lang='grc' dir='ltr'>Ο</span> <span class='ocrx_word' id='word_1_373' title='bbox 457 4253 637 4299; x_wconf 84' lang='lat' dir='ltr'><strong>sancta</strong></span> <span class='ocrx_word' id='word_1_374' title='bbox 683 4252 738 4299; x_wconf 92' lang='lat' dir='ltr'><strong>et</strong></span> <span class='ocrx_word' id='word_1_375' title='bbox 779 4245 958 4310; x_wconf 90' lang='lat' dir='ltr'><strong>beata,</strong></span> <span class='ocrx_word' id='word_1_376' title='bbox 1012 4252 1202 4313; x_wconf 83' lang='lat' dir='ltr'><strong>potens</strong></span> <span class='ocrx_word' id='word_1_377' title='bbox 1245 4252 1301 4298; x_wconf 90' lang='lat' dir='ltr'><strong>et</strong></span> <span class='ocrx_word' id='word_1_378' title='bbox 1343 4246 1666 4301; x_wconf 85' lang='lat' dir='ltr'><strong>venerabilis</strong></span> <span class='ocrx_word' id='word_1_379' title='bbox 1723 4262 1856 4301; x_wconf 82' lang='lat' dir='ltr'><strong>crux</strong></span> 
     </span>
    </p>
   </div>
   <div class='ocr_carea' id='block_1_52' title="bbox 302 4333 1862 4404">
    <p class='ocr_par' dir='ltr' id='par_1_52' title="bbox 302 4333 1862 4404">
     <span class='ocr_line' id='line_1_52' title="bbox 302 4333 1862 4404; baseline 0.003 -18"><span class='ocrx_word' id='word_1_380' title='bbox 302 4333 528 4398; x_wconf 86' lang='lat' dir='ltr'><strong>Christi,</strong></span> <span class='ocrx_word' id='word_1_381' title='bbox 555 4334 820 4388; x_wconf 69' lang='lat' dir='ltr'><strong>laus-vita:</strong></span> <span class='ocrx_word' id='word_1_382' title='bbox 848 4333 1037 4388; x_wconf 72' lang='lat' dir='ltr'><strong>futura:</strong></span> <span class='ocrx_word' id='word_1_383' title='bbox 1072 4342 1127 4387; x_wconf 89' lang='lat' dir='ltr'><strong>et</strong></span> <span class='ocrx_word' id='word_1_384' title='bbox 1150 4335 1318 4402; x_wconf 86' lang='lat' dir='ltr'><strong>gloria</strong></span> <span class='ocrx_word' id='word_1_385' title='bbox 1370 4334 1765 4404; x_wconf 83' lang='lat' dir='ltr'><strong>Redemptoris,</strong></span> <span class='ocrx_word' id='word_1_386' title='bbox 1799 4344 1862 4390; x_wconf 78' lang='grc' dir='ltr'>ω</span> 
     </span>
    </p>
   </div>
   <div class='ocr_carea' id='block_1_53' title="bbox 301 4422 1854 4493">
    <p class='ocr_par' dir='ltr' id='par_1_53' title="bbox 301 4422 1854 4493">
     <span class='ocr_line' id='line_1_53' title="bbox 301 4422 1854 4493; baseline 0.004 -19"><span class='ocrx_word' id='word_1_387' title='bbox 301 4422 523 4491; x_wconf 87' lang='lat' dir='ltr'><strong>quidem</strong></span> <span class='ocrx_word' id='word_1_388' title='bbox 583 4437 836 4493; x_wconf 87' lang='lat' dir='ltr'><strong>prospera</strong></span> <span class='ocrx_word' id='word_1_389' title='bbox 871 4422 1071 4478; x_wconf 85' lang='lat' dir='ltr'><strong>functio</strong></span> <span class='ocrx_word' id='word_1_390' title='bbox 1103 4439 1179 4487; x_wconf 85' lang='lat' dir='ltr'><strong>es,</strong></span> <span class='ocrx_word' id='word_1_391' title='bbox 1237 4433 1291 4478; x_wconf 91' lang='lat' dir='ltr'><strong>et</strong></span> <span class='ocrx_word' id='word_1_392' title='bbox 1338 4424 1514 4479; x_wconf 88' lang='lat' dir='ltr'><strong>vitalis</strong></span> <span class='ocrx_word' id='word_1_393' title='bbox 1554 4427 1761 4480; x_wconf 90' lang='lat' dir='ltr'><strong>cunctis</strong></span> <span class='ocrx_word' id='word_1_394' title='bbox 1787 4427 1854 4480; x_wconf 90' lang='lat' dir='ltr'><strong>ab</strong></span> 
     </span>
    </p>
   </div>
   <div class='ocr_carea' id='block_1_54' title="bbox 303 4513 1854 4593">
    <p class='ocr_par' dir='ltr' id='par_1_54' title="bbox 303 4513 1854 4593">
     <span class='ocr_line' id='line_1_54' title="bbox 303 4513 1854 4593; baseline 0.001 -27"><span class='ocrx_word' id='word_1_395' title='bbox 303 4513 464 4566; x_wconf 90' lang='lat' dir='ltr'><strong>initio</strong></span> <span class='ocrx_word' id='word_1_396' title='bbox 507 4513 732 4593; x_wconf 65' lang='lat' dir='ltr'><strong>saeculis,</strong></span> <span class='ocrx_word' id='word_1_397' title='bbox 791 4514 1016 4583; x_wconf 85' lang='lat' dir='ltr'><strong>benigna</strong></span> <span class='ocrx_word' id='word_1_398' title='bbox 1061 4521 1115 4568; x_wconf 91' lang='lat' dir='ltr'><strong>et</strong></span> <span class='ocrx_word' id='word_1_399' title='bbox 1154 4513 1502 4579; x_wconf 85' lang='lat' dir='ltr'><strong>honorabilis,</strong></span> <span class='ocrx_word' id='word_1_400' title='bbox 1543 4515 1669 4582; x_wconf 90' lang='lat' dir='ltr'><strong>quia</strong></span> <span class='ocrx_word' id='word_1_401' title='bbox 1733 4530 1854 4568; x_wconf 91' lang='lat' dir='ltr'><strong>cum</strong></span> 
     </span>
    </p>
   </div>
   <div class='ocr_carea' id='block_1_55' title="bbox 301 4602 1852 4674">
    <p class='ocr_par' dir='ltr' id='par_1_55' title="bbox 301 4602 1852 4674">
     <span class='ocr_line' id='line_1_55' title="bbox 301 4602 1852 4674; baseline 0.003 -17"><span class='ocrx_word' id='word_1_402' title='bbox 301 4602 506 4657; x_wconf 90' lang='lat' dir='ltr'><strong>Christi</strong></span> <span class='ocrx_word' id='word_1_403' title='bbox 544 4604 779 4657; x_wconf 88' lang='lat' dir='ltr'><strong>membra</strong></span> <span class='ocrx_word' id='word_1_404' title='bbox 815 4605 867 4658; x_wconf 90' lang='lat' dir='ltr'><strong>in</strong></span> <span class='ocrx_word' id='word_1_405' title='bbox 903 4614 954 4658; x_wconf 90' lang='lat' dir='ltr'><strong>te</strong></span> <span class='ocrx_word' id='word_1_406' title='bbox 984 4619 1238 4674; x_wconf 87' lang='lat' dir='ltr'><strong>suspensa</strong></span> <span class='ocrx_word' id='word_1_407' title='bbox 1285 4606 1532 4673; x_wconf 83' lang='lat' dir='ltr'><strong>passione</strong></span> <span class='ocrx_word' id='word_1_408' title='bbox 1572 4604 1852 4674; x_wconf 88' lang='lat' dir='ltr'><strong>fatigabas,</strong></span> 
     </span>
    </p>
   </div>
   <div class='ocr_carea' id='block_1_56' title="bbox 262 4694 1853 4764">
    <p class='ocr_par' dir='ltr' id='par_1_56' title="bbox 262 4694 1853 4764">
     <span class='ocr_line' id='line_1_56' title="bbox 262 4694 1853 4764; baseline -0.001 -13"><span class='ocrx_word' id='word_1_409' title='bbox 262 4744 268 4751; x_wconf 92' lang='lat'><strong>.</strong></span> <span class='ocrx_word' id='word_1_410' title='bbox 300 4694 620 4747; x_wconf 87' lang='lat' dir='ltr'><strong>innumeros</strong></span> <span class='ocrx_word' id='word_1_411' title='bbox 647 4694 870 4762; x_wconf 86' lang='lat' dir='ltr'><strong>populos</strong></span> <span class='ocrx_word' id='word_1_412' title='bbox 910 4709 968 4746; x_wconf 42' lang='lat' dir='ltr'><strong>at</strong></span> <span class='ocrx_word' id='word_1_413' title='bbox 991 4695 1222 4750; x_wconf 88' lang='lat' dir='ltr'><strong>tenebris</strong></span> <span class='ocrx_word' id='word_1_414' title='bbox 1255 4703 1592 4764; x_wconf 79' lang='lat' dir='ltr'><strong>peccatorum</strong></span> <span class='ocrx_word' id='word_1_415' title='bbox 1635 4710 1853 4750; x_wconf 83' lang='lat' dir='ltr'><strong>suorum</strong></span> 
     </span>
    </p>
   </div>
   <div class='ocr_carea' id='block_1_57' title="bbox 297 4783 1852 4856">
    <p class='ocr_par' dir='ltr' id='par_1_57' title="bbox 297 4783 1852 4856">
     <span class='ocr_line' id='line_1_57' title="bbox 297 4783 1852 4856; baseline 0.003 -19"><span class='ocrx_word' id='word_1_416' title='bbox 297 4783 603 4852; x_wconf 86' lang='lat' dir='ltr'><strong>eripueras,</strong></span> <span class='ocrx_word' id='word_1_417' title='bbox 644 4792 697 4837; x_wconf 89' lang='lat' dir='ltr'><strong>et</strong></span> <span class='ocrx_word' id='word_1_418' title='bbox 717 4783 836 4837; x_wconf 61' lang='lat' dir='ltr'><strong>curii</strong></span> <span class='ocrx_word' id='word_1_419' title='bbox 859 4798 1100 4854; x_wconf 88' lang='lat' dir='ltr'><strong>regnum,</strong></span> <span class='ocrx_word' id='word_1_420' title='bbox 1153 4786 1292 4852; x_wconf 91' lang='lat' dir='ltr'><strong>quod</strong></span> <span class='ocrx_word' id='word_1_421' title='bbox 1323 4800 1417 4854; x_wconf 91' lang='lat' dir='ltr'><strong>per</strong></span> <span class='ocrx_word' id='word_1_422' title='bbox 1457 4786 1852 4856; x_wconf 82' lang='lat' dir='ltr'><strong>transgressio-</strong></span> 
     </span>
    </p>
   </div>
   <div class='ocr_carea' id='block_1_58' title="bbox 299 4870 1852 4944">
    <p class='ocr_par' dir='ltr' id='par_1_58' title="bbox 299 4870 1852 4944">
     <span class='ocr_line' id='line_1_58' title="bbox 299 4870 1852 4944; baseline 0.004 -19"><span class='ocrx_word' id='word_1_423' title='bbox 299 4885 433 4925; x_wconf 85' lang='lat' dir='ltr'><strong>nem</strong></span> <span class='ocrx_word' id='word_1_424' title='bbox 461 4871 694 4927; x_wconf 79' lang='lat' dir='ltr'><strong>ablatum</strong></span> <span class='ocrx_word' id='word_1_425' title='bbox 718 4870 910 4936; x_wconf 86' lang='lat' dir='ltr'><strong>fuerat,</strong></span> <span class='ocrx_word' id='word_1_426' title='bbox 933 4873 1348 4927; x_wconf 87' lang='lat' dir='ltr'><strong>misericorditer</strong></span> <span class='ocrx_word' id='word_1_427' title='bbox 1369 4889 1463 4942; x_wconf 89' lang='lat' dir='ltr'><strong>per</strong></span> <span class='ocrx_word' id='word_1_428' title='bbox 1484 4875 1708 4944; x_wconf 88' lang='lat' dir='ltr'><strong>gratiam</strong></span> <span class='ocrx_word' id='word_1_429' title='bbox 1733 4877 1852 4931; x_wconf 90' lang='lat' dir='ltr'><strong>red-</strong></span> 
     </span>
    </p>
   </div>
   <div class='ocr_carea' id='block_1_59' title="bbox 300 4959 1854 5035">
    <p class='ocr_par' dir='ltr' id='par_1_59' title="bbox 300 4959 1854 5035">
     <span class='ocr_line' id='line_1_59' title="bbox 300 4959 1854 5035; baseline 0.005 -23"><span class='ocrx_word' id='word_1_430' title='bbox 300 4959 490 5022; x_wconf 87' lang='lat' dir='ltr'><strong>debas,</strong></span> <span class='ocrx_word' id='word_1_431' title='bbox 517 4962 765 5029; x_wconf 84' lang='lat' dir='ltr'><strong>quoniam</strong></span> <span class='ocrx_word' id='word_1_432' title='bbox 787 4962 1000 5016; x_wconf 80' lang='lat' dir='ltr'><strong>bonitas</strong></span> <span class='ocrx_word' id='word_1_433' title='bbox 1019 4962 1318 5018; x_wconf 87' lang='lat' dir='ltr'><strong>Conditoris</strong></span> <span class='ocrx_word' id='word_1_434' title='bbox 1345 4979 1446 5017; x_wconf 92' lang='lat' dir='ltr'><strong>non</strong></span> <span class='ocrx_word' id='word_1_435' title='bbox 1462 4979 1615 5034; x_wconf 78' lang='lat' dir='ltr'><strong>passa</strong></span> <span class='ocrx_word' id='word_1_436' title='bbox 1639 4973 1719 5019; x_wconf 90' lang='lat' dir='ltr'><strong>est</strong></span> <span class='ocrx_word' id='word_1_437' title='bbox 1733 4981 1854 5035; x_wconf 85' lang='lat' dir='ltr'><strong>per-</strong></span> 
     </span>
    </p>
   </div>
   <div class='ocr_carea' id='block_1_60' title="bbox 301 5047 1851 5123">
    <p class='ocr_par' dir='ltr' id='par_1_60' title="bbox 301 5047 1851 5123">
     <span class='ocr_line' id='line_1_60' title="bbox 301 5047 1851 5123; baseline 0.007 -20"><span class='ocrx_word' id='word_1_438' title='bbox 301 5049 392 5103; x_wconf 83' lang='lat' dir='ltr'><strong>ire</strong></span> <span class='ocrx_word' id='word_1_439' title='bbox 420 5047 536 5102; x_wconf 92' lang='lat' dir='ltr'><strong>illos</strong></span> <span class='ocrx_word' id='word_1_440' title='bbox 577 5051 668 5118; x_wconf 92' lang='lat' dir='ltr'><strong>qui</strong></span> <span class='ocrx_word' id='word_1_441' title='bbox 702 5053 847 5120; x_wconf 79' lang='lat' dir='ltr'><strong>spem</strong></span> <span class='ocrx_word' id='word_1_442' title='bbox 876 5053 927 5105; x_wconf 92' lang='lat' dir='ltr'><strong>in</strong></span> <span class='ocrx_word' id='word_1_443' title='bbox 955 5052 1040 5105; x_wconf 89' lang='lat' dir='ltr'><strong>illa</strong></span> <span class='ocrx_word' id='word_1_444' title='bbox 1069 5054 1384 5123; x_wconf 83' lang='lat' dir='ltr'><strong>jamdudum</strong></span> <span class='ocrx_word' id='word_1_445' title='bbox 1405 5056 1721 5122; x_wconf 87' lang='lat' dir='ltr'><strong>habuerant,</strong></span> <span class='ocrx_word' id='word_1_446' title='bbox 1758 5059 1851 5114; x_wconf 85' lang='lat' dir='ltr'><strong>sed</strong></span> 
     </span>
    </p>
   </div>
   <div class='ocr_carea' id='block_1_61' title="bbox 299 5141 1855 5210">
    <p class='ocr_par' dir='ltr' id='par_1_61' title="bbox 299 5141 1855 5210">
     <span class='ocr_line' id='line_1_61' title="bbox 299 5141 1855 5210; baseline 0.008 -21"><span class='ocrx_word' id='word_1_447' title='bbox 299 5146 480 5205; x_wconf 86' lang='lat' dir='ltr'><strong>perte</strong></span> <span class='ocrx_word' id='word_1_448' title='bbox 527 5141 883 5194; x_wconf 88' lang='lat' dir='ltr'><strong>remuneravit</strong></span> <span class='ocrx_word' id='word_1_449' title='bbox 930 5157 1113 5195; x_wconf 84' lang='lat' dir='ltr'><strong>eorum</strong></span> <span class='ocrx_word' id='word_1_450' title='bbox 1148 5145 1284 5198; x_wconf 88' lang='lat' dir='ltr'><strong>bona</strong></span> <span class='ocrx_word' id='word_1_451' title='bbox 1331 5146 1538 5210; x_wconf 89' lang='lat' dir='ltr'><strong>merita,</strong></span> <span class='ocrx_word' id='word_1_452' title='bbox 1607 5147 1855 5201; x_wconf 89' lang='lat' dir='ltr'><strong>videlicet</strong></span> 
     </span>
    </p>
   </div>
   <div class='ocr_carea' id='block_1_62' title="bbox 299 5228 1854 5307">
    <p class='ocr_par' dir='ltr' id='par_1_62' title="bbox 299 5228 1854 5307">
     <span class='ocr_line' id='line_1_62' title="bbox 299 5228 1854 5307; baseline 0.008 -28"><span class='ocrx_word' id='word_1_453' title='bbox 299 5233 563 5280; x_wconf 65' lang='lat' dir='ltr'><strong>mternam</strong></span> <span class='ocrx_word' id='word_1_454' title='bbox 589 5228 669 5282; x_wconf 87' lang='lat' dir='ltr'><strong>eis</strong></span> <span class='ocrx_word' id='word_1_455' title='bbox 699 5230 933 5285; x_wconf 89' lang='lat' dir='ltr'><strong>tribuens</strong></span> <span class='ocrx_word' id='word_1_456' title='bbox 971 5247 1238 5286; x_wconf 90' lang='lat' dir='ltr'><strong>coronam.</strong></span> <span class='ocrx_word' id='word_1_457' title='bbox 1267 5233 1398 5287; x_wconf 83' lang='lat' dir='ltr'><strong>Nam</strong></span> <span class='ocrx_word' id='word_1_458' title='bbox 1424 5249 1605 5289; x_wconf 89' lang='lat' dir='ltr'><strong>semen</strong></span> <span class='ocrx_word' id='word_1_459' title='bbox 1628 5251 1854 5307; x_wconf 88' lang='lat' dir='ltr'><strong>evange-</strong></span> 
     </span>
    </p>
   </div>
   <div class='ocr_carea' id='block_1_63' title="bbox 299 5319 1857 5393">
    <p class='ocr_par' dir='ltr' id='par_1_63' title="bbox 299 5319 1857 5393">
     <span class='ocr_line' id='line_1_63' title="bbox 299 5319 1857 5393; baseline 0.006 -22"><span class='ocrx_word' id='word_1_460' title='bbox 299 5319 426 5373; x_wconf 59' lang='lat' dir='ltr'><strong>lica</strong></span> <span class='ocrx_word' id='word_1_461' title='bbox 454 5319 728 5383; x_wconf 65' lang='lat' dir='ltr'><strong>doctrinm,</strong></span> <span class='ocrx_word' id='word_1_462' title='bbox 753 5323 892 5389; x_wconf 92' lang='lat' dir='ltr'><strong>quod</strong></span> <span class='ocrx_word' id='word_1_463' title='bbox 924 5322 974 5377; x_wconf 89' lang='lat' dir='ltr'><strong>in</strong></span> <span class='ocrx_word' id='word_1_464' title='bbox 1003 5322 1378 5393; x_wconf 88' lang='lat' dir='ltr'><strong>discipulorum</strong></span> <span class='ocrx_word' id='word_1_465' title='bbox 1407 5326 1568 5378; x_wconf 91' lang='lat' dir='ltr'><strong>corda</strong></span> <span class='ocrx_word' id='word_1_466' title='bbox 1611 5326 1857 5380; x_wconf 82' lang='lat' dir='ltr'><strong>Salvator</strong></span> 
     </span>
    </p>
   </div>
   <div class='ocr_carea' id='block_1_64' title="bbox 300 5407 1854 5481">
    <p class='ocr_par' dir='ltr' id='par_1_64' title="bbox 300 5407 1854 5481">
     <span class='ocr_line' id='line_1_64' title="bbox 300 5407 1854 5481; baseline 0.006 -19"><span class='ocrx_word' id='word_1_467' title='bbox 300 5407 610 5473; x_wconf 82' lang='lat' dir='ltr'><strong>seminavit,</strong></span> <span class='ocrx_word' id='word_1_468' title='bbox 666 5411 954 5465; x_wconf 87' lang='lat' dir='ltr'><strong>secundum</strong></span> <span class='ocrx_word' id='word_1_469' title='bbox 1016 5428 1168 5466; x_wconf 84' lang='lat' dir='ltr'><strong>suum</strong></span> <span class='ocrx_word' id='word_1_470' title='bbox 1227 5413 1482 5481; x_wconf 90' lang='lat' dir='ltr'><strong>placitum</strong></span> <span class='ocrx_word' id='word_1_471' title='bbox 1545 5415 1598 5467; x_wconf 90' lang='lat' dir='ltr'><strong>in</strong></span> <span class='ocrx_word' id='word_1_472' title='bbox 1668 5410 1854 5470; x_wconf 86' lang='lat' dir='ltr'><strong>eorum</strong></span> 
     </span>
    </p>
   </div>
   <div class='ocr_carea' id='block_1_65' title="bbox 299 5499 1856 5568">
    <p class='ocr_par' dir='ltr' id='par_1_65' title="bbox 299 5499 1856 5568">
     <span class='ocr_line' id='line_1_65' title="bbox 299 5499 1856 5568; baseline 0.009 -20"><span class='ocrx_word' id='word_1_473' title='bbox 299 5499 878 5568; x_wconf 79' lang='lat' dir='ltr'><strong>operetnultiplicavit,</strong></span> <span class='ocrx_word' id='word_1_474' title='bbox 919 5517 1037 5555; x_wconf 88' lang='lat' dir='ltr'><strong>cum</strong></span> <span class='ocrx_word' id='word_1_475' title='bbox 1081 5503 1133 5556; x_wconf 93' lang='lat' dir='ltr'><strong>in</strong></span> <span class='ocrx_word' id='word_1_476' title='bbox 1183 5513 1362 5557; x_wconf 87' lang='lat' dir='ltr'><strong>monte</strong></span> <span class='ocrx_word' id='word_1_477' title='bbox 1413 5506 1603 5561; x_wconf 87' lang='lat' dir='ltr'><strong>sedens</strong></span> <span class='ocrx_word' id='word_1_478' title='bbox 1631 5507 1856 5562; x_wconf 89' lang='lat' dir='ltr'><strong>docebat</strong></span> 
     </span>
    </p>
   </div>
   <div class='ocr_carea' id='block_1_66' title="bbox 300 5589 1851 5665">
    <p class='ocr_par' dir='ltr' id='par_1_66' title="bbox 300 5589 1851 5665">
     <span class='ocr_line' id='line_1_66' title="bbox 300 5589 1851 5665; baseline 0.006 -22"><span class='ocrx_word' id='word_1_479' title='bbox 300 5603 425 5656; x_wconf 63' lang='lat' dir='ltr'><strong>et»,</strong></span> <span class='ocrx_word' id='word_1_480' title='bbox 451 5595 504 5642; x_wconf 88' lang='lat' dir='ltr'><strong>et</strong></span> <span class='ocrx_word' id='word_1_481' title='bbox 531 5589 788 5659; x_wconf 78' lang='lat' dir='ltr'><strong>incipiens</strong></span> <span class='ocrx_word' id='word_1_482' title='bbox 830 5593 895 5648; x_wconf 85' lang='lat' dir='ltr'><strong>ab</strong></span> <span class='ocrx_word' id='word_1_483' title='bbox 930 5600 1053 5648; x_wconf 84' lang='lat' dir='ltr'><strong>octo</strong></span> <span class='ocrx_word' id='word_1_484' title='bbox 1094 5593 1509 5665; x_wconf 80' lang='lat' dir='ltr'><strong>beatitudiuibus</strong></span> <span class='ocrx_word' id='word_1_485' title='bbox 1553 5596 1851 5665; x_wconf 83' lang='lat' dir='ltr'><strong>largissima</strong></span> 
     </span>
    </p>
   </div>
   <div class='ocr_carea' id='block_1_67' title="bbox 1959 925 3511 1008">
    <p class='ocr_par' dir='ltr' id='par_1_67' title="bbox 1959 925 3511 1008">
     <span class='ocr_line' id='line_1_67' title="bbox 1959 925 3511 1008; baseline -0.003 -18"><span class='ocrx_word' id='word_1_486' title='bbox 1959 949 2080 990; x_wconf 90' lang='lat' dir='ltr'><strong>cum</strong></span> <span class='ocrx_word' id='word_1_487' title='bbox 2139 937 2330 992; x_wconf 90' lang='lat' dir='ltr'><strong>timore</strong></span> <span class='ocrx_word' id='word_1_488' title='bbox 2375 945 2430 992; x_wconf 91' lang='lat' dir='ltr'><strong>ct</strong></span> <span class='ocrx_word' id='word_1_489' title='bbox 2474 954 2657 994; x_wconf 79' lang='lat' dir='ltr'><strong>amore</strong></span> <span class='ocrx_word' id='word_1_490' title='bbox 2713 925 2913 1008; x_wconf 72' lang='lat' dir='ltr'><strong>profer,</strong></span> <span class='ocrx_word' id='word_1_491' title='bbox 2947 935 3031 987; x_wconf 89' lang='lat' dir='ltr'><strong>fac</strong></span> <span class='ocrx_word' id='word_1_492' title='bbox 3073 948 3230 1006; x_wconf 79' lang='lat' dir='ltr'><strong>opera</strong></span> <span class='ocrx_word' id='word_1_493' title='bbox 3270 930 3511 1008; x_wconf 61' lang='lat' dir='ltr'><strong>iustitiae,</strong></span> 
     </span>
    </p>
   </div>
   <div class='ocr_carea' id='block_1_68' title="bbox 1959 1015 3502 1098">
    <p class='ocr_par' dir='ltr' id='par_1_68' title="bbox 1959 1015 3502 1098">
     <span class='ocr_line' id='line_1_68' title="bbox 1959 1015 3502 1098; baseline -0.005 -18"><span class='ocrx_word' id='word_1_494' title='bbox 1959 1015 2287 1082; x_wconf 24' lang='lat' dir='ltr'><strong>inimico‘tuo</strong></span> <span class='ocrx_word' id='word_1_495' title='bbox 2301 1029 2390 1097; x_wconf 93' lang='lat' dir='ltr'><strong>qui</strong></span> <span class='ocrx_word' id='word_1_496' title='bbox 2420 1037 2468 1083; x_wconf 90' lang='lat' dir='ltr'><strong>te</strong></span> <span class='ocrx_word' id='word_1_497' title='bbox 2489 1026 2826 1098; x_wconf 88' lang='lat' dir='ltr'><strong>persequitur</strong></span> <span class='ocrx_word' id='word_1_498' title='bbox 2847 1023 3060 1092; x_wconf 84' lang='lat' dir='ltr'><strong>indulge</strong></span> <span class='ocrx_word' id='word_1_499' title='bbox 3084 1033 3137 1076; x_wconf 90' lang='lat' dir='ltr'><strong>et</strong></span> <span class='ocrx_word' id='word_1_500' title='bbox 3151 1028 3339 1090; x_wconf 67' lang='lat' dir='ltr'><strong>prmsta</strong></span> <span class='ocrx_word' id='word_1_501' title='bbox 3355 1021 3403 1074; x_wconf 91' lang='lat' dir='ltr'><strong>ei</strong></span> <span class='ocrx_word' id='word_1_502' title='bbox 3421 1035 3502 1074; x_wconf 82' lang='lat' dir='ltr'><strong>re-</strong></span> 
     </span>
    </p>
   </div>
   <div class='ocr_carea' id='block_1_69' title="bbox 1957 1114 3513 1189">
    <p class='ocr_par' dir='ltr' id='par_1_69' title="bbox 1957 1114 3513 1189">
     <span class='ocr_line' id='line_1_69' title="bbox 1957 1114 3513 1189; baseline -0.003 -17"><span class='ocrx_word' id='word_1_503' title='bbox 1957 1117 2258 1189; x_wconf 86' lang='lat' dir='ltr'><strong>frigerium,</strong></span> <span class='ocrx_word' id='word_1_504' title='bbox 2289 1133 2544 1189; x_wconf 86' lang='lat' dir='ltr'><strong>pauperes</strong></span> <span class='ocrx_word' id='word_1_505' title='bbox 2568 1120 2766 1175; x_wconf 89' lang='lat' dir='ltr'><strong>Christi</strong></span> <span class='ocrx_word' id='word_1_506' title='bbox 2790 1119 2880 1188; x_wconf 86' lang='lat' dir='ltr'><strong>qui</strong></span> <span class='ocrx_word' id='word_1_507' title='bbox 2907 1131 3046 1170; x_wconf 89' lang='lat' dir='ltr'><strong>nunc</strong></span> <span class='ocrx_word' id='word_1_508' title='bbox 3072 1117 3123 1168; x_wconf 89' lang='lat' dir='ltr'><strong>in</strong></span> <span class='ocrx_word' id='word_1_509' title='bbox 3154 1114 3513 1184; x_wconf 63' lang='lat' dir='ltr'><strong>praasentisae-</strong></span> 
     </span>
    </p>
   </div>
   <div class='ocr_carea' id='block_1_70' title="bbox 1958 1202 3516 1278">
    <p class='ocr_par' dir='ltr' id='par_1_70' title="bbox 1958 1202 3516 1278">
     <span class='ocr_line' id='line_1_70' title="bbox 1958 1202 3516 1278; baseline -0.004 -16"><span class='ocrx_word' id='word_1_510' title='bbox 1958 1207 2078 1262; x_wconf 90' lang='lat' dir='ltr'><strong>culo</strong></span> <span class='ocrx_word' id='word_1_511' title='bbox 2099 1207 2300 1278; x_wconf 87' lang='lat' dir='ltr'><strong>lugent,</strong></span> <span class='ocrx_word' id='word_1_512' title='bbox 2323 1213 2378 1262; x_wconf 89' lang='lat' dir='ltr'><strong>ct</strong></span> <span class='ocrx_word' id='word_1_513' title='bbox 2396 1209 2693 1262; x_wconf 85' lang='lat' dir='ltr'><strong>esurientes</strong></span> <span class='ocrx_word' id='word_1_514' title='bbox 2715 1223 2778 1261; x_wconf 89' lang='lat' dir='ltr'><strong>ac</strong></span> <span class='ocrx_word' id='word_1_515' title='bbox 2814 1204 3056 1260; x_wconf 85' lang='lat' dir='ltr'><strong>sitientes</strong></span> <span class='ocrx_word' id='word_1_516' title='bbox 3072 1203 3330 1272; x_wconf 87' lang='lat' dir='ltr'><strong>justitiam</strong></span> <span class='ocrx_word' id='word_1_517' title='bbox 3353 1202 3416 1277; x_wconf 91' lang='lat' dir='ltr'><strong>ad</strong></span> <span class='ocrx_word' id='word_1_518' title='bbox 3441 1203 3516 1256; x_wconf 84' lang='lat' dir='ltr'><strong>vi—</strong></span> 
     </span>
    </p>
   </div>
   <div class='ocr_carea' id='block_1_71' title="bbox 1958 1292 3512 1362">
    <p class='ocr_par' dir='ltr' id='par_1_71' title="bbox 1958 1292 3512 1362">
     <span class='ocr_line' id='line_1_71' title="bbox 1958 1292 3512 1362; baseline -0.004 -12"><span class='ocrx_word' id='word_1_519' title='bbox 1958 1306 2066 1350; x_wconf 90' lang='lat' dir='ltr'><strong>tam</strong></span> <span class='ocrx_word' id='word_1_520' title='bbox 2081 1295 2312 1351; x_wconf 86' lang='lat' dir='ltr'><strong>futuram</strong></span> <span class='ocrx_word' id='word_1_521' title='bbox 2327 1306 2437 1353; x_wconf 90' lang='lat' dir='ltr'><strong>toto</strong></span> <span class='ocrx_word' id='word_1_522' title='bbox 2455 1298 2718 1352; x_wconf 87' lang='lat' dir='ltr'><strong>desiderio</strong></span> <span class='ocrx_word' id='word_1_523' title='bbox 2735 1295 3004 1358; x_wconf 85' lang='lat' dir='ltr'><strong>anhelant,</strong></span> <span class='ocrx_word' id='word_1_524' title='bbox 3027 1294 3254 1362; x_wconf 87' lang='lat' dir='ltr'><strong>benigne</strong></span> <span class='ocrx_word' id='word_1_525' title='bbox 3280 1292 3512 1361; x_wconf 89' lang='lat' dir='ltr'><strong>suscipe,</strong></span> 
     </span>
    </p>
   </div>
   <div class='ocr_carea' id='block_1_72' title="bbox 1958 1374 3595 1455">
    <p class='ocr_par' dir='ltr' id='par_1_72' title="bbox 1958 1374 3595 1455">
     <span class='ocr_line' id='line_1_72' title="bbox 1958 1374 3595 1455; baseline -0.004 -17"><span class='ocrx_word' id='word_1_526' title='bbox 1958 1386 2082 1454; x_wconf 89' lang='lat' dir='ltr'><strong>quia</strong></span> <span class='ocrx_word' id='word_1_527' title='bbox 2109 1385 2207 1454; x_wconf 89' lang='lat' dir='ltr'><strong>ipsi</strong></span> <span class='ocrx_word' id='word_1_528' title='bbox 2233 1385 2582 1455; x_wconf 88' lang='lat' dir='ltr'><strong>inspiratione</strong></span> <span class='ocrx_word' id='word_1_529' title='bbox 2607 1386 2782 1440; x_wconf 88' lang='lat' dir='ltr'><strong>divina</strong></span> <span class='ocrx_word' id='word_1_530' title='bbox 2824 1393 3268 1452; x_wconf 88' lang='lat' dir='ltr'><strong>compunguntur,</strong></span> <span class='ocrx_word' id='word_1_531' title='bbox 3305 1395 3367 1433; x_wconf 92' lang='lat' dir='ltr'><strong>ac</strong></span> <span class='ocrx_word' id='word_1_532' title='bbox 3393 1396 3512 1434; x_wconf 89' lang='lat' dir='ltr'><strong>sur-</strong></span> <span class='ocrx_word' id='word_1_533' title='bbox 3593 1374 3595 1376; x_wconf 65' lang='grc'><em>’</em></span> 
     </span>
    </p>
   </div>
   <div class='ocr_carea' id='block_1_73' title="bbox 1957 1471 3514 1543">
    <p class='ocr_par' dir='ltr' id='par_1_73' title="bbox 1957 1471 3514 1543">
     <span class='ocr_line' id='line_1_73' title="bbox 1957 1471 3514 1543; baseline -0.006 -13"><span class='ocrx_word' id='word_1_534' title='bbox 1957 1489 2074 1530; x_wconf 88' lang='lat' dir='ltr'><strong>sum</strong></span> <span class='ocrx_word' id='word_1_535' title='bbox 2102 1475 2356 1529; x_wconf 79' lang='lat' dir='ltr'><strong>habentes</strong></span> <span class='ocrx_word' id='word_1_536' title='bbox 2393 1490 2505 1538; x_wconf 91' lang='lat' dir='ltr'><strong>cor,</strong></span> <span class='ocrx_word' id='word_1_537' title='bbox 2529 1473 2955 1543; x_wconf 83' lang='lat' dir='ltr'><strong>contemplautur</strong></span> <span class='ocrx_word' id='word_1_538' title='bbox 2981 1473 3098 1541; x_wconf 90' lang='lat' dir='ltr'><strong>quis</strong></span> <span class='ocrx_word' id='word_1_539' title='bbox 3123 1471 3341 1526; x_wconf 91' lang='lat' dir='ltr'><strong>consilio</strong></span> <span class='ocrx_word' id='word_1_540' title='bbox 3361 1477 3514 1523; x_wconf 67' lang='lat' dir='ltr'><strong>acter-</strong></span> 
     </span>
    </p>
   </div>
   <div class='ocr_carea' id='block_1_74' title="bbox 1957 1557 3511 1635">
    <p class='ocr_par' dir='ltr' id='par_1_74' title="bbox 1957 1557 3511 1635">
     <span class='ocr_line' id='line_1_74' title="bbox 1957 1557 3511 1635; baseline -0.006 -15"><span class='ocrx_word' id='word_1_541' title='bbox 1957 1583 2026 1622; x_wconf 92' lang='lat' dir='ltr'><strong>no</strong></span> <span class='ocrx_word' id='word_1_542' title='bbox 2055 1567 2190 1635; x_wconf 85' lang='lat' dir='ltr'><strong>regit</strong></span> <span class='ocrx_word' id='word_1_543' title='bbox 2218 1568 2417 1630; x_wconf 89' lang='lat' dir='ltr'><strong>omnia,</strong></span> <span class='ocrx_word' id='word_1_544' title='bbox 2453 1575 2506 1618; x_wconf 90' lang='lat' dir='ltr'><strong>et</strong></span> <span class='ocrx_word' id='word_1_545' title='bbox 2533 1567 2652 1634; x_wconf 91' lang='lat' dir='ltr'><strong>quis</strong></span> <span class='ocrx_word' id='word_1_546' title='bbox 2676 1563 3018 1618; x_wconf 90' lang='lat' dir='ltr'><strong>miseratione</strong></span> <span class='ocrx_word' id='word_1_547' title='bbox 3054 1563 3312 1616; x_wconf 86' lang='lat' dir='ltr'><strong>immensa</strong></span> <span class='ocrx_word' id='word_1_548' title='bbox 3336 1557 3511 1613; x_wconf 91' lang='lat' dir='ltr'><strong>indul-</strong></span> 
     </span>
    </p>
   </div>
   <div class='ocr_carea' id='block_1_75' title="bbox 1961 1649 3515 1726">
    <p class='ocr_par' dir='ltr' id='par_1_75' title="bbox 1961 1649 3515 1726">
     <span class='ocr_line' id='line_1_75' title="bbox 1961 1649 3515 1726; baseline -0.005 -17"><span class='ocrx_word' id='word_1_549' title='bbox 1961 1664 2048 1726; x_wconf 91' lang='lat' dir='ltr'><strong>get</strong></span> <span class='ocrx_word' id='word_1_550' title='bbox 2076 1665 2313 1724; x_wconf 83' lang='lat' dir='ltr'><strong>peccata.</strong></span> <span class='ocrx_word' id='word_1_551' title='bbox 2346 1656 2460 1710; x_wconf 81' lang='lat' dir='ltr'><strong>Hoc</strong></span> <span class='ocrx_word' id='word_1_552' title='bbox 2484 1670 2581 1725; x_wconf 89' lang='lat' dir='ltr'><strong>ego</strong></span> <span class='ocrx_word' id='word_1_553' title='bbox 2620 1656 2784 1709; x_wconf 91' lang='lat' dir='ltr'><strong>miser</strong></span> <span class='ocrx_word' id='word_1_554' title='bbox 2814 1652 2999 1706; x_wconf 88' lang='lat' dir='ltr'><strong>Latina</strong></span> <span class='ocrx_word' id='word_1_555' title='bbox 3041 1649 3218 1721; x_wconf 85' lang='lat' dir='ltr'><strong>lingua</strong></span> <span class='ocrx_word' id='word_1_556' title='bbox 3251 1649 3515 1717; x_wconf 83' lang='lat' dir='ltr'><strong>describo,</strong></span> 
     </span>
    </p>
   </div>
   <div class='ocr_carea' id='block_1_76' title="bbox 1961 1740 3528 1816">
    <p class='ocr_par' dir='ltr' id='par_1_76' title="bbox 1961 1740 3528 1816">
     <span class='ocr_line' id='line_1_76' title="bbox 1961 1740 3528 1816; baseline -0.006 -15"><span class='ocrx_word' id='word_1_557' title='bbox 1961 1747 2167 1815; x_wconf 89' lang='lat' dir='ltr'><strong>hocque</strong></span> <span class='ocrx_word' id='word_1_558' title='bbox 2193 1754 2401 1816; x_wconf 82' lang='lat' dir='ltr'><strong>optout</strong></span> <span class='ocrx_word' id='word_1_559' title='bbox 2430 1747 2543 1815; x_wconf 90' lang='lat' dir='ltr'><strong>ipse</strong></span> <span class='ocrx_word' id='word_1_560' title='bbox 2578 1743 2797 1798; x_wconf 91' lang='lat' dir='ltr'><strong>refectio</strong></span> <span class='ocrx_word' id='word_1_561' title='bbox 2825 1741 3017 1796; x_wconf 88' lang='lat' dir='ltr'><strong>mentis</strong></span> <span class='ocrx_word' id='word_1_562' title='bbox 3043 1740 3272 1795; x_wconf 64' lang='lat' dir='ltr'><strong>mete&#39;sit</strong></span> <span class='ocrx_word' id='word_1_563' title='bbox 3300 1740 3352 1792; x_wconf 92' lang='lat' dir='ltr'><strong>in</strong></span> <span class='ocrx_word' id='word_1_564' title='bbox 3378 1754 3528 1808; x_wconf 36' lang='lat' dir='ltr'><strong>pne;</strong></span> 
     </span>
    </p>
   </div>
   <div class='ocr_carea' id='block_1_77' title="bbox 1961 1829 3519 1904">
    <p class='ocr_par' dir='ltr' id='par_1_77' title="bbox 1961 1829 3519 1904">
     <span class='ocr_line' id='line_1_77' title="bbox 1961 1829 3519 1904; baseline -0.006 -14"><span class='ocrx_word' id='word_1_565' title='bbox 1961 1835 2099 1890; x_wconf 86' lang='lat' dir='ltr'><strong>senti</strong></span> <span class='ocrx_word' id='word_1_566' title='bbox 2123 1842 2177 1888; x_wconf 90' lang='lat' dir='ltr'><strong>et</strong></span> <span class='ocrx_word' id='word_1_567' title='bbox 2205 1835 2257 1887; x_wconf 94' lang='lat' dir='ltr'><strong>in</strong></span> <span class='ocrx_word' id='word_1_568' title='bbox 2288 1833 2464 1887; x_wconf 88' lang='lat' dir='ltr'><strong>futuro</strong></span> <span class='ocrx_word' id='word_1_569' title='bbox 2506 1834 2725 1904; x_wconf 81' lang='lat' dir='ltr'><strong>satietas</strong></span> <span class='ocrx_word' id='word_1_570' title='bbox 2763 1839 2982 1885; x_wconf 62' lang='lat' dir='ltr'><strong>aeterna.</strong></span> <span class='ocrx_word' id='word_1_571' title='bbox 3015 1829 3126 1883; x_wconf 85' lang='lat' dir='ltr'><strong>Non</strong></span> <span class='ocrx_word' id='word_1_572' title='bbox 3158 1830 3297 1883; x_wconf 83' lang='lat' dir='ltr'><strong>enim</strong></span> <span class='ocrx_word' id='word_1_573' title='bbox 3328 1843 3519 1896; x_wconf 87' lang='lat' dir='ltr'><strong>super-</strong></span> 
     </span>
    </p>
   </div>
   <div class='ocr_carea' id='block_1_78' title="bbox 1958 1913 3524 1996">
    <p class='ocr_par' dir='ltr' id='par_1_78' title="bbox 1958 1913 3524 1996">
     <span class='ocr_line' id='line_1_78' title="bbox 1958 1913 3524 1996; baseline -0.004 -14"><span class='ocrx_word' id='word_1_574' title='bbox 1958 1927 2056 1982; x_wconf 90' lang='lat' dir='ltr'><strong>bus</strong></span> <span class='ocrx_word' id='word_1_575' title='bbox 2085 1928 2364 1996; x_wconf 87' lang='lat' dir='ltr'><strong>quisquam</strong></span> <span class='ocrx_word' id='word_1_576' title='bbox 2389 1926 2514 1981; x_wconf 91' lang='lat' dir='ltr'><strong>hinc</strong></span> <span class='ocrx_word' id='word_1_577' title='bbox 2555 1913 2936 1995; x_wconf 83' lang='lat' dir='ltr'><strong>justificahitur</strong></span> <span class='ocrx_word' id='word_1_578' title='bbox 2973 1924 3112 1992; x_wconf 92' lang='lat' dir='ltr'><strong>quod</strong></span> <span class='ocrx_word' id='word_1_579' title='bbox 3141 1938 3232 1977; x_wconf 90' lang='lat' dir='ltr'><strong>ore</strong></span> <span class='ocrx_word' id='word_1_580' title='bbox 3254 1933 3308 1978; x_wconf 93' lang='lat' dir='ltr'><strong>et</strong></span> <span class='ocrx_word' id='word_1_581' title='bbox 3334 1923 3524 1976; x_wconf 87' lang='lat' dir='ltr'><strong>habitu‘</strong></span> 
     </span>
    </p>
   </div>
   <div class='ocr_carea' id='block_1_79' title="bbox 1959 2013 3517 2086">
    <p class='ocr_par' dir='ltr' id='par_1_79' title="bbox 1959 2013 3517 2086">
     <span class='ocr_line' id='line_1_79' title="bbox 1959 2013 3517 2086; baseline -0.003 -15"><span class='ocrx_word' id='word_1_582' title='bbox 1959 2015 2314 2071; x_wconf 86' lang='lat' dir='ltr'><strong>humilitatem</strong></span> <span class='ocrx_word' id='word_1_583' title='bbox 2341 2016 2593 2080; x_wconf 80' lang='lat' dir='ltr'><strong>ostendit,</strong></span> <span class='ocrx_word' id='word_1_584' title='bbox 2623 2027 3017 2086; x_wconf 87' lang='lat' dir='ltr'><strong>supernumque</strong></span> <span class='ocrx_word' id='word_1_585' title='bbox 3049 2020 3378 2083; x_wconf 84' lang='lat' dir='ltr'><strong>regnatorem</strong></span> <span class='ocrx_word' id='word_1_586' title='bbox 3407 2013 3517 2067; x_wconf 91' lang='lat' dir='ltr'><strong>solo</strong></span> 
     </span>
    </p>
   </div>
   <div class='ocr_carea' id='block_1_80' title="bbox 1959 2103 3513 2177">
    <p class='ocr_par' dir='ltr' id='par_1_80' title="bbox 1959 2103 3513 2177">
     <span class='ocr_line' id='line_1_80' title="bbox 1959 2103 3513 2177; baseline -0.004 -15"><span class='ocrx_word' id='word_1_587' title='bbox 1959 2108 2261 2177; x_wconf 73' lang='lat' dir='ltr'><strong>prostt‘atus</strong></span> <span class='ocrx_word' id='word_1_588' title='bbox 2289 2108 2494 2170; x_wconf 79' lang='lat' dir='ltr'><strong>adorat,</strong></span> <span class='ocrx_word' id='word_1_589' title='bbox 2524 2107 2648 2160; x_wconf 89' lang='lat' dir='ltr'><strong>dum</strong></span> <span class='ocrx_word' id='word_1_590' title='bbox 2701 2105 2905 2158; x_wconf 87' lang='lat' dir='ltr'><strong>interna</strong></span> <span class='ocrx_word' id='word_1_591' title='bbox 2939 2103 3115 2158; x_wconf 90' lang='lat' dir='ltr'><strong>cordis</strong></span> <span class='ocrx_word' id='word_1_592' title='bbox 3144 2103 3259 2173; x_wconf 87' lang='lat' dir='ltr'><strong>ejus</strong></span> <span class='ocrx_word' id='word_1_593' title='bbox 3289 2104 3513 2172; x_wconf 87' lang='lat' dir='ltr'><strong>superbe</strong></span> 
     </span>
    </p>
   </div>
   <div class='ocr_carea' id='block_1_81' title="bbox 1963 2188 3518 2262">
    <p class='ocr_par' dir='ltr' id='par_1_81' title="bbox 1963 2188 3518 2262">
     <span class='ocr_line' id='line_1_81' title="bbox 1963 2188 3518 2262; baseline -0.003 -14"><span class='ocrx_word' id='word_1_594' title='bbox 1963 2193 2222 2258; x_wconf 75' lang='lat' dir='ltr'><strong>sentiunt,</strong></span> <span class='ocrx_word' id='word_1_595' title='bbox 2245 2201 2298 2247; x_wconf 92' lang='lat' dir='ltr'><strong>et</strong></span> <span class='ocrx_word' id='word_1_596' title='bbox 2322 2207 2452 2262; x_wconf 89' lang='lat' dir='ltr'><strong>opes</strong></span> <span class='ocrx_word' id='word_1_597' title='bbox 2480 2192 2683 2247; x_wconf 89' lang='lat' dir='ltr'><strong>habens</strong></span> <span class='ocrx_word' id='word_1_598' title='bbox 2711 2189 3078 2262; x_wconf 81' lang='lat' dir='ltr'><strong>eleemosynas</strong></span> <span class='ocrx_word' id='word_1_599' title='bbox 3112 2205 3215 2244; x_wconf 91' lang='lat' dir='ltr'><strong>non</strong></span> <span class='ocrx_word' id='word_1_600' title='bbox 3247 2188 3390 2254; x_wconf 83' lang='lat' dir='ltr'><strong>facit,</strong></span> <span class='ocrx_word' id='word_1_601' title='bbox 3417 2205 3518 2244; x_wconf 89' lang='lat' dir='ltr'><strong>nec</strong></span> 
     </span>
    </p>
   </div>
   <div class='ocr_carea' id='block_1_82' title="bbox 1960 2278 3517 2352">
    <p class='ocr_par' dir='ltr' id='par_1_82' title="bbox 1960 2278 3517 2352">
     <span class='ocr_line' id='line_1_82' title="bbox 1960 2278 3517 2352; baseline -0.001 -17"><span class='ocrx_word' id='word_1_602' title='bbox 1960 2296 2058 2352; x_wconf 91' lang='lat' dir='ltr'><strong>per</strong></span> <span class='ocrx_word' id='word_1_603' title='bbox 2099 2280 2467 2335; x_wconf 83' lang='lat' dir='ltr'><strong>valetudinem</strong></span> <span class='ocrx_word' id='word_1_604' title='bbox 2517 2279 2756 2348; x_wconf 87' lang='lat' dir='ltr'><strong>corporis</strong></span> <span class='ocrx_word' id='word_1_605' title='bbox 2785 2279 2867 2333; x_wconf 89' lang='lat' dir='ltr'><strong>sui</strong></span> <span class='ocrx_word' id='word_1_606' title='bbox 2913 2280 3056 2349; x_wconf 90' lang='lat' dir='ltr'><strong>(eum</strong></span> <span class='ocrx_word' id='word_1_607' title='bbox 3091 2279 3296 2348; x_wconf 87' lang='lat' dir='ltr'><strong>integer</strong></span> <span class='ocrx_word' id='word_1_608' title='bbox 3319 2278 3517 2339; x_wconf 83' lang='lat' dir='ltr'><strong>viribus</strong></span> 
     </span>
    </p>
   </div>
   <div class='ocr_carea' id='block_1_83' title="bbox 1963 2363 3518 2440">
    <p class='ocr_par' dir='ltr' id='par_1_83' title="bbox 1963 2363 3518 2440">
     <span class='ocr_line' id='line_1_83' title="bbox 1963 2363 3518 2440; baseline -0.002 -17"><span class='ocrx_word' id='word_1_609' title='bbox 1963 2369 2052 2440; x_wconf 91' lang='lat' dir='ltr'><strong>sit)</strong></span> <span class='ocrx_word' id='word_1_610' title='bbox 2076 2385 2236 2439; x_wconf 88' lang='lat' dir='ltr'><strong>opera</strong></span> <span class='ocrx_word' id='word_1_611' title='bbox 2268 2363 2394 2423; x_wconf 77' lang='lat' dir='ltr'><strong>facit</strong></span> <span class='ocrx_word' id='word_1_612' title='bbox 2423 2368 2642 2436; x_wconf 73' lang='lat' dir='ltr'><strong>iustitia:</strong></span> <span class='ocrx_word' id='word_1_613' title='bbox 2667 2384 2683 2434; x_wconf 89' lang='lat'><strong>;</strong></span> <span class='ocrx_word' id='word_1_614' title='bbox 2719 2367 2842 2436; x_wconf 92' lang='lat' dir='ltr'><strong>quia</strong></span> <span class='ocrx_word' id='word_1_615' title='bbox 2870 2375 3078 2422; x_wconf 89' lang='lat' dir='ltr'><strong>certum</strong></span> <span class='ocrx_word' id='word_1_616' title='bbox 3104 2376 3156 2422; x_wconf 88' lang='lat' dir='ltr'><strong>et</strong></span> <span class='ocrx_word' id='word_1_617' title='bbox 3179 2367 3518 2437; x_wconf 89' lang='lat' dir='ltr'><strong>perspicuum</strong></span> 
     </span>
    </p>
   </div>
   <div class='ocr_carea' id='block_1_84' title="bbox 1961 2456 3518 2527">
    <p class='ocr_par' dir='ltr' id='par_1_84' title="bbox 1961 2456 3518 2527">
     <span class='ocr_line' id='line_1_84' title="bbox 1961 2456 3518 2527; baseline 0 -15"><span class='ocrx_word' id='word_1_618' title='bbox 1961 2466 2046 2512; x_wconf 83' lang='lat' dir='ltr'><strong>est</strong></span> <span class='ocrx_word' id='word_1_619' title='bbox 2072 2458 2212 2527; x_wconf 92' lang='lat' dir='ltr'><strong>quod</strong></span> <span class='ocrx_word' id='word_1_620' title='bbox 2236 2458 2570 2512; x_wconf 89' lang='lat' dir='ltr'><strong>omnitenens</strong></span> <span class='ocrx_word' id='word_1_621' title='bbox 2595 2457 2841 2511; x_wconf 88' lang='lat' dir='ltr'><strong>conditor</strong></span> <span class='ocrx_word' id='word_1_622' title='bbox 2864 2471 2966 2511; x_wconf 92' lang='lat' dir='ltr'><strong>non</strong></span> <span class='ocrx_word' id='word_1_623' title='bbox 3000 2456 3169 2510; x_wconf 91' lang='lat' dir='ltr'><strong>solum</strong></span> <span class='ocrx_word' id='word_1_624' title='bbox 3205 2458 3380 2521; x_wconf 86' lang='lat' dir='ltr'><strong>verba,</strong></span> <span class='ocrx_word' id='word_1_625' title='bbox 3423 2457 3518 2512; x_wconf 87' lang='lat' dir='ltr'><strong>sed</strong></span> 
     </span>
    </p>
   </div>
   <div class='ocr_carea' id='block_1_85' title="bbox 1960 2547 3520 2620">
    <p class='ocr_par' dir='ltr' id='par_1_85' title="bbox 1960 2547 3520 2620">
     <span class='ocr_line' id='line_1_85' title="bbox 1960 2547 3520 2620; baseline 0.001 -18"><span class='ocrx_word' id='word_1_626' title='bbox 1960 2556 2013 2602; x_wconf 89' lang='lat' dir='ltr'><strong>et</strong></span> <span class='ocrx_word' id='word_1_627' title='bbox 2039 2547 2179 2602; x_wconf 88' lang='lat' dir='ltr'><strong>facta</strong></span> <span class='ocrx_word' id='word_1_628' title='bbox 2205 2547 2343 2603; x_wconf 90' lang='lat' dir='ltr'><strong>bona</strong></span> <span class='ocrx_word' id='word_1_629' title='bbox 2368 2555 2422 2602; x_wconf 91' lang='lat' dir='ltr'><strong>et</strong></span> <span class='ocrx_word' id='word_1_630' title='bbox 2448 2548 2611 2601; x_wconf 87' lang='lat' dir='ltr'><strong>vitam</strong></span> <span class='ocrx_word' id='word_1_631' title='bbox 2639 2547 2915 2602; x_wconf 89' lang='lat' dir='ltr'><strong>honestam</strong></span> <span class='ocrx_word' id='word_1_632' title='bbox 2943 2548 3085 2601; x_wconf 92' lang='lat' dir='ltr'><strong>omni</strong></span> <span class='ocrx_word' id='word_1_633' title='bbox 3117 2557 3353 2616; x_wconf 86' lang='lat' dir='ltr'><strong>tempore</strong></span> <span class='ocrx_word' id='word_1_634' title='bbox 3377 2564 3520 2620; x_wconf 77' lang='lat' dir='ltr'><strong>qua:-</strong></span> 
     </span>
    </p>
   </div>
   <div class='ocr_carea' id='block_1_86' title="bbox 1960 2621 3518 2711">
    <p class='ocr_par' dir='ltr' id='par_1_86' title="bbox 1960 2621 3518 2711">
     <span class='ocr_line' id='line_1_86' title="bbox 1960 2621 3518 2711; baseline 0.003 -19"><span class='ocrx_word' id='word_1_635' title='bbox 1960 2647 2062 2692; x_wconf 85' lang='lat' dir='ltr'><strong>rat.</strong></span> <span class='ocrx_word' id='word_1_636' title='bbox 2090 2621 2257 2709; x_wconf 82' lang='lat' dir='ltr'><strong>Igitur</strong></span> <span class='ocrx_word' id='word_1_637' title='bbox 2285 2641 2595 2711; x_wconf 78' lang='lat' dir='ltr'><strong>quicunque</strong></span> <span class='ocrx_word' id='word_1_638' title='bbox 2618 2649 2872 2696; x_wconf 63' lang='lat' dir='ltr'><strong>aeternam</strong></span> <span class='ocrx_word' id='word_1_639' title='bbox 2894 2640 3065 2696; x_wconf 87' lang='lat' dir='ltr'><strong>lucem</strong></span> <span class='ocrx_word' id='word_1_640' title='bbox 3092 2643 3356 2696; x_wconf 86' lang='lat' dir='ltr'><strong>veraciter</strong></span> <span class='ocrx_word' id='word_1_641' title='bbox 3372 2649 3518 2711; x_wconf 62' lang='lat' dir='ltr'><strong>quic-</strong></span> 
     </span>
    </p>
   </div>
   <div class='ocr_carea' id='block_1_87' title="bbox 1953 2721 3578 2802">
    <p class='ocr_par' dir='ltr' id='par_1_87' title="bbox 1953 2721 3578 2802">
     <span class='ocr_line' id='line_1_87' title="bbox 1953 2721 3578 2802; baseline 0.002 -18"><span class='ocrx_word' id='word_1_642' title='bbox 1953 2721 2056 2795; x_wconf 84' lang='lat' dir='ltr'><strong>rit,</strong></span> <span class='ocrx_word' id='word_1_643' title='bbox 2080 2737 2133 2784; x_wconf 91' lang='lat' dir='ltr'><strong>et</strong></span> <span class='ocrx_word' id='word_1_644' title='bbox 2164 2730 2231 2785; x_wconf 91' lang='lat' dir='ltr'><strong>ad</strong></span> <span class='ocrx_word' id='word_1_645' title='bbox 2264 2740 2516 2785; x_wconf 66' lang='lat' dir='ltr'><strong>mternam</strong></span> <span class='ocrx_word' id='word_1_646' title='bbox 2546 2723 2926 2786; x_wconf 86' lang='lat' dir='ltr'><strong>beatitudinem</strong></span> <span class='ocrx_word' id='word_1_647' title='bbox 2959 2732 3069 2785; x_wconf 85' lang='lat' dir='ltr'><strong>vult</strong></span> <span class='ocrx_word' id='word_1_648' title='bbox 3095 2734 3396 2802; x_wconf 91' lang='lat' dir='ltr'><strong>pervenire,</strong></span> <span class='ocrx_word' id='word_1_649' title='bbox 3420 2749 3513 2788; x_wconf 81' lang='lat' dir='ltr'><strong>ne-</strong></span> <span class='ocrx_word' id='word_1_650' title='bbox 3564 2734 3578 2746; x_wconf 72' lang='lat'>‘</span> 
     </span>
    </p>
   </div>
   <div class='ocr_carea' id='block_1_88' title="bbox 1960 2822 3517 2893">
    <p class='ocr_par' dir='ltr' id='par_1_88' title="bbox 1960 2822 3517 2893">
     <span class='ocr_line' id='line_1_88' title="bbox 1960 2822 3517 2893; baseline 0.003 -18"><span class='ocrx_word' id='word_1_651' title='bbox 1960 2835 2112 2876; x_wconf 89' lang='lat' dir='ltr'><strong>cesse</strong></span> <span class='ocrx_word' id='word_1_652' title='bbox 2136 2829 2305 2876; x_wconf 90' lang='lat' dir='ltr'><strong>estut</strong></span> <span class='ocrx_word' id='word_1_653' title='bbox 2347 2837 2442 2891; x_wconf 90' lang='lat' dir='ltr'><strong>per</strong></span> <span class='ocrx_word' id='word_1_654' title='bbox 2488 2830 2608 2877; x_wconf 88' lang='lat' dir='ltr'><strong>octo</strong></span> <span class='ocrx_word' id='word_1_655' title='bbox 2636 2822 2818 2876; x_wconf 91' lang='lat' dir='ltr'><strong>titulos</strong></span> <span class='ocrx_word' id='word_1_656' title='bbox 2864 2824 3216 2891; x_wconf 83' lang='lat' dir='ltr'><strong>evangelicos,</strong></span> <span class='ocrx_word' id='word_1_657' title='bbox 3249 2823 3298 2877; x_wconf 92' lang='lat' dir='ltr'><strong>in</strong></span> <span class='ocrx_word' id='word_1_658' title='bbox 3327 2825 3517 2893; x_wconf 87' lang='lat' dir='ltr'><strong>quibus</strong></span> 
     </span>
    </p>
   </div>
   <div class='ocr_carea' id='block_1_89' title="bbox 1962 2911 3517 2985">
    <p class='ocr_par' dir='ltr' id='par_1_89' title="bbox 1962 2911 3517 2985">
     <span class='ocr_line' id='line_1_89' title="bbox 1962 2911 3517 2985; baseline 0.004 -22"><span class='ocrx_word' id='word_1_659' title='bbox 1962 2911 2168 2979; x_wconf 88' lang='lat' dir='ltr'><strong>species</strong></span> <span class='ocrx_word' id='word_1_660' title='bbox 2190 2925 2339 2966; x_wconf 68' lang='lat' dir='ltr'><strong>verae.</strong></span> <span class='ocrx_word' id='word_1_661' title='bbox 2377 2911 2720 2966; x_wconf 89' lang='lat' dir='ltr'><strong>beatitudinis</strong></span> <span class='ocrx_word' id='word_1_662' title='bbox 2754 2914 3149 2981; x_wconf 86' lang='lat' dir='ltr'><strong>exprimuntur,</strong></span> <span class='ocrx_word' id='word_1_663' title='bbox 3181 2914 3246 2967; x_wconf 91' lang='lat' dir='ltr'><strong>ad</strong></span> <span class='ocrx_word' id='word_1_664' title='bbox 3297 2929 3517 2985; x_wconf 83' lang='lat' dir='ltr'><strong>regnum</strong></span> 
     </span>
    </p>
   </div>
   <div class='ocr_carea' id='block_1_90' title="bbox 1967 2998 3517 3070">
    <p class='ocr_par' dir='ltr' id='par_1_90' title="bbox 1967 2998 3517 3070">
     <span class='ocr_line' id='line_1_90' title="bbox 1967 2998 3517 3070; baseline 0.005 -19"><span class='ocrx_word' id='word_1_665' title='bbox 1967 2998 2149 3052; x_wconf 90' lang='lat' dir='ltr'><strong>tendat</strong></span> <span class='ocrx_word' id='word_1_666' title='bbox 2178 3013 2485 3068; x_wconf 85' lang='lat' dir='ltr'><strong>supernum,</strong></span> <span class='ocrx_word' id='word_1_667' title='bbox 2526 3001 2648 3070; x_wconf 92' lang='lat' dir='ltr'><strong>quia</strong></span> <span class='ocrx_word' id='word_1_668' title='bbox 2675 3009 2728 3055; x_wconf 90' lang='lat' dir='ltr'><strong>et</strong></span> <span class='ocrx_word' id='word_1_669' title='bbox 2758 3002 2807 3054; x_wconf 90' lang='lat' dir='ltr'><strong>in</strong></span> <span class='ocrx_word' id='word_1_670' title='bbox 2854 3002 2968 3070; x_wconf 86' lang='lat' dir='ltr'><strong>ipso</strong></span> <span class='ocrx_word' id='word_1_671' title='bbox 3005 3019 3228 3058; x_wconf 87' lang='lat' dir='ltr'><strong>numero</strong></span> <span class='ocrx_word' id='word_1_672' title='bbox 3279 3019 3517 3058; x_wconf 89' lang='lat' dir='ltr'><strong>resurre-</strong></span> 
     </span>
    </p>
   </div>
   <div class='ocr_carea' id='block_1_91' title="bbox 1887 3063 3517 3159">
    <p class='ocr_par' dir='ltr' id='par_1_91' title="bbox 1887 3063 3517 3159">
     <span class='ocr_line' id='line_1_91' title="bbox 1887 3063 3517 3159; baseline 0.004 -20"><span class='ocrx_word' id='word_1_673' title='bbox 1887 3063 1933 3125; x_wconf 66' lang='grc' dir='ltr'>Ο</span> <span class='ocrx_word' id='word_1_674' title='bbox 1965 3087 2138 3141; x_wconf 91' lang='lat' dir='ltr'><strong>ctione</strong></span> <span class='ocrx_word' id='word_1_675' title='bbox 2159 3063 2390 3153; x_wconf 77' lang='lat' dir='ltr'><strong>gererali</strong></span> <span class='ocrx_word' id='word_1_676' title='bbox 2421 3063 2745 3158; x_wconf 72' lang='lat' dir='ltr'><strong>perpetrata,</strong></span> <span class='ocrx_word' id='word_1_677' title='bbox 2801 3063 2920 3158; x_wconf 78' lang='lat' dir='ltr'><strong>post</strong></span> <span class='ocrx_word' id='word_1_678' title='bbox 2947 3099 3219 3158; x_wconf 86' lang='lat' dir='ltr'><strong>peractum</strong></span> <span class='ocrx_word' id='word_1_679' title='bbox 3256 3091 3517 3159; x_wconf 90' lang='lat' dir='ltr'><strong>judicium</strong></span> 
     </span>
    </p>
   </div>
   <div class='ocr_carea' id='block_1_92' title="bbox 1963 3177 3514 3248">
    <p class='ocr_par' dir='ltr' id='par_1_92' title="bbox 1963 3177 3514 3248">
     <span class='ocr_line' id='line_1_92' title="bbox 1963 3177 3514 3248; baseline 0.002 -17"><span class='ocrx_word' id='word_1_680' title='bbox 1963 3178 2132 3232; x_wconf 87' lang='lat' dir='ltr'><strong>sancti</strong></span> <span class='ocrx_word' id='word_1_681' title='bbox 2161 3177 2254 3232; x_wconf 93' lang='lat' dir='ltr'><strong>Dei</strong></span> <span class='ocrx_word' id='word_1_682' title='bbox 2296 3179 2496 3248; x_wconf 88' lang='lat' dir='ltr'><strong>pariter</strong></span> <span class='ocrx_word' id='word_1_683' title='bbox 2524 3194 2644 3232; x_wconf 89' lang='lat' dir='ltr'><strong>cum</strong></span> <span class='ocrx_word' id='word_1_684' title='bbox 2699 3177 2914 3232; x_wconf 81' lang='lat' dir='ltr'><strong>Christo</strong></span> <span class='ocrx_word' id='word_1_685' title='bbox 2962 3193 3184 3247; x_wconf 89' lang='lat' dir='ltr'><strong>regnum</strong></span> <span class='ocrx_word' id='word_1_686' title='bbox 3241 3180 3514 3234; x_wconf 84' lang='lat' dir='ltr'><strong>intrabunt</strong></span> 
     </span>
    </p>
   </div>
   <div class='ocr_carea' id='block_1_93' title="bbox 1962 3259 3511 3340">
    <p class='ocr_par' dir='ltr' id='par_1_93' title="bbox 1962 3259 3511 3340">
     <span class='ocr_line' id='line_1_93' title="bbox 1962 3259 3511 3340; baseline 0.003 -18"><span class='ocrx_word' id='word_1_687' title='bbox 1962 3276 2236 3322; x_wconf 67' lang='lat' dir='ltr'><strong>aeternum.</strong></span> <span class='ocrx_word' id='word_1_688' title='bbox 2285 3268 2442 3323; x_wconf 79' lang='lat' dir='ltr'><strong>Crux</strong></span> <span class='ocrx_word' id='word_1_689' title='bbox 2488 3283 2700 3339; x_wconf 87' lang='lat' dir='ltr'><strong>quoque</strong></span> <span class='ocrx_word' id='word_1_690' title='bbox 2752 3267 2950 3323; x_wconf 77' lang='lat' dir='ltr'><strong>Christi</strong></span> <span class='ocrx_word' id='word_1_691' title='bbox 3001 3271 3084 3323; x_wconf 90' lang='lat' dir='ltr'><strong>via</strong></span> <span class='ocrx_word' id='word_1_692' title='bbox 3109 3279 3190 3324; x_wconf 88' lang='lat' dir='ltr'><strong>est</strong></span> <span class='ocrx_word' id='word_1_693' title='bbox 3228 3259 3511 3340; x_wconf 76' lang='lat' dir='ltr'><strong>jthtorum,</strong></span> 
     </span>
    </p>
   </div>
   <div class='ocr_carea' id='block_1_94' title="bbox 1961 3358 3513 3433">
    <p class='ocr_par' dir='ltr' id='par_1_94' title="bbox 1961 3358 3513 3433">
     <span class='ocr_line' id='line_1_94' title="bbox 1961 3358 3513 3433; baseline 0.005 -21"><span class='ocrx_word' id='word_1_694' title='bbox 1961 3373 2215 3413; x_wconf 89' lang='lat' dir='ltr'><strong>ascensus</strong></span> <span class='ocrx_word' id='word_1_695' title='bbox 2266 3359 2331 3412; x_wconf 91' lang='lat' dir='ltr'><strong>ad</strong></span> <span class='ocrx_word' id='word_1_696' title='bbox 2380 3358 2595 3425; x_wconf 70' lang='lat' dir='ltr'><strong>caelum,</strong></span> <span class='ocrx_word' id='word_1_697' title='bbox 2640 3368 2755 3413; x_wconf 90' lang='lat' dir='ltr'><strong>rota</strong></span> <span class='ocrx_word' id='word_1_698' title='bbox 2789 3360 2855 3414; x_wconf 84' lang='lat' dir='ltr'><strong>de</strong></span> <span class='ocrx_word' id='word_1_699' title='bbox 2890 3361 3087 3415; x_wconf 89' lang='lat' dir='ltr'><strong>infimis</strong></span> <span class='ocrx_word' id='word_1_700' title='bbox 3123 3362 3187 3415; x_wconf 89' lang='lat' dir='ltr'><strong>ad</strong></span> <span class='ocrx_word' id='word_1_701' title='bbox 3239 3365 3513 3433; x_wconf 84' lang='lat' dir='ltr'><strong>superiora</strong></span> 
     </span>
    </p>
   </div>
   <div class='ocr_carea' id='block_1_95' title="bbox 1962 3449 3515 3520">
    <p class='ocr_par' dir='ltr' id='par_1_95' title="bbox 1962 3449 3515 3520">
     <span class='ocr_line' id='line_1_95' title="bbox 1962 3449 3515 3520; baseline 0.003 -18"><span class='ocrx_word' id='word_1_702' title='bbox 1962 3462 2060 3504; x_wconf 86' lang='lat' dir='ltr'><strong>nos</strong></span> <span class='ocrx_word' id='word_1_703' title='bbox 2101 3450 2338 3513; x_wconf 89' lang='lat' dir='ltr'><strong>trahens,</strong></span> <span class='ocrx_word' id='word_1_704' title='bbox 2399 3449 2504 3503; x_wconf 90' lang='lat' dir='ltr'><strong>dux</strong></span> <span class='ocrx_word' id='word_1_705' title='bbox 2548 3459 2602 3504; x_wconf 91' lang='lat' dir='ltr'><strong>et</strong></span> <span class='ocrx_word' id='word_1_706' title='bbox 2638 3449 2804 3517; x_wconf 90' lang='lat' dir='ltr'><strong>janua</strong></span> <span class='ocrx_word' id='word_1_707' title='bbox 2836 3451 3006 3520; x_wconf 89' lang='lat' dir='ltr'><strong>regni,</strong></span> <span class='ocrx_word' id='word_1_708' title='bbox 3060 3452 3279 3506; x_wconf 81' lang='lat' dir='ltr'><strong>victoria</strong></span> <span class='ocrx_word' id='word_1_709' title='bbox 3311 3456 3515 3507; x_wconf 56' lang='lat' dir='ltr'><strong>nostra.</strong></span> 
     </span>
    </p>
   </div>
   <div class='ocr_carea' id='block_1_96' title="bbox 1962 3540 3517 3618">
    <p class='ocr_par' dir='ltr' id='par_1_96' title="bbox 1962 3540 3517 3618">
     <span class='ocr_line' id='line_1_96' title="bbox 1962 3540 3517 3618; baseline 0.002 -25"><span class='ocrx_word' id='word_1_710' title='bbox 1962 3540 2065 3596; x_wconf 86' lang='lat' dir='ltr'><strong>Per</strong></span> <span class='ocrx_word' id='word_1_711' title='bbox 2099 3540 2242 3595; x_wconf 90' lang='lat' dir='ltr'><strong>illam</strong></span> <span class='ocrx_word' id='word_1_712' title='bbox 2269 3541 2436 3594; x_wconf 90' lang='lat' dir='ltr'><strong>vitam</strong></span> <span class='ocrx_word' id='word_1_713' title='bbox 2467 3542 2856 3618; x_wconf 84' lang='lat' dir='ltr'><strong>possidebimus</strong></span> <span class='ocrx_word' id='word_1_714' title='bbox 2901 3543 3186 3604; x_wconf 81' lang='lat' dir='ltr'><strong>veram,‘.ct</strong></span> <span class='ocrx_word' id='word_1_715' title='bbox 3217 3544 3517 3597; x_wconf 87' lang='lat' dir='ltr'><strong>mercedem</strong></span> 
     </span>
    </p>
   </div>
   <div class='ocr_carea' id='block_1_97' title="bbox 1959 3630 3512 3701">
    <p class='ocr_par' dir='ltr' id='par_1_97' title="bbox 1959 3630 3512 3701">
     <span class='ocr_line' id='line_1_97' title="bbox 1959 3630 3512 3701; baseline 0.001 -19"><span class='ocrx_word' id='word_1_716' title='bbox 1959 3630 2613 3699; x_wconf 58' lang='lat' dir='ltr'><strong>percipiemusanernam,</strong></span> <span class='ocrx_word' id='word_1_717' title='bbox 2641 3646 2759 3700; x_wconf 68' lang='lat' dir='ltr'><strong>quae</strong></span> <span class='ocrx_word' id='word_1_718' title='bbox 2784 3639 2839 3684; x_wconf 93' lang='lat' dir='ltr'><strong>et</strong></span> <span class='ocrx_word' id='word_1_719' title='bbox 2868 3632 3072 3684; x_wconf 91' lang='lat' dir='ltr'><strong>binario</strong></span> <span class='ocrx_word' id='word_1_720' title='bbox 3111 3641 3299 3699; x_wconf 80' lang='lat' dir='ltr'><strong>quater</strong></span> <span class='ocrx_word' id='word_1_721' title='bbox 3319 3633 3512 3701; x_wconf 88' lang='lat' dir='ltr'><strong>posito,</strong></span> 
     </span>
    </p>
   </div>
   <div class='ocr_carea' id='block_1_98' title="bbox 1959 3706 3519 3789">
    <p class='ocr_par' dir='ltr' id='par_1_98' title="bbox 1959 3706 3519 3789">
     <span class='ocr_line' id='line_1_98' title="bbox 1959 3706 3519 3789; baseline -0.001 -15"><span class='ocrx_word' id='word_1_722' title='bbox 1959 3714 2290 3774; x_wconf 72' lang='lat' dir='ltr'><strong>octonarium</strong></span> <span class='ocrx_word' id='word_1_723' title='bbox 2341 3717 2393 3772; x_wconf 93' lang='lat' dir='ltr'><strong>in</strong></span> <span class='ocrx_word' id='word_1_724' title='bbox 2437 3730 2496 3774; x_wconf 87' lang='lat' dir='ltr'><strong>se</strong></span> <span class='ocrx_word' id='word_1_725' title='bbox 2526 3719 2906 3784; x_wconf 84' lang='lat' dir='ltr'><strong>&quot;concludens,</strong></span> <span class='ocrx_word' id='word_1_726' title='bbox 2953 3719 3216 3789; x_wconf 81' lang='lat' dir='ltr'><strong>significat</strong></span> <span class='ocrx_word' id='word_1_727' title='bbox 3257 3721 3394 3788; x_wconf 90' lang='lat' dir='ltr'><strong>quod</strong></span> <span class='ocrx_word' id='word_1_728' title='bbox 3423 3706 3519 3789; x_wconf 80' lang='lat' dir='ltr'><strong>per</strong></span> 
     </span>
    </p>
   </div>
   <div class='ocr_carea' id='block_1_99' title="bbox 1960 3803 3516 3884">
    <p class='ocr_par' dir='ltr' id='par_1_99' title="bbox 1960 3803 3516 3884">
     <span class='ocr_line' id='line_1_99' title="bbox 1960 3803 3516 3884; baseline 0.001 -21"><span class='ocrx_word' id='word_1_729' title='bbox 1960 3809 2066 3863; x_wconf 90' lang='lat' dir='ltr'><strong>duo</strong></span> <span class='ocrx_word' id='word_1_730' title='bbox 2095 3816 2356 3877; x_wconf 72' lang='lat' dir='ltr'><strong>praecepta</strong></span> <span class='ocrx_word' id='word_1_731' title='bbox 2392 3808 2693 3884; x_wconf 77' lang='lat' dir='ltr'><strong>charitatis,</strong></span> <span class='ocrx_word' id='word_1_732' title='bbox 2724 3822 2844 3876; x_wconf 65' lang='lat' dir='ltr'><strong>quae</strong></span> <span class='ocrx_word' id='word_1_733' title='bbox 2879 3808 3032 3861; x_wconf 90' lang='lat' dir='ltr'><strong>nobis</strong></span> <span class='ocrx_word' id='word_1_734' title='bbox 3079 3809 3249 3862; x_wconf 88' lang='lat' dir='ltr'><strong>sancti</strong></span> <span class='ocrx_word' id='word_1_735' title='bbox 3286 3803 3516 3877; x_wconf 76' lang='lat' dir='ltr'><strong>quatuor</strong></span> 
     </span>
    </p>
   </div>
   <div class='ocr_carea' id='block_1_100' title="bbox 1960 3892 3514 3968">
    <p class='ocr_par' dir='ltr' id='par_1_100' title="bbox 1960 3892 3514 3968">
     <span class='ocr_line' id='line_1_100' title="bbox 1960 3892 3514 3968; baseline -0.001 -17"><span class='ocrx_word' id='word_1_736' title='bbox 1960 3896 2366 3966; x_wconf 85' lang='lat' dir='ltr'><strong>Evangeliorum</strong></span> <span class='ocrx_word' id='word_1_737' title='bbox 2395 3896 2514 3950; x_wconf 91' lang='lat' dir='ltr'><strong>lihri</strong></span> <span class='ocrx_word' id='word_1_738' title='bbox 2565 3896 2961 3968; x_wconf 81' lang='lat' dir='ltr'><strong>commendant,</strong></span> <span class='ocrx_word' id='word_1_739' title='bbox 3006 3897 3297 3964; x_wconf 85' lang='lat' dir='ltr'><strong>promereri</strong></span> <span class='ocrx_word' id='word_1_740' title='bbox 3324 3892 3514 3966; x_wconf 69' lang='lat' dir='ltr'><strong>pessu-</strong></span> 
     </span>
    </p>
   </div>
   <div class='ocr_carea' id='block_1_101' title="bbox 1960 3976 3518 4056">
    <p class='ocr_par' dir='ltr' id='par_1_101' title="bbox 1960 3976 3518 4056">
     <span class='ocr_line' id='line_1_101' title="bbox 1960 3976 3518 4056; baseline 0.001 -16"><span class='ocrx_word' id='word_1_741' title='bbox 1960 3999 2084 4040; x_wconf 85' lang='lat' dir='ltr'><strong>mus</strong></span> <span class='ocrx_word' id='word_1_742' title='bbox 2131 3985 2324 4056; x_wconf 87' lang='lat' dir='ltr'><strong>gaudia</strong></span> <span class='ocrx_word' id='word_1_743' title='bbox 2369 3985 2715 4053; x_wconf 89' lang='lat' dir='ltr'><strong>sempiterna.</strong></span> <span class='ocrx_word' id='word_1_744' title='bbox 2760 3984 2871 4039; x_wconf 85' lang='lat' dir='ltr'><strong>Hoc</strong></span> <span class='ocrx_word' id='word_1_745' title='bbox 2920 3976 3129 4053; x_wconf 87' lang='lat' dir='ltr'><strong>quoque</strong></span> <span class='ocrx_word' id='word_1_746' title='bbox 3183 3986 3518 4055; x_wconf 86' lang='lat' dir='ltr'><strong>omnipotens</strong></span> 
     </span>
    </p>
   </div>
   <div class='ocr_carea' id='block_1_102' title="bbox 1959 4073 3517 4144">
    <p class='ocr_par' dir='ltr' id='par_1_102' title="bbox 1959 4073 3517 4144">
     <span class='ocr_line' id='line_1_102' title="bbox 1959 4073 3517 4144; baseline -0.001 -14"><span class='ocrx_word' id='word_1_747' title='bbox 1959 4076 2053 4130; x_wconf 91' lang='lat' dir='ltr'><strong>Dei</strong></span> <span class='ocrx_word' id='word_1_748' title='bbox 2076 4076 2454 4144; x_wconf 84' lang='lat' dir='ltr'><strong>omnipotentis</strong></span> <span class='ocrx_word' id='word_1_749' title='bbox 2477 4073 2728 4144; x_wconf 90' lang='lat' dir='ltr'><strong>Spiritus,</strong></span> <span class='ocrx_word' id='word_1_750' title='bbox 2754 4075 2843 4143; x_wconf 91' lang='lat' dir='ltr'><strong>qui</strong></span> <span class='ocrx_word' id='word_1_751' title='bbox 2870 4089 2968 4129; x_wconf 90' lang='lat' dir='ltr'><strong>nos</strong></span> <span class='ocrx_word' id='word_1_752' title='bbox 2995 4090 3089 4143; x_wconf 87' lang='lat' dir='ltr'><strong>per</strong></span> <span class='ocrx_word' id='word_1_753' title='bbox 3115 4090 3298 4144; x_wconf 87' lang='lat' dir='ltr'><strong>pacem</strong></span> <span class='ocrx_word' id='word_1_754' title='bbox 3325 4084 3376 4130; x_wconf 92' lang='lat' dir='ltr'><strong>et</strong></span> <span class='ocrx_word' id='word_1_755' title='bbox 3393 4077 3517 4131; x_wconf 87' lang='lat' dir='ltr'><strong>cha-</strong></span> 
     </span>
    </p>
   </div>
   <div class='ocr_carea' id='block_1_103' title="bbox 1958 4164 3514 4236">
    <p class='ocr_par' dir='ltr' id='par_1_103' title="bbox 1958 4164 3514 4236">
     <span class='ocr_line' id='line_1_103' title="bbox 1958 4164 3514 4236; baseline -0.001 -16"><span class='ocrx_word' id='word_1_756' title='bbox 1958 4168 2170 4221; x_wconf 89' lang='lat' dir='ltr'><strong>ritatem</strong></span> <span class='ocrx_word' id='word_1_757' title='bbox 2201 4181 2382 4220; x_wconf 90' lang='lat' dir='ltr'><strong>veram</strong></span> <span class='ocrx_word' id='word_1_758' title='bbox 2411 4166 2478 4220; x_wconf 91' lang='lat' dir='ltr'><strong>ad</strong></span> <span class='ocrx_word' id='word_1_759' title='bbox 2500 4179 2720 4236; x_wconf 86' lang='lat' dir='ltr'><strong>regnum</strong></span> <span class='ocrx_word' id='word_1_760' title='bbox 2748 4166 2937 4219; x_wconf 87' lang='lat' dir='ltr'><strong>invitat</strong></span> <span class='ocrx_word' id='word_1_761' title='bbox 2958 4164 3214 4231; x_wconf 91' lang='lat' dir='ltr'><strong>futurum,</strong></span> <span class='ocrx_word' id='word_1_762' title='bbox 3237 4167 3288 4219; x_wconf 93' lang='lat' dir='ltr'><strong>in</strong></span> <span class='ocrx_word' id='word_1_763' title='bbox 3312 4175 3514 4234; x_wconf 89' lang='lat' dir='ltr'><strong>septem</strong></span> 
     </span>
    </p>
   </div>
   <div class='ocr_carea' id='block_1_104' title="bbox 1930 4246 3514 4325">
    <p class='ocr_par' dir='ltr' id='par_1_104' title="bbox 1930 4246 3514 4325">
     <span class='ocr_line' id='line_1_104' title="bbox 1930 4246 3514 4325; baseline -0.005 -11"><span class='ocrx_word' id='word_1_764' title='bbox 1930 4311 1933 4315; x_wconf 87' lang='lat'><strong>.</strong></span> <span class='ocrx_word' id='word_1_765' title='bbox 1959 4257 2113 4311; x_wconf 91' lang='lat' dir='ltr'><strong>donis</strong></span> <span class='ocrx_word' id='word_1_766' title='bbox 2139 4256 2324 4325; x_wconf 66' lang='lat' dir='ltr'><strong>gratiae</strong></span> <span class='ocrx_word' id='word_1_767' title='bbox 2352 4246 2475 4310; x_wconf 55' lang='lat' dir='ltr'><strong>sua!</strong></span> <span class='ocrx_word' id='word_1_768' title='bbox 2504 4270 2758 4310; x_wconf 90' lang='lat' dir='ltr'><strong>ascensus</strong></span> <span class='ocrx_word' id='word_1_769' title='bbox 2805 4255 2858 4309; x_wconf 93' lang='lat' dir='ltr'><strong>in</strong></span> <span class='ocrx_word' id='word_1_770' title='bbox 2902 4246 3158 4309; x_wconf 74' lang='lat' dir='ltr'><strong>cordibus</strong></span> <span class='ocrx_word' id='word_1_771' title='bbox 3188 4256 3383 4313; x_wconf 77' lang='lat' dir='ltr'><strong>nostris</strong></span> <span class='ocrx_word' id='word_1_772' title='bbox 3415 4267 3514 4324; x_wconf 84' lang='lat' dir='ltr'><strong>po-</strong></span> 
     </span>
    </p>
   </div>
   <div class='ocr_carea' id='block_1_105' title="bbox 1959 4340 3519 4414">
    <p class='ocr_par' dir='ltr' id='par_1_105' title="bbox 1959 4340 3519 4414">
     <span class='ocr_line' id='line_1_105' title="bbox 1959 4340 3519 4414; baseline -0.002 -14"><span class='ocrx_word' id='word_1_773' title='bbox 1959 4347 2082 4408; x_wconf 86' lang='lat' dir='ltr'><strong>suit,</strong></span> <span class='ocrx_word' id='word_1_774' title='bbox 2114 4353 2174 4398; x_wconf 93' lang='lat' dir='ltr'><strong>ut</strong></span> <span class='ocrx_word' id='word_1_775' title='bbox 2198 4340 2588 4401; x_wconf 84' lang='lat' dir='ltr'><strong>demonstraret</strong></span> <span class='ocrx_word' id='word_1_776' title='bbox 2607 4359 2671 4398; x_wconf 88' lang='lat' dir='ltr'><strong>eo</strong></span> <span class='ocrx_word' id='word_1_777' title='bbox 2692 4345 2849 4397; x_wconf 86' lang='lat' dir='ltr'><strong>modo</strong></span> <span class='ocrx_word' id='word_1_778' title='bbox 2870 4344 2970 4397; x_wconf 90' lang='lat' dir='ltr'><strong>rite</strong></span> <span class='ocrx_word' id='word_1_779' title='bbox 2992 4358 3150 4411; x_wconf 91' lang='lat' dir='ltr'><strong>posse</strong></span> <span class='ocrx_word' id='word_1_780' title='bbox 3171 4358 3382 4414; x_wconf 92' lang='lat' dir='ltr'><strong>quoque</strong></span> <span class='ocrx_word' id='word_1_781' title='bbox 3402 4357 3519 4398; x_wconf 73' lang='lat' dir='ltr'><strong>cae-</strong></span> 
     </span>
    </p>
   </div>
   <div class='ocr_carea' id='block_1_106' title="bbox 1958 4428 3513 4506">
    <p class='ocr_par' dir='ltr' id='par_1_106' title="bbox 1958 4428 3513 4506">
     <span class='ocr_line' id='line_1_106' title="bbox 1958 4428 3513 4506; baseline -0.002 -17"><span class='ocrx_word' id='word_1_782' title='bbox 1958 4437 2066 4489; x_wconf 92' lang='lat' dir='ltr'><strong>lum</strong></span> <span class='ocrx_word' id='word_1_783' title='bbox 2087 4434 2375 4506; x_wconf 87' lang='lat' dir='ltr'><strong>ascendere</strong></span> <span class='ocrx_word' id='word_1_784' title='bbox 2406 4432 2605 4496; x_wconf 87' lang='lat' dir='ltr'><strong>fideles,</strong></span> <span class='ocrx_word' id='word_1_785' title='bbox 2635 4434 2680 4487; x_wconf 88' lang='lat' dir='ltr'><strong>si</strong></span> <span class='ocrx_word' id='word_1_786' title='bbox 2715 4428 2831 4501; x_wconf 87' lang='lat' dir='ltr'><strong>ejus</strong></span> <span class='ocrx_word' id='word_1_787' title='bbox 2872 4432 3055 4502; x_wconf 75' lang='lat' dir='ltr'><strong>gratia:</strong></span> <span class='ocrx_word' id='word_1_788' title='bbox 3085 4433 3369 4500; x_wconf 86' lang='lat' dir='ltr'><strong>participes</strong></span> <span class='ocrx_word' id='word_1_789' title='bbox 3398 4432 3513 4486; x_wconf 85' lang='lat' dir='ltr'><strong>fieri</strong></span> 
     </span>
    </p>
   </div>
   <div class='ocr_carea' id='block_1_107' title="bbox 1954 4522 3516 4596">
    <p class='ocr_par' dir='ltr' id='par_1_107' title="bbox 1954 4522 3516 4596">
     <span class='ocr_line' id='line_1_107' title="bbox 1954 4522 3516 4596; baseline -0.002 -16"><span class='ocrx_word' id='word_1_790' title='bbox 1954 4541 2062 4580; x_wconf 89' lang='lat' dir='ltr'><strong>non</strong></span> <span class='ocrx_word' id='word_1_791' title='bbox 2091 4526 2418 4596; x_wconf 82' lang='lat' dir='ltr'><strong>neglexerint</strong></span> <span class='ocrx_word' id='word_1_792' title='bbox 2447 4542 2461 4576; x_wconf 73' lang='grc' dir='ltr'><strong>ε</strong></span> <span class='ocrx_word' id='word_1_793' title='bbox 2491 4522 2711 4592; x_wconf 74' lang='lat' dir='ltr'><strong>etquod</strong></span> <span class='ocrx_word' id='word_1_794' title='bbox 2738 4539 2830 4578; x_wconf 92' lang='lat' dir='ltr'><strong>eos</strong></span> <span class='ocrx_word' id='word_1_795' title='bbox 2856 4532 3135 4592; x_wconf 83' lang='lat' dir='ltr'><strong>exspectet</strong></span> <span class='ocrx_word' id='word_1_796' title='bbox 3169 4538 3377 4577; x_wconf 87' lang='lat' dir='ltr'><strong>sursum</strong></span> <span class='ocrx_word' id='word_1_797' title='bbox 3410 4524 3516 4592; x_wconf 86' lang='lat' dir='ltr'><strong>glo-</strong></span> 
     </span>
    </p>
   </div>
   <div class='ocr_carea' id='block_1_108' title="bbox 1956 4605 3515 4681">
    <p class='ocr_par' dir='ltr' id='par_1_108' title="bbox 1956 4605 3515 4681">
     <span class='ocr_line' id='line_1_108' title="bbox 1956 4605 3515 4681; baseline 0.001 -15"><span class='ocrx_word' id='word_1_798' title='bbox 1956 4613 2035 4666; x_wconf 89' lang='lat' dir='ltr'><strong>ria</strong></span> <span class='ocrx_word' id='word_1_799' title='bbox 2060 4621 2113 4666; x_wconf 92' lang='lat' dir='ltr'><strong>et</strong></span> <span class='ocrx_word' id='word_1_800' title='bbox 2141 4627 2335 4667; x_wconf 89' lang='lat' dir='ltr'><strong>corona</strong></span> <span class='ocrx_word' id='word_1_801' title='bbox 2366 4611 2508 4666; x_wconf 90' lang='lat' dir='ltr'><strong>sedis</strong></span> <span class='ocrx_word' id='word_1_802' title='bbox 2531 4611 2704 4666; x_wconf 89' lang='lat' dir='ltr'><strong>lucida</strong></span> <span class='ocrx_word' id='word_1_803' title='bbox 2743 4611 2795 4664; x_wconf 91' lang='lat' dir='ltr'><strong>in</strong></span> <span class='ocrx_word' id='word_1_804' title='bbox 2840 4627 2965 4666; x_wconf 90' lang='lat' dir='ltr'><strong>arce</strong></span> <span class='ocrx_word' id='word_1_805' title='bbox 2989 4625 3236 4681; x_wconf 89' lang='lat' dir='ltr'><strong>superna,</strong></span> <span class='ocrx_word' id='word_1_806' title='bbox 3267 4623 3400 4680; x_wconf 85' lang='lat' dir='ltr'><strong>quos</strong></span> <span class='ocrx_word' id='word_1_807' title='bbox 3426 4605 3515 4667; x_wconf 87' lang='lat' dir='ltr'><strong>hic</strong></span> 
     </span>
    </p>
   </div>
   <div class='ocr_carea' id='block_1_109' title="bbox 1955 4700 3080 4755">
    <p class='ocr_par' dir='ltr' id='par_1_109' title="bbox 1955 4700 3080 4755">
     <span class='ocr_line' id='line_1_109' title="bbox 1955 4700 3080 4755; baseline -0.003 0"><span class='ocrx_word' id='word_1_808' title='bbox 1955 4700 2231 4755; x_wconf 88' lang='lat' dir='ltr'><strong>irradiavit</strong></span> <span class='ocrx_word' id='word_1_809' title='bbox 2258 4714 2378 4754; x_wconf 91' lang='lat' dir='ltr'><strong>cum</strong></span> <span class='ocrx_word' id='word_1_810' title='bbox 2404 4701 2602 4754; x_wconf 89' lang='lat' dir='ltr'><strong>virtute</strong></span> <span class='ocrx_word' id='word_1_811' title='bbox 2635 4701 2871 4755; x_wconf 88' lang='lat' dir='ltr'><strong>charitas</strong></span> <span class='ocrx_word' id='word_1_812' title='bbox 2895 4715 3043 4754; x_wconf 85' lang='lat' dir='ltr'><strong>vera.</strong></span> <span class='ocrx_word' id='word_1_813' title='bbox 3073 4739 3080 4746; x_wconf 84' lang='lat'><strong>.</strong></span> 
     </span>
    </p>
   </div>
   <div class='ocr_carea' id='block_1_110' title="bbox 2508 4810 2948 4867">
    <p class='ocr_par' dir='ltr' id='par_1_110' title="bbox 2508 4810 2948 4867">
     <span class='ocr_line' id='line_1_110' title="bbox 2508 4810 2948 4867; baseline -0.002 -2"><span class='ocrx_word' id='word_1_814' title='bbox 2508 4810 2733 4867; x_wconf 79' lang='lat' dir='ltr'><strong>CAPUT</strong></span> <span class='ocrx_word' id='word_1_815' title='bbox 2771 4811 2948 4866; x_wconf 72' lang='lat' dir='ltr'><strong>XVIII.</strong></span> 
     </span>
    </p>
   </div>
   <div class='ocr_carea' id='block_1_111' title="bbox 1958 4900 3512 5021">
    <p class='ocr_par' dir='ltr' id='par_1_111' title="bbox 1958 4900 3512 5021">
     <span class='ocr_line' id='line_1_111' title="bbox 1958 4900 3512 4983; baseline 0.001 -27"><span class='ocrx_word' id='word_1_816' title='bbox 1958 4902 2034 4956; x_wconf 82' lang='lat' dir='ltr'><strong>De</strong></span> <span class='ocrx_word' id='word_1_817' title='bbox 2059 4910 2237 4956; x_wconf 76' lang='lat' dir='ltr'><strong>octaua</strong></span> <span class='ocrx_word' id='word_1_818' title='bbox 2271 4900 2468 4954; x_wconf 78' lang='lat' dir='ltr'><strong>decima</strong></span> <span class='ocrx_word' id='word_1_819' title='bbox 2495 4903 2678 4983; x_wconf 67' lang='lat' dir='ltr'><strong>specie,</strong></span> <span class='ocrx_word' id='word_1_820' title='bbox 2702 4901 2791 4953; x_wconf 75' lang='lat' dir='ltr'><strong>ubi</strong></span> <span class='ocrx_word' id='word_1_821' title='bbox 2805 4902 3249 4971; x_wconf 73' lang='lat' dir='ltr'><strong>quadragenarius</strong></span> <span class='ocrx_word' id='word_1_822' title='bbox 3271 4916 3512 4958; x_wconf 69' lang='lat' dir='ltr'><strong>numerus</strong></span> 
     </span>
     <span class='ocr_line' id='line_1_112' title="bbox 1965 4979 2884 5021; baseline 0 0"><span class='ocrx_word' id='word_1_823' title='bbox 1965 5009 1970 5013; x_wconf 65' lang='grc' dir='ltr'>ς</span> <span class='ocrx_word' id='word_1_824' title='bbox 2569 4981 2766 5021; x_wconf 69' lang='lat' dir='ltr'><strong>omitus</strong></span> <span class='ocrx_word' id='word_1_825' title='bbox 2781 4979 2884 5021; x_wconf 77' lang='lat' dir='ltr'><strong>est.</strong></span> 
     </span>
    </p>
   </div>
   <div class='ocr_carea' id='block_1_112' title="bbox 1965 4981 2884 5039">
    <p class='ocr_par' dir='ltr' id='par_1_112' title="bbox 1965 4981 2884 5039">
     <span class='ocr_line' id='line_1_113' title="bbox 1965 4981 2884 5039; baseline -0.003 -13"><span class='ocrx_word' id='word_1_826' title='bbox 1965 5009 1970 5013; x_wconf 67' lang='grc' dir='ltr'>ς</span> <span class='ocrx_word' id='word_1_827' title='bbox 2568 4981 2766 5039; x_wconf 71' lang='lat' dir='ltr'><strong>pbstqu</strong></span> <span class='ocrx_word' id='word_1_828' title='bbox 2781 4981 2884 5023; x_wconf 76' lang='lat' dir='ltr'><strong>est.</strong></span> 
     </span>
    </p>
   </div>
   <div class='ocr_carea' id='block_1_113' title="bbox 2025 5061 3510 5130">
    <p class='ocr_par' dir='ltr' id='par_1_113' title="bbox 2025 5061 3510 5130">
     <span class='ocr_line' id='line_1_114' title="bbox 2025 5061 3510 5130; baseline 0.001 -15"><span class='ocrx_word' id='word_1_829' title='bbox 2025 5061 2244 5130; x_wconf 82' lang='lat' dir='ltr'><strong>Expone</strong></span> <span class='ocrx_word' id='word_1_830' title='bbox 2268 5061 2426 5116; x_wconf 86' lang='lat' dir='ltr'><strong>modo</strong></span> <span class='ocrx_word' id='word_1_831' title='bbox 2446 5061 2746 5117; x_wconf 42' lang='lat' dir='ltr'><strong>et‘laudans</strong></span> <span class='ocrx_word' id='word_1_832' title='bbox 2773 5061 2892 5116; x_wconf 89' lang='lat' dir='ltr'><strong>edic</strong></span> <span class='ocrx_word' id='word_1_833' title='bbox 2911 5101 2930 5126; x_wconf 66' lang='grc' dir='ltr'>τ</span> <span class='ocrx_word' id='word_1_834' title='bbox 2964 5076 2998 5116; x_wconf 92' lang='lat' dir='ltr'><strong>o</strong></span> <span class='ocrx_word' id='word_1_835' title='bbox 3026 5063 3211 5127; x_wconf 79' lang='lat' dir='ltr'><strong>homo;</strong></span> <span class='ocrx_word' id='word_1_836' title='bbox 3238 5070 3350 5116; x_wconf 88' lang='lat' dir='ltr'><strong>toto</strong></span> <span class='ocrx_word' id='word_1_837' title='bbox 3377 5062 3510 5117; x_wconf 66' lang='lat' dir='ltr'><strong>affe-</strong></span> 
     </span>
    </p>
   </div>
   <div class='ocr_carea' id='block_1_114' title="bbox 1959 5153 3512 5224">
    <p class='ocr_par' dir='ltr' id='par_1_114' title="bbox 1959 5153 3512 5224">
     <span class='ocr_line' id='line_1_115' title="bbox 1959 5153 3512 5224; baseline 0.001 -16"><span class='ocrx_word' id='word_1_838' title='bbox 1959 5163 2044 5208; x_wconf 90' lang='lat' dir='ltr'><strong>ctu</strong></span> <span class='ocrx_word' id='word_1_839' title='bbox 2067 5169 2262 5208; x_wconf 64' lang='lat' dir='ltr'><strong>anima</strong></span> <span class='ocrx_word' id='word_1_840' title='bbox 2283 5163 2338 5209; x_wconf 86' lang='lat' dir='ltr'><strong>et</strong></span> <span class='ocrx_word' id='word_1_841' title='bbox 2365 5153 2628 5218; x_wconf 83' lang='lat' dir='ltr'><strong>universis</strong></span> <span class='ocrx_word' id='word_1_842' title='bbox 2652 5154 2894 5209; x_wconf 88' lang='lat' dir='ltr'><strong>sensibus</strong></span> <span class='ocrx_word' id='word_1_843' title='bbox 2917 5155 3160 5222; x_wconf 85' lang='lat' dir='ltr'><strong>corporis</strong></span> <span class='ocrx_word' id='word_1_844' title='bbox 3183 5156 3512 5224; x_wconf 84' lang='lat' dir='ltr'><strong>triumphum</strong></span> 
     </span>
    </p>
   </div>
   <div class='ocr_carea' id='block_1_115' title="bbox 1959 5232 3514 5313">
    <p class='ocr_par' dir='ltr' id='par_1_115' title="bbox 1959 5232 3514 5313">
     <span class='ocr_line' id='line_1_116' title="bbox 1959 5232 3514 5313; baseline 0.002 -18"><span class='ocrx_word' id='word_1_845' title='bbox 1959 5243 2190 5296; x_wconf 89' lang='lat' dir='ltr'><strong>nobilem</strong></span> <span class='ocrx_word' id='word_1_846' title='bbox 2214 5243 2431 5298; x_wconf 90' lang='lat' dir='ltr'><strong>victoris</strong></span> <span class='ocrx_word' id='word_1_847' title='bbox 2455 5244 2658 5306; x_wconf 64' lang='lat' dir='ltr'><strong>interni,</strong></span> <span class='ocrx_word' id='word_1_848' title='bbox 2695 5232 2850 5312; x_wconf 87' lang='lat' dir='ltr'><strong>quem</strong></span> <span class='ocrx_word' id='word_1_849' title='bbox 2878 5242 3044 5313; x_wconf 86' lang='lat' dir='ltr'><strong>gloria</strong></span> <span class='ocrx_word' id='word_1_850' title='bbox 3075 5245 3362 5300; x_wconf 73' lang='lat' dir='ltr'><strong>Dominieze</strong></span> <span class='ocrx_word' id='word_1_851' title='bbox 3392 5261 3514 5299; x_wconf 84' lang='lat' dir='ltr'><strong>cru-</strong></span> 
     </span>
    </p>
   </div>
   <div class='ocr_carea' id='block_1_116' title="bbox 1958 5333 3509 5402">
    <p class='ocr_par' dir='ltr' id='par_1_116' title="bbox 1958 5333 3509 5402">
     <span class='ocr_line' id='line_1_117' title="bbox 1958 5333 3509 5402; baseline 0.001 -15"><span class='ocrx_word' id='word_1_852' title='bbox 1958 5335 2037 5387; x_wconf 91' lang='lat' dir='ltr'><strong>cis</strong></span> <span class='ocrx_word' id='word_1_853' title='bbox 2070 5336 2264 5402; x_wconf 85' lang='lat' dir='ltr'><strong>ubique</strong></span> <span class='ocrx_word' id='word_1_854' title='bbox 2305 5334 2522 5401; x_wconf 80' lang='lat' dir='ltr'><strong>expetit,</strong></span> <span class='ocrx_word' id='word_1_855' title='bbox 2547 5348 2704 5402; x_wconf 88' lang='lat' dir='ltr'><strong>super</strong></span> <span class='ocrx_word' id='word_1_856' title='bbox 2729 5333 2868 5386; x_wconf 88' lang='lat' dir='ltr'><strong>celsa</strong></span> <span class='ocrx_word' id='word_1_857' title='bbox 2898 5333 3150 5388; x_wconf 77' lang='lat' dir='ltr'><strong>eteiorum</strong></span> <span class='ocrx_word' id='word_1_858' title='bbox 3195 5334 3365 5387; x_wconf 88' lang='lat' dir='ltr'><strong>sidera</strong></span> <span class='ocrx_word' id='word_1_859' title='bbox 3391 5373 3407 5398; x_wconf 94' lang='lat'><strong>,</strong></span> <span class='ocrx_word' id='word_1_860' title='bbox 3453 5343 3509 5389; x_wconf 89' lang='lat' dir='ltr'><strong>et</strong></span> 
     </span>
    </p>
   </div>
   <div class='ocr_carea' id='block_1_117' title="bbox 1958 5421 3509 5489">
    <p class='ocr_par' dir='ltr' id='par_1_117' title="bbox 1958 5421 3509 5489">
     <span class='ocr_line' id='line_1_118' title="bbox 1958 5421 3509 5489; baseline 0.001 -14"><span class='ocrx_word' id='word_1_861' title='bbox 1958 5423 2145 5476; x_wconf 82' lang='lat' dir='ltr'><strong>subtus</strong></span> <span class='ocrx_word' id='word_1_862' title='bbox 2168 5422 2342 5489; x_wconf 86' lang='lat' dir='ltr'><strong>abyssi</strong></span> <span class='ocrx_word' id='word_1_863' title='bbox 2365 5421 2776 5489; x_wconf 88' lang='lat' dir='ltr'><strong>profundissima</strong></span> <span class='ocrx_word' id='word_1_864' title='bbox 2803 5431 3021 5484; x_wconf 88' lang='lat' dir='ltr'><strong>tartara,</strong></span> <span class='ocrx_word' id='word_1_865' title='bbox 3037 5423 3123 5475; x_wconf 87' lang='lat' dir='ltr'><strong>ubi</strong></span> <span class='ocrx_word' id='word_1_866' title='bbox 3147 5422 3276 5476; x_wconf 89' lang='lat' dir='ltr'><strong>lucis</strong></span> <span class='ocrx_word' id='word_1_867' title='bbox 3296 5431 3509 5477; x_wconf 66' lang='lat' dir='ltr'><strong>aeterm!</strong></span> 
     </span>
    </p>
   </div>
   <div class='ocr_carea' id='block_1_118' title="bbox 1957 5509 3511 5580">
    <p class='ocr_par' dir='ltr' id='par_1_118' title="bbox 1957 5509 3511 5580">
     <span class='ocr_line' id='line_1_119' title="bbox 1957 5509 3511 5580; baseline 0.001 -17"><span class='ocrx_word' id='word_1_868' title='bbox 1957 5519 2233 5580; x_wconf 88' lang='lat' dir='ltr'><strong>permanet</strong></span> <span class='ocrx_word' id='word_1_869' title='bbox 2265 5509 2468 5566; x_wconf 81' lang='lat' dir='ltr'><strong>candor</strong></span> <span class='ocrx_word' id='word_1_870' title='bbox 2497 5550 2510 5573; x_wconf 92' lang='lat'><strong>,</strong></span> <span class='ocrx_word' id='word_1_871' title='bbox 2559 5519 2614 5564; x_wconf 88' lang='lat' dir='ltr'><strong>et</strong></span> <span class='ocrx_word' id='word_1_872' title='bbox 2641 5511 2729 5564; x_wconf 91' lang='lat' dir='ltr'><strong>ubi</strong></span> <span class='ocrx_word' id='word_1_873' title='bbox 2760 5511 2931 5565; x_wconf 89' lang='lat' dir='ltr'><strong>noctis</strong></span> <span class='ocrx_word' id='word_1_874' title='bbox 2959 5519 3223 5580; x_wconf 68' lang='lat' dir='ltr'><strong>perpetua:</strong></span> <span class='ocrx_word' id='word_1_875' title='bbox 3259 5513 3511 5579; x_wconf 86' lang='lat' dir='ltr'><strong>perdurat</strong></span> 
     </span>
    </p>
   </div>
   <div class='ocr_carea' id='block_1_119' title="bbox 1959 5600 3515 5672">
    <p class='ocr_par' dir='ltr' id='par_1_119' title="bbox 1959 5600 3515 5672">
     <span class='ocr_line' id='line_1_120' title="bbox 1959 5600 3515 5672; baseline 0.001 -18"><span class='ocrx_word' id='word_1_876' title='bbox 1959 5601 2149 5655; x_wconf 86' lang='lat' dir='ltr'><strong>horror</strong></span> <span class='ocrx_word' id='word_1_877' title='bbox 2184 5619 2196 5652; x_wconf 90' lang='lat'><strong><em>:</em></strong></span> <span class='ocrx_word' id='word_1_878' title='bbox 2222 5616 2334 5656; x_wconf 78' lang='lat' dir='ltr'><strong>.nec</strong></span> <span class='ocrx_word' id='word_1_879' title='bbox 2361 5616 2463 5655; x_wconf 92' lang='lat' dir='ltr'><strong>non</strong></span> <span class='ocrx_word' id='word_1_880' title='bbox 2491 5610 2544 5654; x_wconf 88' lang='lat' dir='ltr'><strong>et</strong></span> <span class='ocrx_word' id='word_1_881' title='bbox 2575 5615 2667 5668; x_wconf 86' lang='lat' dir='ltr'><strong>per</strong></span> <span class='ocrx_word' id='word_1_882' title='bbox 2695 5609 2885 5656; x_wconf 88' lang='lat' dir='ltr'><strong>cuncta</strong></span> <span class='ocrx_word' id='word_1_883' title='bbox 2919 5609 3179 5664; x_wconf 77' lang='lat' dir='ltr'><strong>terrarum</strong></span> <span class='ocrx_word' id='word_1_884' title='bbox 3206 5603 3395 5672; x_wconf 83' lang='lat' dir='ltr'><strong>spatia,</strong></span> <span class='ocrx_word' id='word_1_885' title='bbox 3422 5600 3515 5656; x_wconf 76' lang='lat' dir='ltr'><strong>ubi</strong></span> 
     </span>
    </p>
   </div>
  </div>
