3958 6342
554 251 750 311 ἳ83’

1182 255 1241 306 B.
1280 248 1526 306 RABA‘NI
1568 239 1780 302 MAURI
1821 217 2135 297 meumr.
2179 236 2483 298 nonum.
2519 208 2809 302 omnem
2848 247 3023 318 rans
3059 248 3096 301 ι.

3660 247 3761 306 185

552 385 654 422 nox
677 369 891 435 dieSque
929 367 1039 420 suis
1074 361 1364 420 inconfusis
1411 364 1674 418 alternant
1716 359 1941 416 vicibus.
1968 370 2097 424 quo-
2125 359 2174 414 A
2199 334 2528 423 (egritudinis
2554 369 2744 415 vestra:
2782 377 2849 415 ne
2871 376 2964 415 vos
2992 363 3186 429 pudeat
3229 363 3304 417 illi
3335 351 3609 420 molestias
3639 380 3765 420 cou-

550 454 718 530 usque
747 459 924 513 mundi
950 459 1197 513 adveniat
1243 458 1516 512 terminus.
1550 454 1660 507 Hoc
1701 465 1891 504 sensus
1939 448 2101 502 animi

548 550 766 616 cogitet,
797 549 897 602 hoc
921 553 1105 619 guttdr
1137 559 1267 600 Voce
1301 552 1547 608 resonet,
1592 539 1694 594 hoc
1722 539 1898 608 lingua
1927 537 1979 590 in
2009 553 2102 605 pa-

550 638 656 691 lato
685 643 991 706 concrepet,
1018 637 1120 690 hoc
1163 647 1348 687 manus
1375 631 1566 690 litteris
1589 629 1809 691 scribat,
1833 628 1934 680 hoc
1958 625 2100 679 labia

547 726 726 780 verbis
753 727 1070 794 exprimant,
1101 724 1201 776 hoc
1229 721 1342 788 ipsa
1377 719 1543 788 figura
1575 717 1798 782 metrico
1818 730 1977 784 opere
2003 715 2099 769 de-

547 815 746 882 pictam
779 822 958 867 notet:
995 826 1110 878 quae
1143 808 1267 862 licet
1294 807 1595 870 difliculter,
1627 812 1803 859 tamen
1831 805 2103 858 ordinabi-

549 902 687 955 liter
713 917 808 970 per
843 897 1320 969 quadragenarium
1354 896 1407 949 in
1455 900 1684 965 quatuor
1712 895 1938 948 decades
1969 894 2102 948 divi-

549 1008 664 1047 smn
695 1003 745 1046 et
766 988 1152 1057 exemplatum,
1202 987 1344 1042 clara
1387 995 1585 1043 sanctae
1609 983 1786 1038 crucis
1835 985 2100 1066 p’rzeconia

547 1082 759 1153 promit,
787 1085 875 1152 qui
900 1092 1151 1136 numerus
1183 1082 1370 1151 plenus"
1410 1082 1664 1151 mysterio
1699 1069 2019 1141 venerabili,
2047 1086 2102 1132 et

546 1190 774 1242 superno
827 1189 1047 1228 serenus
1090 1163 1287 1226 lumine
1312 1213 1329 1235 ,
1366 1156 1506 1226 inter
1536 1179 1725 1226 cmtera
1766 1177 2100 1224 sacramenta

546 1261 948 1331 significationis
977 1273 1086 1315 suae
1135 1260 1415 1330 pmsentis
1465 1260 1729 1330 temporis.
1757 1266 1930 1330 gestat
1974 1257 2102 1327 ligus

548 1367 693 1414 ram;
725 1366 830 1419 quo
849 1359 1033 1404 sancta
1062 1343 1298 1422 Ecclesia
1324 1348 1421 1403 sub
1447 1349 1660 1404 Christo
1681 1350 1942 1419 principe,
1965 1361 2096 1404 con-

545 1452 626 1496 tra
649 1441 953 1512 spirituales
983 1441 1256 1512 nequitias,
1286 1449 1340 1494 et
1363 1448 1548 1494 contra
1577 1447 1844 1494 amatores
1878 1440 2096 1505 mundi,

543 1538 700 1592 scuto
716 1535 834 1589 fidei
867 1542 922 1590 et
966 1534 1127 1589 lorica
1151 1531 1394 1603 justitiaz,
1432 1532 1583 1602 galea
1619 1531 1806 1586 salutis
1843 1539 1897 1584 et
1924 1531 2099 1600 gladio

545 1626 774 1700 Spiritus
799 1626 922 1693 (hoc
947 1633 1052 1690 est,
1085 1624 1247 1678 verbo
1273 1622 1391 1694 Dei)
1418 1621 1625 1676 fortiter
1651 1631 1706 1677 et
1732 1623 2100 1692 inseparabili-

2203 447 2374 513 queri.
2405 448 2575 503 Verus
2599 461 2779 506 vester
2822 452 3060 506 medicus
3097 463 3177 507 est
3209 453 3337 517 iste,
3388 472 3549 525 quem
3577 470 3763 512 sancta

2200 551 2330 589 crux
2388 537 2440 589 in
2496 539 2678 606 patulo
2728 540 2957 607 gestavit
3008 541 3474 612 stipitezipseque
3519 546 3764 600 manibus

2201 626 2310 678 suis
2338 628 2587 694 expansis
2630 628 2696 681 ad
2736 628 2993 684 medelam
3018 645 3112 684 vos
3149 631 3355 696 invitat,
3384 633 3473 702 qui
3497 634 3646 688 vobis
3672 650 3762 687 sa-

2201 715 2422 768 nitatem
2451 717 2895 786 integram'citius
2939 728 3171 787 praestat.
3203 721 3420 775 Pandite
3462 721 3538 792 illi
3570 723 3763 778 vulnus

2201 807 2427 880 mentis,
2445 816 2499 860 et
2531 808 2582 861 in
2612 807 2790 862 ulcere
2814 811 3051 878 corporis
3074 812 3218 864 virus
3245 811 3417 866 latens
3445 813 3611 867 nolite
3632 813 3763 868 sbs-

2201 900 2458 978 condere;
2490 901 2694 969 poscite
2724 902 2983 974 medelam
3023 904 3198 958 cordis
3228 904 3529 967 devotione,
3569 913 3623 956 et
3646 904 3763 973 pul-

2200 1000 2314 1045 sate
2335 991 2598 1045 medicum
2626 993 2678 1045 in
2700 987 2968 1046 bonorum
2984 996 3205 1062 operum
3227 995 3565 1048 strenuitate.
3592 994 3764 1062 Ipsius

2199 1096 2324 1150 ergo
2352 1097 2538 1135 manus
2572 1081 2844 1137 salutifera
2881 1095 2986 1137 non
3018 1082 3072 1137 ln
3097 1081 3351 1141 dilatione
3377 1084 3638 1152 temporis
3666 1095 3765 1137 no-

2199 1173 2274 1226 vit
2300 1167 2539 1235 tardare,
2597 1175 2688 1230 sed
2722 1176 2776 1230 in
2805 1174 3080 1231 velocitate
3126 1177 3379 1232 momenti
3427 1177 3617 1231 idonea
3643 1185 3761 1238 est,

2198 1263 2480 1326 sanitatem
2509 1275 2762 1333 praestare
2802 1255 3083 1330 omnibus,
3133 1268 3223 1336 qui
3281 1267 3571 1322 salubriter
3613 1277 3760 1321 metu

2199 1360 2531 1426 compuncti,
2575 1366 2629 1411 et
2651 1359 3099 1421 cumreverentia
3143 1360 3211 1413 ab
3251 1359 3365 1429 ipso
3393 1374 3524 1412 vero
3551 1359 3763 1412 medico

2199 1449 2375 1506 Curari
2405 1457 2678 1520 appetunt,
2702 1449 2786 1502 cui
2809 1456 3015 1503 summa
3041 1458 3123 1503 est
3153 1451 3321 1503 virtus
3341 1449 3409 1504 ad
3429 1448 3762 1502 curationem

2199 1537 2596 1606 perficiendam,
2621 1547 2674 1593 et
2718 1539 2929 1608 sapiens
2952 1531 3229 1592 consilium
3275 1538 3339 1592 ad
3365 1536 3589 1592 salutem
3615 1551 3761 1605 prae-

2199 1627 2475 1692 standam;
2507 1627 2599 1695 qui
2627 1627 2694 1684 de
2735 1627 2979 1694 supernis
3017 1611 3070 1680 et
3105 1626 3373 1695 perpetuis
3403 1618 3470 1679 a'd
3501 1623 3686 1678 infima
3709 1629 3765 1678 et

545 1689 628 1771 ιέι·
652 1689 942 1786 praebetur.
973 1689 1326 1769 ειίοοηηάθηθ
1359 1689 1442 1788 illi
1470 1713 1611 1782 regis
1636 1689 1895 1781 Ροιεῐηὶέ,
1933 1713 2101 1765 Viri!“
2128 1689 2173 1747 Β
2204 1689 2512 1784 temporalia
2525 1689 2830 1782 descendit,
2863 1723 2919 1769 ut
2963 1689 3138 1769 rerum
3177 1689 3423 1770 naturam
3453 1714 3593 1784 (qua:
3638 1730 3762 1768 cor-

546 1807 720 1874 tisquc
753 1803 867 1872 ejus
895 1802 1129 1863 conscia,
1166 1801 1344 1858 omnia
1375 1802 1480 1854 tela
1504 1801 1692 1854 hostis
1720 1802 1927 1869 antiqui
1961 1800 2102 1854 fran-

541 1898 618 1965 git
650 1913 712 1950 ac
742 1903 1041 1964 prosternit
1060 1895 1242 1961 ignita.
1271 1892 1474 1948 Vexillo
1496 1892 1694 1961 quippe
1715 1892 1913 1956 crucis,
1939 1906 2100 1960 quam

543 1990 595 2042 in
627 1988 800 2052 fronte
845 1987 1104 2054 signatam
1137 1984 1256 2052 ipsa
1279 1983 1469 2065 victrix
1499 1982 1725 2051 gloriose
1760 1991 1955 2052 gestat,
1978 1998 2099 2061 par-

544 2080 609 2133 tis
637 2079 872 2146 adversa:
893 2074 1169 2130 confundit
1195 2073 1458 2138 frontem,
1510 2081 1671 2140 atque
1703 2086 1900 2148 szevam
1924 2071 2100 2126 inimi-

541 2184 723 2223 corum
749 2159 923 2223 subito
945 2165 1226 2236 pcrtusbat
1247 2165 1435 2221 aciem.
1465 2164 1606 2234 Ergo
1647 2165 1700 2218 in
1731 2173 1915 2218 sancta
1941 2157 2100 2219 cruce
2159 2217 2163 2223 .

539 2257 788 2314 Salvator
802 2267 983 2312 noster
996 2255 1273 2324 antiquum
1289 2254 1492 2309 hostem
1508 2253 1729 2323 vicerat,
1739 2260 1796 2320 et
1811 2253 1861 2306 in
1879 2269 2099 2308 numero

538 2349 655 2417 ejus
680 2350 860 2416 figura:
896 2347 994 2400 rite
1024 2353 1078 2399 et
1119 2353 1240 2414 apte
1269 2333 1598 2398 convenienti
1621 2383 1636 2407 ,
1677 2343 2098 2410 quadragenario

539 2440 805 2502 videlicet,
824 2452 1032 2505 sacrum
1054 2434 1396 2504 jejunium‘in
1419 2433 1628 2490 deserto
1647 2433 2016 2501 protendebat,
2042 2441 2099 2485 ut

540 2542 808 2602 raptorem
829 2527 1370 2583 fraudulentissimum
1392 2527 1540 2595 prius
1557 2533 1869 2589 mutantem,
1889 2540 1985 2594 per
2007 2540 2100 2594 pa-

533 2621 786 2677 tientiam
808 2631 861 2675 et
904 2619 1259 2674 humilitatem
1304 2619 1578 2682 vinceret;
1610 2632 1675 2670 ac
1713 2617 1903 2672 deinde
1929 2616 1982 2670 in
2011 2632 2098 2670 ne-

507 2773 509 2775 ,
539 2714 705 2782 quitia
733 2728 826 2766 sua
857 2710 1228 2780 persistentem
1277 2723 1341 2763 ac
1369 2709 1746 2779 per-durantem
1777 2745 1792 2770 ,
1849 2706 1962 2774 ipse
1987 2722 2100 2761 mo~

542 2807 684 2858 riens
709 2811 905 2855 aeterna
935 2808 1110 2877 morte
1144 2800 1288 2869 justo
1315 2799 1613 2851 damnaret.
1647 2794 1796 2850 Sicut
1817 2797 1959 2849 enim
1989 2808 2102 2850 ser-
2133 2843 2137 2846 ,

538 2903 670 2962 pons
702 2893 788 2946 ille
812 2892 1046 2945 lubricus
1071 2898 1123 2944 et
1162 2888 1382 2943 callidus
1428 2888 1697 2942 hominem
1747 2889 1976 2957 primum
2003 2903 2100 2956 per

540 2981 736 3050 gulam,
767 2980 1044 3032 avaritiam
1082 2987 1135 3031 et
1159 2991 1346 3030 vanam
1383 2976 1604 3064 gloriam
1630 2977 1696 3030 ad
1733 2975 1938 3063 facinus
1983 2977 2097 3030 ille-
2123 3016 2168 3075 Ο

538 3072 638 3133 xit,
687 3079 738 3124 et
772 3071 841 3122 ita
873 3085 991 3122 eum
1040 3069 1196 3123 morti
1227 3051 1514 3123 obnoxium
1572 3068 1829 3133 reddidit,
1877 3061 1956 3123 sic
1983 3076 2037 3122 et
2065 3085 2096 3123 e

541 3160 810 3214 contrario
837 3158 1260 3226 competentibus
1285 3159 1708 3224 meditamentis,
1737 3152 1984 3214 Salvator
2009 3176 2097 3214 no-

540 3260 652 3303 ster
688 3265 783 3318 per
812 3248 1212 3311 abstinentiam,
1233 3248 1612 3317 benignitatem
1647 3255 1807 3315 atque
1828 3248 2098 3302 humilita-

541 3349 646 3391 tem
701 3339 987 3390 humanum
1029 3352 1195 3406 genus
1245 3338 1310 3389 ad
1342 3337 1500 3390 vitam
1527 3338 1734 3390 erexit:
1770 3338 1941 3406 ipsum
1966 3353 2100 3407 quos

539 3443 646 3497 que
671 3437 940 3481 auctorem
969 3427 1174 3490 mortis,
1203 3427 1419 3485 aeternis
1445 3427 1772 3481 cruciatibus
1795 3443 1942 3482 reum
1965 3469 1979 3493 ,
2020 3429 2098 3482 vi-

541 3527 660 3569 ctor
694 3523 897 3572 tartaro
923 3513 1162 3580 subjecit.
1198 3515 1396 3568 Christi
1445 3529 1654 3582 quoque
1696 3529 1870 3584 pugna
1915 3527 2098 3570 nostra

540 3607 766 3661 victoria
791 3615 893 3670 est,
913 3603 1132 3672 ejusque
1161 3605 1460 3674 triumphus
1496 3614 1677 3660 nostra
1715 3607 1858 3660 salus
1879 3617 1980 3672 est,
2007 3610 2098 3679 qui

541 3696 692 3750 sedet
739 3697 789 3750 in
844 3697 1100 3749 caelorum
1169 3707 1297 3748 arce
1339 3704 1395 3749 et
1442 3695 1699 3765 prospicit
1749 3696 1802 3750 in
1849 3696 2099 3752 inferiora

545 3793 720 3838 terra).
744 3784 991 3852 Cruane
1018 3786 1131 3854 ejus
1156 3785 1268 3853 ipsa
1293 3793 1375 3839 est
1400 3786 1562 3839 totius
1581 3787 1728 3840 orbis
1750 3788 1950 3850 honor;
1985 3787 2098 3856 ipsa

542 3879 710 3930 totum
763 3883 1025 3927 sustentat
1067 3875 1318 3928 mundum
1345 3914 1358 3938 ,
1415 3876 1633 3944 ipsaque
1677 3876 1807 3929 mihi
1858 3877 2099 3930 carmine

540 3978 752 4034 semper
776 3974 828 4017 et
855 3978 1033 4018 amore
1070 3965 1387 4019 venerabilis
1431 3976 1778 4034 permaneat:
1810 3980 2020 4034 semper
2045 3966 2098 4019 in

540 4069 635 4111 ore
664 4069 783 4108 meo
813 4054 926 4108 laus
952 4062 1005 4107 et
1032 4055 1316 4110 exsultatio
1339 4057 1392 4110 in
1421 4057 1581 4111 corde
1613 4066 1887 4126 perpetua.

1115 4161 1339 4216 CAPUT
1376 4164 1515 4216 XIX.

541 4247 638 4308 ὀε
654 4254 822 4320 [arma
849 4268 985 4306 nona
1020 4240 1218 4306 decima
1244 4291 1256 4314 ,
1279 4251 1857 4372 _ubitquinquagenarii
1897 4261 2094 4311 nummi

1187 4330 1320 4372 ratio
1351 4336 1403 4372 es
1431 4358 1446 4372 .

1187 4330 1320 4372 ratio
1351 4330 1446 4372 est.

611 4412 880 4466 Attendite
903 4409 1071 4463 oculis
1095 4418 1148 4462 et
1170 4410 1342 4464 videte
1371 4409 1567 4475 mente,
1599 4412 1776 4476 audite
1794 4412 2012 4472 auribus
2040 4423 2095 4468 et

537 4501 798 4570 percipite
821 4501 1012 4561 corde,
1055 4513 1087 4550 ο
1123 4513 1306 4552 omnes
1336 4499 1516 4552 fideles
1541 4501 1592 4551 in
1642 4501 1836 4568 quibus
1862 4503 2095 4555 charitas

537 4596 739 4650 Christi
769 4605 822 4650 et
844 4611 994 4648 amor
1018 4595 1291 4663 sapientiae
1319 4594 1504 4658 fervet,
1533 4596 1722 4664 quibus
1748 4613 1892 4650 curm
1918 4606 2000 4651 est
2029 4599 2094 4652 ad

501 4761 516 4774 .
540 4693 715 4747 lucem
749 4702 1000 4746 aaternam
1037 4693 1317 4760 pervenire
1364 4701 1419 4744 et
1458 4693 1905 4760 incorruptionem
1936 4703 2094 4763 atque

539 4785 993 4839 immortalitatem
1024 4785 1137 4838 sine
1166 4784 1269 4836 fine
1317 4785 1606 4851 percipere.
1662 4784 1891 4839 Laudem
1923 4787 2098 4840 crucis

544 4877 742 4931 Christi
775 4877 1006 4930 carmine
1039 4877 1311 4946 deprome“.
1346 4877 1440 4929 Hic
1466 4876 1655 4930 summi
1680 4879 1883 4946 opificis
1928 4879 2096 4948 virtus

538 4966 860 5026 ostenditur,
891 4976 944 5020 et
978 4966 1116 5018 beati
1138 4967 1313 5035 operis
1339 4968 1497 5020 decor
1519 4963 1834 5034 ‘exprimitur
1862 4970 2096 5037 artisque

544 5055 711 5122 ipsius
736 5054 979 5109 nobilitas
999 5055 1314 5109 declaratur.
1330 5057 1518 5110 Vester
1532 5056 1699 5110 honor
1715 5057 1884 5110 honor
1896 5066 2095 5112 estnon

540 5147 794 5209 caducus,
813 5146 902 5200 sed
922 5147 1210 5199 secundum
1241 5145 1618 5215 redemptionis
1645 5148 1888 5201 ordinem
1921 5157 2097 5202 manet

540 5246 862 5306 perpetuus;
888 5235 1204 5298 immortalis
1222 5244 1303 5289 est
1325 5245 1494 5288 vestra
1517 5236 1570 5289 in
1592 5237 1742 5289 cmlis
1761 5236 1952 5304 palma,
1969 5237 2090 5304 quia

541 5328 792 5381 Christus
823 5326 934 5394 ipse
951 5307 1112 5378 \vobis
1155 5336 1236 5378 est
1284 5326 1502 5379 victoria
1535 5366 1548 5390 ,
1592 5328 1680 5394 qui
1723 5326 1866 5380 salus
1910 5337 2090 5380 nostra

541 5416 804 5469 Veraciter
827 5415 1080 5475 existens,
1109 5413 1393 5466 vindictam
1433 5415 1483 5466 in
1521 5414 1726 5468 hostem
1749 5416 1970 5469 detorsit
1993 5431 2090 5468 an-

540 5503 766 5569 tiquum,
791 5517 845 5557 et
880 5505 930 5557 in
952 5517 1110 5557 cruce
1131 5503 1414 5571 degustans
1441 5512 1687 5566 mortem,
1711 5505 1879 5571 ipsum
1907 5504 2092 5558 mortis

539 5590 1182 5648 dcvicitauctorcm.lluc
1222 5605 1406 5646 omnes
1453 5591 1724 5644 convenite
1769 5591 1982 5657 'a'groti,
2039 5603 2093 5644 et

2200 1814 2354 1873 rupta
2377 1805 2476 1874 est)
2507 1805 2685 1859 divina
2709 1806 3099 1874 dispensatione
3129 1803 3476 1874 reintegraret
3498 1838 3514 1869 ,
3563 1813 3765 1858 metus.

2198 1909 2299 1962 que
2327 1894 2513 1949 mortis
2543 1894 2734 1958 abiret,
2772 1902 2825 1948 et
2871 1895 3024 1963 signa
3069 1894 3409 1948 beatitudinis
3441 1911 3537 1964 per
3566 1896 3766 1949 charis-

2197 1992 2342 2036 mata
2393 1983 2570 2038 divina
2607 1998 2819 2037 rursum
2869 1984 2921 2036 in
2979 1984 3191 2037 homine
3237 1985 3757 2048 demonstrarentur.

2198 2071 2484 2127 Numerum
2496 2081 2623 2140 ergo
2635 2065 3146 2141 quinquagenarius!)
3161 2072 3452 2126 salutarem
3469 2071 3627 2126 nobis
3648 2085 3763 2125 esse

2195 2168 2395 2214 sanctae
2445 2159 2621 2213 crucis
2658 2160 2866 2228 species
2893 2159 2947 2212 in
2977 2160 3232 2216 cornibus
3267 2161 3379 2216 suis
3434 2159 3763 2230 descriptum

2197 2250 2570 2304 venerabiliter
2596 2257 2761 2314 notat,
2778 2257 2830 2304 et
2851 2250 3198 2304 sacramentis
3219 2249 3526 2305 cmlestibus
3546 2251 3761 2319 plenum

2197 2351 2316 2393 esse
2349 2339 2450 2392 rite
2476 2339 2740 2408 designat.
2786 2338 2846 2392 In
2876 2339 2964 2393 illo
2985 2340 3126 2392 enim
3152 2341 3261 2393 veri
3293 2340 3492 2409 jubilazi
3517 2379 3533 2404 ,
3595 2340 3650 2393 id
3681 2349 3763 2396 est

2197 2432 2364 2500 plenas
2400 2433 2750 2498 remissionis,
2775 2435 2967 2489 notitia
3009 2435 3194 2495 datur,
3230 2436 3280 2488 in
3321 2435 3409 2490 illo
3438 2435 3644 2489 sabbati
3681 2451 3765 2487 re-

2197 2523 2351 2590 quies
2376 2523 2476 2577 rite
2510 2524 2831 2601 celebratur.
2863 2525 2953 2579 ille
3000 2525 3130 2594 legis
3173 2525 3366 2579 veteris
3394 2525 3608 2578 datione
3634 2523 3765 2577 insi-

2199 2613 2315 2682 gnis
2340 2621 2443 2678 est,
2473 2622 2526 2672 et
2547 2614 2599 2668 in
2630 2615 2858 2668 adventu
2891 2614 3120 2685 Spiritus
3143 2616 3398 2684 paracleti
3434 2631 3596 2685 super
3625 2631 3762 2684 apo-

2199 2704 2363 2758 stolos
2391 2704 2676 2773 insignior;
2718 2703 2805 2757 ille
2847 2706 2993 2774 pacis
3018 2713 3296 2762 auctorem
3318 2706 3528 2759 venisse
3560 2705 3761 2772 prodit,

2199 2804 2251 2848 et
2295 2796 2440 2864 pacis
2494 2779 2822 2866 signacdlum
2870 2795 3103 2865 perfecta
3142 2795 3570 2851 reconciliatione
3616 2796 3765 2848 inter

2200 2887 2364 2939 Deum
2389 2897 2444 2939 et
2476 2886 2719 2941 homines
2742 2901 2835 2955 per
2863 2886 3094 2955 Spiritus
3129 2887 3299 2940 sancti
3331 2887 3553 2955 gratiam
3580 2893 3768 2939 ostena-

2199 2976 2294 3030 dit.
2324 2975 2436 3043 Ipse
2468 2976 2784 3030 venerabilis
2811 2977 2862 3030 in
2889 2977 3086 3045 specie,
3134 2976 3362 3030 salubris
3390 2976 3442 3029 in
3489 2975 3677 3044 ﬁgura,
3711 2982 3768 3028 et

2171 3065 2463 3134 perfectus
2483 3074 2565 3119 est
2590 3065 2640 3118 in
2669 3075 3119 3121 sacramentorum
3165 3065 3376 3120 decore.
3427 3061 3558 3119 Nam
3584 3062 3627 3118 Χ
3668 3065 3764 3121 lit-

2201 3168 2320 3213 tera
2349 3159 2529 3226 ﬁgura:
2573 3167 2773 3212 Sancta:
2810 3149 2984 3213 crucis
3022 3159 3293 3228 aptissima
3321 3168 3433 3223 ,ει
3481 3159 3766 3213 denarium

2198 3263 2476 3302 numerum
2519 3249 2822 3318 designans,
2849 3263 2946 3316 per
2981 3249 3084 3303 duo
3117 3250 3230 3302 loca
3267 3250 3438 3319 posita
3469 3251 3532 3302 ad
3571 3265 3765 3304 exem-

2195 3337 2312 3406 plar
2334 3346 2530 3392 sanctae
2558 3332 2767 3405 crucis,
2785 3340 3017 3406 quinque
3046 3338 3208 3392 libros
3236 3339 3375 3409 legis
3418 3355 3539 3392 cuin
3567 3340 3763 3393 decem

2195 3428 2476 3496 praeceptis
2497 3427 2781 3496 significat,
2811 3428 2931 3496 quia
2955 3430 3093 3496 quod
3119 3428 3198 3481 lex
3229 3435 3383 3481 vetus
3412 3441 3509 3496 per
3530 3426 3764 3496 ﬁguram

2197 3527 2250 3571 et
2279 3518 2522 3573 umbram
2549 3518 2936 3586 quodammodo
2963 3515 3232 3586 depinxit,
3276 3518 3376 3572 hoc
3407 3526 3575 3571 totum
3600 3516 3767 3571 Chris

2195 3617 2313 3662 stus
2337 3618 2433 3677 per
2456 3621 2670 3662 crucem
2699 3609 2753 3662 in
2781 3607 2928 3661 Novo
2957 3607 3298 3662 Testamento
3341 3608 3632 3662 secundum
3661 3623 3763 3662 ve-

2198 3699 2409 3753 ritatem
2440 3699 2697 3767 implevit.
2729 3697 2919 3753 Omnia
2944 3699 3134 3768 quippe
3159 3706 3356 3752 sanctae
3381 3698 3526 3752 cruci
3561 3698 3766 3752 decen-

2199 3788 2406 3842 tissime
2432 3788 2773 3852 conveniunt,
2819 3796 2875 3842 et
2901 3788 3180 3842 character
3205 3787 3394 3841 littera
3417 3795 3472 3841 et
3502 3800 3766 3840 numerus

2200 3878 2253 3930 in
2292 3861 2360 3931 ea.
2379 3878 2682 3942 denotatus,
2719 3877 3186 3946 legis'mysterium
3212 3887 3266 3931 et
3290 3877 3544 3944 temporis
3573 3891 3765 3930 sacras

2200 3977 2469 4031 mentum,
2529 3966 2831 4035 factumque
2877 3967 2929 4020 in
2959 3967 3060 4021 hoc
3105 3962 3767 4034 iaudabiliterfperpetra-

2200 4064 2343 4120 tum;
2379 4056 2603 4125 ideoque
2627 4065 2835 4125 oportet
2856 4065 2914 4110 ut
2941 4071 3124 4118 omnes
3149 4062 3389 4109 sanctam
3408 4067 3621 4109 crucem
3644 4053 3766 4108 ian-

2200 4149 2385 4202 demus
2413 4150 2610 4218 pariter
2635 4159 2878 4212 ovantes,
2907 4137 3267 4215 crucifixoqiue
3312 4147 3424 4214 regi
3464 4143 3766 4198 incessabis

2199 4240 2323 4292 liter
2346 4240 2545 4306 gratias
2571 4252 2809 4306 agamus,
2838 4237 2927 4306 qui
2971 4236 3225 4305 sanguine
3268 4233 3483 4304 proprio
3509 4233 3762 4288 universa

2121 4363 2174 4422 Β
2202 4330 2400 4383 laxavit
2432 4329 2609 4384 debita
2635 4329 2848 4382 mundo.

2788 4417 3009 4472 CAPUT
3050 4416 3162 4470 XX.

2198 4507 2274 4560 De
2297 4507 2533 4561 vicesima
2563 4499 2748 4572 Iorma,
2782 4506 2869 4559 ubi
2901 4505 3222 4558 centenarias
3260 4513 3308 4557 et
3332 4503 3625 4556 tricenarius
3655 4519 3760 4555 ηει-

2708 4591 2877 4627 merus
2911 4575 3103 4627 inditus
3137 4583 3230 4626 est.

2271 4686 2404 4738 Ecce
2437 4685 2708 4753 sanguinis
2731 4683 2925 4737 Christi
2975 4684 3058 4753 pia
3098 4682 3316 4745 effusio,
3370 4691 3424 4734 et
3447 4682 3588 4735 unda
3631 4682 3716 4734 illa
3743 4723 3760 4744 ,

2200 4791 2316 4844 quae
2346 4777 2460 4844 ipso
2493 4777 2791 4829 dormiente
2817 4776 2867 4828 in
2901 4787 3057 4830 cruce
3086 4778 3150 4829 de
3179 4775 3345 4829 latere
3383 4775 3500 4841 ejus
3529 4790 3761 4828 emana-

2202 4871 2298 4931 vit,
2325 4867 2542 4920 mundat
2568 4882 2665 4920 nos
2709 4881 2740 4918 a
2789 4866 3032 4919 sordibus
3058 4867 3282 4928 cunctis,
3313 4865 3436 4932 quia
3486 4865 3599 4932 ipse
3644 4864 3760 4916 Re-

2201 4959 2444 5024 demptor
2477 4964 2644 5007 morte
2671 4969 2763 5006 sua
2790 4955 2944 5008 noxia
2975 4963 3160 5007 cuncta
3196 4968 3224 5004 a
3258 4952 3410 5006 nobis
3433 4951 3584 5013 tulit,
3628 4964 3760 5004 cum

2202 5041 2349 5098 labes
2389 5052 2722 5111 peccatorum
2759 5050 3057 5094 nostmrum
3085 5039 3345 5108 dempsit,
3393 5047 3447 5093 et
3483 5039 3761 5106 chirogra~

2201 5136 2360 5203 phum
2375 5134 2644 5202 quoderat
2659 5131 2810 5184 nobis
2826 5131 3148 5185 contrarium
3165 5146 3260 5198 per
3272 5130 3572 5198 passionem
3596 5142 3754 5181 suam

2199 5224 2411 5278 delevit.
2449 5220 2734 5275 Laudabile
2764 5221 2954 5288 quippe
2975 5219 3165 5287 dogma
3191 5215 3458 5286 Evangelii
3485 5215 3752 5276 condidit,

2198 5316 2336 5385 quod
2355 5323 2689 5383 peccatorum
2705 5312 2950 5366 tenebras
2975 5310 3161 5379 fugans
3181 5324 3337 5364 omne
3359 5309 3567 5363 facinus
3580 5315 3752 5372 vetat,

2199 5408 2564 5472 idolorumque
2598 5404 2836 5457 culturas
2866 5401 3077 5471 penitus
3108 5402 3352 5468 abnegat.
3393 5399 3546 5464 Quod
3573 5397 3755 5450 vitam

2197 5501 2391 5554 docens
2420 5498 2715 5556 honestam,
2742 5509 2835 5561 per
2857 5493 3109 5544 virtutum
3152 5489 3440 5558 potentiam
3479 5488 3531 5541 in
3559 5486 3754 5556 praedi-

2198 5590 2466 5644 catoribus
2503 5585 2612 5639 suis
2641 5583 2977 5638 commendat
2997 5580 3259 5636 universis
3287 5577 3386 5642 sub
3408 5577 3547 5632 cmlo
3572 5576 3751 5630 natio.
