3958 6324
411 244 512 315 283

1386 255 1472 313 DE
1511 248 1849 315 L.\UD:BUS
1885 250 1941 311 s.
1985 246 2251 314 CRUCIS.
2295 290 2364 300 —
2394 251 2521 317 LiB.
2563 259 2625 318 ιι.

3482 320 3485 322 -
3538 280 3639 336 286

410 374 584 429 nibus.
619 373 742 426 Post
776 372 1142 427 ascensionem
1163 373 1698 456 Quoqueszilvatoris
1719 372 1967 442 apostoli,
1999 371 2045 430 Α
2075 372 2152 424 ira
2199 371 2371 427 debita
2415 375 2618 428 solutus
2641 385 2752 442 est,
2777 389 2830 432 et
2856 381 3019 435 vitam
3065 394 3371 454 perpetuam
3403 402 3639 459 portum-

406 465 475 520 ab
505 466 616 533 ipsa
654 464 891 518 Veritate
939 464 1209 526 instructi,
1245 447 1593 534 pneslicames
1624 463 1967 532 Evangelium

406 555 660 624 mysteria
688 553 897 609 Veteris
917 554 1246 608 Testamenti
1271 570 1365 624 per
1381 554 1648 608 Christum
1674 555 1971 624 impleta-et

405 645 672 698 declarata
703 659 822 700 esse
839 646 1021 700 testati
1049 655 1192 709 sunt,
1223 655 1277 699 et
1305 646 1474 714 ipsum
1510 647 1668 700 ﬁnem
1693 663 1810 702 esse
1837 647 1970 716 legis

405 744 456 788 et
481 721 860 804 pi-Oplietarum
889 736 1031 791 veris
1059 737 1440 791 assertionibus
1464 739 1830 792 ﬁrmaverunt.
1862 738 1968 791 De-

405 828 568 894 nique
591 828 943 882 centesimum
971 827 1284 883 vicesimum
1317 844 1596 883 numerum
1622 829 1674 882 in
1705 837 1861 883 aetate
1891 828 1969 884 le-

403 917 671 987 gislatoris
699 928 752 973 et
773 918 827 972 in
853 919 1081 973 adventu
1110 919 1342 988 Spiritus
1370 921 1540 975 sancti
1570 934 1730 990 super
1757 928 1971 989 aposto—

403 1003 486 1064 los
513 1008 776 1078 insignem
815 1000 972 1064 lauda
1021 1005 1199 1064 littera
1228 1052 1242 1075 ,
1298 1012 1589 1066 secundum
1619 1010 1967 1080 signiﬁcatio-

405 1106 527 1154 nem
561 1115 713 1154 suam
752 1109 941 1170 quater
972 1103 1167 1172 posita,
1195 1104 1249 1157 id
1281 1113 1384 1167 est,
1431 1104 1484 1156 in
1523 1103 1700 1158 crucis
1727 1104 1967 1169 modum,

402 1195 648 1250 nobiliter
676 1196 924 1265 complet,
947 1197 1187 1266 pandens
1218 1198 1338 1254 ﬁdei
1373 1206 1706 1254 sacramenta
1748 1207 1803 1254 et
1830 1212 1970 1254 vera:

400 1273 747 1339 beatitudinis
774 1287 1147 1342 demonstrans
1170 1289 1522 1358 gaudimquia
1547 1291 1683 1344 sicut
1719 1306 1816 1360 per
1839 1305 1968 1359 qua-
2005 1322 2017 1329 ο

401 1377 526 1428 tuor
549 1374 892 1430 Characteres
938 1375 1104 1431 laudae
1139 1385 1322 1432 Sancta
1360 1382 1490 1432 crux
1527 1366 1580 1433 in
1623 1396 1784 1432 unum
1820 1367 1970 1433 colli-

2073 480 2177 533 que
2213 468 2402 520 salutis
2436 478 2490 521 et
2528 470 2722 537 quietis
2748 482 2960 529 :cternm
3011 475 3231 546 invenit,
3266 491 3385 548 post
3426 487 3641 539 naufra-

2071 556 2213 625 gium
2241 558 2484 638 videlicet
2517 559 2643 614 illud
2674 563 2815 630 quod
2844 565 3047 632 primus
3078 575 3269 636 parens
3318 583 3500 626 noster
3547 591 3640 642 per

2069 649 2560 715 praevaricationem
2583 649 2747 705 divini
2783 658 3030 725 praec‘eptl
3080 673 3239 728 super
3268 675 3363 716 nus
3410 665 3635 719 induxit.

2070 736 2203 790 Nam
2229 739 2351 806 quia
2391 755 2486 808 per
2516 741 2716 810 lignum
2745 745 2966 798 vetitum
2997 763 3141 803 mors
3170 765 3307 805 saava
3358 760 3525 805 totum
3556 769 3641 822 ge-

2071 842 2169 880 nus
2198 828 2484 883 humanum
2524 832 2800 886 absorbuit
2835 849 2896 887 ac
2937 851 3032 889 suo
3064 837 3183 905 jure
3213 842 3498 909 captivavit
3525 882 3538 906 ,
3581 852 3641 895 ut

2070 917 2171 971 hoc
2200 934 2227 971 a
2251 928 2512 988 potestate
2537 921 2773 989 ejusdem
2810 925 2998 980 mortis
3023 930 3271 998 eriperet,
3295 931 3639 1000 Redemptm'i

2069 1020 2253 1065 nostro
2283 1012 2484 1080 placuit
2507 1013 2704 1082 lignum
2739 1026 2935 1072 sanctae
2960 1020 3137 1074 crucis
3159 1021 3210 1074 in
3241 1032 3380 1076 terra
3407 1024 3637 1093 erigere,

2069 1103 2331 1170 quatenus
2365 1104 2465 1158 hec
2494 1106 2634 1174 quad
2665 1111 2762 1175 per
2805 1100 2940 1177 gula)
2989 1120 3182 1165 noXam
3228 1113 3400 1167 hostis
3435 1113 3522 1168 ille
3549 1117 3641 1168 de-

2069 1190 2372 1261 glutiverat,
2403 1193 2622 1263 cuspide
2648 1196 2776 1266 ligni
2814 1199 2988 1254 vitalis
3017 1201 3321 1270 perfossus,
3349 1219 3446 1274 per
3470 1207 3643 1260 contio

2069 1285 2262 1338 nentiae
2288 1286 2512 1354 gratiam
2543 1299 2811 1344 evomeret
2843 1331 2857 1353 ,
2913 1294 3238 1363 meritasque
3286 1311 3472 1364 pmnas
3521 1298 3641 1351 inde

2065 1373 2236 1428 lueret
2263 1377 2402 1444 quod
2428 1386 2616 1433 eontra
2645 1395 2805 1435 omne
2844 1380 2932 1450 jus
2956 1391 3015 1437 et
3045 1397 3204 1438 omne
3230 1384 3310 1438 fas
3339 1399 3522 1440 servus
3550 1401 3644 1441 ne-

399 1465 711 1536 giteentum
758 1474 812 1520 et
839 1467 1026 1537 viginti
1078 1468 1328 1533 unitates,
1355 1470 1433 1523 ita
1485 1468 1718 1539 Spiritus
1748 1478 1967 1524 sanctus
2065 1465 2354 1535 quissimus
2397 1478 2451 1525 et
2499 1459 2584 1523 fur
2627 1460 2996 1528 dolosissimus
3055 1467 3156 1529 sibi
3201 1476 3533 1531 dominatum
3587 1477 3668 1543 in~

399 1555 688 1611 adveniens
721 1557 774 1610 in
806 1558 992 1612 notitia
1038 1560 1276 1614 omnium
1312 1560 1611 1630 linguarum
1649 1561 1967 1616 coadunavit
2068 1558 2238 1613 alieno
2264 1574 2425 1629 Opere
2454 1567 2826 1631 usurpaverat.
2868 1563 2981 1618 Hoc
3007 1573 3061 1619 et
3093 1568 3203 1636 jam
3252 1576 3440 1621 auctor
3480 1569 3642 1622 totius

398 1653 610 1702 centum
654 1654 708 1700 et
731 1647 915 1716 viginti
955 1650 1267 1705 credentes:
1301 1651 1438 1707 unde
1464 1663 1648 1721 aperte
1692 1668 1755 1708 ac
1802 1654 1968 1707 mani-
2001 1719 2022 1721 ῃ
2068 1658 2348 1714 creatum,
2386 1658 2440 1703 et
2469 1650 2692 1721 largitor
2715 1653 2940 1708 duorum
2990 1654 3031 1708 Τ
3036 1665 3456 1713 estamentorum
3503 1659 3641 1713 Deus

397 1721 533 1789 feste
559 1738 724 1792 datu‘r-
745 1739 964 1809 intelligi
1003 1751 1243 1795 sanctam
1271 1756 1486 1797 crucem
1513 1759 1692 1799 veram
1723 1761 1841 1800 esse
1874 1761 1967 1801 no—
2000 1719 2042 1776 Β
2072 1741 2320 1795 inlimal‘e
2343 1742 2547 1807 "01805,
2572 1758 2705 1812 opus
2731 1744 3139 1800 εδιυῢεπῖῐηιπη
3167 1759 3368 1803 εθηοῑω
3391 1751 3568 1804 υτυοῑε
3589 1759 3643 1804 ει

398 1834 567 1879 stram
607 1828 1023 1897 redemptiOnem
1050 1870 1064 1893 ,
1105 1839 1158 1884 et
1187 1832 1238 1885 in
1280 1832 1393 1901 ipsa
1422 1835 1686 1889 veraciter
1728 1843 1966 1889 nostram
2068 1845 2162 1898 per
2183 1831 2349 1900 legem
2382 1827 2665 1900 praedixit,
2711 1843 2767 1888 et
2817 1844 2913 1905 per
2937 1839 3224 1907 prophetas
3275 1842 3550 1908 promisit,
3588 1851 3644 1896 et

397 1917 694 1972 consistere
715 1920 992 1974 unitatem.
1023 1920 1284 1992 Percepto
1307 1926 1486 1994 itaque
1511 1921 1651 1981 dono
1677 1916 1965 1997 in‘ioquela

394 2007 635 2061 Omnium
664 2008 985 2078 linguarum,
1018 2012 1196 2067 alacer
1224 2025 1397 2070 coetus
1432 2005 1761 2072 credentium
1788 2008 1964 2071 lumen

396 2098 597 2164 sparsit
618 2099 816 2167 ubique
837 2100 1136 2180 divinorum
1169 2105 1620 2168 testimoniorum,
1649 2117 1967 2163 coruscante

395 2187 557 2241 simul
589 2188 886 2258 frequentia
926 2193 1324 2262 miraculorum,
1348 2205 1400 2250 et
1429 2208 1540 2252 rete
1568 2185 1841 2269 Evangelii
1869 2199 1967 2254 mi-

395 2283 465 2330 sit
493 2277 546 2330 in
576 2279 793 2351 pelagus
817 2282 970 2337 istius
1004 2286 1210 2350 mundi,
1241 2297 1298 2340 ut
1325 2304 1520 2358 sagena
1553 2289 1764 2343 Domini
1797 2298 1965 2343 retra-

395 2368 548 2423 heret
577 2370 821 2426 homines
875 2374 941 2429 de
996 2375 1358 2444 profunditate
1384 2381 1583 2450 abyssi,
1615 2386 1670 2434 et
1702 2370 1965 2451 congluti-

393 2470 549 2516 naret
600 2463 665 2516 ad
714 2464 1039 2521 soliditatem
1080 2467 1342 2523 Dominici
1373 2472 1582 2537 vexilli;
1637 2483 1799 2541 utque
1841 2474 1965 2527 insi-

391 2552 515 2620 gnia
544 2552 720 2607 crucis
747 2553 944 2608 Christi
985 2557 1232 2612 omnibus
1265 2544 1499 2628 pateant,
1532 2563 1796 2630 quomodo
1827 2563 1963 2616 dona

393 2647 688 2715 spiritualia
717 2650 1016 2720 quibusque
1060 2655 1340 2724 consignet
1375 2655 1639 2717 ﬁdelibus,
1670 2660 1725 2713 et
1747 2660 1962 2728 prmmia

391 2744 511 2806 (ιυιὲ
542 2739 851 2795 incarnatus
891 2729 1136 2799 Salvator
1160 2745 1265 2800 illis
1306 2748 1570 2816 promisit,
1599 2749 1710 2818 ipsa
1740 2750 1965 2804 ﬁdeliter

389 2843 484 2912 eos
511 2831 788 2899 percipere
819 2833 868 2885 in
911 2834 1063 2888 caelis
1094 2835 1273 2900 faciat,
1309 2853 1426 2912 quae
1464 2840 1711 2895 videlicet
1743 2843 1960 2911 prannia

393 2907 444 2972 in
473 2929 628 2974 auctu
658 2923 952 2978 secundum
1001 2928 1314 2982 meritorum
1361 2910 1670 2999 qualitatem
1711 2942 1834 2986 sunt
1875 2949 1964 3004 po-

390 3009 514 3072 sita,
552 3020 608 3064 et
639 3027 866 3094 sponsor
915 3030 1076 3070 verus
1117 3016 1368 3094 Christus;
1402 3019 1570 3075 Filius
1624 3024 1807 3091 utique
1833 3025 1955 3086 Dei,

389 3100 549 3153 simul
583 3109 700 3155 cum
730 3091 888 3158 Patre
922 3099 1030 3165 Deo
1056 3115 1108 3162 et
1137 3095 1337 3177 Spiritu
1358 3091 1570 3167 saneto
1603 3155 1616 3178 ,
1661 3110 1960 3184 quibusque

391 3191 566 3260 dignis
595 3194 908 3263 multiplicia
939 3197 991 3250 in
1019 3202 1263 3268 supernis
1294 3212 1482 3256 servat.
1497 3215 1549 3258 et
1579 3207 1844 3261 veraciter
1864 3207 1958 3262 do-

391 3285 484 3336 nat
512 3282 627 3339 Rex
657 3289 840 3355 regum
873 3287 922 3341 in
953 3299 1209 3346 aeternum
1239 3294 1486 3364 regnans,
1514 3305 1567 3350 et
1586 3299 1765 3352 omnia
1795 3313 1959 3369 regna
1985 3301 1988 3304 ’

387 3373 590 3429 ditibne
615 3377 830 3446 propria
855 3380 1179 3448 gubernans,
1212 3385 1302 3454 qui
1348 3385 1567 3441 dederat
1603 3379 1756 3444 nobis
1788 3380 1960 3458 Spiri-

390 3463 501 3519 ttnn
552 3469 880 3537 paracletum
903 3513 916 3535 ,
973 3475 1162 3545 pignus
1200 3478 1384 3533 salutis
1415 3487 1469 3533 et
1509 3482 1833 3538 hmrcditatis
1864 3498 1960 3537 no-

387 3564 535 3621 strae,
573 3569 629 3613 ut
660 3574 759 3613 nos
784 3563 1073 3616 secundum
1101 3566 1423 3622 voluntatem
1453 3584 1602 3623 suam
1633 3580 1820 3641 regens
1848 3588 1962 3628 ser-

389 3655 500 3710 vet,
521 3650 868 3718 quoadusque
891 3663 1113 3708 ovantes
1132 3658 1321 3725 gaudia
1347 3660 1469 3713 vine
1510 3657 1674 3716 faciat
1710 3663 1955 3718 introire.

389 3724 609 3792 Psallite
659 3741 824 3793 vitam
864 3742 1077 3808 devote,
1106 3724 1240 3799 bene
1269 3749 1496 3817 psallite
1546 3751 1772 3805 Domino
1803 3747 1959 3806 Chri-

389 3837 473 3881 sto
501 3837 689 3896 gentes
716 3845 921 3896 omnes,
960 3834 1132 3888 tribus
1158 3845 1214 3889 et
1242 3836 1431 3907 lingua:
1481 3841 1761 3904 Universae,
1796 3852 1849 3896 et
1877 3857 1961 3897 co-

388 3919 625 3985 gnoscite
654 3924 835 3973 verum
867 3937 1045 3992 regem
1093 3934 1352 3992 vestrum,
1384 3930 1698 3999 sapientiam
1719 3940 1773 3986 et
1793 3933 1960 3986 virtu-

389 4016 496 4061 tem
526 4008 618 4064 Dei
643 4009 839 4076 Patris,
868 4012 1032 4078 cujus
1055 4018 1291 4083 potentia
1317 4013 1460 4074 mors
1493 4022 1630 4075 victa
1653 4024 1954 4089 succubuit,

386 4111 440 4154 et
475 4105 731 4158 memoria
763 4107 950 4161 mortis
978 4108 1146 4162 deleta
1174 4119 1276 4167 est.
1301 4112 1538 4166 omnium
1563 4130 1739 4184 rerum
1766 4131 1959 4184 pareno

388 4201 494 4247 tem
526 4191 704 4248 Iesum
735 4198 1059 4265 cognoscite.
1105 4198 1228 4254 Haec
1265 4201 1379 4256 laus
1406 4243 1419 4267 ,
1476 4205 1598 4272 quia
1639 4219 1706 4258 ex
1741 4222 1869 4262 vero
1903 4218 1957 4262 ct

387 4285 611 4352 probato
637 4286 841 4354 prolata
873 4296 952 4340 est
988 4289 1247 4356 germine,
1287 4291 1444 4345 ﬁnem
1480 4302 1534 4346 et
1570 4295 1954 4362 perfectionem

2065 1935 2162 1989 per
2201 1919 2544 1990 Evangelium
2581 1939 2732 1978 suum
2762 1940 2819 1979 se
2865 1927 3160 1996 complesse
3200 1927 3416 1996 fatetur,
3445 1939 3503 1985 ut
3551 1932 3641 1986 ho-

2066 2007 2238 2062 mines
2267 2017 2565 2064 creatorem
2593 2026 2746 2065 suum
2783 2027 3250 2083 recognoscereut,
3287 2019 3642 2089 redemptoris

2066 2103 2170 2168 Que
2191 2107 2288 2154 Suo
2314 2100 2514 2170 gratias
2545 2091 2784 2172 agerent.
2833 2104 3073 2176 Denique
3103 2116 3284 2163 sancta
3318 2116 3480 2180 atque
3521 2127 3639 2164 ma-

2052 2190 2258 2260 gniﬁca
2302 2205 2430 2245 crux
2477 2191 2602 2249 hinc
2651 2209 2708 2249 se
2743 2201 2907 2248 totam
2952 2211 3140 2251 serena
3203 2197 3320 2252 luce
3357 2214 3638 2253 coruscam

2064 2282 2321 2346 ostendit,
2349 2292 2511 2352 seque
2535 2284 2674 2338 viam
2705 2293 2863 2354 atque
2892 2286 3077 2341 ducem
3109 2287 3175 2340 ad
3225 2296 3533 2356 perpetuam
3564 2289 3644 2340 vi-

2066 2375 2175 2424 tam
2211 2370 2362 2426 nobis
2386 2380 2503 2427 esse
2534 2374 2899 2440 demonstrat;
2953 2377 3175 2446 ideoque
3202 2370 3365 2440 radiis
3387 2379 3512 2430 suis
3543 2379 3638 2432 mis

2063 2476 2194 2514 caus
2222 2461 2446 2530 lampas,
2478 2463 2611 2518 lucis
2644 2472 2860 2518 eterna:
2885 2479 3072 2520 omnes
3094 2474 3277 2536 gentes
3309 2482 3371 2520 ac
3417 2467 3640 2535 populos

2065 2552 2130 2605 ad
2167 2551 2404 2615 scelestia
2436 2553 2598 2623 regna
2627 2562 2901 2623 provocat,
2930 2556 2993 2609 ah
3023 2558 3280 2624 hosteque
3328 2557 3640 2610 misericor-

2065 2641 2204 2694 diter
2238 2649 2420 2698 erutos
2448 2644 2779 2712 pronuntiat,
2803 2645 2985 2716 sicque
3003 2661 3154 2699 nunc
3196 2646 3247 2699 in
3291 2656 3446 2700 noete
3490 2646 3642 2700 istius

2065 2729 2246 2786 mundi
2276 2734 2478 2803 positos
2526 2747 2620 2788 sua
2661 2735 3019 2790 illustratione
3047 2735 3280 2789 laetiﬁcat
3310 2743 3470 2804 atque
3517 2736 3642 2790 hinc

2064 2824 2129 2875 ad
2157 2824 2263 2877 alta
2299 2824 2560 2879 caelorum
2590 2825 2742 2880 bene
2788 2828 3012 2881 meritos
3063 2826 3399 2896 postmodum
3443 2826 3636 2880 elevat.

2063 2911 2171 2966 Nec
2196 2926 2322 2983 ergo
2354 2914 2644 2968 verendum
2689 2924 2772 2969 est
2815 2916 2956 2984 quod
3005 2916 3109 2968 ulla
3152 2916 3364 2970 fallacia
3408 2916 3639 2983 aliquem

2063 3003 2312 3072 decipiat,
2341 3005 2452 3067 sed,
2482 3005 2725 3074 principe
2763 3005 2922 3075 hujus
2959 3007 3142 3059 mundi
3178 3005 3308 3060 foris
3334 3005 3525 3074 eiecto,
3551 3021 3638 3060 ve-

2064 3096 2261 3149 raciter
2284 3109 2411 3149 vera
2440 3095 2632 3150 victrix
2661 3105 2866 3166 regnat.
2897 3096 3034 3152 Hinc
3059 3113 3268 3166 quoque
3294 3103 3378 3152 est
3405 3099 3547 3166 quod
3585 3099 3636 3152 iu

2060 3188 2438 3257 praedicatione
2489 3189 2743 3258 petentia:
2789 3197 2843 3243 et
2880 3189 3259 3245 dominationis
3303 3189 3439 3266 ejus.
3467 3192 3638 3245 sancti

2059 3277 2440 3345 przedicatores
2481 3278 2754 3334 miraculis
2800 3277 3105 3344 coruscant,
3134 3285 3412 3348 totumque
3451 3282 3657 3353 orbem-

2061 3372 2158 3425 sibi
2183 3371 2506 3439 subjiciunt,
2559 3373 2970 3442 redemptOsque
3019 3389 3115 3442 per
3163 3372 3365 3427 Christi
3410 3374 3636 3443 gratiam

2061 3466 2280 3520 devotos
2312 3465 2493 3528 corde,
2520 3463 2757 3533 placidos
2788 3466 3045 3529 moribus,
3075 3471 3385 3518 mansuetos
3426 3463 3635 3532 patien-

2060 3558 2130 3610 tia
2158 3596 2172 3621 ,
2222 3555 2641 3624 tranquillusque
2696 3556 3106 3626 conversatione
3147 3552 3449 3622 perﬁciant.
3496 3551 3656 3608 Ecce

2059 3655 2190 3717 quot
2217 3647 2406 3716 lingua:
2457 3654 2582 3700 sunt
2613 3647 2890 3700 nationum
2943 3647 2996 3700 in
3042 3646 3454 3715 septuagenario
3481 3655 3535 3712 et
3564 3646 3637 3700 bi-

2059 3738 2214 3792 nario
2242 3750 2463 3790 numero
2510 3750 2640 3789 crux
2682 3745 2866 3789 sancta
2915 3735 3213 3803 exemplata
3272 3733 3634 3798 demonstrat,

2058 3826 2410 3894 omnibusque
2448 3825 2696 3894 gentibus
2720 3840 2816 3894 per
2842 3826 2942 3878 hoc
2976 3825 3110 3878 lucis
3130 3833 3336 3892 portam
3366 3833 3634 3891 patentem

2058 3914 2342 3982 signiﬁcat,
2373 3915 2579 3982 hocque
2609 3929 2703 3982 per
2738 3915 3076 3984 septuaginta
3109 3922 3162 3967 et
3190 3914 3296 3966 duo
3340 3913 3637 3982 discipulos

2060 4004 2306 4059 Salvator
2343 4004 2454 4072 ipse
2493 4004 2783 4072 prmdicare
2823 4001 3076 4070 jusserat,
3108 4011 3523 4070 sanctorumque
3549 4016 3636 4081 ar-

2058 4098 2438 4168 changelorum
2470 4097 2739 4151 consortia
2776 4102 2895 4165 post
2942 4094 3390 4148 resurrectionem
3420 4108 3637 4163 genera-

2057 4189 2159 4245 lem
2192 4190 2244 4242 in
2273 4188 2424 4243 caelis
2461 4188 2817 4256 promiserat,
2861 4185 3002 4254 quod
3029 4185 3189 4238 etiam
3217 4185 3331 4252 ipse
3382 4189 3639 4237 numerus

2056 4283 2320 4352 designat.
2338 4281 2660 4335 Octonarius
2690 4288 2918 4348 namque
2945 4291 3198 4331 numerus
3215 4285 3269 4331 et
3293 4277 3633 4340 n0vcnarius,

387 4372 548 4427 habet
573 4383 824 4428 aeternam
873 4378 1132 4445 requiem.
1164 4379 1268 4434 Iste
1313 4383 1455 4436 enim
1502 4394 1708 4439 natura;
1755 4396 1954 4443 ηοδιηε
1980 4412 2032 4470 D
2059 4373 2112 4425 in
2137 4386 2195 4424 se
2216 4370 2572 4440 multiplicati,
2598 4369 3064 4438 septuagenarium
3081 4375 3136 4420 et
3149 4366 3414 4420 binarium
3428 4373 3636 4429 creant,

388 4465 588 4520 inditus
620 4477 702 4520 est
732 4469 881 4531 ordo,
941 4478 982 4522 it
1023 4471 1223 4526 indicta
1253 4488 1374 4528 cum
1423 4480 1721 4533 reverentia
1751 4491 1805 4533 et
1856 4489 1962 4537 tre;

386 4569 537 4611 more
569 4566 765 4623 servet,
805 4567 859 4612 et
904 4561 958 4613 in
988 4559 1168 4616 futuro
1219 4570 1529 4632 perpetuam
1577 4575 1959 4641 remuneratio:

387 4665 507 4701 nem
537 4657 826 4718 exspectet.
858 4650 984 4705 limo
1004 4660 1217 4722 quoque
1243 4664 1324 4709 est
1345 4656 1510 4726 gloria
1535 4667 1742 4726 nostra,
1768 4664 1880 4717 haec
1905 4675 1963 4720 et

391 4741 578 4802 virtus,
608 4743 720 4796 haec
750 4757 874 4795 vera
914 4743 1177 4799 stabilitas
1205 4748 1398 4816 quietis
1445 4766 1663 4805 summae
1685 4793 1698 4816 ,
1752 4755 1958 4825 isteque

384 4833 503 4903 iura
534 4823 804 4904 religionis
830 4834 964 4888 bene
1014 4846 1221 4902 servat,
1249 4848 1303 4892 et
1331 4841 1431 4893 rite
1460 4841 1686 4896 arbitrio
1728 4855 1825 4899 auo
1855 4823 1958 4901 uti-

391 4939 500 4990 tur,
526 4929 615 4998 qui
647 4930 784 4983 bona
819 4945 1024 4983 summa
1053 4946 1162 5000 prae
1180 4933 1433 4989 omnibus
1456 4939 1657 5006 appetit
1697 4948 1750 4993 et
1785 4940 1954 4994 media

390 5021 782 5076 rationabiliter
809 5023 966 5093 regit.
1634 5033 1635 5037 ‘

967 5177 1192 5232 CAPUT
1231 5178 1370 5233 XXI.
1406 5197 1410 5201 ·

394 5292 470 5347 Dc
490 5291 733 5364 vicesima
769 5292 936 5364 prima
976 5291 1179 5360 ﬁgura,
1230 5293 1282 5345 in
1305 5305 1407 5363 qua
1453 5296 1876 5364 septuagenarius
1909 5307 1958 5349 et

651 5362 883 5415 binarius
919 5379 1163 5416 numerus
1191 5374 1261 5416 est
1286 5362 1705 5432 comprehensus.

463 5473 604 5543 Ergo
629 5473 710 5527 lex
736 5471 942 5526 Domini
967 5489 1094 5528 vera
1119 5482 1171 5528 et
1200 5473 1704 5542 irreprcbensibilis,
1729 5476 1953 5530 duorum

390 5563 857 5618 Testamentorum
881 5562 1030 5617 libris
1060 5565 1380 5632 couiscripta,
1407 5564 1458 5616 in
1486 5563 1706 5632 ﬁguram
1758 5576 1957 5620 sanctrc

387 5659 565 5713 trucis
601 5659 842 5728 ponenda
873 5669 972 5722 est,
1013 5674 1111 5729 per
1137 5673 1295 5728 quam
1323 5669 1373 5712 et
1406 5657 1551 5712 orbis
1595 5665 1856 5713 terrarum
1890 5659 1956 5712 ab

2063 4475 2290 4529 quorum
2316 4460 2624 4513 octonarius
2670 4458 2734 4511 ad
2772 4456 3179 4512 resurrectionis
3206 4465 3436 4524 tempus,
3476 4469 3640 4509 nove-

2062 4552 2247 4604 narius
2265 4563 2393 4603 vero
2432 4549 2500 4602 ad
2537 4564 2727 4602 novem
2752 4549 2969 4603 Ordines
2996 4546 3304 4615 angelorum
3332 4553 3633 4614 respectat;

2061 4644 2247 4711 sicque
2275 4640 2538 4695 catholica
2566 4639 2700 4693 ﬁdes
2732 4646 2871 4693 tenet
2901 4636 3041 4706 quod
3067 4637 3119 4689 in
3160 4636 3266 4689 ﬁne
3306 4635 3508 4698 mundi,
3536 4635 3638 4687 hoc

2059 4745 2161 4800 est,
2185 4735 2237 4788 in
2268 4742 2460 4787 octava
2489 4739 2645 4786 aetate
2664 4729 2873 4794 saeculi,
2905 4727 3075 4782 sancti
3112 4732 3445 4794 resurgentes
3470 4724 3525 4776 in
3549 4737 3633 4776 so-

2057 4830 2307 4883 cietatem
2321 4831 2594 4879 transeant
2609 4821 2938 4890 angelorum.
2958 4818 3146 4873 Omnia
3162 4830 3391 4883 namque
3414 4819 3640 4882 peccata

2060 4924 2241 4978 mundi
2269 4921 2514 4991 Christus
2543 4919 2594 4972 in
2629 4915 2894 4985 passionis
2917 4929 3024 4967 suae
3063 4911 3254 4965 ardore
3281 4905 3637 4974 consumpsit,

2029 5041 2032 5043 λ
2059 5014 2271 5085 quando
2297 5027 2359 5066 ex
2388 5020 2538 5081 parte
2566 5010 2747 5064 carnis
2794 5008 2846 5061 in
2889 5007 3000 5076 ipsa
3033 5011 3260 5058 mortem
3290 4997 3545 5069 gustavit,
3571 5003 3634 5049 ac

2059 5084 2153 5176 per
2184 5105 2477 5176 potentiam
2504 5102 2793 5156 divinitatis
2819 5114 2928 5154 sua}
2954 5099 3151 5153 electos
3177 5111 3303 5150 suos
3329 5095 3396 5147 ab
3442 5084 3637 5144 infenii

2059 5213 2276 5254 carcere
2318 5197 2594 5260 liberavit,
2626 5203 2682 5248 et
2715 5192 3035 5248 sobrietatis
3056 5200 3126 5244 ac
3149 5189 3268 5242 ﬁdei
3319 5187 3496 5241 lumen
3538 5196 3635 5252 per

2060 5286 2328 5360 apostolos
2378 5304 2503 5343 suos
2540 5288 2718 5358 generi
2766 5279 3006 5339 humano
3036 5280 3316 5351 prtedicari
3352 5276 3531 5345 jussit,
3560 5274 3633 5327 lea

2059 5399 2177 5454 gem
2202 5383 2448 5436 videlicet
2473 5397 2624 5435 suam
2655 5389 2888 5433 veterem
2918 5388 2970 5431 et
3001 5392 3215 5436 novam.
3239 5387 3402 5442 quam
3433 5372 3484 5424 in
3508 5370 3633 5426 hoc.

2058 5474 2198 5544 quod
2238 5482 2437 5527 sancta:
2458 5473 2634 5526 crucis
2658 5471 2839 5540 ﬁgura:
2884 5469 3146 5534 congruit,
3174 5466 3287 5519 leve
3313 5476 3448 5517 onus
3471 5465 3632 5526 atque

2055 5558 2239 5637 iugum
2262 5579 2425 5617 suave
2451 5576 2587 5621 esse,
2617 5569 2667 5613 ct
2693 5559 2754 5611 ad
2789 5557 2955 5610 ccelos
2981 5555 3205 5609 ducendi
3239 5553 3484 5608 idoneum
3517 5563 3626 5602 ou»

2058 5658 2214 5712 nibus
2242 5653 2582 5710 credentibus
2609 5651 2708 5705 sibi
2747 5647 3148 5705 demonstravit.
