3958 6352
470 243 573 300 287

619 394 623 395 ν
650 345 652 348 ’
1037 343 1260 399 CAPUT
1301 342 1461 397 XXII.

461 440 537 494 De
566 440 802 495 vicesima
849 435 1074 490 secunda
1123 434 1296 503 ﬁgura
1323 473 1336 497 ,
1388 432 1442 484 in
1484 446 1585 500 qua
1635 443 2028 495 mouogramma

449 513 453 517 ’
1060 505 1316 573 depictum
1343 510 1435 554 est.

532 618 777 674 Christus
801 616 891 684 qui
940 622 1022 668 est
1053 628 1212 667 verus
1233 611 1552 678 redemptor
1582 617 1794 670 neSter,
1837 608 1892 661 in
1923 621 2029 675 quo

461 717 542 761 est
564 720 722 760 omne
754 705 1077 760 desiderium
1103 711 1362 762 nostrum,
1389 699 1480 767 qui
1504 713 1599 768 per
1633 697 1860 768 gratiam
1878 711 2028 750 suam

456 796 563 850 hoc
586 810 720 866 opus
747 810 832 850 me
864 794 1041 849 facere
1087 791 1270 853 voluit,
1301 804 1333 842 ο
1358 789 1562 842 utinam
1595 787 1709 857 ipse
1737 786 1934 840 laboris
1970 786 2031 839 ﬁ-

456 889 568 950 nis,
594 886 814 955 ipseque
847 884 976 939 mihi
999 881 1073 942 'sit
1097 879 1324 948 pretium
1366 877 1623 932 carminis
1649 917 1664 941 ,
1714 877 1801 932 cui
1853 877 2032 930 omnia

461 972 600 1026 lutua
627 974 860 1043 placent,
884 971 1012 1038 ‘quia
1059 969 1172 1037 ipse
1212 967 1452 1040 omnium
1480 967 1703 1037 largitor
1756 976 1840 1022 est
1869 967 2036 1022 bono-

463 1079 582 1117 rum
611 1066 624 1119 !
654 1063 751 1118 Hic
779 1076 905 1128 ergo
950 1061 1192 1113 hortatur
1220 1058 1452 1112 invitatis
1476 1072 1663 1112 omnes
1694 1057 1761 1112 ad
1795 1057 2036 1112 caelestia

462 1152 624 1217 dona,
645 1149 972 1220 spondetque
986 1149 1098 1202 hazc
1115 1145 1267 1200 facile
1295 1146 1584 1215 impetrare
1610 1160 1786 1214 posse,
1809 1146 1852 1199 si
1888 1160 2037 1214 Spre-

463 1244 535 1298 tis
563 1241 769 1296 cunctis
796 1239 1178 1310 cupiditatibus
1229 1238 1384 1292 istius
1426 1237 1643 1299 mundi,
1693 1251 1793 1306 per
1842 1235 2034 1302 ﬁdem,

419 1357 426 1359 λλ
462 1346 612 1401 spem
651 1338 704 1385 et
732 1330 1048 1384 charitatem
1089 1329 1210 1398 quis
1233 1343 1296 1382 ea
1323 1328 1478 1396 digne
1523 1327 1852 1396 qumsiverit.
1909 1326 2036 1381 [hcc

461 1421 676 1490 quidem
704 1420 841 1478 dona
881 1420 993 1491 ipse
1030 1420 1084 1474 in
1111 1420 1253 1474 hunc
1278 1417 1534 1471 mundum
1561 1416 1802 1481 veniens,
1832 1426 1886 1470 et
1915 1431 2035 1470 car-

460 1511 640 1566 nalem
666 1525 905 1566 amorem
937 1510 1112 1582 gladio
1149 1509 1250 1579 pia:
1292 1504 1646 1578 séparationis
1687 1507 2034 1574 interﬁciens,

458 1615 557 1670 per
588 1600 860 1671 Evangelii
900 1601 980 1656 sui
1013 1600 1392 1670 prmdicatores
1418 1599 1803 1662 seminaverat,
1831 1604 1888 1651 et
1927 1596 2038 1650 fru-

1115 236 1174 290 B.
1218 233 1468 289 RABANI
1506 231 1721 288 MAURI
1756 227 2077 283 ‘ARCIIIEP.
2122 229 2426 285 MOGUNT.
2467 184 2752 286 ΟΡΕΒΒΠ
2789 229 2967 285 PARS
3004 229 3044 284 Ι.

3583 233 3692 290 288

2057 352 2102 406 Α
2132 339 2323 393 ritibus
2349 340 2603 407 angelicis
2643 340 2696 394 in
2723 341 2839 394 luce
2869 341 3086 408 perenni
3129 340 3468 411 perfruetur:
3509 317 3696 400 laudes

2130 429 2402 498 psallcndo
2424 429 2654 495 Christo,
2685 431 2951 485 canticum
2987 432 3166 500 utique
3217 448 3412 487 novum
3447 433 3696 489 Domino

2130 520 2398 574 cantando
2427 521 2480 574 in
2507 521 2743 576 Ecclesia
2767 530 3072 577 sanctorum
3102 564 3115 587 ,
3162 523 3214 576 in
3241 539 3347 592 quo
3394 525 3570 578 studio
3598 540 3696 593 po-

2131 619 2244 664 stea
2265 627 2537 680 nunquam
2564 597 2856 668 lassescere
2891 613 3079 677 nescit,
3107 614 3230 682 quia
3277 614 3356 668 sic
3378 605 3545 685 'regu‘a
3568 613 3696 683 cgeli

2131 701 2327 756 habere
2353 703 2731 789 perpetualiter
2753 705 2970 773 appetit.

2682 813 2906 870 CAPUT
2949 813 3131 869 XXIII.

2133 902 2210 958 De
2231 905 2471 958 vicesima
2510 905 2661 984 tertia
2692 905 2894 973 ﬁgura,
2945 907 2998 957 in
3043 923 3142 984 qua
3173 908 3461 960 t-icenarius
3485 917 3532 961 et
3561 923 3699 978 qua-

2438 984 2696 1028 ternartus
2714 990 2970 1027 numerus
2995 984 3272 1030 aduolutus
3295 987 3390 1029 εει.

2206 1064 2285 1118 En
2314 1065 2512 1120 nobilis
2564 1066 2652 1120 hic
2694 1066 2856 1121 micat
2893 1064 3008 1132 ﬂos,
3058 1076 3112 1121 et
3151 1070 3260 1122 veri
3287 1071 3445 1138 regis,
3483 1071 3584 1125 hoc
3609 1077 3702 1128 est

2135 1151 2260 1208 Jesu
2289 1152 2488 1208 Christi
2515 1195 2528 1219 ,
2571 1156 2784 1210 nomine
2815 1157 3021 1226 pictus,
3072 1173 3230 1228 quem
3279 1158 3443 1222 ﬁgura
3491 1171 3701 1216 sancta:

2135 1241 2310 1296 crucis
2342 1242 2592 1296 cornibus
2626 1245 2750 1298 suis
2791 1247 3128 1314 exemplatur
3172 1247 3289 1301 beta
3326 1247 3466 1302 facta
3493 1249 3701 1307 Christi

2137 1330 2572 1386 demonstrando.
2621 1330 2878 1388 Senarius
2913 1350 3041 1405 ergo
3085 1351 3334 1391 numerus
3357 1379 3372 1402 ,
3416 1353 3574 1406 quem
3599 1353 3703 1407 per

2133 1414 2345 1489 'singnla
2382 1435 2582 1475 cornua
2613 1430 2768 1477 terno
2799 1438 2964 1479 versu
3004 1425 3316 1496 dispositum
3347 1434 3527 1481 sancta
3562 1442 3699 1481 crux

2138 1515 2308 1573 notat,
2333 1507 2716 1577 perfectionem
2755 1510 3019 1580 passionis
3055 1511 3255 1567 Christi
3285 1522 3584 1583 nostraaquc
3613 1530 3705 1569 re-

2140 1599 2461 1668 demptionis
2497 1600 2740 1671 designat
2776 1619 2788 1654 :
2831 1601 2954 1670 quia
2983 1603 3123 1656 sicut
3147 1602 3199 1656 in
3226 1603 3440 1657 senario
3468 1616 3703 1656 numero

386 1745 388 1747 ,
461 1699 607 1759 ctum
638 1690 1038 1762 pacatissimam
1086 1689 1304 1759 inagro
1345 1702 1444 1742 suo
1470 1687 1887 1755 c'onquisiverat.
1929 1685 2041 1740 Hoc
2069 1683 2114 1740 B
2143 1691 2327 1745 mundi
2359 1699 2606 1746 creatura
2631 1691 2867 1762 perfecta
2912 1692 3258 1762 signiﬁcatur,
3301 1693 3375 1748 ita
3410 1700 3464 1747 et
3483 1693 3707 1748 senario

459 1782 675 1851 quidem
704 1797 916 1851 semper
949 1775 1181 1852 o'ptimus
1218 1777 1476 1852 magister
1519 1779 1717 1849 docuit,
1743 1787 1931 1847 vetans
1971 1793 2040 1833 ne

459 1871 529 1936 ad
553 1872 661 1926 ima
694 1880 747 1927 et
766 1871 1021 1941 proclivia
1045 1886 1102 1927 se
1127 1879 1420 1936 verterent,
1449 1869 1541 1924 sed
1576 1869 1747 1938 magis
1771 1869 1836 1923 ad
1865 1869 2035 1923 ardua

464 1975 521 2015 se
543 1960 831 2031 erigerent,
870 1959 1330 2030 atque,intellecto
1351 1957 1643 2029 Evangelio
1669 1972 1768 2012 suo
1798 1957 2072 2029 inclitam,

462 2050 722 2104 ssevltiam
757 2065 967 2116 morum
1010 2049 1359 2120 deponerent,
1389 2063 1444 2103 et
1475 2049 1634 2130 mites
1682 2062 1748 2102 ac
1776 2035 2041 2102 mansueti

460 2154 583 2195 esse
603 2140 889 2205 discerent,
918 2148 1183 2209 quatenus
1230 2140 1286 2194 in
1338 2137 1573 2195 secundo
1624 2152 1721 2192 suo
1762 2137 2042 2215 adventu,

462 2245 585 2286 cum
627 2231 908 2286 advenerit
931 2230 982 2285 in
1014 2230 1180 2301 gloria
1201 2230 1378 2286 Patris
1418 2231 1526 2295 sui,
1557 2245 1681 2285 cum
1709 2229 1912 2299 angelis
1931 2228 2043 2285 suis

364 2317 368 2321 ’
467 2312 696 2379 reddere
715 2324 1000 2393 unicuique
1013 2324 1304 2386 secundum
1328 2339 1490 2394 opera
1512 2339 1629 2390 sua,
1650 2323 1781 2378 tales
1806 2322 2044 2381 inveniat

458 2407 657 2482 quibus
681 2421 896 2483 propter
929 2412 1119 2468 merita
1144 2413 1288 2470 bona
1338 2421 1542 2468 aeterna
1588 2411 1779 2469 reddat
1803 2420 1860 2468 et
1904 2425 2043 2481 prte-

462 2506 592 2561 mia.
623 2505 738 2576 lste,
755 2507 968 2577 quidem
1004 2521 1281 2573 numerus,
1309 2518 1468 2575 quem
1518 2506 1574 2560 in
1601 2502 1796 2560 litteris
1837 2503 2042 2561 Graecis

463 2601 568 2656 hoc
593 2615 998 2672 monogramma
1028 2601 1242 2672 ﬁgurat,
1271 2600 1480 2656 Domini
1512 2599 1806 2656 Salvatoris
1829 2611 2035 2656 utrum-

459 2704 568 2758 que
595 2689 861 2760 signiﬁcat
878 2689 1192 2756 adventum,
1209 2691 1310 2745 hoc
1328 2697 1430 2755 est,
1447 2689 1610 2752 illum,
1625 2689 1838 2760 quando
1852 2691 2042 2766 huma-

438 2765 626 2836 natus
662 2783 1160 2853 principem-hujus
1201 2785 1386 2839 mundi
1421 2784 1567 2840 foras
1591 2785 1773 2855 eiecit,
1804 2765 1924 2856 post
1948 2788 2044 2842 ba-

462 2871 661 2940 ptisma
693 2872 898 2927 scilicet
931 2883 1083 2927 suum
1104 2871 1126 2939 ,’
1169 2875 1469 2943 prmdicans
1495 2873 1842 2946 Evangelium
1869 2876 2039 2946 regni,

460 2967 519 3021 et
553 2974 749 3016 sanans
777 2976 991 3016 omnem
1019 2963 1329 3034 languorem
1356 2974 1412 3020 et
1429 2954 1641 3022 omnem
1670 2966 2038 3032 inﬁrmitatem

462 3047 522 3103 in
556 3050 784 3119 populo;
814 3059 868 3105 et
893 3052 1060 3127 illum,
1080 3053 1294 3123 quando
1315 3055 1453 3109 idem
1475 3055 1654 3124 justus
1695 3055 1859 3124 judex
1881 3058 2043 3111 homo

467 3136 715 3193 Christus
739 3138 915 3207 Jesus,
947 3140 1013 3196 de
1043 3143 1176 3197 solio
1207 3143 1300 3198 Dei
1331 3139 1521 3199 Patris’
1553 3145 1607 3199 in
1643 3144 1796 3214 jussu
1821 3154 1876 3201 et
1911 3160 2042 3202 voce

465 3223 796 3298 archangeli,
828 3238 884 3284 et
910 3231 962 3285 in
1000 3231 1127 3307 tuba
1166 3233 1258 3287 Dei
1293 3233 1584 3300 descendit,
1625 3243 1679 3289 et
1706 3236 1925 3298 mortui,
1951 3238 2042 3306 qui

465 3317 521 3370 in
555 3315 770 3372 Christo
812 3328 970 3386 sunt,
1012 3330 1295 3393 resurgent
1342 3322 1409 3377 ad
1456 3322 1709 3392 gloriam,
1749 3324 2041 3378 secundum

467 3409 797 3476 pneconium
825 3411 994 3464 sancti
1019 3411 1289 3482 Evangelii
1320 3420 1375 3467 et
1419 3428 1581 3468 voces
1622 3416 2039 3482 prophetarum,

466 3508 588 3565 quae
619 3505 886 3552 testantur
919 3509 1130 3555 sanctos
1155 3505 1158 3507 λ
1182 3501 1275 3554 Dei
1313 3502 1522 3556 visuros
1563 3503 1703 3557 bona
1733 3503 1944 3568 Domini
1987 3506 2042 3558 in

443 3579 616 3662 terra
640 3588 953 3656 viventium,
982 3591 1196 3660 quando
1233 3592 1448 3646 venient
1475 3599 1529 3647 et
1557 3594 1887 3662 apparebunt
1919 3603 2043 3648 ante

469 3657 664 3732 faciem
709 3679 822 3733 Dei.
855 3679 953 3746 Qui
979 3657 1110 3750 ergo
1136 3681 1260 3736 boni
1293 3683 1468 3736 meriti
1497 3657 1640 3748 sunt,
1666 3691 1794 3737 tunc
1824 3694 2042 3754 accepta

471 3766 673 3821 talenta
696 3781 820 3821 cum
849 3767 998 3823 lucro
1025 3779 1298 3838 reportant
1320 3771 1387 3825 ad
1408 3771 1707 3835 Dominum,
1730 3781 1784 3826 et
1807 3773 1872 3827 ab
1895 3776 2042 3827 omni

469 3854 592 3910 labe
616 3865 960 3922 peccatorum
988 3860 1226 3913 mundati
1258 3859 1525 3931 (laverunt
1544 3863 1688 3929 enim
1714 3862 1878 3918 stolas
1918 3878 2042 3918 suas

469 3950 526 3997 et
548 3944 804 3999 candidas
827 3961 918 4000 eas
948 3946 1188 4002 fecerunt
1218 3949 1270 4002 in
1317 3950 1576 4019 sanguine
1600 3951 1757 4021 Agni)
1786 3952 1932 4006 illum
1962 3968 2046 4007 se—

443 4104 446 4109 _
471 4032 563 4099 qui
591 4044 1022 4102 promcruerunt,
1054 4039 1347 4092 cantabunt
1379 4039 1489 4094 Deo
1509 4041 1784 4095 canticum
1811 4058 2006 4097 novum
2025 4084 2040 4109 ,

467 4118 695 4174 Alleluia
717 4123 962 4179 videlicet
981 4126 1275 4197 angelicum
1298 4143 1514 4181 carmen
1536 4167 1550 4193 ,
1575 4129 1660 4182 die
1695 4138 1961 4200 noctuque
1991 4132 2042 4185 in

473 4211 677 4281 templo
700 4225 884 4270 sancto
908 4215 1053 4284 ejus,
1092 4233 1189 4272 nec
1228 4218 1332 4271 erit
1379 4218 1450 4273 ibi
1488 4219 1661 4273 luctus
1710 4235 1883 4290 neque
1909 4222 2045 4277 ullus

474 4298 646 4365 'dolor,
678 4303 800 4371 quia
833 4307 1004 4373 prima
1041 4305 1288 4362 abierunt
1310 4347 1325 4372 ,
1374 4310 1660 4377 omniaque
1713 4308 1850 4365 facta
1884 4321 2044 4366 erunt

472 4404 630 4445 nova.
668 4392 832 4463 Igitur
872 4411 1090 4451 necesse
1137 4407 1219 4452 est
1247 4406 1305 4451 ut
1331 4397 1495 4452 Deum
1545 4406 1600 4452 et
1638 4399 1920 4454 Dominum
1949 4418 2046 4457 no-

474 4489 644 4535 strum
674 4483 776 4538 ﬁde
811 4486 988 4555 plena,
1010 4504 1127 4557 qua:
1147 4490 1331 4559 utique
1359 4504 1454 4559 per
1482 4490 1822 4554 dilectionem
1855 4509 2042 4562 opera-

476 4578 587 4637 tur,
609 4573 825 4642 placare
851 4579 1176 4644 Studeamus,
1205 4591 1472 4650 quatenus
1503 4583 1613 4651 ipse
1658 4592 1784 4639 tunc
1833 4587 2043 4654 adjutor

474 4670 532 4715 et
567 4663 806 4741 salvator
846 4676 1030 4722 noster
1073 4658 1183 4723 ﬁeri
1213 4672 1482 4740 dignetur,
1515 4673 1726 4741 quando
1751 4677 2041 4731 secundum

477 4747 785 4819 Scripturas
811 4756 875 4808 ad
905 4754 1165 4823 judicium
1211 4760 1447 4823 venerit,
1499 4760 1742 4830 ignisque
1769 4771 1893 4818 ante
1918 4780 2040 4820 eum

477 4842 705 4908 praaibit,
736 4851 789 4898 et
815 4845 1162 4901 inﬁammabit
1189 4850 1242 4901 in
1269 4849 1494 4904 circuitu
1522 4851 1768 4908 inimicos
1815 4854 1953 4923 ejus,
1987 4865 2041 4911 et

481 4931 695 4985 venient
722 4935 949 4989 ministri
974 4937 1110 5005 ejus,
1143 4947 1197 4993 et
1234 4939 1483 5010 colligent
1511 4943 1574 4997 de
1606 4959 1769 5015 regno
1787 4944 1901 5012 ejus
1924 4961 2039 5001 om-

485 5021 573 5076 nia
600 5025 874 5089 scandala,
896 5036 950 5081 et
979 5028 1267 5098 alligabunt
1288 5032 1491 5087 zizania
1519 5034 1783 5090 fasciculis
1812 5015 1876 5090 ad
1901 5053 2044 5092 com-

480 5108 800 5178 burendum,
831 5116 1061 5171 triticum
1090 5130 1265 5175 autem
1292 5125 1687 5194 congregabunt
1715 5125 1767 5178 in
1794 5127 2042 5180 horreum

483 5203 692 5258 Domini
723 5205 825 5259 sui.
848 5204 892 5260 Ο
912 5200 1133 5270 nimium
1163 5211 1287 5266 felix
1308 5214 1506 5278 anima,
1525 5215 1609 5268 cui
1635 5215 1759 5269 licet
1781 5231 1899 5269 cum
1929 5232 2043 5270 cor-

480 5303 611 5357 pore
634 5291 1024 5364 incorruptibili
1057 5297 1256 5357 intrare
1293 5302 1483 5369 jannas
1529 5303 1683 5366 cmli,
1744 5313 1799 5357 ct
1833 5307 2043 5359 mundis

479 5379 652 5434 oculis
691 5382 868 5438 cordis
893 5393 1162 5440 auctorem
1190 5393 1496 5458 conspicere
1523 5392 1678 5446 lucis!
1712 5393 1873 5460 Cujus
1901 5396 2041 5464 desi-

482 5467 692 5523 derium
733 5472 833 5526 rite
881 5481 1007 5528 tunc
1042 5475 1342 5544 implebitur
1371 5483 1580 5548 quando
1609 5497 1672 5535 ex
1703 5487 1846 5536 omni
1894 5493 2042 5552 parte

484 5558 716 5625 perfecta
744 5561 994 5628 manebit,
1021 5573 1075 5618 ct
1123 5574 1318 5619 :ctcrno
1347 5569 1535 5633 gaudio
1562 5585 1678 5624 cum
1708 5571 1904 5624 sanctis
1935 5572 2042 5636 spi-

2141 1795 2366 1836 numero
2391 1796 2487 1850 per
2516 1781 2821 1848 Christum,
2862 1783 2952 1851 qui
2987 1784 3040 1836 in
3069 1792 3218 1838 sexta
3249 1783 3385 1838 feria
3411 1783 3705 1839 cruciﬁxus

2144 1877 2264 1934 est,
2314 1869 2498 1923 mundi
2551 1871 2818 1939 reparatio
2867 1871 3101 1940 perfecta
3161 1872 3478 1932 insinuatur.
3539 1873 3706 1929 Clara

2142 1959 2481 2027 nempedies
2507 1959 2594 2014 illa
2629 1959 2752 2026 fuit,
2801 1976 2906 2030 qua
2951 1957 3206 2017 Conditor
3233 1968 3379 2032 opus
3394 1979 3544 2018 suum
3581 1979 3709 2035 pero

2142 2045 2293 2111 fecit,
2320 2062 2421 2104 nec
2440 2048 2618 2102 minus
2644 2049 2748 2106 ista
2776 2049 2919 2105 clara
2947 2059 3052 2115 est,
3075 2066 3179 2120 qua
3221 2050 3545 2121 Redemptor
3569 2067 3708 2121 opus

2129 2122 2296 2191 suum
2329 2137 2679 2192 restaurando
2705 2138 3076 2194 sanctiﬁcavit.
3132 2140 3281 2194 Tunc
3323 2155 3450 2210 ergo
3489 2150 3708 2195 creator

2141 2238 2445 2283 creaturam
2474 2245 2627 2285 suam
2646 2216 2918 2300 operando
2943 2233 3256 2304 complevit,
3286 2242 3341 2289 et
3367 2251 3507 2289 nunc
3535 2236 3706 2291 etiam

2115 2319 2312 2389 ipsam
2341 2321 2638 2389 reparando
2676 2320 3044 2376 benedictione
3087 2323 3291 2378 ccelcsti
3325 2323 3564 2393 replevit.
3604 2325 3707 2378 De-

2143 2408 2306 2479 nique
2349 2410 2418 2464 ad
2455 2411 2832 2470 insinuandum
2871 2412 3183 2481 mysterium
3231 2411 3424 2466 factum
3447 2414 3708 2483 estquod

2142 2485 2389 2555 senarius
2429 2499 2481 2553 in
2525 2508 2755 2568 quatuor
2806 2501 3060 2556 cornibus
3097 2502 3274 2558 crucis
3319 2503 3560 2572 positus,
3604 2518 3706 2573 per

2141 2589 2373 2659 q’uatuor
2395 2588 2575 2660 plagas
2601 2592 2780 2646 mundi
2803 2590 2987 2657 tendit,
3015 2608 3191 2647 rerum
3213 2593 3594 2662 perfectionem
3615 2596 3710 2652 de.

2136 2690 2468 2749 monstrans,
2506 2686 2629 2754 quia
2671 2685 2785 2754 ipse
2809 2701 3063 2741 numerus
3081 2686 3285 2755 primus
3303 2686 3574 2756 perfectus
3598 2697 3705 2753 est,

2143 2773 2363 2844 ipseque
2403 2775 2544 2830 diem
2587 2775 2933 2831 artiﬁcialem
2967 2777 3231 2842 dimidiat,
3280 2786 3335 2832 et
3379 2777 3462 2832 bis
3499 2765 3712 2849 positus

2144 2866 2406 2936 complet;
2429 2867 2543 2936 ipse
2577 2866 2736 2922 unius
2764 2867 2966 2921 mensis
2987 2876 3070 2922 est
3095 2883 3223 2936 pars
3250 2875 3398 2936 sexta
3416 2910 3431 2932 ,
3459 2879 3518 2923 et
3541 2870 3710 2924 totius

2143 2957 2272 3011 anni
2315 2958 2680 3028 sexagesima;
2709 2957 2822 3028 ipse
2859 2958 3207 3026 quadrantem
3245 2959 3572 3014 bissextilem
3613 2974 3711 3012 nu-

2068 3024 2113 3085 (ἶ
2147 3055 2343 3112 merat,
2369 3024 2563 3102 etcum
2592 3024 2827 3116 quinque
2853 3024 3039 3102 diebus
3058 3047 3380 3117 superfluum
3404 3048 3703 3103 coadunat:

2144 3137 2357 3191 ordinat
2400 3145 2587 3192 aetates
2619 3137 2824 3202 mundi,
2875 3143 2929 3191 et
2979 3145 3274 3206 temporum
3311 3152 3527 3191 cursum
3556 3137 3711 3194 ﬁniet

2143 3227 2356 3296 quando
2377 3227 2492 3282 Rex
2520 3243 2705 3297 regum
2740 3214 2917 3283 veniet
2950 3229 3148 3282 sanctis
3181 3228 3294 3282 suis
3321 3227 3527 3296 placido
3554 3229 3708 3282 vultu

2142 3327 2358 3390 peccata
2386 3320 2654 3374 dimittere
2691 3309 2745 3374 et
2779 3333 2942 3390 regna
2985 3320 3222 3396 calestia
3263 3320 3491 3374 tradere.
3541 3320 3705 3390 Ergo,

2143 3413 2282 3466 bone
2307 3426 2403 3465 rex
2428 3411 2639 3466 Christe
2666 3411 2814 3478 Jesu,
2843 3421 2896 3465 tu
2926 3413 3063 3467 bene
3088 3411 3191 3466 scis
3219 3410 3432 3465 famulis
3461 3413 3709 3466 tuis-cer—

2143 3510 2196 3555 ta
2222 3504 2438 3571 praemia
2476 3504 2603 3558 dare
2651 3518 2784 3573 quos
2809 3518 2873 3558 ex
2896 3504 3040 3565 omni
3075 3505 3274 3568 mundo
3310 3520 3438 3559 vera
3465 3503 3584 3557 ﬁdei
3614 3503 3708 3557 lux

2145 3593 2467 3658 illuminans,
2498 3601 2551 3648 et
2578 3595 2731 3649 vivus
2770 3593 3044 3663 sapientiae
3079 3595 3303 3648 haustus
3333 3595 3584 3663 irrigans,
3617 3595 3710 3649 de-

2143 3696 2239 3735 cor
2257 3681 2535 3736 charitatis
2551 3690 2622 3736 ~et
2662 3681 2885 3750 iustitia:
2932 3699 3093 3752 opera
3130 3685 3234 3738 rite
3265 3692 3520 3738 ornantes
3553 3683 3621 3737 ad
3655 3691 3708 3738 te

2144 3757 2522 3840 perduxerant.
2561 3774 2798 3842 Denique
2825 3774 3110 3841 praedictus
3129 3787 3387 3827 numerus
3408 3773 3552 3825 circa
3580 3787 3706 3826 cru-

2145 3876 2260 3918 cem
2286 3863 2489 3930 positus
2533 3860 2735 3918 indicat
2768 3879 3085 3918 concursum
3129 3864 3361 3933 plebium
3402 3878 3432 3917 a
3471 3870 3705 3932 quatuor

2143 3953 2315 4028 plagis
2334 3954 2516 4007 mundi
2537 3954 2600 4006 ad
2616 3951 3020 4021 Redemptorem
3043 3968 3216 4016 suum,
3230 3952 3347 4022 ejus
3368 3952 3704 4009 divinitatem

2144 4059 2243 4112 pro
2275 4051 2472 4096 :cterna
2498 4043 2668 4096 salute
2697 4043 3090 4111 deprecantium
3108 4083 3122 4107 ,
3155 4051 3213 4096 ut
3241 4043 3408 4111 ipsius
3435 4042 3705 4112 magnitu-

2146 4133 2322 4187 dinem
2350 4147 2415 4186 ex
2441 4133 2676 4202 perfecto
2706 4132 2978 4202 Evangelii
3012 4134 3257 4204 dogmate
3285 4131 3439 4186 avide
3468 4132 3700 4196 discant,

2145 4231 2200 4278 ct
2232 4221 2519 4292 perfectam
2552 4223 2708 4277 ﬁdem
2735 4222 2983 4291 perfectis
3012 4222 3260 4291 operibus
3283 4220 3529 4290 probent.
3575 4219 3705 4275 Om-

2148 4315 2234 4368 nia
2279 4314 2492 4382 quidem
2528 4328 2688 4383 opera
2719 4313 2810 4367 Dei
2838 4312 3392 4383 perfecta'perfectum
3420 4312 3701 4365 insinuant

2146 4415 2468 4472 creatorem,
2498 4406 2819 4476 proprioque
2857 4405 3046 4460 decore
3070 4405 3183 4472 ejus
3216 4404 3467 4478 decorem.
3503 4402 3707 4455 inaesti-

2145 4494 2394 4548 mabilem
2419 4483 2699 4551 testantur.
2744 4493 2999 4549 Universa
3043 4509 3161 4562 quae
3209 4493 3260 4545 in
3288 4491 3446 4546 caelis
3469 4499 3614 4552 sunt,
3648 4499 3706 4544 ct

2144 4584 2345 4650 qum'in
2374 4591 2538 4646 terra,
2562 4593 2614 4637 et
2646 4598 2765 4651 quae
2805 4583 2858 4636 in
2894 4583 3050 4647 mari,
3079 4582 3335 4650 Optimum
3367 4579 3586 4632 laudant
3612 4593 3705 4632 ar-

2147 4674 2342 4728 tiﬁcem
2367 4691 2378 4724 :
2406 4681 2460 4724 at
2490 4687 2587 4726 nos
2609 4674 2850 4726 homines
2871 4711 2886 4736 ,
2927 4672 3017 4740 qui
3053 4670 3378 4738 aliquantula
3399 4685 3524 4737 pars
3549 4683 3702 4722 crea-

2124 4773 2280 4833 iturae
2314 4760 2430 4830 ejus
2475 4778 2656 4816 sumus
2682 4802 2696 4826 ,
2740 4755 2863 4815 licet
2889 4776 2993 4814 non
3023 4761 3578 4827 condignamhtamen
3608 4756 3705 4809 de-

2144 4861 2321 4907 votam
2347 4860 2621 4906 cantemus
2650 4851 2871 4922 gloriam
2921 4850 3119 4904 nomini
3144 4847 3257 4915 ejus
3279 4887 3293 4910 ,
3337 4855 3390 4898 et
3418 4846 3617 4915 gratias
3649 4846 3704 4898 ei

2145 4955 2364 5010 agamus
2393 4954 2490 5008 pro
2520 4940 2881 5008 redemptione
2924 4945 3102 4991 nostra
3126 4977 3139 4998 ,
3183 4935 3307 5004 quia
3352 4934 3439 4987 ille
3478 4933 3568 5001 qui
3600 4949 3704 4988 nos

2148 5030 2272 5084 fecit
2302 5039 2356 5084 et
2383 5030 2784 5097 multiplicavit,
2828 5029 2941 5096 ipse
2981 5042 3076 5081 nos
3103 5025 3316 5096 proprio
3346 5024 3603 5092 sanguine
3630 5023 3705 5076 de

2147 5121 2349 5175 inimici
2378 5129 2643 5189 potestate
2667 5118 2949 5173 liberavit:
2976 5119 3051 5172 sic
3073 5106 3281 5187 quoque
3301 5117 3352 5168 in
3377 5116 3478 5168 hoc
3499 5114 3702 5170 celebri

2147 5212 2385 5264 carmine
2411 5210 2525 5277 ejus
2562 5225 2818 5273 amorem,
2848 5224 3004 5278 quem
3029 5210 3081 5261 in
3110 5209 3262 5261 nobis
3291 5208 3402 5274 ipse
3441 5203 3699 5267 ostendit,

2147 5303 2512 5370 prmdicemus,
2553 5302 2676 5369 quia
2703 5302 2841 5355 hunc
2871 5298 3221 5353 inmstimabili
3245 5299 3447 5366 pietate
3474 5310 3701 5364 operan-

2145 5394 2213 5444 do
2236 5391 2659 5454 demonstravit,
2700 5391 3024 5444 dcfensando
3070 5387 3391 5450 insinuavit,
3423 5386 3703 5439 suadendo

2145 5496 2355 5549 quoque
2374 5491 2426 5533 ct
2444 5482 2540 5536 sibi
2573 5481 2822 5550 placitum
2859 5497 2974 5535 esse
3009 5479 3333 5535 ostendendo
3368 5495 3462 5532 nos
3500 5479 3698 5532 habere
3753 5497 3756 5499 λ

2142 5572 2408 5638 praecepit.
