3958 6350
247 317 350 374 289

801 421 1019 478 CAPUT
1072 418 1254 472 xxw.
1361 492 1365 496 ι

256 516 332 573 De
363 518 603 573 vicesima
633 523 813 584 quarta
847 511 1041 584 specie,
1090 509 1174 562 ubi
1202 505 1554 584 centenarias,
1583 498 1806 584 quadra-

361 587 605 658 genariae
633 578 678 638 ἐι
702 578 1061 653 quaternarius
1085 591 1328 632 numerus
1348 578 1578 641 signatus
1605 578 1701 623 est.

326 695 370 750 Ο
393 694 546 764 plebs
573 694 761 747 dilecta
804 693 930 753 Deo,
960 689 1327 743 sanctissimus
1356 685 1484 739 ordo
1521 681 1806 750 virginum,

253 782 559 841 benedicite
587 781 814 836 Domino
862 778 1098 838 Christo,
1142 782 1418 829 cantantes
1460 773 1510 826 ei
1539 769 1808 825 canticum

257 887 484 938 novum,
513 871 656 940 quod
681 869 887 925 caeteris
910 851 1159 920 omnibus
1185 861 1568 928 est,imitabile.
1594 859 1810 914 Psallite

257 964 425 1017 decus
457 961 640 1030 gloria:
674 956 989 1014 immortalis
1033 963 1157 1011 ante
1189 953 1370 1009 sedem
1403 949 1688 1005 Altithroni
1712 989 1728 1014 ,
1757 955 1812 1002 et

257 1059 387 1105 aute
406 1057 634 1117 quatuor
652 1045 918 1110 animalia,
942 1060 1059 1114 quae
1088 1044 1309 1099 diversis
1329 1040 1562 1096 vultibus
1583 1038 1810 1092 formata

261 1145 427 1200 sunt,
474 1143 528 1187 et
571 1141 694 1187 ante
735 1134 920 1202 viginti
957 1139 1187 1200 quatuor
1213 1129 1452 1183 seniores
1481 1126 1726 1182 sedentes
1758 1125 1810 1177 in

260 1222 448 1297 viginti
487 1234 714 1294 quatuor
758 1224 1033 1278 sedilibus.
1091 1221 1197 1275 Vos
1233 1219 1364 1273 estis
1391 1218 1587 1286 sumpti
1615 1217 1682 1271 ab
1716 1215 1811 1269 ho—

263 1316 530 1379 minibus,
563 1313 814 1385 primitiae
842 1312 950 1366 Deo
978 1321 1032 1364 et
1056 1309 1226 1379 Agno,
1256 1307 1596 1377 pulchraque
1621 1305 1814 1358 cohor-

263 1413 366 1468 tes,
399 1403 674 1473 sanguinis
710 1399 856 1457 illius
902 1397 1076 1468 pretio
1113 1404 1454 1465 comparatae,
1500 1394 1554 1448 in
1580 1393 1695 1463 ejus
1724 1407 1814 1446 ca—

234 1496 392 1564 .stris
450 1490 762 1553 consistitis,
817 1504 880 1542 ac
932 1487 1271 1557 dignissimas
1324 1485 1504 1539 laudes
1555 1481 1811 1552 triumphi

264 1581 582 1636 nobilissimi
616 1578 862 1634 cantatis.
906 1577 1093 1633 Vestra
1139 1590 1326 1630 manus
1363 1573 1585 1628 citharis
1627 1571 1813 1627 modu-

266 1670 404 1733 lans,
448 1669 649 1725 vultum
690 1667 786 1724 Dei
829 1680 1075 1720 serenum
1101 1679 1165 1718 ac
1189 1661 1498 1746 placabilem
1534 1659 1815 1726 terrigenis

1359 298 1698 372 LAUDIBUS
1738 297 1795 353 S.
1837 294 2106 356 CRUCIS.
2146 296 2377 352 -——'LlD.
2418 293 2511 348 ΙΙ..

1833 410 1884 469 Α
1910 409 2043 462 dens
2071 407 2332 478 dignitate
2367 406 2721 476 quantitatem
2750 402 2943 457 virium
2970 409 3271 462 nostrarum
3301 404 3466 472 .argi-
3557 451 3561 454 .

3357 287 3461 343 290

1910 499 2113 553 tionem
2135 511 2346 566 quoque
2391 509 2671 550 munerum
2704 503 3005 546 nostrorum
3030 491 3314 560 superasti.
3352 488 3483 546 Nec‘

1908 589 2130 649 mirum,
2157 587 2280 641 c‘um
2306 587 2468 640 etiam
2493 584 2732 640 cmlestia
2755 582 2914 637 simul
2954 591 3009 636 et
3033 583 3312 636 terrestria
3334 590 3464 635 cun-

1908 689 1995 735 cta
2029 695 2285 750 superas,
2332 692 2431 733 nec
2473 679 2603 733 satis
2627 677 2770 731 valet
2798 675 2934 729 ullus
2969 673 3230 743 majestati
3261 681 3363 726 tua:
3387 671 3466 725 fa-

1908 785 2033 834 cere
2070 777 2162 823 aut
2210 769 2372 822 verba
2414 767 2676 835 condigna
2722 763 2916 820 honori
2955 771 3045 818 tuo
3081 769 3285 831 aptare.
3322 761 3468 828 Qua-

1906 870 2124 932 propter
2150 858 2350 914 tentavi
2376 873 2440 912 ex
2463 857 2771 910 cmlestibus
2796 855 2912 911 odis
2938 853 3180 924 quaedam
3208 853 3367 907 verba
3399 851 3467 904 ad

1901 932 2230 1025 laudandum
2258 958 2311 1004 te
2341 961 2581 1013 sumere,
2632 962 2752 1016 quae
2788 946 2947 999 etiam
2976 943 3170 1014 speciei
3205 951 3311 998 tua:
3334 942 3469 1012 ligu-

1910 1057 2089 1111 raeque
2112 1033 2458 1114 convenirent
2483 1057 2496 1091 :
2533 1034 2767 1106 disposui
2791 1036 2977 1090 eadem
3001 1035 3160 1089 verba
3186 1034 3238 1087 in
3273 1032 3467 1102 pagina

1909 1137 2157 1186 versuum
2195 1144 2302 1184 non
2342 1127 2723 1190 continuatim,
2771 1125 2860 1181 sed
2892 1126 3157 1194 disperse,
3188 1132 3243 1178 et
3270 1122 3469 1178 inserui

1885 1222 2178 1292 angelicas
2225 1227 2455 1282 cantus,
2497 1219 2665 1272 Amen
2713 1215 2958 1270 videlicet
2993 1216 3044 1268 in
3086 1213 3262 1268 medio
3296 1214 3470 1267 crucis

1911 1309 2199 1374 collocaris,
2221 1317 2279 1364 et
2310 1324 2429 1363 cum
2458 1306 2681 1360 Alleluia
2707 1320 2906 1359 cornua
2937 1305 3075 1359 illius
3100 1294 3390 1374 complens,
3413 1310 3473 1355 ut

1912 1402 1992 1456 sic
2017 1415 2230 1470 quoque
2280 1399 2420 1452 hanc
2462 1411 2670 1452 sacram
2712 1394 2937 1464 elligiem
2985 1394 3187 1449 cmlesti
3231 1393 3472 1449 carmine

1913 1489 2209 1560 signarem,
2247 1495 2303 1542 et
2336 1486 2646 1556 mysterium
2686 1501 2784 1554 per
2810 1486 2911 1538 hoc
2941 1484 3286 1560 insinuarem.
3338 1481 3471 1537 Nam

1915 1557 2099 1634 ﬁdeles
2127 1578 2324 1647 quique
2352 1585 2407 1632 et
2426 1575 2758 1650 justifamuli
2793 1573 2885 1627 Dei
2915 1573 3095 1627 mundi
3117 1557 3327 1641 sceptra
3349 1572 3475 1626 hinc

1918 1671 2248 1740 triumphant
2271 1710 2285 1732 ,
2333 1676 2388 1723 et
2413 1653 2700 1721 munerum
2729 1665 2872 1719 illius
2920 1665 3165 1726 decorem
3193 1673 3470 1733 spernunt,

266 1758 476 1822 reddet,
503 1772 621 1813 cum
650 1756 882 1810 clamore
903 1753 1078 1809 valido
1105 1742 1240 1821 atria
1263 1753 1451 1806 domus
1485 1749 1696 1806 Domini
1723 1742 1816 1801 ἑο·
1843 1753 1889 1812 Β
1917 1764 2027 1818 hoc
2050 1762 2226 1832 palam
2254 1760 2605 1830 pmdicames
2626 1801 2639 1823 ,
2678 1758 2819 1827 quod
2852 1773 2945 1827 spe
2973 1765 3290 1811 mmmam",
3315 1756 3476 1809 amm-

263 1847 440 1924 pleus,
467 1855 718 1915 tanquam
747 1859 851 1900 vox
889 1842 1108 1898 tonitrui
1143 1841 1318 1912 magni
1341 1847 1491 1895 tonat
1514 1839 1567 1894 in
1593 1840 1813 1902 mthere,

269 1922 327 1992 et
353 1937 491 1990 sicut
524 1951 626 1989 vox
671 1941 953 2002 concrepat
979 1947 1234 2001 aquarum
1273 1930 1558 1985 multarum
1589 1922 1643 1983 in
1671 1927 1820 1982 valli-

267 2027 389 2083 bus.
442 2024 502 2080 In
542 2038 636 2079 ore
677 2039 887 2093 quoque
924 2031 1102 2077 vestro
1134 2037 1237 2076 non
1273 2029 1356 2077 est
1378 2021 1709 2075 mendacium
1740 2020 1822 2072 in—

267 2125 484 2171 ventum
511 2129 681 2183 neque
703 2116 756 2168 in
779 2113 936 2169 corde
959 2112 1131 2175 dolus,
1155 2112 1245 2168 sed
1270 2112 1356 2182 pla
1383 2110 1619 2169 carmina
1640 2119 1822 2178 aptan-

270 2217 376 2272 tes,
421 2205 610 2274 dignas
641 2204 824 2258 laudes
879 2212 1001 2257 ante
1034 2203 1283 2257 thronum
1323 2201 1414 2254 Dei
1451 2200 1533 2255 die
1555 2208 1822 2268 noctuque

272 2295 577 2358 mncinitis,
617 2309 714 2364 per
754 2293 947 2348 indicia
986 2292 1307 2363 virginitatis
1352 2298 1511 2360 atque
1557 2289 1822 2344 castitatis

274 2387 519 2455 corporis
541 2394 703 2454 atque
722 2385 923 2455 ,anima:
944 2369 964 2449 |,
1001 2398 1119 2453 qua:
1156 2384 1207 2437 in
1234 2383 1386 2437 vobis
1411 2397 1503 2437 rex
1533 2389 1711 2438 vester
1735 2396 1824 2435 su-

271 2490 370 2546 per
397 2475 576 2544 omnia
627 2474 814 2544 diligit.
855 2472 987 2536 Nam
1031 2473 1169 2529 hanc
1202 2472 1433 2528 animam
1466 2471 1619 2525 vobis
1647 2469 1832 2524 nullus

273 2565 410 2624 alius
431 2564 598 2630 dedit,
627 2579 785 2633 quam
809 2562 998 2618 ductor
1025 2570 1078 2618 et
1112 2561 1359 2619 conditor
1395 2569 1595 2624 vester,
1626 2568 1686 2613 ut
1708 2559 1824 2613 sine

273 2655 381 2712 ulla
411 2655 825 2725 reprehensione
850 2653 1087 2707 viventes
1114 2652 1169 2706 in
1194 2652 1372 2715 terris,
1413 2658 1667 2704 aeternam
1698 2648 1824 2704 inde

274 2743 762 2797 remunerationem
812 2742 1146 2810 postmodum
1204 2739 1517 2809 acciperetis
1554 2739 1615 2792 .in
1650 2738 1819 2792 cmlis.

278 2833 614 2906 Quapropter
665 2831 1070 2903 probatissimus
1116 2839 1170 2886 et
1216 2829 1640 2899 perfectissimus
1688 2829 1824 2884 ordo

276 2924 565 2994 virginum,
588 2924 680 2992 qui
714 2923 924 2976 diverso
951 2936 1080 2976 sexu
1125 2931 1178 2975 et
1213 2921 1270 2976 in
1315 2920 1556 2974 dissimili
1582 2927 1738 2974 aetate
1766 2919 1821 2973 in

276 3013 474 3071 mundo
511 3013 780 3070 cmlestem
825 3013 1283 3069 conversationem
1329 3013 1552 3079 agebas,
1580 3012 1648 3068 ab
1675 3010 1818 3065 omni

276 3101 651 3164 fornicationis
702 3103 1102 3171 inquinamento
1157 3092 1360 3160 alienus
1395 3142 1410 3166 ,
1458 3110 1511 3156 et
1546 3102 1630 3156 ab
1673 3100 1821 3159 omni
1849 3079 1892 3145 (ἶ

280 3194 534 3263 spurcitia
564 3193 757 3248 diaboli
806 3193 1056 3247 immunis
1078 3232 1094 3256 ,
1132 3206 1225 3259 per
1257 3190 1482 3245 olIicium
1521 3189 1631 3245 oris
1652 3203 1717 3242 ac
1739 3187 1828 3242 de-

277 3283 548 3340 votionem
587 3282 789 3344 cordis,
836 3289 1149 3350 gestumque
1177 3281 1414 3349 corporis
1449 3279 1688 3348 placidus
1713 3277 1827 3335 lau-

281 3369 507 3430 desDeo
537 3371 777 3426 decanta.
832 3369 968 3424 Ecce
1015 3370 1267 3423 transitus
1311 3377 1484 3422 vester
1525 3369 1591 3424 ad
1631 3367 1824 3423 cmlum

279 3461 517 3515 directus
540 3470 646 3523 est,
676 3459 764 3513 ubi
787 3473 991 3513 merces
1010 3467 1209 3512 aeterna
1238 3458 1386 3512 vobis
1406 3467 1591 3526 parata
1618 3467 1720 3521 est,
1737 3458 1827 3511 ubi

280 3547 660 3606 immaculatus
694 3547 915 3615 virginis
953 3544 1120 3616 agnus
1161 3555 1314 3615 prata
1357 3547 1593 3614 depascit
1618 3545 1823 3622 ﬂorida,

279 3651 436 3709 quem
458 3650 512 3693 et
537 3654 631 3696 vos
660 3647 940 3706 sequentes
965 3653 1278 3707 quocunque
1307 3639 1425 3692 ierit
1459 3631 1670 3693 ammna
1703 3654 1826 3694 car-

279 3729 406 3799 pitis
431 3743 660 3797 pascua,
695 3727 927 3804 singulas
959 3729 1124 3783 stolas
1153 3742 1271 3784 cum
1305 3728 1458 3785 laude
1484 3730 1749 3784 castitatis
1772 3729 1847 3806 in,

280 3819 567 3887 animabus
613 3818 806 3872 vestris
847 3817 959 3886 jam
1009 3819 1227 3882 tenetis,
1287 3817 1418 3874 alias
1466 3816 1620 3885 juxta
1666 3809 1844 3873 ﬁnem'

283 3910 471 3969 mundi
495 3909 548 3961 in
577 3907 887 3976 corporibus
908 3906 1292 3963 immortalibus
1317 3909 1606 3976 accepturi,
1636 3907 1830 3976 duplici

283 3999 491 4054 honore
531 3997 849 4067 gaudebitis.
891 3996 1223 4066 Quapmpter
1256 4011 1470 4050 oranms
1497 4005 1551 4050 et
1580 3999 1832 4052 obsecra-

287 4102 407 4143 mus
427 4101 544 4152 vos,
575 4101 607 4140 o
647 4085 826 4154 populi
855 4094 907 4138 et
949 4086 1158 4155 agmina
1199 4086 1431 4141 caelestis
1470 4087 1706 4152 militiae,
1739 4102 1834 4156 per

287 4195 484 4234 nomen
528 4178 912 4234 nobilissimum
958 4185 1012 4230 et
1056 4177 1260 4246 insigne
1285 4177 1695 4236 famosissimum
1744 4179 1834 4232 de—

287 4269 431 4323 coris
463 4269 674 4333 vestri,
709 4275 768 4325 ut
796 4267 883 4320 ubi
914 4281 1007 4322 vos
1044 4266 1158 4334 jam
1198 4267 1304 4322 lzcti
1345 4282 1464 4321 cum
1495 4283 1617 4338 rege
1654 4276 1834 4321 vestro

291 4360 544 4428 regnetis,
596 4357 666 4412 ibi
683 4357 847 4411 nobis
877 4364 1072 4410 aeterna
1113 4357 1300 4426 gaudia
1335 4359 1623 4426 promereri
1662 4366 1834 4411 certe-

294 4450 383 4511 tis,
429 4456 692 4517 quatenus
731 4447 914 4515 Agnus
953 4445 1036 4499 ille
1075 4447 1178 4498 dux
1224 4453 1280 4500 ct
1321 4445 1484 4515 gloria
1512 4456 1709 4507 vestra,
1742 4448 1831 4513 qui

291 4537 414 4592 cceli
459 4535 762 4588 dominatur
804 4533 856 4587 in
905 4548 1056 4596 arcc,
1103 4535 1357 4587 concedat
1380 4535 1532 4588 nobis
1564 4535 1734 4588 locum
1762 4522 1834 4588 ibi

295 4624 587 4693 spatiosum
628 4630 680 4677 et
720 4621 1143 4684 desiderabilem,
1169 4631 1224 4674 ut
1249 4633 1482 4676 vestrum
1519 4632 1734 4679 cantum
1757 4631 1835 4676 et-

289 4713 339 4763 si
368 4725 470 4763 non
500 4710 1022 4778 cantarepossimus,
1048 4710 1232 4765 saltem
1255 4727 1371 4765 cum
1393 4712 1724 4780 jocunditate
1743 4728 1836 4782 per

291 4800 485 4855 saecula
509 4800 807 4853 audiamus.

847 4889 1068 4946 CAPUT
1110 4890 1268 4945 XXV.

293 4977 370 5032 De
409 4978 646 5043 ticesima
674 4977 851 5047 quinta
889 4979 1080 5058 figura,
1109 4979 1194 5058 ubi
1238 4977 1459 5031 Alleluia
1485 4988 1532 5030 ct
1561 4982 1722 5032 Amen
1745 4993 1838 5047 po-

383 5111 401 5119 ,
938 5057 1038 5099 sua
1061 5057 1199 5100 sunt.

365 5158 408 5215 0
429 5160 544 5213 laus
561 5160 647 5231 pia
667 5168 726 5220 et,
741 5167 989 5227 perpetua
1012 5165 1207 5212 sanctae
1227 5157 1419 5220 crucis,
1444 5143 1603 5226 quam
1635 5165 1839 5210 sancto-

295 5265 412 5307 rum
437 5260 608 5305 «ειυς
632 5251 686 5302 in
723 5249 873 5302 cmlis
915 5247 1245 5318 frequentat,
1277 5248 1420 5302 adsis
1449 5249 1748 5317 terrigenis,
1779 5255 1838 5300 ut

291 5343 493 5411 aliquid
513 5340 772 5395 decenter
796 5347 847 5394 et
871 5340 1028 5407 digne
1060 5340 1130 5394 de
1158 5347 1208 5392 te
1233 5337 1475 5407 proferre
1505 5338 1718 5392 valeant
1735 5377 1752 5402 ,
1775 5346 1838 5390 et

295 5434 452 5502 pleno
485 5448 580 5488 ore
623 5432 851 5502 gloriam
896 5440 1041 5484 tuam
1077 5432 1382 5500 praedicare.
1435 5431 1544 5500 Ego
1585 5444 1835 5498 namque.

292 5523 638 5593 grammati,
657 5531 739 5584 te,
755 5529 939 5575 sancta
951 5536 1115 5583 crux,
1133 5521 1354 5574 metrico
1373 5520 1480 5574 ritu
1491 5520 1687 5582 cecini,
1701 5519 1838 5572 mul-

293 5614 520 5670 tum
550 5612 858 5669 desiderans
885 5610 1068 5684 in~liqc
1103 5609 1415 5664 satisfacere
1434 5650 1447 5672 ,
1476 5610 1568 5664 scd
1600 5618 1654 5662 tu
1686 5625 1848 5664 cares

1861 4407 1909 4465 D

1917 1849 2052 1904 ﬁdei.
2088 1866 2184 1920 per
2233 1864 2296 1904 os
2333 1849 2623 1902 electorum
2676 1862 2939 1901 resonans
2975 1846 3193 1915 praemia
3237 1845 3476 1899 coelestia

1917 1941 2028 1994 suis
2059 1939 2398 1993 consortibus
2422 1945 2713 2006 praeparet,
2764 1945 2814 1990 et
2846 1937 3122 2005 antiquum
3151 1936 3356 1990 hostem
3382 1951 3477 1988 au-

1918 2029 2088 2100 fuget,
2112 2030 2220 2101 qui
2235 2029 2467 2098 primum
2492 2028 2728 2082 humano
2757 2028 2936 2096 generi
2964 2027 3307 2081 smvissimam
3341 2026 3479 2078 intu-

1919 2118 1979 2172 lit
2023 2127 2249 2173 mortcm
2275 2158 2289 2180 ,
2334 2127 2390 2171 et
2444 2133 2473 2170 a
2521 2116 2859 2193 protoplastis
2899 2101 3208 2185 parentibus
3255 2116 3475 2179 nostris,

1920 2218 2084 2264 totam
2127 2208 2437 2277 progeniem
2483 2221 2648 2276 usque
2675 2207 2726 2259 in
2754 2207 3039 2260 adventum
3064 2205 3262 2260 Christi
3298 2205 3362 2259 ad
3395 2207 3476 2259 in—

1921 2299 2056 2354 ferni
2083 2299 2198 2353 loca
2222 2300 2546 2353 detraxerat.
2588 2298 2657 2351 At
2683 2313 2799 2362 nos,
2827 2312 2959 2366 quos
2980 2294 3300 2366 desiderium
3321 2305 3477 2350 aeter-

1920 2406 2109 2445 norum
2139 2391 2208 2444 ad
2239 2389 2406 2444 ctelos
2445 2389 2622 2441 animo
2665 2386 2872 2452 elevat,
2916 2361 3345 2454 prieoCcIipemus
3388 2385 3474 2438 fa-

1920 2482 2057 2536 ciem
2086 2479 2297 2533 Domini
2325 2478 2378 2532 ln
2408 2476 2764 2538 confessione,
2795 2483 2846 2529 et
2876 2475 2927 2528 in
2957 2472 3174 2544 psalmis
3204 2473 3305 2527 rite
3325 2472 3473 2540 jubi-

1921 2575 2126 2636 lantes,
2147 2570 2372 2641 gratiam
2415 2569 2470 2624 in
2519 2577 2805 2636 conspectu
2834 2566 2948 2634 ejus
2989 2567 3229 2621 invenire
3262 2565 3475 2620 studea-

1921 2679 2040 2718 mus
2065 2681 2078 2715 :
2111 2661 2288 2715 taliter
2312 2660 2365 2713 in
2394 2658 2638 2722 laudibus
2659 2657 2824 2728 ipsius
2845 2655 3201 2718 exsultantes,
3244 2655 3477 2724 qualiter

1916 2750 2139 2819 iustitiae
2163 2749 2404 2818 exposcit
2425 2748 2576 2810 ordo,
2601 2758 2658 2801 et
2679 2754 2987 2800 sanctorum
3011 2745 3231 2814 agmina
3249 2744 3300 2797 in
3324 2743 3476 2797 ctelis

1921 2839 2301 2912 perpetualiter
2344 2836 2759 2892 concelebrant.
2796 2835 2909 2889 Hoc
2949 2843 3076 2890 tunc
3115 2834 3217 2888 rite
3259 2833 3384 2898 ﬂet,
3429 2831 3475 2887 si

1922 2933 2142 3000 implere
2182 2929 2621 2986 contenderimus
2656 2935 2918 2996 praecepta
2945 2926 3230 2989 Tonantis,
3275 2933 3330 2979 et
3369 2939 3476 2978 non

1924 3023 2093 3079 solum
2120 3021 2318 3091 lingua,
2354 3019 2446 3074 sed
2470 3019 2633 3073 etiam
2657 3017 2886 3087 cogitatu
2917 3024 3075 3086 atque
3105 3030 3264 3084 opere
3293 3014 3474 3068 laudes

1925 3110 2258 3183 gratissimas
2284 3109 2464 3164 dicere
2490 3108 2977 3162 decertaverimus:
3003 3121 3126 3159 nam
3153 3118 3331 3160 sermo
3352 3103 3474 3158 ﬁdei

1928 3211 2130 3259 tantum
2155 3213 2248 3254 ore
2274 3197 2544 3268 prolatus,
2588 3197 2706 3251 sine
2735 3194 3018 3250 concordia
3049 3193 3245 3249 mentis
3267 3197 3323 3246 et
3344 3206 3476 3261 ope.

1925 3292 2019 3354 ris,
2041 3304 2151 3354 non
2184 3287 2379 3343 sullicit
2405 3287 2470 3340 ad
2497 3286 2726 3339 salutem
2765 3300 2779 3338 :
2818 3285 2942 3353 quia
2973 3283 3095 3338 talis
3114 3282 3350 3336 laudatio
3372 3297 3477 3336 non
3524 3271 3527 3273 ’

1923 3388 2007 3434 est
2048 3379 2158 3433 Deo
2199 3377 2412 3446 placita,
2454 3391 2571 3445 qua:
2616 3375 2742 3428 licet
2785 3375 2886 3428 sibi
2930 3374 3150 3445 grandia
3175 3374 3475 3442 promittat,

1924 3483 2086 3537 parva
2117 3475 2294 3525 tamen
2323 3473 2554 3519 meretur
2589 3481 2602 3516 :
2637 3463 2762 3532 quia
2806 3461 3062 3530 scriptum
3100 3470 3182 3516 est
3211 3479 3224 3514 ι
3251 3459 3365 3514 Non
3395 3455 3478 3513 est

1924 3557 2144 3628 pulchra
2173 3554 2405 3608 laudatio
2425 3540 2482 3606 in
2528 3567 2619 3606 ore
2655 3551 2967 3619 peccatoris.
3004 3548 3110 3604 Vos
3139 3550 3316 3619 igitur,
3360 3561 3478 3617 pre-

1927 3663 2040 3712 cor,
2072 3646 2319 3700 emlestes
2341 3642 2648 3711 angelorum
2675 3642 2855 3712 plebes
2883 3627 2944 3694 ac
2972 3641 3211 3710 spiritus,
3251 3639 3481 3692 animas-

1927 3752 2031 3817 que
2049 3735 2346 3803 justorum,
2396 3732 2490 3816 qui
2535 3733 2585 3784 in
2631 3740 2917 3800 conspectu
2959 3729 3140 3798 gloria:
3183 3727 3479 3794 majestatis

1929 3816 2119 3883 divinae
2144 3826 2409 3879 veraciter
2436 3822 2715 3878 exsultatis
2733 3861 2747 3884 ,
2776 3830 2834 3875 ut
2862 3821 2999 3875 sicut
3024 3820 3139 3874 sine
3177 3816 3479 3873 cessatione

1927 3915 2150 3968 Alleluia
2202 3922 2255 3966 et
2303 3912 2470 3966 Amen
2527 3919 2840 3980 perpetuum
2889 3908 3114 3962 Domino
3163 3905 3379 3961 Chnisto
3425 3906 3482 3960 in

1929 4013 2185 4057 aeternum
2209 4002 2471 4066 cantatis,
2520 4002 2595 4054 ita
2631 4008 2864 4054 nostram
2902 4013 3110 4068 quoque
3135 4005 3332 4052 sortem
3356 4011 3482 4065 pre-

1932 4094 2083 4148 cibus
2123 4093 2377 4161 adjuvare
2420 4091 2712 4153 studeatis,
2758 4098 3051 4159 quatenus,
3097 4086 3481 4142 beatitudinem

1930 4197 2138 4243 veram,
2165 4195 2322 4248 quam
2346 4194 2448 4234 vos
2481 4180 2587 4248 jam
2620 4179 2852 4250 perfecte
2893 4179 3082 4232 tenetis
3101 4219 3115 4242 ,
3145 4178 3357 4231 tandem
3386 4176 3486 4230 ali-

1933 4271 2144 4339 quando
2167 4282 2264 4338 per
2285 4268 2485 4322 Christi
2515 4269 2737 4336 gratiam
2759 4282 2857 4321 nos
2894 4267 3136 4337 accipere
3164 4281 3483 4324 mereamur.

2473 4375 2701 4432 CAPUT
2750 4375 2937 4430 XXVI.

1941 4468 2017 4522 De
2051 4468 2290 4522 vicesima
2335 4474 2480 4519 sexta
2508 4466 2715 4546 {ign-ra.
2747 4467 2800 4518 in
2829 4483 2929 4536 qua
2955 4463 3260 4535 prophetica
3287 4471 3491 4517 tenten-

2497 4535 2583 4588 tt'a:
2605 4535 2931 4591 denotamur.

2010 4624 2084 4677 Te
2114 4624 2294 4694 igitur,
2325 4638 2358 4675 ο
2385 4630 2566 4677 sancta
2605 4638 2734 4676 crux
2764 4621 2985 4686 Christi,
3011 4621 3227 4676 oracula
3267 4621 3499 4690 prophe-

1941 4723 2117 4768 tarum
2169 4715 2303 4768 bene
2354 4713 2647 4790 honorant,
2705 4709 2844 4764 facta
2897 4713 3210 4778 praedicant,
3267 4711 3493 4762 virtutes

1941 4803 2214 4866 exaltant,
2261 4802 2382 4869 quia
2425 4800 2680 4870 quidquid
2723 4800 2874 4868 plebs
2910 4799 2994 4852 illa
3030 4799 3407 4858 sacratissima,
3436 4806 3495 4851 et

1939 4891 2119 4945 divino
2163 4889 2362 4957 Spiritu
2411 4889 2666 4956 inspirata
2711 4889 3046 4942 vaticinando
3082 4889 3146 4942 de
3172 4887 3371 4945 Christi
3402 4887 3494 4942 ade

1940 4993 2100 5038 ventu
2127 4983 2370 5053 protulit.
2399 4991 2499 5036 tuae
2526 4982 2777 5051 potentiae
2799 4981 3020 5049 gloriam
3048 4982 3101 5035 in
3129 4997 3194 5035 eo
3218 4980 3490 5043 revelavit,

1938 5088 2059 5126 cum
2090 5087 2193 5125 non
2228 5073 2296 5125 ob
2315 5071 2457 5126 aliud
2483 5072 2596 5140 ipse
2635 5071 2879 5124 Salvator
2913 5072 2964 5124 in
3003 5071 3198 5125 mundo
3226 5071 3491 5138 apparuit,

1940 5163 2041 5216 nisi
2069 5163 2253 5229 ut'per
2287 5170 2339 5214 te
2383 5160 2611 5216 salvaret
2652 5172 2816 5226 genus
2845 5159 3151 5212 humanum.
3208 5157 3494 5212 Videamus

1931 5267 2066 5322 ergo
2112 5251 2239 5320 quid
2284 5250 2541 5320 propheta
2583 5258 2638 5302 et
2677 5248 2951 5317 psalmista
2997 5247 3160 5302 David
3189 5247 3414 5309 dixerit,
3445 5247 3494 5299 si

1943 5340 2077 5394 forte
2105 5340 2377 5416 signanter
2415 5338 2611 5405 ahquid
2637 5337 2703 5391 de
2732 5346 2783 5391 te
2822 5337 3028 5390 locutus
3058 5337 3144 5390 sit.
3182 5335 3268 5388 Ait
3302 5336 3444 5389 enim
3474 5352 3488 5387 :

1943 5429 2209 5482 Fuderunt
2249 5444 2622 5494 manuum:
2668 5438 2714 5482 et
2740 5428 2892 5497 pedes
2919 5443 3086 5490 meos,
3135 5428 3496 5480 ἀὶιιαπιεωυε-

1938 5533 2058 5574 runt
2081 5521 2252 5573 omnia
2279 5536 2394 5573 ossa
2427 5536 2562 5573 mea.
2599 5519 2736 5585 Quid
2764 5526 2848 5572 est
2881 5533 3010 5587 ergo
3037 5533 3225 5571 manus
3247 5525 3304 5570 et
3331 5515 3493 5584 pedes

1939 5612 2224 5666 confodere
2245 5651 2258 5676 ,
2288 5625 2514 5678 ossaque
2549 5610 2728 5664 omnia
2767 5609 3104 5662 dinumerare
3123 5648 3135 5670 ,
3163 5607 3265 5662 nisi
3293 5603 3493 5662 Christi
