3958 6358
353 324 447 377 291

1007 330 1064 384 Β.
1108 331 1357 387 RABANI
1401 335 1615 391 MAURI
1654 338 1971 395 AllCillEP.
2016 342 2324 400 MOGUNT.
2366 348 2645 405 OPERUM
2687 351 2863 415 PARS
2900 354 2941 408 l.

3454 352 3455 355 “
3481 361 3585 417 2912

356 437 597 489 tuetubra
624 454 678 492 tu
712 447 763 493 te
788 438 1023 495 distt-nsa
1054 442 1219 499 clavis
1243 447 1545 515 conﬁgere?
1586 447 1715 501 ltem
1757 450 1921 504 David
1950 455 1997 512 A
2025 456 2355 523 prtccinucre
2388 459 2689 527 prophctze;
2740 472 2794 515 et
2824 464 2889 517 ad
2929 466 3031 521 hoc
3059 475 3110 522 te
3136 478 3321 524 auctor
3344 474 3584 529 omnium

353 524 483 575 dicit
508 542 521 576 :
558 524 823 579 Dederunt
854 530 905 581 in
931 547 1098 584 escam
1126 550 1290 585 meum
1320 535 1409 601 fel,
1435 546 1480 587 et
1503 537 1556 589 in
1582 538 1669 590 siti
1698 556 1811 592 mea
1836 557 1922 608 pa-

356 620 596 666 tareruut
619 632 700 668 me
723 630 889 671 aceto.
922 620 1031 674 ΙΙοε
1055 623 1235 689 utique
1265 624 1571 695 signiﬁcans
1596 618 1738 696 quod
1764 644 1922 686 evan-

354 701 543 768 gelisla
573 706 882 760 deClu'isto
925 710 1167 777 exposuit
1214 711 1398 767 dicens
1432 732 1445 766 :
1480 714 1693 781 Postea,
1728 720 1918 788 inquit,

350 791 515 844 sciens
554 793 707 846 Jesus
747 797 866 863 quia
907 798 1023 862 jam
1054 800 1229 852 omnia
1271 816 1632 859 consummata
1676 818 1820 875 sunt,
1862 820 1919 869 ut

356 896 806 937 consummarctur
829 886 1119 957 Scriptura,
1148 892 1277 951 dixit
1303 906 1320 943 .‘
1347 892 1496 953 Silio.
1554 894 1651 953 Vas
1683 916 1803 969 ergo
1833 918 1919 969 po-

348 973 510 1025 situm
551 984 659 1025 erat
710 987 852 1027 aceto
894 976 1121 1044 plenum.
1190 980 1281 1033 Illi
1317 994 1487 1036 autem
1516 988 1781 1054 spongiam
1810 988 1918 1055 ple-

353 1080 468 1115 nam
504 1074 681 1126 aceto,
728 1065 948 1134 hyssoyo
984 1070 1457 1139 circuntponentes,
1507 1074 1799 1129 obtulerunt
1836 1078 1915 1129 ori

347 1154 482 1221 ejus.
513 1153 579 1204 Et
606 1153 731 1207 alibi
758 1156 1016 1225 scriptum
1048 1168 1129 1213 est
1157 1178 1168 1213 :
1202 1160 1458 1215 Dederunt
1486 1166 1533 1217 ei
1562 1166 1733 1219 uinum
1748 1168 1915 1228 bibere

346 1258 459 1297 cum
490 1242 608 1309 felle
649 1245 880 1300 ntistum.
927 1247 1063 1304 liinc
1099 1266 1311 1319 quoque
1336 1253 1503 1314 lsaias
1533 1257 1790 1325 propheta
1818 1275 1913 1314 va—

348 1332 576 1388 ticinans
604 1337 679 1388 ait
708 1354 719 1388 :
755 1336 1015 1392 Parvulas
1055 1350 1207 1394 natus
1236 1352 1309 1395 est
1336 1344 1500 1409 nobis,
1524 1356 1571 1398 et
1593 1346 1735 1413 ﬁlius
1759 1349 1913 1403 datus

343 1434 417 1475 cst
454 1426 621 1490 nobis,
668 1437 717 1480 et
762 1428 933 1497 factus
977 1442 1050 1484 est
1088 1434 1411 1503 principatus
1446 1453 1602 1505 super
1642 1440 1912 1495 humerum

340 1513 480 1580 ejus,
505 1524 559 1569 et
588 1516 810 1584 reliqua.
850 1518 914 1575 Et
948 1519 1077 1573 item
1118 1535 1182 1575 ex
1216 1537 1443 1593 persona
1492 1524 1691 1587 Christi
1736 1528 1867 1583 dicit
1896 1548 1908 1585 :

339 1601 540 1673 Corpus
577 1622 746 1658 meum
778 1606 896 1665 dedi
923 1611 1353 1688 percutientilrus,
1384 1625 1430 1668 et
1452 1633 1611 1685 genas
1638 1636 1778 1674 meas
1802 1622 1911 1674 uel,

339 1692 579 1748 lculibus.
621 1696 686 1750 Et
716 1697 839 1751 item
872 1717 901 1751 .:
956 1698 1171 1763 Faciem
1218 1719 1387 1757 meam
1414 1723 1517 1760 non
1552 1709 1715 1762 auerti
1736 1710 1800 1763 ab
1826 1712 1907 1773 in-

2023 558 2203 598 rerum
2251 546 2560 613 destinavit,
2609 559 2664 605 et
2712 554 2888 605 omnia
2920 555 2973 608 in
3010 564 3060 611 te
3097 559 3212 613 sine
3244 559 3347 613 ulla
3374 559 3585 627 dubita-

2023 634 2187 700 tione,
2216 653 2335 705 qua:
2363 639 2429 694 de
2454 656 2518 694 eo
2540 642 2801 711 promissa
2826 653 2969 710 sunt,
3003 648 3115 717 ipse
3144 651 3388 719 perfecit.
3656 646 3659 647 ν

2561 751 2783 816 CAPUT
2822 753 3031 813 XXVII.

2018 833 2096 888 De
2124 836 2362 893 vicesima
2390 841 2605 903 septima
2641 840 2829 916 (arma,
2871 845 2925 897 in
2957 862 3059 913 qua
3090 848 3443 916 apostolorum
3472 869 3587 907 sen‘

2535 912 2707 963 lentim
2731 914 3073 969 collocantur.

2088 991 2202 1046 Non
2230 995 2409 1049 minus
2442 1006 2526 1050 tua
2550 999 2694 1067 jura,
2743 1015 2776 1054 o
2806 1013 2987 1057 sancta
3028 1020 3159 1059 crux
3186 1047 3201 1071 ,
3232 1015 3461 1063 testatur
3496 1010 3585 1065 lit-

2016 1092 2128 1138 tera
2160 1085 2290 1140 Novi
2322 1088 2650 1155 Testamenti
2689 1107 2846 1160 quam
2886 1096 3150 1164 scriptura
3191 1100 3321 1169 legis
3362 1102 3581 1169 veteris,

2014 1175 2137 1243 quia
2164 1177 2303 1231 dona
2332 1180 2520 1246 gratia:
2556 1181 2749 1236 divinat
2780 1198 2897 1252 qua:
2927 1185 3015 1237 illa
3039 1190 3339 1256 spondebat
3370 1191 3572 1258 futura,

2016 1264 2129 1320 haec
2162 1282 2258 1335 per
2303 1268 2724 1326 incarnationem
2772 1273 3067 1331 Salvatoris
3104 1279 3261 1333 docet
3285 1294 3405 1336 esse
3436 1300 3584 1338 cotu-

2013 1356 2185 1427 pleta;
2222 1360 2455 1430 indeque
2495 1364 2727 1420 maxime
2772 1366 2940 1421 claret
2974 1370 3114 1438 quod
3142 1370 3387 1428 Christus
3426 1375 3583 1431 Jesus

2014 1447 2271 1503 Dominus
2296 1460 2380 1505 est
2403 1451 2535 1523 legis
2558 1456 2863 1525 utriusque,
2900 1460 3023 1528 quia
3059 1464 3274 1532 proprio
3302 1480 3395 1519 ore
3420 1468 3582 1536 genti.-

2013 1554 2136 1594 nam
2178 1544 2378 1597 mundo
2421 1546 2748 1615 patefecerat
2795 1550 3068 1621 abyssum,
3115 1555 3285 1626 legem
3330 1559 3581 1615 videlicet

2012 1643 2284 1700 exponens
2332 1643 2386 1687 et
2434 1635 2776 1706 Evangelium
2829 1642 3114 1698 condens:
3162 1658 3581 1719 sanctorumque

2012 1718 2403 1779 desideriorum
2434 1734 2555 1780 voto
2581 1726 2853 1783 reﬁciebat
2875 1733 3154 1803 antiquos,
3184 1746 3238 1791 et
3267 1718 3579 1795 ostensione

337 1788 662 1855 crepantibus
686 1798 733 1842 et
762 1794 1164 1892 conspuenlibus
1202 1794 1379 1857 inme.
1421 1797 1490 1851 Et
1514 1798 1701 1853 levabit
1730 1801 1910 1856 Domi—
1937 1789 1983 1848 Β
2012 1811 2249 1882 ipsarum
2298 1830 2478 1870 rerum
2538 1818 2769 1873 satiabat
2810 1788 3092 1890 posteros,
3146 1828 3335 1893 bonus,
3388 1844 3575 1898 verax,

338 1892 436 1929 nus
480 1877 687 1946 signant
731 1870 801 1932 in
833 1880 1158 1947 nationibus,
1215 1894 1265 1938 et
1306 1889 1635 1957 congregabit
1660 1890 1910 1962 profugos

336 1964 528 2032 Israel,
556 1976 610 2023 et
640 1969 869 2039 reliqua.
911 1970 967 2047 l’n
998 1972 1081 2027 his
1111 1988 1238 2043 ergo
1265 1978 1516 2031 omnibus
1540 1982 1822 2038 sententiis
1856 1994 1911 2039 et

337 2058 411 2111 tui
443 2061 770 2116 erectionem
800 2072 856 2117 et
881 2066 1148 2133 passionis
1170 2066 1370 2123 Christi
1391 2070 1671 2127 veritatem
1698 2060 1910 2130 Judzeo-

333 2164 560 2219 rumque
588 2155 855 2222 expressit
884 2158 1165 2211 saevitiam.
1206 2156 1471 2233 Jeremias
1490 2177 1618 2217 vero
1652 2162 1909 2219 describit

332 2240 605 2298 Christum
629 2248 785 2315 quasi
811 2263 1007 2318 agnum
1035 2251 1373 2309 innocentem
1398 2256 1614 2316 ductum
1643 2259 1759 2325 sine
1776 2276 1907 2317 voce

334 2333 401 2385 ad
424 2334 832 2403 immolandum,
862 2338 1171 2410 lignumque
1200 2344 1252 2397 in
1280 2359 1474 2413 panem
1505 2349 1620 2419 ejus
1646 2350 1906 2421 missuros

330 2422 652 2490 incredulos,
681 2430 822 2497 quod
854 2431 1123 2500 significat
1158 2450 1350 2503 panem
1379 2439 1502 2493 vitae
1525 2440 1577 2495 in
1612 2450 1665 2495 te
1693 2442 1906 2499 elevan-

329 2517 477 2580 dum,
510 2528 847 2591 mortetnque
874 2525 1052 2580 carnis
1078 2534 1441 2596 gustaturum.
1493 2532 1739 2589 Ezechiel
1776 2551 1903 2592 vero

334 2609 397 2673 T,
430 2618 518 2664 tau
555 2612 825 2679 litteram,
883 2626 1027 2671 tuam
1074 2619 1301 2691 eﬁigiem
1345 2623 1689 2691 similantem,
1744 2642 1905 2697 super

328 2700 536 2759 frontes
571 2706 811 2761 virorum
860 2711 1187 2779 gementium
1231 2722 1285 2768 et
1329 2714 1620 2770 dolentium
1655 2731 1775 2773 esse
1809 2734 1903 2787 po-

328 2796 485 2855 sitam
510 2810 821 2866 asseverat,
866 2804 935 2858 ob
976 2805 1348 2863 liberationem
1386 2809 1551 2868 cladis
1587 2813 1897 2871 vastatoris.

327 2886 419 2940 Sic
443 2894 493 2940 tu
517 2904 751 2959 quoque,
782 2901 967 2949 sancta
994 2910 1157 2963 crux,
1188 2914 1294 2953 non
1327 2899 1615 2957 inﬁrmitas
1639 2902 1724 2957 vel
1746 2903 1899 2973 igno-

324 2977 508 3057 bilitas
532 2996 654 3037 esse
680 2986 885 3041 sanctis
909 2988 1187 3057 prophetis
1225 2999 1448 3046 ostensa
1475 3008 1536 3049 es
1553 3035 1568 3061 ,
1607 2997 1699 3051 sed
1728 2999 1899 3052 virtus

329 3070 505 3135 ﬁrma,
540 3073 654 3130 laus
695 3077 979 3147 prmcipua,
1026 3088 1082 3136 et
1128 3083 1279 3138 navis
1315 3099 1419 3139 seu'
1434 3094 1622 3161 portus
1650 3086 1900 3142 ﬁdelissi-r

326 3176 446 3246 mus
476 3162 527 3216 in
559 3164 887 3223 sublevando
929 3171 1094 3245 totius
1145 3171 1293 3228 orbis
1337 3173 1695 3246 naufragium.
1761 3175 1897 3231 Nam

327 3241 510 3308 Daniel
534 3257 783 3324 praedixit
809 3241 1081 3316 Christum
1120 3264 1403 3319 Dominum
1444 3280 1473 3320 a
1499 3241 1720 3337 perfidis
1747 3269 1895 3325 occi-

324 3346 574 3409 dendum,
607 3357 661 3404 et
690 3349 770 3405 sic
816 3354 1024 3421 peccati
1063 3371 1259 3409 noxam
1293 3356 1601 3413 ﬁniendam.
1652 3358 1789 3415 Osee
1820 3361 1899 3413 in-

324 3437 696 3495 terfcctionem
731 3444 921 3498 mortis
945 3484 960 3509 ,
1007 3444 1461 3516 salvationemque
1505 3448 1760 3503 describit
1796 3466 1896 3520 po.

322 3528 431 3597 puli
456 3544 471 3592 ;
501 3538 556 3582 et
579 3527 694 3584 ioel
721 3532 1106 3588 obscuritatem
1136 3536 1370 3589 siderum
1411 3536 1463 3590 in
1495 3546 1669 3593 morte
1695 3537 1896 3595 Christi

320 3619 701 3686 praenuntiavit
740 3619 997 3676 futuram.
1035 3622 1200 3679 Amos
1241 3624 1559 3682 festivitates
1586 3628 1896 3699 iniquorum

319 3708 372 3767 in
394 3708 594 3762 luctmu
627 3712 1055 3777 convertendus,
1084 3722 1137 3767 et
1176 3715 1359 3768 omnia
1392 3717 1599 3770 cantica
1629 3732 1816 3771 eorum
1839 3719 1893 3780 in

320 3794 615 3865 planctum.
650 3798 854 3863 Ahdias
882 3799 1032 3855 dolos
1059 3799 1365 3856 Judtcorum
1392 3816 1579 3859 contra
1607 3806 1891 3861 Dominum

320 3895 373 3940 et
421 3885 675 3966 Ecclesiae
723 3887 1072 3944 salvationem
1119 3893 1403 3960 expressit.
1476 3892 1641 3949 Jonas
1679 3912 1892 3965 quoque

314 3995 415 4044 suo
444 3981 693 4051 exemplo
718 3983 1018 4038 triduanam
1055 3985 1380 4054 sepulturam
1412 3988 1621 4041 Domini
1644 3987 1889 4060 praeﬁgu-

313 4072 473 4127 ravit.
518 4072 749 4128 Micheas
770 4073 1043 4128 Christum
1079 4084 1314 4129 montem
1346 4076 1555 4130 Domini
1593 4077 1887 4147 appellans,

314 4172 641 4221 ammentum
686 4165 1004 4234 populorum
1054 4167 1120 4220 ad
1163 4167 1338 4235 ipsum
1382 4167 1651 4237 prtedixit.
1716 4167 1891 4223 Naum

314 4253 545 4308 ultorem
576 4270 695 4309 esse
727 4254 960 4309 futurum
1003 4256 1201 4325 impiis,
1248 4264 1303 4310 et
1337 4256 1726 4311 consolatorem
1760 4257 1883 4327 piis,

314 4345 599 4399 Dominum
627 4346 893 4414 promisit.
934 4345 1183 4401 llabacuc
1212 4362 1423 4415 quoque
1459 4346 1619 4417 plano
1642 4362 1887 4402 sermone

308 4450 510 4493 fornua
530 4436 654 4501 tua,
684 4451 717 4490 ο
750 4444 931 4490 sancta
958 4452 1111 4501 crux,
1132 4437 1185 4493 in
1213 4438 1458 4498 manibus
1486 4436 1684 4491 Christi
1710 4438 1883 4511 splen-

310 4528 533 4583 descere
586 4536 853 4593 testatur;
906 4538 960 4582 et
1008 4529 1310 4598 Sophonias
1350 4529 1639 4591 adventum
1674 4529 1881 4591 Domini

310 4620 635 4689 praenuntiat
665 4619 933 4681 futurum,
958 4628 1013 4672 et
1042 4620 1181 4672 diem
1210 4618 1624 4674 resurrectionis
1651 4617 1769 4687 ejus
1791 4619 1881 4672 dc—

307 4710 516 4763 scrihit.
542 4710 770 4779 Aggmus
798 4709 993 4777 quippe
1020 4708 1072 4761 in
1096 4710 1449 4763 conunotione
1487 4708 1610 4763 caeli
1637 4717 1692 4762 et
1722 4716 1877 4763 terrae

308 4798 682 4853 Desideratum
698 4798 936 4851 omnium
954 4798 1189 4867 gentium
1217 4798 1495 4854 advenisse
1517 4807 1761 4857 testatur.
1782 4799 1879 4852 Za-

305 4890 521 4943 charias
542 4889 687 4943 videt
711 4887 894 4941 Jesum
918 4890 968 4941 in
1000 4888 1239 4942 vestibus
1270 4888 1499 4943 sordidis
1527 4889 1875 4945 mortalitatis

209 4970 215 4977 ’
308 4988 527 5045 nostrae,
550 4988 605 5033 et
629 4979 812 5049 plagas
834 4981 885 5033 in
909 4979 1157 5032 manibus
1182 4978 1297 5048 ejus
1322 4978 1476 5043 ﬁxas,
1502 4979 1879 5050 planctumque

311 5070 599 5123 nutltorum
642 5084 805 5139 super
844 5084 910 5124 eo
957 5070 1111 5139 quasi
1153 5084 1315 5139 super
1358 5070 1661 5140 Unigenito.
1716 5071 1876 5124 Mala-

305 5161 459 5215 cbias
488 5177 701 5231 quoque
751 5162 874 5215 licet
910 5162 1234 5216 novissimus
1272 5164 1324 5216 in
1367 5163 1555 5217 ordine
1595 5163 1873 5217 duodecim

308 5254 696 5326 prophetarum
723 5261 973 5322 ponatur,
1019 5252 1316 5308 luculenter
1348 5261 1560 5315 tamen,
1584 5262 1645 5307 ut
1668 5253 1873 5317 czeteri,

310 5344 709 5397 Dominatorem
749 5352 904 5399 terra;
950 5345 1013 5397 ad
1061 5344 1315 5413 templum
1361 5360 1515 5401 suum
1563 5345 1749 5398 venire
1784 5344 1878 5397 de-

306 5434 517 5495 scribit,
551 5443 607 5485 et
631 5448 858 5502 purgare
887 5434 1162 5487 ministros
1192 5449 1319 5489 suos
1352 5434 1753 5488 examinatione
1776 5447 1873 5486 va-

308 5522 448 5585 lida,
503 5522 643 5592 quod
689 5522 895 5590 possint
948 5522 1046 5590 ipsi
1091 5521 1587 5577 sacrificiaofferrc
1630 5521 1872 5591 justitizc.

312 5612 433 5665 llmc
459 5623 655 5667 cuneta
680 5612 867 5665 salutis
889 5613 1025 5665 dona
1070 5620 1124 5666 et
1162 5613 1335 5667 valida
1370 5612 1572 5680 judicia
1602 5611 1654 5664 in
1685 5620 1739 5664 te
1761 5625 1877 5679 per-

306 5705 587 5767 pctrauda,
622 5720 654 5754 ο
690 5714 873 5757 sancta
906 5719 1035 5757 crux
1065 5702 1291 5767 Christi,
1335 5703 1505 5757 sancti
1529 5701 1890 5763 concorditer,

1436 5818 1447 5843 ὶ

2010 1903 2261 1959 omnibus
2286 1919 2489 1974 aequus.
2539 1906 2685 1961 Unde
2710 1908 2768 1962 ﬁt
2795 1912 2937 1979 quod
2966 1915 3291 1984 apostolicus
3315 1926 3489 1973 cmtus
3512 1922 3579 1974 de

2009 2002 2102 2047 tua
2141 1995 2478 2050 sanctissima
2536 2001 2937 2055 constructione
3004 2012 3307 2059 sermOnem
3355 2001 3582 2077 protulit

2000 2080 2468 2151 iocundissimum,
2495 2086 2743 2158 factaque
2773 2098 2861 2144 tua
2900 2094 3182 2163 magniﬁca
3224 2094 3579 2153 saluberrimo

2006 2176 2241 2231 ostendit
2266 2176 2459 2240 relatu.
2487 2177 2620 2236 Nam
2642 2178 2834 2243 Petrus
2852 2221 2868 2247 ,
2900 2183 2990 2251 qui
3028 2184 3079 2236 in
3107 2185 3467 2255 apostolorum
3490 2203 3579 2243 or-

2007 2266 2130 2321 dine
2156 2268 2361 2338 primus
2389 2278 2503 2336 est,
2546 2269 2757 2327 fortiter
2781 2273 2846 2339 de
2871 2282 2925 2328 te
2959 2278 3321 2344 persuasionis
3350 2281 3579 2350 sumpsit

2009 2356 2337 2426 exemplum,
2358 2357 2438 2412 'ita
2463 2360 2651 2415 dicens
2668 2377 2687 2415 .:
2718 2358 2957 2428 Christus
2984 2380 3078 2432 pro
3104 2366 3249 2419 nobis
3266 2384 3449 2436 passus
3477 2378 3573 2439 est,

2006 2446 2214 2513 fratres,
2248 2446 2386 2502 r‘obis
2415 2448 2707 2520 relinquens
2735 2452 3024 2521 exemplum
3047 2494 3062 2517 ,
3097 2464 3152 2507 ut
3180 2458 3469 2527 sequamini
3493 2475 3575 2512 ve-

2003 2540 2160 2609 stigia
2205 2537 2340 2609 ejus.
2410 2543 2476 2596 Et
2526 2542 2693 2599 item:
2727 2545 2966 2623 Peccata,
3017 2548 3220 2617 inquit,
3253 2554 3573 2623 nostra‘ipse

2002 2629 2213 2697 pertulit
2242 2632 2296 2683 in
2324 2649 2536 2700 corpore
2564 2652 2658 2688 suo
2676 2652 2831 2705 super
2857 2636 3078 2706 lignum,
3107 2649 3162 2693 ut
3190 2643 3413 2709 peccatis
3434 2660 3574 2697 mor-

2003 2718 2098 2782 tui,
2129 2720 2355 2789 justititc
2380 2723 2610 2777 vivamus
2637 2742 2654 2779 :
2686 2726 2835 2795 cujus
2865 2726 3024 2781 livore
3058 2731 3231 2783 sanati
3265 2733 3406 2785 estis.
3438 2733 3574 2790 Hinc

2002 2824 2214 2878 quoque
2250 2811 2412 2865 credo
2457 2815 2597 2880 quod
2645 2815 2758 2882 ipse
2801 2814 2890 2883 qui
2928 2830 3027 2882 pro
3062 2817 3238 2887 impiis
3262 2828 3312 2889 et
3345 2820 3571 2890 ingratis

2003 2899 2234 2953 animam
2258 2915 2406 2963 suam
2447 2903 2654 2971 posuit,
2705 2904 2771 2958 ad
2806 2905 3117 2971 devotorum
3149 2915 3304 2977 atque
3333 2908 3567 2965 ﬁdelium

2002 2988 2101 3043 sibi
2134 3005 2320 3059 preces
2345 3006 2501 3045 aures
2536 3005 2645 3047 suae
2677 2993 2890 3063 pietatis
2917 2994 3154 3051 inclinet.
3215 2998 3442 3055 Proinde
3468 3016 3570 3072 ego

2002 3078 2187 3145 miser,
2237 3080 2280 3133 si
2325 3080 2731 3136 honoriﬁcentia
2780 3082 2896 3152 ejus
2940 3084 3150 3154 aliquod
3192 3090 3568 3146 munusculum

2002 3167 2311 3239 dignabitur
2362 3171 2496 3225 artis
2540 3170 2784 3227 humana:
2828 3174 3093 3242 accipere,
3133 3176 3235 3231 hoc
3266 3178 3484 3235 carmcn
3516 3182 3567 3247 ei

1999 3272 2207 3313 summo
2249 3260 2369 3313 nisu
2416 3268 2541 3332 Opto
2583 3260 2811 3329 oﬁ'erre,
2859 3266 2984 3335 quia
3030 3266 3083 3320 in
3121 3266 3236 3343 ejus
3272 3261 3563 3329 bonitatem

1997 3346 2207 3403 conﬁdo
2238 3349 2381 3418 quod
2408 3351 2510 3420 pia:
2531 3350 2832 3410 devotionis
2860 3370 3084 3410 munera
3114 3357 3212 3425 ipsi
3245 3373 3350 3413 non
3381 3359 3567 3430 displi~

1996 3446 2169 3501 ceant,
2200 3438 2244 3492 si
2271 3442 2796 3508 perseveraverimus
2837 3442 2890 3497 in
2934 3459 3063 3501 vera
3104 3446 3442 3503 confessione
3468 3466 3566 3505 no-

1996 3530 2157 3586 minis
2187 3531 2322 3601 ejus.
2372 3532 2469 3587 Ast
2509 3549 2608 3589 nos
2650 3534 2839 3589 beatus
2875 3534 3109 3592 Iacobus
3142 3538 3413 3607 apostolus
3437 3540 3565 3596 hinc

1978 3610 2331 3687 exhortatur.
2360 3624 2663 3701 exemplum
2693 3626 2966 3703 patientiae
2986 3625 3185 3685 Christi
3209 3629 3359 3685 nobis
3380 3639 3565 3685 ostent-

1993 3712 2125 3767 dens
2151 3730 2163 3766 :
2203 3712 2529 3783 Escrnplum,
2561 3714 2755 3784 inquit,
2781 3716 3019 3785 accipite,
3046 3717 3258 3786 fratres,
3294 3717 3490 3773 laboris
3510 3728 3561 3773 et

1990 3805 2275 3874 patientiae,
2301 3804 2609 3874 prophetas,
2656 3807 2746 3875 qui
2789 3806 2948 3860 locuti
2960 3818 3098 3875 sunt
3138 3808 3193 3861 in
3222 3810 3430 3863 nomine
3457 3808 3564 3866 ου,

1989 3894 2118 3947 mini
2142 3892 2268 3948 Jcsu
2310 3892 2531 3948 Christi.
2585 3893 2720 3948 Ecce
2769 3895 3127 3964 beatiﬁcamus
3171 3900 3259 3967 qui
3288 3899 3565 3967 sustinue—

1990 3992 2130 4037 runt.
2190 3978 2559 4052 Suﬁ'erentiam
2600 3984 2701 4038 Job
2744 3984 2966 4039 audistis
2990 4025 3005 4049 ,
3049 3995 3098 4040 et
3140 3986 3295 4056 ﬁnem
3344 3987 3561 4060 Domini

1987 4074 2209 4128 vidistis.
2268 4073 2405 4129 Hinc
2439 4082 2494 4128 et
2539 4074 2764 4129 dilectus
2804 4074 3013 4139 Domini
3057 4076 3292 4137 Joatines
3335 4079 3401 4132 ad
3432 4094 3555 4134 mu-

1989 4171 2133 4217 tuam
2160 4161 2496 4218 dilectionem
2522 4178 2620 4218 nos
2637 4172 2915 4239 provocat,
2944 4164 3217 4221 Christum
3248 4167 3303 4222 in
3319 4169 3555 4237 medium

1986 4251 2293 4322 proferens,
2342 4259 2401 4305 ut
2449 4253 2589 4310 sicut
2634 4254 2749 4323 ipse
2798 4270 2898 4325 pro
2924 4258 3079 4311 nobis
3120 4258 3353 4312 animam
3398 4275 3555 4325 suam

1986 4342 2181 4411 posuit,
2214 4341 2287 4395 ita
2311 4351 2367 4395 et
2401 4357 2499 4397 nos
2526 4357 2625 4413 pro
2646 4341 2903 4398 fratribus
2925 4346 3124 4400 nostris
3151 4346 3359 4401 animas
3388 4363 3556 4417 pona-

1986 4448 2124 4486 mus.
2168 4430 2336 4494 Judas
2361 4446 2574 4499 quoque
2598 4446 2785 4487 servus
2807 4432 3036 4497 Christi,
3064 4434 3231 4489 frater
3258 4445 3434 4490 autem
3460 4435 3549 4493 Ja-

1985 4522 2103 4576 cobi
2124 4560 2139 4585 ,
2192 4520 2293 4575 sub
2320 4521 2564 4590 exemplo
2591 4520 2718 4575 Jesu
2757 4525 3086 4579 successoris
3112 4524 3300 4596 Moysi,
3332 4520 3575 4584 damon?

1984 4611 2175 4665 stravit
2201 4609 2393 4669 Jesurn
2416 4611 2692 4687 Christum
2722 4614 2972 4669 eduxisse
3001 4631 3097 4670 nos
3127 4631 3226 4685 per
3250 4616 3463 4695 crucem
3484 4620 3552 4674 de

1984 4702 2243 4771 spirituali
2270 4700 2528 4773 Egypto,
2563 4703 2614 4757 id
2649 4712 2762 4768 est,
2801 4704 2867 4758 de
2896 4712 3159 4773 potestate
3184 4702 3551 4778 tenebrarum,

1980 4799 2034 4846 et
2058 4792 2359 4847 incredulos
2383 4794 2696 4861 perdidisse.
2723 4794 2917 4847 Paulus
2945 4808 3075 4863 ergo
3108 4810 3213 4848 non
3251 4796 3546 4865 paululum,

1984 4888 2076 4942 sed
2101 4886 2385 4957 magniﬁce
2413 4888 2476 4941 de
2501 4896 2553 4941 te
2587 4886 2797 4942 locutus
2822 4897 2927 4947 est.
2956 4889 3045 4957 qui
3070 4888 3405 4944 auditoribus
3434 4892 3549 4945 suis

1982 4976 2091 5029 ait:
2125 4972 2246 5027 Non
2278 4976 2412 5027 enim
2434 4975 2615 5045 judico
2648 4992 2729 5029 me
2752 4975 2891 5053 inter,
2919 4992 3006 5029 vos
3045 4974 3245 5045 aliquid
3286 4976 3417 5030 scire
3446 4979 3549 5031 nisi

1980 5063 2239 5123 Christum
2267 5064 2471 5131 Iesum,
2500 5076 2547 5119 et
2572 5068 2709 5121 hunc
2737 5068 3067 5137 cruciﬁxum.
3122 5068 3190 5122 Et
3213 5069 3543 5132 contradixit

1978 5156 2078 5209 sibi
2109 5154 2355 5225 gloriari,
2390 5157 2492 5211 nisi
2531 5159 2581 5211 in
2617 5173 2775 5212 cruce
2802 5158 3011 5211 Domini
3044 5155 3213 5211 nostri
3240 5156 3363 5213 Jesu
3392 5159 3549 5213 Chri~

1976 5246 2068 5310 sti,
2098 5260 2194 5315 per
2216 5261 2375 5316 quem
2402 5246 2474 5300 illi
2498 5248 2725 5302 mundus
2745 5246 3035 5303 cruciﬁxus
3058 5247 3147 5311 sit,
3172 5257 3229 5302 et
3251 5248 3363 5317 ipse
3390 5263 3549 5302 mnu-

1977 5337 2064 5403 do,
2111 5337 2494 5407 Christumque
2544 5338 2773 5393 aﬁirmat
2818 5347 3035 5407 propter
3083 5348 3315 5393 mortem
3367 5340 3548 5395 crucis

1977 5430 2249 5499 accepisse
2275 5438 2594 5499 potestatem
2632 5433 2683 5485 in
2715 5432 2852 5485 coelo
2890 5440 2945 5486 et
2987 5432 3041 5485 in
3078 5438 3221 5485 terra
3261 5438 3315 5484 et
3354 5431 3547 5490 subtus

1976 5529 2195 5581 terram,
2229 5521 2301 5574 ita
2344 5531 2399 5574 ut
2440 5523 2494 5575 in
2532 5523 2736 5576 nomine
2761 5522 2886 5577 Jesu
2927 5539 3076 5575 omne
3114 5538 3245 5591 genu
3277 5522 3545 5589 ﬂectatur,

1976 5612 2279 5675 cmlestium,
2302 5616 2621 5666 terrestrium
2648 5623 2695 5665 et
2722 5613 3071 5681 infernarum,
3096 5622 3141 5666 et
3171 5611 3339 5663 omnis
3363 5601 3547 5678 linguis

1974 5700 2282 5769 conﬁteatur
2309 5702 2431 5772 quia
2462 5703 2711 5757 Dominus
2740 5702 2894 5757 Jesus
2931 5705 2984 5757 in
3014 5702 3179 5770 gloria
3216 5709 3288 5760 est
3315 5699 3411 5761 Dei
3438 5697 3554 5779 Γο-
