3958 6332
175 358 274 413 ἓ⁴³3

853 342 937 409 DE
973 353 1408 413 CLERICORUM
1446 352 1945 417 lNSTlTUTlONE,
1987 353 2135 409 ETC.
2175 386 2244 394 —
2284 354 2698 411 EPIGRAMMA.

3261 362 3358 421 29!

178 473 287 525 tris.
322 470 479 533 Ecce,
535 474 715 521 sancta
769 482 899 521 crux
955 466 1173 531 Christi,
1222 464 1543 535 apostolicus
1588 463 1720 519 ordo
1754 470 1794 526 Α
1823 462 2097 517 crucifixio
2146 471 2316 516 totum
2366 463 2597 531 quodin
2650 479 2737 519 me
2787 465 2882 535 tibi
2930 468 3251 523 contrarium
3292 476 3362 527 sit

174 574 332 629 quam
349 556 608 611 concinne
629 554 860 623 antiquis
876 555 1145 623 prophetis
1162 562 1280 607 tuas
1294 552 1476 606 laudes
1490 548 1716 621 profert,

172 647 246 701 ita
281 644 421 699 utin
456 642 603 698 nullo
632 643 928 706 dissentiat,
965 657 1086 696 cum
1107 656 1168 694 ea
1195 655 1312 709 qua:
1340 640 1437 708 ipsi
1470 639 1718 708 praecine-

170 734 300 789 bant
336 733 552 796 futura,
597 730 681 785 isti
714 730 767 784 in
810 738 875 804 te‘
900 728 1157 798 completa
1198 726 1480 792 afﬁrmant,
1512 727 1635 795 quia
1663 733 1718 779 tu

168 837 309 876 verae
336 821 634 877 concordia:
658 822 864 890 signum
890 819 1129 877 cmlestia
1155 819 1313 874 simul
1340 828 1395 872 ct
1419 818 1715 884 terrestria,

168 922 349 969 Vetera
378 922 433 967 et
456 928 592 970 nova
624 912 800 966 omnia
824 910 1088 980 perficias.

692 1039 916 1123 CAPUT
964 1038 1191 1099 xxan

166 1155 239 1213 De
261 1156 433 1229 ﬁgura
474 1154 713 1213 vicesima
747 1164 923 1207 octava
952 1192 967 1215 ,
999 1153 1093 1229 ,ιιὑί
1138 1151 1309 1220 opifex
1348 1155 1455 1221 ipse
1480 1163 1713 1212 sanctam

712 1237 913 1278 crucem
941 1222 1147 1274 adorat.

231 1353 583 1428 Omnipotens
609 1348 880 1417 maiestas,
915 1347 1082 1406 virtus
1105 1346 1337 1412 excelsa,
1367 1357 1715 1415 creatorem.

165 1444 375 1498 lcstium
405 1448 459 1495 et
481 1440 736 1495 formator
764 1438 1126 1501 terrestrium,
1170 1438 1427 1492 Dominus
1465 1437 1604 1493 Deus
1629 1454 1714 1493 sa-

164 1531 347 1593 baoth.
378 1529 467 1597 qui
493 1542 652 1583 verus
680 1526 919 1581 conditor
936 1534 989 1581 et
1007 1527 1310 1596 redemptor
1330 1542 1388 1581 es
1414 1528 1709 1593 hominum,

159 1628 215 1677 tu
264 1620 382 1674 laus
435 1627 618 1672 nostra
648 1632 727 1681 es;
785 1625 841 1670 tu
886 1617 1054 1671 virtus
1098 1625 1154 1671 et
1193 1617 1360 1688 gloria
1388 1633 1508 1672 cum
1540 1617 1713 1676 salute

156 1724 305 1771 vera.
340 1717 394 1762 tu
424 1723 483 1763 es
523 1707 636 1765 Rex
671 1721 875 1777 regum,
914 1714 967 1760 tu
1004 1707 1188 1760 doctor
1221 1704 1594 1776 ignorantium,
1631 1722 1712 1762 re-

1817 562 2133 619 consumat,
2182 564 2237 608 ct
2280 554 2550 608 carnalem
2598 565 2785 609 :cstum
2816 566 3083 625 temperel,
3115 560 3246 614 iram
3270 577 3359 615 ex—

1817 643 2078 712 stinguat,
2110 643 2339 712 linguam
2386 660 2415 697 a
2446 659 2610 712 pravo
2641 653 2695 699 et
2720 647 3017 715 vaniloquio
3043 661 3362 719 compescat,

1815 741 1869 787 et
1895 732 2109 800 pietatis
2129 734 2289 787 verba
2322 734 2372 787 in
2398 749 2458 788 os
2499 749 2674 805 meum
2711 747 2960 803 reponat;
2995 752 3205 792 omnem
3243 755 3363 807 pcr-

1817 808 2170 876 turbationem
2218 823 2411 889 mentis
2453 822 2731 890 pacificet,
2781 834 2836 876 et
2878 824 3039 877 vitam
3085 825 3361 880 honestam

1814 914 2058 971 deducat.
2096 912 2237 982 Ergo
2266 915 2475 981 quando
2503 914 2817 977 adveneris,
2854 897 3074 969 Domine
3101 916 3245 983 Iesu,
3277 916 3361 984 ju-

1813 1000 1991 1057 dicare
2016 1004 2165 1058 vivos
2208 1020 2269 1057 ac
2305 1014 2544 1057 mortuos
2583 1020 2644 1058 ac
2677 1006 2922 1060 srcculum
2952 1022 3043 1075 per
3077 1007 3273 1074 ignem,
3309 1017 3361 1061 et

1812 1095 2203 1163 consumpserit
2229 1095 2439 1148 ﬂamma
2484 1098 2819 1150 adversarios
2852 1108 2996 1161 tuos,
3047 1115 3232 1154 omnes
3270 1102 3360 1170 qui

1812 1184 2039 1244 oderunt
2080 1197 2271 1236 nomen
2318 1192 2462 1236 tuum
2508 1185 2559 1239 in
2605 1186 2892 1243 novissima
2927 1190 3047 1240 tuba
3074 1198 3127 1241 et
3159 1197 3357 1258 tempe-

1810 1279 1950 1325 state
1987 1272 2158 1325 valitla
2182 1311 2197 1337 ,
2236 1272 2447 1341 quando
2492 1275 2780 1327 secundum
2827 1267 3167 1346 Evangelium
3208 1287 3358 1331 tuum

1811 1361 2087 1430 apparebit
2113 1360 2320 1427 signum
2353 1360 2445 1413 filii
2476 1363 2703 1414 hominis
2747 1364 2797 1415 in
2838 1366 2989 1425 coelo,
3031 1376 3084 1421 et
3110 1366 3359 1437 plangcnt

1810 1463 1969 1515 super
1992 1464 2049 1503 se
2085 1463 2270 1502 omnes
2314 1450 2484 1504 tribus
2530 1458 2716 1515 terrm,
2765 1452 3031 1509 intuentes
3076 1454 3127 1511 in
3151 1469 3272 1509 eum
3306 1457 3357 1509 in

1809 1551 1966 1605 quem
1994 1546 2329 1606 pupugerunt
2354 1556 2365 1590 :
2397 1538 2618 1594 obsecro
2647 1547 2700 1592 ut
2740 1548 2865 1594 tunc
2906 1558 2935 1593 a
2961 1541 3185 1599 ﬂammis
3206 1545 3363 1597 ultrio

1809 1626 1961 1679 cibus
2008 1634 2188 1680 sancta
2232 1642 2365 1681 crux
2413 1644 2499 1681 me
2544 1630 2775 1697 eripiat,
2827 1640 2985 1699 atque
3013 1634 3080 1686 ab
3118 1634 3194 1687 ira
3223 1634 3359 1705 Agni

1807 1716 2080 1791 proprium
2128 1722 2339 1785 poetam
2382 1718 2647 1783 defendat,
2689 1721 2771 1773 cui
2814 1736 2949 1775 cano
2984 1739 3199 1777 carmen
3226 1742 3359 1794 prrc.

156 1806 277 1855 ctor
309 1798 542 1858 ﬁdelium
572 1807 627 1851 et
651 1797 904 1866 magister
928 1797 1275 1862 credentium,
1302 1806 1354 1854 tu
1390 1813 1629 1853 summus
1656 1807 1711 1855 et
1737 1796 1783 1854 B
1812 1820 1951 1869 sens,
1986 1813 2040 1859 et
2063 1806 2264 1859 utinam
2292 1822 2459 1874 usque
2488 1808 2539 1860 in
2569 1806 2727 1861 finem
2763 1810 2882 1863 vitat
2913 1826 3041 1865 mea:
3063 1812 3254 1880 placita
3286 1814 3357 1871 illi

155 1888 407 1958 princeps
457 1900 518 1941 ea
569 1880 862 1960 pastorum,
915 1884 971 1938 tu
1018 1886 1136 1956 pius
1185 1894 1455 1958 protector
1499 1894 1707 1942 tuarum

154 1976 333 2032 ovium
357 2016 373 2040 ,
400 1984 458 2031 tu
485 1958 934 2031 san'cte'Salvator
959 1983 1145 2029 auctor
1164 1990 1223 2032 es
1246 1977 1407 2031 totius
1426 1976 1571 2042 boni,
1604 1977 1710 2032 dux

154 2065 349 2135 bonus,
381 2064 466 2118 via
509 2070 673 2128 recta,
721 2062 811 2117 lux
833 2077 959 2118 vera
983 2072 1039 2118 et
1062 2065 1169 2118 vita
1202 2072 1478 2134 perpetua,
1504 2081 1709 2123 merces

154 2154 302 2213 clara
332 2164 387 2209 et
409 2155 606 2208 ostium
632 2153 816 2207 salutis
835 2162 1069 2209 aeternas.
1116 2155 1193 2208 Ex
1224 2162 1275 2207 te
1302 2156 1475 2210 omnis
1497 2171 1706 2222 sensus,

152 2257 275 2304 vox,
308 2242 532 2298 verbum
563 2249 616 2295 et
649 2243 904 2298 virtutum
933 2244 1169 2296 omnium
1206 2236 1411 2298 fructus
1445 2244 1703 2314 procedit.

100 2354 103 2355 ν
150 2333 230 2392 Ad
254 2341 308 2391 te
332 2347 463 2403 ergo
491 2334 659 2394 direxi
688 2348 986 2391 sermonem
1014 2334 1066 2388 in
1092 2321 1382 2405 primordio
1402 2336 1704 2407 hujusnpe-

107 2470 113 2477 .
152 2422 249 2486 ris,
296 2409 363 2477 et.
405 2424 732 2496 quaecunque
770 2426 828 2478 in
872 2427 1214 2495 sequentibus
1243 2426 1439 2490 addidi,
1468 2427 1534 2480 ad
1562 2435 1704 2480 tuam

149 2512 361 2571 laudem
389 2516 668 2584 pervenire
687 2516 883 2586 optavi.
920 2516 1027 2572 Cor
1047 2531 1223 2571 meum
1250 2517 1319 2571 ad
1348 2524 1399 2571 te
1427 2532 1484 2571 se
1511 2516 1701 2581 elevat,

152 2606 354 2664 mentis
387 2622 520 2664 mete
566 2615 676 2667 tota
717 2608 940 2667 intentio
983 2608 1049 2667 ad
1102 2615 1155 2661 te
1199 2608 1420 2684 clamat,
1446 2608 1703 2685 quidquid

149 2712 379 2767 usquam
420 2697 597 2769 llngua
642 2708 799 2753 recte
842 2697 1191 2755 confessionis
1220 2712 1311 2752 seu
1339 2713 1527 2751 manus
1551 2698 1703 2753 bona:

148 2786 485 2855 Operationis
508 2804 629 2842 cum
651 2787 928 2842 devotione
946 2788 1047 2856 piae
1073 2787 1265 2841 mentis
1288 2785 1508 2856 profert,
1536 2794 1701 2840 totum

151 2873 219 2927 ad
247 2874 464 2930 laudem
489 2867 633 2937 tuam
659 2867 908 2947 pertinet.
946 2874 1131 2930 Omnia
1162 2890 1388 2945 namque
1420 2883 1473 2928 te
1505 2875 1703 2944 gloriﬁ—

148 2971 274 3016 cant
295 2971 356 3018 et
376 2963 714 3028 benedicunt,
749 2954 877 3033 qua;
913 2962 965 3017 in
1007 2965 1130 3019 imis
1165 2972 1220 3019 et
1245 2977 1362 3033 quae
1384 2965 1435 3018 in
1459 2965 1701 3035 supernis

148 3059 292 3115 sum,
322 3064 431 3107 nec
454 3050 560 3105 non
594 3044 649 3106 et
673 3041 771 3123 ego
808 3042 936 3121 pars
962 3052 1182 3106 minima
1207 3045 1615 3117 tuaz'creaturm,
1646 3061 1698 3106 te

1784 1903 1861 1963 _et
1896 1895 2186 1955 honorifica
2230 1892 2441 1965 semper
2489 1899 2785 1961 dceantem,
2833 1900 3083 1955 minimus
3120 1903 3357 1963 omnium

1805 1999 2081 2041 servorum
2108 1994 2317 2039 tuorum
2341 1995 2393 2040 et
2416 1995 2665 2055 peccator
2686 1987 2964 2053 Rabanus,
2989 1991 3212 2060 hymnis,
3245 1992 3358 2046 lau-

1806 2075 1979 2138 dibus,
2004 2076 2186 2139 corde,
2214 2090 2328 2140 ore,
2354 2070 2511 2129 manu
2537 2084 2591 2129 et
2614 2077 2778 2131 totius
2799 2086 2946 2147 gestu
2970 2079 3230 2149 corporis,
3254 2080 3356 2135 hoe

1805 2177 2017 2230 semper
2037 2176 2371 2229 memorans,
2416 2174 2613 2233 quanta
2642 2166 2879 2220 bonitate
2911 2182 3008 2221 nos
3036 2175 3090 2221 tu
3117 2170 3357 2225 conditor

1804 2261 1988 2311 noster
2009 2254 2227 2317 creasti,
2262 2261 2316 2307 et
2349 2265 2546 2323 quanta
2575 2257 2774 2324 pietate
2807 2259 3099 2323 redemisti,
3137 2274 3256 2312 cum
3288 2261 3355 2313 ab

1804 2339 1996 2396 inferni
2024 2355 2242 2396 carcere
2264 2349 2318 2395 et
2344 2343 2600 2411 gehennm
2624 2343 2839 2399 ﬂamma
2873 2362 2970 2399 nos
2994 2346 3249 2401 liberasti.
3290 2348 3355 2407 Et

1802 2444 1962 2493 nunc,
1997 2430 2136 2483 bone
2161 2428 2426 2499 Salvator,
2458 2433 2712 2500 deprecor
2738 2443 2796 2487 ut
2824 2435 2917 2489 des
2954 2436 3083 2488 mihi
3119 2437 3351 2503 requiem

1803 2518 1945 2571 illam
1971 2511 2130 2595 quam
2158 2520 2400 2575 fidelibus
2429 2523 2535 2575 tuis
2582 2524 2906 2591 promiseras
2942 2533 2994 2577 te
3031 2527 3272 2578 daturum
3301 2525 3353 2583 in

1802 2621 1927 2661 arce
1952 2607 2216 2675 polorum,
2242 2608 2329 2661 ubi
2354 2624 2478 2663 vere
2506 2610 2731 2681 populus
2756 2620 2875 2664 tuus
2900 2611 3210 2669 sabbatizat.
3236 2611 3355 2665 sab-

1800 2695 1925 2750 bato
1964 2696 2187 2764 perenni
2226 2696 2429 2751 fruens.
2486 2698 2706 2752 lnterim
2733 2714 2963 2768 quoque,
2992 2706 3222 2768 quarries
3254 2700 3353 2753 sim

1800 2783 1853 2837 in
1891 2783 1991 2837 hoc
2030 2785 2382 2852 corpusculo,
2432 2786 2599 2855 dirige
2650 2802 2735 2840 me
2782 2788 2834 2839 in
2869 2788 3058 2841 semita
3106 2800 3246 2841 recta
3297 2787 3357 2839 ης

1800 2872 1883 2927 dei
1928 2873 2222 2937 catholicas,
2265 2882 2499 2932 sustenta
2543 2874 2696 2933 ﬁrma
2746 2889 2859 2941 spe,
2899 2874 3057 2929 refice
3092 2882 3177 2927 tua
3220 2874 3351 2927 dile-

1800 2964 1993 3027 ctione,
2023 2972 2082 3017 ut
2108 2964 2220 3033 ipse
2247 2963 2375 3017 mihi
2401 2965 2472 3018 sis
2503 2964 2835 3035 refrigerium
2864 2966 2915 3018 in
2952 2966 3053 3029 via,
3078 2980 3235 3033 quem
3267 2978 3352 3019 req

1798 3052 1975 3120 quiem
2023 3051 2267 3106 desidero
2308 3051 2504 3105 habere
2545 3053 2598 3105 in
2642 3053 2834 3123 patria.
2887 3053 3015 3113 Sine
3064 3054 3353 3117 ullarenim

148 3135 460 3198 [lanitium
484 3149 667 3223 verum
722 3142 941 3223 supplex
990 3153 1045 3198 et
1088 3143 1241 3205 laetus
1286 3144 1449 3199 adoro
1472 3183 1486 3208 ,
1536 3148 1697 3221 atque
1722 3129 1766 3191 C
1797 3136 2105 3204 diﬂidentia,
2132 3140 2307 3194 omnia
2332 3140 2592 3209 promissa
2622 3149 2708 3194 tua
2735 3141 3037 3198 credoesse
3060 3142 3350 3209 verissima,

146 3224 292 3287 smel
346 3222 761 3313 tegisubmisse
792 3222 861 3290 et
905 3235 1177 3313 humiliter
1214 3234 1451 3295 salutans
1471 3233 1593 3289 dico
1618 3253 1631 3288 :
1656 3234 1699 3290 0
1791 3230 1989 3307 judicia
2026 3238 2115 3285 tua
2152 3233 2471 3301 pertimesco
2514 3224 2838 3295 rectissima,
2872 3231 3010 3285 dona
3050 3239 3139 3285 tua
3168 3246 3357 3300 exspe-I

148 3313 356 3392 lignum
385 3310 544 3377 vitale
579 3327 634 3379 et
666 3338 757 3379 ara
784 3309 1085 3399 salutifera,
1118 3335 1168 3381 te
1198 3327 1377 3390 adoro,
1407 3340 1552 3395 spem
1579 3325 1701 3389 vita:

145 3417 365 3465 aeternae
395 3400 719 3487 deprecans,
764 3422 825 3467 ut
870 3414 967 3484 pe'r
993 3410 1054 3472 te"
1069 3422 1395 3487 structuram
1433 3414 1702 3473 sanctissi-

147 3517 287 3559 mam
322 3504 507 3565 hostia
523 3490 681 3578 grata
710 3504 820 3567 Deo
837 3508 1053 3563 oblatus
1078 3508 1324 3565 existam.
1382 3506 1493 3563 Hoc
1522 3524 1699 3563 meum

145 3598 227 3647 est
258 3592 617 3661 desiderium,
642 3596 743 3650 hoc
763 3596 967 3651 validus
997 3598 1194 3652 amoris
1226 3596 1427 3663 fervor,
1468 3599 1568 3652 hoc
1588 3602 1700 3655 tota

148 3680 379 3735 intentio
402 3669 609 3761 mentis
640 3692 696 3738 et
722 3678 918 3739 famina
958 3686 1150 3757 lingua:
1172 3697 1416 3753 exorant,
1443 3688 1547 3744 hoc
1572 3699 1704 3745 esu—‘

144 3769 257 3825 rios
288 3772 475 3828 cordis
503 3782 559 3827 et
584 3774 700 3829 sitis
730 3784 809 3830 est
840 3777 1029 3831 anima:
1048 3818 1063 3842 ,
1106 3786 1167 3831 ut
1200 3792 1297 3848 per
1313 3778 1576 3849 passionis
1597 3786 1701 3833 tua:

149 3856 382 3933 gratiam
409 3878 496 3919 me
527 3864 622 3918 tibi
651 3866 885 3921 oblatum
916 3865 1169 3928 famulum
1195 3868 1473 3936 suscipias,
1506 3876 1700 3937 tuaque

1799 3332 1889 3378 cto
1922 3321 2244 3378 dulcissima.
2292 3322 2489 3376 Prmsta
2519 3330 2580 3376 ut
2604 3322 2654 3375 in
2683 3330 2733 3375 te
2758 3322 2990 3389 gaudens
3026 3330 3201 3376 tecum
3228 3334 3358 3391 pere

1800 3419 2041 3469 maneam
2072 3415 2123 3468 in
2152 3422 2347 3469 aaterna
2376 3414 2573 3469 laetitia.
2618 3413 2662 3468 Ο
2698 3430 2829 3468 crux
2864 3413 2999 3465 alma
3042 3411 3158 3477 Dei,
3189 3426 3357 3480 usque

1800 3507 1925 3571 huc,
1960 3512 2215 3575 quantum
2257 3506 2424 3574 potui,
2471 3504 2677 3558 laudem
2714 3514 2859 3566 tuam
2886 3503 3083 3574 cecini;
3114 3502 3205 3554 sed
3228 3502 3353 3569 quia

1802 3580 2128 3666 triumphum
2164 3606 2432 3665 perpetem
2464 3596 2694 3664 expetis,
2730 3608 2886 3662 quem
2916 3595 2967 3646 in
3009 3592 3092 3645 his
3117 3589 3356 3651 mortali-

1802 3686 1901 3740 bus
1918 3685 2146 3755 pleniter
2168 3692 2221 3739 et
2245 3684 2475 3755 perfecte
2504 3700 2608 3738 non
2634 3684 2856 3746 invenis,
2882 3681 3064 3739 confer
3090 3688 3141 3736 te
3162 3680 3229 3738 ad
3249 3694 3359 3734 eo).

1802 3774 1953 3836 lestia
1992 3773 2295 3849 angelorum
2335 3773 2563 3843 agmina,
2601 3773 2780 3842 ibique
2815 3772 2911 3827 tibi
2951 3770 3067 3826 laus
3101 3776 3357 3851 perpetua

1802 3878 1897 3934 per
1922 3872 2116 3919 cuncta
2143 3862 2351 3921 sanabit
2371 3860 2582 3919 smcula.

1116 3988 3340 4030 Μαι

152 4003 1177 4038 mm:

734 4116 1295 4253 sna-r1
1368 4136 2102 4249 nonam
2173 4062 2797 4251 unus!"

887 4363 1263 4427 FULDENSIS
1294 4363 1582 4423 ABBATIS
1614 4364 1702 4426 ΕΤ
1739 4361 2114 4424 MOGUNTINI
2149 4360 2658 4424 ARCHIEPISCOPI

502 4543 694 4691 DE
796 4499 1799 4711 CLERICORUM
1893 4539 2994 4667 INSTITUTIONE

1148 4769 1242 4829 AD
1277 4764 1763 4825 HEISTULPHUM
1799 4766 2385 4827 ARCHIEPISCOPUM

1309 4924 1519 4987 LIBRI
1564 4923 1781 4983 TRES.
1829 4924 2071 5003 (ANNO
2109 4924 2272 5002 8l9.)

919 5102 1019 5207 AD.
1046 5148 1360 5207 muses
1398 5149 1797 5207 FULDENSES
1834 5145 2227 5208 EPIGRAMMA
2266 5117 2587 5200 ElUSDEM.

214 5372 439 5430 Cernite
464 5367 596 5438 quid
631 5366 814 5429 voluit,
844 5365 1049 5427 fratres.
1077 5369 1335 5421 sententia
1360 5367 1511 5439 legis,

287 5464 424 5529 Quae
456 5456 679 5511 mandat
704 5456 808 5510 rite
835 5471 1055 5511 noscere
1097 5458 1253 5510 verba
1280 5458 1393 5512 Dei.

215 5550 394 5607 Aures
419 5544 669 5614 quisquis
694 5542 869 5604 habet,
901 5543 987 5603 hic
1011 5544 1213 5608 audiat,
1246 5545 1433 5614 inquit,
1471 5556 1703 5614 apertas,

285 5635 427 5706 Quid
456 5635 601 5691 dicat
633 5641 845 5689 sanctus
866 5631 1095 5698 Spiritus
1119 5633 1391 5688 Ecclesiis.

1728 5368 1781 5430 D
1874 5365 1969 5423 Cui
1998 5363 2274 5420 Psalmista
2297 5363 2411 5431 pari
2440 5362 2731 5418 concordat
2756 5370 3049 5432 grammatc
3075 5362 3279 5444 plebem

1947 5456 2001 5510 In
2020 5455 2189 5523 legem
2218 5453 2424 5507 Domini
2448 5467 2666 5507 cernere
2695 5453 2795 5507 rite
2807 5452 3017 5520 iubens.
3104 5456 3111 5461 ’

1881 5546 1971 5599 Sic
1984 5558 2192 5614 quoque
2213 5558 2310 5597 nos
2333 5556 2541 5610 semper
2563 5542 2733 5596 oculis
2752 5550 2912 5611 atque
2930 5543 3147 5598 auribus
3174 5553 3249 5599 est
3269 5543 3349 5599 fas

1952 5636 2187 5699 luIcnIis,
2219 5631 2657 5695 fratres,discere
2680 5634 2837 5690 verba
2870 5632 2980 5690 Dei.
