3958 6354
479 375 585 429 995

547 483 686 549 Quid
715 483 932 545 mandet
958 481 1137 545 dictis,
1168 480 1295 548 quid
1324 477 1481 533 factis
1510 477 1706 530 indicet
1733 471 1863 541 ipsis
1885 509 1900 534 ,

619 573 747 638 Qua:
773 571 940 626 colex
971 571 1198 641 geminis
1224 568 1463 622 continet
1489 565 1575 617 ille
1601 563 1730 616 suis.

549 661 687 727 Quid
715 660 1035 715 celebrando
1057 659 1158 728 piis
1186 659 1360 727 signet
1385 652 1703 708 charissima
1725 650 1922 704 Christi

624 750 831 820 Sponsa
860 747 1234 810 sacramentis,
1274 754 1328 798 et
1360 743 1553 798 studiis
1582 743 1763 794 variis.

551 841 794 911 Namque
824 838 1138 908 poposcistis
1159 837 1274 890 haec
1294 836 1446 889 vobis
1472 833 1694 889 reddere
1719 833 1956 902 scriptis,

625 931 851 985 Exhibui
877 927 1056 997 parvis
1085 927 1198 980 hrc
1226 924 1398 978 tribus
1425 925 1537 992 ipse
1559 923 1729 978 libris.

551 1021 690 1088 Quid
722 995 927 1073 cultura
957 1017 1122 1079 venit,
1178 1013 1434 1084 gradibus
1481 1013 1608 1081 quid
1637 1012 1847 1067 nuntiet
1876 995 2050 1074 almis,

625 1109 758 1176 Quid
788 1121 967 1176 prece,
994 1106 1137 1175 quid,
1157 1104 1306 1159 festis
1336 1113 1520 1158 sancta
1547 1103 1638 1156 Dei
1667 1102 1924 1156 Ecclesia.

553 1203 812 1269 Dogmata
841 1211 959 1264 quas
987 1195 1196 1250 cunctis
1222 1194 1308 1262 pia
1339 1194 1546 1247 discere
1573 1207 1757 1260 quaeve
1788 1192 2002 1255 docere,

625 1287 893 1342 Coudeeet
921 1283 1201 1341 ordinibus
1226 1281 1452 1352 mystica
1479 1281 1620 1334 dicta
1657 1279 1772 1334 Dei.

1138 370 1198 423 B.
1235 367 1485 422 RABANI
1527 368 1739 428 suum
1779 357 2092 416 AlltJllEP.
2135 357 2439 415 MOGUNT.
2482 359 2762 425 OPERUM
2797 358 2975 415 PARS
3013 358 3053 413 ι.

3602 353 3714 410 996

2063 474 2117 532 Α
2213 469 2268 524 Si
2292 470 2415 526 licet
2444 471 2557 525 haec
2591 481 2702 525 tota
2725 486 2830 524 non
2859 485 3072 540 possum
3097 482 3319 540 carpere
3345 467 3578 537 scriptis,

2290 559 2527 613 Plurima
2549 559 2858 626 complexus
2890 558 2976 611 hic
2999 566 3173 610 tamen
3195 565 3312 610 arte
3342 555 3483 609 dedi.

2222 651 2346 704 llaec
2370 665 2468 719 ego
2495 657 2743 717 peccator
2770 647 3020 701 Rabanus
3039 648 3175 701 dona
3202 646 3456 710 tonantis,

2296 739 2579 796 Vobiscum
2612 737 2828 804 capiens
2853 752 2992 790 nunc
3013 736 3097 804 pia
3124 736 3403 804 participo.

2225 824 2457 899 supplex
2483 843 2578 882 vos
2603 841 2782 895 posco,
2809 835 3011 881 testans
3039 841 3134 894 per
3159 836 3369 894 sceptra
3397 825 3674 888 Tonantis,

2299 918 2378 971 Me
2404 926 2462 972 ut
2483 917 2864 973 commcndctis
2894 932 2986 971 vos
3012 917 3256 986 precibus
3283 917 3525 970 Domino.

2223 1006 2495 1073 Quatenus
2527 1007 2650 1074 ipse,
2668 1007 2785 1074 pius
2808 1007 3063 1060 concedat
3090 1006 3227 1058 dona
3257 1006 3465 1069 salutis,

2295 1093 2834 1148 Vobiscunf'mihimct
2874 1109 3033 1163 regna
3073 1095 3226 1148 beata
3254 1095 3378 1163 poli.

2223 1187 2470 1241 Christus
2485 1186 2587 1239 dux
2614 1195 2810 1248 vester,
2834 1185 3078 1240 Christus
3105 1201 3215 1246 rex,
3233 1187 3475 1239 Christus
3489 1195 3719 1240 amator.

2297 1273 2522 1347 Semper
2546 1290 2642 1329 vos
2668 1274 2836 1329 salvet
2862 1290 3102 1329 summus
3129 1275 3180 1328 in
3210 1276 3518 1330 arce'Deus.

1839 1608 2363 1690 PRKEFATIO

565 1913 792 1969 Doniino
825 1907 1275 1965 reverendissimo
1300 1921 1363 1961 ac
1389 1903 1790 1974 religiosissimo
1804 1901 2065 1955 ιίειετυι-
2091 1904 2139 1961 Β
2169 1898 2392 1952 resibus.
2449 1896 2659 1949 Tertius
2687 1909 2812 1949 vero
2864 1893 2998 1948 liber
3043 1893 3231 1948 edocet
3257 1893 3522 1962 quomodo
3545 1896 3727 1950 omnia

495 2019 594 2059 auo
623 2001 1023 2070 archiepiscopo
1049 1998 1316 2061 Russus,
1357 1996 1608 2049 minimus
1635 2007 1914 2048 servorum
1940 1991 2056 2052 Dei,

493 2105 751 2154 aeternam
773 2096 826 2156 in
848 2091 1061 2146 Christo
1084 2097 1232 2157 optat
1253 2087 1501 2142 salutem.

563 2185 696 2240 Cum
729 2190 800 2245 te,
830 2186 1012 2242 sancte
1040 2177 1221 2241 Pater,
1246 2191 1342 2245 pro
1377 2174 1567 2228 merito
1594 2185 1817 2227 summa
1845 2169 2060 2241 pietatis

493 2273 709 2346 plurimi
737 2277 1078 2332 venerentur,
1119 2273 1174 2320 et
1213 2265 1464 2320 omnibus
1490 2261 1732 2316 ﬁdelibus
1760 2274 1923 2314 causa
1947 2274 2062 2313 ma-

495 2380 612 2436 gna:
638 2361 760 2416 ﬁdei
791 2368 846 2414 et
893 2373 1036 2414 sana:
1073 2355 1330 2410 doctrina:
1379 2350 1705 2407 honorabilis
1735 2357 1893 2418 atque
1917 2362 2062 2402 ama-

497 2454 619 2508 bilis
636 2451 871 2513 existas,
900 2460 1192 2516 congruum
1215 2457 1335 2498 esse
1355 2441 1597 2510 iudicavi
1618 2448 1680 2494 ut
1695 2453 1795 2508 ego
1823 2439 1876 2492 in
1903 2451 2062 2507 quem

497 2543 788 2614 plurimum
835 2547 1047 2592 tuorum
1099 2533 1480 2591 beneﬁciorum
1513 2531 1802 2600 contulisti,
1850 2527 2067 2598 aliquod

500 2630 875 2688 munusculum
906 2627 1030 2681 licet
1059 2641 1162 2680 non
1189 2624 1532 2694 condignum,
1566 2630 1765 2686 tamen,
1793 2629 1850 2674 ut
1878 2620 2063 2685 credo,

501 2735 607 2778 non
637 2719 907 2788 ingratum
957 2724 1061 2768 tute
1111 2711 1446 2768 venerationi
1495 2709 1781 2774 deferrem,
1812 2708 1944 2763 nihil
1974 2723 2066 2762 ve—

502 2823 626 2863 rens
647 2806 718 2862 de
749 2805 946 2876 pretio,
977 2803 1102 2872 quia
1127 2801 1338 2855 animus
1363 2799 1415 2853 in
1443 2798 1682 2854 bonitate
1721 2796 1868 2851 dives
1895 2797 2067 2865 magis

500 2899 734 2954 mstimat
753 2893 1088 2949 devotionem
1114 2888 1387 2944 offerentis
1417 2901 1580 2956 quam
1623 2885 1852 2948 donum;
1881 2893 1936 2938 et
1965 2884 2066 2937 hac

502 2985 694 3045 ﬁducia
722 2997 885 3037 ausus
915 2995 1032 3034 sum
1073 2987 1280 3048 partem
1307 2973 1504 3030 laboris
1528 2974 1650 3038 mei,
1691 2989 1852 3043 quam
1877 2974 1930 3026 in
1957 2985 2069 3027 stu-

503 3076 592 3130 dio
621 3088 789 3129 sacra:
817 3068 1063 3126 lectionis
1090 3064 1380 3128 elaboravi,
1422 3063 1538 3126 tibi,
1562 3077 1722 3131 quem
1750 3061 2070 3132 benignissi-

503 3179 648 3220 mum
675 3172 832 3231 atque
857 3157 1218 3232 aequissinmm
1241 3169 1360 3208 esse
1399 3154 1529 3213 scio,
1568 3151 1686 3206 vice
1711 3151 1949 3205 muneris
1993 3149 2072 3205 dl-

2159 2002 2278 2054 quua
2307 1985 2358 2037 in
2388 1984 2582 2037 divinis
2628 1982 2776 2036 libris
2809 1982 3008 2050 scripta
3033 1989 3175 2044 sunt,
3209 1981 3576 2050 investiganda
3601 1992 3730 2036 sunt

2158 2081 2319 2141 atque
2337 2071 2613 2136 discenda,
2652 2085 2750 2124 nec
2775 2085 2879 2124 non
2903 2079 2958 2123 et
3015 2084 3042 2121 a
3070 2085 3187 2138 qua:
3216 2070 3268 2124 in
3299 2070 3579 2139 gentilium
3611 2078 3728 2125 stu.

2157 2161 2261 2218 diis
2286 2171 2342 2216 et
2379 2160 2591 2215 artibus
2617 2161 2982 2217 ecclesiastico
3010 2159 3124 2213 viro
3151 2162 3378 2215 scrutari
3405 2162 3555 2215 utilia
3582 2171 3729 2219 sunt.

2159 2248 2457 2304 Novissime
2485 2264 2612 2303 vero
2636 2249 2770 2303 liber
2820 2248 2936 2318 ipse
2974 2249 3192 2317 exponit
3221 2235 3486 2316 quomodo
3513 2259 3728 2318 oportet

2160 2357 2254 2396 eos
2301 2341 2393 2410 qui
2443 2340 2664 2396 docendi
2695 2339 2927 2395 oﬂlcium
2973 2347 3166 2408 gerunt
3191 2340 3430 2394 diversos
3458 2341 3734 2396 auditores

2161 2433 2388 2487 diversis
2408 2431 2819 2489 allocutionibus
2855 2431 3162 2494 admonere,
3205 2439 3259 2484 et
3286 2430 3337 2484 in
3369 2430 3613 2487 doctrina
3646 2445 3726 2494 ec-

2161 2520 2462 2574 clesiastica
2495 2519 2726 2575 ﬁdeliter
2751 2519 2982 2574 erudire.
3016 2519 3082 2572 Et
3110 2519 3234 2588 quia
3262 2519 3376 2574 haec
3399 2522 3580 2574 omnia
3611 2537 3735 2590 quia

2162 2600 2394 2663 diximus
2433 2606 2500 2662 ad
2542 2607 2858 2682 clericorum
2896 2608 3125 2662 oﬂiciutn
3164 2610 3395 2665 maxime
3436 2611 3736 2680 pertinent,

2163 2698 2254 2767 qui
2300 2693 2474 2753 locum
2506 2698 2780 2768 regiminis
2813 2699 2866 2752 in
2909 2697 3146 2752 Ecclesia
3199 2707 3402 2764 tenent,
3432 2710 3488 2755 et
3515 2701 3583 2756 de
3609 2704 3735 2768 uni-

2162 2793 2335 2848 versis
2362 2793 2615 2862 legitimis
2633 2792 2729 2846 Dei
2751 2792 3016 2868 ‘populum
3046 2793 3312 2847 instruere
3347 2794 3564 2859 debent,
3615 2793 3736 2864 pla-

2165 2888 2277 2942 cuit
2313 2888 2458 2956 ipsos
2484 2887 2648 2942 libros
2694 2887 2760 2941 de
2793 2885 3133 2942 institutione
3177 2887 3495 2943 clericorum
3522 2905 3736 2944 nuncu-

2165 2977 2303 3046 pari,
2333 2977 2386 3030 id
2413 2983 2515 3042 est,
2545 2991 2668 3030 cum
2701 2989 2808 3044 qua
2841 2990 2898 3030 se
2925 2975 3008 3030 vel
3041 2977 3141 3030 sibi
3178 2977 3417 3032 subditos
3455 2978 3520 3031 ad
3559 2980 3736 3033 servi-

2167 3067 2299 3120 tium
2329 3065 2569 3120 divinum
2599 3065 2863 3119 instruere
2886 3065 3110 3120 debent.
3147 3064 3375 3120 Proinde
3400 3067 3629 3124 obsecro
3659 3077 3735 3133 te,

2170 3163 2356 3210 sancte
2374 3154 2552 3216 Pater,
2581 3166 2641 3207 ut
2671 3153 2905 3208 oblatum
2933 3154 3028 3209 tibi
3055 3170 3187 3224 opus
3216 3156 3495 3225 suscipias,
3541 3172 3604 3212 ac
3646 3161 3738 3226 pie

503 3253 701 3321 rigere,
729 3264 759 3303 a
781 3257 833 3304 te
860 3245 1242 3317 qualiscunque
1267 3241 1337 3296 sit
1373 3240 1701 3309 reciperetur
1719 3277 1735 3304 ,
1761 3253 1825 3292 ac
1863 3247 1953 3292 tuo
1980 3253 2062 3292 sa-
2090 3239 2134 3299 C
2166 3242 2429 3321 relegens,
2458 3240 2742 3310 diligenter
2763 3242 2888 3296 illud
2927 3243 3199 3297 examines
3216 3283 3230 3308 ,
3257 3252 3312 3296 et
3340 3243 3412 3297 ita
3437 3260 3554 3314 qua:
3584 3246 3638 3298 in
3667 3239 3738 3302 eo

505 3357 602 3397 cro
617 3339 822 3408 judicio
847 3336 1183 3405 probaretur,
1226 3340 1386 3400 atque
1423 3330 1488 3384 ad
1516 3343 1707 3398 purum
1733 3327 2070 3383 examinare..-

507 3439 614 3483 tnr.
640 3424 1034 3495 Quaestionibus
1057 3437 1185 3491 ergo
1227 3420 1452 3474 diversis
1490 3417 1714 3473 fratrum
1742 3426 2066 3480 nostrorum,

507 3530 563 3576 et
606 3518 840 3574 maxime
863 3519 1049 3571 eorum
1070 3512 1169 3581 qui
1194 3513 1247 3566 in
1275 3511 1445 3566 sacris
1477 3510 1757 3565 ordinibus
1777 3509 2069 3579 pollebant,

511 3609 829 3679 respondere
850 3603 1223 3674 compellebar,
1259 3602 1349 3671 qui
1381 3616 1465 3655 me
1492 3601 1558 3656 de
1593 3599 1765 3654 oﬂicio
1786 3615 1883 3654 suo
1902 3609 1958 3653 et
1981 3613 2072 3651 va—

509 3700 605 3753 riis
646 3693 1110 3752 observationibus
1150 3705 1267 3759 quae
1295 3690 1348 3744 in
1396 3687 1635 3743 Ecclesia
1683 3687 1778 3742 Dei
1809 3687 2073 3742 decentis-

509 3791 644 3844 sime
693 3786 1069 3847 observantur,
1121 3781 1414 3851 mpissime
1458 3788 1511 3835 et
1545 3778 1968 3848 interrogabant,
2017 3783 2073 3830 et

510 3881 774 3951 aliquibus
794 3891 978 3932 eorum
1007 3874 1182 3938 dictis,
1207 3871 1474 3940 aliquibus
1502 3883 1629 3924 vero
1651 3867 1882 3948 scriptis,
1912 3874 2074 3936 prout

511 3967 882 4040 opportunitas
918 3964 1020 4024 loci
1073 3977 1136 4016 ac
1167 3959 1421 4030 temporis
1472 3963 1606 4023 erat,
1662 3954 1954 4010 secundum
1979 3968 2073 4006 au-

513 4059 814 4115 ctoritatem
859 4062 914 4109 et
957 4052 1154 4124 stylum
1203 4048 1463 4116 majorum
1506 4047 1572 4100 ad
1619 4044 1943 4113 interrogata
1991 4056 2074 4096 re-

513 4147 722 4220 spondi,
755 4145 846 4199 sed
872 4159 976 4197 non
1001 4143 1054 4196 in
1084 4142 1184 4195 hoc
1208 4139 1342 4193 satis
1367 4137 1444 4192 eis
1468 4135 1644 4190 facere
1670 4134 1835 4203 potui,
1863 4132 1957 4202 qui
1989 4147 2074 4220 me

515 4219 898 4297 instantissime
923 4229 1277 4299 postulabant,
1329 4225 1435 4279 imo
1465 4224 1747 4293 cogebant,
1795 4230 1854 4274 ut
1891 4219 2072 4275 omnia

517 4326 632 4379 lucc
661 4323 713 4375 in
744 4335 908 4374 unum
930 4319 1176 4372 volumen
1203 4329 1566 4386 congererem,
1597 4322 1656 4367 ut
1673 4312 1934 4365 haberent
1969 4327 2073 4380 quo

517 4414 694 4480 aliquo
731 4411 888 4464 modo
937 4405 1369 4476 inquisitionibus
1414 4403 1524 4457 suis
1566 4401 1802 4455 {aeerent
1830 4401 1978 4463 satis,
2020 4407 2074 4454 et

519 4499 572 4556 in
596 4515 700 4552 uno
723 4497 904 4552 codice
925 4494 1082 4550 simul
1102 4493 1357 4561 scriptum
1399 4490 1713 4559 reperirent,
1752 4489 1892 4557 quod
1918 4497 2074 4543 antea

2169 3327 2559 3383 rationabiliter
2580 3329 2848 3384 inveneris
2874 3330 3092 3394 dictata,
3127 3331 3177 3386 ei
3207 3331 3309 3388 hoc
3345 3333 3548 3388 tribuas
3569 3350 3598 3388 ι
3625 3352 3738 3406 quo

2170 3429 2254 3474 est
2282 3419 2431 3472 ratio,
2448 3428 2668 3484 creata;
2715 3420 2760 3474 si
2789 3435 2892 3488 qua
2931 3434 3061 3474 vero
3091 3420 3484 3478 inconsiderate
3518 3439 3740 3492 repere-

2170 3507 2245 3560 ris
2269 3507 2499 3576 prolata,
2549 3517 2641 3562 tuo
2691 3509 2866 3562 studio
2906 3509 3063 3564 citius
3089 3511 3281 3586 reddas
3309 3511 3398 3564 illa
3425 3515 3736 3570 emendata.

2172 3597 2286 3651 Tuo
2309 3597 2451 3651 enim
2478 3599 2786 3667 magisterio
2827 3613 3036 3669 semper
3077 3615 3162 3654 me
3193 3601 3361 3656 libens
3391 3602 3612 3657 subdam
3638 3644 3656 3665 ,
3706 3620 3740 3661 ι

2170 3703 2276 3756 quo
2302 3689 2552 3758 recordor
2578 3705 2662 3743 me
2682 3690 2946 3758 accepisse
2972 3690 3278 3761 dignitatem
3294 3691 3736 3748 ecclesiasticam.

2170 3776 2391 3832 Conﬁdo
2419 3785 2595 3845 tamen
2627 3774 3004 3846 omnipotentis
3023 3770 3118 3840 Dei
3147 3780 3350 3848 gratiae,
3388 3781 3528 3850 quod
3574 3781 3739 3838 fidem

2170 3875 2224 3922 et
2251 3881 2464 3922 sensum
2494 3867 2810 3921 catholicum
2839 3866 2892 3920 in
2914 3865 3160 3921 omnibus
3185 3869 3471 3933 tenuerim,
3501 3884 3600 3925 nec
3634 3884 3741 3940 per

2171 3972 2256 4010 me
2281 3955 2432 4024 quasi
2459 3970 2523 4009 ex
2551 3970 2635 4008 me
2656 3970 2718 4009 ea
2747 3955 2942 4024 protuli
2967 3995 2981 4020 ,
3013 3957 3106 4009 sed
3145 3957 3450 4011 auctoritati
3500 3957 3740 4016 innitens

2171 4046 2451 4115 majorum,
2499 4059 2594 4112 per
2619 4044 2796 4098 omnia
2840 4043 3050 4097 illorum
3079 4045 3305 4115 vestigia
3350 4061 3469 4100 sum
3494 4055 3736 4103 secutus.

2171 4133 2494 4204 Cyprianum
2514 4134 2634 4187 dico
2663 4140 2823 4202 atque
2849 4132 3127 4200 Hilarium,
3162 4134 3522 4200 Ambrosium,
3552 4135 3740 4193 Hiero-

2172 4232 2409 4292 nymum,
2439 4223 2812 4292 Augustinum,
2861 4222 3197 4292 Gregorium,
3233 4223 3510 4292 Joannem,
3537 4226 3740 4280 Dama-

2172 4326 2310 4375 sum,
2357 4310 2756 4376 Cassiodorum,
2815 4321 2866 4364 et
2895 4321 3115 4366 creteros
3163 4315 3462 4381 nonnullos,
3507 4332 3737 4386 quorum

2172 4399 2314 4454 dicta
2353 4400 2547 4453 alicubi
2575 4401 2626 4453 in
2663 4400 2776 4469 ipso
2797 4415 2956 4468 opere
2996 4393 3068 4456 ita
3091 4410 3150 4456 ut
3185 4403 3250 4456 ab
3273 4403 3351 4458 eis
3382 4406 3578 4473 scripta
3603 4417 3741 4466 sunt

2175 4505 2270 4560 per
2293 4491 2714 4544 convenientiam
2742 4490 2914 4559 posui,
2946 4490 3135 4544 alicubi
3168 4506 3376 4560 quoque
3404 4507 3584 4547 eorum
3613 4511 3734 4552 sen-

519 4604 625 4642 non
675 4586 850 4649 simul,
883 4567 995 4643 'sed
1023 4582 1300 4651 speciatim
1353 4557 1542 4649 singuli
1591 4571 1749 4648 prout
1777 4579 2073 4648 interroga-
2100 4557 2152 4616 D
2176 4557 2295 4635 sum
2321 4580 2453 4633 meis
2479 4580 2657 4633 verbis
2694 4557 2908 4650 propter
2931 4557 3243 4635 brevitatem
3285 4557 3463 4649 operis
3503 4585 3737 4639 strictim

519 4680 668 4738 bant,
707 4677 761 4729 in
785 4674 924 4728 foliis
970 4674 1167 4739 scripta
1193 4671 1468 4724 haberent.
1500 4669 1701 4734 Quibus
1727 4668 1992 4732 consensi,
2021 4675 2076 4721 et

519 4767 660 4835 quod
691 4763 950 4833 rogabant
974 4760 1074 4814 feci
1102 4767 1366 4828 quantum
1386 4759 1552 4827 potui.-
1583 4758 1715 4811 Nam
1745 4758 1812 4811 de
1840 4758 1940 4812 hoc
1967 4765 2077 4812 tres

521 4857 684 4912 libros
705 4852 865 4907 edidi.
911 4851 1147 4917 Quorum
1200 4847 1406 4917 primus
1430 4846 1496 4899 de
1524 4845 1902 4900 ecclesiasticis
1928 4845 2076 4899 ordi-

520 4947 696 5008 nibus,
743 4952 800 4996 et
845 4943 909 4996 de
948 4949 1096 4994 veste
1123 4935 1439 4992 sacerdotali
1485 4935 1807 4990 continetur.
1853 4934 1980 4988 Item
2011 4934 2078 4988 de

521 5040 750 5102 quatuor
795 5028 1205 5085 cbarismatibus
1240 5024 1510 5085 Ecclesiae,
1561 5022 1614 5075 id
1643 5030 1745 5086 est,
1793 5022 2075 5090 baptismo,

521 5132 575 5176 et
601 5121 929 5181 chrismate,
975 5130 1197 5183 corpore
1237 5123 1299 5169 et
1343 5113 1600 5184 sanguine
1641 5112 1891 5178 Domini,
1933 5115 2077 5170 etde

521 5209 698 5265 cilicio
715 5207 901 5268 missae
946 5204 1236 5258 secundum
1262 5218 1466 5257 morem
1508 5201 1762 5256 Romana:
1802 5201 2073 5262 Ecclesiae.

525 5299 804 5371 Secundus
827 5303 1004 5348 autem
1048 5293 1184 5348 liber
1208 5294 1446 5351 continet
1469 5293 1534 5347 de
1571 5290 1750 5346 cilicio
1797 5293 2078 5346 canonica-

523 5404 642 5448 rum
671 5389 946 5448 horarum,
995 5384 1146 5438 etde
1172 5382 1405 5451 jejunio,
1437 5391 1500 5436 et
1538 5384 1606 5438 de
1635 5383 1967 5437 confessione
2014 5397 2075 5435 ac

521 5477 859 5549 pmniaeutia,
890 5475 974 5528 de
1003 5472 1253 5544 legitimis
1274 5485 1488 5542 quoque
1515 5472 1746 5542 Muniis,
1781 5481 1839 5527 et
1869 5471 2074 5535 festivi-

521 5567 726 5621 tatibus
744 5566 941 5626 variis,
989 5564 1056 5617 de
1103 5561 1420 5616 lectionibus
1464 5571 1521 5615 et
1561 5564 1777 5616 cantico
1825 5562 2076 5620 ecclesia-

530 5658 687 5719 uice.
713 5658 782 5712 de
801 5656 905 5712 ﬁde
934 5656 1194 5712 catholica
1213 5694 1229 5720 ,
1256 5660 1318 5707 et
1341 5667 1376 5707 e
1399 5637 1757 5710 ωιίιτωῆοῡε
1777 5666 1866 5704 τω
1881 5651 1947 5710 iis
1967 5657 2078 5706 luc-

2175 4669 2467 4724 enuntiavi.
2495 4667 2763 4722 Interdum
2785 4684 2908 4723 vero
2932 4669 3022 4723 ubi
3049 4684 3264 4724 necesse
3295 4669 3415 4734 fuit,
3442 4672 3734 4728 secundum

2175 4762 2448 4833 exemplar
2475 4776 2658 4819 eorum
2686 4759 2924 4829 quaedam
2954 4761 3110 4818 sensu
3141 4770 3260 4814 meo
3283 4761 3499 4828 protuli.
3535 4753 3592 4815 In
3610 4778 3730 4816 orn-

2175 4851 2332 4907 nibus
2361 4859 2557 4913 tamen,
2589 4849 2642 4902 ni
2672 4848 2843 4912 fallor,
2872 4848 3188 4902 catholicam
3231 4849 3469 4904 imitatus
3497 4866 3612 4904 sum
3642 4866 3732 4907 ve-

2179 4942 2412 5006 ritatem,
2437 4955 2470 4994 a
2495 4954 2599 5008 qua
2628 4939 2692 5009 (si
2720 4939 2973 4992 Dominus
2994 4939 3274 5011 adjuverit)
3300 4956 3404 4994 non
3430 4941 3604 5008 patior
3625 4942 3734 5000 ullo

2182 5032 2336 5086 modo
2378 5029 2570 5092 divelli,
2603 5044 2759 5098 quam
2788 5039 2842 5082 et
2873 5038 2920 5082 te
2945 5044 3051 5098 pra:
3081 5029 3325 5083 omnibus
3349 5029 3544 5084 habere
3573 5039 3736 5101 atque

2177 5135 2365 5175 amare
2387 5117 2626 5185 conﬁdo;
2651 5127 2704 5173 et
2728 5119 2845 5173 ideo
2869 5127 2955 5172 tua
2989 5119 3237 5189 sull'ragia
3258 5119 3475 5188 supplex
3502 5131 3645 5188 peto,
3673 5133 3734 5179 ut

2179 5211 2294 5281 ipsa
2335 5209 2548 5263 Veritas
2601 5209 2839 5262 omnium
2887 5209 3118 5262 creatrix
3141 5217 3308 5276 atque
3362 5210 3729 5278 gubernatrix.

2175 5299 2302 5351 licet
2317 5311 2430 5350 non
2457 5297 2589 5349 meis
2613 5296 2837 5357 meritis,
2867 5303 3040 5348 tamen
3061 5304 3281 5365 propter
3306 5305 3450 5350 tuam
3478 5299 3734 5353 sacratis-

2177 5388 2366 5441 simam
2387 5385 2683 5440 orationem
2715 5399 2798 5442 me
2825 5385 2874 5436 in
2905 5398 2964 5436 se
2995 5385 3112 5445 sine
3137 5384 3416 5438 ullodevio
3439 5385 3644 5440 erroris
3673 5387 3733 5442 in

2177 5483 2434 5528 :etemum
2472 5487 2792 5528 conservare
2839 5473 3099 5540 dignetur.
3580 5481 3730 5532 ticam

2177 5572 2301 5628 opto
2327 5576 2539 5631 semper
2563 5563 2700 5616 bene
2725 5562 2901 5616 valere
2931 5562 2982 5616 in
3022 5564 3290 5628 caulibus.
3320 5572 3520 5619 sancte
3543 5560 3731 5633 Puer,

2178 5666 2470 5708 memorem
2497 5652 2685 5709 nostri.
