3958 6332
278 419 2882 444 W

1082 280 1169 336 DE
1206 279 1644 337 CLERICORUM
1683 279 2184 345 INSTITUTIONE,
2227 280 2375 334 E'I‘C.
2419 312 2486 319 —
2526 282 2648 335 LIB.
2693 284 2729 335 Ι.

3403 291 3506 367 eos

2889 426 3500 452 *α-ά--ῌ

1744 519 2036 582 INCIPIT

759 709 935 819 DE
1020 706 1912 822 CLERICORUM
2008 707 3026 827 INSTITUTIONE

1502 941 1801 1021 LIBER
1872 943 2288 1023 PRIMUS.

777 1199 1001 1259 CAPUT
1047 1196 1336 1256 PRIMUM.

748 1315 826 1368 De
851 1331 954 1366 una
986 1311 1224 1367 Ecclesia
1251 1311 1369 1367 Dei.

338 1428 586 1489 Ecclesia
606 1442 735 1499 ergo
757 1427 851 1482 Dei
877 1424 1166 1489 catholica,
1201 1437 1321 1493 quae
1343 1438 1440 1492 per
1462 1431 1629 1477 totum
1655 1424 1839 1478 orbem

265 1525 492 1580 dilatata
525 1519 856 1582 diffunditur,
885 1515 1086 1571 Christi
1136 1514 1351 1568 nomine
1382 1513 1657 1568 nobilitata
1681 1514 1841 1596 glori-

268 1614 480 1669 ﬁcatur.
520 1612 706 1668 omnis
754 1609 896 1664 enim
947 1609 1108 1662 homo
1156 1607 1247 1676 qui
1282 1614 1446 1661 rectae
1497 1606 1619 1659 ﬁdei
1660 1606 1845 1660 existit

262 1700 560 1776 particeps,
612 1711 667 1756 et
695 1716 849 1755 sacro
877 1700 1199 1768 baptismate
1227 1704 1591 1766 regeneratur,
1629 1711 1660 1749 a
1689 1696 1844 1750 Chri-

265 1801 352 1847 sto
377 1791 720 1846 Christianus
747 1797 989 1851 vocatur,
1018 1796 1074 1840 et
1103 1786 1196 1841 Dei
1220 1785 1388 1854 patris
1411 1793 1570 1853 atque
1595 1785 1844 1839 Ecclesize

265 1882 460 1938 matris
503 1880 743 1936 noscitur
789 1891 910 1933 esse
950 1875 1111 1929 ﬁlius.
1167 1873 1404 1931 Ecclesia
1437 1873 1666 1931 ἐκκλησία
1693 1871 1842 1928 Grae-

263 1986 388 2026 cum
423 1977 526 2034 est,
568 1967 712 2037 quod
756 1966 808 2020 in
837 1964 1084 2023 Latinum
1116 1962 1342 2016 vertitur
1377 1961 1690 2016 convocatio
1729 1961 1843 2015 sive

262 2069 588 2123 conventus,
634 2072 698 2112 eo
733 2043 876 2127 quod
921 2069 1112 2111 omnes
1145 2060 1405 2107 convocat
1435 2052 1497 2105 ad
1528 2067 1607 2107 se.
1645 2050 1842 2106 Catho-

263 2148 370 2204 lica
402 2149 652 2208 καθολικὸς
681 2156 863 2201 autem
891 2143 1106 2209 dicitur,
1141 2141 1192 2197 id
1221 2148 1322 2206 est,
1348 2140 1689 2205 universalis,
1715 2140 1838 2208 quia

264 2241 322 2294 in
371 2250 486 2296 toto
541 2239 741 2294 mundo
790 2247 893 2291 una
939 2243 1024 2291 est
1066 2234 1305 2289 Ecclesia
1351 2231 1574 2298 Christi,
1631 2249 1749 2303 qua:
1788 2241 1844 2288 et

263 2346 467 2400 sponsa
496 2328 717 2392 Christi,
749 2333 802 2381 et
825 2339 1020 2394 corpus
1050 2323 1167 2394 ejus
1193 2331 1292 2378 est.

882 2433 1109 2490 CAPUT
1155 2433 1219 2488 II.

623 2526 701 2581 De
734 2526 898 2580 tribus
927 2523 1197 2578 ordinibus
1222 2521 1490 2577 Ecclesiae.

342 2640 482 2695 Sunt
528 2638 725 2694 tamen
749 2647 861 2692 tres
886 2637 1103 2692 ordines
1142 2635 1195 2689 in
1225 2633 1483 2690 Ecclesia.
1515 2632 1845 2690 Conversan-

265 2731 426 2789 tium,
459 2728 512 2782 id
541 2726 950 2791 estlaicorum,
996 2725 1381 2780 monachorum
1428 2727 1483 2777 et
1503 2722 1841 2777 clericorum.

265 2819 511 2886 Quorum
537 2817 763 2888 primus,
795 2816 848 2870 id
885 2824 968 2871 est
992 2814 1162 2869 laicus
1190 2814 1344 2878 ordo,
1372 2812 1645 2883 popularis
1680 2811 1846 2865 inter-

263 2919 532 2981 prctatur.
571 2909 713 2964 Laos
744 2907 867 2969 λαὸς
891 2908 1033 2963 enim
1061 2905 1266 2968 Grrece,
1301 2903 1527 2974 populus
1549 2902 1737 2956 Latine
1765 2900 1844 2956 die

264 3001 432 3056 citur.
479 2999 758 3063 Secundus
781 3006 865 3053 est
893 2996 1261 3060 monachicus,
1309 2995 1363 3048 id
1395 3001 1479 3048 est
1503 2990 1848 3063 singulariter

256 3073 621 3156 conversaris,
670 3089 772 3143 hoc
808 3097 910 3153 est,
957 3104 988 3141 a
1019 3087 1260 3142 saeculari
1309 3087 1721 3141 conversatione
1756 3100 1845 3142 re-

267 3187 471 3234 motus.
499 3177 684 3232 Menas
701 3181 853 3250 μονὰς
882 3177 1026 3231 enim
1046 3174 1230 3230 Graece
1249 3175 1600 3244 singularitas
1624 3176 1728 3230 dici
1738 3184 1845 3240 tur,

268 3277 333 3323 et
354 3268 646 3322 monachus
682 3267 912 3337 μοναχὸς
938 3264 1226 3336 singularis
1253 3264 1336 3319 vel
1371 3264 1661 3319 solitarius.
1716 3265 1847 3318 Ter‘

267 3361 385 3415 tius
416 3369 500 3414 est
526 3344 658 3414 ordo
679 3359 960 3414 clericalis.
1001 3344 1185 3414 Cieros
1212 3360 1392 3432 κλῆρος
1426 3358 1618 3427 quinpe
1639 3355 1844 3424 Grrece,
1894 3355 1900 3360 ’

267 3464 395 3504 sors
421 3447 503 3503 'ch
541 3448 830 3502 hrcreditas
854 3447 1067 3502 dicitur.
1100 3446 1284 3502 Cleros
1308 3457 1484 3502 autem
1505 3448 1588 3501 vel
1623 3447 1849 3502 clericos
1898 3446 1901 3447 ⁷

265 3540 400 3594 hinc
427 3538 719 3609 appellatos
752 3539 998 3594 doctores
1024 3538 1195 3594 nostri
1218 3538 1421 3603 dicunt,
1457 3537 1583 3606 quia
1600 3536 1850 3591 Mattltias

265 3639 423 3683 sorte
466 3629 671 3683 electus
701 3635 806 3694 est,
857 3643 1019 3698 quem
1058 3623 1294 3697 primum
1325 3628 1392 3683 ab
1434 3626 1689 3696 apostolis
1715 3627 1848 3696 legi-

266 3736 398 3778 mus
425 3721 730 3775 ordinatum
763 3719 899 3792 (Act.
931 3720 992 3792 1),
1023 3721 1102 3775 sic
1135 3729 1188 3775 et
1226 3735 1319 3776 eos
1351 3736 1488 3790 quos
1513 3719 1617 3774 illis
1646 3726 1851 3788 tempo~

267 3812 428 3865 ribus
455 3809 814 3864 Ecclesiarum
844 3809 1116 3879 principes
1142 3808 1484 3873 ordinabant,
1525 3816 1669 3863 sorte
1709 3808 1850 3877 lege-

1848 1185 1925 1245 -Α
1949 1184 2037 1238 nia
2063 1183 2301 1256 legitima
2330 1186 2447 1255 ejus
2490 1196 2546 1243 et
2587 1199 2852 1260 praecepta
2892 1206 3010 1262 quae
3056 1181 3404 1253 mandaverat
3448 1197 3514 1253 ad

1945 1288 2056 1328 808.

2561 1369 2787 1425 CAPUT
2798 1369 2908 1425 Illi.

2386 1454 2463 1507 De
2488 1464 2702 1511 tonsura
2735 1457 3062 1513 clericorum.

1953 1594 1955 1598 τ
2011 1558 2254 1617 Tonsura
2285 1565 2637 1622 ecclesiastici
2687 1584 2816 1623 usus
2845 1585 2875 1622 a
2921 1569 3190 1626 Nazarteis
3235 1572 3309 1643 (ni
3337 1572 3513 1644 fallor)

1941 1666 2125 1710 exorta
2159 1669 2262 1722 est,
2290 1659 2404 1726 qui,
2446 1660 2595 1727 prius
2620 1661 2768 1714 crine
2793 1671 3028 1728 servato,
3054 1664 3228 1719 denuo
3248 1675 3368 1733 post
3396 1667 3518 1722 vitae

1944 1761 2149 1816 magna:
2170 1749 2552 1802 continentiam
2581 1749 2863 1805 devotione
2890 1752 3151 1822 completa
3174 1763 3334 1822 caput
3367 1758 3522 1811 rade-

1944 1835 2094 1901 bant,
2129 1847 2183 1891 et
2204 1839 2424 1908 capillos
2448 1839 2501 1891 in
2531 1838 2706 1908 ignem
2732 1840 2987 1895 sacriﬁcii
3021 1858 3219 1912 ponere
3235 1843 3518 1914 jubebant,

1942 1925 2149 1981 scilicet
2173 1934 2230 1980 ut
2256 1927 2641 1997 perfectionem
2669 1929 2970 1985 devotionis
2998 1929 3106 1986 su'aa
3136 1933 3364 1990 Domino
3389 1949 3518 1992 con-

1941 2024 2240 2070 secrarent.
2299 2017 2500 2070 Horum
2530 2031 2660 2087 ergo
2700 2021 2960 2089 exemplis
2998 2038 3126 2077 usus
3171 2024 3240 2077 ab
3266 2027 3522 2094 apostolis

1943 2097 2280 2153 introductus
2315 2107 2419 2164 est,
2465 2108 2525 2154 ut
2568 2102 2623 2154 Ill
2666 2101 2757 2170 qui
2809 2103 2861 2156 in
2893 2104 3088 2160 divinis
3110 2107 3341 2163 cultibus
3371 2127 3522 2164 man-

1943 2189 2103 2258 cipati
2132 2191 2357 2244 Domino
2381 2185 2770 2246 consecrantur
2793 2235 2809 2259 ,
2848 2197 2998 2263 quasi
3027 2197 3286 2266 Nazaraei,
3337 2194 3390 2255 id
3414 2211 3518 2266 est,

1943 2280 2114 2331 sancti
2153 2280 2245 2332 Dei
2297 2281 2448 2334 crine
2489 2283 2718 2350 praeciso
2759 2284 3111 2340 innovantur.
3165 2288 3278 2344 Hoc
3323 2293 3519 2360 quippe

1947 2367 2211 2422 Ezechieli
2236 2365 2771 2441 prophetm‘jubetur,
2801 2373 3011 2429 dicente
3039 2377 3294 2433 Domino:
3317 2379 3419 2445 Tu,
3440 2383 3520 2450 ﬁli

1946 2457 2190 2523 hominis,
2218 2475 2363 2514 sume
2387 2461 2480 2514 tibi
2501 2461 2998 2531 gladiumacutum,
3036 2475 3083 2519 et
3117 2467 3276 2521 duces
3315 2487 3404 2539 per
3431 2487 3519 2524 ca-

1872 2533 1919 2592 B
1945 2554 2037 2612 put
2066 2553 2213 2598 tuum
2243 2557 2290 2600 et
2330 2547 2542 2601 barbam
2569 2548 2783 2619 (Ezech.
2814 2549 2895 2622 nt)
2929 2568 2942 2617 ;
2996 2553 3246 2608 videlicet
3289 2533 3412 2624 quia
3469 2568 3524 2612 et

1947 2632 2063 2702 ipse
2085 2647 2148 2687 ex
2178 2637 2498 2690 sacerdotali
2532 2653 2728 2708 genere
2760 2639 2883 2694 Deo.
2905 2641 2958 2710 in
2994 2642 3296 2698 ministerio
3320 2639 3531 2702 Saneti-'

1949 2714 2214 2778 ﬁcationis
2265 2718 2622 2781 deserviebat.
2661 2728 2775 2783 Hoc
2825 2739 2882 2785 et
2917 2730 3201 2788 Nataraaos
3240 2734 3359 2789 illos
3402 2733 3525 2790 'Pri-

1949 2815 2157 2870 scillam
2189 2827 2244 2872 et
2286 2819 2536 2888 Aquilam
2567 2822 2623 2874 in
2658 2823 2882 2878 Actibus
2932 2827 3291 2895 apostblorum
3323 2831 3525 2899 primos

1950 2904 2141 2962 fecisse
2171 2908 2418 2978 legimus,
2440 2909 2664 2964 Paulum
2693 2917 2906 2982 quoque
2935 2917 3250 2983 apostolum,
3291 2921 3345 2973 et
3370 2934 3531 2988 quos-

1950 2996 2072 3051 dam
2103 2997 2482 3066 discipulorum
2535 3001 2756 3065 Christi,
2803 3004 2900 3071 qni
2936 3005 2990 3058 in
3040 3005 3344 3074 hujusmodl
3375 3010 3524 3064 cultu

1933 3084 2195 3161 imitandi
2247 3089 2588 3142 exstiterunt.
2639 3089 2735 3145 Est
2758 3103 2937 3146 autem
2969 3093 3021 3146 in
3049 3095 3259 3151 clericis
3307 3106 3527 3154 tonsura

1949 3174 2160 3243 signum
2191 3177 2456 3244 quoddam
2487 3179 2628 3246 quod
2661 3179 2712 3232 in
2754 3195 2978 3250 corpore
3022 3182 3298 3253 ﬁguratur,
3353 3189 3446 3243 sed
3475 3188 3529 3243 in

1949 3265 2131 3318 animo
2158 3266 2336 3333 agitur
2361 3285 2374 3319 :
2404 3269 2608 3322 scilicet
2634 3280 2692 3323 ut
2714 3271 2815 3324 hoc
2846 3272 2998 3341 signo
3021 3274 3148 3328 vitia
3179 3275 3232 3328 in
3271 3257 3525 3348 religione
3596 3270 3601 3275 ’

1950 3364 2283 3420 resecentur,
2312 3365 2367 3411 et
2394 3357 2712 3414 criminibus
2738 3362 2917 3416 carnis
2953 3372 3148 3419 nostra:
3175 3368 3327 3435 Quasi
3354 3370 3522 3423 crini-

1950 3444 2050 3498 bus
2075 3460 2371 3512 exuamur,
2418 3457 2580 3517 atque
2608 3449 2730 3503 inde
2759 3449 3026 3527 innovatis
3055 3456 3302 3510 sensibus
3332 3465 3390 3511 ut
3433 3474 3539 3513 (ιο--

1952 3533 2055 3588 mis
2075 3535 2297 3590 rudibus
2319 3537 2696 3602 enitescamus,
2726 3539 3068 3607 exspoliantes
3090 3558 3202 3608 nos,
3227 3543 3380 3612 juxta
3407 3563 3535 3618 apo-

1955 3622 2170 3689 stolum,
2201 3634 2413 3679 veterem
2436 3628 2693 3682 hominem
2717 3646 2834 3682 cum
2858 3632 3057 3686 actibus
3084 3634 3223 3703 ejus,
3250 3646 3296 3690 et
3321 3638 3540 3693 induen—

1957 3723 2029 3768 tes
2057 3731 2243 3769 novum
2273 3720 2363 3788 qui
2386 3730 2661 3773 renovatur
2685 3723 2740 3775 in
2791 3725 3107 3792 agnitionem
3144 3726 3242 3781 Dei
3267 3727 3403 3799 (Col.
3431 3731 3537 3802 Ill).

1958 3802 2126 3869 Quam
2154 3808 2557 3862 renovationem
2610 3811 2661 3864 in
2695 3821 2872 3866 mente
2901 3822 3114 3882 oportet
3155 3816 3294 3882 ﬁeri,
3343 3821 3436 3874 sed
3483 3821 3539 3875 in

265 3901 426 3955 baut.
451 3886 588 3953 Nam
612 3908 666 3954 et
695 3873 1174 3954 hmreditasdraroe
1204 3899 1528 3954 cleronomia
1553 3873 1855 3970 κληρῡνοῖιὶα
1883 3873 1928 3935 C
1961 3893 2138 3962 capite
2169 3895 2568 3964 demonstrare,
2608 3901 2698 3955 ubi
2748 3902 2861 3970 ipsa
2898 3873 3050 3959 mens
3099 3873 3340 3963 noscitur

271 3989 597 4060 appellatur,
622 3996 676 4043 et
704 3989 875 4044 haeres
903 3989 1255 4046 cleronomos.
1308 3989 1595 4057 Propterea
1622 4005 1751 4060 ergo
1774 3991 1856 4044 di-

272 4082 356 4136 cti
385 4089 508 4135 sunt
530 4080 733 4145 clerici,
764 4080 890 4150 quia
912 4080 981 4137 de
1008 4088 1154 4136 sorte
1187 4088 1314 4136 sunt
1349 4081 1582 4146 Domini,
1615 4081 1696 4136 vel
1729 4082 1855 4151 quia

271 4171 494 4226 Domini
523 4177 732 4240 partem
754 4171 975 4236 habent,
1006 4171 1155 4226 sicut
1181 4171 1248 4225 de
1270 4171 1350 4226 eis
1372 4171 1633 4240 scriptum
1665 4179 1750 4237 est
1779 4171 1856 4226 lo—

269 4268 477 4332 quente
507 4260 733 4315 Domino
759 4278 772 4314 :
806 4259 919 4331 Ego
941 4260 1217 4316 hereditas
1237 4276 1415 4313 eorum
1445 4258 1659 4331 (Esech.
1685 4258 1855 4332 ξων).

272 4355 438 4412 Unde
455 4362 666 4424 oportet
687 4362 745 4409 ut
768 4355 857 4424 qui
875 4355 1041 4410 Deum
1071 4353 1382 4409 haereditate
1403 4353 1699 4423 possident,
1737 4353 1859 4408 abs-

270 4461 387 4516 que
412 4445 520 4500 ullo
547 4446 927 4515 impedimento
970 4444 1166 4507 saeculi,
1221 4445 1331 4499 Deo
1353 4444 1558 4500 servire
1586 4443 1856 4508 studeant,

270 4547 345 4593 ut
378 4552 613 4608 congrue
644 4536 771 4592 illud
802 4537 1098 4591 Psalmista:
1119 4535 1300 4591 dicere
1327 4535 1532 4605 pessint
1559 4554 1571 4588 :
1604 4536 1862 4589 Dominus

275 4646 410 4700 pars
439 4625 756 4684 haereditatis
802 4643 932 4680 mea:
975 4625 1144 4696 (Psal.
1192 4627 1303 4697 xv).
1358 4626 1462 4680 Iste
1507 4633 1688 4680 autem
1733 4625 1867 4680 ordo

276 4719 615 4790 praeponitur
637 4717 691 4770 in
719 4716 982 4779 Ecclesia,
1019 4715 1142 4783 quia
1161 4715 1282 4783 jure
1304 4716 1357 4769 in
1383 4715 1585 4771 sanctis
1607 4714 1865 4778 deservit,

276 4818 345 4865 et
371 4817 706 4864 sacramenta
733 4805 942 4875 populis
970 4805 1260 4874 dispensat.
1312 4805 1464 4860 Sicut
1502 4806 1648 4860 enim
1677 4806 1730 4858 in
1770 4804 1874 4857 Ve-

286 4897 396 4951 teri
419 4897 767 4951 Testamento
787 4897 961 4951 tribus
975 4895 1103 4950 Levi
1124 4911 1233 4964 prae
1263 4897 1472 4952 caeteris
1500 4895 1749 4960 tribubus
1783 4912 1874 4965 pe-

283 4986 556 5042 culialiter
585 5004 613 5040 a
643 4989 872 5043 Domino
897 4988 1066 5042 electa
1099 4996 1182 5042 est
1213 4989 1279 5041 ad
1308 4988 1648 5045 serviendum
1673 4990 1744 5044 illi
1779 5006 1877 5059 per

284 5077 504 5135 diversa
532 5078 705 5133 oﬁicia
730 5079 782 5133 in
807 5079 1177 5143 tabernaculo,
1209 5079 1351 5148 quod
1372 5087 1455 5134 est
1477 5081 1720 5135 Ecclesia
1746 5097 1878 5151 prce-

281 5180 434 5230 sens,
469 5175 527 5220 ut
554 5169 792 5221 serviant
820 5169 869 5222 ei
922 5168 1007 5222 die
1043 5183 1107 5223 ac
1154 5177 1311 5223 nocte
1359 5169 1412 5223 in
1447 5170 1643 5239 templo
1685 5179 1874 5226 sancto

280 5255 425 5325 ejus,
463 5264 522 5308 ut
552 5257 657 5310 sint
681 5259 877 5332 populo
906 5260 956 5312 in
998 5259 1080 5312 bis
1125 5275 1244 5328 qua:
1271 5259 1333 5313 ad
1381 5261 1546 5316 Deum
1575 5262 1865 5330 pertinent,

280 5357 351 5402 ut
379 5347 606 5402 offerant
637 5347 744 5402 Deo
795 5351 933 5403 dona
973 5360 1028 5403 et
1071 5350 1334 5406 sacriﬁcia
1364 5367 1462 5420 pro
1484 5369 1578 5408 sua
1607 5362 1663 5408 et
1689 5354 1868 5424 populi

281 5437 623 5508 ignorantia,
655 5447 714 5490 ut
735 5436 978 5505 judicent
1007 5440 1146 5493 inter
1168 5439 1372 5507 justum
1405 5451 1458 5496 et
1486 5441 1763 5509 iniustum,
1815 5453 1871 5500 et

279 5528 598 5581 discernant
649 5527 787 5582 inter
839 5537 1084 5581 sanctum
1130 5540 1185 5583 et
1232 5511 1535 5601 profanum,
1583 5535 1722 5588 inter
1751 5535 1864 5604 pol-

273 5621 448 5674 lutum
503 5629 556 5672 et
584 5619 882 5683 mundum,
933 5621 1265 5692 doceantque
1317 5627 1564 5696 populum
1612 5628 1703 5683 Dei
1744 5644 1862 5683 om-

689 5710 964 5770 ΙἈτιιΟι..
1014 5709 1203 5772 CVII.

1963 3992 2098 4039 tare.
2149 3985 2302 4052 Quod
2344 4003 2473 4044 vero
2522 3992 2746 4045 detonso
2795 3995 3041 4062 superius
3091 3999 3267 4066 capite
3312 3999 3540 4056 inferius

1963 4075 2150 4130 circuli
2191 4091 2388 4132 corona
2421 4079 2762 4149 relinquitur,
2821 4085 3176 4140 sacerdotium
3207 4102 3543 4162 regnumque

1963 4167 2216 4223 Ecclesia:
2247 4169 2299 4222 in
2327 4170 2407 4224 eis
2459 4172 2708 4226 existimo
2736 4172 2974 4244 ﬁgurari.
3032 4175 3188 4232 Tiara
3235 4181 3386 4242 enim
3403 4185 3544 4251 apud

1965 4268 2175 4315 veteres
2204 4262 2630 4318 constituebatur
2658 4265 2710 4318 in
2732 4266 2907 4335 capite
2934 4269 3291 4324 sacerdotum.
3326 4271 3450 4328 llaec
3477 4289 3541 4328 ex

1965 4349 2128 4421 bysso
2154 4351 2394 4406 confecta
2423 4354 2651 4407 rotunda
2679 4364 2797 4409 erat
2821 4357 2972 4425 quasi
3003 4358 3212 4426 sphzera
3251 4362 3448 4426 media,
3490 4373 3548 4417 et

1969 4444 2071 4498 hoc
2102 4443 2433 4523 signiﬁcatur
2458 4446 2510 4498 in
2540 4454 2694 4515 parte
2723 4448 2912 4516 capitis
2930 4456 3100 4503 tonsa.
3127 4449 3335 4506 Corona
3363 4443 3545 4508 autem

1969 4550 2132 4589 aurea
2157 4534 2383 4589 latitudo
2421 4541 2503 4590 est
2534 4536 2896 4605 circuli,'quze
2946 4553 3132 4609 regum
3158 4541 3329 4610 capita
3356 4542 3545 4612 cingit.

1975 4627 2272 4696 Utrumque
2324 4629 2506 4697 itaque
2542 4628 2752 4700 signum
2786 4630 3110 4698 exprimitur
3141 4631 3193 4684 in
3232 4633 3405 4700 capite
3435 4633 3547 4688 cle—

1976 4717 2228 4782 ricorum,
2270 4726 2330 4771 ut
2367 4719 2655 4788 impleatur
2673 4720 2836 4772 etiam
2865 4719 3108 4788 corporis
3135 4721 3363 4788 quadam
3393 4724 3548 4777 simi-

1975 4806 2199 4862 litudine
2243 4807 2386 4877 quod
2413 4809 2671 4878 scriptum
2699 4818 2782 4862 est
2824 4805 2985 4861 Petro
3025 4809 3266 4878 apostolo
3295 4811 3545 4868 dicente:

1990 4898 2087 4953 Vos
2109 4901 2230 4954 estis
2271 4917 2430 4971 genus
2459 4900 2691 4965 electum,
2744 4899 2913 4970 regale
2944 4899 3291 4953 sacerdotium
3321 4901 3368 4973 (Ι
3401 4900 3547 4956 Petr.

1977 4988 2064 5058 n).
2104 4989 2371 5056 Quaaritur
2398 4997 2574 5044 autem
2603 5005 2701 5042 cur
2751 4989 2909 5044 modo
2941 4988 3101 5060 (sicut
3131 4992 3272 5061 apud
3301 4995 3551 5064 antiquos

1979 5081 2281 5154 Nazarmos)
2328 5098 2432 5137 non
2464 5090 2589 5136 ante
2613 5096 2764 5135 coma
2793 5068 3050 5148 nutritur,
3080 5091 3137 5136 et
3163 5084 3241 5138 'sic
3270 5087 3552 5140 tondetur?

1983 5172 2085 5226 Sed
2111 5173 2199 5241 qui
2224 5173 2337 5226 lucc
2358 5172 2669 5240 exquirunt,
2698 5173 2982 5226 advertant
3007 5173 3132 5241 quid
3162 5175 3233 5228 sit
3257 5175 3396 5229 inter
3420 5175 3550 5230 illud

1976 5261 2344 5332 propheticum
2370 5261 2756 5327 velamentum,
2790 5271 2844 5317 et
2873 5262 3022 5316 hanc
3040 5254 3308 5332 EVan'gelii
3347 5264 3551 5318 revela-

1974 5354 2194 5416 tionem,
2234 5352 2300 5405 de
2329 5366 2434 5420 qua
2470 5352 2600 5407 dicit
2635 5352 2924 5423 Apostolus
2954 5371 2970 5428 :p
3006 5351 3136 5406 Cum
3163 5354 3433 5407 transieris
3479 5354 3552 5407 ad

1973 5443 2255 5507 Christum,
2280 5441 2548 5510 auferetur
2576 5442 2910 5513 velamenUI
2932 5440 3034 5496 Cor
3080 5441 3183 5513 In).
3211 5442 3345 5508 Quid
3368 5453 3550 5499 autem

1971 5533 2304 5605 signiﬁcabat
2334 5535 2577 5590 velamen
2609 5536 2980 5604 interpositum
3008 5535 3147 5588 inter
3169 5533 3357 5590 faciem
3383 5534 3549 5606 Moysi

1970 5636 2024 5681 et
2041 5635 2317 5698 aspectum
2345 5627 2576 5686 ﬁliorum
2591 5627 2773 5692 Israel,
2800 5626 2900 5682 hoc
2922 5624 3258 5696 signiﬁcabat
3286 5624 3389 5680 illis
3412 5634 3539 5679 tem-

3041 5717 3116 5779 10
