  <div class='ocr_page' id='page_1' title='image "/cluster/home/n/w/nwhite01/storage/ocr_20150623/107/uva.x000827064/155.png"; bbox 0 0 3958 6356; ppageno 0'>
   <div class='ocr_carea' id='block_1_1' title="bbox 452 304 554 361">
    <p class='ocr_par' dir='ltr' id='par_1_1' title="bbox 452 304 554 361">
     <span class='ocr_line' id='line_1_1' title="bbox 452 304 554 361; baseline 0.02 -3"><span class='ocrx_word' id='word_1_1' title='bbox 452 304 554 361; x_wconf 73' lang='lat'><strong>9.99</strong></span> 
     </span>
    </p>
   </div>
   <div class='ocr_carea' id='block_1_2' title="bbox 1088 303 2015 367">
    <p class='ocr_par' dir='ltr' id='par_1_2' title="bbox 1088 303 2015 366">
     <span class='ocr_line' id='line_1_2' title="bbox 1088 303 2015 366; baseline -0.003 -4"><span class='ocrx_word' id='word_1_2' title='bbox 1088 308 1146 362; x_wconf 81' lang='grc' dir='ltr'><strong>Β.</strong></span> <span class='ocrx_word' id='word_1_3' title='bbox 1188 307 1440 364; x_wconf 75' lang='grc' dir='ltr'><strong>ΠΑΒΑΝΙ</strong></span> <span class='ocrx_word' id='word_1_4' title='bbox 1480 307 1695 366; x_wconf 71' lang='grc' dir='ltr'><strong>ΜΑυῐὶι</strong></span> <span class='ocrx_word' id='word_1_5' title='bbox 1737 303 2015 364; x_wconf 72' lang='lat' dir='ltr'><strong>ARCIIIEP</strong></span> 
     </span>
    </p>
   </div>
   <div class='ocr_carea' id='block_1_3' title="bbox 2116 303 2995 367">
    <p class='ocr_par' dir='ltr' id='par_1_3' title="bbox 2116 304 2995 367">
     <span class='ocr_line' id='line_1_3' title="bbox 2116 304 2995 367; baseline 0.008 -10"><span class='ocrx_word' id='word_1_6' title='bbox 2116 304 2392 363; x_wconf 80' lang='lat' dir='ltr'><strong>iOCUNT.</strong></span> <span class='ocrx_word' id='word_1_7' title='bbox 2429 306 2708 367; x_wconf 72' lang='lat' dir='ltr'><strong>OPERUH</strong></span> <span class='ocrx_word' id='word_1_8' title='bbox 2745 307 2921 366; x_wconf 78' lang='lat' dir='ltr'><strong>PARS</strong></span> <span class='ocrx_word' id='word_1_9' title='bbox 2957 311 2995 364; x_wconf 90' lang='lat' dir='ltr'><strong>l.</strong></span> 
     </span>
    </p>
   </div>
   <div class='ocr_carea' id='block_1_4' title="bbox 3586 315 3684 365">
    <p class='ocr_par' dir='ltr' id='par_1_4' title="bbox 3586 315 3684 365">
     <span class='ocr_line' id='line_1_4' title="bbox 3586 315 3684 365; baseline 0 -37"><span class='ocrx_word' id='word_1_10' title='bbox 3586 315 3684 365; x_wconf 55' lang='grc' dir='ltr'>Μ</span> 
     </span>
    </p>
   </div>
   <div class='ocr_carea' id='block_1_5' title="bbox 446 392 3673 496">
    <p class='ocr_par' dir='ltr' id='par_1_5' title="bbox 446 392 3673 496">
     <span class='ocr_line' id='line_1_5' title="bbox 446 392 3673 496; baseline 0 -20"><span class='ocrx_word' id='word_1_11' title='bbox 446 420 665 493; x_wconf 87' lang='lat' dir='ltr'><strong>poribus</strong></span> <span class='ocrx_word' id='word_1_12' title='bbox 706 420 865 477; x_wconf 83' lang='lat' dir='ltr'><strong>etiam</strong></span> <span class='ocrx_word' id='word_1_13' title='bbox 916 437 1068 478; x_wconf 89' lang='lat' dir='ltr'><strong>coma</strong></span> <span class='ocrx_word' id='word_1_14' title='bbox 1099 432 1429 480; x_wconf 85' lang='lat' dir='ltr'><strong>sanctorum.</strong></span> <span class='ocrx_word' id='word_1_15' title='bbox 1478 422 1613 483; x_wconf 83' lang='lat' dir='ltr'><strong>Nam</strong></span> <span class='ocrx_word' id='word_1_16' title='bbox 1650 431 1706 480; x_wconf 91' lang='lat' dir='ltr'><strong>ct</strong></span> <span class='ocrx_word' id='word_1_17' title='bbox 1731 420 2018 494; x_wconf 76' lang='lat' dir='ltr'><strong>Apostolus</strong></span> <span class='ocrx_word' id='word_1_18' title='bbox 2045 417 2093 480; x_wconf 79' lang='grc' dir='ltr'><strong>Α</strong></span> <span class='ocrx_word' id='word_1_19' title='bbox 2121 416 2430 489; x_wconf 87' lang='lat' dir='ltr'><strong>primusque</strong></span> <span class='ocrx_word' id='word_1_20' title='bbox 2453 421 2520 476; x_wconf 87' lang='lat' dir='ltr'><strong>ad</strong></span> <span class='ocrx_word' id='word_1_21' title='bbox 2566 392 2724 477; x_wconf 75' lang='lat' dir='ltr'><strong>tidem</strong></span> <span class='ocrx_word' id='word_1_22' title='bbox 2774 421 3023 493; x_wconf 84' lang='lat' dir='ltr'><strong>populum</strong></span> <span class='ocrx_word' id='word_1_23' title='bbox 3055 424 3244 479; x_wconf 81' lang='lat' dir='ltr'><strong>virtute</strong></span> <span class='ocrx_word' id='word_1_24' title='bbox 3272 440 3381 480; x_wconf 80' lang='lat' dir='ltr'><strong>sua:</strong></span> <span class='ocrx_word' id='word_1_25' title='bbox 3418 424 3673 496; x_wconf 67' lang='lat' dir='ltr'><strong>praalica-</strong></span> 
     </span>
    </p>
   </div>
   <div class='ocr_carea' id='block_1_6' title="bbox 445 508 2006 581">
    <p class='ocr_par' dir='ltr' id='par_1_6' title="bbox 445 508 2006 581">
     <span class='ocr_line' id='line_1_6' title="bbox 445 508 2006 581; baseline -0.002 -14"><span class='ocrx_word' id='word_1_26' title='bbox 445 526 650 567; x_wconf 87' lang='lat' dir='ltr'><strong>comam</strong></span> <span class='ocrx_word' id='word_1_27' title='bbox 682 525 782 581; x_wconf 78' lang='lat' dir='ltr'><strong>pro</strong></span> <span class='ocrx_word' id='word_1_28' title='bbox 812 508 1116 569; x_wconf 76' lang='lat' dir='ltr'><strong>velamento</strong></span> <span class='ocrx_word' id='word_1_29' title='bbox 1142 528 1262 569; x_wconf 84' lang='lat' dir='ltr'><strong>esse</strong></span> <span class='ocrx_word' id='word_1_30' title='bbox 1288 514 1436 570; x_wconf 86' lang='lat' dir='ltr'><strong>dicit.</strong></span> <span class='ocrx_word' id='word_1_31' title='bbox 1485 513 1714 570; x_wconf 83' lang='lat' dir='ltr'><strong>Proinde</strong></span> <span class='ocrx_word' id='word_1_32' title='bbox 1740 511 1853 580; x_wconf 88' lang='lat' dir='ltr'><strong>jam</strong></span> <span class='ocrx_word' id='word_1_33' title='bbox 1903 525 2006 566; x_wconf 90' lang='lat' dir='ltr'><strong>nou</strong></span> 
     </span>
    </p>
   </div>
   <div class='ocr_carea' id='block_1_7' title="bbox 444 587 2009 674">
    <p class='ocr_par' dir='ltr' id='par_1_7' title="bbox 444 587 2009 674">
     <span class='ocr_line' id='line_1_7' title="bbox 444 587 2009 674; baseline -0.001 -17"><span class='ocrx_word' id='word_1_34' title='bbox 444 609 655 671; x_wconf 86' lang='lat' dir='ltr'><strong>oportet</strong></span> <span class='ocrx_word' id='word_1_35' title='bbox 692 608 751 657; x_wconf 85' lang='lat' dir='ltr'><strong>ut</strong></span> <span class='ocrx_word' id='word_1_36' title='bbox 787 602 1030 658; x_wconf 76' lang='lat' dir='ltr'><strong>velentur</strong></span> <span class='ocrx_word' id='word_1_37' title='bbox 1058 587 1298 660; x_wconf 75' lang='lat' dir='ltr'><strong>crinibus</strong></span> <span class='ocrx_word' id='word_1_38' title='bbox 1345 604 1522 674; x_wconf 92' lang='lat' dir='ltr'><strong>capita</strong></span> <span class='ocrx_word' id='word_1_39' title='bbox 1560 617 1745 658; x_wconf 91' lang='lat' dir='ltr'><strong>eorum</strong></span> <span class='ocrx_word' id='word_1_40' title='bbox 1772 602 1860 671; x_wconf 89' lang='lat' dir='ltr'><strong>qui</strong></span> <span class='ocrx_word' id='word_1_41' title='bbox 1903 602 2009 656; x_wconf 85' lang='lat' dir='ltr'><strong>Do-</strong></span> 
     </span>
    </p>
   </div>
   <div class='ocr_carea' id='block_1_8' title="bbox 446 693 2009 767">
    <p class='ocr_par' dir='ltr' id='par_1_8' title="bbox 446 693 2009 767">
     <span class='ocr_line' id='line_1_8' title="bbox 446 693 2009 767; baseline -0.004 -13"><span class='ocrx_word' id='word_1_42' title='bbox 446 702 591 756; x_wconf 87' lang='lat' dir='ltr'><strong>mino</strong></span> <span class='ocrx_word' id='word_1_43' title='bbox 619 709 1021 767; x_wconf 80' lang='lat' dir='ltr'><strong>consecrantur,</strong></span> <span class='ocrx_word' id='word_1_44' title='bbox 1073 700 1167 756; x_wconf 91' lang='lat' dir='ltr'><strong>sed</strong></span> <span class='ocrx_word' id='word_1_45' title='bbox 1196 706 1400 753; x_wconf 88' lang='lat' dir='ltr'><strong>tantum</strong></span> <span class='ocrx_word' id='word_1_46' title='bbox 1424 705 1484 752; x_wconf 94' lang='lat' dir='ltr'><strong>ut</strong></span> <span class='ocrx_word' id='word_1_47' title='bbox 1509 698 1833 758; x_wconf 84' lang='lat' dir='ltr'><strong>revelentur,</strong></span> <span class='ocrx_word' id='word_1_48' title='bbox 1881 693 2009 764; x_wconf 82' lang='lat' dir='ltr'><strong>quia</strong></span> 
     </span>
    </p>
   </div>
   <div class='ocr_carea' id='block_1_9' title="bbox 445 784 2008 865">
    <p class='ocr_par' dir='ltr' id='par_1_9' title="bbox 445 784 2008 865">
     <span class='ocr_line' id='line_1_9' title="bbox 445 784 2008 865; baseline -0.006 -15"><span class='ocrx_word' id='word_1_49' title='bbox 445 795 588 865; x_wconf 90' lang='lat' dir='ltr'><strong>quod</strong></span> <span class='ocrx_word' id='word_1_50' title='bbox 617 784 733 851; x_wconf 87' lang='lat' dir='ltr'><strong>erat</strong></span> <span class='ocrx_word' id='word_1_51' title='bbox 758 795 1025 859; x_wconf 82' lang='lat' dir='ltr'><strong>occultum</strong></span> <span class='ocrx_word' id='word_1_52' title='bbox 1067 794 1122 848; x_wconf 89' lang='lat' dir='ltr'><strong>in</strong></span> <span class='ocrx_word' id='word_1_53' title='bbox 1166 798 1507 851; x_wconf 84' lang='lat' dir='ltr'><strong>sacramento</strong></span> <span class='ocrx_word' id='word_1_54' title='bbox 1547 789 1863 864; x_wconf 68' lang='lat' dir='ltr'><strong>prophetiae,</strong></span> <span class='ocrx_word' id='word_1_55' title='bbox 1894 786 2008 855; x_wconf 89' lang='lat' dir='ltr'><strong>jam</strong></span> 
     </span>
    </p>
   </div>
   <div class='ocr_carea' id='block_1_10' title="bbox 431 878 2008 953">
    <p class='ocr_par' dir='ltr' id='par_1_10' title="bbox 431 878 2008 953">
     <span class='ocr_line' id='line_1_10' title="bbox 431 878 2008 953; baseline -0.006 -16"><span class='ocrx_word' id='word_1_56' title='bbox 431 884 499 938; x_wconf 58' lang='lat' dir='ltr'><strong>&quot;in</strong></span> <span class='ocrx_word' id='word_1_57' title='bbox 529 883 817 953; x_wconf 84' lang='lat' dir='ltr'><strong>Evangelia</strong></span> <span class='ocrx_word' id='word_1_58' title='bbox 857 881 1182 939; x_wconf 82' lang='lat' dir='ltr'><strong>declaratum</strong></span> <span class='ocrx_word' id='word_1_59' title='bbox 1228 888 1330 936; x_wconf 90' lang='lat' dir='ltr'><strong>est.</strong></span> <span class='ocrx_word' id='word_1_60' title='bbox 1383 879 1523 935; x_wconf 87' lang='lat' dir='ltr'><strong>Sunt</strong></span> <span class='ocrx_word' id='word_1_61' title='bbox 1549 893 1763 951; x_wconf 92' lang='lat' dir='ltr'><strong>quoque</strong></span> <span class='ocrx_word' id='word_1_62' title='bbox 1790 878 2008 946; x_wconf 86' lang='lat' dir='ltr'><strong>quidam</strong></span> 
     </span>
    </p>
   </div>
   <div class='ocr_carea' id='block_1_11' title="bbox 428 966 2005 1040">
    <p class='ocr_par' dir='ltr' id='par_1_11' title="bbox 428 966 2005 1040">
     <span class='ocr_line' id='line_1_11' title="bbox 428 966 2005 1040; baseline -0.005 -15"><span class='ocrx_word' id='word_1_63' title='bbox 428 973 746 1038; x_wconf 65' lang='lat' dir='ltr'><strong>doctorum,</strong></span> <span class='ocrx_word' id='word_1_64' title='bbox 779 971 869 1040; x_wconf 89' lang='lat' dir='ltr'><strong>qui</strong></span> <span class='ocrx_word' id='word_1_65' title='bbox 915 977 1163 1026; x_wconf 82' lang='lat' dir='ltr'><strong>asserunt</strong></span> <span class='ocrx_word' id='word_1_66' title='bbox 1207 968 1447 1024; x_wconf 88' lang='lat' dir='ltr'><strong>diversas</strong></span> <span class='ocrx_word' id='word_1_67' title='bbox 1474 968 1544 1024; x_wconf 90' lang='lat' dir='ltr'><strong>ob</strong></span> <span class='ocrx_word' id='word_1_68' title='bbox 1571 982 1763 1027; x_wconf 82' lang='lat' dir='ltr'><strong>causas</strong></span> <span class='ocrx_word' id='word_1_69' title='bbox 1790 966 2005 1021; x_wconf 86' lang='lat' dir='ltr'><strong>Petrum</strong></span> 
     </span>
    </p>
   </div>
   <div class='ocr_carea' id='block_1_12' title="bbox 431 1058 2003 1131">
    <p class='ocr_par' dir='ltr' id='par_1_12' title="bbox 431 1058 2003 1131">
     <span class='ocr_line' id='line_1_12' title="bbox 431 1058 2003 1131; baseline -0.003 -16"><span class='ocrx_word' id='word_1_70' title='bbox 431 1061 740 1131; x_wconf 78' lang='lat' dir='ltr'><strong>apostolum</strong></span> <span class='ocrx_word' id='word_1_71' title='bbox 782 1062 927 1117; x_wconf 91' lang='lat' dir='ltr'><strong>hunc</strong></span> <span class='ocrx_word' id='word_1_72' title='bbox 958 1062 1119 1115; x_wconf 84' lang='lat' dir='ltr'><strong>ritum</strong></span> <span class='ocrx_word' id='word_1_73' title='bbox 1147 1061 1379 1131; x_wconf 91' lang='lat' dir='ltr'><strong>primum</strong></span> <span class='ocrx_word' id='word_1_74' title='bbox 1420 1060 1714 1130; x_wconf 80' lang='lat' dir='ltr'><strong>sumpsisse</strong></span> <span class='ocrx_word' id='word_1_75' title='bbox 1736 1058 2003 1128; x_wconf 87' lang='lat' dir='ltr'><strong>primitus,</strong></span> 
     </span>
    </p>
   </div>
   <div class='ocr_carea' id='block_1_13' title="bbox 427 1151 2009 1221">
    <p class='ocr_par' dir='ltr' id='par_1_13' title="bbox 427 1151 2009 1221">
     <span class='ocr_line' id='line_1_13' title="bbox 427 1151 2009 1221; baseline -0.002 -15"><span class='ocrx_word' id='word_1_76' title='bbox 427 1161 503 1207; x_wconf 54' lang='lat' dir='ltr'><strong>*ut</strong></span> <span class='ocrx_word' id='word_1_77' title='bbox 536 1151 761 1209; x_wconf 82' lang='lat' dir='ltr'><strong>formam</strong></span> <span class='ocrx_word' id='word_1_78' title='bbox 791 1160 847 1208; x_wconf 91' lang='lat' dir='ltr'><strong>et</strong></span> <span class='ocrx_word' id='word_1_79' title='bbox 871 1152 1271 1208; x_wconf 85' lang='lat' dir='ltr'><strong>similitudinem</strong></span> <span class='ocrx_word' id='word_1_80' title='bbox 1304 1151 1504 1209; x_wconf 92' lang='lat' dir='ltr'><strong>Christi</strong></span> <span class='ocrx_word' id='word_1_81' title='bbox 1523 1156 1533 1173; x_wconf 92' lang='lat'><strong>&#39;</strong></span> <span class='ocrx_word' id='word_1_82' title='bbox 1553 1152 1608 1206; x_wconf 91' lang='lat' dir='ltr'><strong>in</strong></span> <span class='ocrx_word' id='word_1_83' title='bbox 1636 1153 1810 1221; x_wconf 86' lang='lat' dir='ltr'><strong>capite</strong></span> <span class='ocrx_word' id='word_1_84' title='bbox 1834 1156 2009 1221; x_wconf 87' lang='lat' dir='ltr'><strong>gesta-</strong></span> 
     </span>
    </p>
   </div>
   <div class='ocr_carea' id='block_1_14' title="bbox 431 1241 2005 1313">
    <p class='ocr_par' dir='ltr' id='par_1_14' title="bbox 431 1241 2005 1313">
     <span class='ocr_line' id='line_1_14' title="bbox 431 1241 2005 1313; baseline 0 -18"><span class='ocrx_word' id='word_1_85' title='bbox 431 1245 558 1307; x_wconf 68' lang='lat' dir='ltr'><strong>ret,</strong></span> <span class='ocrx_word' id='word_1_86' title='bbox 599 1241 724 1297; x_wconf 82' lang='lat' dir='ltr'><strong>dum</strong></span> <span class='ocrx_word' id='word_1_87' title='bbox 752 1256 850 1312; x_wconf 87' lang='lat' dir='ltr'><strong>pro</strong></span> <span class='ocrx_word' id='word_1_88' title='bbox 884 1241 1247 1313; x_wconf 79' lang='lat' dir='ltr'><strong>redemptione</strong></span> <span class='ocrx_word' id='word_1_89' title='bbox 1280 1250 1463 1299; x_wconf 88' lang='lat' dir='ltr'><strong>nostra</strong></span> <span class='ocrx_word' id='word_1_90' title='bbox 1502 1243 1679 1297; x_wconf 89' lang='lat' dir='ltr'><strong>erucis</strong></span> <span class='ocrx_word' id='word_1_91' title='bbox 1711 1241 2005 1311; x_wconf 83' lang='lat' dir='ltr'><strong>patibulum</strong></span> 
     </span>
    </p>
   </div>
   <div class='ocr_carea' id='block_1_15' title="bbox 439 1329 2007 1402">
    <p class='ocr_par' dir='ltr' id='par_1_15' title="bbox 439 1329 2007 1402">
     <span class='ocr_line' id='line_1_15' title="bbox 439 1329 2007 1402; baseline -0.001 -17"><span class='ocrx_word' id='word_1_92' title='bbox 439 1330 793 1395; x_wconf 83' lang='lat' dir='ltr'><strong>subditums,</strong></span> <span class='ocrx_word' id='word_1_93' title='bbox 843 1346 875 1385; x_wconf 88' lang='lat' dir='ltr'><strong>a</strong></span> <span class='ocrx_word' id='word_1_94' title='bbox 913 1329 1139 1386; x_wconf 81' lang='lat' dir='ltr'><strong>nefanda</strong></span> <span class='ocrx_word' id='word_1_95' title='bbox 1176 1330 1477 1387; x_wconf 76' lang='lat' dir='ltr'><strong>Iudaeorum</strong></span> <span class='ocrx_word' id='word_1_96' title='bbox 1519 1341 1675 1402; x_wconf 91' lang='lat' dir='ltr'><strong>gente</strong></span> <span class='ocrx_word' id='word_1_97' title='bbox 1700 1332 1871 1386; x_wconf 88' lang='lat' dir='ltr'><strong>acutis</strong></span> <span class='ocrx_word' id='word_1_98' title='bbox 1897 1331 2007 1400; x_wconf 82' lang='lat' dir='ltr'><strong>spi-</strong></span> 
     </span>
    </p>
   </div>
   <div class='ocr_carea' id='block_1_16' title="bbox 445 1417 2005 1475">
    <p class='ocr_par' dir='ltr' id='par_1_16' title="bbox 445 1417 2005 1475">
     <span class='ocr_line' id='line_1_16' title="bbox 445 1417 2005 1475; baseline 0 -4"><span class='ocrx_word' id='word_1_99' title='bbox 445 1433 635 1473; x_wconf 88' lang='lat' dir='ltr'><strong>narum</strong></span> <span class='ocrx_word' id='word_1_100' title='bbox 679 1417 880 1473; x_wconf 89' lang='lat' dir='ltr'><strong>aculeis</strong></span> <span class='ocrx_word' id='word_1_101' title='bbox 935 1419 1223 1474; x_wconf 82' lang='lat' dir='ltr'><strong>crudeliter</strong></span> <span class='ocrx_word' id='word_1_102' title='bbox 1280 1427 1651 1475; x_wconf 82' lang='lat' dir='ltr'><strong>coronaretur.</strong></span> <span class='ocrx_word' id='word_1_103' title='bbox 1702 1418 1901 1472; x_wconf 85' lang='lat' dir='ltr'><strong>Deinde</strong></span> <span class='ocrx_word' id='word_1_104' title='bbox 1946 1424 2005 1471; x_wconf 92' lang='lat' dir='ltr'><strong>ut</strong></span> 
     </span>
    </p>
   </div>
   <div class='ocr_carea' id='block_1_17' title="bbox 435 1506 2006 1569">
    <p class='ocr_par' dir='ltr' id='par_1_17' title="bbox 435 1506 2006 1569">
     <span class='ocr_line' id='line_1_17' title="bbox 435 1506 2006 1569; baseline 0 -7"><span class='ocrx_word' id='word_1_105' title='bbox 435 1507 754 1563; x_wconf 76' lang='lat' dir='ltr'><strong>sacerdotes</strong></span> <span class='ocrx_word' id='word_1_106' title='bbox 780 1508 990 1563; x_wconf 85' lang='lat' dir='ltr'><strong>Veteris</strong></span> <span class='ocrx_word' id='word_1_107' title='bbox 1012 1515 1067 1562; x_wconf 90' lang='lat' dir='ltr'><strong>et</strong></span> <span class='ocrx_word' id='word_1_108' title='bbox 1099 1506 1233 1563; x_wconf 85' lang='lat' dir='ltr'><strong>Novi</strong></span> <span class='ocrx_word' id='word_1_109' title='bbox 1264 1508 1592 1564; x_wconf 87' lang='lat' dir='ltr'><strong>Testamenti</strong></span> <span class='ocrx_word' id='word_1_110' title='bbox 1622 1507 1676 1562; x_wconf 88' lang='lat' dir='ltr'><strong>in</strong></span> <span class='ocrx_word' id='word_1_111' title='bbox 1704 1517 1921 1569; x_wconf 86' lang='lat' dir='ltr'><strong>tonsura</strong></span> <span class='ocrx_word' id='word_1_112' title='bbox 1951 1514 2006 1562; x_wconf 93' lang='lat' dir='ltr'><strong>et</strong></span> 
     </span>
    </p>
   </div>
   <div class='ocr_carea' id='block_1_18' title="bbox 442 1596 2025 1669">
    <p class='ocr_par' dir='ltr' id='par_1_18' title="bbox 442 1596 2025 1669">
     <span class='ocr_line' id='line_1_18' title="bbox 442 1596 2025 1669; baseline 0.001 -18"><span class='ocrx_word' id='word_1_113' title='bbox 442 1596 627 1651; x_wconf 88' lang='lat' dir='ltr'><strong>habitu</strong></span> <span class='ocrx_word' id='word_1_114' title='bbox 655 1596 1101 1653; x_wconf 88' lang='lat' dir='ltr'><strong>discernerentur.</strong></span> <span class='ocrx_word' id='word_1_115' title='bbox 1143 1596 1419 1657; x_wconf 80' lang='lat' dir='ltr'><strong>Postremo</strong></span> <span class='ocrx_word' id='word_1_116' title='bbox 1464 1606 1523 1653; x_wconf 90' lang='lat' dir='ltr'><strong>ut</strong></span> <span class='ocrx_word' id='word_1_117' title='bbox 1550 1596 1699 1655; x_wconf 86' lang='lat' dir='ltr'><strong>idem</strong></span> <span class='ocrx_word' id='word_1_118' title='bbox 1722 1597 2025 1669; x_wconf 36' lang='lat' dir='ltr'><strong>Apostolus,</strong></span> 
     </span>
    </p>
   </div>
   <div class='ocr_carea' id='block_1_19' title="bbox 443 1686 1999 1759">
    <p class='ocr_par' dir='ltr' id='par_1_19' title="bbox 443 1686 1999 1759">
     <span class='ocr_line' id='line_1_19' title="bbox 443 1686 1999 1759; baseline -0.001 -17"><span class='ocrx_word' id='word_1_119' title='bbox 443 1686 630 1755; x_wconf 86' lang='lat' dir='ltr'><strong>suique</strong></span> <span class='ocrx_word' id='word_1_120' title='bbox 649 1700 984 1742; x_wconf 77' lang='lat' dir='ltr'><strong>successores</strong></span> <span class='ocrx_word' id='word_1_121' title='bbox 1010 1695 1064 1741; x_wconf 92' lang='lat' dir='ltr'><strong>et</strong></span> <span class='ocrx_word' id='word_1_122' title='bbox 1088 1687 1401 1757; x_wconf 85' lang='lat' dir='ltr'><strong>sequipedes</strong></span> <span class='ocrx_word' id='word_1_123' title='bbox 1426 1686 1767 1743; x_wconf 84' lang='lat' dir='ltr'><strong>ridiculosum</strong></span> <span class='ocrx_word' id='word_1_124' title='bbox 1800 1703 1999 1759; x_wconf 87' lang='lat' dir='ltr'><strong>gauua-</strong></span> 
     </span>
    </p>
   </div>
   <div class='ocr_carea' id='block_1_20' title="bbox 2114 506 3674 581">
    <p class='ocr_par' dir='ltr' id='par_1_20' title="bbox 2114 506 3674 581">
     <span class='ocr_line' id='line_1_20' title="bbox 2114 506 3674 581; baseline 0.004 -21"><span class='ocrx_word' id='word_1_125' title='bbox 2114 506 2274 563; x_wconf 88' lang='lat' dir='ltr'><strong>tionis</strong></span> <span class='ocrx_word' id='word_1_126' title='bbox 2298 508 2533 565; x_wconf 80' lang='lat' dir='ltr'><strong>adduxit.</strong></span> <span class='ocrx_word' id='word_1_127' title='bbox 2567 508 2840 578; x_wconf 85' lang='lat' dir='ltr'><strong>Siquidem</strong></span> <span class='ocrx_word' id='word_1_128' title='bbox 2889 512 3067 566; x_wconf 77' lang='lat' dir='ltr'><strong>caeteri</strong></span> <span class='ocrx_word' id='word_1_129' title='bbox 3117 514 3487 581; x_wconf 87' lang='lat' dir='ltr'><strong>apostolicum</strong></span> <span class='ocrx_word' id='word_1_130' title='bbox 3517 512 3674 567; x_wconf 83' lang='lat' dir='ltr'><strong>Petro</strong></span> 
     </span>
    </p>
   </div>
   <div class='ocr_carea' id='block_1_21' title="bbox 2109 596 3675 669">
    <p class='ocr_par' dir='ltr' id='par_1_21' title="bbox 2109 596 3675 669">
     <span class='ocr_line' id='line_1_21' title="bbox 2109 596 3675 669; baseline 0.004 -22"><span class='ocrx_word' id='word_1_131' title='bbox 2109 596 2228 664; x_wconf 89' lang='lat' dir='ltr'><strong>pari</strong></span> <span class='ocrx_word' id='word_1_132' title='bbox 2256 596 2525 651; x_wconf 89' lang='lat' dir='ltr'><strong>consortio</strong></span> <span class='ocrx_word' id='word_1_133' title='bbox 2556 596 2774 652; x_wconf 89' lang='lat' dir='ltr'><strong>honoris</strong></span> <span class='ocrx_word' id='word_1_134' title='bbox 2817 606 2871 651; x_wconf 88' lang='lat' dir='ltr'><strong>et</strong></span> <span class='ocrx_word' id='word_1_135' title='bbox 2904 600 3182 666; x_wconf 81' lang='lat' dir='ltr'><strong>potestatis</strong></span> <span class='ocrx_word' id='word_1_136' title='bbox 3206 600 3376 656; x_wconf 82' lang='lat' dir='ltr'><strong>eﬂ&#39;eeti</strong></span> <span class='ocrx_word' id='word_1_137' title='bbox 3410 608 3555 665; x_wconf 89' lang='lat' dir='ltr'><strong>sunt,</strong></span> <span class='ocrx_word' id='word_1_138' title='bbox 3584 601 3675 669; x_wconf 89' lang='lat' dir='ltr'><strong>qui</strong></span> 
     </span>
    </p>
   </div>
   <div class='ocr_carea' id='block_1_22' title="bbox 2108 679 3675 760">
    <p class='ocr_par' dir='ltr' id='par_1_22' title="bbox 2108 679 3675 760">
     <span class='ocr_line' id='line_1_22' title="bbox 2108 679 3675 760; baseline 0.004 -24"><span class='ocrx_word' id='word_1_139' title='bbox 2108 683 2272 737; x_wconf 88' lang='lat' dir='ltr'><strong>etiam</strong></span> <span class='ocrx_word' id='word_1_140' title='bbox 2300 684 2351 738; x_wconf 92' lang='lat' dir='ltr'><strong>in</strong></span> <span class='ocrx_word' id='word_1_141' title='bbox 2384 691 2496 740; x_wconf 88' lang='lat' dir='ltr'><strong>toto</strong></span> <span class='ocrx_word' id='word_1_142' title='bbox 2538 686 2669 739; x_wconf 85' lang='lat' dir='ltr'><strong>orbe</strong></span> <span class='ocrx_word' id='word_1_143' title='bbox 2702 686 2927 755; x_wconf 80' lang='lat' dir='ltr'><strong>dispersi</strong></span> <span class='ocrx_word' id='word_1_144' title='bbox 2960 679 3302 760; x_wconf 83' lang='lat' dir='ltr'><strong>Evangelium</strong></span> <span class='ocrx_word' id='word_1_145' title='bbox 3345 693 3675 760; x_wconf 64' lang='lat' dir='ltr'><strong>pra-dicave-</strong></span> 
     </span>
    </p>
   </div>
   <div class='ocr_carea' id='block_1_23' title="bbox 2108 772 3673 848">
    <p class='ocr_par' dir='ltr' id='par_1_23' title="bbox 2108 772 3673 848">
     <span class='ocr_line' id='line_1_23' title="bbox 2108 772 3673 848; baseline 0.003 -25"><span class='ocrx_word' id='word_1_146' title='bbox 2108 778 2252 834; x_wconf 73' lang='lat' dir='ltr'><strong>runt,</strong></span> <span class='ocrx_word' id='word_1_147' title='bbox 2283 772 2474 848; x_wconf 73' lang='lat' dir='ltr'><strong>quibus</strong></span> <span class='ocrx_word' id='word_1_148' title='bbox 2496 772 2875 831; x_wconf 79' lang='lat' dir='ltr'><strong>decedentibus</strong></span> <span class='ocrx_word' id='word_1_149' title='bbox 2899 786 3277 839; x_wconf 80' lang='lat' dir='ltr'><strong>successerunt</strong></span> <span class='ocrx_word' id='word_1_150' title='bbox 3307 779 3563 848; x_wconf 89' lang='lat' dir='ltr'><strong>episcopi,</strong></span> <span class='ocrx_word' id='word_1_151' title='bbox 3585 779 3673 846; x_wconf 85' lang='lat' dir='ltr'><strong>qui</strong></span> 
     </span>
    </p>
   </div>
   <div class='ocr_carea' id='block_1_24' title="bbox 2107 861 3674 935">
    <p class='ocr_par' dir='ltr' id='par_1_24' title="bbox 2107 861 3674 935">
     <span class='ocr_line' id='line_1_24' title="bbox 2107 861 3674 935; baseline 0.002 -19"><span class='ocrx_word' id='word_1_152' title='bbox 2107 870 2233 916; x_wconf 89' lang='lat' dir='ltr'><strong>sunt</strong></span> <span class='ocrx_word' id='word_1_153' title='bbox 2262 861 2536 916; x_wconf 84' lang='lat' dir='ltr'><strong>constituti</strong></span> <span class='ocrx_word' id='word_1_154' title='bbox 2565 875 2660 929; x_wconf 85' lang='lat' dir='ltr'><strong>per</strong></span> <span class='ocrx_word' id='word_1_155' title='bbox 2688 871 2855 917; x_wconf 91' lang='lat' dir='ltr'><strong>totum</strong></span> <span class='ocrx_word' id='word_1_156' title='bbox 2907 863 3168 919; x_wconf 78' lang='lat' dir='ltr'><strong>mundum</strong></span> <span class='ocrx_word' id='word_1_157' title='bbox 3217 868 3272 919; x_wconf 90' lang='lat' dir='ltr'><strong>in</strong></span> <span class='ocrx_word' id='word_1_158' title='bbox 3302 867 3521 922; x_wconf 86' lang='lat' dir='ltr'><strong>sedibus</strong></span> <span class='ocrx_word' id='word_1_159' title='bbox 3544 882 3674 935; x_wconf 80' lang='lat' dir='ltr'><strong>apo-</strong></span> 
     </span>
    </p>
   </div>
   <div class='ocr_carea' id='block_1_25' title="bbox 2108 949 3679 1026">
    <p class='ocr_par' dir='ltr' id='par_1_25' title="bbox 2108 949 3679 1026">
     <span class='ocr_line' id='line_1_25' title="bbox 2108 949 3679 1026; baseline 0.003 -22"><span class='ocrx_word' id='word_1_160' title='bbox 2108 949 2387 1015; x_wconf 85' lang='lat' dir='ltr'><strong>stolorum,</strong></span> <span class='ocrx_word' id='word_1_161' title='bbox 2431 951 2521 1019; x_wconf 93' lang='lat' dir='ltr'><strong>qui</strong></span> <span class='ocrx_word' id='word_1_162' title='bbox 2562 951 2674 1020; x_wconf 91' lang='lat' dir='ltr'><strong>jam</strong></span> <span class='ocrx_word' id='word_1_163' title='bbox 2717 968 2822 1005; x_wconf 92' lang='lat' dir='ltr'><strong>non</strong></span> <span class='ocrx_word' id='word_1_164' title='bbox 2864 968 3059 1022; x_wconf 83' lang='lat' dir='ltr'><strong>genere</strong></span> <span class='ocrx_word' id='word_1_165' title='bbox 3098 956 3276 1009; x_wconf 86' lang='lat' dir='ltr'><strong>carnis</strong></span> <span class='ocrx_word' id='word_1_166' title='bbox 3300 962 3355 1009; x_wconf 93' lang='lat' dir='ltr'><strong>et</strong></span> <span class='ocrx_word' id='word_1_167' title='bbox 3400 957 3679 1026; x_wconf 78' lang='lat' dir='ltr'><strong>sanguinis</strong></span> 
     </span>
    </p>
   </div>
   <div class='ocr_carea' id='block_1_26' title="bbox 2106 1039 3678 1114">
    <p class='ocr_par' dir='ltr' id='par_1_26' title="bbox 2106 1039 3678 1114">
     <span class='ocr_line' id='line_1_26' title="bbox 2106 1039 3678 1114; baseline 0.007 -22"><span class='ocrx_word' id='word_1_168' title='bbox 2106 1039 2396 1111; x_wconf 81' lang='lat' dir='ltr'><strong>eliguntur,</strong></span> <span class='ocrx_word' id='word_1_169' title='bbox 2441 1042 2579 1095; x_wconf 91' lang='lat' dir='ltr'><strong>sicut</strong></span> <span class='ocrx_word' id='word_1_170' title='bbox 2605 1043 2836 1112; x_wconf 89' lang='lat' dir='ltr'><strong>primum</strong></span> <span class='ocrx_word' id='word_1_171' title='bbox 2867 1045 3157 1099; x_wconf 90' lang='lat' dir='ltr'><strong>secundum</strong></span> <span class='ocrx_word' id='word_1_172' title='bbox 3202 1048 3443 1102; x_wconf 87' lang='lat' dir='ltr'><strong>ordinem</strong></span> <span class='ocrx_word' id='word_1_173' title='bbox 3472 1050 3678 1114; x_wconf 82' lang='lat' dir='ltr'><strong>Aaron,</strong></span> 
     </span>
    </p>
   </div>
   <div class='ocr_carea' id='block_1_27' title="bbox 2106 1130 3681 1208">
    <p class='ocr_par' dir='ltr' id='par_1_27' title="bbox 2106 1130 3681 1208">
     <span class='ocr_line' id='line_1_27' title="bbox 2106 1130 3681 1208; baseline 0.005 -23"><span class='ocrx_word' id='word_1_174' title='bbox 2106 1132 2199 1185; x_wconf 89' lang='lat' dir='ltr'><strong>sed</strong></span> <span class='ocrx_word' id='word_1_175' title='bbox 2231 1146 2328 1200; x_wconf 90' lang='lat' dir='ltr'><strong>pro</strong></span> <span class='ocrx_word' id='word_1_176' title='bbox 2356 1130 2769 1202; x_wconf 84' lang='lat' dir='ltr'><strong>uniuscujusque</strong></span> <span class='ocrx_word' id='word_1_177' title='bbox 2800 1134 3022 1200; x_wconf 87' lang='lat' dir='ltr'><strong>merito,</strong></span> <span class='ocrx_word' id='word_1_178' title='bbox 3051 1135 3153 1190; x_wconf 84' lang='lat' dir='ltr'><strong>ﬁde</strong></span> <span class='ocrx_word' id='word_1_179' title='bbox 3182 1144 3238 1190; x_wconf 91' lang='lat' dir='ltr'><strong>et</strong></span> <span class='ocrx_word' id='word_1_180' title='bbox 3264 1137 3529 1204; x_wconf 83' lang='lat' dir='ltr'><strong>doctrina,</strong></span> <span class='ocrx_word' id='word_1_181' title='bbox 3560 1154 3681 1208; x_wconf 70' lang='lat' dir='ltr'><strong>qua:</strong></span> 
     </span>
    </p>
   </div>
   <div class='ocr_carea' id='block_1_28' title="bbox 2107 1222 3688 1303">
    <p class='ocr_par' dir='ltr' id='par_1_28' title="bbox 2107 1222 3688 1303">
     <span class='ocr_line' id='line_1_28' title="bbox 2107 1222 3688 1303; baseline 0.006 -28"><span class='ocrx_word' id='word_1_182' title='bbox 2107 1222 2159 1275; x_wconf 91' lang='lat' dir='ltr'><strong>iu</strong></span> <span class='ocrx_word' id='word_1_183' title='bbox 2185 1237 2307 1276; x_wconf 91' lang='lat' dir='ltr'><strong>eum</strong></span> <span class='ocrx_word' id='word_1_184' title='bbox 2338 1223 2505 1291; x_wconf 87' lang='lat' dir='ltr'><strong>gratia</strong></span> <span class='ocrx_word' id='word_1_185' title='bbox 2532 1223 2711 1278; x_wconf 80' lang='lat' dir='ltr'><strong>divina</strong></span> <span class='ocrx_word' id='word_1_186' title='bbox 2738 1225 3041 1283; x_wconf 83' lang='lat' dir='ltr'><strong>contulerit.</strong></span> <span class='ocrx_word' id='word_1_187' title='bbox 3086 1226 3235 1294; x_wconf 83' lang='lat' dir='ltr'><strong>Quod</strong></span> <span class='ocrx_word' id='word_1_188' title='bbox 3261 1243 3387 1303; x_wconf 76' lang='lat' dir='ltr'><strong>vero</strong></span> <span class='ocrx_word' id='word_1_189' title='bbox 3429 1245 3525 1299; x_wconf 91' lang='lat' dir='ltr'><strong>per</strong></span> <span class='ocrx_word' id='word_1_190' title='bbox 3564 1246 3688 1284; x_wconf 85' lang='lat' dir='ltr'><strong>ma-</strong></span> 
     </span>
    </p>
   </div>
   <div class='ocr_carea' id='block_1_29' title="bbox 2105 1314 3683 1387">
    <p class='ocr_par' dir='ltr' id='par_1_29' title="bbox 2105 1314 3683 1387">
     <span class='ocr_line' id='line_1_29' title="bbox 2105 1314 3683 1387; baseline 0.005 -22"><span class='ocrx_word' id='word_1_191' title='bbox 2105 1329 2208 1367; x_wconf 86' lang='lat' dir='ltr'><strong>nus</strong></span> <span class='ocrx_word' id='word_1_192' title='bbox 2242 1314 2635 1383; x_wconf 87' lang='lat' dir='ltr'><strong>impositionem</strong></span> <span class='ocrx_word' id='word_1_193' title='bbox 2663 1332 2692 1371; x_wconf 91' lang='lat' dir='ltr'><strong>a</strong></span> <span class='ocrx_word' id='word_1_194' title='bbox 2722 1318 3205 1387; x_wconf 75' lang='lat' dir='ltr'><strong>prmdecessoribus</strong></span> <span class='ocrx_word' id='word_1_195' title='bbox 3255 1320 3343 1373; x_wconf 88' lang='lat' dir='ltr'><strong>Dei</strong></span> <span class='ocrx_word' id='word_1_196' title='bbox 3380 1322 3683 1375; x_wconf 86' lang='lat' dir='ltr'><strong>sacerdoti-</strong></span> 
     </span>
    </p>
   </div>
   <div class='ocr_carea' id='block_1_30' title="bbox 2104 1400 3685 1475">
    <p class='ocr_par' dir='ltr' id='par_1_30' title="bbox 2104 1400 3685 1475">
     <span class='ocr_line' id='line_1_30' title="bbox 2104 1400 3685 1475; baseline 0.006 -21"><span class='ocrx_word' id='word_1_197' title='bbox 2104 1400 2206 1454; x_wconf 82' lang='lat' dir='ltr'><strong>bus</strong></span> <span class='ocrx_word' id='word_1_198' title='bbox 2231 1402 2463 1471; x_wconf 92' lang='lat' dir='ltr'><strong>episcopi</strong></span> <span class='ocrx_word' id='word_1_199' title='bbox 2493 1404 2829 1470; x_wconf 89' lang='lat' dir='ltr'><strong>ordinantur,</strong></span> <span class='ocrx_word' id='word_1_200' title='bbox 2858 1408 3076 1475; x_wconf 88' lang='lat' dir='ltr'><strong>antiqua</strong></span> <span class='ocrx_word' id='word_1_201' title='bbox 3099 1415 3183 1461; x_wconf 91' lang='lat' dir='ltr'><strong>est</strong></span> <span class='ocrx_word' id='word_1_202' title='bbox 3212 1409 3494 1463; x_wconf 89' lang='lat' dir='ltr'><strong>institutio.</strong></span> <span class='ocrx_word' id='word_1_203' title='bbox 3528 1409 3685 1464; x_wconf 85' lang='lat' dir='ltr'><strong>Isaac</strong></span> 
     </span>
    </p>
   </div>
   <div class='ocr_carea' id='block_1_31' title="bbox 2104 1490 3687 1564">
    <p class='ocr_par' dir='ltr' id='par_1_31' title="bbox 2104 1490 3687 1564">
     <span class='ocr_line' id='line_1_31' title="bbox 2104 1490 3687 1564; baseline 0.004 -19"><span class='ocrx_word' id='word_1_204' title='bbox 2104 1490 2248 1545; x_wconf 88' lang='lat' dir='ltr'><strong>enim</strong></span> <span class='ocrx_word' id='word_1_205' title='bbox 2273 1490 2580 1561; x_wconf 85' lang='lat' dir='ltr'><strong>patriarcha</strong></span> <span class='ocrx_word' id='word_1_206' title='bbox 2610 1502 2848 1560; x_wconf 87' lang='lat' dir='ltr'><strong>sanctus,</strong></span> <span class='ocrx_word' id='word_1_207' title='bbox 2905 1511 3109 1564; x_wconf 90' lang='lat' dir='ltr'><strong>ponens</strong></span> <span class='ocrx_word' id='word_1_208' title='bbox 3147 1512 3363 1552; x_wconf 89' lang='lat' dir='ltr'><strong>manum</strong></span> <span class='ocrx_word' id='word_1_209' title='bbox 3411 1514 3561 1553; x_wconf 88' lang='lat' dir='ltr'><strong>suam</strong></span> <span class='ocrx_word' id='word_1_210' title='bbox 3591 1515 3687 1554; x_wconf 84' lang='lat' dir='ltr'><strong>su—</strong></span> 
     </span>
    </p>
   </div>
   <div class='ocr_carea' id='block_1_32' title="bbox 2104 1578 3681 1651">
    <p class='ocr_par' dir='ltr' id='par_1_32' title="bbox 2104 1578 3681 1651">
     <span class='ocr_line' id='line_1_32' title="bbox 2104 1578 3681 1651; baseline 0.007 -19"><span class='ocrx_word' id='word_1_211' title='bbox 2104 1593 2203 1648; x_wconf 89' lang='lat' dir='ltr'><strong>per</strong></span> <span class='ocrx_word' id='word_1_212' title='bbox 2238 1589 2397 1649; x_wconf 80' lang='lat' dir='ltr'><strong>caput</strong></span> <span class='ocrx_word' id='word_1_213' title='bbox 2446 1578 2612 1637; x_wconf 85' lang='lat' dir='ltr'><strong>Jacob</strong></span> <span class='ocrx_word' id='word_1_214' title='bbox 2654 1581 2929 1637; x_wconf 81' lang='lat' dir='ltr'><strong>benedixit</strong></span> <span class='ocrx_word' id='word_1_215' title='bbox 2977 1586 3046 1651; x_wconf 89' lang='lat' dir='ltr'><strong>ei,</strong></span> <span class='ocrx_word' id='word_1_216' title='bbox 3100 1594 3155 1639; x_wconf 91' lang='lat' dir='ltr'><strong>et</strong></span> <span class='ocrx_word' id='word_1_217' title='bbox 3181 1585 3349 1642; x_wconf 75' lang='lat' dir='ltr'><strong>Jacob</strong></span> <span class='ocrx_word' id='word_1_218' title='bbox 3396 1588 3519 1642; x_wconf 78' lang='lat' dir='ltr'><strong>(iliis</strong></span> <span class='ocrx_word' id='word_1_219' title='bbox 3546 1588 3681 1643; x_wconf 80' lang='lat' dir='ltr'><strong>suis.</strong></span> 
     </span>
    </p>
   </div>
   <div class='ocr_carea' id='block_1_33' title="bbox 2108 1668 3685 1743">
    <p class='ocr_par' dir='ltr' id='par_1_33' title="bbox 2108 1668 3685 1743">
     <span class='ocr_line' id='line_1_33' title="bbox 2108 1668 3685 1743; baseline 0.005 -18"><span class='ocrx_word' id='word_1_220' title='bbox 2108 1668 2215 1725; x_wconf 85' lang='lat' dir='ltr'><strong>Sed</strong></span> <span class='ocrx_word' id='word_1_221' title='bbox 2239 1679 2295 1725; x_wconf 90' lang='lat' dir='ltr'><strong>et</strong></span> <span class='ocrx_word' id='word_1_222' title='bbox 2338 1670 2545 1742; x_wconf 79' lang='lat' dir='ltr'><strong>Moyses</strong></span> <span class='ocrx_word' id='word_1_223' title='bbox 2569 1687 2731 1742; x_wconf 89' lang='lat' dir='ltr'><strong>super</strong></span> <span class='ocrx_word' id='word_1_224' title='bbox 2759 1682 2921 1743; x_wconf 89' lang='lat' dir='ltr'><strong>caput</strong></span> <span class='ocrx_word' id='word_1_225' title='bbox 2948 1673 3070 1730; x_wconf 84' lang='lat' dir='ltr'><strong>Jesu</strong></span> <span class='ocrx_word' id='word_1_226' title='bbox 3109 1676 3252 1732; x_wconf 86' lang='lat' dir='ltr'><strong>Nave</strong></span> <span class='ocrx_word' id='word_1_227' title='bbox 3281 1692 3499 1732; x_wconf 90' lang='lat' dir='ltr'><strong>manum</strong></span> <span class='ocrx_word' id='word_1_228' title='bbox 3525 1694 3685 1733; x_wconf 87' lang='lat' dir='ltr'><strong>suam</strong></span> 
     </span>
    </p>
   </div>
   <div class='ocr_carea' id='block_1_34' title="bbox 434 1755 3687 1851">
    <p class='ocr_par' dir='ltr' id='par_1_34' title="bbox 434 1755 3687 1851">
     <span class='ocr_line' id='line_1_34' title="bbox 434 1755 3687 1851; baseline 0.002 -36"><span class='ocrx_word' id='word_1_229' title='bbox 434 1788 581 1835; x_wconf 63' lang='grc' dir='ltr'><strong>,ιυιτε</strong></span> <span class='ocrx_word' id='word_1_230' title='bbox 603 1778 889 1836; x_wconf 58' lang='lat' dir='ltr'><strong>ludibrium</strong></span> <span class='ocrx_word' id='word_1_231' title='bbox 916 1780 969 1834; x_wconf 71' lang='grc' dir='ltr'><strong>ίη</strong></span> <span class='ocrx_word' id='word_1_232' title='bbox 996 1779 1189 1851; x_wconf 68' lang='lat' dir='ltr'><strong>populo</strong></span> <span class='ocrx_word' id='word_1_233' title='bbox 1210 1755 1449 1841; x_wconf 62' lang='grc' dir='ltr'><strong>ιίοηηηο</strong></span> <span class='ocrx_word' id='word_1_234' title='bbox 1474 1787 1770 1851; x_wconf 41' lang='lat' dir='ltr'><strong>porum“</strong></span> <span class='ocrx_word' id='word_1_235' title='bbox 1800 1755 1925 1849; x_wconf 58' lang='lat' dir='ltr'><strong>[luga</strong></span> <span class='ocrx_word' id='word_1_236' title='bbox 1953 1786 2010 1834; x_wconf 68' lang='grc' dir='ltr'><strong><em>ει</em></strong></span> <span class='ocrx_word' id='word_1_237' title='bbox 2034 1755 2081 1815; x_wconf 89' lang='grc' dir='ltr'>Β</span> <span class='ocrx_word' id='word_1_238' title='bbox 2111 1758 2392 1827; x_wconf 88' lang='lat' dir='ltr'><strong>imponens</strong></span> <span class='ocrx_word' id='word_1_239' title='bbox 2412 1800 2427 1825; x_wconf 96' lang='lat'><strong>,</strong></span> <span class='ocrx_word' id='word_1_240' title='bbox 2468 1760 2615 1816; x_wconf 90' lang='lat' dir='ltr'><strong>dedit</strong></span> <span class='ocrx_word' id='word_1_241' title='bbox 2641 1762 2690 1817; x_wconf 91' lang='lat' dir='ltr'><strong>ei</strong></span> <span class='ocrx_word' id='word_1_242' title='bbox 2713 1764 2959 1835; x_wconf 86' lang='lat' dir='ltr'><strong>spiritum</strong></span> <span class='ocrx_word' id='word_1_243' title='bbox 2990 1766 3203 1821; x_wconf 82' lang='lat' dir='ltr'><strong>virtutis</strong></span> <span class='ocrx_word' id='word_1_244' title='bbox 3248 1775 3301 1822; x_wconf 93' lang='lat' dir='ltr'><strong>et</strong></span> <span class='ocrx_word' id='word_1_245' title='bbox 3328 1768 3582 1823; x_wconf 89' lang='lat' dir='ltr'><strong>ducatum</strong></span> <span class='ocrx_word' id='word_1_246' title='bbox 3628 1769 3687 1823; x_wconf 81' lang='lat' dir='ltr'><strong>in</strong></span> 
     </span>
    </p>
   </div>
   <div class='ocr_carea' id='block_1_35' title="bbox 431 1867 2012 1939">
    <p class='ocr_par' dir='ltr' id='par_1_35' title="bbox 431 1867 2012 1939">
     <span class='ocr_line' id='line_1_35' title="bbox 431 1867 2012 1939; baseline 0 -15"><span class='ocrx_word' id='word_1_247' title='bbox 431 1867 635 1924; x_wconf 80' lang='lat' dir='ltr'><strong>horum</strong></span> <span class='ocrx_word' id='word_1_248' title='bbox 677 1869 907 1928; x_wconf 84' lang='lat' dir='ltr'><strong>barones</strong></span> <span class='ocrx_word' id='word_1_249' title='bbox 937 1870 1118 1924; x_wconf 81' lang='lat' dir='ltr'><strong>hostes</strong></span> <span class='ocrx_word' id='word_1_250' title='bbox 1140 1870 1417 1932; x_wconf 75' lang='lat' dir='ltr'><strong>exercitus</strong></span> <span class='ocrx_word' id='word_1_251' title='bbox 1457 1877 1737 1939; x_wconf 87' lang='lat' dir='ltr'><strong>superatos</strong></span> <span class='ocrx_word' id='word_1_252' title='bbox 1789 1868 1889 1923; x_wconf 86' lang='lat' dir='ltr'><strong>sub</strong></span> <span class='ocrx_word' id='word_1_253' title='bbox 1919 1884 2012 1924; x_wconf 91' lang='lat' dir='ltr'><strong>co-</strong></span> 
     </span>
    </p>
   </div>
   <div class='ocr_carea' id='block_1_36' title="bbox 447 1957 2010 2028">
    <p class='ocr_par' dir='ltr' id='par_1_36' title="bbox 447 1957 2010 2028">
     <span class='ocr_line' id='line_1_36' title="bbox 447 1957 2010 2028; baseline -0.001 -14"><span class='ocrx_word' id='word_1_254' title='bbox 447 1974 576 2014; x_wconf 89' lang='lat' dir='ltr'><strong>rona</strong></span> <span class='ocrx_word' id='word_1_255' title='bbox 604 1958 836 2017; x_wconf 78' lang='lat' dir='ltr'><strong>vendere</strong></span> <span class='ocrx_word' id='word_1_256' title='bbox 855 1957 1119 2015; x_wconf 80' lang='lat' dir='ltr'><strong>solebant.</strong></span> <span class='ocrx_word' id='word_1_257' title='bbox 1170 1958 1275 2015; x_wconf 91' lang='lat' dir='ltr'><strong>Sed</strong></span> <span class='ocrx_word' id='word_1_258' title='bbox 1301 1959 1367 2015; x_wconf 89' lang='lat' dir='ltr'><strong>de</strong></span> <span class='ocrx_word' id='word_1_259' title='bbox 1393 1959 1478 2015; x_wconf 88' lang='lat' dir='ltr'><strong>his</strong></span> <span class='ocrx_word' id='word_1_260' title='bbox 1514 1960 1642 2028; x_wconf 84' lang='lat' dir='ltr'><strong>quid</strong></span> <span class='ocrx_word' id='word_1_261' title='bbox 1671 1959 2010 2027; x_wconf 83' lang='lat' dir='ltr'><strong>suscipiatur.</strong></span> 
     </span>
    </p>
   </div>
   <div class='ocr_carea' id='block_1_37' title="bbox 426 2045 2012 2127">
    <p class='ocr_par' dir='ltr' id='par_1_37' title="bbox 426 2045 2012 2127">
     <span class='ocr_line' id='line_1_37' title="bbox 426 2045 2012 2127; baseline -0.001 -26"><span class='ocrx_word' id='word_1_262' title='bbox 426 2046 661 2102; x_wconf 66' lang='lat' dir='ltr'><strong>&#39;lectoris</strong></span> <span class='ocrx_word' id='word_1_263' title='bbox 682 2045 886 2114; x_wconf 89' lang='lat' dir='ltr'><strong>judicio</strong></span> <span class='ocrx_word' id='word_1_264' title='bbox 915 2046 1353 2116; x_wconf 84' lang='lat' dir='ltr'><strong>derelinquimus.</strong></span> <span class='ocrx_word' id='word_1_265' title='bbox 1395 2047 1685 2127; x_wconf 78' lang='lat' dir='ltr'><strong>Veniamus</strong></span> <span class='ocrx_word' id='word_1_266' title='bbox 1714 2060 1842 2115; x_wconf 81' lang='lat' dir='ltr'><strong>ergo</strong></span> <span class='ocrx_word' id='word_1_267' title='bbox 1871 2060 2012 2100; x_wconf 91' lang='lat' dir='ltr'><strong>nunc</strong></span> 
     </span>
    </p>
   </div>
   <div class='ocr_carea' id='block_1_38' title="bbox 447 2134 2013 2205">
    <p class='ocr_par' dir='ltr' id='par_1_38' title="bbox 447 2134 2013 2205">
     <span class='ocr_line' id='line_1_38' title="bbox 447 2134 2013 2205; baseline 0.001 -18"><span class='ocrx_word' id='word_1_268' title='bbox 447 2136 514 2190; x_wconf 87' lang='lat' dir='ltr'><strong>ad</strong></span> <span class='ocrx_word' id='word_1_269' title='bbox 558 2134 955 2195; x_wconf 86' lang='lat' dir='ltr'><strong>sacratissimos</strong></span> <span class='ocrx_word' id='word_1_270' title='bbox 1020 2135 1235 2197; x_wconf 86' lang='lat' dir='ltr'><strong>ordines</strong></span> <span class='ocrx_word' id='word_1_271' title='bbox 1291 2135 1609 2195; x_wconf 77' lang='lat' dir='ltr'><strong>clericorum</strong></span> <span class='ocrx_word' id='word_1_272' title='bbox 1632 2176 1646 2201; x_wconf 82' lang='lat'><strong>.</strong></span> <span class='ocrx_word' id='word_1_273' title='bbox 1718 2148 2013 2205; x_wconf 91' lang='lat' dir='ltr'><strong>eorumque</strong></span> 
     </span>
    </p>
   </div>
   <div class='ocr_carea' id='block_1_39' title="bbox 435 2224 1858 2297">
    <p class='ocr_par' dir='ltr' id='par_1_39' title="bbox 435 2224 1858 2297">
     <span class='ocr_line' id='line_1_39' title="bbox 435 2224 1858 2297; baseline -0.001 -20"><span class='ocrx_word' id='word_1_274' title='bbox 435 2224 708 2295; x_wconf 81' lang='lat' dir='ltr'><strong>originem</strong></span> <span class='ocrx_word' id='word_1_275' title='bbox 734 2232 787 2281; x_wconf 86' lang='lat' dir='ltr'><strong>et</strong></span> <span class='ocrx_word' id='word_1_276' title='bbox 814 2224 1013 2297; x_wconf 73' lang='lat' dir='ltr'><strong>gradus</strong></span> <span class='ocrx_word' id='word_1_277' title='bbox 1036 2224 1385 2295; x_wconf 69' lang='lat' dir='ltr'><strong>singulariter</strong></span> <span class='ocrx_word' id='word_1_278' title='bbox 1411 2225 1858 2285; x_wconf 71' lang='lat' dir='ltr'><strong>demonstremus.</strong></span> 
     </span>
    </p>
   </div>
   <div class='ocr_carea' id='block_1_40' title="bbox 1060 2333 1396 2391">
    <p class='ocr_par' dir='ltr' id='par_1_40' title="bbox 1060 2333 1396 2391">
     <span class='ocr_line' id='line_1_40' title="bbox 1060 2333 1396 2391; baseline 0.003 -3"><span class='ocrx_word' id='word_1_279' title='bbox 1060 2333 1284 2390; x_wconf 78' lang='lat' dir='ltr'><strong>CAPUT</strong></span> <span class='ocrx_word' id='word_1_280' title='bbox 1310 2335 1396 2391; x_wconf 76' lang='lat' dir='ltr'><strong>IV.</strong></span> 
     </span>
    </p>
   </div>
   <div class='ocr_carea' id='block_1_41' title="bbox 856 2402 1604 2476">
    <p class='ocr_par' dir='ltr' id='par_1_41' title="bbox 856 2402 1604 2476">
     <span class='ocr_line' id='line_1_41' title="bbox 856 2402 1604 2476; baseline 0.003 -18"><span class='ocrx_word' id='word_1_281' title='bbox 856 2402 933 2473; x_wconf 84' lang='lat' dir='ltr'><strong>De</strong></span> <span class='ocrx_word' id='word_1_282' title='bbox 955 2404 1202 2476; x_wconf 74' lang='lat' dir='ltr'><strong>gradibus</strong></span> <span class='ocrx_word' id='word_1_283' title='bbox 1228 2404 1604 2468; x_wconf 53' lang='lat' dir='ltr'><strong>ecclesiasticis.</strong></span> 
     </span>
    </p>
   </div>
   <div class='ocr_carea' id='block_1_42' title="bbox 515 2492 2011 2565">
    <p class='ocr_par' dir='ltr' id='par_1_42' title="bbox 515 2492 2011 2565">
     <span class='ocr_line' id='line_1_42' title="bbox 515 2492 2011 2565; baseline 0.001 -17"><span class='ocrx_word' id='word_1_284' title='bbox 515 2493 652 2548; x_wconf 91' lang='lat' dir='ltr'><strong>Sunt</strong></span> <span class='ocrx_word' id='word_1_285' title='bbox 676 2492 1075 2565; x_wconf 72' lang='lat' dir='ltr'><strong>autetu&#39;gradus</strong></span> <span class='ocrx_word' id='word_1_286' title='bbox 1095 2492 1445 2565; x_wconf 81' lang='lat' dir='ltr'><strong>ecclesiastici</strong></span> <span class='ocrx_word' id='word_1_287' title='bbox 1477 2500 1884 2563; x_wconf 69' lang='lat' dir='ltr'><strong>aeto,&#39;qtsor1tm</strong></span> <span class='ocrx_word' id='word_1_288' title='bbox 1911 2507 2011 2549; x_wconf 83' lang='lat' dir='ltr'><strong>no-</strong></span> 
     </span>
    </p>
   </div>
   <div class='ocr_carea' id='block_1_43' title="bbox 435 2572 2009 2653">
    <p class='ocr_par' dir='ltr' id='par_1_43' title="bbox 435 2572 2009 2653">
     <span class='ocr_line' id='line_1_43' title="bbox 435 2572 2009 2653; baseline -0.001 -15"><span class='ocrx_word' id='word_1_289' title='bbox 435 2572 590 2639; x_wconf 64' lang='lat' dir='ltr'><strong>«ibina</strong></span> <span class='ocrx_word' id='word_1_290' title='bbox 628 2583 742 2638; x_wconf 70' lang='lat' dir='ltr'><strong>hmo</strong></span> <span class='ocrx_word' id='word_1_291' title='bbox 780 2590 937 2639; x_wconf 91' lang='lat' dir='ltr'><strong>sunt:</strong></span> <span class='ocrx_word' id='word_1_292' title='bbox 987 2582 1271 2647; x_wconf 82' lang='lat' dir='ltr'><strong>Ostiarius,</strong></span> <span class='ocrx_word' id='word_1_293' title='bbox 1319 2581 1616 2653; x_wconf 76' lang='lat' dir='ltr'><strong>pSalmista,</strong></span> <span class='ocrx_word' id='word_1_294' title='bbox 1672 2582 1787 2639; x_wconf 84' lang='lat' dir='ltr'><strong>sive</strong></span> <span class='ocrx_word' id='word_1_295' title='bbox 1822 2582 2009 2649; x_wconf 83' lang='lat' dir='ltr'><strong>lector,</strong></span> 
     </span>
    </p>
   </div>
   <div class='ocr_carea' id='block_1_44' title="bbox 412 2666 2014 2744">
    <p class='ocr_par' dir='ltr' id='par_1_44' title="bbox 412 2666 2014 2744">
     <span class='ocr_line' id='line_1_44' title="bbox 412 2666 2014 2744; baseline -0.001 -16"><span class='ocrx_word' id='word_1_296' title='bbox 412 2672 736 2737; x_wconf 49' lang='lat' dir='ltr'><strong>.exorcista,</strong></span> <span class='ocrx_word' id='word_1_297' title='bbox 777 2672 1073 2744; x_wconf 79' lang='lat' dir='ltr'><strong>acolythus,</strong></span> <span class='ocrx_word' id='word_1_298' title='bbox 1108 2672 1501 2737; x_wconf 80' lang='lat' dir='ltr'><strong>subdiaconus,</strong></span> <span class='ocrx_word' id='word_1_299' title='bbox 1538 2672 1815 2739; x_wconf 89' lang='lat' dir='ltr'><strong>diaconus,</strong></span> <span class='ocrx_word' id='word_1_300' title='bbox 1860 2666 2014 2741; x_wconf 74' lang='lat' dir='ltr'><strong>pres-</strong></span> 
     </span>
    </p>
   </div>
   <div class='ocr_carea' id='block_1_45' title="bbox 448 2759 2014 2843">
    <p class='ocr_par' dir='ltr' id='par_1_45' title="bbox 448 2759 2014 2843">
     <span class='ocr_line' id='line_1_45' title="bbox 448 2759 2014 2843; baseline -0.003 -27"><span class='ocrx_word' id='word_1_301' title='bbox 448 2762 619 2832; x_wconf 70' lang='lat' dir='ltr'><strong>byter,</strong></span> <span class='ocrx_word' id='word_1_302' title='bbox 660 2768 821 2831; x_wconf 85' lang='lat' dir='ltr'><strong>atque</strong></span> <span class='ocrx_word' id='word_1_303' title='bbox 841 2760 1138 2831; x_wconf 85' lang='lat' dir='ltr'><strong>episcopus.</strong></span> <span class='ocrx_word' id='word_1_304' title='bbox 1165 2761 1378 2820; x_wconf 83' lang='lat' dir='ltr'><strong>initium</strong></span> <span class='ocrx_word' id='word_1_305' title='bbox 1407 2760 1929 2843; x_wconf 62' lang='lat' dir='ltr'><strong>quidemmcerdotii</strong></span> <span class='ocrx_word' id='word_1_306' title='bbox 1959 2759 2014 2813; x_wconf 87' lang='lat' dir='ltr'><strong>in</strong></span> 
     </span>
    </p>
   </div>
   <div class='ocr_carea' id='block_1_46' title="bbox 444 2850 2011 2922">
    <p class='ocr_par' dir='ltr' id='par_1_46' title="bbox 444 2850 2011 2922">
     <span class='ocr_line' id='line_1_46' title="bbox 444 2850 2011 2922; baseline -0.003 -13"><span class='ocrx_word' id='word_1_307' title='bbox 444 2853 629 2909; x_wconf 64' lang='lat' dir='ltr'><strong>Veteri</strong></span> <span class='ocrx_word' id='word_1_308' title='bbox 656 2852 999 2908; x_wconf 84' lang='lat' dir='ltr'><strong>Testamento</strong></span> <span class='ocrx_word' id='word_1_309' title='bbox 1023 2852 1202 2907; x_wconf 73' lang='lat' dir='ltr'><strong>AarOn</strong></span> <span class='ocrx_word' id='word_1_310' title='bbox 1231 2852 1364 2919; x_wconf 80' lang='lat' dir='ltr'><strong>fuit,</strong></span> <span class='ocrx_word' id='word_1_311' title='bbox 1388 2866 1692 2922; x_wconf 77' lang='lat' dir='ltr'><strong>quanquam</strong></span> <span class='ocrx_word' id='word_1_312' title='bbox 1720 2859 1775 2906; x_wconf 91' lang='lat' dir='ltr'><strong>et</strong></span> <span class='ocrx_word' id='word_1_313' title='bbox 1796 2850 2011 2906; x_wconf 76' lang='lat' dir='ltr'><strong>Melchi-</strong></span> 
     </span>
    </p>
   </div>
   <div class='ocr_carea' id='block_1_47' title="bbox 392 2928 2014 3014">
    <p class='ocr_par' dir='ltr' id='par_1_47' title="bbox 392 2928 2014 3014">
     <span class='ocr_line' id='line_1_47' title="bbox 392 2928 2014 3014; baseline -0.004 -12"><span class='ocrx_word' id='word_1_314' title='bbox 392 2928 401 2933; x_wconf 21' lang='grc' dir='ltr'>θ</span> <span class='ocrx_word' id='word_1_315' title='bbox 450 2946 643 3001; x_wconf 86' lang='lat' dir='ltr'><strong>sedech</strong></span> <span class='ocrx_word' id='word_1_316' title='bbox 683 2946 835 3014; x_wconf 90' lang='lat' dir='ltr'><strong>prior</strong></span> <span class='ocrx_word' id='word_1_317' title='bbox 880 2944 1133 3008; x_wconf 81' lang='lat' dir='ltr'><strong>obtulerit</strong></span> <span class='ocrx_word' id='word_1_318' title='bbox 1182 2945 1546 3009; x_wconf 76' lang='lat' dir='ltr'><strong>sacrificium,</strong></span> <span class='ocrx_word' id='word_1_319' title='bbox 1595 2952 1651 3000; x_wconf 89' lang='lat' dir='ltr'><strong>et</strong></span> <span class='ocrx_word' id='word_1_320' title='bbox 1697 2953 1819 3014; x_wconf 86' lang='lat' dir='ltr'><strong>post</strong></span> <span class='ocrx_word' id='word_1_321' title='bbox 1872 2944 2014 2997; x_wconf 90' lang='lat' dir='ltr'><strong>hunc</strong></span> 
     </span>
    </p>
   </div>
   <div class='ocr_carea' id='block_1_48' title="bbox 446 3030 2015 3104">
    <p class='ocr_par' dir='ltr' id='par_1_48' title="bbox 446 3030 2015 3104">
     <span class='ocr_line' id='line_1_48' title="bbox 446 3030 2015 3104; baseline -0.003 -14"><span class='ocrx_word' id='word_1_322' title='bbox 446 3034 929 3101; x_wconf 70' lang='lat' dir='ltr'><strong>Abrahaszaac,</strong></span> <span class='ocrx_word' id='word_1_323' title='bbox 950 3033 1199 3089; x_wconf 84' lang='lat' dir='ltr'><strong>etJacob.</strong></span> <span class='ocrx_word' id='word_1_324' title='bbox 1222 3032 1440 3104; x_wconf 81' lang='lat' dir='ltr'><strong>Legitur</strong></span> <span class='ocrx_word' id='word_1_325' title='bbox 1458 3031 1635 3089; x_wconf 80' lang='lat' dir='ltr'><strong>etNoe</strong></span> <span class='ocrx_word' id='word_1_326' title='bbox 1662 3033 1829 3088; x_wconf 88' lang='lat' dir='ltr'><strong>altare</strong></span> <span class='ocrx_word' id='word_1_327' title='bbox 1849 3030 2015 3088; x_wconf 81' lang='lat' dir='ltr'><strong>aediﬁ-</strong></span> 
     </span>
    </p>
   </div>
   <div class='ocr_carea' id='block_1_49' title="bbox 2112 1851 3687 1930">
    <p class='ocr_par' dir='ltr' id='par_1_49' title="bbox 2112 1851 3687 1930">
     <span class='ocr_line' id='line_1_49' title="bbox 2112 1851 3687 1930; baseline 0.007 -26"><span class='ocrx_word' id='word_1_328' title='bbox 2112 1851 2310 1921; x_wconf 91' lang='lat' dir='ltr'><strong>populo</strong></span> <span class='ocrx_word' id='word_1_329' title='bbox 2352 1852 2535 1919; x_wconf 87' lang='lat' dir='ltr'><strong>Israel,</strong></span> <span class='ocrx_word' id='word_1_330' title='bbox 2586 1852 2666 1909; x_wconf 83' lang='lat' dir='ltr'><strong>sic</strong></span> <span class='ocrx_word' id='word_1_331' title='bbox 2693 1862 2747 1910; x_wconf 92' lang='lat' dir='ltr'><strong>et</strong></span> <span class='ocrx_word' id='word_1_332' title='bbox 2792 1856 3037 1925; x_wconf 87' lang='lat' dir='ltr'><strong>impletur</strong></span> <span class='ocrx_word' id='word_1_333' title='bbox 3064 1858 3194 1928; x_wconf 80' lang='lat' dir='ltr'><strong>legis</strong></span> <span class='ocrx_word' id='word_1_334' title='bbox 3218 1867 3270 1912; x_wconf 91' lang='lat' dir='ltr'><strong>et</strong></span> <span class='ocrx_word' id='word_1_335' title='bbox 3299 1861 3687 1930; x_wconf 82' lang='lat' dir='ltr'><strong>prophetarum</strong></span> 
     </span>
    </p>
   </div>
   <div class='ocr_carea' id='block_1_50' title="bbox 2114 1940 3685 2021">
    <p class='ocr_par' dir='ltr' id='par_1_50' title="bbox 2114 1940 3685 2021">
     <span class='ocr_line' id='line_1_50' title="bbox 2114 1940 3685 2021; baseline 0.008 -27"><span class='ocrx_word' id='word_1_336' title='bbox 2114 1940 2373 1996; x_wconf 88' lang='lat' dir='ltr'><strong>Dominus</strong></span> <span class='ocrx_word' id='word_1_337' title='bbox 2406 1952 2589 1997; x_wconf 90' lang='lat' dir='ltr'><strong>noster</strong></span> <span class='ocrx_word' id='word_1_338' title='bbox 2613 1941 2768 2000; x_wconf 72' lang='lat' dir='ltr'><strong>Iesus</strong></span> <span class='ocrx_word' id='word_1_339' title='bbox 2798 1944 3072 2013; x_wconf 90' lang='lat' dir='ltr'><strong>Christus,</strong></span> <span class='ocrx_word' id='word_1_340' title='bbox 3109 1964 3205 2017; x_wconf 88' lang='lat' dir='ltr'><strong>per</strong></span> <span class='ocrx_word' id='word_1_341' title='bbox 3247 1965 3437 2005; x_wconf 88' lang='lat' dir='ltr'><strong>manus</strong></span> <span class='ocrx_word' id='word_1_342' title='bbox 3466 1951 3685 2021; x_wconf 85' lang='lat' dir='ltr'><strong>imposi-</strong></span> 
     </span>
    </p>
   </div>
   <div class='ocr_carea' id='block_1_51' title="bbox 2116 2030 3689 2109">
    <p class='ocr_par' dir='ltr' id='par_1_51' title="bbox 2116 2030 3689 2109">
     <span class='ocr_line' id='line_1_51' title="bbox 2116 2030 3689 2109; baseline 0.008 -27"><span class='ocrx_word' id='word_1_343' title='bbox 2116 2030 2313 2084; x_wconf 91' lang='lat' dir='ltr'><strong>tionem</strong></span> <span class='ocrx_word' id='word_1_344' title='bbox 2342 2030 2596 2099; x_wconf 85' lang='lat' dir='ltr'><strong>apostolis</strong></span> <span class='ocrx_word' id='word_1_345' title='bbox 2639 2032 2752 2086; x_wconf 84' lang='lat' dir='ltr'><strong>suis</strong></span> <span class='ocrx_word' id='word_1_346' title='bbox 2782 2032 3074 2099; x_wconf 78' lang='lat' dir='ltr'><strong>benedixit,</strong></span> <span class='ocrx_word' id='word_1_347' title='bbox 3128 2035 3267 2091; x_wconf 82' lang='lat' dir='ltr'><strong>sicut</strong></span> <span class='ocrx_word' id='word_1_348' title='bbox 3310 2038 3364 2091; x_wconf 83' lang='lat' dir='ltr'><strong>in</strong></span> <span class='ocrx_word' id='word_1_349' title='bbox 3397 2039 3689 2109; x_wconf 75' lang='lat' dir='ltr'><strong>Evangelia</strong></span> 
     </span>
    </p>
   </div>
   <div class='ocr_carea' id='block_1_52' title="bbox 2112 2116 3731 2193">
    <p class='ocr_par' dir='ltr' id='par_1_52' title="bbox 2112 2116 3731 2193">
     <span class='ocr_line' id='line_1_52' title="bbox 2112 2116 3731 2193; baseline 0.007 -22"><span class='ocrx_word' id='word_1_350' title='bbox 2112 2116 2269 2173; x_wconf 75' lang='lat' dir='ltr'><strong>Luem</strong></span> <span class='ocrx_word' id='word_1_351' title='bbox 2282 2119 2540 2189; x_wconf 82' lang='lat' dir='ltr'><strong>scriptum</strong></span> <span class='ocrx_word' id='word_1_352' title='bbox 2564 2128 2647 2175; x_wconf 87' lang='lat' dir='ltr'><strong>est</strong></span> <span class='ocrx_word' id='word_1_353' title='bbox 2673 2137 2687 2175; x_wconf 88' lang='lat'><strong>:</strong></span> <span class='ocrx_word' id='word_1_354' title='bbox 2723 2120 2791 2175; x_wconf 83' lang='lat' dir='ltr'><strong>Et</strong></span> <span class='ocrx_word' id='word_1_355' title='bbox 2811 2123 3057 2191; x_wconf 66' lang='lat' dir='ltr'><strong>produxit</strong></span> <span class='ocrx_word' id='word_1_356' title='bbox 3091 2123 3209 2179; x_wconf 86' lang='lat' dir='ltr'><strong>illos</strong></span> <span class='ocrx_word' id='word_1_357' title='bbox 3242 2124 3385 2193; x_wconf 78' lang='lat' dir='ltr'><strong>foras</strong></span> <span class='ocrx_word' id='word_1_358' title='bbox 3413 2127 3466 2180; x_wconf 90' lang='lat' dir='ltr'><strong>in</strong></span> <span class='ocrx_word' id='word_1_359' title='bbox 3492 2128 3687 2183; x_wconf 74' lang='lat' dir='ltr'><strong>Betlta-</strong></span> <span class='ocrx_word' id='word_1_360' title='bbox 3728 2122 3731 2123; x_wconf 16' lang='grc' dir='ltr'><em>ν</em></span> 
     </span>
    </p>
   </div>
   <div class='ocr_carea' id='block_1_53' title="bbox 2114 2209 3689 2291">
    <p class='ocr_par' dir='ltr' id='par_1_53' title="bbox 2114 2209 3689 2291">
     <span class='ocr_line' id='line_1_53' title="bbox 2114 2209 3689 2291; baseline 0.004 -26"><span class='ocrx_word' id='word_1_361' title='bbox 2114 2212 2289 2275; x_wconf 86' lang='lat' dir='ltr'><strong>niam,</strong></span> <span class='ocrx_word' id='word_1_362' title='bbox 2333 2220 2383 2265; x_wconf 84' lang='lat' dir='ltr'><strong>et</strong></span> <span class='ocrx_word' id='word_1_363' title='bbox 2426 2209 2637 2266; x_wconf 79' lang='lat' dir='ltr'><strong>elevavit</strong></span> <span class='ocrx_word' id='word_1_364' title='bbox 2683 2230 2868 2267; x_wconf 80' lang='lat' dir='ltr'><strong>manus</strong></span> <span class='ocrx_word' id='word_1_365' title='bbox 2895 2230 3017 2269; x_wconf 88' lang='lat' dir='ltr'><strong>suas</strong></span> <span class='ocrx_word' id='word_1_366' title='bbox 3056 2224 3107 2291; x_wconf 84' lang='lat' dir='ltr'><strong>et</strong></span> <span class='ocrx_word' id='word_1_367' title='bbox 3146 2214 3402 2271; x_wconf 70' lang='lat' dir='ltr'><strong>benedixit</strong></span> <span class='ocrx_word' id='word_1_368' title='bbox 3438 2219 3531 2273; x_wconf 85' lang='lat' dir='ltr'><strong>eis.</strong></span> <span class='ocrx_word' id='word_1_369' title='bbox 3569 2217 3689 2272; x_wconf 79' lang='lat' dir='ltr'><strong>Fa-</strong></span> 
     </span>
    </p>
   </div>
   <div class='ocr_carea' id='block_1_54' title="bbox 2112 2302 3692 2379">
    <p class='ocr_par' dir='ltr' id='par_1_54' title="bbox 2112 2302 3692 2379">
     <span class='ocr_line' id='line_1_54' title="bbox 2112 2302 3692 2379; baseline 0.006 -26"><span class='ocrx_word' id='word_1_370' title='bbox 2112 2310 2351 2371; x_wconf 73' lang='lat' dir='ltr'><strong>ctumque</strong></span> <span class='ocrx_word' id='word_1_371' title='bbox 2372 2309 2448 2356; x_wconf 83' lang='lat' dir='ltr'><strong>est</strong></span> <span class='ocrx_word' id='word_1_372' title='bbox 2475 2318 2592 2355; x_wconf 82' lang='lat' dir='ltr'><strong>cum</strong></span> <span class='ocrx_word' id='word_1_373' title='bbox 2624 2302 2879 2357; x_wconf 76' lang='lat' dir='ltr'><strong>benedixit</strong></span> <span class='ocrx_word' id='word_1_374' title='bbox 2911 2303 3015 2359; x_wconf 83' lang='lat' dir='ltr'><strong>illis</strong></span> <span class='ocrx_word' id='word_1_375' title='bbox 3044 2304 3275 2359; x_wconf 73' lang='lat' dir='ltr'><strong>discessit</strong></span> <span class='ocrx_word' id='word_1_376' title='bbox 3303 2307 3367 2360; x_wconf 83' lang='lat' dir='ltr'><strong>ab</strong></span> <span class='ocrx_word' id='word_1_377' title='bbox 3388 2308 3485 2374; x_wconf 85' lang='lat' dir='ltr'><strong>eis,</strong></span> <span class='ocrx_word' id='word_1_378' title='bbox 3512 2318 3561 2362; x_wconf 83' lang='lat' dir='ltr'><strong>et</strong></span> <span class='ocrx_word' id='word_1_379' title='bbox 3586 2310 3692 2379; x_wconf 83' lang='lat' dir='ltr'><strong>ipsi</strong></span> 
     </span>
    </p>
   </div>
   <div class='ocr_carea' id='block_1_55' title="bbox 2112 2380 3688 2469">
    <p class='ocr_par' dir='ltr' id='par_1_55' title="bbox 2112 2380 3688 2469">
     <span class='ocr_line' id='line_1_55' title="bbox 2112 2380 3688 2469; baseline 0.005 -25"><span class='ocrx_word' id='word_1_380' title='bbox 2112 2380 2297 2445; x_wconf 81' lang='lat' dir='ltr'><strong>reversi</strong></span> <span class='ocrx_word' id='word_1_381' title='bbox 2323 2400 2443 2445; x_wconf 87' lang='lat' dir='ltr'><strong>sunt</strong></span> <span class='ocrx_word' id='word_1_382' title='bbox 2477 2392 2530 2445; x_wconf 89' lang='lat' dir='ltr'><strong>in</strong></span> <span class='ocrx_word' id='word_1_383' title='bbox 2569 2392 2861 2446; x_wconf 81' lang='lat' dir='ltr'><strong>Jerusalem</strong></span> <span class='ocrx_word' id='word_1_384' title='bbox 2908 2411 3035 2463; x_wconf 40' lang='lat' dir='ltr'><strong>cum.</strong></span> <span class='ocrx_word' id='word_1_385' title='bbox 3059 2397 3249 2464; x_wconf 85' lang='lat' dir='ltr'><strong>gaudia</strong></span> <span class='ocrx_word' id='word_1_386' title='bbox 3298 2413 3484 2467; x_wconf 81' lang='lat' dir='ltr'><strong>magno</strong></span> <span class='ocrx_word' id='word_1_387' title='bbox 3526 2396 3688 2469; x_wconf 84' lang='lat' dir='ltr'><strong>(Luc.</strong></span> 
     </span>
    </p>
   </div>
   <div class='ocr_carea' id='block_1_56' title="bbox 2114 2478 3693 2556">
    <p class='ocr_par' dir='ltr' id='par_1_56' title="bbox 2114 2478 3693 2556">
     <span class='ocr_line' id='line_1_56' title="bbox 2114 2478 3693 2556; baseline 0.004 -23"><span class='ocrx_word' id='word_1_388' title='bbox 2114 2478 2284 2552; x_wconf 75' lang='lat' dir='ltr'><strong>xxiv).</strong></span> <span class='ocrx_word' id='word_1_389' title='bbox 2319 2480 2385 2534; x_wconf 87' lang='lat' dir='ltr'><strong>Et</strong></span> <span class='ocrx_word' id='word_1_390' title='bbox 2411 2480 2465 2534; x_wconf 91' lang='lat' dir='ltr'><strong>in</strong></span> <span class='ocrx_word' id='word_1_391' title='bbox 2499 2478 2723 2536; x_wconf 81' lang='lat' dir='ltr'><strong>Actibus</strong></span> <span class='ocrx_word' id='word_1_392' title='bbox 2752 2483 3112 2551; x_wconf 82' lang='lat' dir='ltr'><strong>apostolorum</strong></span> <span class='ocrx_word' id='word_1_393' title='bbox 3152 2500 3217 2538; x_wconf 76' lang='lat' dir='ltr'><strong>ex</strong></span> <span class='ocrx_word' id='word_1_394' title='bbox 3268 2496 3535 2556; x_wconf 79' lang='lat' dir='ltr'><strong>przecepto</strong></span> <span class='ocrx_word' id='word_1_395' title='bbox 3563 2486 3693 2555; x_wconf 83' lang='lat' dir='ltr'><strong>Spi—</strong></span> 
     </span>
    </p>
   </div>
   <div class='ocr_carea' id='block_1_57' title="bbox 2111 2569 3691 2646">
    <p class='ocr_par' dir='ltr' id='par_1_57' title="bbox 2111 2569 3691 2646">
     <span class='ocr_line' id='line_1_57' title="bbox 2111 2569 3691 2646; baseline 0.006 -22"><span class='ocrx_word' id='word_1_396' title='bbox 2111 2569 2249 2625; x_wconf 87' lang='lat' dir='ltr'><strong>ritus</strong></span> <span class='ocrx_word' id='word_1_397' title='bbox 2275 2571 2446 2625; x_wconf 88' lang='lat' dir='ltr'><strong>sancti</strong></span> <span class='ocrx_word' id='word_1_398' title='bbox 2492 2571 2655 2628; x_wconf 87' lang='lat' dir='ltr'><strong>Paulo</strong></span> <span class='ocrx_word' id='word_1_399' title='bbox 2693 2580 2745 2628; x_wconf 88' lang='lat' dir='ltr'><strong>et</strong></span> <span class='ocrx_word' id='word_1_400' title='bbox 2795 2572 3051 2629; x_wconf 67' lang='lat' dir='ltr'><strong>Barnabas</strong></span> <span class='ocrx_word' id='word_1_401' title='bbox 3091 2575 3160 2629; x_wconf 90' lang='lat' dir='ltr'><strong>ab</strong></span> <span class='ocrx_word' id='word_1_402' title='bbox 3207 2578 3461 2646; x_wconf 88' lang='lat' dir='ltr'><strong>apostolis</strong></span> <span class='ocrx_word' id='word_1_403' title='bbox 3493 2594 3691 2634; x_wconf 85' lang='lat' dir='ltr'><strong>manus</strong></span> 
     </span>
    </p>
   </div>
   <div class='ocr_carea' id='block_1_58' title="bbox 2111 2660 3691 2732">
    <p class='ocr_par' dir='ltr' id='par_1_58' title="bbox 2111 2660 3691 2732">
     <span class='ocr_line' id='line_1_58' title="bbox 2111 2660 3691 2732; baseline 0.006 -18"><span class='ocrx_word' id='word_1_404' title='bbox 2111 2660 2363 2731; x_wconf 87' lang='lat' dir='ltr'><strong>imposita</strong></span> <span class='ocrx_word' id='word_1_405' title='bbox 2412 2671 2495 2715; x_wconf 89' lang='lat' dir='ltr'><strong>est</strong></span> <span class='ocrx_word' id='word_1_406' title='bbox 2524 2661 2579 2717; x_wconf 88' lang='lat' dir='ltr'><strong>iu</strong></span> <span class='ocrx_word' id='word_1_407' title='bbox 2622 2664 3007 2732; x_wconf 82' lang='lat' dir='ltr'><strong>episcopatum,</strong></span> <span class='ocrx_word' id='word_1_408' title='bbox 3049 2673 3106 2723; x_wconf 90' lang='lat' dir='ltr'><strong>et</strong></span> <span class='ocrx_word' id='word_1_409' title='bbox 3150 2666 3228 2726; x_wconf 85' lang='lat' dir='ltr'><strong>sic</strong></span> <span class='ocrx_word' id='word_1_410' title='bbox 3273 2667 3421 2722; x_wconf 84' lang='lat' dir='ltr'><strong>missi</strong></span> <span class='ocrx_word' id='word_1_411' title='bbox 3450 2675 3576 2721; x_wconf 84' lang='lat' dir='ltr'><strong>sunt</strong></span> <span class='ocrx_word' id='word_1_412' title='bbox 3618 2668 3691 2723; x_wconf 90' lang='lat' dir='ltr'><strong>ad</strong></span> 
     </span>
    </p>
   </div>
   <div class='ocr_carea' id='block_1_59' title="bbox 2112 2751 3693 2826">
    <p class='ocr_par' dir='ltr' id='par_1_59' title="bbox 2112 2751 3693 2826">
     <span class='ocr_line' id='line_1_59' title="bbox 2112 2751 3693 2826; baseline 0.004 -21"><span class='ocrx_word' id='word_1_413' title='bbox 2112 2751 2586 2822; x_wconf 84' lang='lat' dir='ltr'><strong>evangelizandum</strong></span> <span class='ocrx_word' id='word_1_414' title='bbox 2630 2755 2767 2825; x_wconf 83' lang='lat' dir='ltr'><strong>(Act.</strong></span> <span class='ocrx_word' id='word_1_415' title='bbox 2814 2754 2956 2825; x_wconf 78' lang='lat' dir='ltr'><strong>xm).</strong></span> <span class='ocrx_word' id='word_1_416' title='bbox 3007 2754 3174 2811; x_wconf 89' lang='lat' dir='ltr'><strong>Porro</strong></span> <span class='ocrx_word' id='word_1_417' title='bbox 3220 2757 3363 2824; x_wconf 90' lang='lat' dir='ltr'><strong>quod</strong></span> <span class='ocrx_word' id='word_1_418' title='bbox 3401 2756 3693 2826; x_wconf 81' lang='lat' dir='ltr'><strong>episcopus</strong></span> 
     </span>
    </p>
   </div>
   <div class='ocr_carea' id='block_1_60' title="bbox 2114 2841 3691 2914">
    <p class='ocr_par' dir='ltr' id='par_1_60' title="bbox 2114 2841 3691 2914">
     <span class='ocr_line' id='line_1_60' title="bbox 2114 2841 3691 2914; baseline 0.003 -18"><span class='ocrx_word' id='word_1_419' title='bbox 2114 2856 2221 2896; x_wconf 85' lang='lat' dir='ltr'><strong>non</strong></span> <span class='ocrx_word' id='word_1_420' title='bbox 2249 2841 2318 2895; x_wconf 79' lang='lat' dir='ltr'><strong>ab</strong></span> <span class='ocrx_word' id='word_1_421' title='bbox 2341 2855 2447 2895; x_wconf 83' lang='lat' dir='ltr'><strong>uno</strong></span> <span class='ocrx_word' id='word_1_422' title='bbox 2468 2881 2482 2906; x_wconf 95' lang='lat'><strong>,</strong></span> <span class='ocrx_word' id='word_1_423' title='bbox 2534 2844 2627 2903; x_wconf 87' lang='lat' dir='ltr'><strong>sed</strong></span> <span class='ocrx_word' id='word_1_424' title='bbox 2658 2858 2688 2895; x_wconf 90' lang='lat' dir='ltr'><strong>a</strong></span> <span class='ocrx_word' id='word_1_425' title='bbox 2718 2844 2927 2897; x_wconf 87' lang='lat' dir='ltr'><strong>cunctis</strong></span> <span class='ocrx_word' id='word_1_426' title='bbox 2955 2844 3374 2912; x_wconf 83' lang='lat' dir='ltr'><strong>provincialibus</strong></span> <span class='ocrx_word' id='word_1_427' title='bbox 3417 2844 3691 2914; x_wconf 85' lang='lat' dir='ltr'><strong>episcopis</strong></span> 
     </span>
    </p>
   </div>
   <div class='ocr_carea' id='block_1_61' title="bbox 2114 2920 3687 3003">
    <p class='ocr_par' dir='ltr' id='par_1_61' title="bbox 2114 2920 3687 3003">
     <span class='ocr_line' id='line_1_61' title="bbox 2114 2920 3687 3003; baseline 0.001 -16"><span class='ocrx_word' id='word_1_428' title='bbox 2114 2930 2416 2995; x_wconf 84' lang='lat' dir='ltr'><strong>ordinatur,</strong></span> <span class='ocrx_word' id='word_1_429' title='bbox 2450 2930 2503 2984; x_wconf 90' lang='lat' dir='ltr'><strong>id</strong></span> <span class='ocrx_word' id='word_1_430' title='bbox 2528 2939 2746 2999; x_wconf 88' lang='lat' dir='ltr'><strong>prepter</strong></span> <span class='ocrx_word' id='word_1_431' title='bbox 2775 2920 3007 2987; x_wconf 60' lang='lat' dir='ltr'><strong>haereses</strong></span> <span class='ocrx_word' id='word_1_432' title='bbox 3034 2934 3340 3003; x_wconf 82' lang='lat' dir='ltr'><strong>agnoscitur</strong></span> <span class='ocrx_word' id='word_1_433' title='bbox 3361 2934 3687 3001; x_wconf 81' lang='lat' dir='ltr'><strong>institutum,</strong></span> 
     </span>
    </p>
   </div>
   <div class='ocr_carea' id='block_1_62' title="bbox 2116 3022 3691 3097">
    <p class='ocr_par' dir='ltr' id='par_1_62' title="bbox 2116 3022 3691 3097">
     <span class='ocr_line' id='line_1_62' title="bbox 2116 3022 3691 3097; baseline 0.003 -19"><span class='ocrx_word' id='word_1_434' title='bbox 2116 3038 2186 3079; x_wconf 89' lang='lat' dir='ltr'><strong>ne</strong></span> <span class='ocrx_word' id='word_1_435' title='bbox 2201 3022 2401 3092; x_wconf 80' lang='lat' dir='ltr'><strong>aliquid</strong></span> <span class='ocrx_word' id='word_1_436' title='bbox 2418 3032 2604 3079; x_wconf 89' lang='lat' dir='ltr'><strong>contra</strong></span> <span class='ocrx_word' id='word_1_437' title='bbox 2620 3024 2776 3083; x_wconf 79' lang='lat' dir='ltr'><strong>ﬁdem</strong></span> <span class='ocrx_word' id='word_1_438' title='bbox 2805 3026 3073 3092; x_wconf 81' lang='lat' dir='ltr'><strong>Ecclesiae,</strong></span> <span class='ocrx_word' id='word_1_439' title='bbox 3102 3028 3259 3083; x_wconf 88' lang='lat' dir='ltr'><strong>unius</strong></span> <span class='ocrx_word' id='word_1_440' title='bbox 3286 3030 3562 3097; x_wconf 76' lang='lat' dir='ltr'><strong>tyrannica</strong></span> <span class='ocrx_word' id='word_1_441' title='bbox 3587 3045 3691 3083; x_wconf 84' lang='lat' dir='ltr'><strong>au-</strong></span> 
     </span>
    </p>
   </div>
   <div class='ocr_carea' id='block_1_63' title="bbox 440 3098 3692 3193">
    <p class='ocr_par' dir='ltr' id='par_1_63' title="bbox 440 3098 3692 3193">
     <span class='ocr_line' id='line_1_63' title="bbox 440 3098 3692 3193; baseline -0.002 -13"><span class='ocrx_word' id='word_1_442' title='bbox 440 3139 626 3190; x_wconf 65' lang='lat' dir='ltr'><strong>«casse,</strong></span> <span class='ocrx_word' id='word_1_443' title='bbox 666 3098 1057 3193; x_wconf 84' lang='lat' dir='ltr'><strong>etsuperillud</strong></span> <span class='ocrx_word' id='word_1_444' title='bbox 1086 3098 1327 3178; x_wconf 42' lang='lat' dir='ltr'><strong>Domino&#39;</strong></span> <span class='ocrx_word' id='word_1_445' title='bbox 1344 3121 1711 3177; x_wconf 83' lang='lat' dir='ltr'><strong>holocaustum</strong></span> <span class='ocrx_word' id='word_1_446' title='bbox 1736 3120 2011 3184; x_wconf 84' lang='lat' dir='ltr'><strong>obtulisse.</strong></span> <span class='ocrx_word' id='word_1_447' title='bbox 2042 3098 2086 3161; x_wconf 70' lang='grc' dir='ltr'><strong>Ο</strong></span> <span class='ocrx_word' id='word_1_448' title='bbox 2116 3112 2350 3168; x_wconf 79' lang='lat' dir='ltr'><strong>ctoritas</strong></span> <span class='ocrx_word' id='word_1_449' title='bbox 2368 3114 2662 3173; x_wconf 81' lang='lat' dir='ltr'><strong>moliretur.</strong></span> <span class='ocrx_word' id='word_1_450' title='bbox 2694 3115 2921 3184; x_wconf 79' lang='lat' dir='ltr'><strong>Ideoque</strong></span> <span class='ocrx_word' id='word_1_451' title='bbox 2955 3116 3022 3171; x_wconf 88' lang='lat' dir='ltr'><strong>ab</strong></span> <span class='ocrx_word' id='word_1_452' title='bbox 3045 3117 3292 3171; x_wconf 89' lang='lat' dir='ltr'><strong>omnibus</strong></span> <span class='ocrx_word' id='word_1_453' title='bbox 3317 3118 3692 3173; x_wconf 84' lang='lat' dir='ltr'><strong>convenienti-</strong></span> 
     </span>
    </p>
   </div>
   <div class='ocr_carea' id='block_1_64' title="bbox 442 3212 2020 3283">
    <p class='ocr_par' dir='ltr' id='par_1_64' title="bbox 442 3212 2020 3283">
     <span class='ocr_line' id='line_1_64' title="bbox 442 3212 2020 3283; baseline -0.003 -13"><span class='ocrx_word' id='word_1_454' title='bbox 442 3214 559 3270; x_wconf 88' lang='lat' dir='ltr'><strong>-Sed</strong></span> <span class='ocrx_word' id='word_1_455' title='bbox 588 3214 677 3269; x_wconf 89' lang='lat' dir='ltr'><strong>isti</strong></span> <span class='ocrx_word' id='word_1_456' title='bbox 706 3222 996 3283; x_wconf 73' lang='lat' dir='ltr'><strong>spontanee</strong></span> <span class='ocrx_word' id='word_1_457' title='bbox 1026 3212 1314 3280; x_wconf 83' lang='lat' dir='ltr'><strong>voluntate,</strong></span> <span class='ocrx_word' id='word_1_458' title='bbox 1351 3228 1455 3270; x_wconf 92' lang='lat' dir='ltr'><strong>non</strong></span> <span class='ocrx_word' id='word_1_459' title='bbox 1492 3212 1809 3269; x_wconf 87' lang='lat' dir='ltr'><strong>sacerdotali</strong></span> <span class='ocrx_word' id='word_1_460' title='bbox 1838 3219 2020 3267; x_wconf 59' lang='lat' dir='ltr'><strong>aucto.</strong></span> 
     </span>
    </p>
   </div>
   <div class='ocr_carea' id='block_1_65' title="bbox 452 3299 2019 3371">
    <p class='ocr_par' dir='ltr' id='par_1_65' title="bbox 452 3299 2019 3371">
     <span class='ocr_line' id='line_1_65' title="bbox 452 3299 2019 3371; baseline -0.001 -14"><span class='ocrx_word' id='word_1_461' title='bbox 452 3304 632 3369; x_wconf 88' lang='lat' dir='ltr'><strong>ritate,</strong></span> <span class='ocrx_word' id='word_1_462' title='bbox 662 3303 762 3357; x_wconf 87' lang='lat' dir='ltr'><strong>ista</strong></span> <span class='ocrx_word' id='word_1_463' title='bbox 784 3300 1051 3357; x_wconf 68' lang='lat' dir='ltr'><strong>fecerunt.</strong></span> <span class='ocrx_word' id='word_1_464' title='bbox 1081 3302 1342 3361; x_wconf 64' lang='lat' dir='ltr'><strong>Caeterum</strong></span> <span class='ocrx_word' id='word_1_465' title='bbox 1384 3302 1563 3359; x_wconf 85' lang='lat' dir='ltr'><strong>Aaron</strong></span> <span class='ocrx_word' id='word_1_466' title='bbox 1587 3301 1792 3371; x_wconf 90' lang='lat' dir='ltr'><strong>primus</strong></span> <span class='ocrx_word' id='word_1_467' title='bbox 1822 3302 1873 3354; x_wconf 92' lang='lat' dir='ltr'><strong>in</strong></span> <span class='ocrx_word' id='word_1_468' title='bbox 1903 3299 2019 3370; x_wconf 88' lang='lat' dir='ltr'><strong>lege</strong></span> 
     </span>
    </p>
   </div>
   <div class='ocr_carea' id='block_1_66' title="bbox 440 3388 2017 3460">
    <p class='ocr_par' dir='ltr' id='par_1_66' title="bbox 440 3388 2017 3460">
     <span class='ocr_line' id='line_1_66' title="bbox 440 3388 2017 3460; baseline -0.003 -15"><span class='ocrx_word' id='word_1_469' title='bbox 440 3388 785 3445; x_wconf 79' lang='lat' dir='ltr'><strong>sacerdotale</strong></span> <span class='ocrx_word' id='word_1_470' title='bbox 830 3404 1021 3445; x_wconf 92' lang='lat' dir='ltr'><strong>nomen</strong></span> <span class='ocrx_word' id='word_1_471' title='bbox 1066 3390 1312 3459; x_wconf 89' lang='lat' dir='ltr'><strong>accepit,</strong></span> <span class='ocrx_word' id='word_1_472' title='bbox 1367 3390 1677 3460; x_wconf 83' lang='lat' dir='ltr'><strong>primusque</strong></span> <span class='ocrx_word' id='word_1_473' title='bbox 1726 3388 2017 3459; x_wconf 80' lang='lat' dir='ltr'><strong>pontiﬁcali</strong></span> 
     </span>
    </p>
   </div>
   <div class='ocr_carea' id='block_1_67' title="bbox 440 3478 2018 3548">
    <p class='ocr_par' dir='ltr' id='par_1_67' title="bbox 440 3478 2018 3548">
     <span class='ocr_line' id='line_1_67' title="bbox 440 3478 2018 3548; baseline -0.001 -13"><span class='ocrx_word' id='word_1_474' title='bbox 440 3479 588 3535; x_wconf 84' lang='lat' dir='ltr'><strong>stola</strong></span> <span class='ocrx_word' id='word_1_475' title='bbox 616 3479 870 3535; x_wconf 80' lang='lat' dir='ltr'><strong>infulatus</strong></span> <span class='ocrx_word' id='word_1_476' title='bbox 898 3479 1143 3536; x_wconf 85' lang='lat' dir='ltr'><strong>victimas</strong></span> <span class='ocrx_word' id='word_1_477' title='bbox 1188 3480 1383 3537; x_wconf 91' lang='lat' dir='ltr'><strong>obtulit</strong></span> <span class='ocrx_word' id='word_1_478' title='bbox 1405 3478 1627 3548; x_wconf 87' lang='lat' dir='ltr'><strong>jubente</strong></span> <span class='ocrx_word' id='word_1_479' title='bbox 1674 3480 1903 3535; x_wconf 89' lang='lat' dir='ltr'><strong>Domino</strong></span> <span class='ocrx_word' id='word_1_480' title='bbox 1956 3493 2018 3533; x_wconf 84' lang='lat' dir='ltr'><strong>ac</strong></span> 
     </span>
    </p>
   </div>
   <div class='ocr_carea' id='block_1_68' title="bbox 443 3567 2021 3639">
    <p class='ocr_par' dir='ltr' id='par_1_68' title="bbox 443 3567 2021 3639">
     <span class='ocr_line' id='line_1_68' title="bbox 443 3567 2021 3639; baseline 0.003 -20"><span class='ocrx_word' id='word_1_481' title='bbox 443 3568 705 3637; x_wconf 62' lang='lat' dir='ltr'><strong>xloquente</strong></span> <span class='ocrx_word' id='word_1_482' title='bbox 730 3567 796 3621; x_wconf 87' lang='lat' dir='ltr'><strong>ad</strong></span> <span class='ocrx_word' id='word_1_483' title='bbox 827 3567 1041 3639; x_wconf 71' lang='lat' dir='ltr'><strong>Moysen</strong></span> <span class='ocrx_word' id='word_1_484' title='bbox 1066 3585 1081 3622; x_wconf 88' lang='lat'><strong>:</strong></span> <span class='ocrx_word' id='word_1_485' title='bbox 1128 3568 1333 3639; x_wconf 80' lang='lat' dir='ltr'><strong>Accipe,</strong></span> <span class='ocrx_word' id='word_1_486' title='bbox 1370 3569 1564 3639; x_wconf 91' lang='lat' dir='ltr'><strong>inquit,</strong></span> <span class='ocrx_word' id='word_1_487' title='bbox 1595 3569 1773 3624; x_wconf 82' lang='lat' dir='ltr'><strong>Aaron</strong></span> <span class='ocrx_word' id='word_1_488' title='bbox 1798 3577 1845 3622; x_wconf 88' lang='lat' dir='ltr'><strong>et</strong></span> <span class='ocrx_word' id='word_1_489' title='bbox 1880 3568 2021 3635; x_wconf 80' lang='lat' dir='ltr'><strong>filios</strong></span> 
     </span>
    </p>
   </div>
   <div class='ocr_carea' id='block_1_69' title="bbox 456 3640 2018 3733">
    <p class='ocr_par' dir='ltr' id='par_1_69' title="bbox 456 3640 2018 3733">
     <span class='ocr_line' id='line_1_69' title="bbox 456 3640 2018 3733; baseline 0 -24"><span class='ocrx_word' id='word_1_490' title='bbox 456 3658 590 3725; x_wconf 83' lang='lat' dir='ltr'><strong>ejus,</strong></span> <span class='ocrx_word' id='word_1_491' title='bbox 620 3664 668 3709; x_wconf 87' lang='lat' dir='ltr'><strong>et</strong></span> <span class='ocrx_word' id='word_1_492' title='bbox 702 3640 989 3725; x_wconf 76' lang='lat' dir='ltr'><strong>applicabis</strong></span> <span class='ocrx_word' id='word_1_493' title='bbox 1028 3655 1095 3711; x_wconf 82' lang='lat' dir='ltr'><strong>ad</strong></span> <span class='ocrx_word' id='word_1_494' title='bbox 1133 3656 1321 3733; x_wconf 78' lang='lat' dir='ltr'><strong>ostium</strong></span> <span class='ocrx_word' id='word_1_495' title='bbox 1362 3656 1684 3711; x_wconf 78' lang='lat' dir='ltr'><strong>tabernaculi</strong></span> <span class='ocrx_word' id='word_1_496' title='bbox 1718 3656 2018 3722; x_wconf 85' lang='lat' dir='ltr'><strong>testimonii,</strong></span> 
     </span>
    </p>
   </div>
   <div class='ocr_carea' id='block_1_70' title="bbox 458 3745 2023 3818">
    <p class='ocr_par' dir='ltr' id='par_1_70' title="bbox 458 3745 2023 3818">
     <span class='ocr_line' id='line_1_70' title="bbox 458 3745 2023 3818; baseline -0.002 -17"><span class='ocrx_word' id='word_1_497' title='bbox 458 3763 675 3818; x_wconf 85' lang='lat' dir='ltr'><strong>cumque</strong></span> <span class='ocrx_word' id='word_1_498' title='bbox 704 3746 889 3802; x_wconf 76' lang='lat' dir='ltr'><strong>laveris</strong></span> <span class='ocrx_word' id='word_1_499' title='bbox 926 3756 1124 3817; x_wconf 81' lang='lat' dir='ltr'><strong>patrem</strong></span> <span class='ocrx_word' id='word_1_500' title='bbox 1152 3763 1273 3801; x_wconf 80' lang='lat' dir='ltr'><strong>cum</strong></span> <span class='ocrx_word' id='word_1_501' title='bbox 1301 3745 1423 3813; x_wconf 75' lang='lat' dir='ltr'><strong>ﬁliis</strong></span> <span class='ocrx_word' id='word_1_502' title='bbox 1445 3763 1605 3817; x_wconf 87' lang='lat' dir='ltr'><strong>aqua,</strong></span> <span class='ocrx_word' id='word_1_503' title='bbox 1639 3746 1821 3801; x_wconf 84' lang='lat' dir='ltr'><strong>indues</strong></span> <span class='ocrx_word' id='word_1_504' title='bbox 1847 3746 2023 3809; x_wconf 80' lang='lat' dir='ltr'><strong>Aaron</strong></span> 
     </span>
    </p>
   </div>
   <div class='ocr_carea' id='block_1_71' title="bbox 449 3836 2021 3905">
    <p class='ocr_par' dir='ltr' id='par_1_71' title="bbox 449 3836 2021 3905">
     <span class='ocr_line' id='line_1_71' title="bbox 449 3836 2021 3905; baseline -0.003 -12"><span class='ocrx_word' id='word_1_505' title='bbox 449 3837 769 3893; x_wconf 80' lang='lat' dir='ltr'><strong>-vestimentis</strong></span> <span class='ocrx_word' id='word_1_506' title='bbox 805 3838 935 3902; x_wconf 75' lang='lat' dir='ltr'><strong>suis,</strong></span> <span class='ocrx_word' id='word_1_507' title='bbox 986 3837 1039 3905; x_wconf 77' lang='lat' dir='ltr'><strong>id</strong></span> <span class='ocrx_word' id='word_1_508' title='bbox 1066 3846 1170 3903; x_wconf 83' lang='lat' dir='ltr'><strong>est,</strong></span> <span class='ocrx_word' id='word_1_509' title='bbox 1209 3836 1347 3895; x_wconf 75' lang='lat' dir='ltr'><strong>linea</strong></span> <span class='ocrx_word' id='word_1_510' title='bbox 1380 3846 1428 3893; x_wconf 85' lang='lat' dir='ltr'><strong>et</strong></span> <span class='ocrx_word' id='word_1_511' title='bbox 1468 3838 1665 3902; x_wconf 85' lang='lat' dir='ltr'><strong>tunica,</strong></span> <span class='ocrx_word' id='word_1_512' title='bbox 1694 3846 1740 3892; x_wconf 88' lang='lat' dir='ltr'><strong>et</strong></span> <span class='ocrx_word' id='word_1_513' title='bbox 1768 3837 2021 3905; x_wconf 83' lang='lat' dir='ltr'><strong>superim-</strong></span> 
     </span>
    </p>
   </div>
   <div class='ocr_carea' id='block_1_72' title="bbox 454 3924 2022 3996">
    <p class='ocr_par' dir='ltr' id='par_1_72' title="bbox 454 3924 2022 3996">
     <span class='ocr_line' id='line_1_72' title="bbox 454 3924 2022 3996; baseline -0.003 -16"><span class='ocrx_word' id='word_1_514' title='bbox 454 3924 1009 3993; x_wconf 33' lang='lat' dir='ltr'><strong>:merali,etrationali</strong></span> <span class='ocrx_word' id='word_1_515' title='bbox 1036 3926 1173 3995; x_wconf 75' lang='lat' dir='ltr'><strong>quod</strong></span> <span class='ocrx_word' id='word_1_516' title='bbox 1200 3927 1517 3996; x_wconf 72' lang='lat' dir='ltr'><strong>constringes</strong></span> <span class='ocrx_word' id='word_1_517' title='bbox 1547 3925 1732 3991; x_wconf 79' lang='lat' dir='ltr'><strong>balteo,</strong></span> <span class='ocrx_word' id='word_1_518' title='bbox 1775 3934 1822 3980; x_wconf 86' lang='lat' dir='ltr'><strong>et</strong></span> <span class='ocrx_word' id='word_1_519' title='bbox 1864 3940 2022 3995; x_wconf 87' lang='lat' dir='ltr'><strong>pones</strong></span> 
     </span>
    </p>
   </div>
   <div class='ocr_carea' id='block_1_73' title="bbox 448 4007 2021 4084">
    <p class='ocr_par' dir='ltr' id='par_1_73' title="bbox 448 4007 2021 4084">
     <span class='ocr_line' id='line_1_73' title="bbox 448 4007 2021 4084; baseline -0.001 -16"><span class='ocrx_word' id='word_1_520' title='bbox 448 4017 647 4073; x_wconf 83' lang='lat' dir='ltr'><strong>tiaram</strong></span> <span class='ocrx_word' id='word_1_521' title='bbox 684 4014 737 4068; x_wconf 87' lang='lat' dir='ltr'><strong>in</strong></span> <span class='ocrx_word' id='word_1_522' title='bbox 766 4014 933 4084; x_wconf 77' lang='lat' dir='ltr'><strong>capite</strong></span> <span class='ocrx_word' id='word_1_523' title='bbox 972 4014 1106 4083; x_wconf 73' lang='lat' dir='ltr'><strong>ejus,</strong></span> <span class='ocrx_word' id='word_1_524' title='bbox 1135 4022 1183 4068; x_wconf 78' lang='lat' dir='ltr'><strong>et</strong></span> <span class='ocrx_word' id='word_1_525' title='bbox 1210 4014 1457 4071; x_wconf 72' lang='lat' dir='ltr'><strong>lminum</strong></span> <span class='ocrx_word' id='word_1_526' title='bbox 1478 4007 1717 4068; x_wconf 82' lang='lat' dir='ltr'><strong>sanctam</strong></span> <span class='ocrx_word' id='word_1_527' title='bbox 1746 4031 1899 4084; x_wconf 79' lang='lat' dir='ltr'><strong>super</strong></span> <span class='ocrx_word' id='word_1_528' title='bbox 1918 4008 2021 4067; x_wconf 83' lang='lat' dir='ltr'><strong>tia-</strong></span> 
     </span>
    </p>
   </div>
   <div class='ocr_carea' id='block_1_74' title="bbox 452 4087 2021 4180">
    <p class='ocr_par' dir='ltr' id='par_1_74' title="bbox 452 4087 2021 4180">
     <span class='ocr_line' id='line_1_74' title="bbox 452 4087 2021 4180; baseline -0.002 -20"><span class='ocrx_word' id='word_1_529' title='bbox 452 4124 595 4173; x_wconf 82' lang='lat' dir='ltr'><strong>ram,</strong></span> <span class='ocrx_word' id='word_1_530' title='bbox 640 4116 688 4161; x_wconf 83' lang='lat' dir='ltr'><strong>ct</strong></span> <span class='ocrx_word' id='word_1_531' title='bbox 717 4105 885 4175; x_wconf 78' lang='lat' dir='ltr'><strong>oleum</strong></span> <span class='ocrx_word' id='word_1_532' title='bbox 912 4087 1167 4165; x_wconf 71' lang='lat' dir='ltr'><strong>unctionis</strong></span> <span class='ocrx_word' id='word_1_533' title='bbox 1208 4106 1395 4177; x_wconf 69' lang='lat' dir='ltr'><strong>[mutes</strong></span> <span class='ocrx_word' id='word_1_534' title='bbox 1419 4122 1574 4176; x_wconf 84' lang='lat' dir='ltr'><strong>super</strong></span> <span class='ocrx_word' id='word_1_535' title='bbox 1601 4115 1752 4180; x_wconf 84' lang='lat' dir='ltr'><strong>caput</strong></span> <span class='ocrx_word' id='word_1_536' title='bbox 1773 4106 1907 4174; x_wconf 86' lang='lat' dir='ltr'><strong>ejus,</strong></span> <span class='ocrx_word' id='word_1_537' title='bbox 1937 4114 2021 4159; x_wconf 88' lang='lat' dir='ltr'><strong>at-</strong></span> 
     </span>
    </p>
   </div>
   <div class='ocr_carea' id='block_1_75' title="bbox 459 4194 2016 4269">
    <p class='ocr_par' dir='ltr' id='par_1_75' title="bbox 459 4194 2016 4269">
     <span class='ocr_line' id='line_1_75' title="bbox 459 4194 2016 4269; baseline -0.002 -19"><span class='ocrx_word' id='word_1_538' title='bbox 459 4214 556 4267; x_wconf 86' lang='lat' dir='ltr'><strong>que</strong></span> <span class='ocrx_word' id='word_1_539' title='bbox 578 4197 673 4250; x_wconf 83' lang='lat' dir='ltr'><strong>hoc</strong></span> <span class='ocrx_word' id='word_1_540' title='bbox 719 4196 823 4248; x_wconf 86' lang='lat' dir='ltr'><strong>ritu</strong></span> <span class='ocrx_word' id='word_1_541' title='bbox 854 4196 1236 4249; x_wconf 65' lang='lat' dir='ltr'><strong>consecrabatur</strong></span> <span class='ocrx_word' id='word_1_542' title='bbox 1266 4210 1284 4246; x_wconf 89' lang='lat'><strong><em>:</em></strong></span> <span class='ocrx_word' id='word_1_543' title='bbox 1313 4195 1450 4269; x_wconf 78' lang='lat' dir='ltr'><strong>ﬁlios</strong></span> <span class='ocrx_word' id='word_1_544' title='bbox 1473 4212 1671 4267; x_wconf 84' lang='lat' dir='ltr'><strong>quoque</strong></span> <span class='ocrx_word' id='word_1_545' title='bbox 1692 4194 1833 4249; x_wconf 86' lang='lat' dir='ltr'><strong>illius</strong></span> <span class='ocrx_word' id='word_1_546' title='bbox 1858 4194 2016 4266; x_wconf 88' lang='lat' dir='ltr'><strong>appli-</strong></span> 
     </span>
    </p>
   </div>
   <div class='ocr_carea' id='block_1_76' title="bbox 460 4286 2024 4357">
    <p class='ocr_par' dir='ltr' id='par_1_76' title="bbox 460 4286 2024 4357">
     <span class='ocr_line' id='line_1_76' title="bbox 460 4286 2024 4357; baseline -0.002 -15"><span class='ocrx_word' id='word_1_547' title='bbox 460 4288 626 4353; x_wconf 85' lang='lat' dir='ltr'><strong>cabis,</strong></span> <span class='ocrx_word' id='word_1_548' title='bbox 655 4297 701 4340; x_wconf 85' lang='lat' dir='ltr'><strong>et</strong></span> <span class='ocrx_word' id='word_1_549' title='bbox 728 4286 910 4340; x_wconf 85' lang='lat' dir='ltr'><strong>indues</strong></span> <span class='ocrx_word' id='word_1_550' title='bbox 938 4286 1127 4341; x_wconf 82' lang='lat' dir='ltr'><strong>tunicis</strong></span> <span class='ocrx_word' id='word_1_551' title='bbox 1165 4286 1335 4351; x_wconf 84' lang='lat' dir='ltr'><strong>lineis,</strong></span> <span class='ocrx_word' id='word_1_552' title='bbox 1363 4288 1634 4357; x_wconf 85' lang='lat' dir='ltr'><strong>cingesque</strong></span> <span class='ocrx_word' id='word_1_553' title='bbox 1659 4287 1824 4340; x_wconf 87' lang='lat' dir='ltr'><strong>balteo</strong></span> <span class='ocrx_word' id='word_1_554' title='bbox 1847 4286 2024 4340; x_wconf 86' lang='lat' dir='ltr'><strong>Aaron</strong></span> 
     </span>
    </p>
   </div>
   <div class='ocr_carea' id='block_1_77' title="bbox 458 4376 2022 4448">
    <p class='ocr_par' dir='ltr' id='par_1_77' title="bbox 458 4376 2022 4448">
     <span class='ocr_line' id='line_1_77' title="bbox 458 4376 2022 4448; baseline 0.001 -17"><span class='ocrx_word' id='word_1_555' title='bbox 458 4378 649 4431; x_wconf 82' lang='lat' dir='ltr'><strong>scilicet</strong></span> <span class='ocrx_word' id='word_1_556' title='bbox 679 4386 726 4431; x_wconf 78' lang='lat' dir='ltr'><strong>et</strong></span> <span class='ocrx_word' id='word_1_557' title='bbox 756 4376 939 4432; x_wconf 74' lang='lat' dir='ltr'><strong>liberes</strong></span> <span class='ocrx_word' id='word_1_558' title='bbox 964 4377 1095 4445; x_wconf 83' lang='lat' dir='ltr'><strong>ejus,</strong></span> <span class='ocrx_word' id='word_1_559' title='bbox 1124 4387 1171 4431; x_wconf 90' lang='lat' dir='ltr'><strong>et</strong></span> <span class='ocrx_word' id='word_1_560' title='bbox 1214 4378 1443 4448; x_wconf 69' lang='lat' dir='ltr'><strong>imponet</strong></span> <span class='ocrx_word' id='word_1_561' title='bbox 1487 4380 1559 4433; x_wconf 87' lang='lat' dir='ltr'><strong>eis</strong></span> <span class='ocrx_word' id='word_1_562' title='bbox 1586 4378 1796 4441; x_wconf 79' lang='lat' dir='ltr'><strong>mitras,</strong></span> <span class='ocrx_word' id='word_1_563' title='bbox 1843 4388 2022 4433; x_wconf 87' lang='lat' dir='ltr'><strong>erunt-</strong></span> 
     </span>
    </p>
   </div>
   <div class='ocr_carea' id='block_1_78' title="bbox 461 4454 2020 4541">
    <p class='ocr_par' dir='ltr' id='par_1_78' title="bbox 461 4454 2020 4541">
     <span class='ocr_line' id='line_1_78' title="bbox 461 4454 2020 4541; baseline 0.003 -22"><span class='ocrx_word' id='word_1_564' title='bbox 461 4483 555 4536; x_wconf 87' lang='lat' dir='ltr'><strong>que</strong></span> <span class='ocrx_word' id='word_1_565' title='bbox 586 4466 873 4521; x_wconf 83' lang='lat' dir='ltr'><strong>sacerdotes</strong></span> <span class='ocrx_word' id='word_1_566' title='bbox 906 4468 1024 4538; x_wconf 34' lang='lat' dir='ltr'><strong>mei‘</strong></span> <span class='ocrx_word' id='word_1_567' title='bbox 1044 4467 1288 4538; x_wconf 81' lang='lat' dir='ltr'><strong>religione</strong></span> <span class='ocrx_word' id='word_1_568' title='bbox 1335 4479 1578 4539; x_wconf 88' lang='lat' dir='ltr'><strong>perpetua</strong></span> <span class='ocrx_word' id='word_1_569' title='bbox 1628 4454 1820 4541; x_wconf 70' lang='lat' dir='ltr'><strong>(Exod.</strong></span> <span class='ocrx_word' id='word_1_570' title='bbox 1850 4470 2020 4541; x_wconf 78' lang='lat' dir='ltr'><strong>xxix).</strong></span> 
     </span>
    </p>
   </div>
   <div class='ocr_carea' id='block_1_79' title="bbox 457 4556 2021 4629">
    <p class='ocr_par' dir='ltr' id='par_1_79' title="bbox 457 4556 2021 4629">
     <span class='ocr_line' id='line_1_79' title="bbox 457 4556 2021 4629; baseline 0.003 -20"><span class='ocrx_word' id='word_1_571' title='bbox 457 4557 579 4623; x_wconf 77' lang='lat' dir='ltr'><strong>Quo</strong></span> <span class='ocrx_word' id='word_1_572' title='bbox 631 4556 747 4611; x_wconf 88' lang='lat' dir='ltr'><strong>loco</strong></span> <span class='ocrx_word' id='word_1_573' title='bbox 800 4556 1147 4627; x_wconf 86' lang='lat' dir='ltr'><strong>contemplari</strong></span> <span class='ocrx_word' id='word_1_574' title='bbox 1198 4567 1408 4629; x_wconf 88' lang='lat' dir='ltr'><strong>oportet</strong></span> <span class='ocrx_word' id='word_1_575' title='bbox 1463 4562 1639 4615; x_wconf 81' lang='lat' dir='ltr'><strong>Aaron</strong></span> <span class='ocrx_word' id='word_1_576' title='bbox 1693 4562 2021 4614; x_wconf 84' lang='lat' dir='ltr'><strong>sacerdotem</strong></span> 
     </span>
    </p>
   </div>
   <div class='ocr_carea' id='block_1_80' title="bbox 461 4646 2023 4719">
    <p class='ocr_par' dir='ltr' id='par_1_80' title="bbox 461 4646 2023 4719">
     <span class='ocr_line' id='line_1_80' title="bbox 461 4646 2023 4719; baseline 0.001 -15"><span class='ocrx_word' id='word_1_577' title='bbox 461 4662 727 4705; x_wconf 89' lang='lat' dir='ltr'><strong>summum</strong></span> <span class='ocrx_word' id='word_1_578' title='bbox 754 4646 950 4712; x_wconf 80' lang='lat' dir='ltr'><strong>fuisse,</strong></span> <span class='ocrx_word' id='word_1_579' title='bbox 1012 4648 1061 4701; x_wconf 91' lang='lat' dir='ltr'><strong>id</strong></span> <span class='ocrx_word' id='word_1_580' title='bbox 1091 4657 1172 4707; x_wconf 84' lang='lat' dir='ltr'><strong>est</strong></span> <span class='ocrx_word' id='word_1_581' title='bbox 1198 4650 1522 4718; x_wconf 88' lang='lat' dir='ltr'><strong>episcopum.</strong></span> <span class='ocrx_word' id='word_1_582' title='bbox 1574 4651 1707 4705; x_wconf 81' lang='lat' dir='ltr'><strong>Nam</strong></span> <span class='ocrx_word' id='word_1_583' title='bbox 1744 4652 1883 4705; x_wconf 83' lang='lat' dir='ltr'><strong>lilios</strong></span> <span class='ocrx_word' id='word_1_584' title='bbox 1910 4651 2023 4719; x_wconf 88' lang='lat' dir='ltr'><strong>ejus</strong></span> 
     </span>
    </p>
   </div>
   <div class='ocr_carea' id='block_1_81' title="bbox 452 4738 2021 4813">
    <p class='ocr_par' dir='ltr' id='par_1_81' title="bbox 452 4738 2021 4813">
     <span class='ocr_line' id='line_1_81' title="bbox 452 4738 2021 4813; baseline 0 -18"><span class='ocrx_word' id='word_1_585' title='bbox 452 4741 895 4809; x_wconf 85' lang='lat' dir='ltr'><strong>presbyterorum</strong></span> <span class='ocrx_word' id='word_1_586' title='bbox 924 4738 1151 4809; x_wconf 72' lang='lat' dir='ltr'><strong>figuram</strong></span> <span class='ocrx_word' id='word_1_587' title='bbox 1176 4742 1643 4808; x_wconf 73' lang='lat' dir='ltr'><strong>prmmonstrasse,</strong></span> <span class='ocrx_word' id='word_1_588' title='bbox 1689 4744 1882 4813; x_wconf 91' lang='lat' dir='ltr'><strong>quibus</strong></span> <span class='ocrx_word' id='word_1_589' title='bbox 1911 4757 2021 4796; x_wconf 90' lang='lat' dir='ltr'><strong>me-</strong></span> 
     </span>
    </p>
   </div>
   <div class='ocr_carea' id='block_1_82' title="bbox 465 4829 2017 4891">
    <p class='ocr_par' dir='ltr' id='par_1_82' title="bbox 465 4829 2017 4891">
     <span class='ocr_line' id='line_1_82' title="bbox 465 4829 2017 4891; baseline 0.002 -7"><span class='ocrx_word' id='word_1_590' title='bbox 465 4832 566 4887; x_wconf 90' lang='lat' dir='ltr'><strong>rito</strong></span> <span class='ocrx_word' id='word_1_591' title='bbox 590 4838 767 4886; x_wconf 88' lang='lat' dir='ltr'><strong>astare</strong></span> <span class='ocrx_word' id='word_1_592' title='bbox 791 4830 1097 4889; x_wconf 86' lang='lat' dir='ltr'><strong>debuissent</strong></span> <span class='ocrx_word' id='word_1_593' title='bbox 1118 4829 1317 4887; x_wconf 74' lang='lat' dir='ltr'><strong>Levita:</strong></span> <span class='ocrx_word' id='word_1_594' title='bbox 1338 4832 1479 4891; x_wconf 87' lang='lat' dir='ltr'><strong>sicut</strong></span> <span class='ocrx_word' id='word_1_595' title='bbox 1506 4848 1711 4886; x_wconf 89' lang='lat' dir='ltr'><strong>summo</strong></span> <span class='ocrx_word' id='word_1_596' title='bbox 1734 4835 2017 4888; x_wconf 87' lang='lat' dir='ltr'><strong>sacerdoti.</strong></span> 
     </span>
    </p>
   </div>
   <div class='ocr_carea' id='block_1_83' title="bbox 465 4914 2020 4990">
    <p class='ocr_par' dir='ltr' id='par_1_83' title="bbox 465 4914 2020 4990">
     <span class='ocr_line' id='line_1_83' title="bbox 465 4914 2020 4990; baseline 0.003 -20"><span class='ocrx_word' id='word_1_597' title='bbox 465 4919 668 4990; x_wconf 73' lang='lat' dir='ltr'><strong>Moyses</strong></span> <span class='ocrx_word' id='word_1_598' title='bbox 690 4933 817 4973; x_wconf 88' lang='lat' dir='ltr'><strong>vero</strong></span> <span class='ocrx_word' id='word_1_599' title='bbox 842 4916 1000 4985; x_wconf 83' lang='lat' dir='ltr'><strong>hujus</strong></span> <span class='ocrx_word' id='word_1_600' title='bbox 1027 4917 1154 4973; x_wconf 80' lang='lat' dir='ltr'><strong>facti</strong></span> <span class='ocrx_word' id='word_1_601' title='bbox 1181 4918 1473 4984; x_wconf 84' lang='lat' dir='ltr'><strong>mediator,</strong></span> <span class='ocrx_word' id='word_1_602' title='bbox 1522 4920 1791 4974; x_wconf 86' lang='lat' dir='ltr'><strong>Christum</strong></span> <span class='ocrx_word' id='word_1_603' title='bbox 1817 4914 2020 4990; x_wconf 78' lang='lat' dir='ltr'><strong>signiti-</strong></span> 
     </span>
    </p>
   </div>
   <div class='ocr_carea' id='block_1_84' title="bbox 465 5006 2017 5079">
    <p class='ocr_par' dir='ltr' id='par_1_84' title="bbox 465 5006 2017 5079">
     <span class='ocr_line' id='line_1_84' title="bbox 465 5006 2017 5079; baseline 0.006 -22"><span class='ocrx_word' id='word_1_604' title='bbox 465 5006 571 5061; x_wconf 57' lang='grc' dir='ltr'><strong>φατε</strong></span> <span class='ocrx_word' id='word_1_605' title='bbox 621 5007 677 5063; x_wconf 87' lang='lat' dir='ltr'><strong>lu</strong></span> <span class='ocrx_word' id='word_1_606' title='bbox 708 5006 853 5064; x_wconf 83' lang='lat' dir='ltr'><strong>Novo</strong></span> <span class='ocrx_word' id='word_1_607' title='bbox 888 5017 1063 5063; x_wconf 89' lang='lat' dir='ltr'><strong>autem</strong></span> <span class='ocrx_word' id='word_1_608' title='bbox 1113 5007 1458 5069; x_wconf 87' lang='lat' dir='ltr'><strong>Testamento</strong></span> <span class='ocrx_word' id='word_1_609' title='bbox 1484 5018 1602 5079; x_wconf 90' lang='lat' dir='ltr'><strong>post</strong></span> <span class='ocrx_word' id='word_1_610' title='bbox 1630 5008 1901 5065; x_wconf 87' lang='lat' dir='ltr'><strong>Christum</strong></span> <span class='ocrx_word' id='word_1_611' title='bbox 1928 5027 2017 5066; x_wconf 81' lang='lat' dir='ltr'><strong>sa-</strong></span> 
     </span>
    </p>
   </div>
   <div class='ocr_carea' id='block_1_85' title="bbox 464 5098 2020 5170">
    <p class='ocr_par' dir='ltr' id='par_1_85' title="bbox 464 5098 2020 5170">
     <span class='ocr_line' id='line_1_85' title="bbox 464 5098 2020 5170; baseline 0.003 -19"><span class='ocrx_word' id='word_1_612' title='bbox 464 5098 747 5154; x_wconf 75' lang='lat' dir='ltr'><strong>cerdotalis</strong></span> <span class='ocrx_word' id='word_1_613' title='bbox 771 5100 903 5154; x_wconf 89' lang='lat' dir='ltr'><strong>ordo</strong></span> <span class='ocrx_word' id='word_1_614' title='bbox 925 5115 954 5153; x_wconf 89' lang='lat' dir='ltr'><strong>a</strong></span> <span class='ocrx_word' id='word_1_615' title='bbox 986 5099 1142 5160; x_wconf 87' lang='lat' dir='ltr'><strong>Petro</strong></span> <span class='ocrx_word' id='word_1_616' title='bbox 1167 5102 1349 5170; x_wconf 68' lang='lat' dir='ltr'><strong>etrapit:</strong></span> <span class='ocrx_word' id='word_1_617' title='bbox 1376 5100 1477 5170; x_wconf 81' lang='lat' dir='ltr'><strong>ipsi</strong></span> <span class='ocrx_word' id='word_1_618' title='bbox 1504 5102 1647 5155; x_wconf 90' lang='lat' dir='ltr'><strong>enim</strong></span> <span class='ocrx_word' id='word_1_619' title='bbox 1673 5101 1901 5169; x_wconf 86' lang='lat' dir='ltr'><strong>primum</strong></span> <span class='ocrx_word' id='word_1_620' title='bbox 1930 5103 2020 5158; x_wconf 86' lang='lat' dir='ltr'><strong>da-</strong></span> 
     </span>
    </p>
   </div>
   <div class='ocr_carea' id='block_1_86' title="bbox 464 5188 2019 5259">
    <p class='ocr_par' dir='ltr' id='par_1_86' title="bbox 464 5188 2019 5259">
     <span class='ocr_line' id='line_1_86' title="bbox 464 5188 2019 5259; baseline 0.003 -18"><span class='ocrx_word' id='word_1_621' title='bbox 464 5196 648 5244; x_wconf 81' lang='lat' dir='ltr'><strong>tusest</strong></span> <span class='ocrx_word' id='word_1_622' title='bbox 668 5188 1010 5259; x_wconf 77' lang='lat' dir='ltr'><strong>pontiﬁcatus</strong></span> <span class='ocrx_word' id='word_1_623' title='bbox 1048 5190 1099 5242; x_wconf 90' lang='lat' dir='ltr'><strong>in</strong></span> <span class='ocrx_word' id='word_1_624' title='bbox 1127 5190 1360 5250; x_wconf 83' lang='lat' dir='ltr'><strong>Ecclesia</strong></span> <span class='ocrx_word' id='word_1_625' title='bbox 1396 5192 1617 5249; x_wconf 82' lang='lat' dir='ltr'><strong>Christi.</strong></span> <span class='ocrx_word' id='word_1_626' title='bbox 1659 5192 1747 5247; x_wconf 88' lang='lat' dir='ltr'><strong>Sic</strong></span> <span class='ocrx_word' id='word_1_627' title='bbox 1772 5194 1914 5247; x_wconf 89' lang='lat' dir='ltr'><strong>enim</strong></span> <span class='ocrx_word' id='word_1_628' title='bbox 1944 5191 2019 5245; x_wconf 91' lang='lat' dir='ltr'><strong>lo-</strong></span> 
     </span>
    </p>
   </div>
   <div class='ocr_carea' id='block_1_87' title="bbox 462 5274 2019 5351">
    <p class='ocr_par' dir='ltr' id='par_1_87' title="bbox 462 5274 2019 5351">
     <span class='ocr_line' id='line_1_87' title="bbox 462 5274 2019 5351; baseline 0.004 -23"><span class='ocrx_word' id='word_1_629' title='bbox 462 5278 645 5347; x_wconf 80' lang='lat' dir='ltr'><strong>quitur</strong></span> <span class='ocrx_word' id='word_1_630' title='bbox 691 5277 758 5332; x_wconf 86' lang='lat' dir='ltr'><strong>ad</strong></span> <span class='ocrx_word' id='word_1_631' title='bbox 801 5290 924 5337; x_wconf 87' lang='lat' dir='ltr'><strong>eum</strong></span> <span class='ocrx_word' id='word_1_632' title='bbox 970 5274 1215 5337; x_wconf 84' lang='lat' dir='ltr'><strong>Christus</strong></span> <span class='ocrx_word' id='word_1_633' title='bbox 1260 5282 1530 5338; x_wconf 88' lang='lat' dir='ltr'><strong>Dominus.</strong></span> <span class='ocrx_word' id='word_1_634' title='bbox 1583 5282 1659 5336; x_wconf 87' lang='lat' dir='ltr'><strong>Tu</strong></span> <span class='ocrx_word' id='word_1_635' title='bbox 1708 5299 1779 5347; x_wconf 85' lang='lat' dir='ltr'><strong>es,</strong></span> <span class='ocrx_word' id='word_1_636' title='bbox 1828 5284 2019 5351; x_wconf 86' lang='lat' dir='ltr'><strong>inquit,</strong></span> 
     </span>
    </p>
   </div>
   <div class='ocr_carea' id='block_1_88' title="bbox 464 5367 2020 5443">
    <p class='ocr_par' dir='ltr' id='par_1_88' title="bbox 464 5367 2020 5443">
     <span class='ocr_line' id='line_1_88' title="bbox 464 5367 2020 5443; baseline 0.004 -24"><span class='ocrx_word' id='word_1_637' title='bbox 464 5367 687 5438; x_wconf 48' lang='lat' dir='ltr'><strong>Petrus&quot;</strong></span> <span class='ocrx_word' id='word_1_638' title='bbox 722 5377 770 5422; x_wconf 84' lang='lat' dir='ltr'><strong>et</strong></span> <span class='ocrx_word' id='word_1_639' title='bbox 808 5384 965 5437; x_wconf 82' lang='lat' dir='ltr'><strong>super</strong></span> <span class='ocrx_word' id='word_1_640' title='bbox 1006 5368 1140 5424; x_wconf 73' lang='lat' dir='ltr'><strong>hanc</strong></span> <span class='ocrx_word' id='word_1_641' title='bbox 1188 5381 1385 5440; x_wconf 89' lang='lat' dir='ltr'><strong>petram</strong></span> <span class='ocrx_word' id='word_1_642' title='bbox 1434 5373 1702 5443; x_wconf 71' lang='lat' dir='ltr'><strong>mdiﬁcabo</strong></span> <span class='ocrx_word' id='word_1_643' title='bbox 1734 5372 2020 5428; x_wconf 79' lang='lat' dir='ltr'><strong>Ecclesium</strong></span> 
     </span>
    </p>
   </div>
   <div class='ocr_carea' id='block_1_89' title="bbox 463 5460 2021 5529">
    <p class='ocr_par' dir='ltr' id='par_1_89' title="bbox 463 5460 2021 5529">
     <span class='ocr_line' id='line_1_89' title="bbox 463 5460 2021 5529; baseline 0.006 -20"><span class='ocrx_word' id='word_1_644' title='bbox 463 5474 648 5524; x_wconf 83' lang='lat' dir='ltr'><strong>meum,</strong></span> <span class='ocrx_word' id='word_1_645' title='bbox 682 5469 727 5514; x_wconf 84' lang='lat' dir='ltr'><strong>et</strong></span> <span class='ocrx_word' id='word_1_646' title='bbox 767 5468 931 5529; x_wconf 66' lang='lat' dir='ltr'><strong>portae</strong></span> <span class='ocrx_word' id='word_1_647' title='bbox 957 5460 1241 5529; x_wconf 75' lang='lat' dir='ltr'><strong>inferorum</strong></span> <span class='ocrx_word' id='word_1_648' title='bbox 1274 5478 1376 5516; x_wconf 85' lang='lat' dir='ltr'><strong>non</strong></span> <span class='ocrx_word' id='word_1_649' title='bbox 1402 5463 1598 5519; x_wconf 81' lang='lat' dir='ltr'><strong>vincent</strong></span> <span class='ocrx_word' id='word_1_650' title='bbox 1627 5461 1766 5528; x_wconf 81' lang='lat' dir='ltr'><strong>eam,</strong></span> <span class='ocrx_word' id='word_1_651' title='bbox 1807 5475 1853 5519; x_wconf 89' lang='lat' dir='ltr'><strong>et</strong></span> <span class='ocrx_word' id='word_1_652' title='bbox 1888 5462 2021 5519; x_wconf 71' lang='grc' dir='ltr'><strong>(ια’ὁο</strong></span> 
     </span>
    </p>
   </div>
   <div class='ocr_carea' id='block_1_90' title="bbox 466 5547 2018 5624">
    <p class='ocr_par' dir='ltr' id='par_1_90' title="bbox 466 5547 2018 5624">
     <span class='ocr_line' id='line_1_90' title="bbox 466 5547 2018 5624; baseline 0.008 -28"><span class='ocrx_word' id='word_1_653' title='bbox 466 5547 554 5598; x_wconf 86' lang='lat' dir='ltr'><strong>tibi</strong></span> <span class='ocrx_word' id='word_1_654' title='bbox 578 5547 741 5603; x_wconf 83' lang='lat' dir='ltr'><strong>claves</strong></span> <span class='ocrx_word' id='word_1_655' title='bbox 774 5550 916 5619; x_wconf 80' lang='lat' dir='ltr'><strong>regni</strong></span> <span class='ocrx_word' id='word_1_656' title='bbox 950 5549 1193 5604; x_wconf 69' lang='lat' dir='ltr'><strong>caelorum</strong></span> <span class='ocrx_word' id='word_1_657' title='bbox 1236 5550 1447 5621; x_wconf 69' lang='lat' dir='ltr'><strong>(Matth.</strong></span> <span class='ocrx_word' id='word_1_658' title='bbox 1485 5554 1619 5624; x_wconf 80' lang='lat' dir='ltr'><strong>xix).</strong></span> <span class='ocrx_word' id='word_1_659' title='bbox 1673 5554 1769 5611; x_wconf 83' lang='lat' dir='ltr'><strong>llic</strong></span> <span class='ocrx_word' id='word_1_660' title='bbox 1794 5572 1920 5624; x_wconf 85' lang='lat' dir='ltr'><strong>ergo</strong></span> <span class='ocrx_word' id='word_1_661' title='bbox 1954 5556 2018 5609; x_wconf 89' lang='lat' dir='ltr'><strong>li-</strong></span> 
     </span>
    </p>
   </div>
   <div class='ocr_carea' id='block_1_91' title="bbox 466 5638 2018 5717">
    <p class='ocr_par' dir='ltr' id='par_1_91' title="bbox 466 5638 2018 5717">
     <span class='ocr_line' id='line_1_91' title="bbox 466 5638 2018 5717; baseline 0.009 -30"><span class='ocrx_word' id='word_1_662' title='bbox 466 5638 619 5707; x_wconf 84' lang='lat' dir='ltr'><strong>gaudi</strong></span> <span class='ocrx_word' id='word_1_663' title='bbox 670 5649 826 5711; x_wconf 73' lang='lat' dir='ltr'><strong>atque</strong></span> <span class='ocrx_word' id='word_1_664' title='bbox 879 5643 1129 5699; x_wconf 80' lang='lat' dir='ltr'><strong>solvendi</strong></span> <span class='ocrx_word' id='word_1_665' title='bbox 1168 5651 1483 5713; x_wconf 85' lang='lat' dir='ltr'><strong>potestatem</strong></span> <span class='ocrx_word' id='word_1_666' title='bbox 1535 5646 1738 5717; x_wconf 87' lang='lat' dir='ltr'><strong>primus</strong></span> <span class='ocrx_word' id='word_1_667' title='bbox 1794 5649 2018 5717; x_wconf 78' lang='lat' dir='ltr'><strong>accepit,</strong></span> 
     </span>
    </p>
   </div>
   <div class='ocr_carea' id='block_1_92' title="bbox 2116 3202 3689 3277">
    <p class='ocr_par' dir='ltr' id='par_1_92' title="bbox 2116 3202 3689 3277">
     <span class='ocr_line' id='line_1_92' title="bbox 2116 3202 3689 3277; baseline 0.003 -20"><span class='ocrx_word' id='word_1_668' title='bbox 2116 3203 2218 3258; x_wconf 86' lang='lat' dir='ltr'><strong>bus</strong></span> <span class='ocrx_word' id='word_1_669' title='bbox 2238 3202 2540 3258; x_wconf 90' lang='lat' dir='ltr'><strong>instituitur</strong></span> <span class='ocrx_word' id='word_1_670' title='bbox 2568 3203 2625 3270; x_wconf 77' lang='lat' dir='ltr'><strong>ut</strong></span> <span class='ocrx_word' id='word_1_671' title='bbox 2674 3202 2786 3259; x_wconf 73' lang='lat' dir='ltr'><strong>non‘</strong></span> <span class='ocrx_word' id='word_1_672' title='bbox 2827 3205 3005 3261; x_wconf 87' lang='lat' dir='ltr'><strong>minus</strong></span> <span class='ocrx_word' id='word_1_673' title='bbox 3030 3221 3060 3260; x_wconf 90' lang='lat' dir='ltr'><strong>a</strong></span> <span class='ocrx_word' id='word_1_674' title='bbox 3092 3206 3261 3263; x_wconf 86' lang='lat' dir='ltr'><strong>tribus</strong></span> <span class='ocrx_word' id='word_1_675' title='bbox 3308 3207 3689 3277; x_wconf 65' lang='lat' dir='ltr'><strong>praesentibus,</strong></span> 
     </span>
    </p>
   </div>
   <div class='ocr_carea' id='block_1_93' title="bbox 2116 3292 3691 3358">
    <p class='ocr_par' dir='ltr' id='par_1_93' title="bbox 2116 3292 3691 3358">
     <span class='ocr_line' id='line_1_93' title="bbox 2116 3292 3691 3358; baseline 0.003 -12"><span class='ocrx_word' id='word_1_676' title='bbox 2116 3292 2323 3347; x_wconf 71' lang='lat' dir='ltr'><strong>ueteris</strong></span> <span class='ocrx_word' id='word_1_677' title='bbox 2360 3299 2536 3352; x_wconf 83' lang='lat' dir='ltr'><strong>tamen</strong></span> <span class='ocrx_word' id='word_1_678' title='bbox 2596 3294 3070 3358; x_wconf 82' lang='lat' dir='ltr'><strong>consentientibus.</strong></span> <span class='ocrx_word' id='word_1_679' title='bbox 3129 3296 3436 3353; x_wconf 85' lang='lat' dir='ltr'><strong>testimonio</strong></span> <span class='ocrx_word' id='word_1_680' title='bbox 3473 3295 3691 3353; x_wconf 86' lang='lat' dir='ltr'><strong>littera-</strong></span> 
     </span>
    </p>
   </div>
   <div class='ocr_carea' id='block_1_94' title="bbox 2118 3385 3693 3453">
    <p class='ocr_par' dir='ltr' id='par_1_94' title="bbox 2118 3385 3693 3453">
     <span class='ocr_line' id='line_1_94' title="bbox 2118 3385 3693 3453; baseline 0.004 -14"><span class='ocrx_word' id='word_1_681' title='bbox 2118 3401 2257 3439; x_wconf 85' lang='lat' dir='ltr'><strong>rum.</strong></span> <span class='ocrx_word' id='word_1_682' title='bbox 2290 3385 2424 3441; x_wconf 82' lang='lat' dir='ltr'><strong>Huic</strong></span> <span class='ocrx_word' id='word_1_683' title='bbox 2452 3394 2629 3441; x_wconf 86' lang='lat' dir='ltr'><strong>autem</strong></span> <span class='ocrx_word' id='word_1_684' title='bbox 2651 3386 2777 3446; x_wconf 84' lang='lat' dir='ltr'><strong>dum</strong></span> <span class='ocrx_word' id='word_1_685' title='bbox 2806 3395 3155 3443; x_wconf 88' lang='lat' dir='ltr'><strong>consecratur</strong></span> <span class='ocrx_word' id='word_1_686' title='bbox 3176 3388 3331 3442; x_wconf 87' lang='lat' dir='ltr'><strong>datur</strong></span> <span class='ocrx_word' id='word_1_687' title='bbox 3350 3390 3592 3453; x_wconf 76' lang='lat' dir='ltr'><strong>baculus,</strong></span> <span class='ocrx_word' id='word_1_688' title='bbox 3626 3401 3693 3445; x_wconf 88' lang='lat' dir='ltr'><strong>ut</strong></span> 
     </span>
    </p>
   </div>
   <div class='ocr_carea' id='block_1_95' title="bbox 2118 3477 3690 3552">
    <p class='ocr_par' dir='ltr' id='par_1_95' title="bbox 2118 3477 3690 3552">
     <span class='ocr_line' id='line_1_95' title="bbox 2118 3477 3690 3552; baseline 0.003 -21"><span class='ocrx_word' id='word_1_689' title='bbox 2118 3477 2234 3547; x_wconf 88' lang='lat' dir='ltr'><strong>ejus</strong></span> <span class='ocrx_word' id='word_1_690' title='bbox 2264 3478 2459 3532; x_wconf 92' lang='lat' dir='ltr'><strong>indicio</strong></span> <span class='ocrx_word' id='word_1_691' title='bbox 2490 3478 2756 3533; x_wconf 85' lang='lat' dir='ltr'><strong>subditam</strong></span> <span class='ocrx_word' id='word_1_692' title='bbox 2796 3478 3006 3548; x_wconf 86' lang='lat' dir='ltr'><strong>plebem</strong></span> <span class='ocrx_word' id='word_1_693' title='bbox 3032 3480 3115 3533; x_wconf 92' lang='lat' dir='ltr'><strong>vel</strong></span> <span class='ocrx_word' id='word_1_694' title='bbox 3146 3490 3295 3551; x_wconf 89' lang='lat' dir='ltr'><strong>regat</strong></span> <span class='ocrx_word' id='word_1_695' title='bbox 3320 3481 3405 3535; x_wconf 92' lang='lat' dir='ltr'><strong>vel</strong></span> <span class='ocrx_word' id='word_1_696' title='bbox 3427 3483 3690 3552; x_wconf 82' lang='lat' dir='ltr'><strong>corrigat,</strong></span> 
     </span>
    </p>
   </div>
   <div class='ocr_carea' id='block_1_96' title="bbox 2122 3567 3699 3628">
    <p class='ocr_par' dir='ltr' id='par_1_96' title="bbox 2122 3567 3699 3628">
     <span class='ocr_line' id='line_1_96' title="bbox 2122 3567 3699 3628; baseline 0.005 -8"><span class='ocrx_word' id='word_1_697' title='bbox 2122 3567 2201 3621; x_wconf 88' lang='lat' dir='ltr'><strong>vel</strong></span> <span class='ocrx_word' id='word_1_698' title='bbox 2232 3567 2573 3624; x_wconf 81' lang='lat' dir='ltr'><strong>inﬁrmitates</strong></span> <span class='ocrx_word' id='word_1_699' title='bbox 2608 3568 2942 3625; x_wconf 73' lang='lat' dir='ltr'><strong>inﬁrmorum</strong></span> <span class='ocrx_word' id='word_1_700' title='bbox 2986 3572 3269 3626; x_wconf 83' lang='lat' dir='ltr'><strong>sustineat.</strong></span> <span class='ocrx_word' id='word_1_701' title='bbox 3320 3574 3489 3627; x_wconf 87' lang='lat' dir='ltr'><strong>Datur</strong></span> <span class='ocrx_word' id='word_1_702' title='bbox 3508 3584 3563 3628; x_wconf 92' lang='lat' dir='ltr'><strong>et</strong></span> <span class='ocrx_word' id='word_1_703' title='bbox 3591 3591 3699 3628; x_wconf 66' lang='grc' dir='ltr'><strong><em>2η-</em></strong></span> 
     </span>
    </p>
   </div>
   <div class='ocr_carea' id='block_1_97' title="bbox 2121 3654 3699 3733">
    <p class='ocr_par' dir='ltr' id='par_1_97' title="bbox 2121 3654 3699 3733">
     <span class='ocr_line' id='line_1_97' title="bbox 2121 3654 3699 3733; baseline 0.006 -26"><span class='ocrx_word' id='word_1_704' title='bbox 2121 3654 2297 3719; x_wconf 89' lang='lat' dir='ltr'><strong>nulus,</strong></span> <span class='ocrx_word' id='word_1_705' title='bbox 2328 3662 2547 3724; x_wconf 88' lang='lat' dir='ltr'><strong>propter</strong></span> <span class='ocrx_word' id='word_1_706' title='bbox 2573 3656 2779 3726; x_wconf 89' lang='lat' dir='ltr'><strong>signum</strong></span> <span class='ocrx_word' id='word_1_707' title='bbox 2809 3658 3129 3727; x_wconf 76' lang='lat' dir='ltr'><strong>pontiﬁcalis</strong></span> <span class='ocrx_word' id='word_1_708' title='bbox 3152 3660 3387 3724; x_wconf 85' lang='lat' dir='ltr'><strong>honoris,</strong></span> <span class='ocrx_word' id='word_1_709' title='bbox 3413 3662 3495 3717; x_wconf 90' lang='lat' dir='ltr'><strong>vel</strong></span> <span class='ocrx_word' id='word_1_710' title='bbox 3516 3663 3699 3733; x_wconf 82' lang='lat' dir='ltr'><strong>signa-</strong></span> 
     </span>
    </p>
   </div>
   <div class='ocr_carea' id='block_1_98' title="bbox 2122 3744 3696 3821">
    <p class='ocr_par' dir='ltr' id='par_1_98' title="bbox 2122 3744 3696 3821">
     <span class='ocr_line' id='line_1_98' title="bbox 2122 3744 3696 3821; baseline 0.005 -24"><span class='ocrx_word' id='word_1_711' title='bbox 2122 3744 2300 3798; x_wconf 91' lang='lat' dir='ltr'><strong>culum</strong></span> <span class='ocrx_word' id='word_1_712' title='bbox 2329 3752 2676 3803; x_wconf 85' lang='lat' dir='ltr'><strong>secretorum.</strong></span> <span class='ocrx_word' id='word_1_713' title='bbox 2726 3746 2861 3804; x_wconf 87' lang='lat' dir='ltr'><strong>Nam</strong></span> <span class='ocrx_word' id='word_1_714' title='bbox 2893 3747 3057 3802; x_wconf 88' lang='lat' dir='ltr'><strong>multa</strong></span> <span class='ocrx_word' id='word_1_715' title='bbox 3107 3757 3229 3803; x_wconf 88' lang='lat' dir='ltr'><strong>sunt</strong></span> <span class='ocrx_word' id='word_1_716' title='bbox 3259 3764 3376 3821; x_wconf 72' lang='lat' dir='ltr'><strong>qua:</strong></span> <span class='ocrx_word' id='word_1_717' title='bbox 3402 3758 3527 3805; x_wconf 90' lang='lat' dir='ltr'><strong>ante</strong></span> <span class='ocrx_word' id='word_1_718' title='bbox 3570 3766 3696 3805; x_wconf 88' lang='lat' dir='ltr'><strong>car-</strong></span> 
     </span>
    </p>
   </div>
   <div class='ocr_carea' id='block_1_99' title="bbox 2123 3835 3695 3908">
    <p class='ocr_par' dir='ltr' id='par_1_99' title="bbox 2123 3835 3695 3908">
     <span class='ocr_line' id='line_1_99' title="bbox 2123 3835 3695 3908; baseline 0.004 -19"><span class='ocrx_word' id='word_1_719' title='bbox 2123 3835 2324 3890; x_wconf 87' lang='lat' dir='ltr'><strong>nalium</strong></span> <span class='ocrx_word' id='word_1_720' title='bbox 2372 3836 2656 3906; x_wconf 88' lang='lat' dir='ltr'><strong>minusque</strong></span> <span class='ocrx_word' id='word_1_721' title='bbox 2682 3837 3090 3908; x_wconf 79' lang='lat' dir='ltr'><strong>intelligentiam</strong></span> <span class='ocrx_word' id='word_1_722' title='bbox 3132 3854 3320 3895; x_wconf 88' lang='lat' dir='ltr'><strong>sensus</strong></span> <span class='ocrx_word' id='word_1_723' title='bbox 3360 3842 3695 3896; x_wconf 85' lang='lat' dir='ltr'><strong>occultantes</strong></span> 
     </span>
    </p>
   </div>
   <div class='ocr_carea' id='block_1_100' title="bbox 2123 3926 3698 4003">
    <p class='ocr_par' dir='ltr' id='par_1_100' title="bbox 2123 3926 3698 4003">
     <span class='ocr_line' id='line_1_100' title="bbox 2123 3926 3698 4003; baseline 0.003 -23"><span class='ocrx_word' id='word_1_724' title='bbox 2123 3926 2433 3981; x_wconf 88' lang='lat' dir='ltr'><strong>sacerdotes</strong></span> <span class='ocrx_word' id='word_1_725' title='bbox 2457 3966 2471 3991; x_wconf 92' lang='lat'><strong>,</strong></span> <span class='ocrx_word' id='word_1_726' title='bbox 2528 3928 2681 3996; x_wconf 91' lang='lat' dir='ltr'><strong>quasi</strong></span> <span class='ocrx_word' id='word_1_727' title='bbox 2731 3927 2829 3981; x_wconf 88' lang='lat' dir='ltr'><strong>sub</strong></span> <span class='ocrx_word' id='word_1_728' title='bbox 2874 3928 3149 4003; x_wconf 83' lang='lat' dir='ltr'><strong>signaculo</strong></span> <span class='ocrx_word' id='word_1_729' title='bbox 3186 3930 3401 3995; x_wconf 84' lang='lat' dir='ltr'><strong>eadunt,</strong></span> <span class='ocrx_word' id='word_1_730' title='bbox 3454 3946 3523 3985; x_wconf 90' lang='lat' dir='ltr'><strong>ne</strong></span> <span class='ocrx_word' id='word_1_731' title='bbox 3552 3930 3698 3985; x_wconf 91' lang='lat' dir='ltr'><strong>indi-</strong></span> 
     </span>
    </p>
   </div>
   <div class='ocr_carea' id='block_1_101' title="bbox 2122 4015 3402 4089">
    <p class='ocr_par' dir='ltr' id='par_1_101' title="bbox 2122 4015 3402 4089">
     <span class='ocr_line' id='line_1_101' title="bbox 2122 4015 3402 4089; baseline 0.003 -20"><span class='ocrx_word' id='word_1_732' title='bbox 2122 4016 2241 4086; x_wconf 90' lang='lat' dir='ltr'><strong>gnis</strong></span> <span class='ocrx_word' id='word_1_733' title='bbox 2269 4015 2569 4086; x_wconf 82' lang='lat' dir='ltr'><strong>quibusque</strong></span> <span class='ocrx_word' id='word_1_734' title='bbox 2590 4019 2683 4073; x_wconf 91' lang='lat' dir='ltr'><strong>Dei</strong></span> <span class='ocrx_word' id='word_1_735' title='bbox 2706 4028 3044 4075; x_wconf 83' lang='lat' dir='ltr'><strong>sacramenta</strong></span> <span class='ocrx_word' id='word_1_736' title='bbox 3072 4020 3402 4089; x_wconf 85' lang='lat' dir='ltr'><strong>aperiantur.</strong></span> 
     </span>
    </p>
   </div>
   <div class='ocr_carea' id='block_1_102' title="bbox 2728 4130 3143 4187">
    <p class='ocr_par' dir='ltr' id='par_1_102' title="bbox 2728 4130 3143 4187">
     <span class='ocr_line' id='line_1_102' title="bbox 2728 4130 3143 4187; baseline -0.007 0"><span class='ocrx_word' id='word_1_737' title='bbox 2728 4130 2953 4187; x_wconf 85' lang='lat' dir='ltr'><strong>CAPUT</strong></span> <span class='ocrx_word' id='word_1_738' title='bbox 2992 4131 3053 4185; x_wconf 83' lang='lat' dir='ltr'><strong>V.</strong></span> <span class='ocrx_word' id='word_1_739' title='bbox 3136 4161 3143 4165; x_wconf 95' lang='lat'><strong>-</strong></span> 
     </span>
    </p>
   </div>
   <div class='ocr_carea' id='block_1_103' title="bbox 2429 4197 3387 4271">
    <p class='ocr_par' dir='ltr' id='par_1_103' title="bbox 2429 4197 3387 4271">
     <span class='ocr_line' id='line_1_103' title="bbox 2429 4197 3387 4271; baseline -0.003 -14"><span class='ocrx_word' id='word_1_740' title='bbox 2429 4197 2505 4257; x_wconf 77' lang='lat' dir='ltr'><strong>De</strong></span> <span class='ocrx_word' id='word_1_741' title='bbox 2529 4200 2707 4254; x_wconf 82' lang='lat' dir='ltr'><strong>ordine</strong></span> <span class='ocrx_word' id='word_1_742' title='bbox 2736 4201 2995 4269; x_wconf 81' lang='lat' dir='ltr'><strong>tripartito</strong></span> <span class='ocrx_word' id='word_1_743' title='bbox 3015 4201 3387 4271; x_wconf 80' lang='lat' dir='ltr'><strong>episcoporum.</strong></span> 
     </span>
    </p>
   </div>
   <div class='ocr_carea' id='block_1_104' title="bbox 2194 4289 3696 4359">
    <p class='ocr_par' dir='ltr' id='par_1_104' title="bbox 2194 4289 3696 4359">
     <span class='ocr_line' id='line_1_104' title="bbox 2194 4289 3696 4359; baseline 0.003 -14"><span class='ocrx_word' id='word_1_744' title='bbox 2194 4289 2338 4345; x_wconf 87' lang='lat' dir='ltr'><strong>Ordo</strong></span> <span class='ocrx_word' id='word_1_745' title='bbox 2368 4298 2544 4351; x_wconf 88' lang='lat' dir='ltr'><strong>autem</strong></span> <span class='ocrx_word' id='word_1_746' title='bbox 2572 4292 2942 4359; x_wconf 85' lang='lat' dir='ltr'><strong>episcoporum</strong></span> <span class='ocrx_word' id='word_1_747' title='bbox 2968 4290 3269 4358; x_wconf 82' lang='lat' dir='ltr'><strong>tripartitus</strong></span> <span class='ocrx_word' id='word_1_748' title='bbox 3295 4298 3398 4355; x_wconf 89' lang='lat' dir='ltr'><strong>est,</strong></span> <span class='ocrx_word' id='word_1_749' title='bbox 3425 4292 3477 4346; x_wconf 93' lang='lat' dir='ltr'><strong>id</strong></span> <span class='ocrx_word' id='word_1_750' title='bbox 3504 4300 3612 4357; x_wconf 88' lang='lat' dir='ltr'><strong>est,</strong></span> <span class='ocrx_word' id='word_1_751' title='bbox 3639 4295 3696 4349; x_wconf 88' lang='lat' dir='ltr'><strong>in</strong></span> 
     </span>
    </p>
   </div>
   <div class='ocr_carea' id='block_1_105' title="bbox 2130 4378 3691 4449">
    <p class='ocr_par' dir='ltr' id='par_1_105' title="bbox 2130 4378 3691 4449">
     <span class='ocr_line' id='line_1_105' title="bbox 2130 4378 3691 4449; baseline 0.002 -16"><span class='ocrx_word' id='word_1_752' title='bbox 2130 4378 2466 4447; x_wconf 85' lang='lat' dir='ltr'><strong>patriarchis,</strong></span> <span class='ocrx_word' id='word_1_753' title='bbox 2494 4378 2926 4447; x_wconf 87' lang='lat' dir='ltr'><strong>archiepiscopis,</strong></span> <span class='ocrx_word' id='word_1_754' title='bbox 2953 4378 3041 4447; x_wconf 79' lang='lat' dir='ltr'><strong>qui</strong></span> <span class='ocrx_word' id='word_1_755' title='bbox 3058 4386 3111 4432; x_wconf 88' lang='lat' dir='ltr'><strong>et</strong></span> <span class='ocrx_word' id='word_1_756' title='bbox 3132 4380 3524 4449; x_wconf 83' lang='lat' dir='ltr'><strong>metropolitani</strong></span> <span class='ocrx_word' id='word_1_757' title='bbox 3545 4392 3691 4446; x_wconf 90' lang='lat' dir='ltr'><strong>sunt,</strong></span> 
     </span>
    </p>
   </div>
   <div class='ocr_carea' id='block_1_106' title="bbox 2128 4466 3693 4547">
    <p class='ocr_par' dir='ltr' id='par_1_106' title="bbox 2128 4466 3693 4547">
     <span class='ocr_line' id='line_1_106' title="bbox 2128 4466 3693 4547; baseline 0.002 -26"><span class='ocrx_word' id='word_1_758' title='bbox 2128 4476 2184 4522; x_wconf 91' lang='lat' dir='ltr'><strong>ct</strong></span> <span class='ocrx_word' id='word_1_759' title='bbox 2231 4468 2515 4536; x_wconf 88' lang='lat' dir='ltr'><strong>episcopis.</strong></span> <span class='ocrx_word' id='word_1_760' title='bbox 2563 4466 2871 4523; x_wconf 86' lang='lat' dir='ltr'><strong>Patriarcha</strong></span> <span class='ocrx_word' id='word_1_761' title='bbox 2911 4475 3233 4547; x_wconf 71' lang='grc' dir='ltr'><strong>πατρὲιρχος</strong></span> <span class='ocrx_word' id='word_1_762' title='bbox 3288 4469 3477 4524; x_wconf 63' lang='lat' dir='ltr'><strong>Crazca</strong></span> <span class='ocrx_word' id='word_1_763' title='bbox 3509 4470 3693 4541; x_wconf 82' lang='lat' dir='ltr'><strong>lingua</strong></span> 
     </span>
    </p>
   </div>
   <div class='ocr_carea' id='block_1_107' title="bbox 2127 4558 3691 4629">
    <p class='ocr_par' dir='ltr' id='par_1_107' title="bbox 2127 4558 3691 4629">
     <span class='ocr_line' id='line_1_107' title="bbox 2127 4558 3691 4629; baseline 0.001 -18"><span class='ocrx_word' id='word_1_764' title='bbox 2127 4566 2280 4626; x_wconf 88' lang='lat' dir='ltr'><strong>pater</strong></span> <span class='ocrx_word' id='word_1_765' title='bbox 2306 4558 2602 4627; x_wconf 86' lang='lat' dir='ltr'><strong>principum</strong></span> <span class='ocrx_word' id='word_1_766' title='bbox 2632 4558 2743 4613; x_wconf 83' lang='lat' dir='ltr'><strong>sive</strong></span> <span class='ocrx_word' id='word_1_767' title='bbox 2766 4574 3005 4613; x_wconf 81' lang='lat' dir='ltr'><strong>summus</strong></span> <span class='ocrx_word' id='word_1_768' title='bbox 3025 4571 3240 4629; x_wconf 86' lang='lat' dir='ltr'><strong>patrum</strong></span> <span class='ocrx_word' id='word_1_769' title='bbox 3281 4559 3691 4628; x_wconf 87' lang='lat' dir='ltr'><strong>interpretatur,</strong></span> 
     </span>
    </p>
   </div>
   <div class='ocr_carea' id='block_1_108' title="bbox 2126 4635 3697 4717">
    <p class='ocr_par' dir='ltr' id='par_1_108' title="bbox 2126 4635 3697 4717">
     <span class='ocr_line' id='line_1_108' title="bbox 2126 4635 3697 4717; baseline 0.001 -17"><span class='ocrx_word' id='word_1_770' title='bbox 2126 4648 2251 4715; x_wconf 86' lang='lat' dir='ltr'><strong>quia</strong></span> <span class='ocrx_word' id='word_1_771' title='bbox 2277 4647 2529 4717; x_wconf 84' lang='lat' dir='ltr'><strong>primum,</strong></span> <span class='ocrx_word' id='word_1_772' title='bbox 2564 4648 2617 4703; x_wconf 88' lang='lat' dir='ltr'><strong>id</strong></span> <span class='ocrx_word' id='word_1_773' title='bbox 2654 4657 2737 4703; x_wconf 81' lang='lat' dir='ltr'><strong>est</strong></span> <span class='ocrx_word' id='word_1_774' title='bbox 2766 4648 3137 4717; x_wconf 86' lang='lat' dir='ltr'><strong>apostolicum,</strong></span> <span class='ocrx_word' id='word_1_775' title='bbox 3190 4635 3386 4703; x_wconf 85' lang='lat' dir='ltr'><strong>retinet</strong></span> <span class='ocrx_word' id='word_1_776' title='bbox 3412 4649 3611 4714; x_wconf 84' lang='lat' dir='ltr'><strong>locum,</strong></span> <span class='ocrx_word' id='word_1_777' title='bbox 3641 4659 3697 4703; x_wconf 90' lang='lat' dir='ltr'><strong>et</strong></span> 
     </span>
    </p>
   </div>
   <div class='ocr_carea' id='block_1_109' title="bbox 2126 4736 3696 4807">
    <p class='ocr_par' dir='ltr' id='par_1_109' title="bbox 2126 4736 3696 4807">
     <span class='ocr_line' id='line_1_109' title="bbox 2126 4736 3696 4807; baseline 0.001 -17"><span class='ocrx_word' id='word_1_778' title='bbox 2126 4737 2244 4791; x_wconf 89' lang='lat' dir='ltr'><strong>ideo</strong></span> <span class='ocrx_word' id='word_1_779' title='bbox 2273 4737 2416 4805; x_wconf 91' lang='lat' dir='ltr'><strong>quod</strong></span> <span class='ocrx_word' id='word_1_780' title='bbox 2439 4752 2645 4805; x_wconf 82' lang='lat' dir='ltr'><strong>summo</strong></span> <span class='ocrx_word' id='word_1_781' title='bbox 2668 4738 2867 4795; x_wconf 88' lang='lat' dir='ltr'><strong>honore</strong></span> <span class='ocrx_word' id='word_1_782' title='bbox 2895 4736 3151 4807; x_wconf 85' lang='lat' dir='ltr'><strong>fungitur,</strong></span> <span class='ocrx_word' id='word_1_783' title='bbox 3204 4737 3295 4790; x_wconf 89' lang='lat' dir='ltr'><strong>tali</strong></span> <span class='ocrx_word' id='word_1_784' title='bbox 3325 4737 3539 4791; x_wconf 88' lang='lat' dir='ltr'><strong>nomine</strong></span> <span class='ocrx_word' id='word_1_785' title='bbox 3566 4751 3696 4791; x_wconf 86' lang='lat' dir='ltr'><strong>cen-</strong></span> 
     </span>
    </p>
   </div>
   <div class='ocr_carea' id='block_1_110' title="bbox 2124 4826 3697 4897">
    <p class='ocr_par' dir='ltr' id='par_1_110' title="bbox 2124 4826 3697 4897">
     <span class='ocr_line' id='line_1_110' title="bbox 2124 4826 3697 4897; baseline 0.003 -19"><span class='ocrx_word' id='word_1_786' title='bbox 2124 4832 2293 4891; x_wconf 89' lang='lat' dir='ltr'><strong>setur,</strong></span> <span class='ocrx_word' id='word_1_787' title='bbox 2346 4827 2483 4880; x_wconf 90' lang='lat' dir='ltr'><strong>sicut</strong></span> <span class='ocrx_word' id='word_1_788' title='bbox 2516 4826 2964 4897; x_wconf 84' lang='lat' dir='ltr'><strong>archiepiscopus,</strong></span> <span class='ocrx_word' id='word_1_789' title='bbox 3005 4827 3372 4889; x_wconf 79' lang='lat' dir='ltr'><strong>Antiochenus</strong></span> <span class='ocrx_word' id='word_1_790' title='bbox 3408 4828 3697 4897; x_wconf 80' lang='lat' dir='ltr'><strong>episcopus</strong></span> 
     </span>
    </p>
   </div>
   <div class='ocr_carea' id='block_1_111' title="bbox 2128 4916 3793 4993">
    <p class='ocr_par' dir='ltr' id='par_1_111' title="bbox 2128 4916 3793 4993">
     <span class='ocr_line' id='line_1_111' title="bbox 2128 4916 3793 4993; baseline 0.004 -26"><span class='ocrx_word' id='word_1_791' title='bbox 2128 4923 2286 4984; x_wconf 86' lang='lat' dir='ltr'><strong>atque</strong></span> <span class='ocrx_word' id='word_1_792' title='bbox 2312 4916 2703 4971; x_wconf 79' lang='lat' dir='ltr'><strong>Alexandrinus</strong></span> <span class='ocrx_word' id='word_1_793' title='bbox 2738 4919 2978 4973; x_wconf 83' lang='lat' dir='ltr'><strong>antistes.</strong></span> <span class='ocrx_word' id='word_1_794' title='bbox 3030 4918 3478 4987; x_wconf 82' lang='lat' dir='ltr'><strong>Archiepiseopus</strong></span> <span class='ocrx_word' id='word_1_795' title='bbox 3526 4921 3695 4993; x_wconf 76' lang='grc' dir='ltr'><strong><em>ἁρχι-</em></strong></span> <span class='ocrx_word' id='word_1_796' title='bbox 3788 4934 3793 4935; x_wconf 47' lang='grc' dir='ltr'>ί</span> 
     </span>
    </p>
   </div>
   <div class='ocr_carea' id='block_1_112' title="bbox 2127 5006 3697 5076">
    <p class='ocr_par' dir='ltr' id='par_1_112' title="bbox 2127 5006 3697 5076">
     <span class='ocr_line' id='line_1_112' title="bbox 2127 5006 3697 5076; baseline 0.003 -17"><span class='ocrx_word' id='word_1_797' title='bbox 2127 5006 2394 5068; x_wconf 76' lang='grc' dir='ltr'><strong>επίσκοπος</strong></span> <span class='ocrx_word' id='word_1_798' title='bbox 2421 5006 2608 5062; x_wconf 74' lang='lat' dir='ltr'><strong>Grmco</strong></span> <span class='ocrx_word' id='word_1_799' title='bbox 2640 5008 2900 5063; x_wconf 88' lang='lat' dir='ltr'><strong>vocabulo</strong></span> <span class='ocrx_word' id='word_1_800' title='bbox 2930 5008 3147 5073; x_wconf 91' lang='lat' dir='ltr'><strong>dicitur,</strong></span> <span class='ocrx_word' id='word_1_801' title='bbox 3182 5007 3322 5076; x_wconf 89' lang='lat' dir='ltr'><strong>quod</strong></span> <span class='ocrx_word' id='word_1_802' title='bbox 3351 5008 3422 5061; x_wconf 90' lang='lat' dir='ltr'><strong>sit</strong></span> <span class='ocrx_word' id='word_1_803' title='bbox 3447 5023 3697 5063; x_wconf 83' lang='lat' dir='ltr'><strong>summus</strong></span> 
     </span>
    </p>
   </div>
   <div class='ocr_carea' id='block_1_113' title="bbox 2125 5096 3699 5168">
    <p class='ocr_par' dir='ltr' id='par_1_113' title="bbox 2125 5096 3699 5168">
     <span class='ocr_line' id='line_1_113' title="bbox 2125 5096 3699 5168; baseline 0.003 -19"><span class='ocrx_word' id='word_1_804' title='bbox 2125 5096 2206 5150; x_wconf 74' lang='lat' dir='ltr'><strong>vel</strong></span> <span class='ocrx_word' id='word_1_805' title='bbox 2240 5098 2485 5167; x_wconf 88' lang='lat' dir='ltr'><strong>princeps</strong></span> <span class='ocrx_word' id='word_1_806' title='bbox 2512 5098 2901 5167; x_wconf 79' lang='lat' dir='ltr'><strong>episcOporum,</strong></span> <span class='ocrx_word' id='word_1_807' title='bbox 2931 5106 3076 5152; x_wconf 87' lang='lat' dir='ltr'><strong>tenet</strong></span> <span class='ocrx_word' id='word_1_808' title='bbox 3100 5099 3244 5151; x_wconf 88' lang='lat' dir='ltr'><strong>enim</strong></span> <span class='ocrx_word' id='word_1_809' title='bbox 3276 5099 3449 5152; x_wconf 89' lang='lat' dir='ltr'><strong>vicem</strong></span> <span class='ocrx_word' id='word_1_810' title='bbox 3476 5108 3699 5168; x_wconf 81' lang='lat' dir='ltr'><strong>aposto-</strong></span> 
     </span>
    </p>
   </div>
   <div class='ocr_carea' id='block_1_114' title="bbox 2127 5176 3700 5256">
    <p class='ocr_par' dir='ltr' id='par_1_114' title="bbox 2127 5176 3700 5256">
     <span class='ocr_line' id='line_1_114' title="bbox 2127 5176 3700 5256; baseline 0.003 -19"><span class='ocrx_word' id='word_1_811' title='bbox 2127 5185 2304 5249; x_wconf 88' lang='lat' dir='ltr'><strong>licam,</strong></span> <span class='ocrx_word' id='word_1_812' title='bbox 2351 5193 2405 5239; x_wconf 93' lang='lat' dir='ltr'><strong>et</strong></span> <span class='ocrx_word' id='word_1_813' title='bbox 2433 5186 2681 5255; x_wconf 75' lang='lat' dir='ltr'><strong>prmsidet</strong></span> <span class='ocrx_word' id='word_1_814' title='bbox 2709 5176 2974 5255; x_wconf 76' lang='lat' dir='ltr'><strong>episcopis</strong></span> <span class='ocrx_word' id='word_1_815' title='bbox 3005 5185 3232 5240; x_wconf 64' lang='lat' dir='ltr'><strong>caeteris.</strong></span> <span class='ocrx_word' id='word_1_816' title='bbox 3284 5184 3521 5256; x_wconf 85' lang='lat' dir='ltr'><strong>Singulis</strong></span> <span class='ocrx_word' id='word_1_817' title='bbox 3544 5187 3700 5241; x_wconf 86' lang='lat' dir='ltr'><strong>enim</strong></span> 
     </span>
    </p>
   </div>
   <div class='ocr_carea' id='block_1_115' title="bbox 2124 5277 3699 5346">
    <p class='ocr_par' dir='ltr' id='par_1_115' title="bbox 2124 5277 3699 5346">
     <span class='ocr_line' id='line_1_115' title="bbox 2124 5277 3699 5346; baseline 0 -16"><span class='ocrx_word' id='word_1_818' title='bbox 2124 5277 2412 5345; x_wconf 84' lang='lat' dir='ltr'><strong>provinciis</strong></span> <span class='ocrx_word' id='word_1_819' title='bbox 2435 5277 2762 5346; x_wconf 56' lang='lat' dir='ltr'><strong>praeminet,</strong></span> <span class='ocrx_word' id='word_1_820' title='bbox 2786 5291 3011 5345; x_wconf 88' lang='lat' dir='ltr'><strong>quorum</strong></span> <span class='ocrx_word' id='word_1_821' title='bbox 3029 5278 3345 5334; x_wconf 88' lang='lat' dir='ltr'><strong>auctoritate</strong></span> <span class='ocrx_word' id='word_1_822' title='bbox 3368 5286 3425 5333; x_wconf 91' lang='lat' dir='ltr'><strong>et</strong></span> <span class='ocrx_word' id='word_1_823' title='bbox 3444 5278 3699 5332; x_wconf 79' lang='lat' dir='ltr'><strong>doctrina</strong></span> 
     </span>
    </p>
   </div>
   <div class='ocr_carea' id='block_1_116' title="bbox 2122 5364 3785 5436">
    <p class='ocr_par' dir='ltr' id='par_1_116' title="bbox 2122 5364 3785 5436">
     <span class='ocr_line' id='line_1_116' title="bbox 2122 5364 3785 5436; baseline 0.001 -15"><span class='ocrx_word' id='word_1_824' title='bbox 2122 5367 2297 5421; x_wconf 58' lang='lat' dir='ltr'><strong>caeteri</strong></span> <span class='ocrx_word' id='word_1_825' title='bbox 2328 5368 2635 5421; x_wconf 87' lang='lat' dir='ltr'><strong>sacerdotes</strong></span> <span class='ocrx_word' id='word_1_826' title='bbox 2679 5364 2903 5432; x_wconf 88' lang='lat' dir='ltr'><strong>subjecti</strong></span> <span class='ocrx_word' id='word_1_827' title='bbox 2929 5375 3071 5432; x_wconf 90' lang='lat' dir='ltr'><strong>sunt,</strong></span> <span class='ocrx_word' id='word_1_828' title='bbox 3111 5367 3227 5422; x_wconf 82' lang='lat' dir='ltr'><strong>sine</strong></span> <span class='ocrx_word' id='word_1_829' title='bbox 3251 5367 3445 5436; x_wconf 88' lang='lat' dir='ltr'><strong>quibus</strong></span> <span class='ocrx_word' id='word_1_830' title='bbox 3467 5365 3701 5431; x_wconf 88' lang='lat' dir='ltr'><strong>reliquis</strong></span> <span class='ocrx_word' id='word_1_831' title='bbox 3782 5422 3785 5423; x_wconf 30' lang='grc' dir='ltr'><em>ν</em></span> 
     </span>
    </p>
   </div>
   <div class='ocr_carea' id='block_1_117' title="bbox 2121 5445 3701 5528">
    <p class='ocr_par' dir='ltr' id='par_1_117' title="bbox 2121 5445 3701 5528">
     <span class='ocr_line' id='line_1_117' title="bbox 2121 5445 3701 5528; baseline -0.004 -17"><span class='ocrx_word' id='word_1_832' title='bbox 2121 5457 2384 5528; x_wconf 87' lang='lat' dir='ltr'><strong>episcopis</strong></span> <span class='ocrx_word' id='word_1_833' title='bbox 2408 5456 2539 5516; x_wconf 87' lang='lat' dir='ltr'><strong>nihil</strong></span> <span class='ocrx_word' id='word_1_834' title='bbox 2571 5470 2730 5526; x_wconf 83' lang='lat' dir='ltr'><strong>agere</strong></span> <span class='ocrx_word' id='word_1_835' title='bbox 2754 5454 2901 5520; x_wconf 86' lang='lat' dir='ltr'><strong>licet,</strong></span> <span class='ocrx_word' id='word_1_836' title='bbox 2934 5456 3037 5510; x_wconf 86' lang='lat' dir='ltr'><strong>nisi</strong></span> <span class='ocrx_word' id='word_1_837' title='bbox 3064 5445 3206 5526; x_wconf 84' lang='lat' dir='ltr'><strong>quod</strong></span> <span class='ocrx_word' id='word_1_838' title='bbox 3241 5456 3463 5527; x_wconf 85' lang='lat' dir='ltr'><strong>singulis</strong></span> <span class='ocrx_word' id='word_1_839' title='bbox 3493 5454 3546 5507; x_wconf 89' lang='lat' dir='ltr'><strong>in</strong></span> <span class='ocrx_word' id='word_1_840' title='bbox 3568 5465 3701 5521; x_wconf 80' lang='lat' dir='ltr'><strong>pm-</strong></span> 
     </span>
    </p>
   </div>
   <div class='ocr_carea' id='block_1_118' title="bbox 2070 5541 3699 5621">
    <p class='ocr_par' dir='ltr' id='par_1_118' title="bbox 2070 5541 3699 5621">
     <span class='ocr_line' id='line_1_118' title="bbox 2070 5541 3699 5621; baseline -0.007 -15"><span class='ocrx_word' id='word_1_841' title='bbox 2070 5554 2078 5562; x_wconf 78' lang='lat'><strong><em>‘</em></strong></span> <span class='ocrx_word' id='word_1_842' title='bbox 2124 5552 2236 5620; x_wconf 87' lang='lat' dir='ltr'><strong>pria</strong></span> <span class='ocrx_word' id='word_1_843' title='bbox 2263 5551 2515 5621; x_wconf 87' lang='lat' dir='ltr'><strong>parochia</strong></span> <span class='ocrx_word' id='word_1_844' title='bbox 2546 5549 2978 5605; x_wconf 87' lang='lat' dir='ltr'><strong>commendatum</strong></span> <span class='ocrx_word' id='word_1_845' title='bbox 3023 5556 3126 5605; x_wconf 90' lang='lat' dir='ltr'><strong>est.</strong></span> <span class='ocrx_word' id='word_1_846' title='bbox 3179 5545 3495 5604; x_wconf 90' lang='lat' dir='ltr'><strong>Sollicitudo</strong></span> <span class='ocrx_word' id='word_1_847' title='bbox 3545 5541 3699 5595; x_wconf 85' lang='lat' dir='ltr'><strong>enim</strong></span> 
     </span>
    </p>
   </div>
   <div class='ocr_carea' id='block_1_119' title="bbox 2128 5643 3700 5715">
    <p class='ocr_par' dir='ltr' id='par_1_119' title="bbox 2128 5643 3700 5715">
     <span class='ocr_line' id='line_1_119' title="bbox 2128 5643 3700 5715; baseline -0.008 -16"><span class='ocrx_word' id='word_1_848' title='bbox 2128 5645 2289 5701; x_wconf 86' lang='lat' dir='ltr'><strong>totius</strong></span> <span class='ocrx_word' id='word_1_849' title='bbox 2309 5645 2599 5715; x_wconf 77' lang='lat' dir='ltr'><strong>provincite</strong></span> <span class='ocrx_word' id='word_1_850' title='bbox 2628 5643 2727 5715; x_wconf 92' lang='lat' dir='ltr'><strong>ipsi</strong></span> <span class='ocrx_word' id='word_1_851' title='bbox 2752 5645 3035 5701; x_wconf 88' lang='lat' dir='ltr'><strong>commissa</strong></span> <span class='ocrx_word' id='word_1_852' title='bbox 3080 5650 3198 5709; x_wconf 88' lang='lat' dir='ltr'><strong>est,</strong></span> <span class='ocrx_word' id='word_1_853' title='bbox 3245 5649 3299 5693; x_wconf 90' lang='lat' dir='ltr'><strong>et</strong></span> <span class='ocrx_word' id='word_1_854' title='bbox 3321 5650 3507 5693; x_wconf 90' lang='lat' dir='ltr'><strong>omnes</strong></span> <span class='ocrx_word' id='word_1_855' title='bbox 3532 5646 3700 5709; x_wconf 84' lang='lat' dir='ltr'><strong>supe-_</strong></span> 
     </span>
    </p>
   </div>
  </div>
