3958 6326
232 339 331 399 801

1001 337 1098 406 un
1125 311 1561 395 autumnum
1598 335 2098 403 msmurtous,
2136 337 2269 395 ure
2330 354 2399 382 μ-
2439 339 2561 395 un.
2602 340 2639 394 ι.

3343 347 3447 404 311τέ-

228 456 343 513 rius
365 451 628 524 designati
653 451 890 515 ordines,
930 467 1038 507 uno
1076 450 1368 521 eodemque
1390 450 1645 506 vocabulo
1660 451 1783 523 ppiv
1812 451 1860 511 Α
1887 447 2081 502 dicitur
2100 460 2121 500 ':
2154 446 2334 503 Gloria
2355 466 2536 504 senum
2571 450 2786 504 canities
2821 447 3001 522 (Prov.
3038 456 3149 524 xx),
3190 466 3244 512 et
3276 459 3440 517 im“;

225 545 379 616 scopi
401 542 765 609 nominantur,
803 541 896 597 sed
925 541 1134 611 privato
1159 540 1372 595 nomine
1398 540 1609 611 quidem
1635 547 1787 592 utun-

224 645 314 690 tur
335 640 557 704 propter
580 630 973 687 distinctionem
1008 635 1331 699 potestatum
1360 642 1519 697 quam
1546 625 1783 697 singula-

225 725 358 778 riter
386 729 728 791 acceperunt.
761 719 1195 789 Metropolitanus
1240 725 1422 786 autem
1464 716 1605 770 idem
1632 730 1787 770 voca-

224 818 331 875 tur,
378 824 444 864 eo
470 809 612 879 quod
636 809 919 879 praesideat
952 806 1027 861 illi
1066 805 1292 870 civitati,
1324 820 1442 877 quae
1470 803 1681 859 ca'teris
1710 804 1785 859 ci-

220 898 478 954 vitatibus
530 898 584 953 in
642 899 828 953 eadem
870 895 1145 967 provincia
1192 893 1494 949 constitutis
1526 894 1783 962 quedam-

219 987 380 1044 modo
405 996 581 1044 mater
605 988 693 1044 sit.
736 987 1041 1057 Metropolis
1074 983 1378 1062 μητρόπολις
1404 997 1530 1053 ergo
1574 981 1779 1049 Graece,

218 1089 395 1135 mater
431 1075 707 1135 civitatum
752 1079 1153 1146 interpretatur.
1210 1074 1558 1145 Episcopatus
1605 1084 1779 1139 autem

216 1170 533 1227 Vocabulum
568 1170 691 1225 inde
715 1167 934 1231 dictum,
978 1166 1120 1235 quod
1145 1165 1233 1221 ille
1279 1168 1369 1236 qui
1394 1168 1781 1238 supereﬂicitur

213 1260 620 1330 superintendat
643 1298 658 1325 ,
704 1271 890 1313 curam
930 1255 1132 1310 scilicet
1179 1256 1516 1311 subditorum
1564 1272 1774 1328 gerens.

215 1346 443 1417 Scopein
472 1355 683 1403 σκοπεῖν
711 1343 1073 1406 ειιὶιιιηιιιιῑὶιιθ
1106 1343 1383 1399 intendere
1406 1344 1617 1400 dicitur.
1654 1346 1778 1417 Epi-

208 1437 361 1506 scopi
388 1438 658 1493 ἕπίσκοποι
714 1441 893 1488 autem
931 1432 1139 1497 Gratee,
1180 1430 1370 1488 Latine
1414 1436 1777 1504 speculatores

207 1526 329 1582 sive
370 1522 871 1594 superintendentes
920 1518 1356 1594 interpretantur.
1417 1524 1549 1580 Nam
1587 1541 1775 1597 specu-

209 1615 349 1670 lator
375 1622 458 1669 est
478 1611 797 1683 praepositus
822 1610 877 1666 in
903 1611 1142 1687 Ecclesia
1159 1611 1361 1677 dictus,
1394 1628 1459 1670 eo
1484 1616 1628 1684 quod
1659 1628 1775 1686 spe-

207 1705 418 1761 culetur
440 1713 602 1774 atque
626 1702 914 1773 prospiciat
961 1703 1276 1774 populorum
1307 1704 1445 1759 infra
1489 1718 1547 1760 se
1573 1706 1773 1775 posito-

1888 535 2115 591 Canities
2154 538 2375 594 hominis
2400 541 2675 610 prudentia
2710 542 2841 610 ejus.
2872 543 3021 602 Unde
3056 554 3111 600 et
3139 548 3275 616 apud
3302 562 3444 607 vete-

1885 640 1973 680 res
2020 625 2160 680 idem
2212 637 2267 683 et
2311 630 2543 700 episcopi
2578 640 2634 684 et
2683 634 2978 704 presbyteri
3024 635 3255 702 fuerunt.
3310 641 3443 708 Quia

1884 714 2010 769 illud
2028 718 2519 787 uomendignitatis
2540 730 2644 785 est,
2667 722 2768 777 hoc
2788 725 2977 780 aetatis.
3010 727 3072 779 Et
3095 727 3289 785 Paulus
3316 748 3442 801 apo-

1882 805 2051 860 stolus
2080 807 2147 860 ad
2173 808 2350 863 Titum
2379 811 2622 867 scribens
2662 832 2674 866 :
2708 813 2905 883 Hujus,
2936 817 3121 885 inquit,
3162 820 3234 872 rei
3273 824 3442 889 gratia

1881 890 2137 962 reliqui1e
2162 893 2359 961 Crette,
2384 906 2440 950 ut
2466 914 2529 952 ea
2547 916 2661 968 qum
2691 900 2885 953 desunt
2903 905 3150 972 corrigas,
3178 917 3224 976 et
3247 908 3440 961 consti-

1880 990 1999 1034 tuas
2029 998 2121 1050 per
2155 983 2382 1039 civitates
2409 988 2752 1057 presbyteros,
2789 994 2919 1045 sicut
2951 1010 3041 1064 ego
3063 996 3156 1049 tibi
3186 997 3435 1067 disposui,

1878 1071 1923 1123 si
1948 1072 2062 1140 quis
2090 1072 2202 1127 sine
2228 1076 2444 1130 crimine
2476 1086 2549 1130 est
2576 1080 2729 1135 unius
2753 1085 2928 1137 uxoris
2959 1085 3051 1149 vir,
3073 1086 3212 1153 ﬁlios
3248 1088 3440 1149 habens

1876 1161 2075 1230 ﬁdeles,
2108 1179 2210 1219 non
2235 1165 2289 1219 in
2321 1169 2650 1223 accusatione
2670 1170 2926 1237 luxuria;
2952 1185 3042 1228 aut
3075 1194 3176 1231 non
3208 1179 3440 1234 subditos

1879 1253 2129 1325 (Tit.ut).
2168 1255 2237 1309 Et
2270 1258 2452 1312 statim
2487 1259 2757 1331 subjungit
2789 1281 2803 1315 :
2833 1261 3045 1333 Oportet
3079 1268 3213 1321 enim
3245 1270 3439 1338 episco-

1874 1362 1995 1415 pum
2038 1347 2149 1402 sine
2175 1348 2393 1404 crimine
2416 1366 2557 1417 esse,
2584 1352 2716 1406 sicut
2744 1353 2839 1407 Dei
2878 1355 3302 1424 dispensatorem,
3335 1376 3437 1415 non

1874 1438 2170 1505 superbum,
2208 1455 2311 1493 non
2331 1440 2666 1508 iracundum,
2698 1459 2802 1497 non
2834 1444 3165 1511 vinolentum,
3196 1463 3296 1502 non
3317 1466 3436 1519 per-

1873 1541 2154 1591 cussorem,
2184 1534 2289 1582 etc.
2324 1527 2514 1599 (lbid.)
2531 1530 2676 1585 Etad
2700 1531 3069 1602 Philippenscs
3090 1536 3356 1607 episcopis
3381 1547 3435 1595 et

1873 1616 2183 1672 diaconihus
2206 1612 2422 1685 scribit,
2450 1635 2572 1674 cum
2600 1637 2703 1676 una
2736 1624 2925 1679 civitas
2951 1625 3129 1694 plures
3155 1629 3449 1699 episcopos,

1872 1703 2069 1759 habere
2087 1720 2193 1761 non
2214 1707 2402 1775 possit,
2420 1708 2512 1763 sed
2537 1708 2637 1763 sub
2661 1710 3032 1780 episcoporum
3053 1716 3266 1770 nomine
3279 1732 3432 1786 pres-

204 1808 325 1848 rum
354 1806 531 1848 mores
560 1801 614 1847 et
637 1792 821 1858 vitam,
861 1792 1071 1848 intimet
1118 1794 1406 1863 unicuique
1444 1803 1594 1849 actus
1620 1809 1765 1860 suos,
1798 1784 1842 1843 Β
1869 1795 2086 1865 byteros
2107 1798 2419 1867 complexus
2433 1807 2534 1853 est.
2564 1798 2689 1855 ideo
2718 1808 2896 1858 autem
2929 1805 3227 1877 presbyteri
3254 1784 3435 1861 sacer-

203 1882 344 1936 sicut
366 1881 623 1937 Dominus
640 1883 707 1935 ad
728 1880 1060 1936 Ezechielem
1078 1881 1213 1935 dixit
1232 1882 1566 1951 prophetam.
1597 1882 1666 1936 Et
1687 1894 1764 1948 tu,

201 1970 397 2040 inquit,
419 1968 499 2038 ﬁli
516 1969 761 2036 hominis,
784 1969 1155 2041 speculatOrem
1176 1971 1295 2025 dedi
1315 1981 1364 2025 te
1386 1971 1565 2026 domui
1578 1971 1764 2027 Israel.

200 2060 577 2131 Audiens'ergo
599 2077 663 2115 ea:
711 2060 798 2115 ore
838 2077 951 2115 meo
981 2077 1285 2125 sermonem,
1318 2063 1653 2117 annuntiabis
1690 2066 1765 2118 eis

196 2168 265 2205 es;
303 2167 403 2204 tne.
452 2150 513 2206 Si
553 2168 632 2206 me
668 2150 870 2205 dicente
914 2152 983 2204 ad
1034 2151 1248 2221 impium
1294 2162 1458 2206 morte
1502 2156 1761 2220 morieris,

198 2259 302 2297 non
336 2243 500 2312 fueris
546 2241 750 2296 locutus
780 2231 835 2296 ut
862 2257 917 2296 se
948 2243 1206 2296 custodiat
1240 2244 1429 2312 impius
1467 2259 1499 2296 a
1540 2246 1622 2299 via
1642 2262 1760 2311 sua,

195 2334 306 2402 ipse
342 2333 532 2403 impius
587 2333 642 2386 in
693 2332 963 2402 iniquitate
1006 2348 1103 2386 sua
1148 2333 1416 2401 morietur,
1457 2336 1762 2404 sanguinem

190 2433 370 2478 autem
389 2424 503 2493 ejus
522 2423 585 2476 de
606 2439 765 2476 manu
780 2431 871 2476 tua
888 2424 1167 2492 requirant,
1190 2431 1294 2478 etc.
1313 2423 1526 2493 (Ezech.
1542 2424 1757 2495 χχχιιι).

190 2508 443 2567 Pontifex
472 2512 721 2582 princeps
750 2512 1085 2567 sacerdotum
1107 2520 1212 2577 est,
1242 2514 1395 2582 quasi
1420 2513 1505 2569 via
1529 2530 1758 2585 sequen-

192 2604 331 2658 tium
360 2620 375 2659 :
405 2604 520 2673 ipse
539 2612 601 2660 et
623 2619 865 2658 summus
886 2604 1159 2669 sacerdos,
1184 2604 1297 2673 ipse
1328 2603 1567 2673 pontifex
1592 2606 1759 2660 maxi-

190 2708 315 2749 mus
350 2700 707 2761 nuncupatur.
743 2692 861 2761 Ipse
889 2693 1032 2748 enim
1076 2691 1237 2748 edicit
1269 2694 1574 2750 sacerdotes
1597 2704 1757 2765 atque

188 2777 439 2846 Lievitas,
489 2781 602 2849 ipse
629 2795 817 2836 omnes
840 2780 1055 2835 ordines
1080 2772 1472 2836 eeclesiastidos
1502 2782 1753 2851 disponit,

186 2872 306 2942 ipse
334 2871 461 2940 quid
488 2871 851 2940 unusquisque
879 2868 1057 2925 facere
1087 2870 1296 2936 debeat,
1326 2872 1577 2926 ostendit.
1602 2870 1755 2926 Anti-

185 2971 300 3017 stes
330 2969 508 3015 autem
533 2961 673 3015 idem
700 2960 876 3015 dictus
923 2968 1030 3024 est,
1061 2973 1126 3013 eo
1147 2961 1286 3029 quod
1312 2968 1435 3015 ante
1463 2968 1587 3017 stet.
1638 2960 1754 3016 Pri-

186 3070 309 3108 mus
338 3054 482 3107 enim
520 3060 602 3107 est
646 3053 699 3106 in
729 3046 931 3107 ordine
953 3051 1226 3115 Ecclesiae,
1282 3062 1337 3121 et
1363 3068 1523 3122 supra
1548 3068 1608 3109 se
1635 3052 1752 3107 nul-

1868 1888 2022 1942 dotes
2063 1896 2344 1953 vocantur,
2382 1890 2507 1957 quia
2537 1904 2751 1947 sacrum
2784 1892 2946 1958 dant,
2992 1892 3130 1948 sicut
3173 1896 3429 1965 episcopi,

1867 1976 1921 2029 id
1964 1983 2065 2042 est,
2106 1977 2161 2031 in
2195 1976 2532 2033 confectione
2573 1980 2741 2036 divini
2773 1984 3015 2052 corporis
3050 1992 3105 2039 et
3133 1987 3427 2056 sanguinis,

1864 2074 1919 2119 et
1954 2065 2007 2119 in
2036 2065 2375 2135 baptismate,
2405 2069 2540 2123 etin
2578 2069 2753 2125 oﬂicio
2790 2072 3132 2140 praedicandi.
3166 2072 3271 2128 Sed
3307 2074 3431 2131 licet

1865 2155 1972 2209 sint
2012 2155 2343 2221 sacerdotes,
2377 2164 2563 2212 tamen
2595 2158 2936 2227 pontificatus
2961 2160 3167 2231 apicem
3199 2177 3304 2219 non
3334 2164 3429 2218 ha-

1864 2242 2157 2311 bent,un
2171 2258 2273 2298 nec
2284 2244 2577 2299 chrismate
2589 2245 2818 2300 frontem
2834 2247 3069 2319 signant,
3085 2251 3407 2319 necparacle

1862 2340 1974 2385 tum
1993 2333 2243 2403 spiritum
2269 2335 2421 2399 dant,
2450 2334 2592 2404 quod
2616 2335 2743 2399 solis
2771 2337 3036 2409 episcopis
3061 2340 3243 2396 deberi
3266 2340 3425 2405 lectio

1860 2420 2025 2477 Actus
2055 2422 2417 2493 apostolorum
2456 2425 2822 2492 demonstrat;
2854 2443 2957 2483 nec
2989 2430 3240 2486 ordinare
3267 2432 3426 2486 cleri-

1859 2526 1950 2566 cos
1983 2512 2034 2566 in
2063 2510 2233 2568 sacris
2263 2513 2541 2571 ordinibus
2562 2523 2806 2585 possunt,
2843 2517 2984 2586 quod
3010 2519 3275 2589 episcopis
3300 2536 3424 2589 pro-

1854 2611 1976 2671 pter
2017 2602 2279 2657 unitatem
2324 2612 2379 2666 et
2428 2604 2776 2670 concordiam
2817 2615 3142 2666 reservatur.
3190 2607 3422 2668 Secundi

1857 2708 1985 2749 vero
2022 2695 2227 2751 ordinis
2260 2694 2362 2749 viri
2401 2696 2702 2765 presbyteri
2749 2704 2897 2763 sunt,
2955 2713 3185 2768 quorum
3238 2708 3420 2770 typum

1806 2803 1809 2805 ’
1853 2786 2210 2857 praeférebant
2234 2785 2377 2840 LXX
2411 2786 2511 2841 viri
2534 2787 2588 2841 in
2624 2785 2803 2843 Veteri
2830 2789 3195 2854 Testamento,
3228 2790 3281 2847 in
3304 2792 3423 2861 qui-

1854 2879 1953 2934 bus
1986 2878 2243 2935 Dominus
2273 2879 2520 2948 spiritum
2562 2878 2726 2949 Hoysi
2769 2880 3100 2952 propagavit,
3136 2890 3196 2937 ut
3225 2882 3421 2947 talibus

1853 2969 2187 3038 adjutoribus
2222 2984 2351 3025 usus
2388 2969 2441 3023 in
2470 2968 2683 3039 populo,
2717 2969 3028 3025 innumeras
3055 2971 3421 3029 multitudines

1855 3060 2011 3117 facile
2039 3062 2381 3133 gubernaret.
2419 3059 2511 3116 Sic
2537 3067 2591 3115 et
2612 3067 2850 3130 paternae
2874 3060 3220 3131 plenitudinis
3242 3063 3418 3120 abun-

180 3142 294 3197 lum
330 3142 491 3210 habet
514 3143 869 3196 sacerdotem.
902 3139 1164 3196 Sacerdos
1190 3119 1404 3210 quidem
1429 3119 1626 3196 nomen
1656 3142 1750 3195 ba-

1856 3119 2347 3207 dantiavtranstusa
2398 3160 2482 3207 est
2516 3152 2570 3206 in
2613 3119 2893 3212 Eleazaro.
2928 3160 2985 3207 et
3026 3152 3313 3219 lthamaro,
3361 3163 3421 3211 ut

178 3235 275 3289 bet
322 3233 677 3301 compositum
704 3246 769 3286 ex
800 3230 986 3285 Greco
1025 3240 1079 3284 et
1101 3230 1313 3296 Latino,
1360 3232 1514 3301 quasi
1538 3246 1750 3286 sacrum

120 3346 127 3356 ο
178 3325 338 3379 dans.
371 3324 656 3393 Dispensat
677 3337 807 3392 ergo
834 3322 1084 3393 mysteria
1110 3321 1371 3388 cmlestia,
1399 3322 1641 3378 ﬁdelibus
1664 3322 1751 3378 ba-

175 3416 441 3483 ptismum
473 3415 655 3479 tradit,
702 3402 896 3482 corpus
923 3420 980 3466 et
1006 3412 1316 3481 sanguinem
1342 3412 1540 3467 Christi
1569 3413 1749 3468 distri-

178 3506 318 3570 buit,
353 3513 409 3559 et
451 3504 670 3559 verbum
702 3504 795 3557 Dei
833 3500 1117 3572 praedicat.
1155 3501 1418 3558 Sacerdos
1448 3512 1627 3558 autem
1654 3519 1747 3559 vo-

175 3594 289 3647 cari
320 3600 519 3663 potest,"
576 3593 689 3647 sive
713 3592 992 3661 episcopus
1021 3591 1109 3656 sit,
1136 3592 1249 3646 sive
1289 3593 1589 3662 presbyter.
1622 3592 1746 3662 Epi-

172 3682 327 3752 scopi
360 3690 539 3736 autem
569 3680 930 3750 apostolorum
986 3680 1161 3734 vicem
1196 3680 1247 3734 in
1277 3679 1513 3735 Ecclesia
1542 3688 1743 3748 tenent,

172 3772 318 3826 sicut
339 3787 502 3841 supra
533 3771 784 3824 diximus.
823 3769 889 3823 Et
912 3769 1277 3839 chorcpisc0pi
1306 3769 1397 3839 qui
1416 3770 1598 3824 vicarii
1621 3781 1746 3826 sunt

170 3862 577 3929 episcoporum,
594 3858 660 3912 ad
676 3858 979 3927 exemplum
1004 3855 1141 3912 LXX
1169 3859 1437 3917 seniorum
1464 3860 1742 3914 constituti

166 3960 334 4017 sunt;
366 3966 467 4006 nec
491 3950 691 4019 aliquid
720 3950 800 4004 eis
824 3950 994 4020 magis
1014 3949 1136 4004 licet
1162 3949 1215 4003 in
1238 3949 1474 4005 Ecclesia
1494 3951 1743 4006 ordinare

172 4049 263 4094 aut
288 4040 645 4104 constituere,
702 4038 805 4093 nisi
833 4046 1089 4107 quantum
1114 4038 1194 4093 eis
1217 4040 1526 4094 conceditur
1550 4054 1583 4093 a
1613 4040 1740 4111 legi-

169 4132 321 4185 timis
349 4128 639 4200 episcopis,
682 4130 771 4199 qui
822 4129 1001 4184 sedem
1040 4136 1095 4183 et
1127 4130 1361 4199 regimen
1394 4131 1658 4202 integrum
1684 4133 1737 4185 in

169 4221 430 4277 Ecclesiis
480 4219 743 4275 obtinent.
796 4219 1042 4275 Ordinati
1089 4227 1218 4275 sunt
1261 4228 1438 4275 autem
1490 4222 1736 4291 chorepi-

169 4314 317 4381 scopi
340 4320 569 4381 propter
589 4325 882 4381 pauperum
908 4325 1113 4377 curam,
1144 4310 1234 4381 qui
1264 4312 1315 4365 in
1342 4311 1480 4380 agris
1508 4320 1563 4366 et
1600 4312 1736 4367 villis

167 4408 497 4470 consistunt,
523 4420 591 4459 ne
624 4404 703 4459 eis
746 4404 992 4458 solatium
1040 4402 1461 4459 confirmationis
1505 4404 1732 4459 deesset.

1850 3242 1916 3296 ad
1945 3242 2148 3312 hostias
2176 3242 2439 3297 salutares
2453 3251 2506 3298 et
2527 3240 2905 3312 frequentioris
2927 3241 3082 3298 ollicii
3109 3258 3419 3301 sacramen-

1849 3342 2000 3398 tum,
2059 3332 2416 3388 ministerium
2471 3331 2736 3388 sumceret
2790 3334 3149 3388 sacerdotum.
3216 3332 3307 3390 Sic
3361 3344 3417 3389 et

1847 3427 2102 3497 apostolis
2153 3426 2395 3491 Christi,
2450 3424 2698 3481 doctores
2726 3466 2739 3491 ,
2799 3424 2920 3481 ﬁdei
2970 3428 3197 3482 comites
3248 3428 3413 3482 additi

1845 3526 1990 3578 sunt,
2033 3516 2229 3585 quibus
2264 3515 2340 3569 illi
2369 3516 2555 3570 orbem
2602 3523 2771 3570 totum
2811 3516 3062 3575 secundis
3097 3517 3413 3586 praedicaton

1846 3610 1994 3664 ribus
2031 3608 2420 3678 impleverunt,
2463 3616 2520 3663 et
2563 3622 2661 3677 per
2698 3607 3061 3678 evangelicae]
3112 3610 3411 3665 doctrinam

1847 3697 2221 3753 dilataverunt.
3260 3694 3263 3697 '

2442 3808 2669 3867 CAPUT
2709 3807 2816 3866 VII.

2445 3919 2521 3975 De
2543 3920 2798 3999 diaconis.

1916 4050 2113 4105 Levita:
2134 4064 2203 4104 ex
2227 4049 2441 4103 nomine
2460 4048 2695 4103 auctoris
2722 4049 2920 4114 vocati,
2951 4050 3018 4105 de
3045 4052 3260 4118 nomine
3284 4052 3413 4109 Levi

1844 4138 2046 4195 Levita:
2078 4137 2251 4192 exorti
2274 4144 2421 4199 sunt,
2459 4150 2490 4193 a
2517 4135 2793 4204 quibusin
2830 4138 3029 4206 templo
3052 4139 3169 4205 Dei,
3201 4144 3411 4212 mystici

1844 4228 2168 4284 sacramenti
2228 4226 2483 4296 mysteria
2531 4227 2899 4296 explebantur.
2956 4229 3218 4302 Praecepit
3266 4235 3409 4289 enim

1845 4318 2104 4374 Dominus
2146 4327 2204 4372 et
2239 4316 2375 4371 dixit
2402 4314 2470 4369 ad
2501 4313 2717 4385 Moysen
2738 4355 2753 4381 ,
2782 4324 2844 4370 ut
2874 4326 2996 4387 post
3014 4300 3404 4380 ordinationem

1842 4399 2020 4464 Aaron
2051 4406 2345 4464 sacerdotis
2366 4414 2422 4460 et
2450 4404 2680 4468 ﬁliorum
2708 4405 2845 4475 ejus,
2870 4421 3053 4464 rursus
3078 4408 3207 4466 Levi
3235 4411 3407 4469 tribus

168 4497 309 4552 Dicti
338 4505 470 4551 sunt
513 4502 692 4549 autem
738 4494 1128 4565 chorepiscopi.
1165 4495 1290 4563 quia
1318 4495 1382 4549 de
1405 4496 1569 4549 choro
1609 4503 1733 4549 sunt
1765 4476 1813 4532 θ
1840 4504 1893 4557 ἰη
1926 4500 2094 4555 divini
2130 4498 2304 4553 cultus
2341 4496 2599 4566 mysterio
2638 4496 2993 4565 ordinaretur,
3025 4507 3079 4553 et
3120 4514 3405 4556 consecra-

165 4587 511 4641 sacerdotum
536 4601 550 4650 ;
603 4584 653 4637 hi
677 4591 857 4637 autem
884 4596 913 4634 a
943 4582 1058 4637 solo
1087 4583 1338 4653 episcopo
1384 4584 1615 4639 civitatis
1649 4583 1734 4638 cui

165 4676 420 4745 adjacent
448 4673 782 4739 ordinantur,
828 4673 983 4727 sicut.
1004 4674 1325 4744 presbyteri.

774 4784 1000 4841 CAPUT
1050 4785 1137 4839 Vl.

724 4856 801 4910 De
859 4855 1182 4924 presbyteris.

226 4950 683 5020 Presbyterorum
724 4948 857 5002 ordo
879 4947 1157 5002 exordium
1181 4948 1406 5016 sumpsit
1432 4964 1461 5002 a
1499 4949 1639 5013 ﬁliis,
1672 4958 1730 5003 ut

157 5044 362 5097 dictum
410 5049 515 5104 est,
555 5040 753 5093 Aaron.
802 5038 901 5105 Qui
944 5038 1085 5093 enim
1128 5039 1430 5093 sacerdotes
1470 5041 1521 5092 in
1549 5040 1726 5095 Veteri

157 5132 511 5186 Testamento
540 5130 890 5193 vocabuntur,
923 5129 976 5183 hi
999 5136 1125 5181 sunt
1156 5130 1245 5197 qui
1286 5144 1427 5184 nunc
1456 5130 1724 5197 appellan-

158 5237 242 5277 tur
287 5220 625 5293 presbyteri;
673 5226 728 5272 et
777 5219 867 5287 qui
906 5226 1031 5274 tunc
1073 5220 1319 5289 princeps
1368 5218 1723 5281 sacerdotum,

157 5330 297 5369 nunc
322 5314 613 5383 episcopus
631 5318 869 5365 vocatur.
898 5309 1183 5379 Presbyter
1202 5312 1548 5385 πρεσϐύτερος
1578 5310 1721 5364 enim

151 5410 361 5469 Crzece,
407 5402 600 5455 Latine
636 5402 815 5464 senior
860 5402 1255 5470 interpretatur.
1286 5400 1399 5454 Non
1426 5417 1522 5470 pro
1564 5408 1722 5454 aetate

1839 4599 2024 4646 rentur
2052 4588 2275 4643 Domino
2314 4600 2414 4656 pro
2450 4585 2701 4641 erunibus
2741 4586 3133 4656 primogenitis,
3154 4595 3209 4643 et
3237 4592 3407 4645 sem-

1839 4690 1958 4738 rent
1974 4696 2074 4752 pro
2094 4679 2259 4735 Israel
2288 4692 2467 4733 coram
2489 4676 2668 4731 Aaron
2698 4685 2754 4732 et
2779 4677 2902 4732 ﬁliis
2924 4677 3039 4747 ejus
3072 4679 3126 4734 in
3153 4680 3399 4737 taberna-

1840 4776 1959 4833 culo
1978 4772 2185 4829 Domini
2214 4771 2547 4825 excubantes
2576 4769 2625 4822 in
2650 4768 2849 4839 templo
2867 4769 2956 4823 die
2980 4784 3043 4825 ac
3067 4778 3243 4835 nocte,
3272 4771 3401 4840 ipsi-

1836 4879 1939 4935 que
1961 4856 2232 4933 gestarent
2259 4872 2439 4912 arcam
2459 4866 2515 4911 et
2545 4856 2964 4920 tabernaculum,
2993 4865 3046 4911 et
3069 4858 3248 4911 omnia
3270 4875 3396 4913 vasa

1834 4955 1971 5024 ejus,
2000 4959 2054 5004 et
2082 4952 2133 5003 in
2157 4948 2386 5003 circuitu
2412 4945 2739 5001 tabernaculi
2761 4952 2939 5000 castra
2967 4945 3065 5015 ipsi
3098 4948 3393 5003 constitue-

1833 5052 1983 5107 rent,
2007 5050 2062 5095 et
2087 5041 2139 5093 in
2161 5036 2523 5109 promovendo
2550 5034 2896 5093 tabernaculo
2922 5036 3022 5105 ipsi
3045 5038 3393 5107 deponerent,

1830 5142 1883 5189 et
1909 5145 2093 5187 rursus
2120 5129 2216 5199 ipsi
2238 5129 2584 5195 deponerent,
2613 5132 2668 5179 et
2696 5141 2882 5181 rursus
2900 5126 2997 5194 ipsi
3012 5140 3391 5195 componerent

1830 5223 2023 5297 (Exod.
2042 5219 2209 5289 xxix).
2226 5218 2289 5271 Hi
2304 5216 2488 5271 Graece
2501 5215 2753 5271 diacones
2767 5214 3010 5281 διάκονις,
3028 5214 3216 5279 Latine
3230 5216 3388 5270 mini—

1831 5315 1925 5369 stri
1943 5313 2213 5372 dicuntur,
2236 5306 2378 5377 quod
2398 5305 2540 5371 sicut
2568 5306 2621 5359 in
2645 5305 2923 5375 sacerdote
2944 5305 3389 5369 consecratioﬁta

1830 5411 1883 5457 et
1900 5403 1951 5456 in
1967 5401 2191 5456 diacono
2207 5395 2493 5451 ministerii
2512 5393 2839 5462 dispensatio
2854 5394 3093 5453 habetur.
3118 5392 3175 5445 lu
3203 5389 3389 5444 Veteri

155 5512 330 5556 autem
361 5496 449 5553 vel
480 5495 747 5563 decrepita
780 5503 1071 5560 senectute,
1101 5493 1190 5549 sed
1220 5503 1437 5564 propter
1461 5495 1719 5558 honorem
1814 5492 2169 5549 Testamento
2200 5486 2615 5566 excubabautfin
2641 5482 2980 5542 tabernaculo
3008 5480 3293 5541 testimonii
3322 5482 3389 5534 ad

152 5605 207 5645 ct
232 5591 555 5662 dignitatem
585 5593 641 5639 et
676 5585 967 5639 doctrinam
1004 5585 1276 5653 sapienti-.e
1312 5599 1468 5651 quam
1499 5598 1719 5651 accepe-

154 5695 294 5753 runt,
346 5678 651 5754 presbyteri
688 5678 1047 5744 nominantur,
1093 5678 1229 5731 sicut
1268 5692 1363 5745 per
1391 5674 1715 5745 Sapientiam

1824 5588 2089 5653 praecepta
2122 5578 2321 5641 Aaron,
2350 5584 2402 5629 et
2425 5574 2490 5629 ad
2516 5583 2705 5629 cuncta
2728 5569 2886 5643 opera
2912 5570 3271 5633 tabernaculi;
3301 5583 3391 5623 ve-

1826 5680 2122 5731 rumtamen
2157 5669 2224 5723 ad
2247 5681 2376 5723 vasa
2411 5665 2700 5722 sanctuarii
2724 5672 2777 5719 et
2804 5663 2870 5719 ad
2897 5660 3063 5716 altare
3094 5674 3199 5723 non
3228 5672 3387 5714 acce-
