3958 6358
452 350 570 408 ωδ

1107 344 1169 400 Β.
1210 345 1462 401 MBAN!
1498 343 1716 399 MAURI
1747 340 2022 398 ARClllEl

2124 338 2415 395 lfOGUN'I‘.
2456 338 2740 395 OPERUM
2777 337 2955 395 PARS
2990 340 3031 395 l.

3584 342 3689 398 snt

448 461 688 526 debant,
721 457 855 514 sicut
899 457 1252 514 mandaverat
1277 457 1534 512 Dominus
1560 456 1741 510 Aaron
1786 456 1972 512 dicens
1996 471 2022 528 j.
2054 454 2102 512 Α
2132 452 2182 505 in
2205 453 2492 523 Evangelio
2516 451 2759 518 Joannis,
2787 452 2965 507 divina
2987 454 3286 524 proditione
3312 457 3694 520 commonitus,

453 551 597 605 Ecce
625 547 747 603 dedi
769 547 910 602 vobis
933 546 1126 616 fratres
1155 555 1347 600 vestros
1371 545 1576 599 Lcoitas
1602 546 1668 600 de
1686 545 1858 599 medio
1889 543 2029 613 [ilio-

356 663 361 669 ·
458 658 577 695 runt
620 637 814 705 Israel,
854 647 904 692 et
937 638 1135 692 tradidi
1177 636 1372 690 donum
1409 636 1659 701 Domino,
1699 645 1758 690 ut
1801 635 2030 689 serviant

455 732 514 786 in
552 729 854 784 ministeriis
889 726 1211 780 tabernaculi
1253 725 1402 794 ejus;
1435 734 1493 776 tu
1529 735 1703 778 autem
1739 736 1789 779 et
1813 725 1923 798 ﬁlii
1951 727 2028 778 tui

457 797 714 876 custodite
738 817 1087 873 sacerdotium
1118 826 1362 880 vestrum,
1391 823 1440 868 et
1476 817 1652 869 omnia
1682 834 1799 886 qua:
1818 797 1898 870 ad
1922 816 2028 869 cul-

455 921 570 964 tum
597 907 1132 977 ιιιιιιιὶιρεηὶιιειυβι
1150 906 1289 958 intra
1317 904 1482 958 velum
1508 915 1651 969 sunt,
1667 921 1760 975 per
1779 907 2024 960 sacerdo-

457 1011 533 1055 tes
556 997 1088 1062 administrabantur,
1117 1003 1223 1050 etc.
1263 993 1409 1066 (Nan.
1439 1035 1452 1047 .
1484 994 1664 1066 xvtn.)
1687 995 1758 1048 lli
1785 997 2023 1066 aviginti

451 1087 874 1161 quinqueannis
900 1094 958 1140 et
979 1100 1142 1156 supra
1163 1084 1632 1156 ingrediebantur,
1659 1092 1724 1138 ut
1748 1085 2021 1139 ministra-

444 1190 572 1238 rent
588 1180 643 1232 in
659 1174 1005 1232 tabernaculo
1023 1174 1264 1239 fmderis,
1277 1188 1506 1242 cumque
1524 1174 2021 1244 quinquagesimum

445 1283 651 1328 annum
687 1266 864 1321 atatis
890 1264 1180 1333 explebant
1208 1263 1415 1318 servire
1443 1263 1748 1326 cessabant,
1788 1269 1844 1314 ct
1865 1269 2022 1314 erant

449 1357 683 1413 ministri
724 1355 951 1410 fratrum
976 1368 1193 1408 suorum
1224 1352 1276 1404 in
1313 1351 1658 1405 tabernaculo
1687 1350 1930 1414 fmderis,
1959 1357 2022 1403 ut

450 1449 787 1505 custodirent
833 1460 956 1515 qua:
990 1444 1092 1498 sibi
1126 1441 1342 1495 fuerant
1368 1443 1762 1496 commendata.
1791 1441 1849 1494 In
1873 1441 2021 1495 Novo

450 1553 631 1599 autem
656 1540 1001 1597 Testamento
1024 1537 1249 1608 apostoli
1271 1545 1476 1606 septem
1509 1536 1788 1601 diaconos,
1803 1544 2022 1607 propter

365 1691 370 1696 ,
445 1643 844 1691 sacramentum
876 1628 1116 1698 ejusdem
1149 1629 1359 1682 numeri
1397 1629 1790 1682 ordinaverunt
1818 1628 1885 1682 ad
1919 1628 2020 1682 mi-

442 1727 730 1782 nisterium
761 1737 979 1778 sacrum
1015 1729 1072 1776 et
1103 1718 1338 1775 cilicium
1378 1718 1595 1782 altaris,
1638 1718 1731 1788 qui
1769 1717 2022 1786 leguntur

442 1820 608 1874 etiam
632 1825 688 1871 et
705 1815 1058 1888 praedicasse,
1093 1821 1152 1867 et
1183 1812 1484 1881 baptizasse
1511 1827 1618 1866 non
1645 1787 1866 1880 paucos,
1902 1810 2010 1864 sie-
2046 1787 2094 1845 Β

443 1917 507 1962 ιιι
538 1914 758 1962 sanctum
806 1904 1112 1973 Stephanus
1142 1901 1434 1969 disputavit
1475 1908 1661 1954 contra
1693 1899 1937 1962 Judazos,
1963 1907 2020 1954 et

399 2060 402 2063 ,
442 1996 742 2066 Philippus,
771 1994 1047 2065 baptizata
1071 1992 1337 2055 eunucho,
1368 1990 1755 2060 evangelizavit
1785 1990 2018 2043 civitati-

442 2091 546 2143 bus
573 2089 804 2151 cunctis,
837 2088 1008 2141 donec
1029 2085 1237 2139 veniret
1255 2083 1578 2146 Cmsaream,
1611 2090 1666 2135 et
1694 2083 1747 2135 in
1770 2081 2015 2135 Samaria

440 2180 786 2250 praedicabat,
821 2187 878 2231 et
900 2177 1219 2246 baptizabat
1244 2190 1340 2229 eos
1361 2175 1450 2243 qui
1481 2175 1551 2228 ab
1580 2173 1838 2242 apostolis
1854 2173 2016 2228 Petro

440 2278 498 2323 et
537 2267 745 2332 Joanne
785 2252 1133 2336 postmodum
1178 2263 1657 2340 conﬁrmabantur.
1687 2261 1802 2317 Sed
1841 2263 2016 2331 bapti-

441 2374 568 2414 zare
589 2359 673 2412 eis
699 2359 860 2414 modo
886 2372 1073 2412 coram
1105 2354 1373 2425 episcopis
1402 2354 1516 2407 sive
1539 2354 1867 2424 presbyteris
1895 2354 2014 2407 lici-

442 2462 556 2507 tum
582 2460 684 2506 est.
698 2449 921 2505 (laeteris
947 2457 1128 2503 autem
1161 2461 1283 2500 non-
1295 2446 1436 2510 licet,
1463 2445 1591 2510 nisi,
1621 2445 1890 2515 praedictis
1909 2443 2018 2524 fon-

441 2544 604 2598 tassis
619 2542 816 2598 ofﬁciis
841 2539 1052 2608 longius
1086 2537 1416 2602 constitutis,
1444 2536 1742 2590 necessitas
1777 2543 2017 2588 extrema

441 2634 746 2706 conpellat.
779 2631 844 2685 lli
867 2632 1012 2686 enim
1037 2636 1164 2684 sunt
1191 2642 1327 2697 quos
1347 2626 1404 2680 in
1440 2624 1759 2694 Apocalypsi
1792 2623 2018 2692 legimus

439 2733 649 2795 septem
678 2723 889 2792 angeli,
925 2719 1071 2786 tubis
1097 2725 1373 2773 canentes.
1406 2715 1470 2770 lli
1499 2724 1626 2770 Sunt
1645 2723 1856 2782 septem
1890 2729 2020 2767 cau-

439 2813 663 2869 delabra
708 2825 893 2866 aurea.
940 2808 1007 2862 Ili
1057 2814 1186 2862 sunt
1227 2820 1389 2860 voces
1425 2805 1784 2858 touitrnorum
1811 2812 2018 2872 septem

439 2903 626 2976 (Apoc.
662 2901 804 2972 vui).
840 2898 945 2968 Ipsi
974 2896 1119 2952 enim
1153 2894 1299 2949 clara
1324 2908 1458 2948 voce
1494 2894 1547 2946 in
1572 2893 1789 2945 modum
1815 2906 2019 2960 pasco—

439 2993 528 3046 nis
558 2991 852 3045 admouent
887 2993 1132 3049 clmctos,
1160 2983 1276 3037 sive
1301 2982 1356 3035 in
1382 2979 1678 3050 psallendo,
1711 2980 1828 3034 sive
1855 2979 1912 3032 in
1943 2979 2022 3032 le-

439 3085 710 3140 ctionibus
741 3080 1040 3136 audiendis.
1093 3077 1198 3146 ipsi
1243 3075 1386 3130 enim
1439 3082 1501 3127 ut
1521 3086 1682 3126 aures
1727 3070 2020 3133 habeamus

441 3178 510 3231 ad
547 3177 716 3231 Deum
747 3171 1065 3228 acclamant.
1090 3168 1195 3237 ipsi
1225 3180 1438 3235 quoque
1459 3163 1849 3233 evangelizant.
1887 3151 2018 3216 Sine

440 3267 528 3320 his
553 3264 806 3319 sacerdos
834 3274 1030 3316 nomen
1050 3259 1234 3320 habet,
1261 3252 1500 3308 ofﬁcium
1527 3268 1634 3306 non
1668 3252 1852 3306 habet.
1880 3251 2017 3305 Nam

381 3336 384 3337 ν
440 3354 582 3406 sicut
616 3353 671 3405 in
713 3349 992 3405 sacerdote
1022 3341 1381 3406 consecratio,
1417 3342 1491 3395 ita
1537 3341 1592 3394 in
1633 3340 1883 3397 ministro
1909 3339 2019 3393 dis-

435 3443 686 3513 pensatio
718 3429 1057 3495 sacramenti
1091 3441 1193 3490 est.
1222 3433 1320 3488 ille
1360 3431 1538 3487 oblata
1570 3430 1903 3495 sanctiﬁcat,
1928 3429 2020 3483 hic

443 3534 781 3588 sanctiﬁcata
803 3531 1098 3599 dispensat.
1122 3527 1257 3597 Ipsis
1280 3525 1444 3579 etiam
1472 3523 1864 3586 sacerdotibus,
1893 3536 2019 3590 pro-

437 3633 561 3691 pter
582 3619 1054 3690 praasumptiouem
1079 3631 1186 3670 non
1217 3614 1344 3668 licet
1370 3613 1438 3665 de
1466 3626 1652 3666 mensa
1679 3609 1896 3666 Domini
1921 3609 2021 3664 tol-

443 3715 556 3766 lere
583 3712 837 3774 calicem,
874 3708 979 3762 nisi
1017 3709 1098 3761 eis
1138 3705 1367 3760 traditus
1401 3704 1562 3758 fuerit
1587 3719 1618 3755 a
1645 3701 1891 3755 diacono.
1923 3701 2023 3754 Le-

440 3805 567 3856 vita:
606 3801 839 3854 offerunt
877 3797 1178 3853 oblationes
1219 3797 1272 3850 in
1317 3795 1529 3848 altaria.
1573 3792 1772 3845 Levita:
1806 3805 2024 3859 compo-

447 3901 582 3946 nttnt
607 3904 849 3944 mensam
881 3888 1088 3943 Domin'
1143 3886 1354 3940 Levius
1366 3885 1618 3953 operiunt
1645 3897 1830 3937 arcam
1853 3889 2022 3936 testa-

449 3982 654 4046 menti;
686 3979 795 4034 non
817 3978 961 4037 enim
999 3990 1187 4031 omnes
1211 3972 1399 4031 vident
1424 3974 1596 4028 altare
1618 3972 2018 4042 mysteriorum,

449 4089 569 4140 qua:
591 4070 910 4140 operiuntur
931 4084 962 4121 a
985 4067 1210 4131 Levitis,
1237 4080 1305 4120 ne
1338 4065 1560 4120 videant
1587 4064 1681 4133 qui
1698 4063 1885 4118 videre
1912 4079 2020 4118 non

448 4166 666 4230 debent,
692 4171 748 4219 et
775 4162 1116 4231 sumant'qni
1153 4175 1373 4216 servare
1400 4175 1510 4214 non
1537 4168 1786 4229 possunt,
1822 4160 2025 4229 quique

443 4266 737 4327 propterea
758 4254 918 4308 altari
944 4254 1078 4308 albis
1099 4252 1272 4307 induti
1293 4251 1576 4315 assistunt,
1601 4260 1664 4305 ut
1682 4251 1809 4304 hinc
1837 4250 2025 4304 admo-

444 4349 548 4403 niti
580 4347 853 4403 cmlestem
883 4345 1051 4398 vitam
1082 4343 1335 4405 habeant,
1371 4341 1694 4411 candidique
1722 4341 1791 4394 ad
1817 4340 2025 4395 hostias

2128 541 2457 597 Salvatorem
2474 544 2671 598 meruit
2693 544 2958 609 conﬁteri,
2972 547 3170 614 quique
3191 549 3354 601 etiam
3377 548 3445 602 ad
3459 547 3696 616 primunt

2126 618 2422 686 divinitatis
2453 623 2712 702 judicium
2759 634 2930 688 ﬁdelis
2963 637 3154 689 enituit
3175 677 3190 703 ,
3229 647 3562 707 protestante
3589 639 3699 694 Do—

2127 722 2272 777 mino
2301 738 2367 776 ac
2394 723 2604 777 dicente
2631 741 2644 776 :
2670 722 2808 791 Ecce
2833 740 2950 778 vere
2985 717 3252 793 Israelita,
3287 730 3343 782 in
3387 746 3492 799 quo
3539 729 3698 783 dolus

2125 828 2230 864 non
2265 821 2340 864 est
2367 811 2548 882 (Joan.
2596 811 2656 883 t).
2683 813 2775 867 Isti
2797 829 3013 884 quoque
3043 831 3172 870 vasa
3207 821 3450 887 corporis
3481 829 3537 873 et
3571 836 3698 874 san-

2114 900 2302 969 guinis
2333 900 2540 954 Domini
2569 903 2882 957 diaconibus
2903 904 2972 958 ad
2999 904 3167 958 altare
3199 906 3450 960 offerunt.
3478 908 3557 962 De
3579 909 3699 977 qui-

2109 990 2224 1044 ‘bus
2253 993 2470 1060 quidem
2497 991 2700 1062 placuit
2720 994 2986 1064 patribus,
3014 1003 3076 1049 ut
3101 997 3225 1065 quia
3255 1013 3407 1052 sacra
3437 1001 3723 1071 mysteria.

2123 1091 2479 1150 contrectant,
2497 1086 2636 1141 casti
2661 1094 2720 1140 et
2742 1087 3081 1142 continentes
3107 1087 3175 1142 ab
3196 1089 3458 1146 uxoribus
3481 1095 3610 1158 sint,
3641 1099 3700 1145 et

2122 1173 2192 1227 ab
2223 1172 2372 1228 omni
2412 1175 2618 1231 carnali
2647 1177 2983 1232 immunditia
3013 1177 3190 1244 liberi,
3225 1178 3380 1247 juxta
3407 1183 3551 1249 quod
3584 1182 3700 1236 illis

2119 1267 2379 1334 propheta
2425 1268 2652 1321 docente
2696 1268 2958 1338 iubetur:
2993 1268 3359 1336 Hundamini,
3403 1272 3493 1342 qui
3541 1272 3696 1340 fertis

2119 1370 2246 1407 uasa
2277 1354 2489 1408 Domini
2507 1351 2662 1426 ‘(Isa.
2692 1356 2807 1429 LII).
2836 1357 2901 1411 Ili
2935 1373 3064 1429 ergo
3088 1375 3217 1414 eum
3244 1361 3562 1415 ordinantur
3580 1378 3696 1416 non

2119 1447 2420 1515 suscipiunt
2464 1464 2659 1504 manus
2706 1449 3100 1519 impositionem
3146 1453 3287 1508 sicut
3321 1455 3579 1508 sacerdos
3637 1463 3697 1509 et

2120 1536 2342 1603 Levita),
2365 1538 2460 1593 sed
2485 1548 2738 1608 patenam
2761 1547 2968 1595 tantum
2992 1551 3048 1596 et
3067 1543 3289 1598 calicem
3312 1545 3376 1599 de
3395 1559 3555 1598 manu
3579 1546 3699 1614 epi-

2120 1627 2300 1696 scopi,
2341 1636 2398 1683 et
2441 1629 2807 1685 archidiaconi
2849 1631 3111 1702 scyphum
3150 1647 3304 1703 aqua:
3346 1649 3470 1689 cum
3505 1650 3647 1704 aqua
3677 1672 3697 1702 ,

2121 1719 2345 1775 mantile
2368 1727 2426 1775 et
2449 1721 2862 1792 manutergium.
2885 1784 2895 1793 _

2684 1829 2950 1888 CAPUT
2996 1833 3097 1887 IX.

2714 1902 2792 1955 De
2811 1901 3085 1973 acolytlu's.

2186 1989 2432 2060 Acolythi
2469 1991 2727 2063 ἀκόλουθοι
2759 1990 2975 2058 Graec,
3014 1993 3205 2047 Latine
3246 1994 3559 2050 cerofet'arii
3605 1997 3696 2050 di-

2117 2089 2335 2145 cuntur,
2377 2097 2408 2150 a
2455 2083 2801 2150 deportandis
2836 2085 3010 2138 cereis
3035 2085 3251 2154 quando
3289 2085 3570 2157 legendum
3608 2096 3698 2140 est

2116 2169 2486 2240 Evangelium,
2514 2180 2612 2225 aut
2631 2173 2954 2228 sacriﬁcium
2981 2173 3333 2230 oﬂ'erendum.
3363 2176 3516 2230 Tunc
3542 2177 3696 2232 enim

2115 2263 2482 2317 accenduntur
2512 2265 2798 2320 luminaria
2841 2268 2911 2322 ab
2955 2269 3038 2323 eis
3069 2279 3133 2323 et
3173 2269 3544 2339 deportantur,
3582 2286 3698 2326 non

2111 2350 2182 2402 ad
2213 2349 2482 2420 fugandas
2520 2353 2768 2409 tenebras
2812 2355 2939 2410 dum
2978 2357 3058 2412 sol
3079 2359 3267 2413 eodem
3307 2367 3548 2430 tempore
3593 2377 3696 2415 m-

2116 2441 2263 2505 tilet,
2412 2444 2487 2497 ad
2514 2440 2725 2514 signum
2757 2445 2957 2502 laetitia:
2984 2448 3480 2519 demonstrandum,
3507 2466 3566 2509 ut
3588 2458 3696 2511 sub

2115 2539 2246 2602 typo
2270 2532 2488 2590 luminis
2521 2538 2816 2605 corporalis
2849 2541 2939 2594 illa
2977 2541 3068 2595 lux
3107 2547 3445 2612 ostendatur,
3482 2548 3551 2602 de
3579 2564 3696 2617 qua

2117 2623 2174 2676 in
2224 2622 2510 2695 Evangelia
2547 2626 2786 2702 legimr:
2819 2629 2953 2684 Erat
2985 2631 3080 2685 lita:
3109 2650 3229 2688 uera
3265 2652 3384 2705 quis
3410 2636 3696 2691 illuminat

2115 2727 2320 2766 omnem
2345 2715 2605 2770 hominem
2626 2719 2904 2774 uenientem
2923 2723 2980 2775 in
2993 2721 3130 2777 hunc
3153 2727 3404 2780 mundam
3419 2728 3695 2799 (lamna),

2119 2813 2348 2867 quorum
2379 2810 2562 2871 typum
2587 2805 3052 2886 praferebantjlli
3076 2812 3168 2880 qui
3200 2813 3409 2867 Domini
3436 2817 3697 2871 mandato

2119 2889 2174 2943 in
2210 2890 2552 2947 tabernaculo
2581 2894 2830 2952 lucernas
2858 2899 3096 2967 quotidie
3131 2905 3496 2959 accendebant
3524 2921 3698 2976 super

2116 2983 2500 3039 candelabrum
2526 2987 2751 3057 positas.

2718 3078 3070 3138 CAPUTX.

2696 3172 2776 3226 De
2816 3174 3105 3230 exorcistis.

2185 3256 2479 3326 Exoreistae
2511 3261 2812 3338 ἕξοριιίσται,
2841 3277 2909 3317 ex
2942 3258 3132 3319 Graeco
3156 3265 3211 3319 in
3241 3264 3494 3321 Latinum
3535 3269 3700 3337 adju-

2112 3359 2300 3403 rantes
2311 3364 2407 3403 seu
2427 3350 2768 3421 increpantes
2779 3363 3060 3408 vocantur.
3076 3351 3337 3411 Invocant
3359 3350 3504 3412 enim
3523 3374 3700 3427 super

2115 3439 2564 3505 catechumenos,
2601 3441 2688 3494 vel
2730 3455 2895 3510 super
2933 3457 3029 3496 eos
3056 3445 3153 3511 qui
3199 3444 3402 3501 habent
3435 3446 3694 3514 spiritum

2118 3527 2474 3594 immundum,
2497 3543 2691 3583 nomen
2715 3529 2927 3584 Domini
2945 3529 3095 3596 Jcsu,
3116 3531 3423 3600 adiurantes
3446 3548 3544 3602 per
3561 3550 3697 3588 eum

2117 3625 2180 3670 ut
2221 3617 2526 3687 egrediatur
2559 3619 2628 3672 ab
2671 3619 2768 3674 eis.
2806 3616 2996 3674 Refert
3028 3620 3296 3691 Iosephus
3323 3637 3503 3692 regem
3529 3622 3698 3677 Salo—

2119 3709 2334 3755 monem
2374 3703 2711 3772 excogitasse
2743 3719 3004 3775 suamque
3037 3703 3535 3775 gentem'docuisse
3569 3725 3694 3763 mo-

2119 3793 2221 3848 dos
2244 3795 2529 3850 exorcismi
2548 3835 2566 3860 ,
2598 3795 2651 3851 id
2678 3804 2762 3850 est
2789 3795 3162 3865 adjurationis,
3199 3800 3396 3868 quibus
3421 3801 3695 3856 immundi

2121 3883 2344 3953 miritus
2369 3885 2576 3956 expulsi
2604 3885 2673 3939 ah
2696 3885 2912 3941 homine
2938 3885 3168 3942 ulterius
3200 3890 3398 3944 reverti
3425 3905 3533 3944 non
3562 3901 3700 3944 sunt

2119 3974 2260 4028 ausi.
2288 3973 2541 4028 Testatur
2561 3982 2618 4030 et
2651 3977 2717 4030 de
2733 3975 2820 4030 eis
2842 3976 2977 4031 liber
3001 3977 3173 4032 Actus
3192 3979 3580 4048 apostolorum,
3610 3981 3697 4035 ita

2120 4065 2308 4119 dicens
2334 4084 2348 4118 :
2377 4064 2717 4120 Tentamnt
2745 4074 2920 4121 autem
2943 4067 3177 4138 quidam,
3199 4077 3250 4122 et
3270 4069 3334 4123 de
3355 4071 3697 4124 circumeun-

2121 4154 2257 4208 tibns
2271 4155 2814 4222 ludcis,‘cxorcismis
2833 4157 3072 4210 invocare
3091 4174 3278 4212 nomen
3300 4158 3510 4214 Domini
3533 4157 3692 4223 Iesu,

2120 4254 2226 4300 etc.
2264 4245 2404 4315 (Act.
2447 4245 2588 4316 xix.)
2613 4245 2922 4302 Invenimus
2959 4261 3054 4301 eos
3090 4262 3227 4315 quos
3255 4248 3452 4304 Esdras
3477 4258 3700 4306 actores

2122 4342 2382 4389 memorat
2409 4334 2614 4404 templi,
2645 4349 2740 4389 eos
2758 4349 2899 4388 nunc
2916 4349 3034 4390 esse
3057 4337 3354 4392 exorcistas
3378 4338 3432 4392 in
3449 4338 3699 4395 Ecclesia

441 4452 506 4495 et
538 4437 869 4494 immaculati
909 4435 1189 4490 accedant.
1218 4433 1364 4499 Quos
1385 4432 1742 4525 primusfccit
1763 4431 2022 4525 Silvester
2045 4465 2099 4525 Β
2125 4425 2238 4480 Dei.
2290 4426 2532 4525 lin-erunt
2573 4425 2865 4525 enini-sub
2891 4426 3064 4525 lisdra
3103 4429 3528 4525 actoresgtempli
3575 4445 3704 4484 ser-

445 4544 616 4598 ~papa,
647 4526 950 4581 tricesimus
979 4532 1203 4593 quartus
1223 4523 1464 4593 pontifex
1492 4523 1546 4576 in
1576 4523 1818 4577 Romana
1840 4522 2022 4577 Eccle-

455 4621 536 4674 sia
556 4628 679 4688 post
704 4617 922 4671 Petrum
948 4615 1250 4669 dalmaticis
1269 4614 1368 4678 uti,
1390 4621 1446 4668 et
1467 4615 1746 4668 constituit
1772 4622 1834 4667 ut
1857 4615 2022 4683 pallio

457 4709 729 4762 linnstimo
756 4719 942 4761 comm
966 4704 1111 4758 iam
1133 4711 1424 4774 tegeretur,
1461 4705 1600 4758 sicut
1627 4705 1679 4757 in
1701 4705 1867 4774 gestis
1887 4721 2022 4773 pon-

452 4800 743 4856 tiﬁcalibus
760 4798 1084 4853 continetur.

1049 4886 1275 4942 CAPUT
1317 4886 1445 4940 VIII.

997 4978 1075 5031 De
1130 4977 1481 5051 subdidi-onis.

532 5070 937 5140 Hypodiacones
953 5067 1273 5128 statim:
1301 5066 1504 5130 Graece,
1532 5085 1668 5138 quos
1697 5085 1795 5125 nos
1813 5075 2022 5128 subdia-

461 5176 627 5216 cones
647 5159 892 5222 dicimus,
924 5159 1015 5226 qui
1068 5158 1190 5211 ideo
1221 5159 1302 5212 sic
1331 5159 1668 5228 appellantur
1698 5163 1825 5230 quia
1853 5165 2029 5232 subia-

464 5257 589 5305 cent
620 5248 902 5317 praueeptis
933 5256 989 5298 et
1022 5244 1217 5300 ofﬁciis
1248 5245 1578 5303 Levitarum.
1617 5250 1927 5309 Oblatioues
1973 5256 2029 5308 in

467 5340 666 5410 templo
689 5339 785 5393 Dei
811 5353 842 5391 a
869 5336 1115 5402 ﬁdelibus
1143 5335 1244 5405 ipsi
1277 5340 1595 5407 suscipiunt,
1628 5350 1685 5396 et
1708 5342 1910 5398 Levitis
1935 5362 2021 5400 su-

457 5428 839 5500 perponendas
881 5426 1144 5480 altaribus
1181 5427 1447 5480 delerunt.
1493 5430 1559 5483 lli
1602 5435 1743 5502 apud
1777 5433 2033 5491 Hebraeos

468 5517 732 5572 Nathinaai
753 5524 1032 5581 vocantur,
1059 5524 1120 5569 ut
1143 5515 1281 5571 liber
1300 5517 1741 5588 Paralipomenon
1764 5532 1822 5579 et
1848 5525 2033 5580 Esdra‘.

452 5614 718 5670 testatur,
749 5606 889 5674 quod
934 5606 1316 5674 interpretatur
1344 5608 1411 5664 ,iu
1458 5609 1758 5667 humilitate
1806 5615 2034 5672 Domino

471 5695 781 5748 servientes.
822 5695 899 5748 Ex
929 5710 1115 5751 comm
1142 5696 1331 5750 ordine
1356 5696 1458 5750 fuit
1493 5699 1581 5752 ille
1618 5698 1913 5758 Nathauacl
1941 5708 2032 5774 qui

2124 4534 2315 4574 verum
2353 4519 2657 4576 Salomonis
2696 4519 2812 4587 ﬁlii,
2847 4521 2939 4591 qui
2977 4529 3156 4576 actum
3179 4523 3363 4594 templi
3391 4524 3556 4579 totius
3589 4527 3699 4580 sub

2127 4626 2256 4666 cura
2281 4628 2380 4666 sua
2407 4612 2687 4679 haberent,
2716 4629 2822 4668 non
2848 4622 3029 4670 tamen
3049 4619 3472 4674 sacerdotalibus
3495 4618 3696 4675 ofﬁciis

2129 4705 2518 4771 ministrarent,
2573 4713 2667 4759 aut
2707 4707 2877 4762 sacris
2925 4709 3288 4765 oblationibus
3336 4712 3692 4768 deservirent.

2131 4793 2339 4847 Nullam
2364 4809 2493 4864 ergo
2517 4794 2676 4848 aliam
2703 4811 2885 4851 curam
2929 4798 3197 4853 habebant
3237 4808 3443 4855 actores
3485 4803 3696 4870 templi,

2132 4887 2237 4940 nisi
2264 4888 2330 4942 ad
2355 4896 2500 4941 sarta
2527 4895 2669 4942 tecta
2692 4887 3000 4956 reﬁcienda,
3029 4899 3089 4943 ut
3109 4905 3440 4960 qumcunque
3465 4892 3697 4947 fuissent

2129 4987 2370 5032 veterata
2401 4980 2457 5032 in
2491 4979 2718 5034 aediﬁcio
2742 4982 2922 5051 templi
2945 4991 3038 5036 aut
3054 4982 3271 5054 delapsa
3295 5025 3311 5049 ,
3343 5001 3442 5054 per
3477 4987 3697 5041 eosdem

2135 5079 2344 5125 actores
2388 5072 2456 5126 de
2501 5073 2770 5127 thesauris
2810 5073 3103 5129 Dominicis
3136 5075 3486 5131 reﬁcerentur
3532 5087 3699 5148 atque

2132 5161 2523 5216 excolerentur.
2562 5163 2713 5233 Ergo
2736 5171 3018 5218 exactores
3055 5164 3237 5234 templi
3264 5167 3545 5222 exorciste
3569 5179 3700 5223 sunt

2137 5250 2188 5305 in
2222 5253 2423 5321 populo.
2454 5254 2567 5308 Dei.
2599 5253 2876 5320 Quomodo
2901 5255 3050 5309 enim
3084 5264 3235 5310 actor
3259 5259 3491 5325 prudens
3517 5268 3572 5315 et
3607 5261 3700 5314 bo-

2133 5356 2235 5396 nus
2254 5333 2360 5396 scit
2381 5342 2510 5412 quid
2536 5343 2641 5397 scit
2669 5341 2877 5397 Domini
2913 5344 2995 5400 sui
3031 5359 3254 5412 census,
3281 5355 3336 5402 et
3365 5350 3543 5404 omnis
3570 5351 3704 5405 sub-

2133 5433 2345 5487 stantia:
2369 5434 2578 5498 modus,
2602 5443 2658 5487 et
2687 5433 2880 5503 redigit
2901 5435 3042 5501 apud
3066 5451 3124 5490 se
3147 5437 3311 5493 totius
3337 5440 3704 5506 possessionis

2135 5523 2486 5578 instrumenta
2525 5523 2830 5594 originalia,
2870 5524 2949 5580 sic
2974 5527 3242 5582 exorcista
3279 5530 3472 5600 redigit
3506 5531 3559 5583 in
3601 5544 3704 5583 sua

2133 5612 2408 5682 diligentia
2441 5613 2604 5668 totius
2637 5613 2784 5682 regni
2813 5613 3023 5670 Domini
3053 5626 3261 5672 secreta
3281 5659 3296 5682 ,
3334 5628 3395 5672 ut
3424 5620 3709 5675 memorize

2137 5705 2352 5762 mandet
2371 5707 2438 5760 de
2463 5706 2864 5776 Scripturarum
2889 5711 3264 5778 sacramentis,
3290 5697 3430 5766 unde
3449 5721 3712 5768 exerceat
