3958 6326
256 288 365 345 305

256 490 469 547 cessum
512 490 804 546 secundum
837 491 1078 562 Apostoli
1111 497 1460 565 praeconium.
1509 498 1818 556 Exorcistas

255 581 403 635 enim
463 590 729 635 memorat
773 581 1058 652 Apostolus
1117 601 1242 640 cum
1302 587 1434 642 dicit
1491 606 1507 642 :
1569 588 1837 662 Nunquid

255 683 446 724 omnes
469 668 786 724 donationes
809 670 1371 730 habent'sanationum
1383 675 1499 731 ἳνΗὶ
1522 679 1666 734 enim
1693 687 1817 738 cum

218 758 573 833 ‘ordiuantur
623 759 892 829 accipiunt
946 764 1014 818 de
1070 779 1234 818 manu
1284 766 1524 837 episcopi
1581 767 1816 843 libellum

254 847 311 901 in
340 865 448 918 quo
472 850 656 919 scripti
680 859 806 905 sunt
833 855 1118 910 εισι-εἰεωί
1138 896 1154 920 ,
1182 856 1397 912 dicente
1418 855 1500 913 eis
1519 861 1770 932 episcopo
1798 882 1814 918 :

206 940 212 943 ’
252 937 493 1008 Accipite
521 949 575 995 et
607 945 975 1025 commendate
1016 946 1309 1012 memoriae,
1354 954 1412 1002 et
1437 949 1631 1005 habete
1665 967 1818 1021 pote—

253 1035 449 1082 statem
488 1029 805 1100 imponendi
837 1048 1028 1088 manus
1062 1050 1226 1104 super
1269 1049 1660 1106 energumenos
1703 1041 1817 1098 sive

252 1118 666 1176 catechumenos
681 1156 704 1188 ,-
726 1130 788 1177 ut
816 1123 1091 1194 imperetis
1118 1125 1408 1184 immundis
1440 1130 1734 1200 spiritibus,
1760 1138 1836 1190 et'

251 1207 538 1278 abjiciatis.
1190 1222 1191 1226 ‘

854 1300 1083 1358 CAPUT
1111 1305 1202 1361 XI.

822 1391 907 1446 De
951 1393 1250 1451 lectoribus.
1334 1412 1337 1414 '

317 1476 576 1532 Lectores
602 1493 634 1532 a
661 1478 1222 1551 legendo,‘psalmistze
1249 1495 1280 1540 a
1311 1489 1532 1557 psalmis
1554 1494 1815 1549 canendis

246 1566 441 1620 vocati:
492 1565 569 1621 Illi
617 1567 913 1637 pradicant
949 1572 1160 1640 populis
1193 1577 1323 1644 quid
1367 1589 1678 1649 sequantur.
1719 1581 1811 1639 Isti

245 1665 446 1708 canunt
463 1663 524 1710 ut
545 1657 783 1713 excitant
806 1661 872 1714 ad
897 1665 1338 1731 compunctiones
1356 1669 1564 1725 animos
1591 1674 1812 1727 audien-

1035 289 1124 345 οε
1160 259 1602 349 cnemconuu
1636 291 2139 366 msm'urlom-s,
2179 299 2332 359 me.
2373 336 2440 346 _
2476 305 2612 362 ιω.-
2644 307 2685 360 l.
2723 306 2738 320 ί

176 445 181 456 .
255 400 479 458 scilicet
505 399 702 454 donum
747 401 890 471 quod
924 400 1007 458 illi
1042 413 1128 459 est
1163 421 1194 460 a
1234 406 1440 476 Spiritu
1467 416 1822 465 sanctocon-
1848 410 1908 470 Αλ

3373 322 3493 378 306

2516 417 2741 473 CAPUT
2774 419 2906 474 XIII‘.

1919 498 2084 565 Quor
2105 512 2336 572 oporteat
2375 507 2445 558 ad
2487 508 2962 630 mmoordinem
3002 513 3260 580 accedere,
3296 530 3343 571 et
3377 538 3481 589 qua

2696 593 2798 632 me.

1988 659 2235 716 Canones
2276 671 2332 718 et
2365 664 2579 721 decreta
2625 668 2846 738 Zozymi
2885 684 3037 739 papa
3081 672 3374 730 decernunt
3418 689 3481 734 ut

1918 750 2147 806 dericus
2156 753 2246 821 qui
2269 755 2336 808 ad
2357 770 2570 811 sacrum
2582 760 2826 813 ordinem
2846 762 3074 828 accedit,
3096 763 3237 818 inter
3254 764 3483 823 lectores

1917 841 2034 896 sive
2065 844 2360 900 exorcistas
2384 848 2620 917 quinque
2643 865 2813 906 annos
2837 853 3328 920 exsolvat,'exinde
3356 873 3479 914 aco-

1916 929 2105 1000 lytbus’
2121 933 2204 986 vel
2231 935 2590 991 subdiaconus
2614 947 2843 996 matuor
2876 943 3034 997 annis
3067 943 3180 997 ﬁat.
3208 944 3290 1003 Ad
3320 947 3480 1003 bene-

1916 1020 2201 1076 dictionem
2251 1037 2467 1093 quoque
2507 1027 2823 1083 diaconatus
2870 1047 2977 1086 non
3027 1033 3254 1088 mineris
3307 1038 3486 1096 aetatis

1913 1125 2077 1180 quam
2102 1112 2290 1180 viginti
2329 1115 2566 1185 quinque
2593 1133 2856 1175 annorum
2895 1124 3136 1188 accedat,
3169 1125 3232 1178 in
3252 1143 3361 1195 quo
3387 1144 3479 1182 or‘

1912 1199 2039 1254 dine
2073 1202 2310 1270 quinque
2333 1204 2490 1258 annis
2528 1207 2774 1274 expletis,
2816 1209 2868 1266 si,
2903 1209 3292 1278 inculpabiliter
3318 1216 3478 1272 mini-

1911 1574 2058 1613 mum
2084 1576 2282 1617 annum
2309 1567 2606 1632 przedicare
2627 1585 2853 1627 exorsus
2875 1581 2979 1627 est.
3005 1574 3079 1628 De
3102 1570 3218 1644 quo
3236 1576 3406 1645 gradu
3433 1575 3479 1630 si

1910 1663 2034 1702 eum
2062 1654 2270 1707 auctior
2294 1657 2362 1709 ad
2405 1658 2578 1714 bonos
2612 1676 2792 1716 meres
2830 1662 2941 1716 vita
2964 1665 3295 1732 perduxerit,
3326 1682 3478 1720 sum—

247 1744 399 1798 tium.
437 1743 590 1799 Licet
621 1754 677 1800 et
701 1748 919 1816 quidam
961 1750 1191 1807 lectores
1222 1755 1296 1809 ita
1340 1757 1662 1815 miseranter
1687 1779 1814 1831 pro-
1837 1747 1886 1805 Β
1912 1755 2060 1794 "mm
2085 1746 2455 1811 Ροηιίίίαθιιιῐη
2498 1752 2742 1820 accipere
2780 1754 2993 1821 poterit,
3026 1755 3128 1808 bac
3156 1762 3334 1809 tamen
3363 1755 3480 1827 lege

241 1836 529 1903 nuntient,
567 1841 910 1908 utquosdam
941 1843 1011 1898 ad
1032 1836 1235 1900 luctum
1265 1847 1813 1923 lamentationemque

241 1927 588 2002 compellant.
617 1928 781 1984 [idem
809 1932 973 1995 etiam
999 1942 1057 1990 et
1072 1939 1510 2004 pronuntiatores
1529 1927 1810 2012 vocantur,

239 2018 386 2085 quod
430 2032 592 2090 porro
634 2023 971 2081 annuntiant.
1018 2026 1191 2083 Tanta
1231 2031 1388 2085 enim
1418 2041 1475 2088 et
1512 2041 1624 2088 tam
1663 2035 1810 2092 clara

238 2119 428 2160 eorum
455 2109 562 2162 erit
586 2124 688 2164 vox
709 2151 740 2177 ,,
757 2119 818 2166 ut
837 2119 1185 2183 quantumvis
1213 2117 1369 2190 longe
1391 2123 1812 2190 positorumaau-

238 2207 330 2247 res
362 2195 708 2272 adimpleant.
734 2199 1023 2258 Lectorum
1041 2206 1176 2260 ordo
1194 2205 1426 2263 formam
1450 2218 1507 2266 et
1529 2211 1744 2268 initium
1776 2229 1810 2270 a

1911 1837 2144 1896 servata,
2171 1841 2232 1886 ut
2261 1849 2434 1904 neque
2454 1838 2718 1911 bigamus,
2741 1843 3028 1911 pumileas,
3052 1859 3152 1900 nec
3177 1845 3480 1917 neophytus

1911 1918 1979 1972 ad
2005 1919 2104 1974 bos
2128 1923 2327 1992 gradus
2350 1927 2521 1994 possit
2549 1929 2783 1983 admitti.

2493 2038 2721 2096 CAPUT
2761 2041 2897 2097 XIV.

2297 2123 2375 2179 De
2401 2128 2626 2183 restibus
2659 2132 3085 2190 sacerdotalibus.

1981 2211 2057 2265 De
2081 2221 2232 2267 veste
2265 2229 2396 2284 ergo
2435 2219 2757 2274 sacerdotali
2789 2221 3046 2277 moderna
3083 2221 3153 2278 ad
3195 2222 3473 2291 anttqtlum

235 2283 513 2381 prophetis
539 2289 787 2357 sumpsit.
831 2289 972 2348 Sunt
1011 2309 1143 2365 ergo
1190 2295 1422 2354 lectores
1454 2301 1550 2370 qui
1586 2303 1816 2359 verbum
1909 2297 2121 2356 Veteris
2147 2283 2478 2359 Testamenti
2517 2307 3243 2381 babitumcomparationem
3275 2283 3478 2367 facien-

235 2372 332 2428 Dei
373 2376 703 2452 praedicant,
737 2382 936 2450 quibus
980 2385 1177 2442 dicitur
1219 2405 1234 2441 :
1271 2386 1483 2458 Clama,
1504 2409 1568 2446 ne
1620 2412 1809 2461 eam,
1893 2397 2010 2454 σωε.
2038 2394 2334 2449 secundum
2363 2395 2870 2466 mimum-sensum
2894 2372 3025 2472 quid
3058 2405 3280 2476 mystice
3305 2405 3472 2475 sisui-

232 2468 388 2541 qiuui
419 2469 544 2522 tuba
575 2470 752 2526 mlta
790 2490 967 2529 vocent
1002 2485 1148 2531 tm
1187 2477 1402 2551 (Each.
1427 2489 1430 2492 ’
1451 2484 1666 2556 xxxiii).
1716 2486 1809 2542 Isti
1913 2479 2059 2548 θαι»
2081 2498 2489 2555 prosequamur-

233 2561 434 2632 quippe
460 2562 587 2617 dum
617 2565 970 2635 ordinantur,
1013 2571 1245 2640 primum
1271 2573 1339 2650 de
1364 2587 1552 2630 eorum
1585 2593 1811 2635 conver-

235 2651 448 2742 satione
495 2655 780 2730 episcopus
826 2659 1075 2729 verbum
1103 2661 1201 2718 Dei
1235 2662 1367 2718 facit
1415 2666 1483 2721 ad
1530 2669 1803 2742 populum,

2428 2666 2515 2722 Βο-
2529 2670 2940 2738 ειρετιηιηιεηιιί

231 2741 429 2803 deinde
460 2760 646 2805 caram
674 2748 832 2820 plebe
860 2751 1026 2807 tradit
1057 2753 1137 2809 eis
1169 2754 1410 2812 codicem
1434 2758 1803 2826 apicum'divi-

1978 2749 2219 2807 Primum
2252 2769 2381 2824 ergo
2407 2770 2593 2810 eorum
2623 2757 2991 2812 indumentum
3033 2766 3107 2813 ‘st
3142 2759 3316 2828 cpliod
3344 2759 3468 2821 bad,

231 2850 429 2912 norum
459 2838 528 2893 ad
565 2839 664 2915 Dei
687 2839 910 2896 verbum
936 2843 1380 2899 annuntiandum.
1423 2845 1530 2902 Iste
1565 2864 1695 2920 ergo
1713 2850 1803 2905 do-

1911 2845 2049 2914 quod
2087 2845 2473 2916 interpretatur
2497 2849 2933 2919 superbumerale
2960 2852 3194 2917 lineum,
3224 2852 3366 2920 quod
3399 2851 3471 2905 si-

229 2921 492 2984 ctrinaet
516 2928 669 2984 libris
691 2930 858 3007 debet
899 2947 1020 2989 esse
1050 2934 1312 3013 imbutus,
1349 2941 1712 3010 sensuumque
1741 2958 1806 2997 ac
1907 2937 2129 3007 gniﬁcat
2165 2940 2489 2994 munditiam
2510 2928 2774 2996 bonorum
2803 2957 3055 3013 operum.
3085 2942 3222 2997 Hinc
3248 2944 3385 2998 bene
3415 2944 3470 2997 in

228 3015 522 3074 verborum
550 3003 774 3076 scientia
802 3033 1142 3094 perornatus,
1162 3006 1240 3081 ἰιι
1265 3028 1515 3097 distincte
1538 3040 1594 3086 et
1618 3003 1804 3103 aperte
1829 3081 1874 3142 Ο
1906 3003 2041 3099 Icge,
2069 3037 2192 3084 cum
2229 3030 2490 3085 Dominus
2512 3032 2582 3086 de
2614 3038 2761 3087 veste
2786 3032 3107 3087 sacerdotali
3140 3032 3355 3103 Moysen
3387 3032 3471 3086 in-

228 3122 428 3142 annan
498 3110 824 3142 αιιιιζιιηιξ.η-ι
863 3114 1024 3142 “ml-
1058 3117 1220 3142 ..ι-.--2.
1252 3117 1517 3142 :..-._.--_-
1580 3120 1783 3142 h.-l__!'
1906 3118 2075 3142 -.:.-.:.
2129 3119 2356 3142 -..ε-μ---
2387 3120 2446 3142 .1-
2478 3121 2896 3142 _-__-_l________l!
2932 3121 2975 3142 ρ.
2993 3123 3094 3142 με-.-
3116 3123 3164 3142 1-
3195 3125 3442 3142 _n__-_--

228 3122 458 3172 sonans,
496 3110 825 3185 audientium
861 3114 1026 3169 corda
1056 3117 1223 3185 possit
1252 3117 1540 3174 instruere.
1579 3120 1804 3178 Psalmi-
1829 3110 1874 3142 υ
1904 3118 2100 3184 stituit,
2129 3119 2358 3188 primum
2382 3120 2449 3174 de
2476 3121 2900 3190 superbumerali
2929 3121 3174 3180 faciendo
3195 3125 3468 3193 praecepit,

2499 2577 2726 2635 CAPUT
2744 2580 2881 2638 .XV.

220 3203 461 3260 ,starum,
505 3196 558 3252 id
597 3207 1054 3261 est,cantatorum
1091 3204 1362 3274 principes
1388 3207 1798 3277 s‘ive‘auctores,

227 3286 384 3344 fuere
405 3287 575 3344 David
603 3291 716 3346 sive
735 3290 937 3362 Asapb.
968 3295 1060 3350 Isti
1088 3297 1231 3350 enim
1261 3307 1382 3368 post
1419 3300 1631 3371 Moysen
1655 3303 1798 3375 psal-

227 3395 351 3433 mos
376 3379 535 3449 primi
558 3396 908 3463 composuere
939 3393 994 3440 ct
1021 3394 1328 3442 cantavere.
1361 3389 1570 3463 Mortuo
1595 3391 1797 3463 Asaph,

227 3467 326 3522 lilii
362 3466 479 3535 ejus
511 3469 565 3525 in
606 3452 752 3526 h’unc
792 3473 1039 3528 ordinem
1083 3475 1353 3546 subrogati
1391 3461 1518 3533 sunt
1554 3452 1801 3548 a‘David,

223 3565 492 3626 erantque
527 3559 819 3628 psalmista:
840 3577 939 3640 per
961 3561 1358 3622 successionem
1389 3571 1632 3641 generis,
1660 3569 1802 3637 sicut

222 3656 282 3721 et
308 3650 444 3704 ordo
476 3644 855 3718 sacerdotalis,
887 3654 1095 3725 ipsique
1122 3657 1222 3712 soli
1238 3657 1507 3716 continuis
1527 3662 1718 3718 diebus
1745 3665 1801 3719 in

127 3754 129 3756 ·
223 3737 428 3808 templo
470 3741 1050 3809 canebant,*candidis
1093 3743 1264 3803 induti
1292 3749 1468 3816 stolis,
1509 3752 1578 3807 ad
1609 3768 1799 3809 vocem

222 3826 389 3882 unius
412 3830 770 3898 respondente
792 3834 977 3889 choro.
1003 3835 1082 3890 Ex
1233 3828 1403 3895 veteri
1432 3856 1582 3898 more
1607 3830 1800 3900 Eccle-

218 3920 302 3974 sia
324 3922 557 3990 sumpsit
575 3924 880 3994 exemplum
910 3917 1183 3984 nutriendi'
1206 3923 1541 3999 Psalmistas,
1567 3950 1797 4004 quorum

216 4013 478 4070 cantibus
505 4016 573 4071 ad
609 4015 859 4072 effectum
886 4005 1014 4084 Dei,
1058 4030 1267 4076 mentes
1301 4023 1631 4079 audientium
1655 4028 1800 4081 exci-

215 4112 430 4162 tentur.
460 4105 803 4162 Psalmistam
831 4119 1009 4166 autem
1031 4119 1086 4164 et
1106 4127 1235 4181 voce
1261 4119 1316 4167 ει
1339 4122 1456 4168 arte
1475 4115 1794 4187 praclarum

125 4175 128 4184 “
215 4192 597 4264 illustremque
623 4210 743 4252 esse
767 4207 1010 4267 Oportet,
1054 4175 1128 4253 ita
1156 4209 1214 4254 ut
1241 4201 1310 4255 ad
1350 4175 1793 4259 delectamentum

215 4285 526 4340 dulcedinis
553 4287 763 4342 animos
803 4278 992 4345 incitet
1029 4291 1350 4346 auditorum.
1395 4291 1582 4347 Solent
1613 4301 1790 4350 autem

1903 3208 2032 3278 quia
2068 3210 2313 3279 quisquis
2345 3210 2414 3265 ad
2455 3213 2818 3267 sacerdotium
2857 3213 3329 3284 magisteriumque
3368 3227 3468 3283 po-

1902 3298 2014 3368 puli
2066 3299 2162 3354 Dei
2222 3301 2616 3370 promovendus
2659 3310 2772 3366 est,
2820 3302 3054 3371 primum
3102 3299 3220 3369 ejus
3269 3302 3467 3357 debent

1899 3402 2065 3457 opera
2089 3389 2360 3459 cognosci,
2388 3396 2448 3444 ut
2471 3390 2597 3444 dum
2616 3390 2728 3444 hoc
2756 3389 2898 3458 quod
2931 3388 3063 3444 foris
3097 3389 3344 3446 omnibus
3371 3405 3466 3460 pa-

1902 3485 1982 3532 tet
2017 3478 2482 3548 irreprebensibile
2519 3479 2788 3548 paruerit,
2825 3479 3204 3534 convenienter
3229 3495 3294 3533 eL.
3329 3485 3464 3532 tem-

1900 3577 2031 3637 pore
2075 3576 2131 3622 et
2175 3569 2456 3639 integritas
2496 3569 2675 3625 cordis
2720 3569 2860 3638 ejus,
2903 3578 2958 3623 et
3003 3567 3126 3623 ﬁdei
3178 3567 3468 3624 sinceritas
3575 3598 3578 3601 -

1902 3663 2188 3712 scrutetur.

1993 3747 2002 3759 ’
2479 3749 2706 3806 CAPUT
2749 3748 2886 3804 XVI.

2241 3840 2312 3894 De
2344 3839 2556 3912 pedere,
2587 3839 2643 3893 id
2669 3849 2744 3893 est
2769 3839 2946 3894 tunica
2964 3836 3135 3891 lineo.

1973 3929 2278 3985 Secundum
2306 3937 2389 3985 est
2425 3929 2565 3985 linea
2607 3929 2808 3994 tunica,
2847 3943 2967 3998 quas
3008 3927 3195 3983 Grece
3237 3924 3462 4001 ποδήρης

1898 4023 2158 4092 poderes,
2200 4023 2392 4077 Latine
2434 4023 2616 4077 talaris
2657 4021 2876 4086 dicitur,
2920 4034 2986 4076 eo
3025 4019 3170 4090 quod
3211 4018 3279 4072 ad
3323 4016 3461 4071 talos

1897 4128 2069 4182 usque
2109 4113 2415 4169 descendat.
2460 4111 2611 4167 Hanc
2652 4111 2918 4181 Iosephus
2961 4109 3236 4182 byssinam
3265 4116 3458 4170 vocat,

1897 4202 2050 4275 cujus
2073 4202 2395 4274 significatio
2422 4204 2646 4274 mystica
2673 4203 2727 4257 in
2757 4209 3006 4271 promptu
3030 4207 3132 4254 est.
3155 4197 3289 4254 Cum
3313 4197 3457 4251 enim

1896 4299 2106 4348 constet
2150 4292 2260 4347 lino
2303 4291 2387 4346 vel
2433 4291 2594 4363 bysso
2638 4289 3024 4345 continentiam
3069 4297 3124 4342 et
3155 4286 3456 4341 castitatem

213 4377 282 4430 ad
313 4377 422 4431 hoc
447 4376 685 4432 ofﬁcium
721 4380 881 4434 etiam
912 4381 1115 4450 absque
1149 4382 1377 4437 scientia
1409 4383 1654 4457 episcopi
1676 4383 1789 4439 sola
1817 4423 1870 4482 Β
1897 4384 2204 4457 signiﬁcari,
2238 4385 2481 4471 strictam
2523 4383 2720 4438 habent
2758 4382 2949 4480 lineam
2977 4379 3304 4482 sacerdotes,

205 4467 461 4536 jussionc
485 4468 629 4538 eligi,
660 4470 966 4540 quicunque
984 4472 1038 4526 in
1059 4473 1310 4528 cantandi
1342 4482 1459 4529 arte
1484 4473 1791 4544 probabiles
1817 4466 1866 4482 ³⁷
1900 4476 2230 4545 propositum
2255 4467 2596 4539 continentia:
2621 4488 2726 4526 non
2766 4469 3054 4532 encrviter,
3095 4466 3190 4522 sed
3219 4466 3458 4521 studiose

210 4559 528 4630 hujusmodi
553 4563 907 4617 constiterint.

820 4653 1046 4712 CABUT
1084 4654 1123 4708 Χ
1134 4654 1194 4714 ιι.

811 4744 899 4826 De.
949 4745 1198 4801 ostiariis.
1781 4825 1786 4827 _

279 4834 508 4892 Ostiarii
539 4844 664 4894 sunt
689 4836 780 4906 qui
806 4818 1060 4894 etieditui
1086 4849 1142 4890 et
1164 4836 1430 4906 jauitores
1471 4839 1524 4894 in
1555 4840 1669 4910 lege
1707 4825 1788 4895 υἰέ

205 4929 496 4988 cebantur.
510 4927 580 4988 lii
595 4926 743 4996 apud
761 4926 1013 4983 Hebra-os
1033 4928 1087 4981 in
1114 4931 1291 4985 Veteri
1315 4930 1659 4986 Testamento
1680 4933 1790 4987 ele-

205 5018 280 5071 cti
317 5025 452 5074 sunt
484 5017 550 5070 ad
581 5017 880 5073 custodiam
921 5018 1137 5090 templi,
1171 5020 1381 5088 quique,
1410 5021 1647 5075 ordinati
1691 5037 1790 5090 per

204 5107 360 5161 vices
410 5121 537 5165 suas
581 5107 761 5161 omnia
804 5107 1057 5166 interiora
1092 5110 1272 5178 templi
1309 5109 1393 5165 vel
1421 5119 1576 5165 extra
1610 5120 1790 5167 custo—

201 5198 434 5253 diebant
470 5205 530 5250 ut
559 5213 684 5258 non.
714 5198 1088 5269 ingrederetur
1133 5199 1201 5255 in.
1227 5214 1349 5253 eum
1383 5201 1688 5262 immundus
1730 5202 1786 5255 in

171 5291 355 5346 omni
411 5306 488 5344 re.
528 5290 664 5346 Dicti
707 5302 886 5354 autem
927 5295 1155 5360 ostiarii,
1187 5296 1330 5370 quod
1372 5297 1594 5364 prmsint
1633 5297 1790 5351 ostiis

203 5381 429 5450 templi-
459 5379 559 5449 Ipsi
600 5383 1020 5439 enim’tenentcs
1061 5385 1266 5440 clavem
1311 5387 1489 5439 omnia
1533 5387 1679 5440 intus
1718 5402 1786 5441 ex

199 5480 456 5539 utraque
472 5479 626 5538 parte
659 5473 999 5537 custodiunt,
1031 5482 1195 5543 atque
1231 5475 1371 5528 inter
1398 5475 1566 5529 bonos
1592 5483 1648 5528 et
1675 5491 1787 5528 ma-

197 5560 282 5615 los
329 5561 595 5622 habentes
631 5562 890 5632 judicium
944 5564 1129 5619 ﬁdeles
1177 5566 1474 5636 rccipiunt,
1525 5572 1785 5635 respuunt

199 5650 468 5707 antidclcs.

1899 4573 2240 4621 conservant.
2269 4564 2394 4618 Haac
2413 4563 2480 4617 ad
2519 4562 2656 4617 talos
2689 4574 2858 4629 usque
2886 4557 3179 4621 descendit,
3210 4555 3333 4625 quia
3363 4571 3455 4608 us-

1897 4670 2001 4725 que
2043 4656 2110 4709 ad
2158 4653 2320 4711 ﬁnem
2362 4654 2486 4707 vitat
2533 4652 2692 4722 hujus
2735 4649 2890 4704 bonis
2925 4647 3176 4716 operibus
3213 4644 3458 4698 insistere

1896 4745 2054 4800 debet
2077 4743 2349 4809 sacerdos,
2375 4743 2714 4812 praecipiente
2737 4754 2801 4792 ac
2824 4737 3167 4807 promittente
3192 4733 3414 4787 Domino
3438 4748 3453 4786 :

1888 4826 2022 4889 ‘Esto
2048 4834 2218 4903 ﬁdelis
2255 4849 2417 4903 usque
2457 4833 2527 4885 ad
2575 4842 2809 4891 mortem,
2838 4837 2896 4880 et
2915 4827 3048 4878 dabo
3076 4823 3168 4877 tibi
3208 4822 3454 4876 coronant

1893 4928 2007 4980 vim:
2037 4925 2218 4995 (Apoc.
2248 4925 2330 4995 ιι).

2463 5010 2690 5066 CAPUT
2727 5005 2885 5061 XVII.

2509 5103 2585 5154 De
2615 5097 2839 5168 cingulo.

1963 5200 2202 5253 Tertium
2232 5198 2607 5252 vestimentum
2635 5201 2718 5247 est
2742 5189 3030 5259 cingulum,
3057 5187 3171 5242 sive
3199 5186 3450 5248 balteum,

1891 5305 1998 5358 quo
2027 5297 2250 5343 utuntur
2276 5302 2343 5340 ne
2381 5286 2560 5339 tunica
2605 5284 2718 5352 ipsa
2747 5278 2963 5342 deﬂuat,
2999 5287 3054 5331 et
3078 5291 3318 5347 gressum
3351 5276 3451 5327 im-

1887 5379 2097 5446 pediat,
2140 5379 2241 5431 hoc
2279 5377 2532 5430 nimirum
2579 5371 2878 5428 custodiam
2926 5369 3116 5422 mentis
3161 5364 3448 5434 signiﬁcat.

1889 5471 1988 5538 Qui
2017 5472 2158 5524 enim
2189 5471 2366 5524 tunica
2396 5469 2551 5523 talari
2593 5467 2808 5521 indutus
2834 5463 3034 5530 absque
3057 5459 3272 5528 cingulo
3307 5459 3430 5512 ince

1887 5563 1988 5625 dit,
2027 5561 2208 5614 deﬂuit
2242 5561 2443 5623 tunica,
2472 5575 2536 5613 ac
2565 5559 2752 5612 relicto
2789 5565 3032 5620 corpore,
3063 5548 3236 5602 ventis
3263 5556 3318 5601 ct
3354 5547 3456 5609 Iri-~

1874 5654 2103 5724 goribus
2134 5641 2367 5708 intrandi
2395 5653 2624 5724 spatium
2655 5647 2859 5711 tribuit,
2888 5645 3013 5714 quin
3053 5651 3104 5698 ct
3149 5641 3454 5712 praepeditis
