  <div class='ocr_page' id='page_1' title='image "/cluster/home/n/w/nwhite01/storage/ocr_20150623/107/uva.x000827064/159.png"; bbox 0 0 3958 6358; ppageno 0'>
   <div class='ocr_carea' id='block_1_1' title="bbox 513 264 3053 344">
    <p class='ocr_par' dir='ltr' id='par_1_1' title="bbox 513 264 3053 344">
     <span class='ocr_line' id='line_1_1' title="bbox 513 264 3053 344; baseline 0.005 -20"><span class='ocrx_word' id='word_1_1' title='bbox 513 271 611 330; x_wconf 68' lang='grc'><strong>59³7</strong></span> <span class='ocrx_word' id='word_1_2' title='bbox 1140 271 1200 325; x_wconf 87' lang='grc' dir='ltr'><strong>Β.</strong></span> <span class='ocrx_word' id='word_1_3' title='bbox 1240 270 1491 328; x_wconf 72' lang='lat' dir='ltr'><strong>RABANI</strong></span> <span class='ocrx_word' id='word_1_4' title='bbox 1531 272 1747 328; x_wconf 77' lang='lat' dir='ltr'><strong>MAURI</strong></span> <span class='ocrx_word' id='word_1_5' title='bbox 1781 273 2092 330; x_wconf 71' lang='lat' dir='ltr'><strong>ARCI‘IlEP.</strong></span> <span class='ocrx_word' id='word_1_6' title='bbox 2136 264 2440 332; x_wconf 67' lang='lat' dir='ltr'><strong>HOGUNT.</strong></span> <span class='ocrx_word' id='word_1_7' title='bbox 2483 275 2760 344; x_wconf 70' lang='lat' dir='ltr'><strong>OPEBUI</strong></span> <span class='ocrx_word' id='word_1_8' title='bbox 2801 278 2977 336; x_wconf 78' lang='lat' dir='ltr'><strong>PARS</strong></span> <span class='ocrx_word' id='word_1_9' title='bbox 3013 282 3053 340; x_wconf 87' lang='grc' dir='ltr'>ι.</span> 
     </span>
    </p>
   </div>
   <div class='ocr_carea' id='block_1_2' title="bbox 3617 294 3736 352">
    <p class='ocr_par' dir='ltr' id='par_1_2' title="bbox 3617 294 3736 352">
     <span class='ocr_line' id='line_1_2' title="bbox 3617 294 3736 352; baseline 0 0"><span class='ocrx_word' id='word_1_10' title='bbox 3617 294 3736 352; x_wconf 64' lang='grc' dir='ltr'><strong>ωδ</strong></span> 
     </span>
    </p>
   </div>
   <div class='ocr_carea' id='block_1_3' title="bbox 503 380 3734 468">
    <p class='ocr_par' dir='ltr' id='par_1_3' title="bbox 503 380 3734 468">
     <span class='ocr_line' id='line_1_3' title="bbox 503 380 3734 468; baseline 0.013 -52"><span class='ocrx_word' id='word_1_11' title='bbox 503 382 770 468; x_wconf 56' lang='lat' dir='ltr'><strong>gressibus</strong></span> <span class='ocrx_word' id='word_1_12' title='bbox 803 380 1077 436; x_wconf 68' lang='lat' dir='ltr'><strong>incedendi</strong></span> <span class='ocrx_word' id='word_1_13' title='bbox 1118 396 1269 439; x_wconf 75' lang='lat' dir='ltr'><strong>usum</strong></span> <span class='ocrx_word' id='word_1_14' title='bbox 1306 384 1583 448; x_wconf 60' lang='lat' dir='ltr'><strong>retardat,</strong></span> <span class='ocrx_word' id='word_1_15' title='bbox 1627 383 1710 436; x_wconf 86' lang='lat' dir='ltr'><strong>vel</strong></span> <span class='ocrx_word' id='word_1_16' title='bbox 1748 384 1920 465; x_wconf 87' lang='lat' dir='ltr'><strong>etiam</strong></span> <span class='ocrx_word' id='word_1_17' title='bbox 1956 384 2067 440; x_wconf 78' lang='lat' dir='ltr'><strong>cal-</strong></span> <span class='ocrx_word' id='word_1_18' title='bbox 2095 385 2142 447; x_wconf 75' lang='grc' dir='ltr'>Α</span> <span class='ocrx_word' id='word_1_19' title='bbox 2170 381 2452 444; x_wconf 58' lang='lat' dir='ltr'><strong>audeam;</strong></span> <span class='ocrx_word' id='word_1_20' title='bbox 2477 393 2533 438; x_wconf 86' lang='lat' dir='ltr'><strong>ut</strong></span> <span class='ocrx_word' id='word_1_21' title='bbox 2559 386 2904 442; x_wconf 69' lang='lat' dir='ltr'><strong>admoneatur</strong></span> <span class='ocrx_word' id='word_1_22' title='bbox 2931 389 3173 446; x_wconf 75' lang='lat' dir='ltr'><strong>minister</strong></span> <span class='ocrx_word' id='word_1_23' title='bbox 3197 393 3404 462; x_wconf 83' lang='lat' dir='ltr'><strong>Domini</strong></span> <span class='ocrx_word' id='word_1_24' title='bbox 3434 413 3533 468; x_wconf 89' lang='lat' dir='ltr'><strong>per</strong></span> <span class='ocrx_word' id='word_1_25' title='bbox 3571 401 3734 468; x_wconf 77' lang='lat' dir='ltr'><strong>babi-</strong></span> 
     </span>
    </p>
   </div>
   <div class='ocr_carea' id='block_1_4' title="bbox 499 472 3732 561">
    <p class='ocr_par' dir='ltr' id='par_1_4' title="bbox 499 472 3732 561">
     <span class='ocr_line' id='line_1_4' title="bbox 499 472 3732 561; baseline 0.008 -41"><span class='ocrx_word' id='word_1_26' title='bbox 499 472 768 541; x_wconf 57' lang='lat' dir='ltr'><strong>cmtibus,</strong></span> <span class='ocrx_word' id='word_1_27' title='bbox 785 487 846 532; x_wconf 75' lang='lat' dir='ltr'><strong>se</strong></span> <span class='ocrx_word' id='word_1_28' title='bbox 887 487 1048 528; x_wconf 77' lang='lat' dir='ltr'><strong>causa</strong></span> <span class='ocrx_word' id='word_1_29' title='bbox 1092 472 1331 528; x_wconf 84' lang='lat' dir='ltr'><strong>ellleitur</strong></span> <span class='ocrx_word' id='word_1_30' title='bbox 1351 473 1546 527; x_wconf 66' lang='lat' dir='ltr'><strong>ruinae.</strong></span> <span class='ocrx_word' id='word_1_31' title='bbox 1591 473 1731 542; x_wconf 77' lang='lat' dir='ltr'><strong>Ergo</strong></span> <span class='ocrx_word' id='word_1_32' title='bbox 1769 474 1939 530; x_wconf 79' lang='lat' dir='ltr'><strong>lineas</strong></span> <span class='ocrx_word' id='word_1_33' title='bbox 1971 474 2056 528; x_wconf 61' lang='lat' dir='ltr'><strong>inv</strong></span> <span class='ocrx_word' id='word_1_34' title='bbox 2162 481 2246 528; x_wconf 83' lang='lat' dir='ltr'><strong>tus</strong></span> <span class='ocrx_word' id='word_1_35' title='bbox 2272 475 2350 528; x_wconf 88' lang='lat' dir='ltr'><strong>sui</strong></span> <span class='ocrx_word' id='word_1_36' title='bbox 2379 474 2641 549; x_wconf 82' lang='lat' dir='ltr'><strong>speciem,</strong></span> <span class='ocrx_word' id='word_1_37' title='bbox 2671 473 2822 546; x_wconf 77' lang='lat' dir='ltr'><strong>cujus</strong></span> <span class='ocrx_word' id='word_1_38' title='bbox 2851 481 3090 536; x_wconf 88' lang='lat' dir='ltr'><strong>muneris</strong></span> <span class='ocrx_word' id='word_1_39' title='bbox 3119 485 3384 555; x_wconf 77' lang='lat' dir='ltr'><strong>particeps</strong></span> <span class='ocrx_word' id='word_1_40' title='bbox 3409 497 3519 556; x_wconf 79' lang='lat' dir='ltr'><strong>est,</strong></span> <span class='ocrx_word' id='word_1_41' title='bbox 3541 499 3599 545; x_wconf 90' lang='lat' dir='ltr'><strong>ut</strong></span> <span class='ocrx_word' id='word_1_42' title='bbox 3625 506 3732 561; x_wconf 83' lang='lat' dir='ltr'><strong>per</strong></span> 
     </span>
    </p>
   </div>
   <div class='ocr_carea' id='block_1_5' title="bbox 454 561 3730 639">
    <p class='ocr_par' dir='ltr' id='par_1_5' title="bbox 454 561 3730 639">
     <span class='ocr_line' id='line_1_5' title="bbox 454 561 3730 639; baseline 0.007 -27"><span class='ocrx_word' id='word_1_43' title='bbox 454 633 458 636; x_wconf 13' lang='lat' dir='ltr'>i</span> <span class='ocrx_word' id='word_1_44' title='bbox 496 561 668 618; x_wconf 86' lang='lat' dir='ltr'><strong>duuut</strong></span> <span class='ocrx_word' id='word_1_45' title='bbox 690 561 992 617; x_wconf 74' lang='lat' dir='ltr'><strong>sacerdotes</strong></span> <span class='ocrx_word' id='word_1_46' title='bbox 1015 571 1070 615; x_wconf 91' lang='lat' dir='ltr'><strong>ut</strong></span> <span class='ocrx_word' id='word_1_47' title='bbox 1096 563 1395 616; x_wconf 79' lang='lat' dir='ltr'><strong>castitatem</strong></span> <span class='ocrx_word' id='word_1_48' title='bbox 1422 562 1684 627; x_wconf 86' lang='lat' dir='ltr'><strong>habeant;</strong></span> <span class='ocrx_word' id='word_1_49' title='bbox 1712 564 2060 632; x_wconf 77' lang='lat' dir='ltr'><strong>accinguntur</strong></span> <span class='ocrx_word' id='word_1_50' title='bbox 2159 565 2436 632; x_wconf 79' lang='lat' dir='ltr'><strong>mysticam</strong></span> <span class='ocrx_word' id='word_1_51' title='bbox 2477 565 2798 621; x_wconf 87' lang='lat' dir='ltr'><strong>oblationem</strong></span> <span class='ocrx_word' id='word_1_52' title='bbox 2839 568 3103 637; x_wconf 84' lang='lat' dir='ltr'><strong>passionis</strong></span> <span class='ocrx_word' id='word_1_53' title='bbox 3146 570 3438 639; x_wconf 58' lang='lat' dir='ltr'><strong>Dominicis</strong></span> <span class='ocrx_word' id='word_1_54' title='bbox 3482 593 3730 635; x_wconf 83' lang='lat' dir='ltr'><strong>comme—</strong></span> 
     </span>
    </p>
   </div>
   <div class='ocr_carea' id='block_1_6' title="bbox 499 647 3766 732">
    <p class='ocr_par' dir='ltr' id='par_1_6' title="bbox 499 647 3766 732">
     <span class='ocr_line' id='line_1_6' title="bbox 499 647 3766 732; baseline 0.006 -29"><span class='ocrx_word' id='word_1_55' title='bbox 499 647 715 716; x_wconf 68' lang='lat' dir='ltr'><strong>Ittiltcls,</strong></span> <span class='ocrx_word' id='word_1_56' title='bbox 736 664 809 706; x_wconf 86' lang='lat' dir='ltr'><strong>ne</strong></span> <span class='ocrx_word' id='word_1_57' title='bbox 832 652 944 721; x_wconf 74' lang='lat' dir='ltr'><strong>ipsa</strong></span> <span class='ocrx_word' id='word_1_58' title='bbox 973 653 1190 706; x_wconf 69' lang='lat' dir='ltr'><strong>cattitas</strong></span> <span class='ocrx_word' id='word_1_59' title='bbox 1234 652 1300 705; x_wconf 79' lang='lat' dir='ltr'><strong>sit</strong></span> <span class='ocrx_word' id='word_1_60' title='bbox 1341 651 1562 706; x_wconf 79' lang='lat' dir='ltr'><strong>remissa</strong></span> <span class='ocrx_word' id='word_1_61' title='bbox 1590 659 1645 705; x_wconf 89' lang='lat' dir='ltr'><strong>et</strong></span> <span class='ocrx_word' id='word_1_62' title='bbox 1672 652 1965 723; x_wconf 72' lang='lat' dir='ltr'><strong>negligens,</strong></span> <span class='ocrx_word' id='word_1_63' title='bbox 1993 661 2060 708; x_wconf 81' lang='lat' dir='ltr'><strong>ne</strong></span> <span class='ocrx_word' id='word_1_64' title='bbox 2157 652 2505 706; x_wconf 77' lang='lat' dir='ltr'><strong>morationem</strong></span> <span class='ocrx_word' id='word_1_65' title='bbox 2549 662 2698 725; x_wconf 76' lang='lat' dir='ltr'><strong>agat,</strong></span> <span class='ocrx_word' id='word_1_66' title='bbox 2731 663 2791 709; x_wconf 90' lang='lat' dir='ltr'><strong>ut</strong></span> <span class='ocrx_word' id='word_1_67' title='bbox 2819 655 2932 727; x_wconf 87' lang='lat' dir='ltr'><strong>ipse</strong></span> <span class='ocrx_word' id='word_1_68' title='bbox 2961 657 3015 713; x_wconf 87' lang='lat' dir='ltr'><strong>in</strong></span> <span class='ocrx_word' id='word_1_69' title='bbox 3055 671 3121 715; x_wconf 82' lang='lat' dir='ltr'><strong>eo</strong></span> <span class='ocrx_word' id='word_1_70' title='bbox 3147 657 3240 716; x_wconf 81' lang='lat' dir='ltr'><strong>fiat</strong></span> <span class='ocrx_word' id='word_1_71' title='bbox 3267 663 3440 723; x_wconf 86' lang='lat' dir='ltr'><strong>hostia</strong></span> <span class='ocrx_word' id='word_1_72' title='bbox 3486 657 3597 727; x_wconf 82' lang='lat' dir='ltr'><strong>Deo</strong></span> <span class='ocrx_word' id='word_1_73' title='bbox 3625 669 3766 732; x_wconf 70' lang='lat' dir='ltr'><strong>ac-‘</strong></span> 
     </span>
    </p>
   </div>
   <div class='ocr_carea' id='block_1_7' title="bbox 497 739 2448 810">
    <p class='ocr_par' dir='ltr' id='par_1_7' title="bbox 497 739 2448 810">
     <span class='ocr_line' id='line_1_7' title="bbox 497 739 2448 810; baseline 0.001 -15"><span class='ocrx_word' id='word_1_74' title='bbox 497 745 655 796; x_wconf 78' lang='lat' dir='ltr'><strong>vento</strong></span> <span class='ocrx_word' id='word_1_75' title='bbox 681 742 926 797; x_wconf 75' lang='lat' dir='ltr'><strong>elationis</strong></span> <span class='ocrx_word' id='word_1_76' title='bbox 954 745 1188 795; x_wconf 71' lang='lat' dir='ltr'><strong>animum</strong></span> <span class='ocrx_word' id='word_1_77' title='bbox 1228 740 1486 810; x_wconf 76' lang='lat' dir='ltr'><strong>perﬁandi</strong></span> <span class='ocrx_word' id='word_1_78' title='bbox 1522 742 1723 795; x_wconf 79' lang='lat' dir='ltr'><strong>aditum</strong></span> <span class='ocrx_word' id='word_1_79' title='bbox 1756 739 2056 810; x_wconf 77' lang='lat' dir='ltr'><strong>impendat,</strong></span> <span class='ocrx_word' id='word_1_80' title='bbox 2157 740 2448 808; x_wconf 78' lang='lat' dir='ltr'><strong>ccptabilis.</strong></span> 
     </span>
    </p>
   </div>
   <div class='ocr_carea' id='block_1_8' title="bbox 495 828 2058 900">
    <p class='ocr_par' dir='ltr' id='par_1_8' title="bbox 495 828 2058 900">
     <span class='ocr_line' id='line_1_8' title="bbox 495 828 2058 900; baseline -0.001 -14"><span class='ocrx_word' id='word_1_81' title='bbox 495 847 563 886; x_wconf 83' lang='lat' dir='ltr'><strong>ne</strong></span> <span class='ocrx_word' id='word_1_82' title='bbox 601 835 876 891; x_wconf 64' lang='lat' dir='ltr'><strong>creamine</strong></span> <span class='ocrx_word' id='word_1_83' title='bbox 921 828 1202 898; x_wconf 77' lang='lat' dir='ltr'><strong>iniquitate</strong></span> <span class='ocrx_word' id='word_1_84' title='bbox 1245 828 1598 900; x_wconf 69' lang='lat' dir='ltr'><strong>refrigescere</strong></span> <span class='ocrx_word' id='word_1_85' title='bbox 1628 829 1793 884; x_wconf 63' lang='lat' dir='ltr'><strong>meiat</strong></span> <span class='ocrx_word' id='word_1_86' title='bbox 1821 831 2058 884; x_wconf 82' lang='lat' dir='ltr'><strong>eharita-</strong></span> 
     </span>
    </p>
   </div>
   <div class='ocr_carea' id='block_1_9' title="bbox 495 914 3084 988">
    <p class='ocr_par' dir='ltr' id='par_1_9' title="bbox 495 914 3084 988">
     <span class='ocr_line' id='line_1_9' title="bbox 495 914 3084 988; baseline 0.004 -19"><span class='ocrx_word' id='word_1_87' title='bbox 495 925 602 973; x_wconf 82' lang='lat' dir='ltr'><strong>tem</strong></span> <span class='ocrx_word' id='word_1_88' title='bbox 628 914 878 988; x_wconf 75' lang='lat' dir='ltr'><strong>ipsorum,</strong></span> <span class='ocrx_word' id='word_1_89' title='bbox 907 926 978 972; x_wconf 84' lang='lat' dir='ltr'><strong>ne</strong></span> <span class='ocrx_word' id='word_1_90' title='bbox 1019 918 1278 970; x_wconf 73' lang='lat' dir='ltr'><strong>bomrum</strong></span> <span class='ocrx_word' id='word_1_91' title='bbox 1307 930 1522 984; x_wconf 66' lang='lat' dir='ltr'><strong>gressus</strong></span> <span class='ocrx_word' id='word_1_92' title='bbox 1543 932 1764 987; x_wconf 86' lang='lat' dir='ltr'><strong>operum</strong></span> <span class='ocrx_word' id='word_1_93' title='bbox 1795 916 2055 985; x_wconf 71' lang='lat' dir='ltr'><strong>iactantis</strong></span> <span class='ocrx_word' id='word_1_94' title='bbox 2785 925 2858 979; x_wconf 89' lang='lat' dir='ltr'><strong>De</strong></span> <span class='ocrx_word' id='word_1_95' title='bbox 2883 927 3084 981; x_wconf 86' lang='lat' dir='ltr'><strong>casula.</strong></span> 
     </span>
    </p>
   </div>
   <div class='ocr_carea' id='block_1_10' title="bbox 491 998 3727 1092">
    <p class='ocr_par' dir='ltr' id='par_1_10' title="bbox 491 998 3727 1092">
     <span class='ocr_line' id='line_1_10' title="bbox 491 998 3727 1092; baseline 0.006 -30"><span class='ocrx_word' id='word_1_96' title='bbox 491 1022 599 1063; x_wconf 65' lang='lat' dir='ltr'><strong>sne</strong></span> <span class='ocrx_word' id='word_1_97' title='bbox 625 998 1049 1078; x_wconf 69' lang='lat' dir='ltr'><strong>prms‘umpt&#39;ienie</strong></span> <span class='ocrx_word' id='word_1_98' title='bbox 1082 1006 1360 1084; x_wconf 70' lang='lat' dir='ltr'><strong>impediat,</strong></span> <span class='ocrx_word' id='word_1_99' title='bbox 1389 1021 1456 1062; x_wconf 86' lang='lat' dir='ltr'><strong>nu</strong></span> <span class='ocrx_word' id='word_1_100' title='bbox 1482 1006 1772 1076; x_wconf 72' lang='lat' dir='ltr'><strong>pmpedito</strong></span> <span class='ocrx_word' id='word_1_101' title='bbox 1798 1007 2054 1060; x_wconf 83' lang='lat' dir='ltr'><strong>virtutum</strong></span> <span class='ocrx_word' id='word_1_102' title='bbox 2096 1090 2107 1092; x_wconf 24' lang='grc' dir='ltr'><strong>Α</strong></span> <span class='ocrx_word' id='word_1_103' title='bbox 2224 1006 2518 1080; x_wconf 83' lang='lat' dir='ltr'><strong>Septimum</strong></span> <span class='ocrx_word' id='word_1_104' title='bbox 2553 1015 2882 1071; x_wconf 85' lang='lat' dir='ltr'><strong>sacerdotale</strong></span> <span class='ocrx_word' id='word_1_105' title='bbox 2921 1016 3286 1076; x_wconf 82' lang='lat' dir='ltr'><strong>indumentum</strong></span> <span class='ocrx_word' id='word_1_106' title='bbox 3316 1031 3399 1076; x_wconf 89' lang='lat' dir='ltr'><strong>est</strong></span> <span class='ocrx_word' id='word_1_107' title='bbox 3440 1025 3584 1092; x_wconf 89' lang='lat' dir='ltr'><strong>quod</strong></span> <span class='ocrx_word' id='word_1_108' title='bbox 3617 1021 3727 1079; x_wconf 75' lang='lat' dir='ltr'><strong>Ca-</strong></span> 
     </span>
    </p>
   </div>
   <div class='ocr_carea' id='block_1_11' title="bbox 489 1090 3728 1178">
    <p class='ocr_par' dir='ltr' id='par_1_11' title="bbox 489 1090 3728 1178">
     <span class='ocr_line' id='line_1_11' title="bbox 489 1090 3728 1178; baseline 0.006 -27"><span class='ocrx_word' id='word_1_109' title='bbox 489 1095 814 1165; x_wconf 76' lang='lat' dir='ltr'><strong>cursu,lpsa</strong></span> <span class='ocrx_word' id='word_1_110' title='bbox 841 1097 1003 1150; x_wconf 63' lang='lat' dir='ltr'><strong>etram</strong></span> <span class='ocrx_word' id='word_1_111' title='bbox 1031 1095 1307 1150; x_wconf 59' lang='lat' dir='ltr'><strong>terrestris</strong></span> <span class='ocrx_word' id='word_1_112' title='bbox 1335 1095 1783 1165; x_wconf 69' lang='lat' dir='ltr'><strong>cenmpis’centiaa</strong></span> <span class='ocrx_word' id='word_1_113' title='bbox 1809 1094 2054 1150; x_wconf 76' lang='lat' dir='ltr'><strong>ecl-dibus</strong></span> <span class='ocrx_word' id='word_1_114' title='bbox 2095 1090 2110 1099; x_wconf 70' lang='grc'><strong>“</strong></span> <span class='ocrx_word' id='word_1_115' title='bbox 2153 1100 2321 1155; x_wconf 89' lang='lat' dir='ltr'><strong>sulam</strong></span> <span class='ocrx_word' id='word_1_116' title='bbox 2357 1115 2579 1172; x_wconf 86' lang='lat' dir='ltr'><strong>vocant;</strong></span> <span class='ocrx_word' id='word_1_117' title='bbox 2630 1106 2773 1161; x_wconf 86' lang='lat' dir='ltr'><strong>dicta</strong></span> <span class='ocrx_word' id='word_1_118' title='bbox 2819 1109 2902 1163; x_wconf 84' lang='lat' dir='ltr'><strong>est</strong></span> <span class='ocrx_word' id='word_1_119' title='bbox 2949 1093 3130 1164; x_wconf 84' lang='lat' dir='ltr'><strong>autem</strong></span> <span class='ocrx_word' id='word_1_120' title='bbox 3165 1123 3262 1178; x_wconf 90' lang='lat' dir='ltr'><strong>per</strong></span> <span class='ocrx_word' id='word_1_121' title='bbox 3310 1090 3728 1168; x_wconf 83' lang='lat' dir='ltr'><strong>diminutionem</strong></span> 
     </span>
    </p>
   </div>
   <div class='ocr_carea' id='block_1_12' title="bbox 485 1181 3725 1269">
    <p class='ocr_par' dir='ltr' id='par_1_12' title="bbox 485 1181 3725 1269">
     <span class='ocr_line' id='line_1_12' title="bbox 485 1181 3725 1269; baseline 0.006 -31"><span class='ocrx_word' id='word_1_122' title='bbox 485 1186 685 1255; x_wconf 80' lang='lat' dir='ltr'><strong>polluta</strong></span> <span class='ocrx_word' id='word_1_123' title='bbox 716 1185 966 1251; x_wconf 73' lang='lat' dir='ltr'><strong>vilescat,</strong></span> <span class='ocrx_word' id='word_1_124' title='bbox 995 1181 1161 1239; x_wconf 80' lang='lat' dir='ltr'><strong>et‘ad</strong></span> <span class='ocrx_word' id='word_1_125' title='bbox 1190 1181 1437 1240; x_wconf 74' lang='lat' dir='ltr'><strong>ultimum</strong></span> <span class='ocrx_word' id='word_1_126' title='bbox 1483 1185 1760 1240; x_wconf 59' lang='lat' dir='ltr'><strong>uictorem</strong></span> <span class='ocrx_word' id='word_1_127' title='bbox 1788 1189 1944 1240; x_wconf 59' lang='lat' dir='ltr'><strong>suum</strong></span> <span class='ocrx_word' id='word_1_128' title='bbox 1985 1184 2055 1240; x_wconf 71' lang='lat' dir='ltr'><strong>ad</strong></span> <span class='ocrx_word' id='word_1_129' title='bbox 2150 1204 2179 1243; x_wconf 89' lang='lat' dir='ltr'><strong>a</strong></span> <span class='ocrx_word' id='word_1_130' title='bbox 2207 1205 2349 1257; x_wconf 84' lang='lat' dir='ltr'><strong>casa,</strong></span> <span class='ocrx_word' id='word_1_131' title='bbox 2380 1207 2445 1248; x_wconf 94' lang='lat' dir='ltr'><strong>eo</strong></span> <span class='ocrx_word' id='word_1_132' title='bbox 2472 1195 2612 1263; x_wconf 92' lang='lat' dir='ltr'><strong>quod</strong></span> <span class='ocrx_word' id='word_1_133' title='bbox 2651 1205 2822 1251; x_wconf 91' lang='lat' dir='ltr'><strong>totum</strong></span> <span class='ocrx_word' id='word_1_134' title='bbox 2862 1197 3129 1252; x_wconf 90' lang='lat' dir='ltr'><strong>hominem</strong></span> <span class='ocrx_word' id='word_1_135' title='bbox 3160 1207 3323 1268; x_wconf 87' lang='lat' dir='ltr'><strong>tegat,</strong></span> <span class='ocrx_word' id='word_1_136' title='bbox 3353 1202 3509 1269; x_wconf 86' lang='lat' dir='ltr'><strong>quasi</strong></span> <span class='ocrx_word' id='word_1_137' title='bbox 3540 1203 3725 1256; x_wconf 84' lang='lat' dir='ltr'><strong>minor</strong></span> 
     </span>
    </p>
   </div>
   <div class='ocr_carea' id='block_1_13' title="bbox 2732 834 3133 893">
    <p class='ocr_par' dir='ltr' id='par_1_13' title="bbox 2732 834 3133 893">
     <span class='ocr_line' id='line_1_13' title="bbox 2732 834 3133 893; baseline 0.002 -3"><span class='ocrx_word' id='word_1_138' title='bbox 2732 834 2958 891; x_wconf 77' lang='lat' dir='ltr'><strong>CAPUT</strong></span> <span class='ocrx_word' id='word_1_139' title='bbox 2992 837 3133 893; x_wconf 74' lang='lat' dir='ltr'><strong>XXI.</strong></span> 
     </span>
    </p>
   </div>
   <div class='ocr_carea' id='block_1_14' title="bbox 486 1272 1355 1346">
    <p class='ocr_par' dir='ltr' id='par_1_14' title="bbox 486 1272 1355 1346">
     <span class='ocr_line' id='line_1_14' title="bbox 486 1272 1355 1346; baseline -0.003 -14"><span class='ocrx_word' id='word_1_140' title='bbox 486 1278 697 1333; x_wconf 78' lang='lat' dir='ltr'><strong>ruinam</strong></span> <span class='ocrx_word' id='word_1_141' title='bbox 719 1277 1075 1345; x_wconf 69' lang='lat' dir='ltr'><strong>superbientis</strong></span> <span class='ocrx_word' id='word_1_142' title='bbox 1103 1272 1355 1346; x_wconf 66' lang='lat' dir='ltr'><strong>unpetlst.</strong></span> 
     </span>
    </p>
   </div>
   <div class='ocr_carea' id='block_1_15' title="bbox 1044 1379 1783 1446">
    <p class='ocr_par' dir='ltr' id='par_1_15' title="bbox 1044 1379 1783 1446">
     <span class='ocr_line' id='line_1_15' title="bbox 1044 1379 1783 1446; baseline 0.005 -4"><span class='ocrx_word' id='word_1_143' title='bbox 1044 1381 1269 1442; x_wconf 71' lang='lat' dir='ltr'><strong>CAPUT</strong></span> <span class='ocrx_word' id='word_1_144' title='bbox 1308 1379 1489 1442; x_wconf 70' lang='lat' dir='ltr'><strong>XVIII.</strong></span> <span class='ocrx_word' id='word_1_145' title='bbox 1779 1441 1783 1446; x_wconf 86' lang='lat'><strong>.</strong></span> 
     </span>
    </p>
   </div>
   <div class='ocr_carea' id='block_1_16' title="bbox 956 1455 1904 1526">
    <p class='ocr_par' dir='ltr' id='par_1_16' title="bbox 956 1455 1904 1526">
     <span class='ocr_line' id='line_1_16' title="bbox 956 1455 1904 1526; baseline 0.009 -18"><span class='ocrx_word' id='word_1_146' title='bbox 956 1475 962 1482; x_wconf 62' lang='grc' dir='ltr'><strong><em>υ</em></strong></span> <span class='ocrx_word' id='word_1_147' title='bbox 1078 1455 1155 1510; x_wconf 79' lang='lat' dir='ltr'><strong>De</strong></span> <span class='ocrx_word' id='word_1_148' title='bbox 1192 1456 1450 1526; x_wconf 63' lang='lat' dir='ltr'><strong>panum.</strong></span> <span class='ocrx_word' id='word_1_149' title='bbox 1902 1497 1904 1499; x_wconf 65' lang='grc'><strong>›</strong></span> 
     </span>
    </p>
   </div>
   <div class='ocr_carea' id='block_1_17' title="bbox 551 1545 2047 1616">
    <p class='ocr_par' dir='ltr' id='par_1_17' title="bbox 551 1545 2047 1616">
     <span class='ocr_line' id='line_1_17' title="bbox 551 1545 2047 1616; baseline 0.001 -16"><span class='ocrx_word' id='word_1_150' title='bbox 551 1545 812 1612; x_wconf 73' lang='lat' dir='ltr'><strong>Quartum</strong></span> <span class='ocrx_word' id='word_1_151' title='bbox 849 1554 977 1601; x_wconf 74' lang='lat' dir='ltr'><strong>vero</strong></span> <span class='ocrx_word' id='word_1_152' title='bbox 1025 1546 1274 1616; x_wconf 63' lang='lat' dir='ltr'><strong>mappam</strong></span> <span class='ocrx_word' id='word_1_153' title='bbox 1314 1546 1434 1616; x_wconf 77' lang='lat' dir='ltr'><strong>sive</strong></span> <span class='ocrx_word' id='word_1_154' title='bbox 1472 1545 1712 1612; x_wconf 77' lang='lat' dir='ltr'><strong>mantile,</strong></span> <span class='ocrx_word' id='word_1_155' title='bbox 1751 1546 2047 1602; x_wconf 74' lang='lat' dir='ltr'><strong>sacerdotis</strong></span> 
     </span>
    </p>
   </div>
   <div class='ocr_carea' id='block_1_18' title="bbox 480 1636 2048 1712">
    <p class='ocr_par' dir='ltr' id='par_1_18' title="bbox 480 1636 2048 1712">
     <span class='ocr_line' id='line_1_18' title="bbox 480 1636 2048 1712; baseline 0.005 -22"><span class='ocrx_word' id='word_1_156' title='bbox 480 1636 845 1694; x_wconf 77' lang='lat' dir='ltr'><strong>indumentdm</strong></span> <span class='ocrx_word' id='word_1_157' title='bbox 868 1647 972 1702; x_wconf 81' lang='lat' dir='ltr'><strong>est,</strong></span> <span class='ocrx_word' id='word_1_158' title='bbox 993 1640 1135 1711; x_wconf 79' lang='lat' dir='ltr'><strong>quod</strong></span> <span class='ocrx_word' id='word_1_159' title='bbox 1163 1640 1320 1710; x_wconf 81' lang='lat' dir='ltr'><strong>vulgo</strong></span> <span class='ocrx_word' id='word_1_160' title='bbox 1345 1641 1649 1709; x_wconf 80' lang='lat' dir='ltr'><strong>phancnem</strong></span> <span class='ocrx_word' id='word_1_161' title='bbox 1671 1650 1885 1709; x_wconf 80' lang='lat' dir='ltr'><strong>vocant,</strong></span> <span class='ocrx_word' id='word_1_162' title='bbox 1905 1643 2048 1712; x_wconf 87' lang='lat' dir='ltr'><strong>quod</strong></span> 
     </span>
    </p>
   </div>
   <div class='ocr_carea' id='block_1_19' title="bbox 481 1713 2120 1802">
    <p class='ocr_par' dir='ltr' id='par_1_19' title="bbox 481 1713 2120 1802">
     <span class='ocr_line' id='line_1_19' title="bbox 481 1713 2120 1802; baseline 0.002 -18"><span class='ocrx_word' id='word_1_163' title='bbox 481 1731 550 1784; x_wconf 92' lang='lat' dir='ltr'><strong>ob</strong></span> <span class='ocrx_word' id='word_1_164' title='bbox 577 1730 681 1785; x_wconf 83' lang='lat' dir='ltr'><strong>hoc</strong></span> <span class='ocrx_word' id='word_1_165' title='bbox 708 1729 892 1786; x_wconf 78' lang='lat' dir='ltr'><strong>eorum</strong></span> <span class='ocrx_word' id='word_1_166' title='bbox 938 1721 1064 1786; x_wconf 64' lang='lat' dir='ltr'><strong>tunc</strong></span> <span class='ocrx_word' id='word_1_167' title='bbox 1093 1733 1344 1787; x_wconf 84' lang='lat' dir='ltr'><strong>manibus</strong></span> <span class='ocrx_word' id='word_1_168' title='bbox 1371 1740 1586 1787; x_wconf 76' lang='lat' dir='ltr'><strong>tenetur</strong></span> <span class='ocrx_word' id='word_1_169' title='bbox 1626 1736 1843 1802; x_wconf 79' lang='lat' dir='ltr'><strong>quando</strong></span> <span class='ocrx_word' id='word_1_170' title='bbox 1869 1734 2047 1788; x_wconf 64' lang='lat' dir='ltr'><strong>missa:</strong></span> <span class='ocrx_word' id='word_1_171' title='bbox 2077 1713 2120 1769; x_wconf 76' lang='grc' dir='ltr'><strong>Β</strong></span> 
     </span>
    </p>
   </div>
   <div class='ocr_carea' id='block_1_20' title="bbox 480 1817 2048 1891">
    <p class='ocr_par' dir='ltr' id='par_1_20' title="bbox 480 1817 2048 1891">
     <span class='ocr_line' id='line_1_20' title="bbox 480 1817 2048 1891; baseline 0.001 -15"><span class='ocrx_word' id='word_1_172' title='bbox 480 1819 710 1876; x_wconf 79' lang='lat' dir='ltr'><strong>cilicium</strong></span> <span class='ocrx_word' id='word_1_173' title='bbox 754 1822 945 1891; x_wconf 84' lang='lat' dir='ltr'><strong>agitur,</strong></span> <span class='ocrx_word' id='word_1_174' title='bbox 983 1828 1044 1875; x_wconf 91' lang='lat' dir='ltr'><strong>ut</strong></span> <span class='ocrx_word' id='word_1_175' title='bbox 1087 1829 1303 1891; x_wconf 80' lang='lat' dir='ltr'><strong>paratos</strong></span> <span class='ocrx_word' id='word_1_176' title='bbox 1338 1822 1404 1876; x_wconf 88' lang='lat' dir='ltr'><strong>ad</strong></span> <span class='ocrx_word' id='word_1_177' title='bbox 1447 1817 1804 1881; x_wconf 66' lang='lat' dir='ltr'><strong>ministerium</strong></span> <span class='ocrx_word' id='word_1_178' title='bbox 1849 1834 2048 1878; x_wconf 63' lang='lat' dir='ltr'><strong>mensa</strong></span> 
     </span>
    </p>
   </div>
   <div class='ocr_carea' id='block_1_21' title="bbox 481 1907 2048 1981">
    <p class='ocr_par' dir='ltr' id='par_1_21' title="bbox 481 1907 2048 1981">
     <span class='ocr_line' id='line_1_21' title="bbox 481 1907 2048 1981; baseline 0.001 -17"><span class='ocrx_word' id='word_1_179' title='bbox 481 1911 690 1965; x_wconf 79' lang='lat' dir='ltr'><strong>Domini</strong></span> <span class='ocrx_word' id='word_1_180' title='bbox 738 1910 962 1980; x_wconf 86' lang='lat' dir='ltr'><strong>populus</strong></span> <span class='ocrx_word' id='word_1_181' title='bbox 989 1911 1302 1979; x_wconf 83' lang='lat' dir='ltr'><strong>conspiciat.</strong></span> <span class='ocrx_word' id='word_1_182' title='bbox 1337 1907 1538 1981; x_wconf 73' lang='lat' dir='ltr'><strong>Mappm</strong></span> <span class='ocrx_word' id='word_1_183' title='bbox 1569 1922 1698 1981; x_wconf 78' lang='lat' dir='ltr'><strong>ergo</strong></span> <span class='ocrx_word' id='word_1_184' title='bbox 1726 1913 1955 1969; x_wconf 75' lang='lat' dir='ltr'><strong>convivii</strong></span> <span class='ocrx_word' id='word_1_185' title='bbox 1992 1921 2048 1967; x_wconf 89' lang='lat' dir='ltr'><strong>et</strong></span> 
     </span>
    </p>
   </div>
   <div class='ocr_carea' id='block_1_22' title="bbox 479 1997 2041 2066">
    <p class='ocr_par' dir='ltr' id='par_1_22' title="bbox 479 1997 2041 2066">
     <span class='ocr_line' id='line_1_22' title="bbox 479 1997 2041 2066; baseline 0.001 -14"><span class='ocrx_word' id='word_1_186' title='bbox 479 1999 750 2066; x_wconf 83' lang='lat' dir='ltr'><strong>epularum</strong></span> <span class='ocrx_word' id='word_1_187' title='bbox 779 1997 843 2051; x_wconf 89' lang='lat' dir='ltr'><strong>ad</strong></span> <span class='ocrx_word' id='word_1_188' title='bbox 875 1999 1167 2066; x_wconf 79' lang='lat' dir='ltr'><strong>positarum</strong></span> <span class='ocrx_word' id='word_1_189' title='bbox 1199 1999 1507 2052; x_wconf 77' lang='lat' dir='ltr'><strong>linteamina</strong></span> <span class='ocrx_word' id='word_1_190' title='bbox 1535 2006 1679 2064; x_wconf 88' lang='lat' dir='ltr'><strong>sunt,</strong></span> <span class='ocrx_word' id='word_1_191' title='bbox 1707 2000 1847 2054; x_wconf 87' lang='lat' dir='ltr'><strong>unde</strong></span> <span class='ocrx_word' id='word_1_192' title='bbox 1885 2001 2041 2054; x_wconf 91' lang='lat' dir='ltr'><strong>dimi-</strong></span> 
     </span>
    </p>
   </div>
   <div class='ocr_carea' id='block_1_23' title="bbox 478 2081 2040 2159">
    <p class='ocr_par' dir='ltr' id='par_1_23' title="bbox 478 2081 2040 2159">
     <span class='ocr_line' id='line_1_23' title="bbox 478 2081 2040 2159; baseline 0.003 -20"><span class='ocrx_word' id='word_1_193' title='bbox 478 2081 722 2140; x_wconf 77' lang='lat' dir='ltr'><strong>nutivum</strong></span> <span class='ocrx_word' id='word_1_194' title='bbox 753 2085 995 2155; x_wconf 81' lang='lat' dir='ltr'><strong>mappula</strong></span> <span class='ocrx_word' id='word_1_195' title='bbox 1042 2086 1182 2142; x_wconf 81' lang='lat' dir='ltr'><strong>sicut</strong></span> <span class='ocrx_word' id='word_1_196' title='bbox 1209 2096 1264 2142; x_wconf 90' lang='lat' dir='ltr'><strong>et</strong></span> <span class='ocrx_word' id='word_1_197' title='bbox 1292 2086 1560 2152; x_wconf 78' lang='lat' dir='ltr'><strong>mantilia,</strong></span> <span class='ocrx_word' id='word_1_198' title='bbox 1597 2102 1741 2142; x_wconf 89' lang='lat' dir='ltr'><strong>nunc</strong></span> <span class='ocrx_word' id='word_1_199' title='bbox 1781 2102 1880 2158; x_wconf 90' lang='lat' dir='ltr'><strong>pro</strong></span> <span class='ocrx_word' id='word_1_200' title='bbox 1911 2103 2040 2159; x_wconf 85' lang='lat' dir='ltr'><strong>ope—</strong></span> 
     </span>
    </p>
   </div>
   <div class='ocr_carea' id='block_1_24' title="bbox 478 2177 2039 2248">
    <p class='ocr_par' dir='ltr' id='par_1_24' title="bbox 478 2177 2039 2248">
     <span class='ocr_line' id='line_1_24' title="bbox 478 2177 2039 2248; baseline 0 -16"><span class='ocrx_word' id='word_1_201' title='bbox 478 2177 679 2234; x_wconf 83' lang='lat' dir='ltr'><strong>riendis</strong></span> <span class='ocrx_word' id='word_1_202' title='bbox 699 2178 899 2234; x_wconf 64' lang='lat' dir='ltr'><strong>mannis</strong></span> <span class='ocrx_word' id='word_1_203' title='bbox 920 2185 1071 2233; x_wconf 76' lang='lat' dir='ltr'><strong>sunt:</strong></span> <span class='ocrx_word' id='word_1_204' title='bbox 1097 2193 1237 2248; x_wconf 65' lang='lat' dir='ltr'><strong>qum,</strong></span> <span class='ocrx_word' id='word_1_205' title='bbox 1260 2185 1320 2237; x_wconf 75' lang='lat' dir='ltr'><strong>ut</strong></span> <span class='ocrx_word' id='word_1_206' title='bbox 1337 2191 1533 2233; x_wconf 81' lang='lat' dir='ltr'><strong>nomen</strong></span> <span class='ocrx_word' id='word_1_207' title='bbox 1552 2177 1790 2246; x_wconf 80' lang='lat' dir='ltr'><strong>ipsorum</strong></span> <span class='ocrx_word' id='word_1_208' title='bbox 1815 2178 2039 2243; x_wconf 88' lang='lat' dir='ltr'><strong>indicat,</strong></span> 
     </span>
    </p>
   </div>
   <div class='ocr_carea' id='block_1_25' title="bbox 477 2266 2046 2347">
    <p class='ocr_par' dir='ltr' id='par_1_25' title="bbox 477 2266 2046 2347">
     <span class='ocr_line' id='line_1_25' title="bbox 477 2266 2046 2347; baseline 0.001 -25"><span class='ocrx_word' id='word_1_209' title='bbox 477 2269 603 2322; x_wconf 85' lang='lat' dir='ltr'><strong>olim</strong></span> <span class='ocrx_word' id='word_1_210' title='bbox 648 2268 918 2347; x_wconf 77' lang='lat' dir='ltr'><strong>tergendis</strong></span> <span class='ocrx_word' id='word_1_211' title='bbox 961 2269 1205 2341; x_wconf 78' lang='lat' dir='ltr'><strong>manibus</strong></span> <span class='ocrx_word' id='word_1_212' title='bbox 1245 2269 1641 2338; x_wconf 73' lang='lat' dir='ltr'><strong>pmbebantur.</strong></span> <span class='ocrx_word' id='word_1_213' title='bbox 1668 2266 1891 2336; x_wconf 82' lang='lat' dir='ltr'><strong>Oportet</strong></span> <span class='ocrx_word' id='word_1_214' title='bbox 1917 2283 2046 2338; x_wconf 81' lang='lat' dir='ltr'><strong>ergo</strong></span> 
     </span>
    </p>
   </div>
   <div class='ocr_carea' id='block_1_26' title="bbox 477 2357 2046 2428">
    <p class='ocr_par' dir='ltr' id='par_1_26' title="bbox 477 2357 2046 2428">
     <span class='ocr_line' id='line_1_26' title="bbox 477 2357 2046 2428; baseline 0.001 -16"><span class='ocrx_word' id='word_1_215' title='bbox 477 2358 781 2412; x_wconf 79' lang='lat' dir='ltr'><strong>sacerdotes</strong></span> <span class='ocrx_word' id='word_1_216' title='bbox 824 2367 878 2412; x_wconf 88' lang='lat' dir='ltr'><strong>et</strong></span> <span class='ocrx_word' id='word_1_217' title='bbox 927 2358 1201 2416; x_wconf 78' lang='lat' dir='ltr'><strong>ministros</strong></span> <span class='ocrx_word' id='word_1_218' title='bbox 1249 2357 1434 2414; x_wconf 82' lang='lat' dir='ltr'><strong>altaris</strong></span> <span class='ocrx_word' id='word_1_219' title='bbox 1481 2358 1761 2428; x_wconf 79' lang='lat' dir='ltr'><strong>mappulae</strong></span> <span class='ocrx_word' id='word_1_220' title='bbox 1801 2357 2046 2414; x_wconf 78' lang='lat' dir='ltr'><strong>manibus</strong></span> 
     </span>
    </p>
   </div>
   <div class='ocr_carea' id='block_1_27' title="bbox 416 2438 2042 2516">
    <p class='ocr_par' dir='ltr' id='par_1_27' title="bbox 416 2438 2042 2516">
     <span class='ocr_line' id='line_1_27' title="bbox 416 2438 2042 2516; baseline -0.001 -15"><span class='ocrx_word' id='word_1_221' title='bbox 416 2438 420 2441; x_wconf 71' lang='grc'><strong>’</strong></span> <span class='ocrx_word' id='word_1_222' title='bbox 478 2456 681 2511; x_wconf 88' lang='lat' dir='ltr'><strong>tenero,</strong></span> <span class='ocrx_word' id='word_1_223' title='bbox 704 2461 931 2516; x_wconf 89' lang='lat' dir='ltr'><strong>quorum</strong></span> <span class='ocrx_word' id='word_1_224' title='bbox 965 2446 1195 2500; x_wconf 84' lang='lat' dir='ltr'><strong>cilicium</strong></span> <span class='ocrx_word' id='word_1_225' title='bbox 1223 2453 1306 2500; x_wconf 91' lang='lat' dir='ltr'><strong>est</strong></span> <span class='ocrx_word' id='word_1_226' title='bbox 1334 2445 1513 2500; x_wconf 86' lang='lat' dir='ltr'><strong>divina</strong></span> <span class='ocrx_word' id='word_1_227' title='bbox 1551 2455 1889 2501; x_wconf 86' lang='lat' dir='ltr'><strong>sacramenta</strong></span> <span class='ocrx_word' id='word_1_228' title='bbox 1918 2461 2042 2501; x_wconf 86' lang='lat' dir='ltr'><strong>eon-</strong></span> 
     </span>
    </p>
   </div>
   <div class='ocr_carea' id='block_1_28' title="bbox 477 2535 2041 2611">
    <p class='ocr_par' dir='ltr' id='par_1_28' title="bbox 477 2535 2041 2611">
     <span class='ocr_line' id='line_1_28' title="bbox 477 2535 2041 2611; baseline -0.001 -20"><span class='ocrx_word' id='word_1_229' title='bbox 477 2536 659 2602; x_wconf 88' lang='lat' dir='ltr'><strong>ﬁcerc,</strong></span> <span class='ocrx_word' id='word_1_230' title='bbox 687 2543 749 2591; x_wconf 93' lang='lat' dir='ltr'><strong>ut</strong></span> <span class='ocrx_word' id='word_1_231' title='bbox 790 2551 911 2591; x_wconf 89' lang='lat' dir='ltr'><strong>cum</strong></span> <span class='ocrx_word' id='word_1_232' title='bbox 958 2535 1237 2590; x_wconf 87' lang='lat' dir='ltr'><strong>devotione</strong></span> <span class='ocrx_word' id='word_1_233' title='bbox 1282 2535 1476 2596; x_wconf 76' lang='lat' dir='ltr'><strong>mentis</strong></span> <span class='ocrx_word' id='word_1_234' title='bbox 1513 2549 1648 2604; x_wconf 87' lang='lat' dir='ltr'><strong>opus</strong></span> <span class='ocrx_word' id='word_1_235' title='bbox 1694 2544 2041 2611; x_wconf 78' lang='lat' dir='ltr'><strong>spontaneum</strong></span> 
     </span>
    </p>
   </div>
   <div class='ocr_carea' id='block_1_29' title="bbox 380 2623 2040 2703">
    <p class='ocr_par' dir='ltr' id='par_1_29' title="bbox 380 2623 2040 2703">
     <span class='ocr_line' id='line_1_29' title="bbox 380 2623 2040 2703; baseline 0.001 -23"><span class='ocrx_word' id='word_1_236' title='bbox 380 2693 382 2696; x_wconf 16' lang='grc' dir='ltr'>ν</span> <span class='ocrx_word' id='word_1_237' title='bbox 476 2627 794 2691; x_wconf 80' lang='lat' dir='ltr'><strong>concordet,</strong></span> <span class='ocrx_word' id='word_1_238' title='bbox 844 2626 1002 2696; x_wconf 88' lang='lat' dir='ltr'><strong>digne</strong></span> <span class='ocrx_word' id='word_1_239' title='bbox 1030 2633 1347 2688; x_wconf 79' lang='lat' dir='ltr'><strong>exerceatur</strong></span> <span class='ocrx_word' id='word_1_240' title='bbox 1385 2623 1645 2692; x_wconf 75' lang='lat' dir='ltr'><strong>ofﬁcium,</strong></span> <span class='ocrx_word' id='word_1_241' title='bbox 1673 2626 1815 2698; x_wconf 88' lang='lat' dir='ltr'><strong>quod</strong></span> <span class='ocrx_word' id='word_1_242' title='bbox 1843 2627 1931 2703; x_wconf 87' lang='lat' dir='ltr'><strong>pie</strong></span> <span class='ocrx_word' id='word_1_243' title='bbox 1958 2627 2040 2682; x_wconf 88' lang='lat' dir='ltr'><strong>di-</strong></span> 
     </span>
    </p>
   </div>
   <div class='ocr_carea' id='block_1_30' title="bbox 475 2716 1278 2773">
    <p class='ocr_par' dir='ltr' id='par_1_30' title="bbox 475 2716 1278 2773">
     <span class='ocr_line' id='line_1_30' title="bbox 475 2716 1278 2773; baseline -0.004 -3"><span class='ocrx_word' id='word_1_244' title='bbox 475 2716 600 2772; x_wconf 90' lang='lat' dir='ltr'><strong>vino</strong></span> <span class='ocrx_word' id='word_1_245' title='bbox 627 2725 712 2773; x_wconf 83' lang='lat' dir='ltr'><strong>est</strong></span> <span class='ocrx_word' id='word_1_246' title='bbox 741 2721 962 2772; x_wconf 83' lang='lat' dir='ltr'><strong>munere</strong></span> <span class='ocrx_word' id='word_1_247' title='bbox 989 2716 1278 2772; x_wconf 73' lang='lat' dir='ltr'><strong>collatum.</strong></span> 
     </span>
    </p>
   </div>
   <div class='ocr_carea' id='block_1_31' title="bbox 745 2790 1494 2866">
    <p class='ocr_par' dir='ltr' id='par_1_31' title="bbox 745 2790 1494 2866">
     <span class='ocr_line' id='line_1_31' title="bbox 745 2790 1494 2866; baseline 0 -3"><span class='ocrx_word' id='word_1_248' title='bbox 745 2810 749 2814; x_wconf 93' lang='grc'><strong>·</strong></span> <span class='ocrx_word' id='word_1_249' title='bbox 1057 2805 1281 2866; x_wconf 79' lang='lat' dir='ltr'><strong>CAPUT</strong></span> <span class='ocrx_word' id='word_1_250' title='bbox 1315 2790 1494 2865; x_wconf 72' lang='lat' dir='ltr'><strong>xnx.‘</strong></span> 
     </span>
    </p>
   </div>
   <div class='ocr_carea' id='block_1_32' title="bbox 927 2895 1583 2962">
    <p class='ocr_par' dir='ltr' id='par_1_32' title="bbox 927 2895 1583 2962">
     <span class='ocr_line' id='line_1_32' title="bbox 927 2895 1583 2962; baseline 0.002 -11"><span class='ocrx_word' id='word_1_251' title='bbox 927 2896 1004 2951; x_wconf 84' lang='lat' dir='ltr'><strong>De</strong></span> <span class='ocrx_word' id='word_1_252' title='bbox 1025 2897 1234 2962; x_wconf 70' lang='grc' dir='ltr'><strong>στω-ἕο..</strong></span> <span class='ocrx_word' id='word_1_253' title='bbox 1249 2896 1305 2952; x_wconf 77' lang='lat' dir='ltr'><strong>id</strong></span> <span class='ocrx_word' id='word_1_254' title='bbox 1330 2905 1405 2951; x_wconf 88' lang='lat' dir='ltr'><strong>est</strong></span> <span class='ocrx_word' id='word_1_255' title='bbox 1429 2895 1583 2952; x_wconf 74' lang='lat' dir='ltr'><strong>uola.</strong></span> 
     </span>
    </p>
   </div>
   <div class='ocr_carea' id='block_1_33' title="bbox 545 2986 2042 3060">
    <p class='ocr_par' dir='ltr' id='par_1_33' title="bbox 545 2986 2042 3060">
     <span class='ocr_line' id='line_1_33' title="bbox 545 2986 2042 3060; baseline 0.001 -19"><span class='ocrx_word' id='word_1_256' title='bbox 545 2987 801 3056; x_wconf 78' lang='lat' dir='ltr'><strong>Quintum</strong></span> <span class='ocrx_word' id='word_1_257' title='bbox 829 2996 1041 3060; x_wconf 78' lang='lat' dir='ltr'><strong>quoque</strong></span> <span class='ocrx_word' id='word_1_258' title='bbox 1079 2994 1164 3042; x_wconf 84' lang='lat' dir='ltr'><strong>est</strong></span> <span class='ocrx_word' id='word_1_259' title='bbox 1205 2986 1344 3056; x_wconf 76' lang='lat' dir='ltr'><strong>quod</strong></span> <span class='ocrx_word' id='word_1_260' title='bbox 1391 2987 1628 3046; x_wconf 81' lang='lat' dir='ltr'><strong>orarium</strong></span> <span class='ocrx_word' id='word_1_261' title='bbox 1663 2988 1880 3053; x_wconf 85' lang='lat' dir='ltr'><strong>dicitur,</strong></span> <span class='ocrx_word' id='word_1_262' title='bbox 1915 2987 2042 3043; x_wconf 87' lang='lat' dir='ltr'><strong>licet</strong></span> 
     </span>
    </p>
   </div>
   <div class='ocr_carea' id='block_1_34' title="bbox 477 3071 2039 3147">
    <p class='ocr_par' dir='ltr' id='par_1_34' title="bbox 477 3071 2039 3147">
     <span class='ocr_line' id='line_1_34' title="bbox 477 3071 2039 3147; baseline -0.001 -14"><span class='ocrx_word' id='word_1_263' title='bbox 477 3079 578 3133; x_wconf 83' lang='lat' dir='ltr'><strong>hoc</strong></span> <span class='ocrx_word' id='word_1_264' title='bbox 609 3077 824 3147; x_wconf 64' lang='lat' dir='ltr'><strong>«pridem</strong></span> <span class='ocrx_word' id='word_1_265' title='bbox 854 3074 1045 3132; x_wconf 80' lang='lat' dir='ltr'><strong>stolam</strong></span> <span class='ocrx_word' id='word_1_266' title='bbox 1085 3071 1293 3135; x_wconf 79' lang='lat' dir='ltr'><strong>vocent.</strong></span> <span class='ocrx_word' id='word_1_267' title='bbox 1321 3074 1435 3131; x_wconf 78' lang='lat' dir='ltr'><strong>Hoc</strong></span> <span class='ocrx_word' id='word_1_268' title='bbox 1473 3077 1618 3133; x_wconf 89' lang='lat' dir='ltr'><strong>enim</strong></span> <span class='ocrx_word' id='word_1_269' title='bbox 1651 3091 1848 3147; x_wconf 84' lang='lat' dir='ltr'><strong>genere</strong></span> <span class='ocrx_word' id='word_1_270' title='bbox 1874 3077 2039 3132; x_wconf 78' lang='lat' dir='ltr'><strong>vestis</strong></span> 
     </span>
    </p>
   </div>
   <div class='ocr_carea' id='block_1_35' title="bbox 475 3153 2041 3238">
    <p class='ocr_par' dir='ltr' id='par_1_35' title="bbox 475 3153 2041 3238">
     <span class='ocr_line' id='line_1_35' title="bbox 475 3153 2041 3238; baseline 0.001 -18"><span class='ocrx_word' id='word_1_271' title='bbox 475 3166 806 3232; x_wconf 84' lang='lat' dir='ltr'><strong>solummodo</strong></span> <span class='ocrx_word' id='word_1_272' title='bbox 828 3166 907 3219; x_wconf 86' lang='lat' dir='ltr'><strong>cis</strong></span> <span class='ocrx_word' id='word_1_273' title='bbox 948 3164 1190 3235; x_wconf 80' lang='lat' dir='ltr'><strong>personis</strong></span> <span class='ocrx_word' id='word_1_274' title='bbox 1213 3165 1293 3220; x_wconf 90' lang='lat' dir='ltr'><strong>uti</strong></span> <span class='ocrx_word' id='word_1_275' title='bbox 1331 3173 1416 3222; x_wconf 83' lang='lat' dir='ltr'><strong>est</strong></span> <span class='ocrx_word' id='word_1_276' title='bbox 1455 3181 1805 3234; x_wconf 79' lang='lat' dir='ltr'><strong>concessum,</strong></span> <span class='ocrx_word' id='word_1_277' title='bbox 1845 3153 2041 3238; x_wconf 82' lang='lat' dir='ltr'><strong>quibus</strong></span> 
     </span>
    </p>
   </div>
   <div class='ocr_carea' id='block_1_36' title="bbox 473 3253 2040 3328">
    <p class='ocr_par' dir='ltr' id='par_1_36' title="bbox 473 3253 2040 3328">
     <span class='ocr_line' id='line_1_36' title="bbox 473 3253 2040 3328; baseline -0.01 -16"><span class='ocrx_word' id='word_1_278' title='bbox 473 3256 792 3328; x_wconf 63' lang='lat' dir='ltr'><strong>praedicandi</strong></span> <span class='ocrx_word' id='word_1_279' title='bbox 817 3254 1052 3311; x_wconf 72' lang='lat' dir='ltr'><strong>cilicium</strong></span> <span class='ocrx_word' id='word_1_280' title='bbox 1077 3263 1160 3310; x_wconf 85' lang='lat' dir='ltr'><strong>est</strong></span> <span class='ocrx_word' id='word_1_281' title='bbox 1184 3254 1504 3324; x_wconf 71' lang='lat' dir='ltr'><strong>delegatum.</strong></span> <span class='ocrx_word' id='word_1_282' title='bbox 1548 3253 1692 3312; x_wconf 86' lang='lat' dir='ltr'><strong>Bene</strong></span> <span class='ocrx_word' id='word_1_283' title='bbox 1729 3256 1892 3320; x_wconf 71' lang='lat' dir='ltr'><strong>etiam</strong></span> <span class='ocrx_word' id='word_1_284' title='bbox 1923 3271 2040 3312; x_wconf 71' lang='grc' dir='ltr'><strong>οη-</strong></span> 
     </span>
    </p>
   </div>
   <div class='ocr_carea' id='block_1_37' title="bbox 477 3345 2040 3426">
    <p class='ocr_par' dir='ltr' id='par_1_37' title="bbox 477 3345 2040 3426">
     <span class='ocr_line' id='line_1_37' title="bbox 477 3345 2040 3426; baseline 0 -24"><span class='ocrx_word' id='word_1_285' title='bbox 477 3348 678 3403; x_wconf 82' lang='lat' dir='ltr'><strong>toribus</strong></span> <span class='ocrx_word' id='word_1_286' title='bbox 708 3345 908 3426; x_wconf 81' lang='lat' dir='ltr'><strong>Christi</strong></span> <span class='ocrx_word' id='word_1_287' title='bbox 938 3346 1174 3415; x_wconf 78' lang='lat' dir='ltr'><strong>orarium</strong></span> <span class='ocrx_word' id='word_1_288' title='bbox 1223 3346 1425 3402; x_wconf 72' lang='lat' dir='ltr'><strong>habere</strong></span> <span class='ocrx_word' id='word_1_289' title='bbox 1450 3346 1727 3413; x_wconf 80' lang='lat' dir='ltr'><strong>convenit,</strong></span> <span class='ocrx_word' id='word_1_290' title='bbox 1757 3347 1882 3417; x_wconf 84' lang='lat' dir='ltr'><strong>quia</strong></span> <span class='ocrx_word' id='word_1_291' title='bbox 1915 3362 2040 3402; x_wconf 88' lang='lat' dir='ltr'><strong>cum</strong></span> 
     </span>
    </p>
   </div>
   <div class='ocr_carea' id='block_1_38' title="bbox 477 3435 2038 3509">
    <p class='ocr_par' dir='ltr' id='par_1_38' title="bbox 477 3435 2038 3509">
     <span class='ocr_line' id='line_1_38' title="bbox 477 3435 2038 3509; baseline 0.001 -16"><span class='ocrx_word' id='word_1_292' title='bbox 477 3440 838 3493; x_wconf 79' lang='lat' dir='ltr'><strong>indumentum</strong></span> <span class='ocrx_word' id='word_1_293' title='bbox 865 3451 1049 3491; x_wconf 82' lang='lat' dir='ltr'><strong>eorum</strong></span> <span class='ocrx_word' id='word_1_294' title='bbox 1078 3435 1259 3491; x_wconf 77' lang='lat' dir='ltr'><strong>ofﬁcio</strong></span> <span class='ocrx_word' id='word_1_295' title='bbox 1284 3437 1503 3506; x_wconf 81' lang='lat' dir='ltr'><strong>proprio</strong></span> <span class='ocrx_word' id='word_1_296' title='bbox 1541 3438 1894 3505; x_wconf 82' lang='lat' dir='ltr'><strong>concinat,.et</strong></span> <span class='ocrx_word' id='word_1_297' title='bbox 1937 3437 2038 3509; x_wconf 83' lang='lat' dir='ltr'><strong>ipsi</strong></span> 
     </span>
    </p>
   </div>
   <div class='ocr_carea' id='block_1_39' title="bbox 476 3524 2041 3600">
    <p class='ocr_par' dir='ltr' id='par_1_39' title="bbox 476 3524 2041 3600">
     <span class='ocr_line' id='line_1_39' title="bbox 476 3524 2041 3600; baseline 0 -19"><span class='ocrx_word' id='word_1_298' title='bbox 476 3526 660 3581; x_wconf 79' lang='lat' dir='ltr'><strong>sedule</strong></span> <span class='ocrx_word' id='word_1_299' title='bbox 697 3526 764 3580; x_wconf 84' lang='lat' dir='ltr'><strong>ad</strong></span> <span class='ocrx_word' id='word_1_300' title='bbox 797 3524 943 3579; x_wconf 77' lang='lat' dir='ltr'><strong>verbi</strong></span> <span class='ocrx_word' id='word_1_301' title='bbox 987 3524 1343 3600; x_wconf 81' lang='lat' dir='ltr'><strong>ministerium</strong></span> <span class='ocrx_word' id='word_1_302' title='bbox 1384 3526 1763 3593; x_wconf 83' lang='lat' dir='ltr'><strong>cohortantur,</strong></span> <span class='ocrx_word' id='word_1_303' title='bbox 1795 3535 1852 3583; x_wconf 90' lang='lat' dir='ltr'><strong>et</strong></span> <span class='ocrx_word' id='word_1_304' title='bbox 1891 3526 2041 3596; x_wconf 88' lang='lat' dir='ltr'><strong>plebs</strong></span> 
     </span>
    </p>
   </div>
   <div class='ocr_carea' id='block_1_40' title="bbox 477 3602 2043 3684">
    <p class='ocr_par' dir='ltr' id='par_1_40' title="bbox 477 3602 2043 3684">
     <span class='ocr_line' id='line_1_40' title="bbox 477 3602 2043 3684; baseline 0.001 -14"><span class='ocrx_word' id='word_1_305' title='bbox 477 3616 605 3683; x_wconf 87' lang='lat' dir='ltr'><strong>ipsis</strong></span> <span class='ocrx_word' id='word_1_306' title='bbox 640 3614 925 3669; x_wconf 79' lang='lat' dir='ltr'><strong>conmissa</strong></span> <span class='ocrx_word' id='word_1_307' title='bbox 972 3602 1224 3667; x_wconf 90' lang='lat' dir='ltr'><strong>indicium</strong></span> <span class='ocrx_word' id='word_1_308' title='bbox 1278 3613 1512 3668; x_wconf 87' lang='lat' dir='ltr'><strong>salutare</strong></span> <span class='ocrx_word' id='word_1_309' title='bbox 1561 3616 1926 3684; x_wconf 83' lang='lat' dir='ltr'><strong>conspiciens,</strong></span> <span class='ocrx_word' id='word_1_310' title='bbox 1974 3615 2043 3671; x_wconf 89' lang='lat' dir='ltr'><strong>ad</strong></span> 
     </span>
    </p>
   </div>
   <div class='ocr_carea' id='block_1_41' title="bbox 478 3701 2042 3772">
    <p class='ocr_par' dir='ltr' id='par_1_41' title="bbox 478 3701 2042 3772">
     <span class='ocr_line' id='line_1_41' title="bbox 478 3701 2042 3772; baseline -0.001 -13"><span class='ocrx_word' id='word_1_311' title='bbox 478 3704 876 3759; x_wconf 86' lang='lat' dir='ltr'><strong>meditationem</strong></span> <span class='ocrx_word' id='word_1_312' title='bbox 920 3701 1051 3772; x_wconf 87' lang='lat' dir='ltr'><strong>legis</strong></span> <span class='ocrx_word' id='word_1_313' title='bbox 1092 3715 1417 3758; x_wconf 87' lang='lat' dir='ltr'><strong>concurrere</strong></span> <span class='ocrx_word' id='word_1_314' title='bbox 1453 3703 1748 3770; x_wconf 78' lang='lat' dir='ltr'><strong>ferventius</strong></span> <span class='ocrx_word' id='word_1_315' title='bbox 1790 3706 2042 3767; x_wconf 48' lang='lat' dir='ltr'><strong>admones</strong></span> 
     </span>
    </p>
   </div>
   <div class='ocr_carea' id='block_1_42' title="bbox 481 3789 2042 3860">
    <p class='ocr_par' dir='ltr' id='par_1_42' title="bbox 481 3789 2042 3860">
     <span class='ocr_line' id='line_1_42' title="bbox 481 3789 2042 3860; baseline -0.003 -12"><span class='ocrx_word' id='word_1_316' title='bbox 481 3802 583 3848; x_wconf 86' lang='lat' dir='ltr'><strong>tur.</strong></span> <span class='ocrx_word' id='word_1_317' title='bbox 612 3792 746 3860; x_wconf 84' lang='lat' dir='ltr'><strong>Apte</strong></span> <span class='ocrx_word' id='word_1_318' title='bbox 779 3805 917 3860; x_wconf 51' lang='lat' dir='ltr'><strong>ergo»</strong></span> <span class='ocrx_word' id='word_1_319' title='bbox 934 3790 1169 3844; x_wconf 80' lang='lat' dir='ltr'><strong>orarium</strong></span> <span class='ocrx_word' id='word_1_320' title='bbox 1197 3789 1393 3844; x_wconf 90' lang='lat' dir='ltr'><strong>collum</strong></span> <span class='ocrx_word' id='word_1_321' title='bbox 1420 3790 1582 3847; x_wconf 83' lang='lat' dir='ltr'><strong>simul</strong></span> <span class='ocrx_word' id='word_1_322' title='bbox 1606 3801 1663 3846; x_wconf 89' lang='lat' dir='ltr'><strong>et</strong></span> <span class='ocrx_word' id='word_1_323' title='bbox 1693 3791 1879 3860; x_wconf 86' lang='lat' dir='ltr'><strong>pectus</strong></span> <span class='ocrx_word' id='word_1_324' title='bbox 1910 3790 2042 3860; x_wconf 80' lang='lat' dir='ltr'><strong>tegit</strong></span> 
     </span>
    </p>
   </div>
   <div class='ocr_carea' id='block_1_43' title="bbox 481 3879 2044 3950">
    <p class='ocr_par' dir='ltr' id='par_1_43' title="bbox 481 3879 2044 3950">
     <span class='ocr_line' id='line_1_43' title="bbox 481 3879 2044 3950; baseline -0.003 -13"><span class='ocrx_word' id='word_1_325' title='bbox 481 3882 792 3945; x_wconf 77' lang='lat' dir='ltr'><strong>sacerdotis,</strong></span> <span class='ocrx_word' id='word_1_326' title='bbox 831 3889 893 3935; x_wconf 89' lang='lat' dir='ltr'><strong>ut</strong></span> <span class='ocrx_word' id='word_1_327' title='bbox 938 3880 1060 3935; x_wconf 87' lang='lat' dir='ltr'><strong>inde</strong></span> <span class='ocrx_word' id='word_1_328' title='bbox 1094 3880 1415 3947; x_wconf 83' lang='lat' dir='ltr'><strong>instruatur,</strong></span> <span class='ocrx_word' id='word_1_329' title='bbox 1459 3881 1602 3950; x_wconf 84' lang='lat' dir='ltr'><strong>quod</strong></span> <span class='ocrx_word' id='word_1_330' title='bbox 1649 3879 1906 3949; x_wconf 87' lang='lat' dir='ltr'><strong>quidquid</strong></span> <span class='ocrx_word' id='word_1_331' title='bbox 1946 3893 2044 3934; x_wconf 85' lang='lat' dir='ltr'><strong>ore</strong></span> 
     </span>
    </p>
   </div>
   <div class='ocr_carea' id='block_1_44' title="bbox 480 3971 2040 4042">
    <p class='ocr_par' dir='ltr' id='par_1_44' title="bbox 480 3971 2040 4042">
     <span class='ocr_line' id='line_1_44' title="bbox 480 3971 2040 4042; baseline 0 -16"><span class='ocrx_word' id='word_1_332' title='bbox 480 3972 735 4042; x_wconf 74' lang='lat' dir='ltr'><strong>proferat,</strong></span> <span class='ocrx_word' id='word_1_333' title='bbox 765 3979 995 4028; x_wconf 80' lang='lat' dir='ltr'><strong>tractatu</strong></span> <span class='ocrx_word' id='word_1_334' title='bbox 1030 3986 1251 4030; x_wconf 63' lang='lat' dir='ltr'><strong>summa</strong></span> <span class='ocrx_word' id='word_1_335' title='bbox 1281 3972 1501 4028; x_wconf 75' lang='lat' dir='ltr'><strong>rationis</strong></span> <span class='ocrx_word' id='word_1_336' title='bbox 1539 3971 1798 4036; x_wconf 72' lang='lat' dir='ltr'><strong>attendat,</strong></span> <span class='ocrx_word' id='word_1_337' title='bbox 1829 3980 1890 4026; x_wconf 92' lang='lat' dir='ltr'><strong>ut</strong></span> <span class='ocrx_word' id='word_1_338' title='bbox 1913 3971 2040 4026; x_wconf 87' lang='lat' dir='ltr'><strong>illud</strong></span> 
     </span>
    </p>
   </div>
   <div class='ocr_carea' id='block_1_45' title="bbox 478 4057 2040 4129">
    <p class='ocr_par' dir='ltr' id='par_1_45' title="bbox 478 4057 2040 4129">
     <span class='ocr_line' id='line_1_45' title="bbox 478 4057 2040 4129; baseline 0 -16"><span class='ocrx_word' id='word_1_339' title='bbox 478 4059 718 4129; x_wconf 80' lang='lat' dir='ltr'><strong>Apostoli</strong></span> <span class='ocrx_word' id='word_1_340' title='bbox 763 4070 974 4128; x_wconf 83' lang='lat' dir='ltr'><strong>semper</strong></span> <span class='ocrx_word' id='word_1_341' title='bbox 1009 4059 1062 4113; x_wconf 84' lang='lat' dir='ltr'><strong>in</strong></span> <span class='ocrx_word' id='word_1_342' title='bbox 1108 4074 1177 4115; x_wconf 90' lang='lat' dir='ltr'><strong>ec</strong></span> <span class='ocrx_word' id='word_1_343' title='bbox 1217 4059 1513 4128; x_wconf 76' lang='lat' dir='ltr'><strong>appelletur</strong></span> <span class='ocrx_word' id='word_1_344' title='bbox 1538 4074 1650 4129; x_wconf 82' lang='lat' dir='ltr'><strong>quo</strong></span> <span class='ocrx_word' id='word_1_345' title='bbox 1691 4058 1836 4114; x_wconf 87' lang='lat' dir='ltr'><strong>dicit.</strong></span> <span class='ocrx_word' id='word_1_346' title='bbox 1867 4057 2040 4113; x_wconf 83' lang='lat' dir='ltr'><strong>Oraba</strong></span> 
     </span>
    </p>
   </div>
   <div class='ocr_carea' id='block_1_46' title="bbox 476 4146 2041 4219">
    <p class='ocr_par' dir='ltr' id='par_1_46' title="bbox 476 4146 2041 4219">
     <span class='ocr_line' id='line_1_46' title="bbox 476 4146 2041 4219; baseline -0.003 -15"><span class='ocrx_word' id='word_1_347' title='bbox 476 4151 680 4219; x_wconf 56' lang='lat' dir='ltr'><strong>spiram</strong></span> <span class='ocrx_word' id='word_1_348' title='bbox 694 4149 851 4203; x_wconf 73' lang='lat' dir='ltr'><strong>orabo</strong></span> <span class='ocrx_word' id='word_1_349' title='bbox 864 4158 910 4202; x_wconf 91' lang='lat' dir='ltr'><strong>et</strong></span> <span class='ocrx_word' id='word_1_350' title='bbox 926 4161 1110 4213; x_wconf 85' lang='lat' dir='ltr'><strong>mente,</strong></span> <span class='ocrx_word' id='word_1_351' title='bbox 1122 4147 1341 4218; x_wconf 75' lang='lat' dir='ltr'><strong>psallam</strong></span> <span class='ocrx_word' id='word_1_352' title='bbox 1354 4148 1566 4218; x_wconf 83' lang='lat' dir='ltr'><strong>spiritu,</strong></span> <span class='ocrx_word' id='word_1_353' title='bbox 1577 4146 1799 4219; x_wconf 84' lang='lat' dir='ltr'><strong>psallam</strong></span> <span class='ocrx_word' id='word_1_354' title='bbox 1812 4156 1860 4200; x_wconf 89' lang='lat' dir='ltr'><strong>et</strong></span> <span class='ocrx_word' id='word_1_355' title='bbox 1875 4155 2041 4200; x_wconf 85' lang='lat' dir='ltr'><strong>mente</strong></span> 
     </span>
    </p>
   </div>
   <div class='ocr_carea' id='block_1_47' title="bbox 477 4233 2038 4313">
    <p class='ocr_par' dir='ltr' id='par_1_47' title="bbox 477 4233 2038 4313">
     <span class='ocr_line' id='line_1_47' title="bbox 477 4233 2038 4313; baseline -0.003 -18"><span class='ocrx_word' id='word_1_356' title='bbox 477 4240 531 4313; x_wconf 91' lang='grc'><strong>(1</strong></span> <span class='ocrx_word' id='word_1_357' title='bbox 557 4239 678 4295; x_wconf 80' lang='lat' dir='ltr'><strong>Cor.</strong></span> <span class='ocrx_word' id='word_1_358' title='bbox 704 4238 835 4311; x_wconf 75' lang='lat' dir='ltr'><strong>xlv).</strong></span> <span class='ocrx_word' id='word_1_359' title='bbox 869 4239 936 4295; x_wconf 84' lang='lat' dir='ltr'><strong>Et</strong></span> <span class='ocrx_word' id='word_1_360' title='bbox 963 4240 1159 4297; x_wconf 78' lang='lat' dir='ltr'><strong>iterum</strong></span> <span class='ocrx_word' id='word_1_361' title='bbox 1193 4257 1205 4293; x_wconf 90' lang='lat'>:</span> <span class='ocrx_word' id='word_1_362' title='bbox 1236 4238 1308 4293; x_wconf 91' lang='lat' dir='ltr'><strong>0s</strong></span> <span class='ocrx_word' id='word_1_363' title='bbox 1344 4249 1576 4294; x_wconf 79' lang='lat' dir='ltr'><strong>nostrum</strong></span> <span class='ocrx_word' id='word_1_364' title='bbox 1623 4238 1694 4292; x_wconf 86' lang='lat' dir='ltr'><strong>ad</strong></span> <span class='ocrx_word' id='word_1_365' title='bbox 1734 4254 1839 4302; x_wconf 80' lang='lat' dir='ltr'><strong>vos,</strong></span> <span class='ocrx_word' id='word_1_366' title='bbox 1868 4253 1898 4290; x_wconf 87' lang='grc' dir='ltr'><strong><em>ο</em></strong></span> <span class='ocrx_word' id='word_1_367' title='bbox 1938 4233 2038 4290; x_wconf 87' lang='lat' dir='ltr'><strong>Co-</strong></span> 
     </span>
    </p>
   </div>
   <div class='ocr_carea' id='block_1_48' title="bbox 477 4328 2040 4398">
    <p class='ocr_par' dir='ltr' id='par_1_48' title="bbox 477 4328 2040 4398">
     <span class='ocr_line' id='line_1_48' title="bbox 477 4328 2040 4398; baseline -0.003 -14"><span class='ocrx_word' id='word_1_368' title='bbox 477 4332 676 4396; x_wconf 84' lang='lat' dir='ltr'><strong>rinthii,</strong></span> <span class='ocrx_word' id='word_1_369' title='bbox 705 4347 794 4396; x_wconf 78' lang='lat' dir='ltr'><strong>cor</strong></span> <span class='ocrx_word' id='word_1_370' title='bbox 818 4339 1050 4386; x_wconf 80' lang='lat' dir='ltr'><strong>nostrum</strong></span> <span class='ocrx_word' id='word_1_371' title='bbox 1083 4328 1360 4386; x_wconf 74' lang='lat' dir='ltr'><strong>dilatatum</strong></span> <span class='ocrx_word' id='word_1_372' title='bbox 1393 4339 1489 4395; x_wconf 90' lang='lat' dir='ltr'><strong>est,</strong></span> <span class='ocrx_word' id='word_1_373' title='bbox 1519 4346 1582 4383; x_wconf 89' lang='lat' dir='ltr'><strong>ne</strong></span> <span class='ocrx_word' id='word_1_374' title='bbox 1615 4329 1748 4398; x_wconf 79' lang='lat' dir='ltr'><strong>forte</strong></span> <span class='ocrx_word' id='word_1_375' title='bbox 1772 4329 1818 4381; x_wconf 92' lang='lat' dir='ltr'><strong>si</strong></span> <span class='ocrx_word' id='word_1_376' title='bbox 1849 4329 2040 4397; x_wconf 84' lang='lat' dir='ltr'><strong>impro-</strong></span> 
     </span>
    </p>
   </div>
   <div class='ocr_carea' id='block_1_49' title="bbox 476 4419 2040 4492">
    <p class='ocr_par' dir='ltr' id='par_1_49' title="bbox 476 4419 2040 4492">
     <span class='ocr_line' id='line_1_49' title="bbox 476 4419 2040 4492; baseline -0.003 -16"><span class='ocrx_word' id='word_1_377' title='bbox 476 4424 580 4476; x_wconf 79' lang='lat' dir='ltr'><strong>rise</strong></span> <span class='ocrx_word' id='word_1_378' title='bbox 623 4422 1047 4478; x_wconf 60' lang='lat' dir='ltr'><strong>irrationabiliter</strong></span> <span class='ocrx_word' id='word_1_379' title='bbox 1088 4421 1351 4491; x_wconf 76' lang='lat' dir='ltr'><strong>loquatur,</strong></span> <span class='ocrx_word' id='word_1_380' title='bbox 1389 4424 1640 4480; x_wconf 80' lang='lat' dir='ltr'><strong>damnum</strong></span> <span class='ocrx_word' id='word_1_381' title='bbox 1664 4423 1915 4491; x_wconf 80' lang='lat' dir='ltr'><strong>&quot;patiatur</strong></span> <span class='ocrx_word' id='word_1_382' title='bbox 1958 4419 2040 4492; x_wconf 91' lang='grc'><strong>(11</strong></span> 
     </span>
    </p>
   </div>
   <div class='ocr_carea' id='block_1_50' title="bbox 479 4510 2044 4584">
    <p class='ocr_par' dir='ltr' id='par_1_50' title="bbox 479 4510 2044 4584">
     <span class='ocr_line' id='line_1_50' title="bbox 479 4510 2044 4584; baseline -0.001 -18"><span class='ocrx_word' id='word_1_383' title='bbox 479 4510 601 4566; x_wconf 88' lang='lat' dir='ltr'><strong>Cor.</strong></span> <span class='ocrx_word' id='word_1_384' title='bbox 624 4511 730 4581; x_wconf 74' lang='lat' dir='ltr'><strong>vt);</strong></span> <span class='ocrx_word' id='word_1_385' title='bbox 762 4510 1045 4569; x_wconf 81' lang='lat' dir='ltr'><strong>Salomone</strong></span> <span class='ocrx_word' id='word_1_386' title='bbox 1069 4520 1375 4584; x_wconf 86' lang='lat' dir='ltr'><strong>attestante,</strong></span> <span class='ocrx_word' id='word_1_387' title='bbox 1403 4514 1493 4583; x_wconf 90' lang='lat' dir='ltr'><strong>qui</strong></span> <span class='ocrx_word' id='word_1_388' title='bbox 1521 4513 1598 4571; x_wconf 87' lang='lat' dir='ltr'><strong>ait</strong></span> <span class='ocrx_word' id='word_1_389' title='bbox 1625 4531 1638 4567; x_wconf 88' lang='lat'><strong>:</strong></span> <span class='ocrx_word' id='word_1_390' title='bbox 1669 4510 1776 4566; x_wconf 88' lang='lat' dir='ltr'><strong>Cor</strong></span> <span class='ocrx_word' id='word_1_391' title='bbox 1797 4511 2044 4582; x_wconf 86' lang='lat' dir='ltr'><strong>sapientis</strong></span> 
     </span>
    </p>
   </div>
   <div class='ocr_carea' id='block_1_51' title="bbox 479 4599 2040 4672">
    <p class='ocr_par' dir='ltr' id='par_1_51' title="bbox 479 4599 2040 4672">
     <span class='ocr_line' id='line_1_51' title="bbox 479 4599 2040 4672; baseline 0.001 -20"><span class='ocrx_word' id='word_1_392' title='bbox 479 4600 676 4654; x_wconf 86' lang='lat' dir='ltr'><strong>erudiet</strong></span> <span class='ocrx_word' id='word_1_393' title='bbox 708 4617 762 4654; x_wconf 91' lang='lat' dir='ltr'><strong>os</strong></span> <span class='ocrx_word' id='word_1_394' title='bbox 797 4601 928 4670; x_wconf 81' lang='lat' dir='ltr'><strong>ejus,</strong></span> <span class='ocrx_word' id='word_1_395' title='bbox 955 4609 1002 4654; x_wconf 84' lang='lat' dir='ltr'><strong>et</strong></span> <span class='ocrx_word' id='word_1_396' title='bbox 1049 4600 1199 4655; x_wconf 80' lang='lat' dir='ltr'><strong>labiis</strong></span> <span class='ocrx_word' id='word_1_397' title='bbox 1228 4602 1370 4656; x_wconf 81' lang='lat' dir='ltr'><strong>illius</strong></span> <span class='ocrx_word' id='word_1_398' title='bbox 1413 4603 1566 4657; x_wconf 81' lang='lat' dir='ltr'><strong>addet</strong></span> <span class='ocrx_word' id='word_1_399' title='bbox 1595 4604 1816 4672; x_wconf 83' lang='lat' dir='ltr'><strong>gratiam</strong></span> <span class='ocrx_word' id='word_1_400' title='bbox 1860 4599 2040 4665; x_wconf 83' lang='lat' dir='ltr'><strong>(Prov.</strong></span> 
     </span>
    </p>
   </div>
   <div class='ocr_carea' id='block_1_52' title="bbox 475 4687 2044 4757">
    <p class='ocr_par' dir='ltr' id='par_1_52' title="bbox 475 4687 2044 4757">
     <span class='ocr_line' id='line_1_52' title="bbox 475 4687 2044 4757; baseline 0.003 -17"><span class='ocrx_word' id='word_1_401' title='bbox 475 4688 610 4757; x_wconf 70' lang='lat' dir='ltr'><strong>xvi).</strong></span> <span class='ocrx_word' id='word_1_402' title='bbox 642 4688 773 4743; x_wconf 81' lang='lat' dir='ltr'><strong>Item</strong></span> <span class='ocrx_word' id='word_1_403' title='bbox 797 4707 811 4742; x_wconf 88' lang='lat'><strong>:</strong></span> <span class='ocrx_word' id='word_1_404' title='bbox 839 4687 942 4753; x_wconf 77' lang='lat' dir='ltr'><strong>Qui</strong></span> <span class='ocrx_word' id='word_1_405' title='bbox 988 4689 1210 4747; x_wconf 81' lang='lat' dir='ltr'><strong>custodit</strong></span> <span class='ocrx_word' id='word_1_406' title='bbox 1255 4706 1310 4743; x_wconf 86' lang='lat' dir='ltr'><strong>es</strong></span> <span class='ocrx_word' id='word_1_407' title='bbox 1337 4703 1510 4755; x_wconf 85' lang='lat' dir='ltr'><strong>suum,</strong></span> <span class='ocrx_word' id='word_1_408' title='bbox 1553 4692 1773 4744; x_wconf 84' lang='lat' dir='ltr'><strong>custodit</strong></span> <span class='ocrx_word' id='word_1_409' title='bbox 1814 4691 2044 4744; x_wconf 84' lang='lat' dir='ltr'><strong>animam</strong></span> 
     </span>
    </p>
   </div>
   <div class='ocr_carea' id='block_1_53' title="bbox 479 4779 2044 4848">
    <p class='ocr_par' dir='ltr' id='par_1_53' title="bbox 479 4779 2044 4848">
     <span class='ocr_line' id='line_1_53' title="bbox 479 4779 2044 4848; baseline 0.003 -22"><span class='ocrx_word' id='word_1_410' title='bbox 479 4791 658 4840; x_wconf 85' lang='lat' dir='ltr'><strong>suam;</strong></span> <span class='ocrx_word' id='word_1_411' title='bbox 690 4779 778 4846; x_wconf 76' lang='lat' dir='ltr'><strong>qui</strong></span> <span class='ocrx_word' id='word_1_412' title='bbox 820 4779 1232 4833; x_wconf 83' lang='lat' dir='ltr'><strong>inconsideratus</strong></span> <span class='ocrx_word' id='word_1_413' title='bbox 1265 4779 1437 4833; x_wconf 82' lang='lat' dir='ltr'><strong>estad</strong></span> <span class='ocrx_word' id='word_1_414' title='bbox 1485 4779 1824 4848; x_wconf 82' lang='lat' dir='ltr'><strong>loquendum,</strong></span> <span class='ocrx_word' id='word_1_415' title='bbox 1864 4781 2044 4834; x_wconf 81' lang='lat' dir='ltr'><strong>sentiet</strong></span> 
     </span>
    </p>
   </div>
   <div class='ocr_carea' id='block_1_54' title="bbox 378 4863 986 4942">
    <p class='ocr_par' dir='ltr' id='par_1_54' title="bbox 378 4863 986 4942">
     <span class='ocr_line' id='line_1_54' title="bbox 378 4863 986 4942; baseline 0.012 -28"><span class='ocrx_word' id='word_1_416' title='bbox 378 4939 380 4942; x_wconf 12' lang='grc' dir='ltr'>ν</span> <span class='ocrx_word' id='word_1_417' title='bbox 479 4863 618 4917; x_wconf 87' lang='lat' dir='ltr'><strong>mala</strong></span> <span class='ocrx_word' id='word_1_418' title='bbox 649 4863 826 4936; x_wconf 87' lang='lat' dir='ltr'><strong>(Prov.</strong></span> <span class='ocrx_word' id='word_1_419' title='bbox 851 4867 986 4938; x_wconf 72' lang='lat' dir='ltr'><strong>nt).</strong></span> 
     </span>
    </p>
   </div>
   <div class='ocr_carea' id='block_1_55' title="bbox 1065 4954 1444 5013">
    <p class='ocr_par' dir='ltr' id='par_1_55' title="bbox 1065 4954 1444 5013">
     <span class='ocr_line' id='line_1_55' title="bbox 1065 4954 1444 5013; baseline 0.005 -3"><span class='ocrx_word' id='word_1_420' title='bbox 1065 4954 1290 5013; x_wconf 75' lang='lat' dir='ltr'><strong>CAPUT</strong></span> <span class='ocrx_word' id='word_1_421' title='bbox 1329 4956 1444 5012; x_wconf 82' lang='lat' dir='ltr'><strong>XX.</strong></span> 
     </span>
    </p>
   </div>
   <div class='ocr_carea' id='block_1_56' title="bbox 1040 5041 1442 5098">
    <p class='ocr_par' dir='ltr' id='par_1_56' title="bbox 1040 5041 1442 5098">
     <span class='ocr_line' id='line_1_56' title="bbox 1040 5041 1442 5098; baseline 0.007 -4"><span class='ocrx_word' id='word_1_422' title='bbox 1040 5041 1112 5095; x_wconf 87' lang='lat' dir='ltr'><strong>De</strong></span> <span class='ocrx_word' id='word_1_423' title='bbox 1144 5043 1442 5098; x_wconf 63' lang='lat' dir='ltr'><strong>dalmaticft.</strong></span> 
     </span>
    </p>
   </div>
   <div class='ocr_carea' id='block_1_57' title="bbox 547 5126 2030 5200">
    <p class='ocr_par' dir='ltr' id='par_1_57' title="bbox 547 5126 2030 5200">
     <span class='ocr_line' id='line_1_57' title="bbox 547 5126 2030 5200; baseline 0.006 -21"><span class='ocrx_word' id='word_1_424' title='bbox 547 5126 767 5181; x_wconf 80' lang='lat' dir='ltr'><strong>Sextum</strong></span> <span class='ocrx_word' id='word_1_425' title='bbox 815 5142 1043 5198; x_wconf 87' lang='lat' dir='ltr'><strong>namque</strong></span> <span class='ocrx_word' id='word_1_426' title='bbox 1071 5139 1156 5184; x_wconf 90' lang='lat' dir='ltr'><strong>est</strong></span> <span class='ocrx_word' id='word_1_427' title='bbox 1196 5133 1334 5200; x_wconf 72' lang='lat' dir='ltr'><strong>quod</strong></span> <span class='ocrx_word' id='word_1_428' title='bbox 1369 5134 1653 5190; x_wconf 84' lang='lat' dir='ltr'><strong>dalmatica</strong></span> <span class='ocrx_word' id='word_1_429' title='bbox 1698 5150 1727 5189; x_wconf 90' lang='lat' dir='ltr'><strong>a</strong></span> <span class='ocrx_word' id='word_1_430' title='bbox 1774 5135 2030 5190; x_wconf 85' lang='lat' dir='ltr'><strong>Dalmatia</strong></span> 
     </span>
    </p>
   </div>
   <div class='ocr_carea' id='block_1_58' title="bbox 475 5215 2032 5289">
    <p class='ocr_par' dir='ltr' id='par_1_58' title="bbox 475 5215 2032 5289">
     <span class='ocr_line' id='line_1_58' title="bbox 475 5215 2032 5289; baseline 0.004 -20"><span class='ocrx_word' id='word_1_431' title='bbox 475 5215 696 5270; x_wconf 73' lang='lat' dir='ltr'><strong>Cnncize</strong></span> <span class='ocrx_word' id='word_1_432' title='bbox 728 5217 1020 5286; x_wconf 79' lang='lat' dir='ltr'><strong>provincia,</strong></span> <span class='ocrx_word' id='word_1_433' title='bbox 1058 5220 1110 5272; x_wconf 90' lang='lat' dir='ltr'><strong>in</strong></span> <span class='ocrx_word' id='word_1_434' title='bbox 1148 5236 1267 5288; x_wconf 25' lang='lat' dir='ltr'><strong>qua,</strong></span> <span class='ocrx_word' id='word_1_435' title='bbox 1294 5221 1524 5289; x_wconf 87' lang='lat' dir='ltr'><strong>primum</strong></span> <span class='ocrx_word' id='word_1_436' title='bbox 1563 5233 1706 5278; x_wconf 79' lang='lat' dir='ltr'><strong>texta</strong></span> <span class='ocrx_word' id='word_1_437' title='bbox 1747 5233 1857 5289; x_wconf 89' lang='lat' dir='ltr'><strong>est,</strong></span> <span class='ocrx_word' id='word_1_438' title='bbox 1899 5241 2032 5277; x_wconf 87' lang='lat' dir='ltr'><strong>nun-</strong></span> 
     </span>
    </p>
   </div>
   <div class='ocr_carea' id='block_1_59' title="bbox 478 5303 2036 5376">
    <p class='ocr_par' dir='ltr' id='par_1_59' title="bbox 478 5303 2036 5376">
     <span class='ocr_line' id='line_1_59' title="bbox 478 5303 2036 5376; baseline 0.007 -21"><span class='ocrx_word' id='word_1_439' title='bbox 478 5313 720 5371; x_wconf 86' lang='lat' dir='ltr'><strong>cupatur.</strong></span> <span class='ocrx_word' id='word_1_440' title='bbox 750 5303 874 5360; x_wconf 62' lang='lat' dir='ltr'><strong>liae</strong></span> <span class='ocrx_word' id='word_1_441' title='bbox 915 5306 1078 5360; x_wconf 81' lang='lat' dir='ltr'><strong>vestis</strong></span> <span class='ocrx_word' id='word_1_442' title='bbox 1107 5308 1160 5360; x_wconf 88' lang='lat' dir='ltr'><strong>in</strong></span> <span class='ocrx_word' id='word_1_443' title='bbox 1203 5308 1415 5363; x_wconf 87' lang='lat' dir='ltr'><strong>modum</strong></span> <span class='ocrx_word' id='word_1_444' title='bbox 1451 5319 1533 5364; x_wconf 82' lang='lat' dir='ltr'><strong>cst</strong></span> <span class='ocrx_word' id='word_1_445' title='bbox 1577 5313 1753 5367; x_wconf 89' lang='lat' dir='ltr'><strong>crucis</strong></span> <span class='ocrx_word' id='word_1_446' title='bbox 1792 5311 1950 5376; x_wconf 80' lang='lat' dir='ltr'><strong>facta,</strong></span> <span class='ocrx_word' id='word_1_447' title='bbox 1982 5322 2036 5366; x_wconf 83' lang='lat' dir='ltr'><strong>et</strong></span> 
     </span>
    </p>
   </div>
   <div class='ocr_carea' id='block_1_60' title="bbox 479 5396 2036 5474">
    <p class='ocr_par' dir='ltr' id='par_1_60' title="bbox 479 5396 2036 5474">
     <span class='ocr_line' id='line_1_60' title="bbox 479 5396 2036 5474; baseline 0.011 -33"><span class='ocrx_word' id='word_1_448' title='bbox 479 5396 740 5460; x_wconf 77' lang='lat' dir='ltr'><strong>passionis</strong></span> <span class='ocrx_word' id='word_1_449' title='bbox 764 5397 972 5452; x_wconf 88' lang='lat' dir='ltr'><strong>Domini</strong></span> <span class='ocrx_word' id='word_1_450' title='bbox 1001 5399 1252 5454; x_wconf 88' lang='lat' dir='ltr'><strong>indicium</strong></span> <span class='ocrx_word' id='word_1_451' title='bbox 1278 5411 1377 5455; x_wconf 90' lang='lat' dir='ltr'><strong>est.</strong></span> <span class='ocrx_word' id='word_1_452' title='bbox 1404 5401 1574 5458; x_wconf 79' lang='lat' dir='ltr'><strong>liabet</strong></span> <span class='ocrx_word' id='word_1_453' title='bbox 1601 5421 1810 5474; x_wconf 88' lang='lat' dir='ltr'><strong>quoque</strong></span> <span class='ocrx_word' id='word_1_454' title='bbox 1831 5414 1885 5461; x_wconf 91' lang='lat' dir='ltr'><strong>et</strong></span> <span class='ocrx_word' id='word_1_455' title='bbox 1912 5422 2036 5474; x_wconf 87' lang='lat' dir='ltr'><strong>pur-</strong></span> 
     </span>
    </p>
   </div>
   <div class='ocr_carea' id='block_1_61' title="bbox 482 5487 2034 5565">
    <p class='ocr_par' dir='ltr' id='par_1_61' title="bbox 482 5487 2034 5565">
     <span class='ocr_line' id='line_1_61' title="bbox 482 5487 2034 5565; baseline 0.009 -32"><span class='ocrx_word' id='word_1_456' title='bbox 482 5499 672 5550; x_wconf 78' lang='lat' dir='ltr'><strong>pureos</strong></span> <span class='ocrx_word' id='word_1_457' title='bbox 703 5487 943 5542; x_wconf 81' lang='lat' dir='ltr'><strong>tramites</strong></span> <span class='ocrx_word' id='word_1_458' title='bbox 972 5489 1085 5557; x_wconf 90' lang='lat' dir='ltr'><strong>ipsa</strong></span> <span class='ocrx_word' id='word_1_459' title='bbox 1122 5490 1318 5555; x_wconf 86' lang='lat' dir='ltr'><strong>tunica,</strong></span> <span class='ocrx_word' id='word_1_460' title='bbox 1350 5506 1380 5544; x_wconf 86' lang='lat' dir='ltr'><strong>a</strong></span> <span class='ocrx_word' id='word_1_461' title='bbox 1407 5506 1615 5547; x_wconf 76' lang='lat' dir='ltr'><strong>summo</strong></span> <span class='ocrx_word' id='word_1_462' title='bbox 1642 5511 1808 5565; x_wconf 87' lang='lat' dir='ltr'><strong>usque</strong></span> <span class='ocrx_word' id='word_1_463' title='bbox 1835 5496 1900 5548; x_wconf 90' lang='lat' dir='ltr'><strong>ad</strong></span> <span class='ocrx_word' id='word_1_464' title='bbox 1932 5495 2034 5548; x_wconf 87' lang='lat' dir='ltr'><strong>ima</strong></span> 
     </span>
    </p>
   </div>
   <div class='ocr_carea' id='block_1_62' title="bbox 481 5581 2038 5657">
    <p class='ocr_par' dir='ltr' id='par_1_62' title="bbox 481 5581 2038 5657">
     <span class='ocr_line' id='line_1_62' title="bbox 481 5581 2038 5657; baseline 0.008 -26"><span class='ocrx_word' id='word_1_465' title='bbox 481 5584 604 5631; x_wconf 75' lang='lat' dir='ltr'><strong>autc</strong></span> <span class='ocrx_word' id='word_1_466' title='bbox 635 5593 696 5630; x_wconf 88' lang='lat' dir='ltr'><strong>ac</strong></span> <span class='ocrx_word' id='word_1_467' title='bbox 739 5589 879 5634; x_wconf 68' lang='grc' dir='ltr'><strong>τοίω</strong></span> <span class='ocrx_word' id='word_1_468' title='bbox 908 5581 1251 5649; x_wconf 77' lang='lat' dir='ltr'><strong>descendens,</strong></span> <span class='ocrx_word' id='word_1_469' title='bbox 1285 5598 1382 5638; x_wconf 78' lang='lat' dir='ltr'><strong>DCC</strong></span> <span class='ocrx_word' id='word_1_470' title='bbox 1410 5600 1513 5638; x_wconf 73' lang='grc' dir='ltr'>ιιυιι</span> <span class='ocrx_word' id='word_1_471' title='bbox 1542 5594 1594 5638; x_wconf 66' lang='grc' dir='ltr'><strong>ι’(</strong></span> <span class='ocrx_word' id='word_1_472' title='bbox 1636 5603 1731 5656; x_wconf 62' lang='grc' dir='ltr'>μοι*</span> <span class='ocrx_word' id='word_1_473' title='bbox 1761 5596 2038 5657; x_wconf 60' lang='grc' dir='ltr'>ιιιιιιιυψιο</span> 
     </span>
    </p>
   </div>
   <div class='ocr_carea' id='block_1_63' title="bbox 2150 1282 3723 1360">
    <p class='ocr_par' dir='ltr' id='par_1_63' title="bbox 2150 1282 3723 1360">
     <span class='ocr_line' id='line_1_63' title="bbox 2150 1282 3723 1360; baseline 0.008 -26"><span class='ocrx_word' id='word_1_474' title='bbox 2150 1295 2295 1345; x_wconf 81' lang='lat' dir='ltr'><strong>casa,</strong></span> <span class='ocrx_word' id='word_1_475' title='bbox 2324 1282 2461 1337; x_wconf 91' lang='lat' dir='ltr'><strong>hanc</strong></span> <span class='ocrx_word' id='word_1_476' title='bbox 2500 1283 2670 1339; x_wconf 65' lang='lat' dir='ltr'><strong>Graeci</strong></span> <span class='ocrx_word' id='word_1_477' title='bbox 2697 1285 2962 1355; x_wconf 88' lang='lat' dir='ltr'><strong>planetam</strong></span> <span class='ocrx_word' id='word_1_478' title='bbox 2988 1290 3240 1348; x_wconf 69' lang='grc' dir='ltr'><strong>πλανήτην.</strong></span> <span class='ocrx_word' id='word_1_479' title='bbox 3266 1291 3564 1345; x_wconf 88' lang='lat' dir='ltr'><strong>nominant.</strong></span> <span class='ocrx_word' id='word_1_480' title='bbox 3589 1290 3723 1360; x_wconf 59' lang='lat' dir='ltr'><strong>Haec</strong></span> 
     </span>
    </p>
   </div>
   <div class='ocr_carea' id='block_1_64' title="bbox 2148 1375 3720 1442">
    <p class='ocr_par' dir='ltr' id='par_1_64' title="bbox 2148 1375 3720 1442">
     <span class='ocr_line' id='line_1_64' title="bbox 2148 1375 3720 1442; baseline 0.008 -20"><span class='ocrx_word' id='word_1_481' title='bbox 2148 1383 2450 1438; x_wconf 88' lang='lat' dir='ltr'><strong>supremum</strong></span> <span class='ocrx_word' id='word_1_482' title='bbox 2493 1375 2730 1429; x_wconf 90' lang='lat' dir='ltr'><strong>omnium</strong></span> <span class='ocrx_word' id='word_1_483' title='bbox 2784 1375 3218 1436; x_wconf 75' lang='lat' dir='ltr'><strong>indumentorum</strong></span> <span class='ocrx_word' id='word_1_484' title='bbox 3262 1389 3372 1442; x_wconf 89' lang='lat' dir='ltr'><strong>est,</strong></span> <span class='ocrx_word' id='word_1_485' title='bbox 3420 1387 3473 1433; x_wconf 91' lang='lat' dir='ltr'><strong>et</strong></span> <span class='ocrx_word' id='word_1_486' title='bbox 3518 1390 3720 1434; x_wconf 64' lang='lat' dir='ltr'><strong>cratera</strong></span> 
     </span>
    </p>
   </div>
   <div class='ocr_carea' id='block_1_65' title="bbox 2145 1459 3729 1538">
    <p class='ocr_par' dir='ltr' id='par_1_65' title="bbox 2145 1459 3729 1538">
     <span class='ocr_line' id='line_1_65' title="bbox 2145 1459 3729 1538; baseline 0.008 -28"><span class='ocrx_word' id='word_1_487' title='bbox 2145 1459 2323 1512; x_wconf 87' lang='lat' dir='ltr'><strong>omnia</strong></span> <span class='ocrx_word' id='word_1_488' title='bbox 2370 1460 2593 1516; x_wconf 89' lang='lat' dir='ltr'><strong>interius</strong></span> <span class='ocrx_word' id='word_1_489' title='bbox 2634 1477 2731 1533; x_wconf 85' lang='lat' dir='ltr'><strong>per</strong></span> <span class='ocrx_word' id='word_1_490' title='bbox 2763 1479 2918 1518; x_wconf 84' lang='lat' dir='ltr'><strong>suum</strong></span> <span class='ocrx_word' id='word_1_491' title='bbox 2946 1467 3216 1521; x_wconf 88' lang='lat' dir='ltr'><strong>munimen</strong></span> <span class='ocrx_word' id='word_1_492' title='bbox 3263 1468 3392 1538; x_wconf 88' lang='lat' dir='ltr'><strong>tegit</strong></span> <span class='ocrx_word' id='word_1_493' title='bbox 3421 1476 3477 1521; x_wconf 80' lang='lat' dir='ltr'><strong>et</strong></span> <span class='ocrx_word' id='word_1_494' title='bbox 3513 1477 3729 1532; x_wconf 64' lang='lat' dir='ltr'><strong>servat,</strong></span> 
     </span>
    </p>
   </div>
   <div class='ocr_carea' id='block_1_66' title="bbox 2148 1543 3722 1623">
    <p class='ocr_par' dir='ltr' id='par_1_66' title="bbox 2148 1543 3722 1623">
     <span class='ocr_line' id='line_1_66' title="bbox 2148 1543 3722 1623; baseline 0.009 -27"><span class='ocrx_word' id='word_1_495' title='bbox 2148 1543 2297 1600; x_wconf 84' lang='lat' dir='ltr'><strong>lianc</strong></span> <span class='ocrx_word' id='word_1_496' title='bbox 2325 1561 2454 1616; x_wconf 87' lang='lat' dir='ltr'><strong>ergo</strong></span> <span class='ocrx_word' id='word_1_497' title='bbox 2488 1557 2688 1603; x_wconf 85' lang='lat' dir='ltr'><strong>vestem</strong></span> <span class='ocrx_word' id='word_1_498' title='bbox 2725 1565 3007 1620; x_wconf 91' lang='lat' dir='ltr'><strong>possumus</strong></span> <span class='ocrx_word' id='word_1_499' title='bbox 3051 1552 3345 1623; x_wconf 71' lang='lat' dir='ltr'><strong>intelligere</strong></span> <span class='ocrx_word' id='word_1_500' title='bbox 3372 1555 3722 1620; x_wconf 79' lang='lat' dir='ltr'><strong>charitatem,</strong></span> 
     </span>
    </p>
   </div>
   <div class='ocr_carea' id='block_1_67' title="bbox 2145 1636 3721 1713">
    <p class='ocr_par' dir='ltr' id='par_1_67' title="bbox 2145 1636 3721 1713">
     <span class='ocr_line' id='line_1_67' title="bbox 2145 1636 3721 1713; baseline 0.01 -26"><span class='ocrx_word' id='word_1_501' title='bbox 2145 1650 2261 1704; x_wconf 73' lang='lat' dir='ltr'><strong>qua:</strong></span> <span class='ocrx_word' id='word_1_502' title='bbox 2285 1639 2497 1694; x_wconf 88' lang='lat' dir='ltr'><strong>cunctis</strong></span> <span class='ocrx_word' id='word_1_503' title='bbox 2529 1641 2816 1696; x_wconf 88' lang='lat' dir='ltr'><strong>virtutibus</strong></span> <span class='ocrx_word' id='word_1_504' title='bbox 2856 1644 3234 1713; x_wconf 87' lang='lat' dir='ltr'><strong>supereminet,</strong></span> <span class='ocrx_word' id='word_1_505' title='bbox 3262 1653 3315 1699; x_wconf 88' lang='lat' dir='ltr'><strong>et</strong></span> <span class='ocrx_word' id='word_1_506' title='bbox 3343 1636 3532 1700; x_wconf 85' lang='lat' dir='ltr'><strong>earum</strong></span> <span class='ocrx_word' id='word_1_507' title='bbox 3559 1647 3721 1702; x_wconf 90' lang='lat' dir='ltr'><strong>deco-</strong></span> 
     </span>
    </p>
   </div>
   <div class='ocr_carea' id='block_1_68' title="bbox 2151 1729 3719 1802">
    <p class='ocr_par' dir='ltr' id='par_1_68' title="bbox 2151 1729 3719 1802">
     <span class='ocr_line' id='line_1_68' title="bbox 2151 1729 3719 1802; baseline 0.01 -26"><span class='ocrx_word' id='word_1_508' title='bbox 2151 1737 2261 1780; x_wconf 88' lang='lat' dir='ltr'><strong>rem</strong></span> <span class='ocrx_word' id='word_1_509' title='bbox 2309 1741 2406 1782; x_wconf 89' lang='lat' dir='ltr'><strong>suc</strong></span> <span class='ocrx_word' id='word_1_510' title='bbox 2444 1730 2702 1787; x_wconf 88' lang='lat' dir='ltr'><strong>tutamine</strong></span> <span class='ocrx_word' id='word_1_511' title='bbox 2737 1729 2967 1802; x_wconf 88' lang='lat' dir='ltr'><strong>protegit</strong></span> <span class='ocrx_word' id='word_1_512' title='bbox 3008 1739 3064 1786; x_wconf 89' lang='lat' dir='ltr'><strong>et</strong></span> <span class='ocrx_word' id='word_1_513' title='bbox 3108 1731 3358 1788; x_wconf 83' lang='lat' dir='ltr'><strong>illustrat.</strong></span> <span class='ocrx_word' id='word_1_514' title='bbox 3407 1733 3518 1790; x_wconf 85' lang='lat' dir='ltr'><strong>Nec</strong></span> <span class='ocrx_word' id='word_1_515' title='bbox 3568 1736 3719 1793; x_wconf 84' lang='lat' dir='ltr'><strong>enim</strong></span> 
     </span>
    </p>
   </div>
   <div class='ocr_carea' id='block_1_69' title="bbox 2152 1815 3714 1890">
    <p class='ocr_par' dir='ltr' id='par_1_69' title="bbox 2152 1815 3714 1890">
     <span class='ocr_line' id='line_1_69' title="bbox 2152 1815 3714 1890; baseline 0.006 -22"><span class='ocrx_word' id='word_1_516' title='bbox 2152 1815 2289 1871; x_wconf 90' lang='lat' dir='ltr'><strong>ullus</strong></span> <span class='ocrx_word' id='word_1_517' title='bbox 2321 1815 2432 1884; x_wconf 87' lang='lat' dir='ltr'><strong>jam</strong></span> <span class='ocrx_word' id='word_1_518' title='bbox 2461 1819 2564 1872; x_wconf 88' lang='lat' dir='ltr'><strong>erit</strong></span> <span class='ocrx_word' id='word_1_519' title='bbox 2589 1821 2843 1874; x_wconf 87' lang='lat' dir='ltr'><strong>virtutum</strong></span> <span class='ocrx_word' id='word_1_520' title='bbox 2883 1820 3150 1890; x_wconf 79' lang='lat' dir='ltr'><strong>splendor,</strong></span> <span class='ocrx_word' id='word_1_521' title='bbox 3182 1823 3225 1876; x_wconf 89' lang='lat' dir='ltr'><strong>si</strong></span> <span class='ocrx_word' id='word_1_522' title='bbox 3270 1838 3376 1877; x_wconf 90' lang='lat' dir='ltr'><strong>non</strong></span> <span class='ocrx_word' id='word_1_523' title='bbox 3405 1838 3497 1880; x_wconf 87' lang='lat' dir='ltr'><strong>eas</strong></span> <span class='ocrx_word' id='word_1_524' title='bbox 3533 1825 3714 1879; x_wconf 85' lang='lat' dir='ltr'><strong>chari-</strong></span> 
     </span>
    </p>
   </div>
   <div class='ocr_carea' id='block_1_70' title="bbox 2149 1905 3720 1980">
    <p class='ocr_par' dir='ltr' id='par_1_70' title="bbox 2149 1905 3720 1980">
     <span class='ocr_line' id='line_1_70' title="bbox 2149 1905 3720 1980; baseline 0.005 -22"><span class='ocrx_word' id='word_1_525' title='bbox 2149 1906 2272 1959; x_wconf 87' lang='lat' dir='ltr'><strong>tatis</strong></span> <span class='ocrx_word' id='word_1_526' title='bbox 2321 1906 2896 1977; x_wconf 76' lang='lat' dir='ltr'><strong>irradiaveritfulgbr,</strong></span> <span class='ocrx_word' id='word_1_527' title='bbox 2941 1907 3079 1975; x_wconf 88' lang='lat' dir='ltr'><strong>quod</strong></span> <span class='ocrx_word' id='word_1_528' title='bbox 3131 1911 3363 1965; x_wconf 86' lang='lat' dir='ltr'><strong>ostendit</strong></span> <span class='ocrx_word' id='word_1_529' title='bbox 3426 1905 3720 1980; x_wconf 81' lang='lat' dir='ltr'><strong>Apostolus</strong></span> 
     </span>
    </p>
   </div>
   <div class='ocr_carea' id='block_1_71' title="bbox 2146 1986 3719 2068">
    <p class='ocr_par' dir='ltr' id='par_1_71' title="bbox 2146 1986 3719 2068">
     <span class='ocr_line' id='line_1_71' title="bbox 2146 1986 3719 2068; baseline 0.003 -20"><span class='ocrx_word' id='word_1_530' title='bbox 2146 1995 2327 2056; x_wconf 83' lang='lat' dir='ltr'><strong>dicens</strong></span> <span class='ocrx_word' id='word_1_531' title='bbox 2362 1993 2463 2049; x_wconf 84' lang='lat' dir='ltr'><strong>:Si</strong></span> <span class='ocrx_word' id='word_1_532' title='bbox 2509 1994 2698 2065; x_wconf 77' lang='lat' dir='ltr'><strong>linguis</strong></span> <span class='ocrx_word' id='word_1_533' title='bbox 2752 1986 3014 2052; x_wconf 71' lang='lat' dir='ltr'><strong>hominum</strong></span> <span class='ocrx_word' id='word_1_534' title='bbox 3056 1996 3240 2068; x_wconf 73' lang='lat' dir='ltr'><strong>loquar</strong></span> <span class='ocrx_word' id='word_1_535' title='bbox 3288 1998 3719 2068; x_wconf 69' lang='lat' dir='ltr'><strong>ct&#39;angelorum,</strong></span> 
     </span>
    </p>
   </div>
   <div class='ocr_carea' id='block_1_72' title="bbox 2144 2073 3764 2158">
    <p class='ocr_par' dir='ltr' id='par_1_72' title="bbox 2144 2073 3764 2158">
     <span class='ocr_line' id='line_1_72' title="bbox 2144 2073 3764 2158; baseline 0.004 -22"><span class='ocrx_word' id='word_1_536' title='bbox 2144 2084 2444 2138; x_wconf 79' lang='lat' dir='ltr'><strong>charitatem</strong></span> <span class='ocrx_word' id='word_1_537' title='bbox 2481 2101 2581 2138; x_wconf 91' lang='lat' dir='ltr'><strong>non</strong></span> <span class='ocrx_word' id='word_1_538' title='bbox 2623 2085 2860 2149; x_wconf 76' lang='lat' dir='ltr'><strong>habeam,</strong></span> <span class='ocrx_word' id='word_1_539' title='bbox 2893 2085 3064 2153; x_wconf 78' lang='lat' dir='ltr'><strong>factus</strong></span> <span class='ocrx_word' id='word_1_540' title='bbox 3089 2104 3205 2144; x_wconf 87' lang='lat' dir='ltr'><strong>sum</strong></span> <span class='ocrx_word' id='word_1_541' title='bbox 3238 2089 3368 2140; x_wconf 85' lang='lat' dir='ltr'><strong>sicut</strong></span> <span class='ocrx_word' id='word_1_542' title='bbox 3396 2105 3468 2142; x_wconf 72' lang='lat' dir='ltr'><strong>res</strong></span> <span class='ocrx_word' id='word_1_543' title='bbox 3493 2105 3718 2158; x_wconf 75' lang='lat' dir='ltr'><strong>sonans,</strong></span> <span class='ocrx_word' id='word_1_544' title='bbox 3757 2073 3764 2077; x_wconf 47' lang='grc'><strong>’</strong></span> 
     </span>
    </p>
   </div>
   <div class='ocr_carea' id='block_1_73' title="bbox 2143 2165 3719 2248">
    <p class='ocr_par' dir='ltr' id='par_1_73' title="bbox 2143 2165 3719 2248">
     <span class='ocr_line' id='line_1_73' title="bbox 2143 2165 3719 2248; baseline 0.006 -24"><span class='ocrx_word' id='word_1_545' title='bbox 2143 2183 2232 2226; x_wconf 87' lang='lat' dir='ltr'><strong>aut</strong></span> <span class='ocrx_word' id='word_1_546' title='bbox 2269 2173 2558 2243; x_wconf 80' lang='lat' dir='ltr'><strong>cymbalum</strong></span> <span class='ocrx_word' id='word_1_547' title='bbox 2604 2165 2848 2233; x_wconf 78' lang='lat' dir='ltr'><strong>tinnisns.</strong></span> <span class='ocrx_word' id='word_1_548' title='bbox 2880 2171 2947 2245; x_wconf 77' lang='lat' dir='ltr'><strong>Et</strong></span> <span class='ocrx_word' id='word_1_549' title='bbox 2992 2177 3037 2229; x_wconf 85' lang='lat' dir='ltr'><strong>si</strong></span> <span class='ocrx_word' id='word_1_550' title='bbox 3085 2177 3310 2233; x_wconf 79' lang='lat' dir='ltr'><strong>habuero</strong></span> <span class='ocrx_word' id='word_1_551' title='bbox 3356 2178 3719 2248; x_wconf 70' lang='lat' dir='ltr'><strong>prophetiam,</strong></span> 
     </span>
    </p>
   </div>
   <div class='ocr_carea' id='block_1_74' title="bbox 2141 2255 3714 2334">
    <p class='ocr_par' dir='ltr' id='par_1_74' title="bbox 2141 2255 3714 2334">
     <span class='ocr_line' id='line_1_74' title="bbox 2141 2255 3714 2334; baseline 0.006 -19"><span class='ocrx_word' id='word_1_552' title='bbox 2141 2271 2188 2327; x_wconf 79' lang='lat' dir='ltr'><strong>et</strong></span> <span class='ocrx_word' id='word_1_553' title='bbox 2238 2264 2460 2316; x_wconf 81' lang='lat' dir='ltr'><strong>noverim</strong></span> <span class='ocrx_word' id='word_1_554' title='bbox 2509 2266 2750 2334; x_wconf 81' lang='lat' dir='ltr'><strong>mysteria</strong></span> <span class='ocrx_word' id='word_1_555' title='bbox 2786 2266 2993 2329; x_wconf 80' lang='lat' dir='ltr'><strong>omnia,</strong></span> <span class='ocrx_word' id='word_1_556' title='bbox 3021 2274 3070 2318; x_wconf 87' lang='lat' dir='ltr'><strong>et</strong></span> <span class='ocrx_word' id='word_1_557' title='bbox 3109 2255 3314 2319; x_wconf 87' lang='lat' dir='ltr'><strong>omnem</strong></span> <span class='ocrx_word' id='word_1_558' title='bbox 3338 2267 3636 2334; x_wconf 77' lang='lat' dir='ltr'><strong>scientiam,</strong></span> <span class='ocrx_word' id='word_1_559' title='bbox 3662 2279 3714 2324; x_wconf 81' lang='lat' dir='ltr'><strong>st</strong></span> 
     </span>
    </p>
   </div>
   <div class='ocr_carea' id='block_1_75' title="bbox 2141 2343 3719 2426">
    <p class='ocr_par' dir='ltr' id='par_1_75' title="bbox 2141 2343 3719 2426">
     <span class='ocr_line' id='line_1_75' title="bbox 2141 2343 3719 2426; baseline 0.006 -21"><span class='ocrx_word' id='word_1_560' title='bbox 2141 2353 2187 2405; x_wconf 88' lang='lat' dir='ltr'><strong>si</strong></span> <span class='ocrx_word' id='word_1_561' title='bbox 2212 2351 2437 2405; x_wconf 80' lang='lat' dir='ltr'><strong>habuero</strong></span> <span class='ocrx_word' id='word_1_562' title='bbox 2475 2367 2674 2406; x_wconf 86' lang='lat' dir='ltr'><strong>omnem</strong></span> <span class='ocrx_word' id='word_1_563' title='bbox 2701 2352 2855 2421; x_wconf 79' lang='lat' dir='ltr'><strong>ﬁdem</strong></span> <span class='ocrx_word' id='word_1_564' title='bbox 2876 2392 2891 2418; x_wconf 95' lang='lat'><strong>,</strong></span> <span class='ocrx_word' id='word_1_565' title='bbox 2931 2355 3005 2407; x_wconf 88' lang='lat' dir='ltr'><strong>ita</strong></span> <span class='ocrx_word' id='word_1_566' title='bbox 3042 2363 3098 2408; x_wconf 87' lang='lat' dir='ltr'><strong>ut</strong></span> <span class='ocrx_word' id='word_1_567' title='bbox 3139 2364 3335 2409; x_wconf 82' lang='lat' dir='ltr'><strong>montes</strong></span> <span class='ocrx_word' id='word_1_568' title='bbox 3369 2343 3719 2426; x_wconf 74' lang='lat' dir='ltr'><strong>transferam,</strong></span> 
     </span>
    </p>
   </div>
   <div class='ocr_carea' id='block_1_76' title="bbox 2140 2438 3715 2515">
    <p class='ocr_par' dir='ltr' id='par_1_76' title="bbox 2140 2438 3715 2515">
     <span class='ocr_line' id='line_1_76' title="bbox 2140 2438 3715 2515; baseline 0.003 -21"><span class='ocrx_word' id='word_1_569' title='bbox 2140 2442 2441 2494; x_wconf 84' lang='lat' dir='ltr'><strong>charitatem</strong></span> <span class='ocrx_word' id='word_1_570' title='bbox 2484 2451 2655 2496; x_wconf 90' lang='lat' dir='ltr'><strong>autem</strong></span> <span class='ocrx_word' id='word_1_571' title='bbox 2698 2459 2800 2496; x_wconf 89' lang='lat' dir='ltr'><strong>non</strong></span> <span class='ocrx_word' id='word_1_572' title='bbox 2840 2441 3091 2508; x_wconf 85' lang='lat' dir='ltr'><strong>habuero,</strong></span> <span class='ocrx_word' id='word_1_573' title='bbox 3132 2439 3264 2496; x_wconf 83' lang='lat' dir='ltr'><strong>nihil</strong></span> <span class='ocrx_word' id='word_1_574' title='bbox 3300 2438 3426 2497; x_wconf 84' lang='lat' dir='ltr'><strong>mihi</strong></span> <span class='ocrx_word' id='word_1_575' title='bbox 3477 2445 3715 2515; x_wconf 78' lang='lat' dir='ltr'><strong>prodest.</strong></span> 
     </span>
    </p>
   </div>
   <div class='ocr_carea' id='block_1_77' title="bbox 2141 2521 3720 2603">
    <p class='ocr_par' dir='ltr' id='par_1_77' title="bbox 2141 2521 3720 2603">
     <span class='ocr_line' id='line_1_77' title="bbox 2141 2521 3720 2603; baseline 0.004 -20"><span class='ocrx_word' id='word_1_576' title='bbox 2141 2527 2379 2585; x_wconf 84' lang='lat' dir='ltr'><strong>Charitas</strong></span> <span class='ocrx_word' id='word_1_577' title='bbox 2399 2531 2597 2602; x_wconf 85' lang='lat' dir='ltr'><strong>patiens</strong></span> <span class='ocrx_word' id='word_1_578' title='bbox 2622 2540 2716 2596; x_wconf 87' lang='lat' dir='ltr'><strong>est,</strong></span> <span class='ocrx_word' id='word_1_579' title='bbox 2741 2533 2957 2603; x_wconf 82' lang='lat' dir='ltr'><strong>benigna</strong></span> <span class='ocrx_word' id='word_1_580' title='bbox 2978 2542 3071 2587; x_wconf 88' lang='lat' dir='ltr'><strong>est.</strong></span> <span class='ocrx_word' id='word_1_581' title='bbox 3094 2526 3333 2589; x_wconf 85' lang='lat' dir='ltr'><strong>Charitas</strong></span> <span class='ocrx_word' id='word_1_582' title='bbox 3360 2553 3464 2589; x_wconf 87' lang='lat' dir='ltr'><strong>non</strong></span> <span class='ocrx_word' id='word_1_583' title='bbox 3491 2521 3720 2590; x_wconf 70' lang='lat' dir='ltr'><strong>ternum-</strong></span> 
     </span>
    </p>
   </div>
   <div class='ocr_carea' id='block_1_78' title="bbox 2141 2622 3716 2694">
    <p class='ocr_par' dir='ltr' id='par_1_78' title="bbox 2141 2622 3716 2694">
     <span class='ocr_line' id='line_1_78' title="bbox 2141 2622 3716 2694; baseline 0.005 -20"><span class='ocrx_word' id='word_1_584' title='bbox 2141 2631 2245 2687; x_wconf 89' lang='lat' dir='ltr'><strong>tur,</strong></span> <span class='ocrx_word' id='word_1_585' title='bbox 2267 2638 2369 2676; x_wconf 87' lang='lat' dir='ltr'><strong>non</strong></span> <span class='ocrx_word' id='word_1_586' title='bbox 2391 2622 2493 2692; x_wconf 87' lang='lat' dir='ltr'><strong>agit</strong></span> <span class='ocrx_word' id='word_1_587' title='bbox 2512 2639 2796 2694; x_wconf 82' lang='lat' dir='ltr'><strong>perperam,</strong></span> <span class='ocrx_word' id='word_1_588' title='bbox 2815 2640 2916 2677; x_wconf 88' lang='lat' dir='ltr'><strong>non</strong></span> <span class='ocrx_word' id='word_1_589' title='bbox 2937 2625 3174 2694; x_wconf 77' lang='lat' dir='ltr'><strong>inﬂatur,</strong></span> <span class='ocrx_word' id='word_1_590' title='bbox 3189 2642 3289 2679; x_wconf 74' lang='lat' dir='ltr'><strong>non</strong></span> <span class='ocrx_word' id='word_1_591' title='bbox 3310 2636 3382 2680; x_wconf 88' lang='lat' dir='ltr'><strong>est</strong></span> <span class='ocrx_word' id='word_1_592' title='bbox 3407 2627 3716 2694; x_wconf 80' lang='lat' dir='ltr'><strong>ambitiosa,</strong></span> 
     </span>
    </p>
   </div>
   <div class='ocr_carea' id='block_1_79' title="bbox 2139 2709 3716 2784">
    <p class='ocr_par' dir='ltr' id='par_1_79' title="bbox 2139 2709 3716 2784">
     <span class='ocr_line' id='line_1_79' title="bbox 2139 2709 3716 2784; baseline 0.005 -24"><span class='ocrx_word' id='word_1_593' title='bbox 2139 2723 2244 2761; x_wconf 90' lang='lat' dir='ltr'><strong>non</strong></span> <span class='ocrx_word' id='word_1_594' title='bbox 2271 2709 2454 2778; x_wconf 76' lang='lat' dir='ltr'><strong>quwrit</strong></span> <span class='ocrx_word' id='word_1_595' title='bbox 2493 2726 2608 2780; x_wconf 74' lang='lat' dir='ltr'><strong>quae</strong></span> <span class='ocrx_word' id='word_1_596' title='bbox 2649 2726 2743 2764; x_wconf 87' lang='lat' dir='ltr'><strong>sua</strong></span> <span class='ocrx_word' id='word_1_597' title='bbox 2773 2720 2913 2776; x_wconf 92' lang='lat' dir='ltr'><strong>sunt,</strong></span> <span class='ocrx_word' id='word_1_598' title='bbox 2945 2728 3048 2766; x_wconf 84' lang='lat' dir='ltr'><strong>non</strong></span> <span class='ocrx_word' id='word_1_599' title='bbox 3090 2711 3352 2780; x_wconf 83' lang='lat' dir='ltr'><strong>irritatur,</strong></span> <span class='ocrx_word' id='word_1_600' title='bbox 3385 2731 3487 2769; x_wconf 85' lang='lat' dir='ltr'><strong>non</strong></span> <span class='ocrx_word' id='word_1_601' title='bbox 3515 2716 3716 2784; x_wconf 78' lang='lat' dir='ltr'><strong>cogitat</strong></span> 
     </span>
    </p>
   </div>
   <div class='ocr_carea' id='block_1_80' title="bbox 2139 2797 3720 2876">
    <p class='ocr_par' dir='ltr' id='par_1_80' title="bbox 2139 2797 3720 2876">
     <span class='ocr_line' id='line_1_80' title="bbox 2139 2797 3720 2876; baseline 0.006 -25"><span class='ocrx_word' id='word_1_602' title='bbox 2139 2797 2356 2866; x_wconf 77' lang='lat' dir='ltr'><strong>malum,</strong></span> <span class='ocrx_word' id='word_1_603' title='bbox 2386 2817 2488 2855; x_wconf 90' lang='lat' dir='ltr'><strong>non</strong></span> <span class='ocrx_word' id='word_1_604' title='bbox 2508 2800 2696 2872; x_wconf 81' lang='lat' dir='ltr'><strong>gaudet</strong></span> <span class='ocrx_word' id='word_1_605' title='bbox 2724 2819 2879 2872; x_wconf 86' lang='lat' dir='ltr'><strong>super</strong></span> <span class='ocrx_word' id='word_1_606' title='bbox 2905 2801 3196 2874; x_wconf 79' lang='lat' dir='ltr'><strong>iniquitate,</strong></span> <span class='ocrx_word' id='word_1_607' title='bbox 3222 2807 3508 2876; x_wconf 83' lang='lat' dir='ltr'><strong>congaudet</strong></span> <span class='ocrx_word' id='word_1_608' title='bbox 3533 2817 3720 2861; x_wconf 78' lang='lat' dir='ltr'><strong>autem</strong></span> 
     </span>
    </p>
   </div>
   <div class='ocr_carea' id='block_1_81' title="bbox 2139 2889 3718 2968">
    <p class='ocr_par' dir='ltr' id='par_1_81' title="bbox 2139 2889 3718 2968">
     <span class='ocr_line' id='line_1_81' title="bbox 2139 2889 3718 2968; baseline 0.004 -24"><span class='ocrx_word' id='word_1_609' title='bbox 2139 2889 2358 2944; x_wconf 77' lang='lat' dir='ltr'><strong>veritati.</strong></span> <span class='ocrx_word' id='word_1_610' title='bbox 2399 2889 2588 2945; x_wconf 83' lang='lat' dir='ltr'><strong>Omnia</strong></span> <span class='ocrx_word' id='word_1_611' title='bbox 2628 2894 2831 2962; x_wconf 61' lang='grc' dir='ltr'><strong>κηποι-1,</strong></span> <span class='ocrx_word' id='word_1_612' title='bbox 2873 2896 3047 2948; x_wconf 89' lang='lat' dir='ltr'><strong>omnia</strong></span> <span class='ocrx_word' id='word_1_613' title='bbox 3077 2896 3259 2962; x_wconf 88' lang='lat' dir='ltr'><strong>credit,</strong></span> <span class='ocrx_word' id='word_1_614' title='bbox 3302 2899 3478 2952; x_wconf 88' lang='lat' dir='ltr'><strong>omnia</strong></span> <span class='ocrx_word' id='word_1_615' title='bbox 3511 2907 3718 2968; x_wconf 66' lang='lat' dir='ltr'><strong>sperat.</strong></span> 
     </span>
    </p>
   </div>
   <div class='ocr_carea' id='block_1_82' title="bbox 2140 2979 3720 3056">
    <p class='ocr_par' dir='ltr' id='par_1_82' title="bbox 2140 2979 3720 3056">
     <span class='ocr_line' id='line_1_82' title="bbox 2140 2979 3720 3056; baseline 0.007 -25"><span class='ocrx_word' id='word_1_616' title='bbox 2140 2979 2313 3032; x_wconf 85' lang='lat' dir='ltr'><strong>omnia</strong></span> <span class='ocrx_word' id='word_1_617' title='bbox 2345 2981 2578 3036; x_wconf 60' lang='lat' dir='ltr'><strong>sustinet.</strong></span> <span class='ocrx_word' id='word_1_618' title='bbox 2605 2979 2843 3036; x_wconf 85' lang='lat' dir='ltr'><strong>Charitas</strong></span> <span class='ocrx_word' id='word_1_619' title='bbox 2878 3000 3143 3054; x_wconf 75' lang='lat' dir='ltr'><strong>nunquam</strong></span> <span class='ocrx_word' id='word_1_620' title='bbox 3175 2980 3386 3052; x_wconf 74' lang='lat' dir='ltr'><strong>excidit,</strong></span> <span class='ocrx_word' id='word_1_621' title='bbox 3415 2994 3471 3041; x_wconf 90' lang='lat' dir='ltr'><strong>et</strong></span> <span class='ocrx_word' id='word_1_622' title='bbox 3501 2987 3720 3056; x_wconf 76' lang='lat' dir='ltr'><strong>reliun</strong></span> 
     </span>
    </p>
   </div>
   <div class='ocr_carea' id='block_1_83' title="bbox 2141 3066 3719 3142">
    <p class='ocr_par' dir='ltr' id='par_1_83' title="bbox 2141 3066 3719 3142">
     <span class='ocr_line' id='line_1_83' title="bbox 2141 3066 3719 3142; baseline 0.008 -22"><span class='ocrx_word' id='word_1_623' title='bbox 2141 3066 2192 3140; x_wconf 90' lang='lat' dir='ltr'><strong>(I</strong></span> <span class='ocrx_word' id='word_1_624' title='bbox 2237 3067 2358 3124; x_wconf 88' lang='lat' dir='ltr'><strong>Cor.</strong></span> <span class='ocrx_word' id='word_1_625' title='bbox 2400 3067 2540 3139; x_wconf 80' lang='lat' dir='ltr'><strong>xm).</strong></span> <span class='ocrx_word' id='word_1_626' title='bbox 2586 3068 2716 3125; x_wconf 86' lang='lat' dir='ltr'><strong>Sine</strong></span> <span class='ocrx_word' id='word_1_627' title='bbox 2763 3070 2864 3127; x_wconf 86' lang='lat' dir='ltr'><strong>hac</strong></span> <span class='ocrx_word' id='word_1_628' title='bbox 2905 3071 3170 3128; x_wconf 86' lang='lat' dir='ltr'><strong>charitate</strong></span> <span class='ocrx_word' id='word_1_629' title='bbox 3211 3073 3295 3129; x_wconf 90' lang='lat' dir='ltr'><strong>vel</strong></span> <span class='ocrx_word' id='word_1_630' title='bbox 3336 3074 3554 3142; x_wconf 88' lang='lat' dir='ltr'><strong>casula,</strong></span> <span class='ocrx_word' id='word_1_631' title='bbox 3603 3091 3719 3131; x_wconf 87' lang='lat' dir='ltr'><strong>nec</strong></span> 
     </span>
    </p>
   </div>
   <div class='ocr_carea' id='block_1_84' title="bbox 2137 3156 3730 3232">
    <p class='ocr_par' dir='ltr' id='par_1_84' title="bbox 2137 3156 3730 3232">
     <span class='ocr_line' id='line_1_84' title="bbox 2137 3156 3730 3232; baseline 0.004 -21"><span class='ocrx_word' id='word_1_632' title='bbox 2137 3156 2387 3212; x_wconf 82' lang='lat' dir='ltr'><strong>sacerdos</strong></span> <span class='ocrx_word' id='word_1_633' title='bbox 2428 3157 2542 3226; x_wconf 79' lang='lat' dir='ltr'><strong>ipse</strong></span> <span class='ocrx_word' id='word_1_634' title='bbox 2585 3159 2653 3214; x_wconf 85' lang='lat' dir='ltr'><strong>ad</strong></span> <span class='ocrx_word' id='word_1_635' title='bbox 2696 3157 2866 3215; x_wconf 88' lang='lat' dir='ltr'><strong>altare</strong></span> <span class='ocrx_word' id='word_1_636' title='bbox 2909 3162 3334 3232; x_wconf 84' lang='lat' dir='ltr'><strong>appropinquare</strong></span> <span class='ocrx_word' id='word_1_637' title='bbox 3374 3163 3552 3228; x_wconf 87' lang='lat' dir='ltr'><strong>debet,</strong></span> <span class='ocrx_word' id='word_1_638' title='bbox 3600 3180 3730 3220; x_wconf 84' lang='lat' dir='ltr'><strong>nec.</strong></span> 
     </span>
    </p>
   </div>
   <div class='ocr_carea' id='block_1_85' title="bbox 2137 3240 3720 3318">
    <p class='ocr_par' dir='ltr' id='par_1_85' title="bbox 2137 3240 3720 3318">
     <span class='ocr_line' id='line_1_85' title="bbox 2137 3240 3720 3318; baseline 0.008 -20"><span class='ocrx_word' id='word_1_639' title='bbox 2137 3257 2329 3300; x_wconf 86' lang='lat' dir='ltr'><strong>munus</strong></span> <span class='ocrx_word' id='word_1_640' title='bbox 2369 3242 2582 3313; x_wconf 74' lang='lat' dir='ltr'><strong>oﬂ&#39;erre,</strong></span> <span class='ocrx_word' id='word_1_641' title='bbox 2628 3261 2728 3304; x_wconf 89' lang='lat' dir='ltr'><strong>nec</strong></span> <span class='ocrx_word' id='word_1_642' title='bbox 2770 3261 2958 3318; x_wconf 84' lang='lat' dir='ltr'><strong>preces</strong></span> <span class='ocrx_word' id='word_1_643' title='bbox 3005 3248 3249 3305; x_wconf 81' lang='lat' dir='ltr'><strong>fundere.</strong></span> <span class='ocrx_word' id='word_1_644' title='bbox 3296 3240 3446 3306; x_wconf 84' lang='lat' dir='ltr'><strong>Unde</strong></span> <span class='ocrx_word' id='word_1_645' title='bbox 3489 3252 3720 3310; x_wconf 82' lang='lat' dir='ltr'><strong>Veritas.</strong></span> 
     </span>
    </p>
   </div>
   <div class='ocr_carea' id='block_1_86' title="bbox 2138 3335 3717 3406">
    <p class='ocr_par' dir='ltr' id='par_1_86' title="bbox 2138 3335 3717 3406">
     <span class='ocr_line' id='line_1_86' title="bbox 2138 3335 3717 3406; baseline 0.003 -15"><span class='ocrx_word' id='word_1_646' title='bbox 2138 3337 2250 3406; x_wconf 86' lang='lat' dir='ltr'><strong>ipsa</strong></span> <span class='ocrx_word' id='word_1_647' title='bbox 2279 3337 2441 3392; x_wconf 86' lang='lat' dir='ltr'><strong>dicit:</strong></span> <span class='ocrx_word' id='word_1_648' title='bbox 2474 3335 2533 3392; x_wconf 87' lang='lat' dir='ltr'><strong>Si</strong></span> <span class='ocrx_word' id='word_1_649' title='bbox 2565 3339 2720 3406; x_wconf 73' lang='lat' dir='ltr'><strong>o/fers</strong></span> <span class='ocrx_word' id='word_1_650' title='bbox 2750 3356 2935 3393; x_wconf 90' lang='lat' dir='ltr'><strong>munus</strong></span> <span class='ocrx_word' id='word_1_651' title='bbox 2967 3349 3111 3396; x_wconf 82' lang='lat' dir='ltr'><strong>tuum</strong></span> <span class='ocrx_word' id='word_1_652' title='bbox 3136 3341 3205 3395; x_wconf 87' lang='lat' dir='ltr'><strong>ad</strong></span> <span class='ocrx_word' id='word_1_653' title='bbox 3231 3341 3414 3405; x_wconf 79' lang='lat' dir='ltr'><strong>altare,</strong></span> <span class='ocrx_word' id='word_1_654' title='bbox 3444 3352 3493 3396; x_wconf 89' lang='lat' dir='ltr'><strong>et</strong></span> <span class='ocrx_word' id='word_1_655' title='bbox 3526 3343 3597 3396; x_wconf 85' lang='lat' dir='ltr'><strong>ibi</strong></span> <span class='ocrx_word' id='word_1_656' title='bbox 3621 3360 3717 3396; x_wconf 85' lang='lat' dir='ltr'><strong>re-</strong></span> 
     </span>
    </p>
   </div>
   <div class='ocr_carea' id='block_1_87' title="bbox 2139 3425 3720 3500">
    <p class='ocr_par' dir='ltr' id='par_1_87' title="bbox 2139 3425 3720 3500">
     <span class='ocr_line' id='line_1_87' title="bbox 2139 3425 3720 3500; baseline 0.003 -20"><span class='ocrx_word' id='word_1_657' title='bbox 2139 3425 2381 3482; x_wconf 74' lang='lat' dir='ltr'><strong>cordatus</strong></span> <span class='ocrx_word' id='word_1_658' title='bbox 2407 3425 2589 3494; x_wconf 78' lang='lat' dir='ltr'><strong>fueris,</strong></span> <span class='ocrx_word' id='word_1_659' title='bbox 2614 3428 2737 3497; x_wconf 84' lang='lat' dir='ltr'><strong>quia</strong></span> <span class='ocrx_word' id='word_1_660' title='bbox 2764 3426 2930 3496; x_wconf 79' lang='lat' dir='ltr'><strong>frater</strong></span> <span class='ocrx_word' id='word_1_661' title='bbox 2959 3437 3079 3482; x_wconf 89' lang='lat' dir='ltr'><strong>tuus</strong></span> <span class='ocrx_word' id='word_1_662' title='bbox 3106 3428 3256 3496; x_wconf 83' lang='lat' dir='ltr'><strong>habet</strong></span> <span class='ocrx_word' id='word_1_663' title='bbox 3292 3429 3491 3500; x_wconf 84' lang='lat' dir='ltr'><strong>aliquid</strong></span> <span class='ocrx_word' id='word_1_664' title='bbox 3523 3432 3720 3486; x_wconf 47' lang='lat' dir='ltr'><strong>adscr.</strong></span> 
     </span>
    </p>
   </div>
   <div class='ocr_carea' id='block_1_88' title="bbox 2137 3517 3717 3586">
    <p class='ocr_par' dir='ltr' id='par_1_88' title="bbox 2137 3517 3717 3586">
     <span class='ocr_line' id='line_1_88' title="bbox 2137 3517 3717 3586; baseline 0.003 -15"><span class='ocrx_word' id='word_1_665' title='bbox 2137 3533 2251 3571; x_wconf 82' lang='lat' dir='ltr'><strong>sum</strong></span> <span class='ocrx_word' id='word_1_666' title='bbox 2280 3526 2344 3579; x_wconf 89' lang='lat' dir='ltr'><strong>te,</strong></span> <span class='ocrx_word' id='word_1_667' title='bbox 2376 3517 2602 3586; x_wconf 80' lang='lat' dir='ltr'><strong>relinque</strong></span> <span class='ocrx_word' id='word_1_668' title='bbox 2629 3519 2700 3570; x_wconf 83' lang='lat' dir='ltr'><strong>ibi</strong></span> <span class='ocrx_word' id='word_1_669' title='bbox 2731 3534 2919 3572; x_wconf 88' lang='lat' dir='ltr'><strong>munus</strong></span> <span class='ocrx_word' id='word_1_670' title='bbox 2955 3527 3101 3572; x_wconf 86' lang='lat' dir='ltr'><strong>tuum</strong></span> <span class='ocrx_word' id='word_1_671' title='bbox 3130 3529 3248 3573; x_wconf 87' lang='lat' dir='ltr'><strong>ante</strong></span> <span class='ocrx_word' id='word_1_672' title='bbox 3276 3520 3466 3585; x_wconf 89' lang='lat' dir='ltr'><strong>altare,</strong></span> <span class='ocrx_word' id='word_1_673' title='bbox 3502 3531 3549 3575; x_wconf 88' lang='lat' dir='ltr'><strong>et</strong></span> <span class='ocrx_word' id='word_1_674' title='bbox 3577 3523 3717 3576; x_wconf 83' lang='lat' dir='ltr'><strong>vade</strong></span> 
     </span>
    </p>
   </div>
   <div class='ocr_carea' id='block_1_89' title="bbox 2137 3606 3723 3679">
    <p class='ocr_par' dir='ltr' id='par_1_89' title="bbox 2137 3606 3723 3679">
     <span class='ocr_line' id='line_1_89' title="bbox 2137 3606 3723 3679; baseline 0.006 -20"><span class='ocrx_word' id='word_1_675' title='bbox 2137 3608 2282 3677; x_wconf 87' lang='lat' dir='ltr'><strong>prius</strong></span> <span class='ocrx_word' id='word_1_676' title='bbox 2313 3606 2634 3660; x_wconf 84' lang='lat' dir='ltr'><strong>reconciliari</strong></span> <span class='ocrx_word' id='word_1_677' title='bbox 2669 3606 2825 3676; x_wconf 75' lang='lat' dir='ltr'><strong>fratri</strong></span> <span class='ocrx_word' id='word_1_678' title='bbox 2871 3617 2984 3673; x_wconf 89' lang='lat' dir='ltr'><strong>tuo,</strong></span> <span class='ocrx_word' id='word_1_679' title='bbox 3024 3618 3071 3661; x_wconf 90' lang='lat' dir='ltr'><strong>et</strong></span> <span class='ocrx_word' id='word_1_680' title='bbox 3111 3618 3231 3666; x_wconf 86' lang='lat' dir='ltr'><strong>tunc</strong></span> <span class='ocrx_word' id='word_1_681' title='bbox 3279 3611 3479 3664; x_wconf 86' lang='lat' dir='ltr'><strong>veniens</strong></span> <span class='ocrx_word' id='word_1_682' title='bbox 3519 3612 3723 3679; x_wconf 59' lang='lat' dir='ltr'><strong>offeres</strong></span> 
     </span>
    </p>
   </div>
   <div class='ocr_carea' id='block_1_90' title="bbox 2139 3695 3718 3776">
    <p class='ocr_par' dir='ltr' id='par_1_90' title="bbox 2139 3695 3718 3776">
     <span class='ocr_line' id='line_1_90' title="bbox 2139 3695 3718 3776; baseline 0.003 -25"><span class='ocrx_word' id='word_1_683' title='bbox 2139 3714 2326 3752; x_wconf 86' lang='lat' dir='ltr'><strong>munus</strong></span> <span class='ocrx_word' id='word_1_684' title='bbox 2364 3708 2508 3751; x_wconf 84' lang='lat' dir='ltr'><strong>tuum</strong></span> <span class='ocrx_word' id='word_1_685' title='bbox 2544 3695 2765 3776; x_wconf 68' lang='lat' dir='ltr'><strong>(Matth.</strong></span> <span class='ocrx_word' id='word_1_686' title='bbox 2796 3698 2894 3769; x_wconf 70' lang='lat' dir='ltr'><strong>vn).</strong></span> <span class='ocrx_word' id='word_1_687' title='bbox 2937 3697 3004 3759; x_wconf 83' lang='lat' dir='ltr'><strong>Et</strong></span> <span class='ocrx_word' id='word_1_688' title='bbox 3031 3697 3157 3754; x_wconf 83' lang='lat' dir='ltr'><strong>item</strong></span> <span class='ocrx_word' id='word_1_689' title='bbox 3198 3717 3212 3758; x_wconf 84' lang='lat'><strong>:</strong></span> <span class='ocrx_word' id='word_1_690' title='bbox 3241 3697 3371 3754; x_wconf 86' lang='lat' dir='ltr'><strong>Cum</strong></span> <span class='ocrx_word' id='word_1_691' title='bbox 3406 3700 3606 3754; x_wconf 88' lang='lat' dir='ltr'><strong>stabitis</strong></span> <span class='ocrx_word' id='word_1_692' title='bbox 3630 3701 3718 3756; x_wconf 72' lang='lat' dir='ltr'><strong>ad</strong></span> 
     </span>
    </p>
   </div>
   <div class='ocr_carea' id='block_1_91' title="bbox 2140 3786 3715 3858">
    <p class='ocr_par' dir='ltr' id='par_1_91' title="bbox 2140 3786 3715 3858">
     <span class='ocr_line' id='line_1_91' title="bbox 2140 3786 3715 3858; baseline 0.001 -18"><span class='ocrx_word' id='word_1_693' title='bbox 2140 3787 2413 3852; x_wconf 81' lang='lat' dir='ltr'><strong>orandum,</strong></span> <span class='ocrx_word' id='word_1_694' title='bbox 2440 3786 2639 3840; x_wconf 86' lang='lat' dir='ltr'><strong>dimitte</strong></span> <span class='ocrx_word' id='word_1_695' title='bbox 2675 3788 2721 3841; x_wconf 88' lang='lat' dir='ltr'><strong>si</strong></span> <span class='ocrx_word' id='word_1_696' title='bbox 2754 3787 2878 3858; x_wconf 84' lang='lat' dir='ltr'><strong>quid</strong></span> <span class='ocrx_word' id='word_1_697' title='bbox 2907 3786 3103 3841; x_wconf 86' lang='lat' dir='ltr'><strong>habetis</strong></span> <span class='ocrx_word' id='word_1_698' title='bbox 3140 3787 3413 3842; x_wconf 87' lang='lat' dir='ltr'><strong>adversum</strong></span> <span class='ocrx_word' id='word_1_699' title='bbox 3439 3787 3665 3858; x_wconf 82' lang='lat' dir='ltr'><strong>aliquem</strong></span> <span class='ocrx_word' id='word_1_700' title='bbox 3687 3828 3715 3854; x_wconf 58' lang='grc' dir='ltr'><strong>ι</strong></span> 
     </span>
    </p>
   </div>
   <div class='ocr_carea' id='block_1_92' title="bbox 2139 3877 3716 3951">
    <p class='ocr_par' dir='ltr' id='par_1_92' title="bbox 2139 3877 3716 3951">
     <span class='ocr_line' id='line_1_92' title="bbox 2139 3877 3716 3951; baseline 0.001 -17"><span class='ocrx_word' id='word_1_701' title='bbox 2139 3886 2194 3934; x_wconf 84' lang='lat' dir='ltr'><strong>et</strong></span> <span class='ocrx_word' id='word_1_702' title='bbox 2238 3878 2441 3948; x_wconf 86' lang='lat' dir='ltr'><strong>reliqua</strong></span> <span class='ocrx_word' id='word_1_703' title='bbox 2471 3877 2660 3951; x_wconf 70' lang='lat' dir='ltr'><strong>(Marc.</strong></span> <span class='ocrx_word' id='word_1_704' title='bbox 2686 3880 2783 3951; x_wconf 72' lang='grc' dir='ltr'>χι).</span> <span class='ocrx_word' id='word_1_705' title='bbox 2817 3882 2892 3935; x_wconf 88' lang='lat' dir='ltr'><strong>De</strong></span> <span class='ocrx_word' id='word_1_706' title='bbox 2925 3881 3027 3936; x_wconf 89' lang='lat' dir='ltr'><strong>hoc</strong></span> <span class='ocrx_word' id='word_1_707' title='bbox 3058 3881 3237 3950; x_wconf 85' lang='lat' dir='ltr'><strong>itaque</strong></span> <span class='ocrx_word' id='word_1_708' title='bbox 3266 3881 3493 3950; x_wconf 86' lang='lat' dir='ltr'><strong>spiritali</strong></span> <span class='ocrx_word' id='word_1_709' title='bbox 3534 3882 3716 3935; x_wconf 75' lang='lat' dir='ltr'><strong>virtu—</strong></span> 
     </span>
    </p>
   </div>
   <div class='ocr_carea' id='block_1_93' title="bbox 2140 3964 3714 4040">
    <p class='ocr_par' dir='ltr' id='par_1_93' title="bbox 2140 3964 3714 4040">
     <span class='ocr_line' id='line_1_93' title="bbox 2140 3964 3714 4040; baseline 0.003 -20"><span class='ocrx_word' id='word_1_710' title='bbox 2140 3976 2251 4022; x_wconf 91' lang='lat' dir='ltr'><strong>tum</strong></span> <span class='ocrx_word' id='word_1_711' title='bbox 2297 3967 2603 4023; x_wconf 85' lang='lat' dir='ltr'><strong>indumento</strong></span> <span class='ocrx_word' id='word_1_712' title='bbox 2633 3969 2916 4040; x_wconf 77' lang='lat' dir='ltr'><strong>Apostolus</strong></span> <span class='ocrx_word' id='word_1_713' title='bbox 2961 3971 3030 4025; x_wconf 88' lang='lat' dir='ltr'><strong>ad</strong></span> <span class='ocrx_word' id='word_1_714' title='bbox 3073 3964 3417 4026; x_wconf 83' lang='lat' dir='ltr'><strong>Colossenses</strong></span> <span class='ocrx_word' id='word_1_715' title='bbox 3455 3971 3527 4024; x_wconf 89' lang='lat' dir='ltr'><strong>ita</strong></span> <span class='ocrx_word' id='word_1_716' title='bbox 3561 3971 3714 4024; x_wconf 75' lang='lat' dir='ltr'><strong>scri-</strong></span> 
     </span>
    </p>
   </div>
   <div class='ocr_carea' id='block_1_94' title="bbox 2139 4057 3712 4130">
    <p class='ocr_par' dir='ltr' id='par_1_94' title="bbox 2139 4057 3712 4130">
     <span class='ocr_line' id='line_1_94' title="bbox 2139 4057 3712 4130; baseline 0.001 -18"><span class='ocrx_word' id='word_1_717' title='bbox 2139 4059 2280 4129; x_wconf 84' lang='lat' dir='ltr'><strong>psit:</strong></span> <span class='ocrx_word' id='word_1_718' title='bbox 2312 4057 2541 4126; x_wconf 87' lang='lat' dir='ltr'><strong>lnduite,</strong></span> <span class='ocrx_word' id='word_1_719' title='bbox 2574 4060 2764 4130; x_wconf 87' lang='lat' dir='ltr'><strong>inquit,</strong></span> <span class='ocrx_word' id='word_1_720' title='bbox 2792 4078 2881 4116; x_wconf 90' lang='lat' dir='ltr'><strong>vos</strong></span> <span class='ocrx_word' id='word_1_721' title='bbox 2929 4063 3062 4115; x_wconf 87' lang='lat' dir='ltr'><strong>sicut</strong></span> <span class='ocrx_word' id='word_1_722' title='bbox 3103 4061 3252 4115; x_wconf 85' lang='lat' dir='ltr'><strong>electi</strong></span> <span class='ocrx_word' id='word_1_723' title='bbox 3287 4059 3403 4125; x_wconf 87' lang='lat' dir='ltr'><strong>Dei,</strong></span> <span class='ocrx_word' id='word_1_724' title='bbox 3426 4062 3603 4114; x_wconf 81' lang='lat' dir='ltr'><strong>sancti</strong></span> <span class='ocrx_word' id='word_1_725' title='bbox 3650 4071 3712 4114; x_wconf 76' lang='lat' dir='ltr'><strong>et</strong></span> 
     </span>
    </p>
   </div>
   <div class='ocr_carea' id='block_1_95' title="bbox 2140 4149 3709 4220">
    <p class='ocr_par' dir='ltr' id='par_1_95' title="bbox 2140 4149 3709 4220">
     <span class='ocr_line' id='line_1_95' title="bbox 2140 4149 3709 4220; baseline 0 -18"><span class='ocrx_word' id='word_1_726' title='bbox 2140 4149 2311 4204; x_wconf 84' lang='lat' dir='ltr'><strong>dilecti</strong></span> <span class='ocrx_word' id='word_1_727' title='bbox 2347 4150 2538 4204; x_wconf 79' lang='lat' dir='ltr'><strong>viscera</strong></span> <span class='ocrx_word' id='word_1_728' title='bbox 2582 4151 2971 4216; x_wconf 63' lang='lat' dir='ltr'><strong>misericordia,</strong></span> <span class='ocrx_word' id='word_1_729' title='bbox 3018 4151 3403 4220; x_wconf 85' lang='lat' dir='ltr'><strong>benignitatem,</strong></span> <span class='ocrx_word' id='word_1_730' title='bbox 3432 4151 3709 4204; x_wconf 34' lang='lat' dir='ltr'><strong>humilitas</strong></span> 
     </span>
    </p>
   </div>
   <div class='ocr_carea' id='block_1_96' title="bbox 2141 4230 3712 4309">
    <p class='ocr_par' dir='ltr' id='par_1_96' title="bbox 2141 4230 3712 4309">
     <span class='ocr_line' id='line_1_96' title="bbox 2141 4230 3712 4309; baseline 0.003 -19"><span class='ocrx_word' id='word_1_731' title='bbox 2141 4247 2259 4300; x_wconf 87' lang='lat' dir='ltr'><strong>tem,</strong></span> <span class='ocrx_word' id='word_1_732' title='bbox 2291 4239 2612 4303; x_wconf 87' lang='lat' dir='ltr'><strong>modestiam,</strong></span> <span class='ocrx_word' id='word_1_733' title='bbox 2645 4238 2967 4307; x_wconf 87' lang='lat' dir='ltr'><strong>patientiam,</strong></span> <span class='ocrx_word' id='word_1_734' title='bbox 3010 4247 3116 4293; x_wconf 86' lang='lat' dir='ltr'><strong>etc.</strong></span> <span class='ocrx_word' id='word_1_735' title='bbox 3149 4237 3372 4309; x_wconf 87' lang='lat' dir='ltr'><strong>(Coloss.</strong></span> <span class='ocrx_word' id='word_1_736' title='bbox 3399 4240 3502 4306; x_wconf 90' lang='grc' dir='ltr'>ιιι).</span> <span class='ocrx_word' id='word_1_737' title='bbox 3538 4230 3604 4292; x_wconf 79' lang='lat' dir='ltr'><strong>Et</strong></span> <span class='ocrx_word' id='word_1_738' title='bbox 3634 4240 3712 4294; x_wconf 80' lang='lat' dir='ltr'><strong>de</strong></span> 
     </span>
    </p>
   </div>
   <div class='ocr_carea' id='block_1_97' title="bbox 2145 4325 3708 4397">
    <p class='ocr_par' dir='ltr' id='par_1_97' title="bbox 2145 4325 3708 4397">
     <span class='ocr_line' id='line_1_97' title="bbox 2145 4325 3708 4397; baseline 0 -17"><span class='ocrx_word' id='word_1_739' title='bbox 2145 4326 2424 4382; x_wconf 86' lang='lat' dir='ltr'><strong>charitatis</strong></span> <span class='ocrx_word' id='word_1_740' title='bbox 2463 4327 2750 4381; x_wconf 89' lang='lat' dir='ltr'><strong>eminentia</strong></span> <span class='ocrx_word' id='word_1_741' title='bbox 2796 4327 2951 4397; x_wconf 89' lang='lat' dir='ltr'><strong>paulo</strong></span> <span class='ocrx_word' id='word_1_742' title='bbox 2999 4335 3121 4396; x_wconf 91' lang='lat' dir='ltr'><strong>post</strong></span> <span class='ocrx_word' id='word_1_743' title='bbox 3156 4325 3430 4395; x_wconf 74' lang='lat' dir='ltr'><strong>subiunxit</strong></span> <span class='ocrx_word' id='word_1_744' title='bbox 3476 4326 3708 4381; x_wconf 77' lang='lat' dir='ltr'><strong>dicens:</strong></span> 
     </span>
    </p>
   </div>
   <div class='ocr_carea' id='block_1_98' title="bbox 2149 4402 3706 4486">
    <p class='ocr_par' dir='ltr' id='par_1_98' title="bbox 2149 4402 3706 4486">
     <span class='ocr_line' id='line_1_98' title="bbox 2149 4402 3706 4486; baseline 0 -16"><span class='ocrx_word' id='word_1_745' title='bbox 2149 4415 2316 4485; x_wconf 79' lang='lat' dir='ltr'><strong>Super</strong></span> <span class='ocrx_word' id='word_1_746' title='bbox 2337 4417 2508 4470; x_wconf 79' lang='lat' dir='ltr'><strong>omnia</strong></span> <span class='ocrx_word' id='word_1_747' title='bbox 2531 4427 2699 4472; x_wconf 85' lang='lat' dir='ltr'><strong>autem</strong></span> <span class='ocrx_word' id='word_1_748' title='bbox 2723 4402 2833 4472; x_wconf 6' lang='lat' dir='ltr'><strong>lucc,</strong></span> <span class='ocrx_word' id='word_1_749' title='bbox 2856 4418 3158 4472; x_wconf 80' lang='lat' dir='ltr'><strong>charitatem</strong></span> <span class='ocrx_word' id='word_1_750' title='bbox 3183 4418 3445 4482; x_wconf 83' lang='lat' dir='ltr'><strong>habentes,</strong></span> <span class='ocrx_word' id='word_1_751' title='bbox 3464 4416 3604 4486; x_wconf 84' lang='lat' dir='ltr'><strong>quod</strong></span> <span class='ocrx_word' id='word_1_752' title='bbox 3627 4426 3706 4475; x_wconf 78' lang='lat' dir='ltr'><strong>est</strong></span> 
     </span>
    </p>
   </div>
   <div class='ocr_carea' id='block_1_99' title="bbox 2148 4507 2776 4576">
    <p class='ocr_par' dir='ltr' id='par_1_99' title="bbox 2148 4507 2776 4576">
     <span class='ocr_line' id='line_1_99' title="bbox 2148 4507 2776 4576; baseline -0.003 -13"><span class='ocrx_word' id='word_1_753' title='bbox 2148 4507 2403 4563; x_wconf 82' lang='lat' dir='ltr'><strong>vinculum</strong></span> <span class='ocrx_word' id='word_1_754' title='bbox 2431 4509 2776 4576; x_wconf 77' lang='lat' dir='ltr'><strong>perfectionis.</strong></span> 
     </span>
    </p>
   </div>
   <div class='ocr_carea' id='block_1_100' title="bbox 2707 4597 3129 4652">
    <p class='ocr_par' dir='ltr' id='par_1_100' title="bbox 2707 4597 3129 4652">
     <span class='ocr_line' id='line_1_100' title="bbox 2707 4597 3129 4652; baseline 0 -2"><span class='ocrx_word' id='word_1_755' title='bbox 2707 4597 2930 4652; x_wconf 78' lang='lat' dir='ltr'><strong>CAPUT</strong></span> <span class='ocrx_word' id='word_1_756' title='bbox 2969 4597 3129 4651; x_wconf 77' lang='lat' dir='ltr'><strong>XXII.</strong></span> 
     </span>
    </p>
   </div>
   <div class='ocr_carea' id='block_1_101' title="bbox 2741 4687 3164 4762">
    <p class='ocr_par' dir='ltr' id='par_1_101' title="bbox 2741 4687 3164 4762">
     <span class='ocr_line' id='line_1_101' title="bbox 2741 4687 3164 4762; baseline 0 -22"><span class='ocrx_word' id='word_1_757' title='bbox 2741 4687 2816 4741; x_wconf 90' lang='lat' dir='ltr'><strong>De</strong></span> <span class='ocrx_word' id='word_1_758' title='bbox 2841 4687 3115 4741; x_wconf 82' lang='lat' dir='ltr'><strong>sandaliis.</strong></span> <span class='ocrx_word' id='word_1_759' title='bbox 3159 4752 3164 4762; x_wconf 33' lang='grc' dir='ltr'>ι</span> 
     </span>
    </p>
   </div>
   <div class='ocr_carea' id='block_1_102' title="bbox 2219 4777 3706 4848">
    <p class='ocr_par' dir='ltr' id='par_1_102' title="bbox 2219 4777 3706 4848">
     <span class='ocr_line' id='line_1_102' title="bbox 2219 4777 3706 4848; baseline 0.001 -17"><span class='ocrx_word' id='word_1_760' title='bbox 2219 4779 2442 4832; x_wconf 87' lang='lat' dir='ltr'><strong>lnduunt</strong></span> <span class='ocrx_word' id='word_1_761' title='bbox 2483 4794 2692 4848; x_wconf 89' lang='lat' dir='ltr'><strong>quoque</strong></span> <span class='ocrx_word' id='word_1_762' title='bbox 2736 4779 3042 4832; x_wconf 87' lang='lat' dir='ltr'><strong>sacerdotes</strong></span> <span class='ocrx_word' id='word_1_763' title='bbox 3088 4779 3250 4847; x_wconf 89' lang='lat' dir='ltr'><strong>pedes</strong></span> <span class='ocrx_word' id='word_1_764' title='bbox 3295 4777 3551 4832; x_wconf 89' lang='lat' dir='ltr'><strong>sandaliis</strong></span> <span class='ocrx_word' id='word_1_765' title='bbox 3589 4779 3706 4833; x_wconf 78' lang='lat' dir='ltr'><strong>sive</strong></span> 
     </span>
    </p>
   </div>
   <div class='ocr_carea' id='block_1_103' title="bbox 2141 4866 3706 4942">
    <p class='ocr_par' dir='ltr' id='par_1_103' title="bbox 2141 4866 3706 4942">
     <span class='ocr_line' id='line_1_103' title="bbox 2141 4866 3706 4942; baseline -0.001 -21"><span class='ocrx_word' id='word_1_766' title='bbox 2141 4867 2316 4929; x_wconf 83' lang='lat' dir='ltr'><strong>soleis,</strong></span> <span class='ocrx_word' id='word_1_767' title='bbox 2359 4867 2496 4936; x_wconf 88' lang='lat' dir='ltr'><strong>quod</strong></span> <span class='ocrx_word' id='word_1_768' title='bbox 2524 4881 2690 4936; x_wconf 86' lang='lat' dir='ltr'><strong>genus</strong></span> <span class='ocrx_word' id='word_1_769' title='bbox 2728 4866 3070 4942; x_wconf 81' lang='lat' dir='ltr'><strong>calceamenti</strong></span> <span class='ocrx_word' id='word_1_770' title='bbox 3114 4867 3420 4936; x_wconf 86' lang='lat' dir='ltr'><strong>evangelica</strong></span> <span class='ocrx_word' id='word_1_771' title='bbox 3466 4867 3706 4920; x_wconf 67' lang='lat' dir='ltr'><strong>auctori~</strong></span> 
     </span>
    </p>
   </div>
   <div class='ocr_carea' id='block_1_104' title="bbox 2143 4944 3700 5026">
    <p class='ocr_par' dir='ltr' id='par_1_104' title="bbox 2143 4944 3700 5026">
     <span class='ocr_line' id='line_1_104' title="bbox 2143 4944 3700 5026; baseline -0.001 -13"><span class='ocrx_word' id='word_1_772' title='bbox 2143 4968 2248 5013; x_wconf 87' lang='lat' dir='ltr'><strong>tate</strong></span> <span class='ocrx_word' id='word_1_773' title='bbox 2286 4959 2364 5014; x_wconf 90' lang='lat' dir='ltr'><strong>eis</strong></span> <span class='ocrx_word' id='word_1_774' title='bbox 2394 4968 2474 5013; x_wconf 92' lang='lat' dir='ltr'><strong>est</strong></span> <span class='ocrx_word' id='word_1_775' title='bbox 2508 4944 2841 5022; x_wconf 82' lang='lat' dir='ltr'><strong>concessum,</strong></span> <span class='ocrx_word' id='word_1_776' title='bbox 2883 4967 2943 5010; x_wconf 92' lang='lat' dir='ltr'><strong>ut</strong></span> <span class='ocrx_word' id='word_1_777' title='bbox 2971 4957 3132 5011; x_wconf 78' lang='lat' dir='ltr'><strong>Marci</strong></span> <span class='ocrx_word' id='word_1_778' title='bbox 3160 4956 3494 5026; x_wconf 83' lang='lat' dir='ltr'><strong>evangelium</strong></span> <span class='ocrx_word' id='word_1_779' title='bbox 3529 4965 3700 5012; x_wconf 79' lang='lat' dir='ltr'><strong>testa-</strong></span> 
     </span>
    </p>
   </div>
   <div class='ocr_carea' id='block_1_105' title="bbox 2141 5046 3702 5120">
    <p class='ocr_par' dir='ltr' id='par_1_105' title="bbox 2141 5046 3702 5120">
     <span class='ocr_line' id='line_1_105' title="bbox 2141 5046 3702 5120; baseline -0.004 -16"><span class='ocrx_word' id='word_1_780' title='bbox 2141 5059 2226 5104; x_wconf 89' lang='lat' dir='ltr'><strong>tur</strong></span> <span class='ocrx_word' id='word_1_781' title='bbox 2254 5049 2442 5120; x_wconf 76' lang='lat' dir='ltr'><strong>(Marc.</strong></span> <span class='ocrx_word' id='word_1_782' title='bbox 2480 5048 2612 5119; x_wconf 73' lang='lat' dir='ltr'><strong>xw),</strong></span> <span class='ocrx_word' id='word_1_783' title='bbox 2650 5049 2774 5116; x_wconf 89' lang='lat' dir='ltr'><strong>quia</strong></span> <span class='ocrx_word' id='word_1_784' title='bbox 2816 5049 2918 5101; x_wconf 86' lang='lat' dir='ltr'><strong>hoc</strong></span> <span class='ocrx_word' id='word_1_785' title='bbox 2955 5047 3372 5100; x_wconf 86' lang='lat' dir='ltr'><strong>calceamentum</strong></span> <span class='ocrx_word' id='word_1_786' title='bbox 3416 5046 3702 5114; x_wconf 83' lang='lat' dir='ltr'><strong>mysticam</strong></span> 
     </span>
    </p>
   </div>
   <div class='ocr_carea' id='block_1_106' title="bbox 2137 5134 3702 5207">
    <p class='ocr_par' dir='ltr' id='par_1_106' title="bbox 2137 5134 3702 5207">
     <span class='ocr_line' id='line_1_106' title="bbox 2137 5134 3702 5207; baseline -0.003 -14"><span class='ocrx_word' id='word_1_787' title='bbox 2137 5138 2570 5207; x_wconf 88' lang='lat' dir='ltr'><strong>signiﬁcationem</strong></span> <span class='ocrx_word' id='word_1_788' title='bbox 2605 5138 2782 5203; x_wconf 84' lang='lat' dir='ltr'><strong>habet,</strong></span> <span class='ocrx_word' id='word_1_789' title='bbox 2809 5144 2867 5190; x_wconf 91' lang='lat' dir='ltr'><strong>ut</strong></span> <span class='ocrx_word' id='word_1_790' title='bbox 2896 5151 2990 5205; x_wconf 89' lang='lat' dir='ltr'><strong>pes</strong></span> <span class='ocrx_word' id='word_1_791' title='bbox 3015 5149 3186 5206; x_wconf 88' lang='lat' dir='ltr'><strong>neque</strong></span> <span class='ocrx_word' id='word_1_792' title='bbox 3215 5141 3386 5188; x_wconf 91' lang='lat' dir='ltr'><strong>tectus</strong></span> <span class='ocrx_word' id='word_1_793' title='bbox 3405 5134 3498 5198; x_wconf 90' lang='lat' dir='ltr'><strong>sit,</strong></span> <span class='ocrx_word' id='word_1_794' title='bbox 3526 5149 3702 5203; x_wconf 81' lang='lat' dir='ltr'><strong>neque</strong></span> 
     </span>
    </p>
   </div>
   <div class='ocr_carea' id='block_1_107' title="bbox 2139 5222 3700 5292">
    <p class='ocr_par' dir='ltr' id='par_1_107' title="bbox 2139 5222 3700 5292">
     <span class='ocr_line' id='line_1_107' title="bbox 2139 5222 3700 5292; baseline -0.004 -12"><span class='ocrx_word' id='word_1_795' title='bbox 2139 5227 2308 5281; x_wconf 89' lang='lat' dir='ltr'><strong>nudus</strong></span> <span class='ocrx_word' id='word_1_796' title='bbox 2338 5228 2402 5282; x_wconf 88' lang='lat' dir='ltr'><strong>ad</strong></span> <span class='ocrx_word' id='word_1_797' title='bbox 2441 5236 2657 5290; x_wconf 87' lang='lat' dir='ltr'><strong>terram,</strong></span> <span class='ocrx_word' id='word_1_798' title='bbox 2702 5227 2753 5280; x_wconf 89' lang='lat' dir='ltr'><strong>id</strong></span> <span class='ocrx_word' id='word_1_799' title='bbox 2794 5234 2876 5279; x_wconf 91' lang='lat' dir='ltr'><strong>est</strong></span> <span class='ocrx_word' id='word_1_800' title='bbox 2903 5233 2962 5287; x_wconf 88' lang='lat' dir='ltr'><strong>ut</strong></span> <span class='ocrx_word' id='word_1_801' title='bbox 2993 5239 3091 5278; x_wconf 91' lang='lat' dir='ltr'><strong>nec</strong></span> <span class='ocrx_word' id='word_1_802' title='bbox 3133 5222 3427 5280; x_wconf 85' lang='lat' dir='ltr'><strong>occultetur</strong></span> <span class='ocrx_word' id='word_1_803' title='bbox 3463 5237 3700 5292; x_wconf 86' lang='lat' dir='ltr'><strong>evange-</strong></span> 
     </span>
    </p>
   </div>
   <div class='ocr_carea' id='block_1_108' title="bbox 2139 5313 3702 5381">
    <p class='ocr_par' dir='ltr' id='par_1_108' title="bbox 2139 5313 3702 5381">
     <span class='ocr_line' id='line_1_108' title="bbox 2139 5313 3702 5381; baseline -0.004 -12"><span class='ocrx_word' id='word_1_804' title='bbox 2139 5317 2298 5381; x_wconf 90' lang='lat' dir='ltr'><strong>lium,</strong></span> <span class='ocrx_word' id='word_1_805' title='bbox 2348 5333 2444 5372; x_wconf 89' lang='lat' dir='ltr'><strong>nec</strong></span> <span class='ocrx_word' id='word_1_806' title='bbox 2473 5317 2700 5372; x_wconf 85' lang='lat' dir='ltr'><strong>terrenis</strong></span> <span class='ocrx_word' id='word_1_807' title='bbox 2735 5316 3029 5371; x_wconf 86' lang='lat' dir='ltr'><strong>commodis</strong></span> <span class='ocrx_word' id='word_1_808' title='bbox 3072 5315 3347 5370; x_wconf 87' lang='lat' dir='ltr'><strong>innitatur.</strong></span> <span class='ocrx_word' id='word_1_809' title='bbox 3392 5313 3529 5366; x_wconf 85' lang='lat' dir='ltr'><strong>Nam</strong></span> <span class='ocrx_word' id='word_1_810' title='bbox 3563 5314 3702 5365; x_wconf 67' lang='lat' dir='ltr'><strong>scri~</strong></span> 
     </span>
    </p>
   </div>
   <div class='ocr_carea' id='block_1_109' title="bbox 2140 5404 3704 5479">
    <p class='ocr_par' dir='ltr' id='par_1_109' title="bbox 2140 5404 3704 5479">
     <span class='ocr_line' id='line_1_109' title="bbox 2140 5404 3704 5479; baseline -0.006 -21"><span class='ocrx_word' id='word_1_811' title='bbox 2140 5415 2284 5475; x_wconf 89' lang='lat' dir='ltr'><strong>ptum</strong></span> <span class='ocrx_word' id='word_1_812' title='bbox 2317 5415 2399 5461; x_wconf 86' lang='lat' dir='ltr'><strong>est</strong></span> <span class='ocrx_word' id='word_1_813' title='bbox 2425 5407 2474 5459; x_wconf 90' lang='lat' dir='ltr'><strong>in</strong></span> <span class='ocrx_word' id='word_1_814' title='bbox 2507 5406 2795 5475; x_wconf 85' lang='lat' dir='ltr'><strong>Apostolo:</strong></span> <span class='ocrx_word' id='word_1_815' title='bbox 2833 5405 2898 5458; x_wconf 87' lang='lat' dir='ltr'><strong>Et</strong></span> <span class='ocrx_word' id='word_1_816' title='bbox 2923 5404 3136 5458; x_wconf 84' lang='lat' dir='ltr'><strong>calceatt&#39;</strong></span> <span class='ocrx_word' id='word_1_817' title='bbox 3161 5404 3313 5479; x_wconf 85' lang='lat' dir='ltr'><strong>pedes</strong></span> <span class='ocrx_word' id='word_1_818' title='bbox 3350 5404 3403 5456; x_wconf 84' lang='lat' dir='ltr'><strong>in</strong></span> <span class='ocrx_word' id='word_1_819' title='bbox 3432 5417 3704 5470; x_wconf 66' lang='grc' dir='ltr'><strong>ρτωρατας</strong></span> 
     </span>
    </p>
   </div>
   <div class='ocr_carea' id='block_1_110' title="bbox 2141 5490 3704 5567">
    <p class='ocr_par' dir='ltr' id='par_1_110' title="bbox 2141 5490 3704 5567">
     <span class='ocr_line' id='line_1_110' title="bbox 2141 5490 3704 5567; baseline -0.006 -18"><span class='ocrx_word' id='word_1_820' title='bbox 2141 5499 2278 5550; x_wconf 86' lang='lat' dir='ltr'><strong>tione</strong></span> <span class='ocrx_word' id='word_1_821' title='bbox 2311 5497 2571 5566; x_wconf 76' lang='lat' dir='ltr'><strong>Evangelii</strong></span> <span class='ocrx_word' id='word_1_822' title='bbox 2601 5499 2740 5567; x_wconf 87' lang='lat' dir='ltr'><strong>pacis</strong></span> <span class='ocrx_word' id='word_1_823' title='bbox 2776 5496 2985 5566; x_wconf 85' lang='lat' dir='ltr'><strong>(Ephcs.</strong></span> <span class='ocrx_word' id='word_1_824' title='bbox 3011 5495 3106 5565; x_wconf 77' lang='grc' dir='ltr'><strong>γι).</strong></span> <span class='ocrx_word' id='word_1_825' title='bbox 3138 5495 3286 5550; x_wconf 88' lang='lat' dir='ltr'><strong>Sicut</strong></span> <span class='ocrx_word' id='word_1_826' title='bbox 3323 5494 3462 5546; x_wconf 89' lang='lat' dir='ltr'><strong>cnim</strong></span> <span class='ocrx_word' id='word_1_827' title='bbox 3500 5490 3704 5544; x_wconf 85' lang='lat' dir='ltr'><strong>sanda.</strong></span> 
     </span>
    </p>
   </div>
   <div class='ocr_carea' id='block_1_111' title="bbox 2143 5579 3708 5656">
    <p class='ocr_par' dir='ltr' id='par_1_111' title="bbox 2143 5579 3708 5656">
     <span class='ocr_line' id='line_1_111' title="bbox 2143 5579 3708 5656; baseline -0.001 -18"><span class='ocrx_word' id='word_1_828' title='bbox 2143 5586 2210 5640; x_wconf 85' lang='lat' dir='ltr'><strong>lia</strong></span> <span class='ocrx_word' id='word_1_829' title='bbox 2253 5596 2454 5654; x_wconf 66' lang='lat' dir='ltr'><strong>partem</strong></span> <span class='ocrx_word' id='word_1_830' title='bbox 2492 5588 2637 5655; x_wconf 75' lang='lat' dir='ltr'><strong>pedis</strong></span> <span class='ocrx_word' id='word_1_831' title='bbox 2687 5595 2888 5656; x_wconf 78' lang='lat' dir='ltr'><strong>tegunt,</strong></span> <span class='ocrx_word' id='word_1_832' title='bbox 2939 5594 3142 5655; x_wconf 78' lang='lat' dir='ltr'><strong>partem</strong></span> <span class='ocrx_word' id='word_1_833' title='bbox 3197 5585 3490 5649; x_wconf 79' lang='lat' dir='ltr'><strong>inopertam</strong></span> <span class='ocrx_word' id='word_1_834' title='bbox 3539 5579 3708 5636; x_wconf 81' lang='lat' dir='ltr'><strong>reiic-</strong></span> 
     </span>
    </p>
   </div>
  </div>
