3958 6324
236 301 342 359 309

1022 294 1111 350 DE
1146 292 1586 350 CLEBICORUM
1628 290 2132 358 INSTITUTIONE,
2175 291 2330 349 ΕΤΕΙ.
2365 321 2434 335 —-
2470 294 2598 350 LIB.
2635 297 2676 352 I.

3381 315 3484 368 510

236 417 429 482 quum,
462 408 538 464 ita
563 413 618 463 et
653 404 925 477 Evangelii
963 403 1212 460 doctores
1239 403 1434 475 partim
1465 401 1808 473 Evangelium
1839 402 1888 460 Α
1914 401 2038 470 quia
2063 402 2255 471 spiritu
2280 404 2467 474 gratia.
2492 405 2566 460 ibi
2597 406 2648 460 in
2680 405 2874 463 melius
2899 409 3222 480 immutatur,
3247 428 3300 473 et
3326 422 3482 491 longe

234 502 468 572 operire,
498 498 805 570 partimque
847 495 1060 565 aperire
1101 495 1316 559 debent,
1347 492 1420 547 ita
1467 491 1716 546 videlicet
1751 499 1805 544 ut

235 594 410 649 ﬁdelis
435 601 490 647 et
519 593 739 645 devotus
781 587 1135 644 sufﬁcientem
1161 585 1359 642 habeat
1401 583 1721 648 doctrinam,
1754 590 1810 636 et

236 682 466 737 inﬁdelis
491 689 548 736 et
594 685 927 748 contemptor
967 693 1069 731 non
1115 674 1354 730 inveniat
1395 670 1807 742 blasphemandi

161 778 165 782 ’
235 773 540 828 materiam.
573 770 836 825 Admonet
887 769 1050 824 etiam
1100 776 1154 822 et
1204 779 1304 820 nos
1355 764 1458 820 hoc
1491 779 1660 834 genus
1698 761 1808 818 cal-

235 863 500 921 ceamenti
549 871 608 917 ut
643 864 795 917 carni
831 869 1029 916 nostrae
1077 867 1133 913 et
1167 855 1380 927 corpori
1424 854 1479 910 in
1512 854 1805 910 necessita—

240 955 383 1010 tibus
434 953 794 1018 consulamus,
837 966 945 1006 non
989 951 1043 1005 in
1091 947 1329 1027 libidinis
1394 945 1667 1002 lasciviam
1710 946 1807 1000 de-

236 1043 483 1109 ﬂuamus,
525 1043 593 1097 de
638 1041 833 1112 quibus
877 1041 1061 1110 utique
1105 1053 1202 1092 nos
1230 1036 1406 1093 divina
1435 1035 1523 1089 lex
1566 1035 1803 1090 instruit.

234 1133 506 1207 Scriptum
545 1143 628 1190 est
652 1135 793 1190 enim
832 1153 846 1187 ε
879 1131 1098 1187 Carnem
1130 1140 1363 1184 tuam-ne
1389 1127 1709 1198 despexeris.
1737 1127 1804 1182 Et

235 1224 410 1279 item:
453 1221 641 1278 Carnis
682 1238 862 1277 curam
906 1236 967 1273 ne
1016 1218 1239 1287 feceritis
1281 1216 1339 1272 in
1378 1215 1803 1287 concupiscentiis

236 1314 370 1385 (Isa.
396 1312 568 1384 LVIII).

794 1398 1018 1456 CAPUT
1057 1390 1243 1453 XXIII.

885 1488 962 1542 De
994 1487 1171 1542 pallio.

885 1505 962 1543 ue
1029 1505 1171 1542 auro.
1505 1522 1508 1523 ν

303 1578 478 1650 Super
509 1580 640 1636 haec
687 1587 866 1635 autem
911 1505 1093 1633 omliiia
1143 1589 1354 1632 summo
1394 1574 1634 1645 pontiﬁci
1685 1574 1798 1646 (qui

231 1669 666 1740 archiepisc0pus
708 1666 947 1739 vocatur)
991 1673 1206 1737 propter
1247 1664 1594 1734 apostolicam
1624 1665 1796 1717 vicem

1888 492 2055 547 “aliud
2082 506 2242 562 quam
2267 503 2384 550 erat
2405 495 2657 551 efﬁcitur.
2688 498 2926 554 Primum
2952 501 3192 560 homines
3217 507 3342 564 fmdi
3371 527 3480 565 era-

1910 598 2031 639 mus
2057 582 2399 641 deformitate
2441 595 2804 656 peccatorum,
2834 590 2886 644 in
2917 591 3029 662 ipsa
3063 595 3318 652 tinctione
3364 603 3478 668 pul-

1909 673 2025 728 chri
2055 672 2391 735 dealbatione
2418 678 2675 740 virtutum
2702 678 2995 745 efﬁcimur.
3016 681 3165 737 Unde
3189 693 3242 737 et
3271 686 3323 739 in
3350 687 3483 741 Can-

1909 763 2032 819 ticis
2060 764 2318 820 scribitur
2344 767 2678 822 canticorum
2705 786 2717 821 :
2755 767 2886 833 Quae
2917 777 2991 823 est
3023 771 3121 825 ista
3148 789 3263 842 qua:
3307 791 3484 828 ascen—

1907 855 1988 912 dit
2011 856 2164 926 quasi
2187 855 2473 913 destituta?
2499 859 2663 928 Gn'jus
2704 863 3017 932 mysterium
3047 879 3150 918 non
3181 866 3338 921 aliter
3380 869 3480 922 nisi

1906 947 2008 1004 sub
2051 947 2334 1003 Trinitatis
2376 949 2767 1024 designatione,
2809 952 2862 1006 id
2891 963 3005 1019 est,
3050 954 3228 1008 Patris
3272 965 3326 1010 ct
3361 955 3480 1009 Filii

1905 1047 1960 1094 et
1985 1038 2218 1111 Spiritus
2247 1041 2421 1096 sancti
2465 1042 2770 1112 cognitione
2794 1043 3112 1113 completur,
3142 1045 3350 1100 dicente
3383 1047 3481 1101 Do-

1905 1130 2054 1186 mino
2099 1131 2167 1187 ad
2195 1131 2480 1200 Apostoios
2505 1150 2518 1188 :
2543 1132 2648 1198 Ite,
2674 1133 2850 1188 docete
2878 1152 3050 1190 omnes
3088 1145 3280 1205 gentes,
3322 1137 3481 1206 bapti-

1905 1227 2082 1274 zantes
2105 1236 2192 1275 eos
2217 1219 2271 1274 in
2299 1221 2505 1276 nomine
2535 1219 2715 1277 Patris
2741 1233 2788 1278 et
2820 1222 2952 1277 Filii
2982 1234 3029 1278 et
3058 1224 3287 1293 Spiritus
3315 1215 3482 1279 sancti

1905 1310 2097 1383 (Marc.
2121 1312 2265 1384 ult).
2295 1311 2447 1368 Sicut
2472 1315 2616 1368 enim
2637 1315 2708 1368 .‘in
2737 1315 2910 1369 tribus
2934 1314 3162 1369 testibus
3191 1323 3298 1369 stat
3325 1331 3481 1370 omne

1903 1400 2148 1466 verbum,
2178 1402 2249 1456 ita
2289 1411 2692 1457 sacramentum
2735 1403 3018 1458 conﬁrmat
3065 1405 3329 1460 ternarius
3380 1421 3474 1458 nu-

1903 1506 2082 1548 merus
2112 1494 2388 1548 nominum
2421 1494 2747 1549 divinorum.
2779 1494 2929 1561 Quod
2956 1503 3136 1549 autem
3163 1511 3260 1565 per
3285 1510 3477 1565 aquam

1901 1585 2226 1655 baptismum
2268 1588 2452 1652 datur,
2482 1587 2598 1641 haec
2639 1586 2778 1641 ratio
2816 1595 2899 1640 est
2935 1587 3144 1641 :voluit
3187 1587 3328 1641 enim
3371 1585 3478 1640 Do—

1903 1675 2081 1729 minus
2119 1685 2299 1731 ut‘res
2347 1676 2436 1730 illa
2478 1676 2760 1730 invisibilis
2799 1691 2897 1745 per
2934 1678 3358 1746 congruentiam;
3388 1677 3479 1731 sed

231 1760 378 1831 pallii
404 1759 578 1814 honor
599 1759 924 1822 decernitur,
949 1755 1090 1825 quod
1112 1768 1280 1825 genus
1305 1753 1599 1808 indumenti
1625 1753 1797 1806 crucis

1905 1765 2144 1839 profecto
2181 1765 2622 1822 incontrectabile
2665 1774 2721 1821 et
2769 1743 3478 1836 invisibile-impenderetur

231 1847 559 1919 signaculum
590 1860 858 1916 purpureo
906 1844 1086 1900 colore
1130 1843 1404 1913 exprimit,
1442 1845 1511 1896 'ut
1555 1842 1671 1912 ipso
1719 1843 1802 1896 in-

231 1940 391 1994 dutus
435 1939 684 2011 pontifex,
717 1946 951 2011 a‘tcr‘go-
977 1944 1032 1992 et
1063 1943 1278 2006 pectore
1326 1949 1542 1990 crucem
1585 1933 1799 2004 habent,

230 2043 436 2098 suaque
470 2037 647 2084 mente
673 2028 760 2097 pie
787 2034 842 2082 et
867 2027 1021 2094 digne
1055 2028 1120 2081 de
1154 2025 1403 2094 passione
1430 2023 1802 2093 Redemptoris

227 2118 456 2189 cogitet,
501 2133 567 2173 ac
608 2117 801 2188 populo
847 2131 947 2186 pro
984 2130 1090 2186 quo
1134 2115 1418 2169 Dominum
1460 2114 1800 2182 deprecatur,

227 2208 613 2278 redemptionis
643 2223 754 2262 suae
778 2205 1125 2278 signaculum
1154 2204 1503 2260 demonstret.
1532 2202 1804 2258 Condecet

228 2312 443 2372 quoque
471 2300 609 2354 bene
627 2307 689 2353 ut
719 2297 834 2367 ipsa
860 2293 1154 2369 apostolica
1183 2293 1415 2364 dignitas
1443 2291 1800 2362 apostolicum

226 2393 406 2447 virum
425 2388 623 2455 faciat,
655 2396 716 2442 ut
758 2387 914 2458 plena
948 2383 1254 2449 devotione,
1285 2392 1416 2439 sano
1451 2393 1722 2447 sermone,
1748 2387 1804 2436 et

225 2483 389 2551 digna
433 2481 744 2552 Operatione
773 2478 942 2549 possit
980 2477 1159 2533 dicere
1187 2490 1309 2530 cum
1343 2474 1636 2544 Apostolo:
1670 2473 1802 2528 Mihi

225 2583 402 2629 autem
431 2573 563 2627 absit
597 2571 813 2643 gloriari
851 2569 950 2626 nisi
984 2570 1040 2624 in
1066 2578 1216 2624 cruce
1239 2565 1454 2621 Domini
1481 2566 1647 2620 nostri
1673 2564 1801 2620 Iesu

224 2663 447 2729 Christi,
464 2677 574 2733 ’ρετ
606 2671 757 2733 quem
785 2659 914 2714 mihi
937 2646 1161 2712 mundus
1188 2656 1468 2725 cruciﬁxus
1497 2663 1596 2721 est,
1630 2663 1679 2708 et
1707 2668 1802 2724 ego

185 2778 188 2781 λ
224 2756 422 2811 mundo
461 2753 606 2824 (Gal.
629 2751 728 2825 In).
761 2751 887 2807 iizec
911 2763 1136 2822 quaeque
1162 2748 1229 2804 de
1253 2745 1438 2804 habitu
1478 2743 1800 2802 sacerdotali

225 2847 292 2902 ad
320 2853 537 2899 sensum
565 2841 856 2898 secundum
885 2839 1156 2896 modulum
1185 2835 1442 2908 ingenioii
1481 2835 1652 2892 nostri
1680 2834 1803 2890 bre-

224 2936 368 2992 viter
395 2936 649 3002 diximus,
677 2948 782 2989 non
812 2933 1225 3005 prmjudicantes
1253 2931 1339 2986 his
1372 2929 1465 3000 qui
1501 2942 1802 3000 coagmen-

226 3024 336 3078 tius
359 3033 414 3078 et
439 3023 650 3093 dignius
684 3023 749 3078 de
773 3020 971 3077 eadem
989 3034 1049 3075 re
1082 3019 1288 3092 possint
1312 3017 1569 3085 scribere,
1598 3023 1657 3080 et
1686 3015 1799 3087 ple-

226 3112 354 3168 nius
381 3112 679 3181 disputare.

795 3198 1021 3257 CAPUT
1058 3199 1246 3255 XXIV.

642 3293 716 3348 De
748 3286 1088 3347 sacrantentis
1126 3288 1395 3346 Ecclesiae.

1902 1854 2250 1921 elementum,
2279 1872 2440 1927 super
2469 1856 2612 1925 quod
2639 1856 2800 1910 etiam
2833 1856 2884 1909 in
2915 1856 3179 1927 principio
3205 1855 3478 1910 ferebatur

1903 1943 2136 2017 Spiritus
2181 1954 2417 2001 sanctus.
2462 1945 2596 1998 Nam
2651 1945 2790 2000 sicut
2839 1944 3014 1999 oleum
3065 1943 3296 1999 naturali
3340 1959 3475 2013 pon-

1901 2033 2032 2090 dere
2063 2033 2397 2104 superfertur
2418 2034 2561 2089 omni
2588 2034 2815 2102 liquore,
2854 2034 2924 2087 ita
2963 2033 3014 2087 in
3047 2033 3310 2103 principio
3339 2033 3481 2088 fere—

1886 2122 2060 2191 batur
2082 2121 2314 2194 Spiritus
2337 2131 2557 2179 sanctus
2585 2123 2759 2192 aquis.
2806 2121 2958 2177 Sicut
2983 2137 3121 2190 aqua
3161 2133 3352 2193 purgat
3377 2139 3474 2177 ex-

1901 2213 2070 2269 terius
2103 2229 2319 2284 corpus,
2360 2213 2434 2268 ita
2464 2214 2692 2268 latenter
2730 2211 2847 2281 ejus
2894 2213 3152 2283 mysterio
3179 2227 3274 2283 per
3311 2212 3478 2283 Spiri-

1902 2311 2016 2358 tum
2059 2311 2302 2359 sanctum
2346 2299 2663 2372 puriﬁcatur
2702 2311 2758 2357 et
2787 2303 3017 2369 animus,
3055 2302 3208 2372 cujus
3234 2304 3474 2360 sanctiﬁ-

1870 2456 1873 2460 ,
1900 2393 2062 2476 εθῑίοκ
2083 2395 2160 2449 ita
2187 2400 2290 2450 est.
2328 2394 2581 2449 Invocato
2610 2395 2752 2449 enim
2784 2393 2893 2448 Deo
2922 2394 3198 2465 descendit
3241 2393 3474 2463 Spiritus

1902 2493 2134 2542 sanctus.
2161 2483 2230 2540 de
2255 2485 2431 2551 cells,
2462 2492 2517 2540 et
2545 2484 2825 2557 medicatis
2850 2483 3024 2553 aquis,
3054 2484 3350 2538 sanctificat
3374 2498 3468 2539 eas

1859 2595 1865 2600 ·
1901 2573 1974 2630 de
1995 2564 2308 2643 Semetipso,
2333 2580 2389 2628 et
2412 2572 2682 2642 accipiunt
2708 2572 2813 2625 vim
2842 2571 3205 2641 purgationis,
3223 2581 3285 2625 ut
3309 2572 3364 2624 in
3397 2571 3475 2626 eis

1899 2678 2031 2720 caro
2067 2670 2124 2718 et
2163 2663 2340 2742 anima
2367 2662 2576 2719 delictis
2620 2661 2897 2732 inquinata
2926 2664 3233 2717 mandetur.
3263 2663 3476 2718 Utrum-

1898 2769 2007 2825 que
2052 2754 2196 2810 enim
2229 2754 2551 2824 baptizando
2590 2767 2811 2808 necesse
2847 2759 2931 2807 est
2977 2751 3251 2816 adhiberi,
3287 2755 3343 2806 et
3381 2752 3476 2806 ba-

1899 2840 2082 2910 ptismi
2106 2832 2421 2908 lavacrum,
2457 2849 2513 2896 et
2541 2839 2774 2910 Spiritus
2811 2841 2986 2897 sancti
3030 2841 3297 2911 purgatio,
3351 2840 3475 2909 quia

1899 2930 1976 2986 ait
2004 2930 2293 2987 Salvator:
2324 2931 2444 2986 Nisi
2470 2932 2586 3003 quis
2615 2941 2825 2985 renatus
2853 2930 3100 3011 fuerit_ex
3125 2948 3260 3001 aqua
3285 2940 3330 2984 et
3361 2929 3478 3000 Spi-

1906 3018 2016 3094 ritu,
2055 3027 2257 3084 sancto,
2303 3034 2406 3072 non
2441 3026 2606 3088 potest
2640 3019 2853 3071 introire
2884 3019 2936 3070 in
2968 3034 3181 3087 regnum
3221 3017 3340 3070 Dei.
3368 3017 3494 3077 Sed,

1903 3093 2030 3163 ante
2074 3106 2435 3177 baptismum,
2484 3106 2853 3162 catechiaandi
2901 3107 3058 3162 debet
3103 3106 3156 3161 in
3207 3107 3474 3162 hominem

1898 3196 2187 3268 pervenire
2229 3195 2489 3261 ofﬁcium,
2533 3204 2593 3250 ut
2623 3194 2746 3250 ﬁdei
2780 3196 3012 3264 primum
3063 3197 3474 3251 catechumenus

1899 3284 2540 3356 accipiatrudimentum.
2586 3284 2720 3339 Nam
2753 3285 2807 3339 in
2855 3286 3140 3357 Evangelio
3177 3287 3468 3341 secundum

302 3384 383 3439 De
410 3385 763 3439 sacramentis
785 3390 964 3438 autem
989 3397 1109 3452 quae
1133 3381 1187 3436 in
1223 3381 1462 3437 Ecclesia
1490 3381 1625 3438 ﬁunt
1647 3395 1804 3450 opor-
1899 3375 2206 3432 Matthazum
2247 3377 2444 3448 legitur
2481 3376 2624 3445 quod
2654 3384 2776 3445 post
2806 3377 3252 3431 resurrectionem
3285 3377 3467 3430 Domi-

228 3481 308 3528 tet
335 3481 394 3528 ut
421 3488 665 3554 sequens
677 3485 858 3528 sermo
883 3477 1146 3542 exponat,
1165 3477 1329 3540 atque
1355 3469 1595 3525 declaret
1638 3470 1801 3524 ritum

226 3563 640 3618 sacerdotalem.
689 3562 827 3617 Sunt
852 3569 1034 3616 autem
1075 3569 1433 3627 sacramenta,
1475 3559 1801 3630 baptismum

221 3657 281 3706 et
303 3651 563 3718 chrisma,
589 3661 781 3720 corpus
808 3658 864 3704 et
885 3649 1121 3721 sanguis,
1147 3663 1266 3719 qua:
1287 3645 1358 3712 ob
1382 3648 1434 3702 id
1462 3656 1800 3703 sacramenta

221 3740 504 3806 dicuntur,
550 3742 674 3810 quia
719 3741 822 3795 sub
862 3746 1168 3811 tegumenta
1214 3738 1572 3808 corporalium
1616 3753 1799 3792 rerum

219 3828 398 3881 virtus
419 3827 598 3881 divina
625 3829 886 3884 secretius
909 3828 1136 3883 salutem
1159 3829 1467 3883 earumdem
1497 3842 1799 3882 sacramen-

223 3922 407 3968 torum
434 3926 703 3988 operatur,
725 3915 868 3969 unde
890 3922 944 3970 et
974 3932 1006 3971 a
1033 3915 1256 3976 secretis
1282 3917 1570 3971 virtutibus
1595 3916 1680 3971 vel
1715 3932 1799 3971 sa-

218 4001 350 4066 cris,
375 4009 712 4056 sacramenta
731 4002 1007 4058 dicuntur.
1034 4002 1164 4070 Quae
1184 4003 1304 4057 ideo
1331 4000 1602 4060 fructuosa
1631 4019 1796 4073 penes

218 4088 526 4147 Ecclesiam
555 4089 709 4156 ﬁunt,
731 4091 857 4161 quia
879 4086 1094 4148 sanctus
1118 4092 1172 4147 in
1198 4102 1260 4146 ea
1288 4104 1509 4147 manens
1538 4091 1792 4161 Spiritus,

218 4181 474 4262 uiridem
504 4181 960 4237 sacramentOrum
989 4182 1214 4238 latenter
1237 4179 1490 4253 operatur
1521 4184 1788 4240 eﬂ'ectum;

219 4267 379 4323 Unde
425 4283 521 4324 seu
547 4284 644 4338 per
666 4270 837 4325 bones
878 4285 975 4326 seu
997 4280 1095 4342 per
1135 4270 1304 4326 malos
1343 4270 1620 4336 ministros
1651 4271 1791 4326 intra

217 4357 522 4416 Ecclesiam
568 4358 660 4413 Dei
702 4359 1116 4428 dispensentur,
1141 4372 1242 4414 nec
1283 4359 1543 4415 benorum
1583 4359 1810 4420 meritis.

1896 3479 2001 3520 nus
2023 3465 2279 3536 apostolis
2304 3464 2622 3536 praeceperit
2646 3471 2706 3518 ut
2734 3464 2787 3518 in
2817 3465 3035 3518 nomine
3062 3464 3238 3520 Patris
3267 3474 3318 3520 et
3347 3466 3468 3520 Filii

1898 3563 1954 3611 et
1995 3555 2226 3627 Spiritus
2270 3556 2442 3611 sancti
2489 3556 2775 3621 docerent,
2809 3563 2864 3609 et
2904 3555 3240 3624 baptizarent
3283 3571 3470 3612 omnes

1897 3653 2083 3716 gentes
2110 3642 2322 3716 (Matth.
2353 3643 2499 3715 ait),
2538 3643 2591 3699 id
2617 3650 2720 3712 est,
2749 3645 2900 3713 prius
2925 3660 3022 3714 per
3051 3644 3208 3702 [idem
3235 3645 3330 3700 Dei
3365 3646 3492 3710 illis,

1898 3732 2255 3800 insinuarent,
2281 3741 2337 3788 et
2361 3733 2441 3788 sic
2472 3733 2759 3799 credentes
2794 3732 2848 3785 in
2878 3732 3252 3788 remissionem
3285 3749 3471 3803 pecca-

1898 3832 2075 3881 torum
2101 3823 2456 3893 baptizarent.
2491 3823 2605 3879 Hoc
2632 3829 2716 3878 est
2736 3824 2878 3893 quod
2905 3824 3196 3879 secundum
3232 3824 3469 3880 Marcum

1897 3915 2038 3970 idem
2078 3914 2337 3984 meinus
2377 3915 2571 3986 legitur
2594 3914 2949 3985 praeposuisse
2975 3913 3134 3968 ﬁdem
3178 3916 3470 3985 baptisma-

1896 4003 1986 4068 tis,
2011 4018 2130 4058 cum
2155 4003 2228 4058 ita
2253 4004 2491 4059 dixerit:
2523 4001 2632 4068 Qui
2655 4002 3003 4075 crediderit“
3036 4002 3328 4072 baptizatus
3358 4003 3468 4073 fac;

1895 4092 1983 4157 rit,
2023 4091 2198 4146 scim
2234 4093 2364 4168 erit;
2405 4092 2496 4162 qui
2538 4108 2654 4146 uera
2696 4108 2801 4146 non
2833 4091 3108 4146 crediderit
3156 4092 3467 4147 condemna-

1893 4181 2032 4238 bitur
2059 4166 2434 4252 (Marc-ulc).
2451 4175 2780 4246 .Et,,Jo'anne
2807 4174 2963 4244 teste,
2993 4181 3145 4250 prius
3171 4183 3284 4251 ipse
3310 4180 3466 4236 Jesus

1891 4271 2031 4326 czeci-
2054 4271 2377 4326 natioculos
2419 4271 2535 4328 luto
2559 4277 2630 4326 ex’
2657 4270 2987 4341 sputo;facto
3007 4272 3382 4343 superlinivit,
3412 4280 3468 4326 et

1891 4360 1972 4416 sie
1997 4359 2064 4414 ad
2091 4354 2259 4430 aquas
2287 4358 2432 4414 Siloa
2467 4355 2647 4424 misit:
2668 4361 2791 4434 quia
2822 4361 2972 4430 prius
2995 4360 3156 4415 debet
3185 4361 3461 4432 baptizan-

216 4449 654 4516 dispensatorum
675 4450 1066 4520 ampliﬁcantur
1090 4450 1204 4518 hac
1224 4449 1395 4516 dona,
1410 4464 1509 4504 nec
1530 4448 1801 4504 malorum
1822 4447 1865 4464 "
1893 4448 1993 4503 dus
2009 4447 2125 4502 itide
2163 4447 2548 4505 incarnationis
2573 4447 2772 4504 Christi
2812 4448 3029 4517 instrui,
3058 4456 3114 4503 et
3139 4449 3218 4504 sic
3248 4450 3316 4504 ad
3361 4451 3459 4505 ba-

215 4545 591 4603 attcnuantur,
617 4539 741 4607 quia
769 4556 928 4610 neque
946 4539 1036 4610 qui
1060 4539 1260 4610 plantat
1286 4548 1362 4595 est
1386 4539 1607 4610 aliquid,
1632 4557 1791 4610 neque

213 4628 306 4696 qui
353 4628 524 4696 rigat,
553 4628 643 4681 sed
677 4627 767 4699 qui
813 4630 1193 4684 incrementum
1210 4629 1323 4694 dat,
1344 4629 1506 4694 Deus,
1552 4630 1691 4684 unde
1735 4637 1791 4684 et

213 4714 408 4770 om
451 4719 729 4792 μυστήριον
753 4715 968 4782 dicitur,
992 4715 1137 4788 quod
1160 4725 1424 4774 secretam
1441 4716 1807 4789 euequa

213 4813 327 4861 tam
354 4806 556 4861 habeat
578 4806 974 4878 repositionem.

376 4912 379 4914 '
501 4898 508 4911 '
790 4915 1014 4973 canar
1048 4917 1215 4972 xxv;

607 5007 684 5063 De
710 5007 1421 5077 baptismatissacramentu-t.

281 5099 530 5153 Primum
577 5106 754 5152 autem
799 5103 1254 5151 sacramentorum
1301 5095 1780 5174 estbaptismum,

208 5188 334 5256 quia
386 5194 678 5256 antequam
721 5192 922 5242 sancto-
950 5185 1241 5241 chrismate
1291 5195 1523 5256 ungatur
1565 5185 1782 5254 aliquis,

207 5285 302 5334 aut
345 5275 594 5344 corporis
619 5283 673 5329 et
706 5275 975 5346 sanguinis
1011 5268 1208 5330 Chﬁsti
1232 5275 1512 5344 .particeps
1557 5275 1778 5340 existat,

207 5381 364 5420 sacra
413 5365 814 5433 regeneratione
836 5365 1053 5433 purgari
1077 5363 1255 5429 debet,
1282 5378 1346 5418 ac
1369 5363 1558 5418 deinde
1584 5363 1650 5416 ad
1677 5377 1779 5417 caa-

208 5464 324 5512 tera
353 5454 462 5508 rite
487 5452 760 5508 accedere.
791 5453 1120 5521 Baptismum
1152 5453 1419 5528 βάπτισμα
1441 5451 1649 5516 Graece,
1673 5451 1779 5506 La-

209 5547 319 5601 tine
369 5543 560 5598 tinctio
608 5542 1010 5612 interpretatur,
1053 5557 1170 5612 quae
1213 5557 1320 5597 non
1361 5550 1536 5596 tamen
1567 5543 1638 5596 ob
1677 5541 1782 5595 hoc

207 5636 348 5704 quod
382 5636 547 5690 homo
577 5633 630 5687 in
670 5647 860 5703 aquam
911 5634 1168 5703 mergitur
1212 5632 1396 5687 tinctio
1436 5631 1650 5698 dicitur,
1684 5630 1777 5686 sed

1891 4536 2144 4606 ptismum
2178 4536 2293 4606 jam
2318 4536 2567 4594 credulus
2606 4524 2847 4602 admitti,
2884 4545 2944 4591 ut
2987 4537 3126 4594 sciat
3151 4535 3305 4606 cujus
3330 4554 3454 4608 gra-

1875 4628 1982 4708 tiae
2006 4629 2062 4683 in
2089 4638 2274 4689 coeat
2289 4629 2577 4705 particeps,
2599 4637 2658 4692 et
2679 4629 2770 4685 cui
2802 4628 2916 4698 jam
2951 4626 3288 4685 debitorﬁat
3312 4630 3461 4685 dein-

2025 4809 2028 4812 ’
2445 4807 2671 4865 GAPUT
2710 4807 2895 4863 XXVI.

2411 4897 2487 4953 De
2522 4896 2923 4957 catechumenis.

1950 5011 2376 5066 Catecbumemis
2400 5016 2580 5062 autem
2605 5006 2827 5072 dicitur,
2856 5020 2955 5076 pro
2976 5000 3056 5061 eo
3093 5005 3238 5084 quod
3276 5007 3451 5062 adhuc

1881 5099 2178 5155 doctrinam
2203 5097 2328 5153 ﬁdei
2357 5094 2528 5162 audit,
2559 5097 2786 5152 necdum
2811 5103 2989 5150 tamen
3020 5095 3340 5164 baptismum
3367 5111 3450 5150 re-

1879 5188 2040 5257 cepit.
2075 5186 2206 5241 Nam
2234 5186 2651 5240 catechumenos
2681 5187 3069 5256 κατηχούμενος
3097 5184 3282 5240 Grece
3303 5226 3329 5262 ,ν
3346 5185 3450 5239 La-

1882 5278 1997 5331 tine
2017 5276 2227 5329 auditor
2249 5274 2652 5342 interpretatur.
2685 5275 2752 5328 Et
2771 5275 2893 5342 quia
2933 5274 3164 5342 primum
3198 5274 3440 5328 exhorta-

1883 5363 2044 5418 tionis
2069 5367 2392 5431 praeceptum
2422 5360 2475 5413 in
2503 5360 2621 5430 lege
2647 5367 2763 5415 est:
2796 5359 2954 5424 Audi,
2974 5356 3448 5422 lsraet,Dominus

1880 5450 2023 5504 Deus
2049 5459 2169 5502 tuus
2194 5447 2334 5501 Deus
2356 5454 2489 5502 unus
2511 5457 2586 5504 est
2614 5448 2791 5520 (Deut.
2811 5446 2913 5512 VI),
2937 5445 3061 5500 inde
3089 5452 3172 5499 est
3197 5453 3256 5498 ut
3285 5445 3330 5500 is
3349 5446 3450 5514 qui
3529 5443 3534 5450 ’

1880 5552 1976 5607 per
2002 5537 2332 5592 sacerdotem
2360 5537 2512 5604 quasi
2542 5552 2636 5606 per
2658 5533 3037 5605 Moysenrbetts
3064 5527 3321 5601 loquitur,
3351 5546 3444 5586 ca-

1878 5618 2262 5692 techumenus,
2299 5627 2353 5681 id
2386 5635 2469 5681 est
2494 5620 2733 5685 audiens
2764 5623 3101 5678 nominetur:
3144 5621 3346 5678 scilicet
3382 5629 3466 5679 ut.
