3958 6324
523 325 616 379 5H

1157 323 1217 377 Β.
1259 317 1510 377 ΚΑΒᾹΝΙ
1547 320 1764 376 MAUBI
1801 315 2091 373 ARClllEP

2190 316 2464 373 IOGUNT.
2500 318 2782 376 OPERUM
2823 319 2995 375 PARS
3036 321 3075 374 Ι.

3639 321 3759 374 319

521 447 705 490 verum
733 446 1030 504 agnoscens
1054 433 1358 498 Dominum,
1389 432 1657 502 relinquat
1675 443 1890 486 errores
1909 426 2088 481 varios
2115 433 2162 490 Α
2192 427 2540 498 signaturque
2567 429 2679 498 ipse
2709 431 2867 484 homo
2899 431 3172 499 signaculo
3209 441 3408 485 sancta:
3441 431 3628 486 crucis
3648 441 3766 486 tant

520 522 806 579 idolorum.
835 521 971 576 Puto
1014 529 1193 587 autem
1226 537 1414 577 omnes
1453 537 1486 575 a
1527 519 1731 575 Joanne
1774 516 2090 587 pmnitentia

519 613 836 683 baptizatos,
853 613 1363 667 eatechumenorum
1383 611 1680 682 pmtuﬁsse
1701 609 1947 678 ﬁguram.
1965 606 2093 661 Post

521 705 936 758 catechumenos
963 711 1172 770 autem,
1212 703 1481 757 secundus
1519 701 1715 771 gradus
1759 705 1844 752 est
1879 711 2093 766 compe—

527 795 772 847 tentiam.
808 793 1188 862 Competentes
1220 802 1397 846 autem
1435 790 1672 858 suntqui
1694 788 1808 855 jam
1843 794 1966 855 post
1997 787 2093 839 do-

521 881 750 934 ctrinam
797 879 956 944 ﬁdei,
1003 887 1127 948 post
1173 878 1554 933 continentiam
1583 877 1708 929 vita:
1750 874 1820 929 ad
1863 873 2104 953 gratiam

519 968 717 1025 Christi
747 970 1143 1040 percipiendam
1179 969 1472 1023 festinant:
1503 967 1728 1036 ideoque
1754 964 2094 1034 appellantur

519 1066 922 1127 competentes,
965 1058 1019 1112 id
1060 1065 1146 1112 est
1172 1057 1396 1128 gratiam
1421 1054 1618 1109 Christi
1654 1062 1916 1122 petentes.
1953 1052 2089 1104 Nam

521 1153 896 1207 catechumenl
917 1135 1129 1206 tantum
1173 1151 1427 1214 audiunt,
1463 1147 1690 1202 necdum
1716 1154 1924 1216 petunt.
1954 1144 2093 1198 Sunt

519 1246 667 1300 enim
713 1246 868 1316 quasi
915 1244 1154 1314 hospites
1179 1251 1236 1296 et
1261 1241 1423 1295 vicini
1464 1239 1698 1294 ﬁdelium
1718 1277 1736 1304 ,
1772 1235 1972 1290 deforis
1995 1249 2091 1287 au-

491 1378 495 1381 .
522 1335 677 1391 diunt
704 1335 982 1406 mysteria,
1009 1334 1233 1388 audiunt
1260 1331 1510 1402 gratiam,
1540 1330 1633 1384 sed
1658 1328 1835 1382 adhuc
1855 1341 1962 1381 non
1996 1339 2090 1394 ap-

517 1425 786 1496 pellantur
822 1424 1024 1479 ﬁdeles.
1071 1422 1450 1492 Competentes
1493 1427 1673 1474 autem
1711 1424 1936 1486 petunt,
1974 1413 2090 1482 jam

520 1515 812 1584 accipiunt,
848 1511 963 1582 jam
990 1511 1428 1574 catechizantur,
1461 1509 1514 1563 id
1555 1515 1640 1563 est
1669 1507 1982 1561 imbuuntur
2007 1504 2092 1558 in-

518 1603 818 1659 ctructione
839 1601 961 1656 ﬁdei
982 1609 1039 1656 et
1055 1607 1537 1655 sacramentorum.
1554 1596 1674 1651 [stis
1692 1597 1835 1650 enim
1857 1593 2092 1648 traditur

520 1693 758 1750 salutare
788 1691 851 1764 S)
865 1690 1099 1747 mbolum
1121 1730 1137 1756 ,
1165 1689 1319 1760 quasi
1344 1686 1813 1743 commonitorium
1851 1683 2005 1748 ﬁdei,
2035 1690 2094 1738 et

524 1790 725 1838 sanctae
767 1780 1121 1837 confessionis
1151 1778 1405 1833 indicium
1425 1817 1441 1843 ,
1489 1791 1597 1845 quo
1637 1773 1886 1829 instructi
1928 1786 2092 1843 agno-

521 1881 676 1928 scant
699 1871 886 1942 quales
904 1870 1016 1941 jam
1054 1869 1120 1924 ad
1143 1868 1374 1941 gratiam
1399 1865 1598 1921 Christi
1635 1864 1890 1920 exhibere
1915 1861 2094 1924 sede-

521 1967 704 2019 heant.
735 1961 1037 2016 Notandum
1065 1964 1242 2012 autem
1268 1957 1410 2026 quod
1449 1957 1503 2010 in
1533 1954 1759 2010 ecclesia
1799 1950 2120 2038 Salvatoris'

519 2051 902 2124 parvulorum,
928 2050 1018 2119 qui
1063 2063 1159 2117 per
1181 2055 1393 2102 :etatem
1427 2060 1529 2099 nec
1567 2045 1742 2100 adhuc
1783 2041 2093 2096 renuntiare

522 2139 734 2194 diabolo
756 2153 856 2192 nec
886 2135 1106 2192 credere
1139 2134 1192 2187 in
1223 2134 1391 2188 Deum
1420 2140 1675 2202 possunt,
1703 2145 1802 2200 per
1835 2129 2000 2185 corda
2036 2138 2093 2182 et

520 2242 616 2282 ora
636 2227 958 2298 gestantium
987 2222 1131 2284 salus
1156 2221 1532 2291 adimpleatur,
1562 2219 1688 2288 quia
1727 2225 1784 2276 et
1823 2218 1877 2276 in
1920 2217 2094 2282 Evan-

520 2314 659 2386 gelio
697 2314 892 2385 legitur
919 2304 1061 2382 quod
1099 2310 1255 2366 Jesus
1293 2310 1453 2364 ﬁdem
1496 2309 1710 2363 illorum
1733 2307 1966 2364 intuens
1999 2307 2095 2376 qui

521 2406 872 2478 paralyticum
919 2407 988 2459 ad
1028 2403 1325 2458 sanandum
1369 2400 1474 2456 sibi
1526 2398 1865 2468 aﬁ’erehant,
1899 2398 2095 2454 dixerit

521 2497 623 2566 ipsi
650 2514 664 2549 ε
700 2494 894 2561 Homo,
916 2494 1249 2548 remittuntur
1272 2491 1365 2548 tibi
1391 2499 1602 2560 peccata
1622 2499 1713 2542 tua
1737 2488 1950 2559 (Matth.
1975 2488 2090 2560 lx);

522 2584 737 2654 etquod
765 2583 932 2637 ﬁlium
953 2581 1128 2636 viduae
1154 2596 1185 2634 a
1211 2579 1440 2635 mortuis
1461 2577 1764 2643 suscitavit,
1789 2578 2096 2652 miscricor—

523 2673 611 2726 dia
643 2679 820 2726 motus
848 2685 1009 2741 super
1039 2685 1126 2726 ea.
1171 2667 1511 2724 Manifestum
1543 2668 1687 2723 enim
1714 2668 1858 2736 quod
1883 2666 2092 2736 parvuli

521 2763 665 2817 sicut
687 2778 756 2818 ex
785 2761 906 2817 aliis
925 2776 992 2818 ea
1029 2775 1150 2831 qua:
1180 2759 1286 2816 illis
1314 2759 1658 2814 remittuntur
1697 2758 1752 2812 in
1795 2758 2092 2828 baptismo,

521 2859 745 2922 peccata
771 2858 1072 2917 traxerunt,
1111 2850 1193 2906 sic
1236 2858 1290 2932 et
1319 2866 1416 2920 per
1438 2850 1572 2906 alios
1598 2850 1666 2904 ad
1704 2849 1930 2906 salutem
1971 2863 2093 2905 cre-

524 2943 677 2997 dunt.
707 2940 818 2996 Nec
841 2941 984 2997 enim
1015 2940 1280 3008 siquidem
1309 2941 1444 2995 muti
1470 2949 1528 3005 et
1561 2940 1732 3005 surdi,
1756 2941 1848 3009 qui
1876 2953 1978 2994 nec
2001 2955 2097 2993 au-

522 3031 639 3086 dire
663 3045 841 3100 neque
859 3029 1101 3101 proﬁteri
1123 3029 1280 3086 ﬁdem
1303 3037 1546 3098 possunt,
1565 3028 1633 3083 ab
1654 3028 1920 3098 aliquibus
1941 3027 2095 3086 Chri-

2193 518 2245 570 in
2273 517 2448 573 fronte
2477 535 2637 588 quam
2669 521 2720 573 in
2749 520 2928 584 corde,
2962 529 3018 573 ιιι
3057 521 3169 588 ipse
3195 529 3439 588 apostata
3477 521 3726 575 diabolus
3748 561 3768 582 ,

2191 607 2244 660 in
2271 623 2397 661 vase
2421 623 2521 663 suo
2559 609 2788 677 pristino
2822 624 2932 663 suae
2963 609 3388 676 iutcrcmptionis
3428 624 3772 678 cognoscens

2191 697 2424 765 signum,
2445 697 2557 766 jam
2583 699 2682 752 sibi
2711 700 2962 766 deinceps
2993 698 3129 751 sciat
3171 697 3297 750 illud
3338 713 3460 752 esse
3501 700 3768 753 alienum.

2189 787 2397 840 Exinde
2433 787 2545 855 jam
2585 788 2837 842 dicuntur
2868 804 3027 856 super
3055 803 3176 841 eum
3217 791 3514 853 orationes,
3561 798 3622 842 ut
3670 789 3773 842 ﬁat

2190 877 2624 931 catechumenus.
2667 876 2816 930 Tunc
2843 878 3000 929 datur
3028 877 3077 930 ei
3107 877 3553 937 salbenedictum
3584 879 3638 932 in
3666 895 3768 944 os,

2189 972 2250 1016 ut
2288 980 2386 1033 per
2427 965 2506 1019 sal
2535 965 2767 1034 typicum
2803 966 3076 1034 sapientia:
3121 966 3232 1019 sale
3279 967 3556 1029 conditus,
3589 967 3772 1027 fetore
3841 1003 3844 1008 -

2190 1062 2377 1107 careat
2418 1055 2747 1123 iniquitatis,
2795 1065 2850 1109 et
2898 1069 2998 1112 nec
3031 1071 3060 1113 a
3101 1056 3375 1110 vermibus
3414 1066 3771 1125 peccatorum

2189 1143 2330 1198 ultra
2357 1144 2632 1213 putreﬁat,
2665 1147 2760 1200 sed
2789 1146 2960 1216 magis
2989 1146 3185 1202 illzesns
3213 1153 3456 1204 servetur
3490 1147 3558 1200 ad
3595 1147 3771 1216 majo—

2192 1249 2304 1288 rem
2333 1236 2558 1304 gratiam
2583 1237 2997 1307 percipiendam.
3038 1238 3239 1292 Dehinc
3272 1238 3466 1291 iterum
3492 1240 3766 1301 exon-cisa-

2191 1331 2280 1375 tnr
2308 1323 2568 1389 diabolus,
2582 1332 2644 1377 ut
2661 1339 2815 1378 suam
2837 1325 3130 1394 nequitiam
3152 1340 3470 1396 agnoscens,
3487 1336 3545 1381 et
3556 1326 3772 1396 justum

2190 1426 2352 1480 super
2381 1427 2439 1465 se
2459 1411 2721 1482 judicium
2749 1415 2846 1472 Dei
2885 1415 3102 1481 timens,
3133 1416 3354 1473 recedat
3396 1417 3466 1472 ab
3509 1418 3770 1484 homine,

2190 1515 2294 1556 nec
2314 1500 2428 1570 jam
2451 1502 2740 1558 contendat
2781 1518 2905 1559 eum
2941 1512 3060 1557 arte
3085 1519 3179 1558 sua
3205 1503 3544 1570 subvertere,
3575 1521 3645 1562 ne
3671 1507 3772 1562 ba—

2190 1592 2445 1662 ptismum
2473 1602 2856 1660 consequatur,
2883 1592 2977 1646 sed
2996 1594 3167 1662 magis
3189 1595 3451 1652 honorem
3483 1596 3594 1652 Deo
3617 1611 3773 1653 crea-

2193 1681 2298 1736 tori
2331 1697 2430 1736 suo
2449 1682 2728 1745 exhibens,
2761 1681 2949 1737 reddat
2993 1697 3130 1752 opus
3176 1683 3366 1738 factori
3406 1699 3524 1738 suo.
3567 1683 3773 1744 Postea

2118 1796 2167 1855 Β
2193 1778 2487 1841 tanguntur
2508 1771 2559 1825 ei
2593 1784 2752 1824 nares
2772 1779 2826 1823 et
2844 1773 3016 1826 ‘aures
3036 1785 3158 1826 cum
3183 1771 3381 1838 saliva,
3411 1781 3466 1829 et
3491 1772 3691 1835 dicitur
3715 1772 3774 1832 ei

2196 1861 2324 1915 illud
2349 1860 2571 1915 verbum
2602 1859 2965 1930 evangelicum
2997 1860 3142 1930 quod
3167 1859 3358 1927 Iesus,
3395 1862 3614 1932 quando
3647 1877 3774 1918 sur-

2193 1952 2318 2004 dum
2355 1958 2411 2004 et
2453 1957 2659 2002 mutum
2686 1950 2892 2003 sanavit
2923 1957 3147 2020 tangens
3186 1966 3311 2006 cum
3341 1960 3500 2020 sputo
3527 1952 3774 2023 linguam

2193 2038 2329 2107 ejus,
2362 2044 2416 2091 et
2441 2039 2660 2093 mittens
2685 2039 2879 2108 digitos
2906 2054 3033 2094 suos
3060 2036 3116 2092 in
3145 2040 3415 2096 auriculas
3432 2042 3574 2111 ejus,
3595 2043 3770 2097 dixit:

2191 2129 2579 2199 Epheta,.quod
2607 2137 2715 2196 est,
2755 2127 3028 2199 adaperire
3055 2129 3256 2202 (Marc.
3303 2130 3433 2204 vn).
3473 2131 3587 2187 Hoc
3622 2133 3775 2188 enim

2191 2227 2587 2273 sacramentum
2611 2217 2700 2273 hic
2725 2219 2922 2289 agitur,
2958 2227 3018 2273 ιιι
3044 2235 3142 2289 per
3165 2220 3386 2274 salivam
3420 2222 3654 2291 typicam
3683 2238 3775 2277 sa-

2191 2308 2432 2368 cerdotis.
2453 2317 2511 2366 et
2537 2317 2738 2367 tactum
2767 2309 3030 2378 sapientia
3054 2319 3110 2365 et
3135 2311 3308 2367 virtus
3333 2312 3513 2367 divina
3537 2310 3775 2386 salutent

2191 2397 2431 2468 ejusdem
2459 2399 2834 2457 catechumeni
2863 2408 3134 2470 operetur,
3167 2409 3228 2454 ut
3254 2402 3568 2472 aperiantur
3588 2403 3639 2458 ei
3672 2419 3778 2458 na-

2193 2500 2281 2545 res
2305 2487 2371 2540 ad
2397 2487 2768 2558 accipiendum
2799 2489 3020 2546 odorem
3052 2489 3256 2544 notitia:
3284 2473 3403 2556 Dei,
3432 2501 3493 2546 ut
3515 2493 3778 2567 aperian-

2193 2584 2280 2630 tur
2308 2575 2382 2630 illi
2411 2583 2466 2631 et
2503 2592 2662 2639 aures
2691 2578 2760 2632 ad
2783 2579 3108 2636 audiendum
3139 2581 3388 2637 mandata
3420 2581 3543 2646 Dei,
3577 2597 3778 2638 sensu-

2193 2681 2299 2736 que
2324 2666 2514 2722 intimo
2539 2667 2718 2723 cordis
2747 2670 3132 2738 reponendum.
3163 2669 3370 2731 Deinde
3392 2673 3778 2733 benedictione

2193 2759 2513 2836 sacerdotali
2553 2760 2810 2826 munitur,
2839 2769 2897 2814 ut
2930 2763 2998 2816 ad
3023 2777 3238 2820 sacrum
3279 2763 3775 2833 baptismum‘cmn

2193 2846 2300 2902 ﬁde
2323 2857 2544 2919 accepta
2571 2850 2924 2924 custodiatur.
2968 2850 3212 2921 Ungetur
3243 2851 3386 2907 illius
3415 2861 3545 2907 tunc
3579 2856 3776 2924 pectus

2159 3009 2162 3020 Ι
2192 2939 2258 2995 de
2284 2938 2404 2994 oleo
2427 2939 2761 2996 sanctiﬁcato
2783 2921 2922 3022 cuin
2966 2942 3307 3005 invocatione
3351 2952 3551 3003 sancte
3579 2921 3775 2999 ~Trini-

2193 3032 2345 3098 tatis,
2373 3040 2433 3085 ut
2458 3031 2614 3087 nulla:
2650 3032 2888 3102 reliquiae
2916 3033 3144 3090 latentes
3173 3035 3376 3090 inimici
3421 3035 3476 3090 in
3521 3051 3585 3102 eo
3625 3035 3769 3090 resie

501 3125 717 3182 .stianis
745 3124 812 3179 ad
838 3123 1219 3193 baptizandum
1244 3121 1573 3187 oﬁ‘eruntur,
1603 3135 1699 3192 per
1723 3119 2092 3177 credulitatem
2120 3131 2165 3193 ε
2195 3124 2376 3189 deant,
2407 3124 2500 3179 sed
2539 3123 2595 3178 in
2635 3123 2738 3177 ﬁde
2767 3133 2965 3178 sanctae
2994 3123 3275 3180 Trinitatis
3302 3141 3458 3181 mens
3482 3123 3600 3194 ejus
3628 3140 3767 3181 con-

523 3213 861 3270 oﬁ‘erentium
891 3214 1088 3269 salvari
1119 3213 1435 3298 creduntur,
1464 3212 1589 3282 quia
1620 3226 1728 3266 non
1751 3210 1965 3266 obsistit
1983 3226 2093 3266 om»

525 3303 818 3382 nipotcntis
842 3305 940 3360 Dei
964 3305 1154 3376 gratia:
1176 3312 1381 3359 natura:
1405 3301 1696 3357 inﬁrmitas
1724 3303 1991 3356 humanae.

1068 3414 1296 3472 CAPUT
1334 3414 1544 3474 xxvu.
1738 3496 1741 3499 _

953 3504 1034 3560 De
1059 3505 1419 3560 catechizandi
1444 3507 1646 3559 ordine.

594 3595 976 3658 Catechizandl
995 3595 1139 3652 enim
1159 3595 1293 3650 ordo
1320 3595 1410 3650 hic
1436 3603 1553 3658 est:
1593 3594 1833 3649 Primum
1861 3594 2092 3649 interro-

523 3696 681 3760 gatur
719 3701 960 3757 paganus
1005 3685 1052 3739 si
1094 3685 1438 3739 abrenuntiat
1479 3682 1693 3738 diabolo
1739 3692 1796 3737 et
1842 3684 2093 3737 omnibus

524 3761 799 3833 damnosis
826 3773 944 3842 ejus
978 3773 1229 3843 operibus
1263 3780 1425 3840 atque
1452 3771 1732 3826 fallacibus
1759 3772 2001 3841 pompis,
2034 3779 2095 3825 ut

524 3873 756 3946 primum
802 3877 1020 3940 respuat
1059 3882 1334 3934 errorem,
1370 3875 1427 3922 et
1467 3867 1547 3922 sic
1591 3865 1984 3935 appropinquet
2023 3865 2092 3919 ad

524 3963 824 4028 veritatem,
852 3959 1129 4030 possitque
1144 3957 1298 4026 juxta
1322 3956 1636 4027 Apostolum
1659 3956 1927 4024 deponere
1947 3962 2094 4010 vete-

467 4044 471 4048 ’
526 4047 638 4108 rem
667 4052 942 4108 hominem
977 4049 1270 4105 secundum
1292 4047 1577 4118 pristinam
1603 4046 2086 4112 conversationem,

498 4143 616 4213 'qui
648 4140 1012 4210 corrumpitur
1039 4138 1331 4194 secundum
1363 4136 1628 4192 desideria
1654 4136 1886 4201 erroris,
1921 4135 2086 4194 abne-

503 4247 658 4302 .gans
683 4230 1011 4299 impietatem
1043 4235 1102 4282 et
1125 4225 1401 4280 saecularia
1432 4225 1716 4279 desideria.
1744 4224 1945 4278 Deinde
1965 4239 2091 4293 apo-

523 4308 725 4375 stolici:
764 4319 886 4373 ﬁdei
913 4316 1216 4372 ostenditur
1249 4316 1300 4370 ei
1326 4313 1635 4385 Symbolum
1656 4355 1671 4380 ,
1697 4323 1754 4370 et
1790 4314 2090 4384 exquiritur

523 4411 589 4463 ab
615 4424 679 4465 eo
703 4410 747 4465 si
774 4407 957 4464 credat
980 4407 1033 4461 in
1058 4405 1227 4476 Deum
1257 4405 1469 4460 Patrem
1493 4407 1936 4475 omnipotentem,
1957 4407 2086 4460 etin

2193 3214 2440 3270 fortetur.
2471 3213 2714 3285 Ungetur
2739 3222 2795 3269 et
2820 3216 2964 3270 inter
3004 3214 3252 3286 scapulas
3280 3215 3348 3270 de
3377 3217 3568 3271 eodem
3611 3217 3768 3282 oleo,

2194 3316 2252 3361 ut
2272 3307 2509 3376 undiQne
2535 3306 2830 3373 muniatur,
2857 3317 2912 3362 et
2937 3307 3006 3361 ab
3037 3307 3178 3364 bona
3202 3321 3366 3378 opera
3395 3306 3640 3363 facienda
3665 3320 3776 3378 per

2195 3397 2286 3453 Dei
2311 3397 2536 3470 gloriam
2567 3399 2869 3454 roboretur.

2569 3542 2589 3557 ,
2735 3487 2964 3544 CAPUT
2996 3487 3231 3564 xxvm.

2310 3577 2385 3632 De
2417 3579 2664 3634 tinctione
2689 3578 2955 3648 baptismi,
2985 3585 3033 3632 et
3060 3578 3303 3633 unctione
3326 3577 3650 3637 chrismatis.

2260 3669 2388 3724 Post
2415 3669 2534 3722 haec
2567 3669 2731 3738 igitur
2754 3675 3103 3727 consecratus
3131 3667 3272 3732 fons,
3297 3675 3353 3721 et
3374 3667 3445 3721 ad
3471 3666 3650 3736 ipsum
3672 3668 3773 3722 hae

2192 3757 2452 3826 ptismum
2499 3759 2925 3828 catechumenus
2961 3757 3200 3821 accedit,
3243 3764 3300 3811 et
3331 3757 3410 3812 sic
3448 3756 3504 3811 in
3547 3757 3771 3820 nomine

2192 3853 2701 3931 sanctse'Trinitatis
2744 3854 2886 3907 trina
2923 3853 3297 3909 submersione
3334 3850 3773 3921 baptizatum-Et

2191 3952 2338 3998 recte
2359 3943 2540 4008 homo,
2561 3928 2651 4011 qui
2680 3942 2746 3996 ad
2775 3942 3062 4012 imaginem
3092 3939 3294 4015 sanctae
3326 3939 3610 3995 Trinitatis
3628 3956 3767 4004 con-

2189 4034 2335 4089 ditus
2378 4042 2488 4098 est,
2519 4028 2634 4103 'per
2676 4033 3068 4088 invocationem
3120 4039 3325 4098 sancta:
3373 4030 3655 4088 Trinitatis
3695 4032 3769 4090 ad

2189 4123 2432 4178 eamdem
2475 4129 2766 4176 renovatur
2808 4121 3095 4191 imaginem
3119 4161 3135 4185 ,
3169 4128 3224 4175 et
3264 4119 3357 4189 qui
3393 4120 3554 4175 tertio
3592 4119 3766 4191 gradu

2188 4214 2417 4285 peccati,
2447 4214 2500 4268 id
2535 4223 2642 4278 est,
2673 4229 2940 4270 consensu
2969 4213 3165 4268 cecidit
3208 4212 3264 4267 in
3303 4221 3533 4269 mortem
3553 4253 3570 4280 ,
3600 4214 3769 4276 tertio

2187 4298 2427 4362 elevatus
2465 4306 2531 4360 de
2569 4304 2717 4359 fonte
2755 4319 2851 4375 per
2893 4303 3122 4374 gratiam
3170 4313 3417 4372 resurgat
3463 4303 3530 4358 ad
3568 4304 3763 4363 vitam.

2188 4397 2375 4453 Potest
2395 4404 2451 4451 et
2475 4396 2589 4450 haac
2618 4395 2758 4448 trina
2786 4394 2988 4449 mersio
3015 4393 3318 4448 triduanam
3344 4392 3557 4448 Domini
3585 4392 3769 4462 sepul-

523 4499 704 4554 Jcsum
729 4498 1004 4554 Christum
1033 4495 1228 4549 Filium
1262 4492 1378 4566 ejus
1409 4495 1623 4564 unicum
1667 4495 1950 4549 Dominum
1990 4510 2088 4548 no-
2111 4479 2162 4537 Ι)
2189 4497 2364 4543 turam
2393 4487 2720 4563 signiﬁcare,
2744 4485 2975 4540 maxime
2991 4500 3114 4540 cum
3131 4483 3269 4539 dicit
3288 4483 3606 4554 Apostolus:
3634 4482 3767 4548 Qui-

525 4602 717 4656 strum,
741 4599 797 4644 et
827 4589 880 4643 in
904 4587 1165 4657 Spiritum
1194 4593 1458 4649 sanctum,
1487 4601 1653 4639 unum
1698 4587 1864 4641 Deum
1904 4585 1958 4639 in
1989 4585 2085 4639 tri.

524 4685 691 4739 nitate
717 4691 772 4737 et
793 4681 1031 4746 unitate;
1056 4680 1101 4734 si
1129 4677 1447 4732 conﬁteatur
1469 4693 1628 4732 unam
1654 4694 1773 4734 esse
1791 4678 2084 4733 Ecclesiam

523 4771 860 4836 catholicam,
882 4781 937 4824 et
956 4770 1000 4824 si
1027 4769 1213 4834 credat
1239 4766 1611 4821 remissionem
1645 4776 2006 4839 peccatorum,
2030 4775 2086 4821 et

523 4861 700 4915 carnis
723 4859 1190 4925 resurrectionem.
1220 4855 1346 4912 Haec
1371 4871 1500 4927 ergo
1528 4857 1705 4911 omnia
1737 4857 1782 4910 si
1807 4872 1932 4911 vere
1955 4871 2083 4925 pro-

524 4950 705 5002 ﬁtetur
731 4949 970 5013 credere,
994 4946 1105 5016 jam
1132 4947 1316 5016 incipit
1338 4961 1432 5015 per
1459 4946 1616 5000 ﬁdem
1655 4946 1877 5000 induere
1901 4963 2085 5000 novum

523 5039 802 5099 hominem,
829 5038 919 5107 qui
944 5037 1226 5091 secundum
1255 5036 1424 5090 Deum
1449 5045 1655 5090 creatus
1683 5045 1778 5101 est,
1800 5037 1856 5088 in
1879 5037 2090 5104 justitia

523 5137 572 5179 et
617 5127 894 5179 sanctitate
935 5125 1197 5189 ueritatis,
1244 5140 1351 5198 quo
1398 5134 1578 5179 tamen
1623 5125 1776 5194 plene
1821 5125 2088 5190 induitur,

526 5215 742 5286 quando
769 5229 866 5284 per
893 5214 1143 5282 baptismi
1169 5214 1442 5269 lavacrum
1467 5224 1832 5286 regeneratnr.
1855 5216 2090 5287 Atpost-

524 5320 686 5374 quam
733 5318 792 5358 se
837 5318 936 5372 per
984 5302 1373 5358 confessionem
1421 5320 1562 5359 verae
1607 5305 1730 5360 ﬁdei
1775 5305 1827 5360 in
1871 5305 2092 5369 alterius

525 5392 982 5448 commendaverit
1013 5393 1328 5458 dominium,
1356 5404 1412 5448 et
1437 5410 1534 5464 per
1564 5396 2086 5451 abrenuntiationem

525 5483 720 5564 prioris
743 5483 1070 5552 possessoris
1096 5497 1155 5537 se
1179 5482 1491 5537 alienaverit
1516 5485 1751 5549 servitio,
1775 5485 2087 5540 exsuﬁlatur

529 5571 596 5624 ob
618 5587 682 5626 eo
709 5588 846 5626 saiva
877 5583 1144 5643 potestas,
1173 5583 1232 5627 ut
1255 5588 1350 5643 per
1378 5574 1520 5642 pium
1563 5575 1859 5629 sacci-dotis
1887 5584 2080 5645 myste-

532 5661 666 5729 rium
692 5662 909 5741 Spiritui
938 5673 1123 5720 sancto
1149 5665 1299 5720 cedat
1331 5664 1536 5734 fugiens
1558 5666 1775 5733 spiritus
1799 5666 2082 5736 malignus,

2188 4594 2388 4648 cunque
2431 4577 2678 4646 baptisati
2721 4591 2900 4628 sumus
2945 4575 2999 4628 in
3046 4571 3252 4628 Christo
3293 4572 3454 4636 Iesu,
3496 4574 3553 4626 in
3597 4582 3768 4626 morte

2188 4667 2350 4736 ipsius
2384 4667 2633 4737 baptizati
2675 4680 2888 4730 sumus,
2934 4663 3219 4733 consepulti
3256 4662 3392 4716 enim
3433 4677 3615 4714 sumus
3643 4676 3765 4714 cum

2189 4759 2280 4813 illo
2321 4777 2412 4830 per
2452 4753 2763 4830 baptismum
2803 4759 2859 4813 in
2898 4765 3096 4822 morte,
3139 4766 3195 4811 ut
3236 4755 3494 4828 quomodo
3533 4753 3766 4808 surrexit

2188 4851 2426 4906 Christus
2452 4869 2484 4904 a
2519 4852 2737 4905 mortuis
2771 4867 2863 4920 per
2900 4849 3121 4920 gloriam
3157 4848 3366 4913 Patris,
3396 4847 3472 4900 ita
3499 4854 3546 4900 et
3575 4861 3670 4898 nos
3706 4845 3766 4897 in

2190 4945 2412 4998 novitate
2440 4946 2557 4997 eius
2576 4943 2921 4998 ambulemus.
2955 4942 3015 4998 Si
3032 4943 3180 5005 "enim
3206 4939 3544 5011 complantati
3579 4953 3763 4992 suum

2183 5034 2513 5088 similitudini
2531 5036 2712 5098 mortis
2733 5035 2868 5104 ejus,
2886 5033 3043 5088 simul
3062 5043 3108 5089 et
3131 5019 3520 5098 resurrectionis
3541 5029 3760 5085 erimus.

2185 5124 2251 5177 Et
2299 5125 2520 5192 reliqua.
2569 5125 2795 5193 Oportet
2839 5137 2968 5192 ergo
3009 5137 3133 5177 cum
3183 5120 3519 5185 invocatione
3557 5125 3765 5172 sancta:

2184 5213 2463 5268 Trinitatis
2487 5213 2594 5269 sub
2609 5213 2746 5267 trina
2785 5212 3052 5266 mersione
3072 5209 3400 5286 baptismum
3436 5206 3629 5262 conﬁci
3650 5247 3666 5270 ,
3701 5215 3764 5259 ut

2184 5305 2474 5358 secundum
2514 5318 2867 5372 personarum
2912 5302 3266 5363 differentiam
3311 5299 3631 5371 mysterium
3665 5298 3762 5352 ba-

2187 5394 2365 5463 ptismi
2394 5394 2711 5459 celebretur,
2750 5402 2801 5448 et
2832 5393 3126 5448 secundum
3150 5392 3408 5450 unitatem
3443 5387 3764 5444 substantiae

2189 5501 2352 5538 unum
2392 5486 2654 5554 baptisma
2703 5485 2814 5549 ﬁat,
2859 5484 2999 5538 unde
3053 5483 3185 5536 dicit
3228 5479 3520 5549 Apostolus
3561 5495 3576 5530 :
3610 5474 3762 5528 Unus

2188 5574 2460 5639 Dominus,
2506 5594 2608 5628 una
2671 5575 2833 5642 ﬁdes,
2884 5589 3044 5626 unum
3082 5573 3352 5640 baptisma.
3408 5569 3477 5622 Et
3526 5565 3761 5633 reliqua.

2191 5667 2471 5734 Postquam
2494 5666 2634 5720 enim
2659 5663 2957 5720 ascenderit
2981 5663 3277 5731 baptiaatus
3302 5660 3366 5714 de
3391 5653 3762 5723 fonte,statim
