3958 6352
223 369 348 425 815

1038 362 1125 417 DE
1162 361 1604 419 CLERICORUM
1642 359 2143 429 lNSTITUTlONE,
2181 362 2332 418 ETC.
2373 390 2442 401 -—
2474 362 2599 417 LIB.
2640 363 2680 417 l.

3381 368 3481 423 3M

219 484 488 554 signatur
510 478 566 534 in
605 477 829 532 cerebro
873 489 904 529 a
942 477 1257 546 presbytero
1298 492 1421 529 cum
1460 490 1616 530 sacro
1669 474 1812 528 chri-
1841 474 1888 532 A
1915 483 1970 530 et
1998 475 2294 530 resurrexit
2321 491 2419 544 pro
2439 477 2612 530 nobis.
2640 475 2777 530 Dicit
2797 478 2938 532 enim
2968 479 3078 547 ipsa
3111 481 3354 536 Veritas:
3379 486 3483 549 Qui

219 580 445 633 amate,
493 575 751 636 sequente
779 564 934 620 simul
959 572 1014 618 et
1039 567 1302 629 oratione,
1329 576 1389 618 ut
1425 565 1577 633 regni
1612 563 1812 617 Christi

221 659 514 731 particeps
543 656 653 720 ﬁat,
681 663 736 709 ct
762 671 792 708 a
820 654 1035 708 Christo
1059 653 1397 708 Christianus
1416 653 1587 720 possit
1609 653 1809 706 vocari.

223 750 516 818 Scriptum
539 757 620 801 est
642 754 696 800 et
721 745 774 799 in
813 745 1102 812 Evangelio
1140 744 1252 797 ita:
1293 742 1602 811 Baptizatus
1639 753 1812 795 autem

220 838 262 892 Ι
270 856 396 893 esus
423 837 693 906 confestim
729 836 960 888 ascendit
988 834 1052 887 de
1088 851 1245 903 aqua,
1281 843 1328 885 et
1359 849 1472 885 ecce
1501 834 1665 902 aperti
1692 844 1810 886 sunt

222 931 374 997 aceti,
407 940 454 984 et
488 930 611 983 vidit
643 927 893 998 Spiritum
927 926 1020 979 Dei
1045 924 1430 978 descendentem
1454 926 1585 976 sicut
1616 923 1812 976 colunt-

223 1023 357 1075 bam
386 1030 433 1074 et
459 1019 738 1074 uenientem
777 1034 937 1087 supra
978 1032 1050 1069 se.
1095 1015 1242 1068 Bene
1286 1014 1503 1083 quidem
1543 1012 1809 1081 baptismo

223 1111 587 1166 continuatur
608 1107 914 1163 chrismatis
936 1106 1138 1170 unctio,
1171 1105 1296 1173 quia
1325 1103 1559 1172 Spiritus
1591 1115 1811 1160 sanctus

225 1200 329 1268 qui
359 1215 457 1268 per
479 1197 609 1251 illud
634 1197 866 1251 chrisma
895 1209 1007 1248 suae
1024 1192 1242 1246 virtutis
1262 1192 1583 1246 admistione
1611 1193 1810 1246 sancti-

224 1288 366 1343 ﬁcat
393 1288 696 1351 credentes,
727 1284 998 1354 baptizato
1025 1281 1152 1336 Jesu
1178 1281 1360 1336 statim
1384 1296 1546 1350 super
1580 1282 1726 1336 illum
1751 1283 1806 1336 in

223 1378 497 1434 columba:
546 1376 721 1445 specie
769 1372 1082 1429 descendit:
1129 1370 1283 1438 cujus
1327 1371 1579 1426 videlicet
1621 1382 1806 1442 typum

219 1449 557 1538 prazl‘orebat
599 1466 840 1520 columba
884 1464 996 1529 illa,
1042 1478 1163 1533 quae
1204 1464 1257 1517 in
1291 1464 1491 1520 diluvio
1532 1466 1598 1519 ad
1624 1481 1805 1521 arcam

221 1556 531 1627 reportavit
556 1570 761 1610 ramum
787 1554 942 1609 olivae
965 1553 1263 1608 virentibus
1299 1551 1441 1608 foliis
1457 1594 1471 1618 ,
1498 1554 1807 1623 signiﬁcans

161 1719 163 1724 η
223 1650 422 1719 utique
448 1647 591 1717 quod
626 1646 860 1717 Spiritus
893 1655 1114 1700 sanctus
1139 1660 1237 1712 per
1262 1646 1573 1700 chrismatis
1599 1649 1808 1702 unctio-

223 1755 360 1793 nem
389 1739 444 1793 in
469 1738 788 1806 baptismate
813 1735 1046 1790 virorem
1069 1726 1279 1789 confert
1301 1735 1548 1789 ﬁdelibus
1570 1735 1807 1790 caelestis

1914 567 2196 621 mandueat
2231 585 2415 621 meam‘
2441 586 2648 623 carnem
2684 580 2730 623 et
2768 571 2890 622 bibit
2933 588 3101 624 meum
3145 577 3479 641 sanguinem,

1912 658 2020 727 ipse
2045 658 2100 711 in
2129 675 2209 711 me
2232 669 2422 722 manet,
2449 669 2496 711 et
2522 677 2612 728 ego
2637 661 2688 713 in
2711 680 2787 715 eo.
2817 662 2881 714 Et
2912 663 3038 715 item
3063 682 3073 715 :
3113 663 3229 715 Nisi
3258 667 3478 718 mandu-

1913 749 2167 811 caueritis,
2191 748 2382 816 inquit,
2408 767 2615 803 carnem
2637 749 2766 804 Filii
2785 753 3029 816 hominis,
3051 762 3099 804 et
3123 752 3348 807 biberitis
3371 754 3483 822 ejus

1910 839 2235 908 sanguinem,
2267 855 2370 892 non
2393 839 2642 894 habebitis
2672 843 2828 894 vitam
2860 843 2912 894 in
2949 844 3102 895 vobis.

2476 950 2702 1005 CAPUT
2742 953 2907 1005 XXX.

2192 1020 2268 1072 De
2301 1020 2626 1089 impositione
2654 1038 2845 1074 manus
2862 1024 3167 1092 episcopalis

1980 1111 2276 1164 Novissime
2317 1122 2493 1163 autem
2533 1127 2561 1163 a
2594 1127 2804 1166 summo
2839 1115 3113 1167 sacerdote
3142 1130 3237 1182 per
3267 1115 3482 1183 imposi-

1909 1202 2110 1255 tionem
2139 1215 2326 1253 manus
2360 1199 2672 1253 Paracletus
2702 1202 2932 1254 traditur
2967 1202 3043 1254 ilh'
3089 1202 3320 1271 Spiritus
3361 1220 3482 1257 san—

1907 1299 2055 1354 ctus,
2087 1297 2148 1343 ut
2173 1289 2454 1342 roboretur
2481 1305 2578 1357 per
2615 1288 2872 1357 Spiritum
2915 1299 3156 1344 sanctum
3202 1292 3482 1360 adpmdi-

1907 1381 2135 1435 candum
2179 1381 2300 1434 aliis
2345 1381 2483 1434 idem
2526 1381 2723 1434 donum
2754 1383 2892 1449 quod
2918 1383 3033 1450 ipse
3070 1381 3121 1435 in
3159 1384 3481 1453 baptismate

1907 1479 2223 1524 consecutus
2266 1477 2379 1532 est,
2421 1485 2518 1538 per
2555 1470 2782 1539 gratiam
2821 1473 2944 1525 vita:
2983 1473 3212 1527 donatus
3242 1481 3476 1527 mter-nae.

1908 1561 2164 1631 Signatur
2198 1560 2339 1614 enim
2370 1562 2671 1629 baptizatus
2706 1577 2825 1616 cum
2853 1563 3144 1617 chrismate
3177 1578 3272 1632 per
3294 1580 3477 1618 sacer-

1907 1652 2084 1705 dotem
2112 1651 2165 1704 in
2182 1650 2383 1717 capitis
2408 1651 2718 1705 summitate
2737 1691 2751 1714 ,
2793 1665 2891 1718 per
2926 1652 3233 1719 pontificem
3262 1668 3390 1707 vero
3423 1653 3477 1705 in

1908 1740 2104 1804 fronte,
2130 1748 2191 1792 ut
2215 1740 2381 1806 priori
2405 1740 2655 1793 unctione
2680 1739 3014 1808 signiﬁcetur
3039 1739 3275 1808 Spiritus
3306 1742 3476 1797 sancti

223 1829 440 1900 gratiae.
473 1826 580 1881 Sed
615 1828 678 1879 de
704 1825 806 1878 hoc
832 1824 1044 1892 plenius
1073 1822 1127 1875 in
1153 1823 1503 1890 sequentibus
1543 1823 1803 1878 dicemus.
1838 1809 1882 1868 Β
1910 1846 2074 1901 super
2098 1831 2272 1899 ipsum
2301 1829 2580 1884 descensio
2623 1831 2690 1884 ad
2732 1830 3118 1886 habitationem
3148 1832 3256 1885 Deo
3293 1847 3481 1885 ροηδε-

227 1919 487 1988 Legimus
513 1925 570 1970 et
595 1914 649 1968 in
685 1905 1125 1978 Gestis‘Patrum,
1152 1911 1294 1980 quod
1320 1910 1578 1967 Silvester
1595 1928 1731 1982 papa
1753 1915 1806 1967 in

220 2011 470 2068 Relesia
496 2024 718 2066 romana
740 2007 1099 2072 constituerit,
1120 2006 1342 2061 utsicut
1365 2014 1608 2076 potestas
1626 2015 1681 2061 et
1697 2007 1806 2076 pri-

218 2101 482 2171 vilegium
514 2098 654 2168 apud
676 2097 851 2152 solum
894 2095 1204 2164 episcopum
1245 2104 1491 2161 constat,
1530 2096 1674 2166 quod
1713 2113 1802 2151 sa-

223 2207 384 2246 crum
409 2190 643 2244 chrisma
667 2188 779 2257 ipse
796 2185 1063 2250 conﬁciat,
1080 2193 1133 2238 et
1154 2184 1483 2254 baptizatum
1502 2200 1600 2257 per
1615 2201 1806 2241 manus

225 2282 627 2353 impositionem
665 2295 788 2334 eum
818 2260 934 2349 ipso
958 2278 1252 2333 chrismate
1281 2279 1559 2349 consignet
1585 2288 1807 2348 propter

223 2373 536 2429 haereticam
559 2372 884 2434 suasionem,
911 2372 986 2424 ita
1006 2372 1287 2440 presbyter
1303 2370 1493 2425 eodem
1514 2370 1806 2426 chrismate

225 2466 384 2519 liniat
407 2463 732 2534 baptizatum
766 2462 998 2517 levatum
1033 2477 1100 2517 ex
1134 2478 1272 2532 aqua
1311 2471 1534 2530 propter
1560 2457 1808 2522 occasioe

225 2568 356 2609 nem
388 2552 643 2606 transitus
670 2551 879 2614 mortis,
903 2553 1028 2620 quia
1051 2552 1310 2620 scriptum
1333 2559 1415 2606 est
1437 2551 1492 2604 in
1517 2550 1802 2621 Apostolo:

144 2665 148 2668 ν
235 2643 346 2697 Vos
370 2653 566 2707 autem,
599 2639 812 2711 fratres,
837 2643 894 2696 in
923 2658 1080 2696 carne
1104 2659 1208 2696 non
1235 2643 1380 2707 estis,
1403 2642 1493 2695 sed
1515 2643 1571 2695 in
1595 2643 1803 2713 spiritu,
1844 2713 1853 2724 .

226 2736 276 2790 si
307 2742 479 2787 tamen
508 2730 719 2802 spiritus
755 2732 853 2786 Dei
893 2732 1088 2786 habitet
1117 2733 1173 2785 in
1208 2732 1372 2808 vobis.
1403 2731 1464 2787 Si
1487 2733 1604 2802 quis
1631 2744 1804 2786 autem

227 2824 470 2893 spiritum
508 2821 700 2876 Christi
729 2839 833 2876 non
863 2822 1035 2888 habet,
1083 2822 1166 2875 hic
1192 2837 1297 2875 non
1318 2832 1402 2875 'est
1430 2821 1566 2890 ejus,
1593 2829 1700 2876 etc.
1726 2821 1806 2875 Ae

229 2912 427 2966 deinde
449 2911 690 2981 profecto
709 2918 856 2980 patet
876 2911 1000 2980 quia
1020 2911 1326 2980 quicunque
1346 2925 1451 2964 non
1474 2919 1558 2965 est
1578 2910 1799 2979 Christi,

227 3001 381 3071 regni
405 3001 488 3055 sui
513 3002 780 3070 particeps
808 3001 921 3056 ﬁeri
949 3002 1152 3069 nequit.
1183 2999 1413 3070 Ideoque
1438 3003 1802 3057 necessarium

229 3099 336 3154 est,
367 3099 425 3144 ut
453 3091 632 3145 statim
662 3101 1006 3146 succurratur
1029 3092 1303 3162 baptizato
1338 3085 1462 3147 etim
1493 3094 1799 3148 chrismatis

232 3181 519 3245 unctione,
563 3189 622 3235 ut
669 3180 897 3250 Spiritus
937 3183 1108 3237 sancti
1149 3177 1613 3259 participationem
1657 3177 1834 3240 acci-l

231 3276 405 3345 piens,
434 3276 639 3331 alienus
667 3291 697 3330 a
727 3275 941 3331 Christo
966 3291 1070 3330 non
1103 3276 1319 3330 existat.

789 3388 1013 3444 CAPUT
1045 3388 1234 3442 XXIX.

439 3459 516 3517 De
541 3461 842 3513 indumento
871 3459 1117 3528 baptizati
1143 3470 1192 3512 et
1226 3456 1583 3514 Eucharistia.
1665 3468 1667 3470 ’

303 3549 431 3606 Post
467 3549 795 3617 baptismum
837 3555 1014 3604 autem
1044 3549 1272 3603 traditur
1305 3548 1611 3608 Christiano
1634 3548 1800 3603 vestis

234 3640 461 3696 candida
488 3639 776 3708 designans
817 3628 1180 3694 innocentiam
1221 3647 1277 3694 et
1313 3640 1603 3709 puritatem
1639 3637 1801 3692 Chri»

235 3729 487 3792 stianam,
527 3742 686 3796 quam
716 3735 837 3797 post
864 3728 1074 3783 ablutas
1105 3737 1318 3784 veteres
1345 3727 1583 3783 maculas
1624 3728 1802 3782 studio

238 3828 435 3874 sancta:
468 3819 892 3874 conversationis
929 3819 1329 3874 immaculatam
1368 3833 1584 3873 servare
1612 3818 1799 3882 debet,

239 3908 304 3962 ad
329 3908 760 3976 prmsentandum
786 3917 910 3961 ante
943 3907 1178 3962 tribunal
1206 3907 1426 3976 Christi.
1456 3907 1645 3961 Cuncti
1673 3921 1803 3962 vero

240 3971 407 4051 renati
437 3995 570 4049 albis
598 3995 890 4049 induuntur
911 3996 1167 4060 vestibus,
1193 3996 1258 4049 ad
1280 3971 1594 4065 m\yswrium
1620 4009 1803 4049 resur-

239 4085 410 4157 gentis
436 4086 710 4151 Ecclesiae,
739 4086 887 4140 sicut;
908 4085 1020 4154 ipse
1040 4087 1295 4140 Dominus
1322 4102 1503 4141 coram
1525 4086 1802 4155 discipulis

220 4176 643 4246 "transﬁguratus
691 4184 808 4242 est,
863 4185 923 4230 ut
966 4177 1200 4231 dicitur:
1259 4176 1593 4247 Resplenduit
1637 4177 1799 4244 facies

240 4269 347 4337 ejus
369 4269 502 4323 sicut
523 4266 622 4333 sol,
650 4268 948 4322 vestimenta
975 4268 1088 4337 ejus
1116 4267 1254 4336 facta
1277 4276 1395 4320 sunt
1419 4266 1643 4319 candida
1666 4268 1800 4320 sicut

241 4360 365 4426 nix;
399 4374 506 4429 quo
527 4359 670 4414 facto
698 4358 1056 4427 splendorem,
1077 4368 1139 4413 ut
1161 4359 1360 4413 dictum
1386 4365 1489 4424 est,
1512 4361 1800 4428 resurgen-

243 4447 308 4503 tis
335 4448 388 4503 in
417 4448 654 4502 futurum
677 4447 924 4518 ﬁguravit
953 4448 1220 4502 Ecclesiae.
1255 4448 1490 4504 Utuntur
1510 4465 1638 4519 ergo
1663 4449 1800 4503 albis
1827 4479 1877 4537 Β

247 4540 496 4605 vestibus,
518 4547 578 4593 ut
602 4546 828 4608 quorum
857 4540 1044 4608 primae
1079 4541 1374 4596 nativitatis
1402 4541 1623 4595 infantia
1651 4548 1801 4595 vetu-

244 4633 310 4691 sti
329 4631 529 4687 erroris
559 4647 765 4701 pannus
786 4630 1108 4696 fuscaverat,
1137 4633 1354 4691 habitus
1375 4633 1624 4686 secunda:
1644 4647 1830 4702 genex

242 4727 460 4782 rationis
487 4725 667 4796 gloria:
692 4724 945 4794 prmfcrat
978 4725 1365 4778 indumentum.
1402 4725 1622 4794 Tegitur
1656 4725 1802 4779 enim

244 4824 356 4886 post
380 4830 589 4869 sacram
616 4814 920 4868 unctionem
942 4822 1104 4881 caput
1127 4813 1248 4882 ejus
1268 4815 1494 4883 mystico
1516 4814 1801 4878 velamine,

247 4915 300 4960 ut
334 4905 595 4975 intelligat
630 4920 688 4959 se
721 4903 1040 4958 diadematis
1071 4904 1245 4973 regni,
1276 4911 1330 4958 et
1352 4903 1700 4958 sacerdotalis
1725 4903 1805 4956 di-

246 4994 458 5061 gnitatis
485 4993 819 5063 portitorem,
847 4993 1001 5062 juxta
1033 4991 1346 5059 Apostolum
1370 5006 1384 5044 :
1427 4990 1526 5046 Vos
1553 4991 1692 5056 estis,
1720 4991 1805 5044 in-

179 5065 186 5074 ’
248 5084 350 5152 quit
374 5124 388 5146 ,
424 5100 585 5153 genus
619 5083 789 5153 regale
831 5093 880 5136 et
915 5081 1235 5136 sacerdotale
1275 5083 1546 5151 oﬂ'erentes
1586 5091 1807 5136 vosmet-

248 5160 374 5243 ipsos
404 5173 763 5228 Deo‘ltosbiam
789 5177 975 5239 vim,
1003 5185 1257 5239 sanctam,
1288 5174 1394 5228 Deo
1423 5173 1730 5243 placentem,
1753 5184 1809 5229 et

248 5263 460 5330 reliqua.
509 5261 643 5315 Nam
675 5264 980 5318 sacerdotes
1015 5280 1068 5316 in
1098 5263 1278 5317 Veteri
1302 5261 1645 5321 Testamento
1668 5278 1805 5331 quo-

250 5357 362 5409 dam
390 5356 615 5425 mystico
647 5354 913 5410 velamine
942 5356 1101 5424 caput
1139 5371 1352 5424 semper
1375 5353 1660 5408 ornabant.
1705 5354 1806 5410 De—

251 5446 364 5499 inde
387 5458 611 5512 corpore
635 5451 691 5498 et
719 5445 976 5513 sanguine
1012 5444 1290 5498 Dominico
1321 5459 1480 5497 omne
1500 5438 1808 5511 prtecedens

251 5540 633 5588 sacramentum
667 5533 722 5586 in
748 5548 813 5587 eo
839 5533 1208 5599 conﬁrmatur,
1236 5535 1361 5603 quia
1382 5533 1495 5588 haec
1519 5533 1638 5587 ideo
1666 5533 1810 5588 acci-

251 5640 366 5696 pere
391 5625 582 5687 debet,
612 5633 673 5677 ut
703 5625 870 5678 Deum
900 5624 1097 5678 habere
1124 5631 1395 5678 mereatur
1421 5623 1474 5676 in
1503 5638 1562 5676 se
1600 5622 1810 5676 habita-

253 5724 426 5782 torem,
452 5724 508 5771 ct
536 5715 679 5771 illius
702 5715 772 5771 sit
806 5715 997 5785 capitis
1039 5716 1371 5781 membrum,
1397 5715 1487 5784 qui
1513 5729 1704 5784 passus
1728 5719 1811 5768 est

1906 1922 2181 1986 crandam,
2231 1922 2286 1975 in
2331 1921 2565 1975 secunda
2610 1912 2822 1990 quoque
2868 1929 2926 1974 ut
2973 1918 3210 1988 ejusdem
3250 1920 3480 1992 Spiritus

1904 2011 2079 2066 sancti
2108 2010 2436 2081 septiformis
2469 2011 2639 2079 gratia
2675 2026 2795 2065 cum
2823 2012 2969 2065 omni
2999 2011 3330 2080 plenitudine
3357 2027 3482 2066 san-

1902 2102 2108 2156 ctitatis
2134 2108 2191 2156 et
2217 2101 2458 2156 scientiae
2494 2108 2548 2154 et
2586 2100 2803 2155 virtutis
2827 2141 2841 2164 ,
2888 2101 3073 2155 venire
3111 2101 3164 2154 in
3204 2100 3478 2155 hominem

1903 2192 2225 2247 declaretur.
2276 2191 2428 2246 Tunc
2474 2190 2620 2245 enim
2665 2190 2780 2259 ipse
2824 2188 3060 2258 Spiritus
3093 2198 3311 2245 sanctus
3356 2197 3478 2260 post

1902 2283 2159 2337 mundata
2183 2290 2240 2335 et
2256 2281 2537 2336 benedicta
2564 2295 2791 2349 corpora
2818 2289 2979 2348 atque
3002 2280 3229 2344 animas,
3244 2278 3416 2333 libens
3442 2293 3473 2332 a

1902 2369 2065 2425 Patre
2089 2369 2385 2432 descendit,
2414 2378 2475 2423 ut
2504 2385 2594 2424 vas
2622 2384 2776 2424 suum
2811 2383 2907 2422 sua
2932 2369 3238 2422 visitatione
3276 2369 3475 2421 sancti-

1904 2461 2032 2516 ﬁcet
2058 2469 2114 2516 et
2135 2461 2385 2527 illustret,
2415 2468 2464 2515 et
2498 2477 2641 2516 nunc
2668 2461 2739 2515 in.
2757 2461 3027 2516 hominem
3067 2462 3132 2514 ad
3172 2462 3276 2515 hoc
3294 2461 3477 2526 venit,

1893 2558 1965 2604 ut
2003 2551 2337 2621 signaculum
2385 2548 2511 2605 ﬁdei
2559 2552 2703 2620 quod
2731 2550 2787 2604 in
2816 2549 2992 2604 fronte
3028 2550 3284 2618 suscepit,
3317 2549 3481 2604 faciat

1903 2655 2025 2695 eum
2051 2642 2204 2696 donis
2230 2642 2540 2697 cmlestibus
2565 2641 2848 2712 repletum,
2869 2648 2925 2696 et
2948 2655 3043 2695 sua
3075 2637 3482 2711 gratia‘confor-

1904 2742 2093 2800 tatum,
2125 2733 2388 2802 intrepide
2415 2741 2469 2788 et
2499 2733 2758 2800 audacter
2784 2746 2967 2786 coram
3000 2730 3218 2800 regibus
3241 2739 3295 2784 et
3320 2738 3477 2797 pote-

1903 2825 2132 2880 statibus
2155 2825 2314 2894 hujus
2337 2821 2518 2878 sreculi
2557 2830 2805 2890 portare,
2837 2836 2900 2876 ac
2943 2836 3140 2875 nomen
3183 2817 3380 2874 Christi
3412 2818 3480 2871 li-

1901 2914 2032 2968 bera
2059 2929 2191 2968 voce
2212 2911 2526 2983 praedicare.
2560 2911 2673 2965 Nec
2698 2911 2892 2964 mirum
2919 2910 2963 2964 si
2989 2910 3146 2964 homo
3177 2909 3261 2962 bis
3288 2909 3476 2962 eodem

1901 3003 2194 3060 chrismate
2227 3004 2296 3058 ad
2326 3002 2694 3071 accipiendum
2730 3001 2989 3070 Spiritum
3025 3006 3268 3054 sanctum
3313 3012 3479 3066 unga-

1903 3103 2009 3159 tur,
2032 3109 2154 3148 cum
2183 3093 2322 3147 idem
2354 3091 2589 3162 Spiritus
2625 3091 2710 3146 bis
2746 3093 2819 3145 sit
2845 3090 2975 3160 ipsis
3003 3089 3261 3160 apostolis
3287 3089 3475 3153 datus,

1901 3187 1955 3241 id
1988 3195 2098 3251 est,
2140 3186 2198 3239 in
2241 3193 2388 3240 terra
2431 3183 2598 3239 semel
2625 3182 2841 3252 quando
2866 3190 2989 3251 post
3021 3179 3477 3233 resurrectionem

1899 3292 2052 3330 suam
2082 3275 2341 3330 Dominus
2370 3271 2663 3327 insulﬁavit
2699 3273 2753 3325 in
2797 3285 2890 3325 eos
2913 3310 2927 3335 ,
2961 3278 3017 3324 et
3039 3270 3208 3324 dixit:
3246 3267 3481 3336 Accipite

1899 3364 2153 3436 Spiritum
2187 3372 2460 3424 sanctum;
2507 3376 2730 3431 quorum
2770 3358 3089 3422 remiseritis,
3112 3363 3356 3425 peccata,
3394 3371 3476 3407 re-

1899 3447 2176 3509 mittuntur
2198 3455 2294 3517 eis,
2319 3462 2368 3506 et
2393 3466 2611 3523 quorum
2653 3447 2966 3502 retinueritis
3008 3454 3203 3498 retenta
3229 3451 3350 3496 sunt
3372 3459 3392 3505 ;
3422 3451 3478 3495 et

1901 3544 1967 3597 de
1990 3542 2139 3597 cmlis
2171 3540 2358 3604 semel,
2386 3537 2600 3607 quando
2625 3541 2746 3605 post
2769 3533 3138 3587 ascensionem
3180 3530 3390 3585 Domini
3419 3528 3471 3581 in

1901 3635 1987 3688 die
2014 3633 2359 3686 Pentecostes
2387 3630 2439 3682 in
2468 3627 2663 3696 linguis
2689 3625 2860 3696 igneis
2895 3634 3057 3692 super
3079 3620 3350 3698 apostolos
3380 3634 3473 3673 ve-

1902 3724 2013 3787 nit,
2056 3729 2111 3775 et
2138 3721 2378 3774 omnium
2406 3717 2643 3787 gentium
2672 3713 2870 3784 linguis
2904 3713 2983 3765 eis
3009 3711 3154 3778 loqui
3181 3709 3469 3764 concessit.

1901 3814 2043 3884 Ergo
2069 3811 2301 3883 Spiritus
2331 3815 2550 3864 sanctus
2578 3806 2776 3876 digitus
2799 3804 2893 3858 Dei
2915 3803 2969 3857 in
2992 3801 3281 3871 Evangelio
3305 3799 3479 3853 nomi-

1901 3912 2082 3967 natur,
2113 3909 2170 3955 et
2197 3902 2364 3971 digito
2393 3899 2485 3952 Dei
2511 3897 2712 3964 scripta
2738 3901 2823 3948 est
2849 3892 2953 3946 lex.
2977 3884 3102 3944 ideo
3129 3896 3308 3942 autem
3339 3887 3478 3957 digi-

1903 4003 1989 4047 tus
2020 3992 2114 4047 Dei
2145 3992 2363 4055 dicitur,
2387 3998 2448 4043 ut
2473 3989 2591 4058 ejus
2627 3986 2932 4064 operatoria
2962 3985 3136 4039 virtus
3171 3981 3329 4037 simul
3355 3995 3477 4035 cum

1903 4083 2062 4136 Patre
2090 4090 2146 4136 et
2174 4081 2310 4135 Filio
2343 4079 2721 4149 signiﬁcetun
2745 4075 2900 4131 Sicut
2942 4081 3119 4127 autem
3155 4087 3252 4141 per
3277 4070 3480 4137 baptis-

1905 4187 2052 4224 mum
2085 4171 2138 4223 in
2164 4169 2380 4223 Christo
2410 4168 2672 4221 morimur
2699 4173 2756 4219 et
2777 4163 3134 4225 renascimur,
3169 4161 3240 4213 ita
3272 4157 3476 4228 Spiritu

1902 4271 2088 4318 sancto
2114 4263 2408 4332 signamur,
2445 4259 2536 4329 qui
2563 4267 2647 4313 est
2678 4251 2877 4328 digitus
2900 4258 2993 4312 Dei
3029 4264 3085 4311 et
3128 4253 3368 4323 spiritale
3398 4252 3474 4305 si-

1900 4354 2206 4426 gnaculum.
2264 4353 2408 4406 Bene
2457 4352 2653 4420 quippe
2704 4349 2960 4404 convenit
3006 4355 3065 4400 ut
3116 4360 3214 4413 per
3265 4358 3478 4397 sacrum

1902 4447 2135 4502 chrisma
2177 4452 2233 4499 et
2276 4459 2371 4512 per
2413 4443 2790 4512 pinguedinem
2833 4440 2985 4493 oliva:
3027 4436 3196 4507 gratia
3244 4431 3478 4499 Spiritus

1903 4537 2072 4591 sancti
2097 4534 2383 4598 tribuatur,
2404 4534 2528 4601 quia
2552 4531 2605 4584 in
2626 4530 2832 4599 psalmo
2855 4528 3112 4595 scriptum
3135 4532 3219 4577 est
3241 4523 3306 4575 de
3329 4519 3478 4573 Chri-

1904 4635 1987 4681 sto
2011 4625 2307 4686 Salvatore,
2333 4621 2472 4690 quod
2498 4620 2715 4674 unxerit
2735 4633 2858 4673 eum
2882 4616 3022 4670 Deus
3057 4614 3218 4667 Pater
3246 4609 3365 4665 oleo
3392 4608 3476 4661 lte-

1905 4718 2034 4770 titia:
2060 4730 2167 4784 pra:
2209 4713 2551 4768 consortibus
2579 4710 2726 4774 suis,
2765 4716 2821 4762 et
2859 4708 2986 4761 item
3023 4705 3088 4758 de
3126 4702 3301 4765 nobis,
3338 4698 3478 4768 quod

1902 4806 2165 4861 exhilaret
2194 4804 2384 4858 faciem
2425 4812 2666 4855 nostram
2699 4801 2753 4854 in
2793 4798 2932 4853 oleo.
2971 4794 3239 4855 Chrisma,
3270 4794 3477 4865 χρίσμα
3575 4817 3577 4819 ι

1902 4897 2117 4960 Gnece,
2151 4895 2340 4948 Latine
2373 4893 2556 4947 unctio
2598 4891 2920 4950 nominatur,
2957 4902 3023 4941 ex
3064 4882 3215 4950 cujus
3262 4879 3478 4933 nomine

1901 4997 1957 5041 et
1987 4984 2233 5040 Christus
2255 4983 2484 5046 dicitur,
2530 4990 2585 5034 et
2611 4995 2677 5034 ex
2704 4980 2821 5047 ipso
2845 4978 3005 5030 homo
3033 4972 3155 5042 post
3196 4970 3473 5023 lavacrum

1889 5074 2285 5148 sanctiﬁcatur.
2335 5072 2466 5125 Nam
2499 5073 2637 5124 sicut
2679 5069 2734 5123 in
2780 5067 3102 5136 baptismate
3128 5067 3476 5148 peccatorum

1903 5165 2146 5221 remissio
2179 5165 2339 5217 datur
2362 5161 2426 5215 ad
2451 5162 2680 5224 veniam,
2722 5158 2798 5212 ita
2821 5172 2915 5226 per
2942 5155 3247 5210 unctionem
3274 5147 3477 5204 sancti-

1904 5256 2083 5310 ﬁeatio
2108 5252 2344 5322 Spiritus
2367 5248 2654 5303 adhibetur
2679 5247 2746 5301 ad
2777 5245 3024 5317 gloriam,
3056 5251 3111 5297 et
3148 5241 3250 5294 hoc
3277 5239 3342 5292 de
3367 5237 3478 5304 pri-

1906 5348 2044 5401 stina
2087 5343 2338 5398 unctione
2367 5348 2599 5394 tractum
2633 5346 2718 5393 est
2753 5335 3086 5405 exemplum,
3127 5344 3230 5399 qua
3265 5325 3392 5394 ungi
3424 5325 3477 5376 in

1907 5435 2265 5492 sacerdOtium
2305 5440 2361 5486 et
2403 5445 2625 5500 regnum
2673 5428 2922 5484 solebant
2965 5420 3166 5490 antiqui
3191 5459 3205 5482 ,
3249 5414 3391 5469 unde
3423 5419 3478 5465 et

1910 5530 2086 5583 Aaron
2115 5534 2169 5581 et
2196 5524 2286 5577 ﬁlii
2312 5523 2427 5593 ejus
2458 5530 2581 5591 post
2601 5520 2872 5572 lavacrum
2896 5531 2927 5566 ο
2952 5514 3129 5580 Moyse
3157 5503 3301 5559 uncti
3330 5509 3477 5593 sunt,

1911 5631 1972 5675 ut
2014 5618 2322 5674 sacerdotes
2344 5591 2562 5667 Domini
2594 5611 2801 5664 ﬁerent.
2831 5607 2900 5659 Et
2928 5602 3179 5656 Salomon
3206 5603 3261 5648 et
3296 5591 3476 5645 czeteri

1916 5726 2067 5782 rcges
2089 5725 2178 5778 per
2206 5707 2495 5778 prophetas
2521 5712 2574 5757 ct
2597 5698 2900 5756 sacerdotes
2936 5690 3131 5762 perlusi
3157 5693 3282 5741 sunt
3309 5695 3479 5739 cornu
