3958 6392
387 349 390 352 ,
437 275 546 347 815

1101 270 1163 324 Β.
1203 263 1460 323 MBAN!
1499 257 1716 320 MAURI
1754 250 2074 313 ARCIIIEP.
2117 249 2424 309 MOGUNT.
2465 249 2748 308 OPER‘UM
2783 249 2963 306 PARS
3001 251 3042 306 i‘.

3579 254 3685 310 ’516

435 397 558 464 οιαὶ,
590 401 649 448 ιη
673 393 818 462 regni
854 381 1216 459 gubernacula
1241 359 1508 436 tenerent.
1552 374 1704 444 Quod
1732 373 1858 429 dum
1885 385 2004 426 car-
2032 363 2084 425 Α
2108 365 2344 464 membra
2366 366 2746 464 corporis-fqu
2783 365 2884 464 sint
2915 364 3291 464 multm-unum
3321 383 3510 440 corpus
3535 382 3684 464 sunt,

436 485 630 540 naliter
657 482 732 541 ﬁt.
758 475 1068 547 spiritaliter
1093 471 1308 543 prolicit
1327 510 1343 537 ,
1384 469 1653 538 quomodo
1675 473 1727 521 et
1763 465 1878 536 ipsa
1903 465 2003 520 ba-

436 575 616 648 ptismi
642 569 811 642 gratia
834 565 1062 622 visibilis
1087 571 1242 640 actus
1268 568 1374 638 est,
1401 562 1543 630 quod
1567 560 1619 614 in
1646 572 1781 648 aqua
1811 556 2007 648 mergi-

421 646 576 725 .mur,
605 659 696 714 sed
739 654 993 726 spiritalis
1031 651 1254 707 ell‘ectus
1290 650 1432 719 quod
1473 665 1504 703 a
1540 647 1749 703 delictis
1778 646 2004 700 munda-

437 771 576 810 mur.
606 751 894 807 Videamus
922 759 1049 815 ergo
1079 752 1134 798 et
1172 743 1345 813 ipsam
1381 741 1486 797 olei
1508 750 1779 803 naturam,
1804 737 1849 792 si
1878 736 2005 805 quid

436 847 492 899 in
520 859 584 898 ea
622 841 748 897 huic
786 833 1164 909 signiﬁcationi
1191 832 1520 888 conveniens
1553 829 1719 900 possit
1761 825 2002 896 intelligi.

437 933 623 990 Oleum
648 943 882 998 namque
901 925 1098 979 ardens
1126 923 1410 987 illuminat,
1442 929 1498 975 et
1521 918 1794 992 medicans
1818 923 2001 980 sanat,

435 1027 491 1075 et.
528 1018 680 1087 aquis
714 1014 948 1069 infusum
974 1011 1291 1082 perspicuas
1316 1025 1408 1065 eas
1450 1008 1661 1064 reddit:
1693 1007 1834 1077 quod
1870 1005 2007 1060 bene

435 1109 662 1180 gratiam
713 1105 944 1175 Spiritus
993 1102 1165 1158 sancti
1210 1109 1387 1170 potest
1436 1099 1829 1155 demonstrare.
1891 1096 2010 1165 ipse

435 1196 580 1252 enim
607 1194 820 1248 ﬂamma
853 1191 1136 1247 charitatis
1163 1197 1217 1244 et
1243 1188 1529 1258 splendore
1565 1187 1860 1256 sapientiae,
1889 1185 2006 1240 ani-

437 1302 556 1341 mas
584 1285 866 1340 illuminat.
895 1284 1012 1352 ipse
1047 1281 1403 1335 medicamine
1440 1279 1738 1335 clementiae
1775 1293 1885 1333 sua:
1911 1293 2010 1348 per

436 1375 646 1429 veniam
677 1355 1020 1442 peccatorum,
1045 1355 1266 1424 vulnera
1307 1377 1482 1423 sanat.
1526 1368 1645 1437 Ipse
1686 1367 2010 1423 admistione

434 1466 650 1521 virtutis
692 1479 802 1519 suae
844 1475 1013 1533 aquas
1047 1460 1301 1531 baptismi
1323 1462 1389 1515 ad
1419 1459 1729 1531 etl‘ugandas
1753 1468 2006 1529 peccato-

435 1572 554 1612 rum
589 1556 840 1612 tenebras
863 1553 1127 1610 veraciter
1153 1553 1403 1608 illustrat.
1444 1553 1694 1607 Testatur
1714 1553 1878 1608 etiam
1905 1553 2009 1608 hoc

435 1661 588 1704 sacra
613 1645 914 1715 Scriptura,
943 1644 1020 1699 ait
1042 1643 1185 1699 enim
1221 1643 1420 1698 Paulus
1447 1661 1460 1697 :
1500 1640 1744 1697 Charitas
1772 1641 1868 1696 Dei
1896 1641 2007 1710 dif-

2108 457 2182 512 ita
2207 467 2253 513 et
2283 456 2538 529 Christus.
2573 456 2778 511 Etenim
2810 457 2865 509 in
2901 473 3006 510 uno
3045 458 3229 526 spiritu
3272 475 3449 515 omnes
3489 477 3583 515 nos
3625 463 3704 519 in,

2107 565 2268 604 unum
2290 565 2473 618 corpus
2495 547 2746 617 baptizati
2764 563 2964 613 sumus,
2979 548 3082 610 sive
3101 547 3298 614 Judazi,
3313 550 3419 604 sive
3440 550 3677 621 gentiles,

2105 643 2213 697 sive
2233 642 2392 706 servi,
2413 640 2518 694 sive
2548 639 2718 704 liberi,
2746 649 2994 694 et’omnes
3027 656 3119 693 nos
3154 657 3256 695 uno
3283 641 3471 710 spiritu
3512 641 3680 713 potati

2106 747 2304 788 sumus.
2334 732 2603 801 Spiritum,
2630 731 2775 787 enim
2801 720 3044 786 sanctum
3073 745 3225 800 aquae
3259 733 3475 804 pomine
3498 732 3680 802 appel-

2107 822 2272 877 latum
2295 824 2348 877 in
2371 822 2661 892 Evangelia
2680 821 2923 894 legimus,
2951 823 3066 891 ipso
3089 823 3310 880 Domino
3336 823 3604 888 clamante
3623 831 3681 879 et

2107 913 2318 969 dicente
2343 913 2434 969 :Si
2454 916 2569 986 quis
2590 914 2718 981 sitit,
2745 915 2915 973 veniat
2942 924 2986 969 et
3010 915 3182 982 bibat;
3204 916 3293 987 qui
3316 918 3481 973 credit
3499 918 3557 972 in
3574 934 3679 984 me,

2105 1005 2325 1072 ﬂumina
2355 1005 2418 1059 de
2446 1015 2618 1059 ventre
2654 1005 2768 1074 ejus
2807 1007 2968 1075 ﬂuent
2993 1008 3315 1076 aqum‘vivar.
3349 1007 3463 1063 Hoc
3498 1010 3678 1063 Evan-

2107 1095 2296 1164 gelista
2323 1097 2570 1166 exposuit
2596 1097 2734 1152 unde
2757 1097 2981 1163 diceret,
3007 1107 3221 1153 secutus
3249 1100 3391 1154 enim
3419 1102 3531 1154 ait:
3564 1099 3682 1155 Hoc

2106 1186 2244 1240 enim
2265 1186 2468 1240 dicebat
2489 1191 2554 1242 de
2571 1185 2770 1258 Spiritu
2789 1195 2942 1260 quem
2963 1190 3224 1258 accepturi
3246 1197 3394 1243 erant
3415 1191 3683 1244 credentes

2106 1275 2178 1330 in”
2191 1293 2331 1330 eum.
2362 1275 2468 1332 Sed
2497 1278 2642 1332 aliud
2685 1286 2769 1334 εει
2808 1294 2945 1347 aqua
2994 1278 3334 1343 sacramenti,
3370 1279 3512 1334 aliud
3542 1295 3685 1349 aqua

2108 1382 2228 1442 qua:
2251 1367 2520 1438 significat
2547 1367 2806 1439 Spiritum
2836 1378 3100 1425 sanctum.
3143 1371 3291 1439 Aqua
3321 1371 3465 1425 enim
3494 1385 3683 1425 sacra—

2108 1459 2272 1514 menti
2300 1458 2528 1514 visibilis
2556 1468 2659 1526 est,
2698 1475 2837 1530 aqua
2872 1460 3102 1530 Spiritus
3142 1461 3426 1516 invisibilis
3456 1468 3558 1515 est.
3590 1461 3686 1516 illa

2108 1551 2276 1607 abluit
2318 1563 2514 1622 corpus
2546 1561 2602 1608 et
2641 1553 2908 1624 signiﬁcat
2945 1554 3088 1622 quod
3122 1553 3193 1607 sit
3239 1553 3294 1607 in
3330 1553 3544 1619 anima;
3586 1568 3688 1623 per

2111 1642 2268 1696 istam
2297 1648 2504 1709 autem,
2529 1642 2584 1700 id
2609 1651 2713 1708 est,
2739 1658 2836 1714 per
2863 1642 3118 1714 Spiritum
3145 1649 3395 1699 sanetum
3424 1644 3539 1715 ipsa
3570 1645 3691 1699 ani-

437 1738 558 1807 fusa
587 1744 660 1792 est
791 1706 1030 1791 cordibus
1077 1735 1264 1790 nostris
1311 1752 1405 1805 per
1447 1733 1702 1804 Spiritum
1739 1706 2008 1800 sanctum,
2038 1706 2086 1766 Β
2115 1749 2200 1788 ma
2249 1706 2559 1789 mundatur.
2789 1706 2948 1790 etiam
2985 1742 3122 1806 aqua
3167 1706 3461 1805 corporalis
3491 1750 3690 1805 corpus

435 1828 524 1897 qui
552 1828 706 1881 datus
733 1835 806 1880 est
837 1825 1000 1880 nobis.
1027 1825 1093 1880 Et
1124 1824 1357 1880 Joannes
1382 1839 1396 1877 :
1435 1822 1538 1888 Qui
1578 1823 1748 1893 diligit
1769 1863 1783 1889 ,
1816 1823 2011 1892 inquit,

437 1919 651 1988 fratrem
680 1934 854 1982 suum,
877 1919 931 1971 in
953 1917 1145 1970 lumine
1166 1923 1357 1970 manet.
1386 1916 1452 1969 Et
1474 1916 1633 1969 item:
1669 1913 1794 1980 Vos,
1815 1915 2008 1986 inquit,

436 2010 727 2062 unctionem
762 2009 962 2063 habetis
996 2025 1029 2060 a
1061 2008 1264 2077 Spiritu
1295 2017 1510 2070 sancto,
1539 2015 1588 2059 et
1618 2007 1780 2060 nostis
1809 2007 2006 2060 omnia.

356 2158 359 2159 ν
434 2095 572 2150 Ecce
605 2095 965 2164 apostolon
994 2096 1274 2150 sententiae
1301 2093 1649 2150 manifestam.
1674 2110 1773 2164 per
1798 2096 2011 2151 unctio-

434 2200 556 2239 nem
580 2184 814 2260 Spiritus
845 2185 1016 2241 sancti
1046 2185 1224 2240 lumen
1255 2185 1539 2240 charitatis
1563 2192 1618 2240 et
1647 2187 1885 2274 scientiae
1914 2201 2011 2242 nos

435 2276 654 2331 habere.
687 2275 819 2329 Nam
849 2275 1098 2330 Salvator
1133 2276 1188 2330 in
1212 2275 1559 2346 Evangeiium
1591 2275 1849 2345 Spiritum
1889 2293 2012 2333 san-

435 2375 580 2422 ctum
613 2367 935 2423 medicinam
963 2381 1082 2422 esse
1111 2374 1454 2436 peccatorum
1482 2368 1735 2431 ostendit,
1768 2374 1889 2422 eum
1915 2385 2014 2438 per

329 2531 333 2535 .
437 2458 612 2528 ipsum
636 2465 957 2527 potestatem
987 2457 1242 2526 apostolis
1280 2458 1420 2512 dedit
1458 2464 1679 2534 peccata
1704 2459 2007 2526 remittere,

438 2548 661 2604 dicens:
703 2549 928 2618 Accipite
954 2546 1208 2619 Spiritum
1241 2556 1513 2613 sanetum;
1549 2563 1772 2617 quorum
1799 2549 2011 2603 remise-

435 2638 550 2691 ritis
574 2647 806 2707 peccata,
833 2638 1168 2691 remittuntur
1195 2637 1291 2702 eis,
1315 2645 1372 2692 et
1399 2635 1623 2705 reliqua.
1653 2634 1804 2702 Quod
1832 2646 2011 2702 autem

439 2725 613 2794 gratia
642 2723 880 2794 Spiritus
904 2725 1072 2780 sancti
1096 2739 1265 2793 aquas
1296 2724 1552 2794 baptismi
1579 2725 1874 2781 fecundans
1893 2725 2014 2781 illu-

435 2819 595 2877 stret,
627 2813 862 2867 insinuat
885 2812 1138 2877 Joannes,
1166 2827 1288 2886 eum
1312 2813 1485 2884 ipsum
1506 2813 1793 2869 Dominum
1816 2815 1870 2868 in
1894 2814 2015 2885 Spi-

425 2903 544 2959 'ritu
588 2913 775 2958 sancto
799 2905 1075 2972 baptizare
1115 2897 1345 2959 testatus
1379 2913 1495 2971 est,
1525 2904 1748 2960 dicens:
1785 2903 1889 2960 Sed
1923 2907 2014 2976 qui

438 2993 580 3046 misit
597 3009 681 3046 me
700 2992 965 3071 baptizare
984 2994 1039 3046 in
1058 3009 1216 3063 aqua,
1238 2992 1326 3047 ille
1346 2994 1473 3048 mihi
1493 2994 1627 3048 dixit
1641 3008 1661 3047 :
1682 2993 1850 3067 Super
1863 3013 2014 3068 quem

438 3085 627 3139 sideris
642 3083 892 3151 Spiritum
909 3083 1300 3152 descendentem
1320 3093 1367 3139 et
1388 3093 1676 3158 manentem
1697 3098 1854 3158 super
1868 3103 2010 3155 eum,

438 3173 524 3226 hic
545 3183 620 3227 est
641 3173 731 3241 qui
756 3173 984 3241 baptizat
1011 3174 1066 3227 in
1106 3171 1306 3242 Spiritu
1330 3184 1530 3227 sancto.
1563 3173 1842 3244 Nunquam
1867 3176 2011 3231 enim

386 3257 393 3266 ”
438 3275 578 3329 aqua
620 3261 958 3330 baptismatis
997 3260 1138 3317 ﬁlios
1180 3260 1315 3317 lucis
1343 3277 1602 3332 generare
1644 3275 1860 3335 posset,
1906 3267 2011 3323 nisi

435 3351 587 3420 prius
623 3351 735 3420 ipsa
782 3352 922 3406 dono
949 3351 1185 3421 ejusdem
1228 3350 1671 3422 Spiritus'sancti
1713 3356 2010 3415 illuminata

436 3449 603 3512 esset,
631 3447 691 3494 ut
738 3440 792 3493 in
830 3440 944 3510 ipsa
975 3439 1293 3495 mirabiliter
1315 3450 1532 3510 partum
1554 3444 1835 3514 .spiritaiis
1875 3447 2012 3504 lucis

439 3529 690 3592 eliceret,
729 3529 867 3586 idem
892 3527 1125 3599 Spiritus
1160 3530 1253 3600 qui
1284 3531 1337 3585 in
1371 3531 1665 3600 primordio
1691 3536 1850 3590 simul
1887 3552 2012 3593 cum

440 3619 601 3675 Patre
627 3628 682 3675 et
703 3619 840 3673 Filio
874 3618 1017 3672 illam
1045 3620 1350 3688 purgationi
1374 3630 1555 3691 aptam
1580 3627 1802 3679 creavit.
1831 3627 2014 3682 Abluit

441 3721 570 3777 ergo
599 3720 697 3760 nos
724 3706 981 3762 Dominus
1007 3722 1037 3760 a
1067 3708 1304 3776 peccatis
1332 3710 1393 3763 in
1417 3711 1761 3781 baptismate,
1787 3724 1841 3770 et
1861 3719 2016 3775 unxit

352 3869 356 3873 ἱ
445 3809 546 3850 nos
585 3804 641 3850 et
663 3796 1000 3865 consignavit
1039 3811 1137 3852 nos
1162 3795 1362 3866 Spiritu
1401 3802 1760 3868 promissionis
1801 3817 2010 3876 sancto,

446 3893 495 3938 et
528 3884 673 3939 dedit
695 3885 887 3955 pignus
917 3875 1150 3955 Spiritus
1179 3887 1234 3941 in
1263 3890 1515 3944 cordibus
1544 3893 1769 3957 nostris,
1798 3897 1897 3965 qui
1916 3875 2012 3963 est,

446 3973 629 4043 utique
677 3976 863 4044 pignus
915 3975 1231 4031 hareditatis
1275 3988 1468 4033 nostra:
1513 3979 1574 4033 in
1613 3981 2013 4054 redemptionem

445 4064 800 4133 aequisitionis
830 4064 886 4118 in
914 4064 1120 4120 laudem
1140 4065 1321 4136 gloria
1344 4068 1539 4137 ipsius,
1583 4078 1642 4123 ut
1682 4072 2012 4142 adoptionem

447 4150 676 4221 ﬁliorum
703 4153 1061 4222 reciperemus.
1093 4153 1354 4218 Quoniam
1380 4166 1552 4210 autem
1585 4159 1708 4214 estis
1725 4200 1740 4226 ,
1771 4161 1848 4216 ait
1869 4161 2012 4233 Apo-

444 4240 638 4305 stolus,
667 4239 767 4310 ﬁlii
795 4241 911 4307 Dei,
943 4243 1081 4297 misit
1113 4243 1367 4314 Spiritum
1388 4244 1520 4301 Filii
1540 4250 1624 4303 sui
1653 4251 1708 4304 in
1733 4252 1894 4308 corda
1920 4272 2013 4309 no-

444 4340 554 4385 stra
584 4330 895 4386 clamantem
919 4332 1064 4386 Abba
1092 4331 1272 4388 Pater.
1310 4334 1445 4390 Nam
1479 4339 1821 4398 conﬁrmatio
1849 4346 2010 4401 totius

448 4423 747 4477 sanctitatis
769 4432 825 4477 et
851 4424 1063 4479 virtutis
1088 4431 1144 4478 et
1162 4422 1384 4492 iustitia:
1413 4428 1467 4482 in
1497 4428 1613 4500 ipso
1633 4441 1873 4488 constat:
1900 4435 2013 4504 ipse

445 4517 534 4563 est
570 4511 816 4566 remissio
841 4513 1080 4566 omnium
1107 4523 1482 4583 peccatorum,
1519 4517 1631 4587 ipse
1666 4520 1805 4578 ﬁlios
1847 4522 1941 4579 Dei
1983 4541 2012 4581 a

449 4596 574 4651 ﬁliis
610 4596 804 4651 diaboli
849 4599 1098 4652 secernit;
1141 4599 1446 4672 Quicunque
1489 4608 1626 4661 enim
1669 4609 1871 4680 Spiritu
1917 4613 2014 4668 Dei
2056 4608 2061 4613 ’

450 4695 697 4753 aguntur,
731 4685 784 4738 lti
809 4685 908 4754 ﬁlii
941 4695 1063 4740 sunt
1095 4686 1214 4740 Dei.
1250 4688 1365 4758 Ipse
1399 4689 1660 4758 justilicat
1701 4707 1919 4756 sanctos
1958 4711 2015 4757 et

451 4772 738 4838 illuminat,
771 4769 988 4842 ipseest
1021 4775 1180 4840 Deus,
1211 4777 1324 4846 ipse
1367 4781 1460 4856 Dei
1506 4781 1734 4848 donum,
1773 4801 1837 4842 eo
1873 4789 2032 4857 quod.

450 4858 609 4912 datur
644 4875 674 4912 a
714 4861 843 4915 Deo.
875 4859 1164 4933 Unicuique
1197 4864 1358 4918 datur
1396 4870 1749 4937 manilestatio
1785 4874 2012 4946 Spiritus

453 4948 523 5004 ad
549 4949 821 5003 utilitatem
847 4966 943 5019 per
975 4952 1167 5020 ipsum.
1207 4954 1315 5009 Alii
1339 4955 1497 5010 datur
1522 4975 1691 5015 sermo
1714 4965 1981 5034 sapientia:
1997 5006 2013 5033 ,

453 5036 546 5090 alii
576 5053 741 5091 sermo
769 5041 995 5094 scientiis
1022 5043 1304 5098 secundum
1342 5047 1578 5101 eumdem
1608 5049 1892 5119 Spiritum,
1938 5057 2016 5109 al-

453 5125 552 5178 teri
575 5125 704 5193 ﬁdes
732 5128 784 5180 in
827 5128 1003 5182 eadem
1049 5129 1269 5199 Spiritu,
1309 5136 1405 5189 alii
1439 5140 1612 5206 gratia
1642 5142 1925 5198 sanitatum
1962 5147 2016 5200 in

453 5233 558 5271 uno
588 5217 808 5285 Spiritu,
836 5220 927 5273 alii
951 5224 1178 5289 Operatio
1199 5225 1467 5292 virtutum,
1495 5219 1589 5282 alii
1610 5233 1899 5300 prapltetia,
1923 5235 2016 5289 alii

453 5307 696 5367 discretio
720 5311 1020 5378 spirituum,
1046 5313 1137 5365 alii
1165 5330 1351 5382 genera
1377 5318 1696 5387 linguarum,
1725 5322 1819 5375 alii
1851 5325 2014 5380 inter-

453 5396 672 5460 pretatio
697 5412 1013 5452 sermonum.
1058 5399 1184 5454 Haec
1205 5414 1377 5458 autem
1400 5407 1575 5462 omnia
1614 5421 1859 5480 operatur
1883 5429 2016 5470 unus

459 5492 610 5549 atque
633 5485 767 5539 idem
789 5483 1039 5557 Spiritus,
1059 5490 1289 5547 dividens
1310 5494 1526 5566 singulis
1546 5510 1699 5566 prout
1720 5499 1845 5555 vult.
1871 5500 2017 5558 Sicut

456 5575 590 5625 enim
613 5591 795 5646 corpus
817 5597 974 5635 unum
994 5595 1090 5647 est,
1115 5593 1160 5637 et
1190 5587 1417 5641 membra
1444 5588 1625 5658 multa,
1649 5591 1822 5646 omnia
1844 5604 2016 5650 autem

2125 4386 2332 4408 .........,
2400 4386 2510 4398 -..η
2542 4386 2655 4412 Ψ.-
2695 4386 2920 4400 wn-.."
2965 4386 3171 4400 ...ωηο
3218 4386 3375 4400 wn...
3420 4386 3474 4400 ...
3515 4386 3689 4400 .........

2039 4386 2090 4474 ρ
2118 4386 2442 4504 praecellant,
2470 4442 2524 4489 et
2552 4435 2898 4510 pretiosion
2921 4437 3171 4492 omnibus
3195 4436 3328 4490 ﬁant
3353 4453 3367 4491 :
3396 4386 3516 4506 qu;
3540 4437 3690 4492 vide-

2114 1824 2259 1880 iavat
2284 1831 2340 1882 et
2365 1833 2535 1896 potat,
2561 1826 2637 1880 ita
2668 1824 2924 1896 spiritalis
2948 1826 3195 1896 spiritum
3223 1825 3366 1880 lavat
3401 1834 3456 1881 et
3492 1827 3685 1896 pascit.

2113 1915 2235 1969 Ideo
2268 1924 2450 1970 autem
2482 1915 2716 1984 Spiritus
2745 1923 2961 1971 sanctus
2988 1915 3317 1986 semiformis
3347 1923 3692 1988 nuncupatur

2110 2011 2328 2074 propter
2354 2004 2492 2060 dona
2519 2019 2639 2074 quae
2669 2004 2963 2060 divinitatis
3006 2007 3121 2076 ejus
3165 2005 3497 2075 plenitudine
3520 2007 3692 2076 parti-

2112 2093 2329 2149 culatim
2360 2094 2558 2164 quique
2584 2101 2645 2150 ut
2668 2094 2814 2164 digni
2836 2102 2979 2160 sunt,
3004 2095 3261 2165 consequi
3287 2105 3687 2166 promerentur.

2110 2184 2227 2256 ipse
2249 2186 2393 2241 enim
2435 2186 2658 2256 spiritus
2696 2185 2971 2254 sapientia:
3004 2193 3059 2241 et
3100 2185 3434 2251 intellectus,
3463 2186 3693 2256 spiritus

2112 2277 2320 2332 consilii
2349 2284 2403 2332 et
2429 2275 2760 2332 fortitudinis
2780 2317 2794 2342 ,
2824 2276 3045 2347 spiritus
3073 2275 3312 2332 scientiae
3351 2286 3407 2332 et
3439 2277 3689 2349 pietatis,

2112 2375 2274 2437 atque
2297 2366 2520 2436 spiritus
2547 2366 2758 2422 timoris
2774 2366 2997 2429 ,Domini
3023 2366 3339 2437 appellatur.

2659 2475 2904 2552 CAPUjl“
2927 2471 3120 2532 xxxt.

2201 2545 2277 2600 De
2322 2554 2649 2618 sacramento
2699 2545 2932 2618 corporis
2969 2557 3018 2601 et
3061 2547 3331 2618 sanguinis
3361 2547 3595 2602 Domini.

2184 2631 2291 2688 Sed
2320 2633 2542 2702 quiade
2573 2634 2779 2691 duobus
2810 2636 3193 2701 sacramentis,
3219 2635 3278 2704 id
3307 2644 3391 2690 est
3409 2636 3693 2712 baptismo

2111 2728 2167 2776 et
2190 2721 2484 2777 chrismate
2506 2721 2620 2790 jam
2647 2732 2907 2792 quantum
2938 2723 3092 2778 nobis
3115 2723 3376 2778 Dominus
3419 2724 3568 2779 dedit
3592 2739 3689 2779 su-

2113 2825 2211 2881 pra
2239 2811 2610 2878 disseruimus,
2636 2821 2884 2882 superest
2909 2821 2970 2868 ut
3006 2813 3074 2868 de
3113 2812 3331 2883 reliquis
3370 2813 3604 2881 duobus,
3635 2815 3690 2870 id

2113 2909 2216 2968 est,
2234 2916 2461 2972 corpore
2483 2902 2814 2974 etjanguine
2829 2901 3060 2968 Domini,
3078 2905 3240 2959 etiam
3261 2917 3404 2958 nune
3425 2914 3688 2972 quantum

2117 2990 2375 3048 Dominus
2395 2992 2666 3058 annuerit,
2692 2992 2999 3062 diligentius
3021 2992 3417 3064 investigemus.
3447 2993 3690 3048 Primum

2115 3083 2269 3140 nobis
2292 3084 2638 3154 quaerendum
2676 3092 2762 3140 est
2788 3097 2885 3142 cur
2909 3085 3165 3140 Dominus
3193 3085 3440 3158 corporis
3473 3093 3530 3141 et
3564 3100 3692 3140 san-

2109 3173 2286 3244 guinis
2328 3174 2410 3228 sui
2443 3173 2696 3244 mysteria
2743 3173 2931 3228 inhis
2979 3174 3139 3229 rebus
3187 3174 3385 3229 sanciri
3432 3173 3694 3230 voluisset

2108 3276 2229 3332 quae
2251 3262 2458 3319 comedi
2476 3270 2532 3318 et
2554 3262 2799 3318 consumi
2823 3271 3078 3332 possunt,
3107 3270 3162 3318 et
3185 3278 3289 3318 non
3312 3265 3494 3332 potius
3522 3264 3575 3318 in
3601 3264 3692 3318 his

2110 3366 2228 3421 quae
2261 3349 2475 3420 majore
2509 3350 2716 3406 honore
2744 3358 2954 3406 servata
3001 3345 3204 3407 diutius
3239 3351 3450 3422 integra
3496 3351 3687 3406 haberi

2108 3441 2445 3511 potuissent?
2469 3440 2687 3504 deinde,
2712 3456 2812 3496 cur
2854 3441 2909 3495 in
2939 3441 3060 3496 cibo
3087 3449 3142 3496 et
3169 3451 3297 3511 potu
3331 3442 3475 3496 idem
3498 3457 3688 3498 sacra-

2111 3539 2350 3586 mentum
2377 3528 2660 3594 voluisset,
2689 3543 2811 3584 cum
2843 3544 2910 3584 ex
2955 3529 3184 3586 terrenis
3227 3528 3488 3586 fructibus
3536 3545 3691 3586 com-

2111 3621 2260 3677 muni
2285 3637 2384 3676 usu
2423 3628 2707 3675 terrestres
2741 3629 3042 3687 uterentur,
3064 3630 3119 3679 et
3157 3637 3262 3677 non
3289 3623 3460 3694 magis
3487 3637 3553 3676 ex
3577 3622 3690 3678 alia

2113 3712 2290 3781 aliqua
2335 3727 2396 3767 re
2420 3710 2546 3766 illud
2591 3710 2856 3777 traderet,
2885 3702 3003 3783 qua:
3049 3712 3298 3768 similiter
3329 3713 3693 3783 percipientcs

2112 3803 2401 3860 reticeret?
2418 3801 2526 3859 Sed
2579 3811 2760 3860 tamen
2802 3804 3144 3873 aliQuatenus
3187 3820 3273 3861 res
3304 3805 3556 3865 inusitata
3583 3817 3691 3874 pro

2110 3893 2300 3964 majori
2323 3892 2585 3948 miraculo
2610 3894 2773 3948 etiam
2801 3893 2869 3948 ab
2899 3893 3163 3963 imperi-tis
3190 3905 3554 3959 veneraretur;
3575 3895 3692 3950 sic-

2111 3989 2170 4038 ut
2215 3993 2412 4038 manna
2460 3982 2566 4038 cibi
2616 3981 2853 4037 caelestis
2892 3983 3037 4052 pavit
3078 3984 3133 4037 in
3174 3982 3388 4040 deserto
3427 3982 3689 4054 populum

2109 4074 2484 4140 lsraeiiticum,
2514 4083 2570 4130 et
2613 4074 2861 4130 omnibus
2907 4076 3254 4132 admirandus
3282 4077 3434 4147 pluit.
3478 4077 3691 4134 Deinde

2110 4167 2242 4222 illud
2280 4166 2447 4222 etiam
2487 4165 2652 4236 quaeri
2681 4173 2879 4236 potest,
2922 4181 3021 4222 cur
3061 4167 3204 4224 inter
3239 4183 3426 4224 omnes
3475 4167 3693 4224 fructus

2112 4263 2269 4311 terrae
2290 4255 2634 4325 petissimum
2664 4254 2729 4309 ad
2777 4256 2881 4310 hoc
2923 4256 3147 4326 elegerit
3173 4255 3495 4311 frumentum
3519 4265 3691 4327 atque

2112 4344 2295 4398 vinum
2317 4383 2332 4408 ,
2359 4343 2510 4412 quasi
2542 4343 2655 4412 ipsa
2693 4352 2920 4400 cunctos
2964 4343 3171 4400 fructus
3216 4353 3375 4400 terna
3419 4343 3693 4415 dignitate

2117 4526 2244 4581 licet
2263 4525 2442 4581 omnia
2471 4525 2605 4580 solvi
2652 4541 2810 4595 posse
2852 4527 3140 4582 credimus.
3193 4525 3378 4582 Maluit
3407 4528 3551 4582 enim
3581 4528 3689 4582 Do-

2118 4617 2297 4672 minus
2320 4615 2563 4685 corporis
2589 4623 2644 4670 et
2663 4616 2939 4686 sanguinis
2975 4617 3056 4672 sui
3087 4625 3422 4672 sacramenta
3445 4616 3686 4672 ﬁdelium

2119 4721 2214 4763 ore
2236 4707 2461 4776 percipi,
2492 4714 2548 4761 et
2571 4707 2624 4760 in
2662 4714 2872 4776 pastum
2912 4722 3098 4762 eorum
3129 4707 3315 4777 redigi,
3343 4715 3402 4760 ut
3431 4721 3529 4774 per
3549 4706 3686 4761 visi-

2119 4796 2226 4852 bile
2258 4811 2393 4866 opus
2421 4795 2702 4852 invisibilis
2729 4796 3101 4852 ostenderetur
3141 4796 3383 4851 ell‘ectus.
3413 4796 3507 4851 Sic
3538 4797 3687 4851 enim

2119 4885 2269 4940 cibus
2292 4885 2590 4941 materiaiis
2615 4884 2912 4942 forinsecus
2943 4886 3113 4941 nutrit
3145 4883 3342 4954 corpus
3365 4895 3420 4941 et
3447 4894 3690 4958 vegetat,

2118 4974 2193 5029 ita
2217 4975 2380 5029 etiam
2417 4974 2640 5030 verbum
2684 4975 2779 5031 Dei
2807 4977 2958 5032 intus
2975 4976 3211 5030 animam
3245 4975 3416 5031 nutrit
3443 4984 3498 5031 et
3523 4977 3686 5032 robo—

2119 5071 2223 5128 rat,
2257 5065 2380 5134 quia
2411 5064 2511 5117 ndn
2534 5063 2729 5120 εηιεοιο
2753 5080 2886 5134 pane
2924 5066 3041 5120 vivit
3084 5065 3255 5130 homo,
3306 5065 3397 5119 sed
3435 5065 3492 5119 in
3541 5067 3697 5120 omni

2121 5151 2270 5204 verbo
2296 5151 2436 5221 quod
2481 5153 2711 5222 procedit
2735 5150 2799 5206 de
2846 5169 2934 5206 ore
2983 5151 3098 5207 Dei.
3143 5153 3252 5207 Et:
3285 5152 3511 5208 Verbum
3556 5169 3697 5209 cara

2122 5240 2319 5308 factum
2347 5252 2442 5308 est,
2477 5253 2524 5297 et
2554 5242 2803 5296 habitavit
2828 5243 2884 5296 in
2932 5245 3077 5298 nobis
3117 5244 3294 5315 (Joan.
3328 5245 3400 5318 ι).
3431 5246 3523 5301 Ait
3553 5260 3688 5316 ergo

2122 5327 2234 5397 ipsa
2259 5327 2474 5384 Veritas
2505 5347 2518 5382 :
2556 5328 2692 5383 Caro
2717 5331 2854 5383 enim
2893 5348 3008 5386 mea
3041 5349 3155 5387 vere
3175 5343 3248 5387 est
3275 5335 3440 5399 cibus,
3460 5341 3531 5385 ‘et
3558 5347 3685 5385 san-

2121 5419 2236 5488 guis
2264 5435 2408 5473 meus
2436 5435 2548 5473 vere
2585 5429 2659 5472 est
2707 5429 2878 5488 potus.
2904 5419 3042 5477 Vere
3081 5423 3288 5478 scilicet
3325 5437 3454 5478 caro
3477 5419 3689 5475 Christi

2122 5515 2206 5561 est
2229 5507 2399 5571 cibus,
2423 5507 2546 5577 quia
2567 5520 2692 5562 vere
2718 5509 2908 5576 pascit,
2929 5518 2985 5563 et
3011 5511 3077 5566 ad
3105 5520 3359 5567 mternam
3393 5509 3558 5562 vitam
3586 5507 3684 5560 lio-

2123 5597 2321 5653 minem
2366 5597 2564 5664 nutrit;
2596 5607 2652 5653 et
2693 5599 2909 5668 sanguis
2943 5599 3056 5669 ejus
3077 5615 3201 5654 vere
3238 5607 3318 5654 est
3339 5607 3521 5668 potus,
3555 5599 3698 5667 quia.
