3958 6338
239 324 339 382 317

1032 324 1119 383 DE
1154 324 1591 384 CLERICORUM
1621 315 2124 392 ιΝςτιτυΤιοΝε,
2163 327 2314 385 mc.
2346 357 2415 370 -
2449 328 2576 384 LIB.
2615 325 2653 384 ι.

238 440 560 498 esurientem
585 443 635 490 et
668 432 936 490 sitientem
965 437 1194 494 animam
1227 438 1492 508 justitiam
1537 441 1590 494 in
1636 448 1792 494 aeter-
1821 441 1867 499 Α
1897 444 2008 490 tum
2034 437 2177 491 enim
2223 438 2277 491 in
2312 438 2640 493 alimentum.
2664 439 2904 508 corporis
2940 441 3215 514 redigitur,
3267 447 3459 506 virtute

239 544 366 597 nam
413 526 681 583 veraciter
730 526 907 582 satiat.
965 526 1330 598 Temporalem
1387 531 1581 597 quippe
1631 527 1794 580 vitam

240 620 352 674 sine
374 618 478 672 isto
507 615 626 670 cibo
651 622 704 668 et
720 619 850 682 potu
875 614 1072 670 habere
1095 623 1319 684 possunt
1344 617 1605 681 homines,
1635 623 1794 668 aeter—

240 723 362 766 nam
390 704 609 762 omnino
635 717 744 758 non
776 712 1017 772 possunt,
1044 702 1168 773 quia
1214 704 1316 759 iste
1362 705 1514 758 cibus
1553 711 1608 758 et
1639 711 1797 772 potus

238 808 491 853 aitemam
529 795 835 850 societatem
861 796 1052 864 capitis
1078 797 1552 864 membrorumque
1576 811 1798 850 suorum

216 877 520 955 signiﬁcat.
554 880 656 946 Qui
684 881 983 947 manducat,
1024 883 1219 950 inquit,
1249 898 1458 936 carnem
1507 898 1706 947 meam,
1747 892 1796 937 et

239 973 358 1026 bibit
391 971 695 1042 sanguinem
737 987 928 1038 meum,
964 973 1071 1042 ipse
1097 972 1152 1026 in
1175 987 1255 1025 me
1282 981 1478 1036 manet,
1518 980 1567 1026 et
1613 989 1705 1042 ego
1741 973 1795 1027 in

236 1079 321 1127 eo,
363 1069 694 1145 quapropter
721 1075 942 1117 necesse
970 1061 1230 1118 habemus
1260 1076 1473 1116 sumere
1502 1077 1696 1131 corpus
1741 1071 1797 1118 et

237 1151 546 1221 sanguinem
578 1148 710 1218 ejus,
739 1159 798 1206 ut
836 1152 889 1205 in
927 1151 1044 1221 ipso
1073 1165 1406 1220 maneamus,
1435 1159 1489 1206 et
1528 1149 1644 1220 ejus
1672 1167 1794 1207 eor—

237 1241 380 1309 poris
433 1240 673 1293 membra
716 1239 903 1304 simus,
936 1240 1060 1307 quia
1116 1255 1262 1293 nemo
1316 1241 1544 1293 ascendit
1593 1241 1647 1295 in
1698 1258 1796 1307 cae-

235 1329 363 1392 lum,
379 1330 480 1383 nisi
501 1329 594 1398 qui
618 1327 876 1382 descendit
903 1328 964 1380 de
986 1326 1133 1392 caelo,
1157 1323 1331 1382 Filius
1348 1329 1594 1404 hominis,
1613 1329 1795 1400 quiest

235 1419 287 1470 in
321 1417 444 1472 caelo
482 1416 660 1488 (Ιοαη.
692 1415 796 1486 ιιι).
825 1411 976 1481 Quod
1014 1423 1193 1469 autem
1225 1429 1291 1485 ex
1338 1423 1493 1470 terra:
1537 1415 1796 1477 fructibus

235 1508 402 1561 voluit
423 1508 538 1562 haec
575 1515 909 1561 sacramenta
957 1505 1167 1571 conﬁci,
1197 1506 1311 1561 haec
1341 1506 1478 1560 ratio
1506 1515 1589 1561 est
1631 1508 1796 1576 :iquia

233 1610 361 1665 ergo
411 1595 523 1663 ipse
559 1593 723 1649 Filius
754 1594 847 1648 Dei
896 1595 1055 1653 homo
1099 1596 1152 1649 in
1184 1603 1324 1651 terra
1372 1597 1511 1652 inter
1553 1599 1796 1654 homines

237 1684 408 1742 lactus
464 1693 567 1750 est,
613 1692 667 1738 et
703 1698 769 1738 ex
824 1684 1055 1739 terrenis
1094 1686 1438 1754 parentibus,
1484 1685 1688 1742 scilicet
1731 1701 1797 1740 ex

1897 533 2075 578 autem
2105 526 2425 580 sacramenti
2451 537 2667 582 aeterna:
2691 528 2811 582 vita:
2859 529 3092 599 dignitas
3129 533 3457 602 adipiscitur.

1895 615 1952 670 ln
1981 625 2316 671 sacramento
2343 615 2527 672 ﬁdeles
2547 609 2744 686 quique
2765 620 3222 677 communicantes
3246 635 3459 692 pactum

1895 706 2170 763 societatis
2223 715 2278 761 et
2325 707 2474 776 pacis
2501 708 2725 765 .iaeunt.
2767 708 2823 761 1n
2865 709 3063 764 virtute
3104 713 3246 767 enim
3278 729 3462 772 sacra-

1896 797 2060 850 menti
2099 797 2276 851 omnia
2329 797 2566 851 memhra
2603 797 2767 865 capiti
2810 812 2908 852 suo
2949 797 3234 866 conjuncta
3285 811 3340 856 et
3376 819 3463 858 co-

1894 884 2123 939 adunata
2156 886 2210 939 in
2236 894 2434 962 interna
2458 886 2703 940 claritate
2725 886 3051 955 gaudebunt.
3087 887 3238 944 Sicut
3260 881 3386 961 ergo
3409 894 3466 948 in

1894 989 1993 1028 nos
2018 974 2072 1028 id
2106 976 2434 1030 convertitur
2463 991 2585 1031 cum
2627 974 2679 1028 id
2710 977 3092 1034 manducamus
3113 989 3166 1035 et
3209 978 3458 1048 bibimus,

1894 1063 1973 1116 sic
2010 1069 2064 1117 et
2090 1079 2186 1120 nos
2219 1065 2270 1117 in
2308 1078 2504 1133 corpus
2531 1063 2732 1118 Christi
2778 1067 3141 1121 convertimur
3167 1070 3290 1123 dum
3339 1072 3465 1127 obe-

1895 1153 2102 1208 dienter
2127 1162 2181 1208 et
2200 1155 2288 1224 pie
2312 1155 2562 1209 vivimus.
2592 1153 2697 1208 Sed
2729 1162 2905 1209 tamen
2937 1157 3104 1225 ipsius
3139 1163 3464 1218 sacramenti
3499 1206 3505 1209 _

1897 1240 2057 1312 (sicut
2085 1230 2246 1312 supra
2274 1243 2526 1315 diximus)
2555 1251 2700 1297 tanta
2723 1252 2806 1298 est
2831 1245 3064 1315 dignitas
3102 1256 3156 1301 et
3195 1257 3340 1305 tanta
3369 1267 3462 1320 μοι

1897 1334 2083 1401 tentia,
2121 1344 2183 1389 ut
2220 1335 2526 1404 quicunque
2551 1334 2676 1389 illud
2707 1335 2918 1405 indigne
2943 1340 3261 1408 perceperit,
3293 1343 3465 1412 magis

1895 1422 1996 1477 sibi
2038 1423 2432 1480 damnationem
2487 1439 2649 1494 quam
2708 1425 2936 1480 salutem
2980 1429 3264 1496 acquirat,
3323 1433 3474 1502 quod.

1895 1512 2132 1568 ostendit
2156 1511 2442 1582 Apostolus
2473 1513 2657 1568 dicens
2689 1531 2701 1567 :
2746 1512 3052 1592 Quicunque
3075 1518 3210 1573 enim
3238 1521 3468 1573 mandu-

1896 1598 2084 1651 ca‘vcrit
2106 1616 2292 1668 panem
2318 1601 2474 1665 hunc,
2507 1601 2583 1654 vel
2607 1601 2784 1655 biberit
2814 1602 3027 1658 calicem
3077 1592 3291 1659 Domini
3327 1609 3467 1662 indi-

1900 1701 2155 1754 gne,reus
2181 1687 2275 1739 erit
2307 1691 2537 1755 corporis
2583 1698 2629 1741 et
2677 1686 2945 1758 sanguinis
2992 1690 3224 1744 Domini.
3277 1692 3474 1750 Probet

168 1762 181 1771 κ
233 1775 402 1844 stirpe
436 1773 605 1827 Adam
642 1773 966 1841 progenitus
999 1790 1012 1824 :
1041 1772 1242 1827 Veritas
1292 1773 1354 1827 de
1404 1783 1543 1827 terra
1571 1783 1685 1828 orta
1726 1784 1799 1828 est
1829 1778 1874 1836 Β
1902 1782 2073 1826 autem
2119 1774 2347 1843 seipsum
2375 1775 2526 1828 homo
2556 1785 2603 1829 et
2647 1778 2722 1829 sic
2776 1779 2839 1829 de
2869 1795 3001 1847 pane
3030 1777 3120 1832 illo
3147 1779 3286 1845 edat,
3312 1791 3360 1834 et
3402 1780 3468 1836 ds

237 1863 407 1936 (Psal.
435 1862 542 1934 iv),
595 1871 656 1916 ut
696 1876 762 1916 ex
811 1862 1091 1932 terrigenis
1137 1862 1406 1934 cmlieolas
1442 1861 1676 1928 faceret,
1732 1863 1798 1919 de

176 2022 182 2027 ἢ
233 1952 472 2009 terrenis
514 1951 775 2006 fructibus
821 1951 998 2008 cibum
1042 1951 1313 2009 cmlestem
1359 1952 1539 2027 homo
1564 1953 1797 2011 caelestis

236 2042 384 2108 fecit,
421 2050 484 2098 ut
508 2042 650 2100 sicut
679 2027 795 2111 ipse
820 2040 962 2096 Deus
990 2040 1272 2096 invisibilis
1307 2042 1360 2095 in
1405 2020 1566 2097 εει-εἶθ
1601 2041 1797 2096 visibili

233 2133 313 2200 ad,
339 2131 622 2188 salvandos
653 2129 909 2198 mortales
933 2130 1176 2200 mortalis
1219 2131 1479 2201 apparuit,
1523 2120 1595 2185 ita
1635 2131 1796 2186 etiam

233 2238 299 2280 ex
328 2223 552 2280 materia
586 2220 782 2276 visibili
810 2235 922 2275 rem
951 2221 1268 2276 invisibilem
1291 2226 1524 2292 congrue
1550 2222 1678 2290 ipsis
1708 2222 1796 2276 de-

233 2312 586 2375 monstravit,
638 2317 697 2364 ut
745 2309 801 2364 in
851 2309 1038 2365 eadem
1092 2324 1151 2364 re
1189 2309 1345 2365 simul
1397 2310 1699 2379 ediscerent
1744 2319 1799 2363 et

235 2401 364 2472 quid
392 2400 534 2454 Deus
567 2405 786 2467 propter
813 2411 913 2452 nos
940 2395 1113 2453 factus
1150 2405 1269 2462 est,
1318 2405 1374 2452 et
1399 2397 1527 2472 quid
1563 2413 1664 2452 nos
1703 2412 1800 2467 per

235 2492 410 2561 ipsum
450 2488 614 2543 futuri
663 2502 868 2542 sumus.
901 2485 998 2554 Ait
1027 2485 1172 2541 enim
1221 2476 1490 2556 apostolus
1517 2486 1749 2543 Joannes
1783 2505 1796 2540 :

235 2577 562 2641 Charissimi,
589 2592 722 2632 nunc
748 2570 848 2644 filii
891 2568 988 2630 Dei
1007 2591 1208 2639 sumus,
1229 2578 1277 2629 et
1300 2583 1529 2630 nondum
1556 2567 1797 2646 apparuit

233 2668 358 2740 quid
381 2652 599 2732 erimus,
619 2661 810 2720 scimus
831 2665 1085 2736 quomodo
1116 2682 1235 2725 cum
1255 2666 1576 2736 apparuerit,
1599 2664 1794 2720 similes

235 2761 284 2815 ei
333 2759 528 2815 erimus
569 2747 640 2829 ,(I
687 2755 846 2812 Joan.
880 2755 986 2830 in).
1015 2749 1122 2814 Cur
1165 2749 1341 2816 autem
1389 2770 1582 2824 panem
1629 2763 1691 2820 et
1715 2755 1798 2808 vi-

234 2863 364 2907 aum
388 2837 545 2918 hanc
588 2839 899 2917 dignitatem
945 2839 1169 2914 elegerit
1220 2842 1441 2914 exponit
1497 2837 1798 2915 Scriptura,

236 2950 358 3007 qua:
383 2942 613 2998 testatur
643 2925 903 3004 Spiritum
932 2942 1177 2989 sanctum
1192 2929 1577 3010 pronuntiasse
1610 2946 1800 2989 secuno

235 3026 361 3082 dum
404 3016 647 3080 ordinem
698 3013 1089 3080 Melchisedech
1137 3022 1412 3080 Christum
1465 3023 1796 3080 sacerdotem

1899 1858 2058 1913 calice
2088 1858 2247 1913 bibat.
2275 1859 2378 1925 Qui
2403 1863 2538 1915 enim
2566 1864 2845 1940 manducat
2880 1874 2928 1919 et
2979 1864 3100 1919 bibit
3128 1858 3361 1938 indigne,
3373 1869 3465 1938 ju-

1896 1943 2088 2000 dicium
2137 1947 2235 2001 sibi
2276 1947 2555 2003 manducet
2597 1960 2647 2004 et
2689 1950 2833 2017 bibit,
2871 1969 2975 2009 non
3017 1951 3316 2024 dijudicans
3357 1957 3466 2011 Do-
3525 1974 3528 1977 ‘

1895 2035 2026 2101 mini
2071 2053 2258 2106 corpus
2288 2035 2348 2107 (1
2376 2025 2510 2090 δον(
2542 2036 2652 2108 xi).
2700 2026 2849 2095 Tunc
2884 2042 3026 2096 enim
3068 2058 3188 2101 vere
3217 2053 3272 2100 et
3322 2026 3470 2104 saltt-

1895 2125 2068 2181 briter
2098 2131 2295 2198 corpus
2336 2136 2389 2183 et
2431 2130 2744 2200 sanguinem
2796 2131 2995 2189 Christi
3041 2128 3388 2208 percipimus,
3423 2137 3470 2193 si

1896 2231 2002 2270 non
2033 2221 2241 2270 tantum
2291 2217 2559 2284 volumus,
2594 2229 2652 2274 ut
2682 2221 2739 2274 in
2788 2231 3128 2280 sacramento
3156 2233 3376 2288 carnem
3415 2235 3471 2288 et

1898 2306 2210 2378 sanguinem
2255 2305 2455 2361 Christi
2487 2309 2731 2375 edamus,
2763 2309 2857 2364 sed
2906 2307 3074 2380 usque
3117 2313 3187 2374 ad
3234 2294 3471 2385 Spiritus

1896 2394 2362 2477 participationem
2391 2399 2775 2477 manducemus
2799 2409 2855 2472 et
2876 2398 3144 2469 bibamus,
3189 2412 3250 2458 ut
3283 2396 3474 2461 in\Do‘

1900 2480 2029 2538 mini
2067 2475 2293 2554 carpore
2327 2495 2578 2556 tanquam
2610 2475 2850 2543 membra
2894 2505 3226 2558 maneamus,
3256 2500 3319 2548 ut.
3354 2492 3478 2564 ejus

1900 2572 2104 2642 Spiritu
2118 2583 2444 2645 vegetemur.
2461 2570 2691 2638 Sumunt
2710 2579 2838 2651 ergo
2854 2574 3037 2635 ﬁdeles
3054 2581 3191 2644 bene
3205 2590 3260 2638 et
3273 2582 3476 2640 veraci-

1901 2671 1984 2717 ter
1997 2672 2192 2734 corpus
2208 2664 2423 2730 Christi,
2445 2667 2489 2721 si
2506 2679 2700 2736 corpus
2712 2660 2907 2725 Christi
2925 2686 3030 2726 non
3046 2672 3318 2748 negligant
3330 2687 3474 2740 esse,

1873 2751 2030 2808 ’ﬁant
2044 2750 2237 2824 corpus
2251 2755 2448 2814 Christi
2459 2798 2474 2823 ,
2490 2758 2731 2828 si'volunt
2744 2759 2925 2819 vivere
2939 2762 3005 2817 de
3029 2760 3232 2833 Spiritu
3247 2763 3469 2825 Christi.

1899 2835 1974 2896 De
1999 2841 2203 2912 Spiritu
2229 2841 2431 2917 Christi
2455 2854 2563 2901 non
2590 2847 2725 2901 vivit
2745 2834 3073 2929 nisicorpus
3096 2850 3317 2908 Christi.
3343 2851 3476 2922 lude

1899 2939 1982 2986 est
2026 2933 2171 3000 quod
2222 2948 2496 3004 exponens
2553 2931 2705 2990 nobis
2755 2937 3045 3008 Apostolus
3095 2940 3238 2996 hunc
3277 2940 3472 3010 panem

1899 3032 2282 3093 unumunum
2319 3038 2513 3093 corpus
2541 3019 2738 3080 Christi
2771 3026 3076 3097 signiﬁcare
3117 3028 3344 3100 intelligi
3374 3045 3471 3085 vo-

235 3129 365 3190 esse
385 3113 646 3170 futurum.
698 3106 1084 3169 Melchisedech
1136 3129 1271 3186 ergo
1319 3114 1544 3170 Genesis
1590 3125 1796 3182 narrat,
1824 3102 1868 3165 C
1899 3110 2019 3171 luit.
2046 3111 2299 3182 Calicem,
2325 3113 2527 3184 inquit,
2571 3115 2940 3172 benedictionis
2988 3118 3075 3173 cui
3104 3117 3473 3186 benedicimus,

236 3218 432 3276 panem
475 3213 532 3259 et
577 3202 761 3260 vinum
810 3196 1068 3258 obtulisse
1100 3202 1262 3275 (Gen.
1322 3203 1454 3276 xxv).
1507 3203 1799 3275 Oportebat
1897 3215 2066 3254 nonne
2102 3191 2508 3258 communicatio
2550 3205 2819 3274 sanguinis
2850 3204 3044 3260 Christi
3088 3207 3207 3262 est?
3248 3217 3298 3268 et
3320 3203 3473 3278 panis

236 3295 381 3352 enim
413 3302 474 3350 ut
500 3293 591 3365 qui
612 3293 904 3350 secundum
925 3284 1171 3350 ordinem
1193 3286 1580 3361 Melchisedech
1620 3308 1798 3349 sacer-
1894 3307 2046 3363 quem
2091 3291 2381 3362 frangimus
2426 3309 2598 3349 nonne
2635 3296 2972 3365 participatio
3002 3284 3474 3366 corporisDominj

237 3383 335 3440 dos
361 3382 535 3440 factus
569 3382 746 3440 fuerat
769 3381 1092 3438 oblationem
1130 3383 1367 3454 ejusdem
1395 3381 1664 3454 pontiﬁcis
1686 3382 1800 3452 ipse
1895 3381 2009 3434 est?
2031 3381 2300 3446 Quomodo
2321 3381 2459 3438 unus
2480 3383 2655 3452 panis,
2687 3389 2848 3443 unum
2871 3395 3058 3453 corpus
3083 3385 3236 3440 multi
3267 3402 3471 3454 sumus,

235 3472 481 3546 pontifex
527 3471 704 3528 factus
730 3470 1056 3538 imitaretur,
1088 3479 1151 3526 ut
1189 3470 1470 3549 Scriptum
1486 3471 1556 3528 de
1578 3484 1645 3527 eo
1676 3486 1802 3544 pro-
1898 3487 2174 3540 onsnesque
2217 3471 2283 3524 de
2321 3487 2424 3525 uno
2453 3461 2589 3541 pane
2614 3481 2661 3527 et
2708 3488 2813 3527 uno
2863 3473 3024 3529 calice
3074 3475 3470 3544 participant“.

238 3561 492 3617 nuntians
517 3561 753 3617 veridica
780 3575 900 3617 esse
950 3561 1290 3631 probaretur,
1317 3561 1445 3634 quin.
1495 3559 1650 3620 ’πρωί
1692 3576 1802 3618 non
1831 3596 1843 3608 .
1899 3557 2008 3627 Nec
2050 3559 2194 3620 enim
2226 3557 2282 3613 in
2332 3561 2689 3619 sacramentis
2729 3561 2875 3617 aliud
2927 3563 3109 3618 oll'erri
3152 3563 3316 3632 licet,
3367 3565 3474 3621 nisi

234 3651 388 3707 venit
428 3651 636 3708 solvere
677 3651 881 3722 legem,
910 3651 1005 3706 sed
1033 3651 1340 3722 adimplere,
1385 3648 1535 3709 sicut.
1555 3648 1632 3724 ip.
1665 3691 1673 3706 .
1707 3652 1808 3708 Ve-

236 3742 370 3796 ritas
414 3748 680 3796 testatur:
713 3739 985 3810 Quamodo
1029 3756 1229 3795 necesse
1255 3748 1352 3811 est,
1377 3736 1575 3810 inquit,
1601 3738 1806 3811 inpleri

237 3831 415 3890 omnia
440 3847 555 3901 qua:
583 3831 775 3901 scripta
801 3838 923 3898 sunt
953 3829 1008 3884 in
1035 3829 1144 3900 lege
1162 3865 1178 3896 ,
1203 3838 1251 3883 et
1285 3829 1575 3902 prophetis,
1590 3837 1637 3882 et
1664 3827 1806 3900 psal-

236 3920 358 3984 mis,
393 3920 457 3973 de
481 3919 600 3973 me?
632 3917 922 3988 Propterea
953 3917 1148 3986 quippe
1173 3917 1433 3973 Dominus
1478 3925 1664 3972 noster
1688 3931 1806 3972 cor-

235 4023 340 4083 pus
382 4015 436 4064 et
456 4007 775 4085 sanguinem
804 4021 962 4064 suum
991 4005 1046 4060 in
1091 4006 1172 4061 eis
1215 4006 1375 4067 rebus
1400 4005 1808 4079 commendavit

237 4114 360 4170 qua:
391 4098 459 4153 ad
507 4113 674 4154 unum
714 4095 914 4167 aliquid
955 4096 1286 4167 rediguntur,
1337 4111 1404 4152 ex
1458 4096 1640 4151 multis
1693 4095 1808 4152 sive

237 4191 424 4264 granis
451 4188 562 4246 sive
587 4188 812 4260 azymis,
837 4195 897 4243 ut
919 4195 1226 4245 sanctorum
1255 4179 1530 4242 charitatis
1549 4186 1807 4240 unitatem

238 4280 598 4353 signiﬁcaret,
619 4287 674 4336 et
709 4277 934 4350 intelligi
961 4277 1113 4333 daret
1148 4277 1388 4350 corporis
1421 4277 1809 4341 membrorume

1902 3645 2044 3716 quod
2089 3644 2350 3715 Dominus
2399 3647 2514 3715 ipse
2550 3647 2851 3713 constituit,
2880 3655 2936 3702 et
2970 3664 3068 3719 suo
3094 3651 3342 3721 exemplo
3387 3650 3473 3707 fa-

1901 3749 2026 3790 cere
2077 3749 2178 3806 nos
2229 3731 2429 3791 docuit.
2477 3733 2736 3800 Quoniam
2784 3730 3039 3790 Dominus
3081 3737 3232 3792 Iesus
3268 3739 3323 3794 in
3368 3756 3479 3807 quo

1903 3835 2049 3880 nocte
2078 3825 2384 3879 tradebatur
2419 3824 2630 3895 accepit
2639 3842 2845 3896 panem,
2877 3835 2922 3880 et
2948 3827 3145 3897 gratias
3175 3845 3332 3900 agens
3365 3830 3476 3898 fre-

1903 3916 1975 3985 git
2016 3925 2063 3969 et
2089 3914 2223 3971 dixit
2248 3933 2267 3970 .'
2295 3907 2412 3970 Hoc
2455 3927 2528 3969 est
2560 3933 2746 3986 corpus
2792 3934 2963 3971 meum
3009 3919 3148 3986 quod
3191 3935 3286 3988 pro
3335 3919 3477 3975 vobis

1904 4003 2162 4068 traditur;
2201 4003 2298 4056 hac
2333 4003 2490 4072 facite
2514 3999 2570 4057 in
2596 4020 2762 4058 meam
2803 4008 3363 4062 commemorationem.
3392 4006 3478 4062 Si-

1903 4090 2096 4150 militer
2115 4104 2162 4149 et
2185 4077 2398 4149 calicem
2424 4105 2696 4166 postquam
2723 4096 2936 4149 sanavit
2967 4096 3143 4150 dicens
3166 4112 3184 4150 :
3210 4095 3312 4150 Hic
3338 4096 3480 4159 calix

1908 4185 2044 4240 Noui
2074 4185 2385 4250 Testamenti
2407 4197 2482 4241 est
2504 4189 2701 4243 in'meo
2728 4190 3004 4258 sanguine,
3032 4192 3130 4244 hoc
3167 4191 3324 4261 facite
3349 4181 3480 4262 quo-

1905 4278 2199 4348 tiescunque
2233 4278 2460 4344 “bibets's,
2514 4280 2568 4332 in
2617 4295 2784 4333 meum
2829 4284 3367 4338 commemorationem
3392 4277 3477 4357 ’(1

240 4387 347 4444 que
372 4387 588 4428 suorum
628 4371 909 4436 unitatem,
941 4369 1082 4439 quod
1118 4378 1204 4426 est
1244 4370 1427 4424 sancta
1465 4358 1705 4428 Ecclesia
1752 4367 1881 4444 in“
1909 4365 2030 4422 Cor.
2085 4361 2194 4438 xi).
2235 4361 2376 4438 Ergo
2431 4382 2624 4437 panem
2675 4366 3131 4432 infermentatum,
3191 4378 3246 4425 et
3291 4371 3479 4431 vinum

241 4557 446 4613 sanctis
493 4565 549 4613 et
592 4554 838 4611 ﬁdelibus
888 4554 1005 4624 ejus
1048 4573 1062 4609 :

242 4649 448 4704 factum
491 4655 597 4712 est,
628 4646 682 4701 id
711 4654 812 4712 est,
859 4646 914 4700 in
967 4645 1467 4716 praedestinatione;
1517 4639 1808 4700 Secundum

244 4746 300 4794 et
329 4736 544 4792 tertium
573 4743 629 4792 ct
651 4733 848 4791 factum
873 4743 978 4802 est,
1007 4742 1060 4790 et
1088 4734 1167 4800 ﬁt,
1192 4743 1246 4790 et
1275 4735 1385 4799 ﬁet,
1417 4735 1470 4789 id
1497 4741 1582 4789 est
1600 4734 1810 4788 vocatio

241 4835 299 4882 et
318 4825 659 4896 justiﬁcatio;
699 4832 948 4922 quartum
977 4831 1155 4879 autem
1187 4825 1242 4879 in
1270 4838 1329 4878 re
1361 4823 1598 4879 futurum
1622 4830 1726 4888 est,
1757 4823 1810 4877 id

245 4922 332 4970 est
366 4913 678 4985 gloriﬁcatio
705 4911 862 4982 huius
891 4913 967 4968 rei
995 4922 1412 4979 sacramentum,
1438 4914 1492 4969 id
1522 4921 1605 4968 est
1631 4914 1811 4967 unitas

247 5005 491 5074 corporis
510 5012 569 5060 .et
597 5005 873 5074 sanguinis
895 5003 1095 5060 Christi
1117 5004 1183 5061 de
1209 5019 1392 5060 mensa
1417 4996 1693 5077 Dominica
1725 5019 1812 5058 as-

248 5093 480 5152 sumitur
503 5093 821 5164 quibusdam
846 5094 913 5149 ad
941 5092 1126 5159 vitam,
1141 5095 1456 5164 quibusdam
1479 5095 1545 5148 ad
1565 5093 1808 5155 exitium,

247 5201 337 5241 res
370 5197 498 5238 vero
535 5183 650 5252 ipsa
697 5186 842 5239 omni
871 5185 1071 5243 homini
1103 5187 1169 5241 ad
1207 5185 1393 5250 vitam,
1423 5183 1549 5237 nulli
1596 5182 1661 5236 ad
1699 5183 1810 5236 cxi-

245 5275 404 5329 tium.
433 5269 745 5341 Quicunque
773 5274 913 5328 enim
959 5274 1073 5343 ejus
1102 5274 1368 5345 particeps
1401 5272 1583 5336 inerit,
1611 5272 1663 5326 id
1705 5280 1811 5336 est,

246 5361 466 5418 Christo
497 5361 658 5430 capiti
685 5348 983 5418 membrum
1012 5364 1306 5420 associatus
1355 5361 1514 5417 fuerit
1551 5363 1601 5415 in
1651 5377 1815 5432 regno

249 5453 480 5517 cmlesti,
522 5452 647 5521 quia
688 5451 831 5506 aliud
878 5462 961 5508 est
1007 5463 1420 5518 sacramentum,
1466 5454 1605 5508 aliud
1647 5455 1815 5508 virtus

247 5541 590 5604 sacramenti,
623 5552 1014 5598 sacramentum
1055 5545 1199 5598 enim
1233 5559 1325 5598 ore
1362 5542 1674 5612 percipitur,
1717 5545 1817 5598 vir-

253 5639 367 5688 tute
397 5630 718 5688 sacramenti
749 5631 973 5689 interior
1016 5633 1176 5688 homo
1205 5632 1454 5687 satiatur.
1498 5631 1815 5687 Sacramen-

239 4429 638 4539 praedestinatis
664 4470 719 4516 et
742 4429 1272 4530 vocatisjustiﬁeatis
1299 4469 1458 4532 atque
1477 4429 1885 4533 gloriﬁeatisvD

1117 4571 1345 4626 quorum
1412 4554 1646 4625 primum
1695 4551 1824 4621 jam'

1910 4474 2048 4528 aqua
2086 4460 2303 4514 mistum
2334 4460 2387 4513 in
2417 4468 2812 4524 sacramentum
2841 4449 3081 4529 corporis
3118 4469 3174 4515 et
3195 4464 3481 4533 sanguinis

1910 4537 2108 4603 Christi
2148 4548 2470 4604 sanctiﬁcari
2497 4557 2730 4618 oportet,
2758 4547 2882 4618 quia
2905 4549 3048 4617 ipsas
3076 4563 3162 4604 res
3190 4549 3259 4605 de
3287 4566 3347 4607 se
3375 4553 3481 4608 Do-

1898 4639 2112 4694 .minum
2147 4638 2422 4696 testiﬁcari
2449 4638 2796 4709 Evangelium
2837 4649 3043 4694 narrat.
3068 4635 3159 4695 Ait
3181 4642 3324 4695 enim
3364 4641 3482 4713 ipse

1913 4727 2199 4782 Dominus:
2219 4727 2331 4797 Ego
2357 4745 2472 4782 sum
2498 4730 2650 4798 panis
2680 4729 2821 4783 vivus
2842 4728 2933 4799 qui
2953 4729 3019 4782 de
3046 4722 3171 4783 caelo
3196 4730 3478 4788 descendi:

1911 4818 1957 4872 si
1981 4818 2095 4888 quis
2123 4817 2509 4872 manducauerit
2546 4835 2610 4873 ex
2649 4819 2744 4873 hoc
2765 4836 2918 4889 pane,
2954 4820 3079 4872 vivet
3105 4820 3160 4873 in
3183 4830 3433 4880 tcternum
3464 4862 3482 4888 ,

1914 4919 1962 4964 et
1988 4911 2138 4980 panis
2167 4927 2318 4980 quem
2347 4927 2439 4981 ego
2467 4912 2601 4965 dabo
2636 4928 2757 4965 caro
2788 4928 2901 4965 mea
2927 4921 3002 4965 est
3041 4927 3136 4981 pro
3160 4913 3344 4968 mundi
3370 4915 3478 4969 sita

1915 5000 2093 5072 (Joan.
2120 5000 2217 5073 vr).
2245 5003 2312 5056 Et
2347 5003 2472 5056 item
2501 5020 2514 5055 :
2544 5002 2656 5071 Ego
2682 5019 2819 5067 sum,
2848 5002 3042 5071 inquit,
3071 5003 3187 5058 ritis
3209 5020 3350 5058 vera.
3377 5003 3484 5060 1⁵³-

1916 5089 1998 5145 nis
2018 5089 2159 5157 enim
2190 5090 2286 5144 Dei
2325 5089 2600 5168 descendit
2625 5089 2690 5143 de
2719 5088 2886 5155 caelo,
2913 5099 2968 5143 et
2997 5092 3087 5145 dat
3117 5091 3280 5145 vitam
3318 5108 3475 5146 mun-

1917 5183 1984 5236 do
2006 5222 2023 5246 ,
2050 5197 2208 5252 quem
2249 5169 2408 5235 Pater
2445 5180 2698 5249 signavit,
2731 5180 2874 5236 Deus
2900 5181 3047 5236 misit
3097 5182 3151 5236 in
3197 5182 3473 5237 mundum.

1917 5274 2015 5330 llic
2039 5283 2122 5329 est
2151 5275 2305 5344 panis
2326 5273 2466 5338 vitae,
2506 5273 2649 5328 hunc
2677 5274 2768 5345 qui
2790 5275 3107 5336 manducet,
3143 5289 3249 5330 non
3273 5273 3476 5328 esuriat

1917 5366 1969 5419 in
1995 5374 2276 5420 aeternum.
2320 5363 2428 5419 Iste
2452 5364 2609 5435 panis
2649 5380 2743 5420 cor
2775 5365 3009 5420 hominis
3041 5363 3340 5426 conﬁrmat,
3371 5362 3476 5418 istc

1914 5455 2126 5524 quidem
2189 5454 2255 5509 de
2306 5463 2450 5508 terra
2509 5462 2715 5510 natura:
2771 5463 2967 5509 nostra:
3022 5454 3311 5522 productus
3363 5459 3468 5504 est.

1916 5545 2166 5616 l'studque
2189 5546 2371 5599 vinum
2401 5545 2639 5601 laetiﬁcat
2678 5560 2772 5600 cor
2814 5543 3057 5613 hominis,
3090 5541 3232 5610 quod
3268 5555 3335 5594 ex
3368 5540 3477 5596 vite

1918 5652 2040 5691 vera
2071 5637 2348 5705 processit.
2381 5635 2488 5692 Nec
2528 5636 2672 5692 enim
2702 5633 2844 5689 aliud
2870 5649 2934 5686 cx
2971 5631 3078 5685 vite
3106 5645 3266 5696 quam
3291 5629 3475 5684 vinum
