3958 6392
468 279 574 336 319

1133 274 1193 327 Β.
1235 271 1483 328 RABANI
1521 269 1738 328 MAURI
1772 266 2087 325 ARCHIEP.
2129 264 2437 324 MOGUNT.
2477 264 2765 324 OPERUM-
2799 263 2979 322 PARS
3013 265 3057 321 l.

3583 262 3690 318 320

465 388 616 444 nasci
639 391 829 456 potest.
847 383 989 454 Ergo
1001 385 1123 452 quin
1145 383 1296 453 panis
1317 382 1568 451 corporis,
1585 378 1882 441 conﬁrmat,
1909 377 2029 431 ideo
2056 394 2108 451 Α
2134 375 2262 431 illud
2289 375 2659 431 inaestimabile
2674 383 2731 430 et
2753 375 3062 431 inviolabile
3082 374 3349 432 Dominici
3372 367 3614 443 carparis
3636 381 3696 428 et

465 479 554 533 ille
581 492 776 546 corpus
823 475 1022 530 Christi
1063 481 1416 543 congruenter
1446 477 1803 537 nuncupatur.
1834 466 2030 522 Vinum

464 573 645 623 autem
684 564 811 632 quia
859 564 1169 633 sanguinem
1211 565 1464 627 operatur
1507 559 1561 610 in
1590 572 1788 622 carne,
1816 557 1942 610 ideo
1963 556 2031 610 ad

466 657 782 725 sanguinem
828 655 1023 710 Christi
1067 654 1315 708 refertur.
1359 650 1485 706 Hec
1533 659 1712 705 autem
1752 651 1879 705 dum
1906 657 2032 704 sunt
2067 678 2069 680 -

466 746 698 800 visibilia
743 746 1094 806 sanctiﬁcata,
1137 751 1315 796 tamen
1366 755 1464 810 per
1499 741 1757 809 Spiritum
1785 747 2030 794 sanctum

467 837 520 888 in
554 845 947 890 sacramentum
976 833 1144 886 divini
1168 819 1407 900 corporis
1431 838 1727 888 transeunt.
1760 829 1911 897 Quod
1935 845 2030 884 au—

467 934 573 979 tem
618 940 806 993 panem
839 923 1084 977 sacriﬁcii
1133 924 1247 977 sine
1289 923 1554 977 fermento
1597 937 1717 977 esse
1763 915 2027 990 oporteat,

464 1023 696 1068 testatur
735 1016 867 1069 liber
896 1007 1186 1079 Leviticus,
1229 1015 1318 1069 ubi
1350 1022 1803 1069 commemoratur
1851 1014 2032 1068 Domi-

465 1120 590 1158 num
623 1121 719 1174 per
763 1106 976 1176 Moysen
1009 1106 1131 1160 ﬁliis
1159 1106 1320 1160 lsrael
1347 1106 1420 1158 ita
1447 1106 1788 1175 praecepisse.
1826 1103 2026 1168 Omnis,

467 1197 659 1267 inquit,
693 1199 886 1253 oblatio
907 1217 1021 1270 qua:
1041 1201 1258 1268 offertur
1287 1199 1510 1252 Domino
1546 1199 1734 1269 absque
1777 1197 2028 1266 fermento

463 1289 580 1355 ﬁat,
613 1306 705 1342 nec
744 1290 1026 1359 quidquam
1056 1290 1304 1358 fermenti
1340 1306 1401 1342 ac
1447 1287 1611 1341 mellis
1655 1286 1944 1342 adolebitur
1973 1287 2028 1340 in

462 1378 720 1445 sacriﬁcio
775 1378 995 1430 Domini
1036 1377 1215 1449 (Lavit.
1267 1376 1403 1446 vm).
1453 1376 1734 1431 Credimus
1788 1390 1917 1445 ergo
1972 1383 2029 1429 et

459 1483 652 1536 panem
683 1470 829 1523 illum
860 1481 1020 1538 quem
1064 1468 1296 1538 primum
1329 1468 1586 1522 Dominus
1635 1467 1689 1521 in
1730 1480 1883 1521 caena
1912 1481 2028 1537 my-

460 1561 597 1614 stica
647 1562 698 1614 in
727 1562 1038 1630 mysterium
1067 1559 1310 1630 corporis
1343 1560 1424 1614 sui
1467 1557 1826 1620 consecravit,
1863 1555 2028 1610 infer-

459 1659 755 1704 mentatum
789 1666 926 1715 esse,
968 1652 1203 1704 maxime
1251 1666 1373 1704 cum
1430 1650 1483 1702 in
1533 1656 1773 1716 tempore
1815 1647 2026 1716 pascha:

2132 466 2410 536 sanguinis
2435 475 2834 520 sacramentum
2864 474 3132 522 temerare
3153 465 3450 536 praesumit.
3466 463 3562 519 llle
3587 463 3696 518 Do-

2131 557 2336 610 minum
2365 555 2568 619 vendit,
2620 555 2732 624 qui,
2763 553 2882 623 ejus
2931 555 3125 610 timore
3170 564 3332 624 atque
3372 567 3559 608 amore
3593 555 3696 606 ne-

2131 645 2324 714 glecto,
2355 652 2569 700 terrena
2595 660 2691 716 pro
2718 645 2808 700 illo
2835 653 2894 725 et
2933 642 3154 711 caduca,
3187 646 3296 700 imo
3321 646 3484 700 etiam
3509 642 3698 699 elimi-

2131 737 2286 804 nosa,
2313 737 2536 806 diligere
2583 744 2640 792 et
2679 751 2872 792 curare
2899 736 3256 792 convincitur.
3286 737 3395 792 Sed
3421 737 3478 791 in
3506 749 3697 790 sacra.

2130 815 2313 881 mento
2355 817 2536 881 vinum
2579 841 2719 895 aqua
2764 826 2979 880 mistum
3034 825 3216 880 οῦδτή
3244 827 3431 893 debet,
3463 825 3591 895 quia
3637 823 3699 878 in

2130 911 2416 987 Evangelia
2440 917 2632 988 legitur
2658 918 2798 987 quod
2825 931 2949 970 cum
2976 916 3276 985 aperuisset
3297 932 3437 971 unus
3464 915 3698 969 militum

2129 1007 2312 1062 lancea
2343 1008 2483 1062 latus
2507 1007 2654 1076 Jesu,
2682 1008 2936 1069 continuo
2954 1003 3148 1064 exierit
3187 1007 3406 1076 sanguis
3447 1013 3504 1062 et
3529 1020 3696 1076 aqua.

2128 1097 2221 1152 ille
2247 1099 2390 1152 enim
2430 1099 2648 1168 sanguis
2674 1098 2728 1153 in
2755 1097 3123 1155 remissionem
3147 1093 3299 1151 fusus
3334 1104 3708 1165 estpeccato-

2128 1203 2270 1253 rum,
2299 1188 2552 1264 aquaill's
2603 1187 2839 1250 salutare
2877 1195 3141 1256 temperat
3167 1185 3417 1256 poculum
3454 1185 3599 1251 hac,
3640 1194 3701 1241 et
3755 1173 3761 1180 ’

2127 1276 2398 1332 lavacrum
2438 1286 2658 1348 praestat
2707 1287 2764 1333 et
2802 1288 3010 1347 potum.
3067 1277 3271 1332 Neuter
3323 1290 3454 1347 ergo
3501 1276 3699 1332 borum

2126 1367 2244 1422 sine
2297 1367 2469 1422 altero
2503 1369 2558 1422 in
2602 1369 2874 1426 sacriﬁcio
2919 1369 3078 1424 debet
3119 1367 3327 1433 oll'erri,
3372 1381 3476 1422 nec
3506 1368 3698 1424 viuum

2126 1457 2242 1510 sine
2267 1473 2424 1527 aqua,
2454 1473 2556 1513 uec
2577 1473 2714 1528 aqua
2745 1460 2860 1514 sine
2883 1459 3032 1524 vino,
3053 1458 3180 1528 quia
3217 1466 3276 1512 et
3305 1472 3406 1512 nos
3434 1457 3492 1511 iu
3532 1455 3693 1512 Chri-

2125 1557 2231 1615 sto,
2261 1556 2319 1605 et
2364 1549 2420 1603 in
2473 1549 2628 1605 nobis
2669 1549 2945 1605 Christum
2991 1563 3213 1603 manere
3263 1552 3498 1616 oportet,
3549 1546 3700 1616 quod

2122 1639 2359 1694 ostendit
2375 1647 2595 1694 sanctus
2615 1638 2916 1709 Cyprianus
2944 1639 3017 1692 ita
3037 1639 3224 1693 dicens
3255 1653 3274 1690 :
3300 1635 3473 1701 Calix,
3499 1634 3699 1704 inquit,

435 1732 661 1794 'nullum
687 1741 1005 1796 fermentum
1027 1743 1276 1810 cuiquam
1314 1741 1482 1805 vesci,
1509 1740 1604 1794 sed
1634 1754 1734 1793 nec
1771 1740 1832 1794 in
1867 1738 2026 1795 domo
2054 1741 2102 1799 Β
2128 1728 2441 1791 Dominicus
2488 1729 2616 1784 Vino
2661 1730 2853 1783 mistus
2897 1727 3149 1793 οσθηιιῐ,
3197 1727 3323 1797 quia
3369 1725 3618 1780 Videmus
3642 1724 3700 1779 ίη

459 1829 660 1884 habere
685 1830 777 1884 ulli
805 1831 1020 1897 licebat,
1053 1832 1279 1886 Domino
1307 1830 1434 1884 illud
1461 1831 1512 1885 in
1543 1830 1660 1900 lege
1682 1829 2026 1900 prmcipieute

459 1934 525 1974 ac
557 1920 784 1984 dicente,
819 1923 957 1976 sicut
990 1923 1205 1976 Exodus
1238 1930 1485 1976 testatur.
1517 1919 1700 1974 Primo
1728 1937 1921 1984 mense,
1948 1919 2028 1972 in-

455 2011 594 2079 quit,
621 2012 1011 2080 quartadecima
1036 2013 1121 2064 die
1146 2013 1338 2066 mensis
1368 2012 1437 2065 ad
1459 2028 1744 2082 vesperam,
1792 2010 2025 2080 comede-

453 2100 521 2154 tis
550 2111 742 2170 azyma
772 2119 932 2172 usque
960 2103 1028 2155 ad
1067 2103 1202 2155 diem
1242 2103 1534 2156 vicesimam
1560 2101 1794 2172 ejusdem
1834 2104 2023 2156 mensis

455 2191 524 2244 ad
571 2207 866 2259 vesperam;
904 2200 1094 2261 septem
1131 2189 1310 2246 dieb'us
1340 2207 1443 2244 non
1486 2174 1775 2244 inuenietur
1805 2190 2026 2260 fermen-

453 2288 561 2333 tum
588 2281 642 2332 in
679 2281 915 2334 domibus
936 2282 1147 2345 vestris;
1185 2279 1276 2349 qui
1321 2279 1600 2334 comederit
1635 2278 2057 2348 fementatum,.

452 2369 638 2436 peribit
681 2371 858 2422 anima
908 2386 1003 2422 sua
1048 2369 1112 2422 de
1159 2378 1290 2422 antu
1320 2365 1529 2434 Israel,
1587 2377 1693 2421 tam
1722 2367 1788 2420 de
1814 2366 2025 2421 advenis

454 2471 608 2524 quam
651 2447 908 2526 indigenis
956 2466 1106 2511 terra:
1152 2456 1347 2529 (Exod.
1387 2455 1507 2525 xu).
1551 2457 1618 2511 Et
1663 2457 1824 2526 paulo
1865 2467 2020 2529 post:

454 2544 673 2613 Azyma,
703 2545 896 2613 inquit,
925 2528 1198 2601 comedetis
1222 2559 1412 2617 septem
1443 2547 1644 2614 diebus,
1669 2565 1774 2602 non
1802 2528 2022 2619 appdre—

456 2633 530 2686 bit
554 2635 696 2703 apud
716 2644 764 2688 te
781 2634 986 2705 aliquid
1008 2637 1400 2705 fermentatum,
1417 2654 1506 2691 nec
1530 2637 1586 2691 in
1610 2638 1808 2691 cunctis
1831 2637 2026 2705 ﬁnibus

457 2725 562 2778 tuis
580 2765 595 2789 ,
624 2734 680 2779 et
707 2726 932 2794 reliqua.
963 2727 1115 2793 Quod
1144 2744 1274 2799 ergo
1302 2743 1476 2797 neque
1500 2727 1555 2782 in
1583 2727 1742 2785 domo
1769 2743 1940 2796 neque
1970 2728 2025 2783 in

458 2812 654 2868 ﬁnibus
695 2816 903 2869 cunctis
941 2824 1127 2869 eorum
1178 2815 1372 2885 p0pnlo
1416 2815 1512 2870 Dei
1558 2815 1785 2871 habere—
1807 2815 2022 2880 licebat,

456 2902 783 2970 superﬂuum
831 2912 914 2958 est
955 2904 1205 2958 arbitrari
1253 2905 1306 2958 id
1338 2905 1622 2965 Dominum
1651 2894 1783 2960 foris
1831 2904 2024 2975 exqui-

457 2992 612 3045 sisse.
644 2992 779 3058 Quid
824 3002 1003 3048 autem
1058 2994 1186 3066 illud
1223 2994 1505 3065 signiﬁcet,
1557 2995 1699 3064 quod
1734 2995 1789 3048 in
1817 2993 2024 3048 Pascha

2127 1831 2266 1888 aqua
2318 1818 2570 1889 populum
2611 1819 2858 1889 intelligi,
2889 1819 2945 1872 in
2970 1819 3095 1874 vino
3133 1832 3264 1873 vero
3310 1815 3523 1872 ostendi
3567 1830 3700 1871 sau-

2097 1909 2343 1978 .guinem
2377 1907 2596 1964 Christi.
2629 1908 2853 1974 Quando
2882 1916 3064 1963 autem
3105 1909 3162 1962 in
3190 1907 3361 1963 calice
3381 1902 3546 1988 ‘aqua
3571 1906 3702 1960 vino

2125 1999 2401 2065 miscetur,
2432 1998 2646 2055 Christo
2681 1998 2908 2069 populus
2949 2000 3237 2064 adunatur,
3269 2005 3339 2052 et
3359 1998 3701 2067 credendum

2094 2111 2098 2115 τ
2124 2087 2277 2157 plebs
2309 2088 2361 2143 ei
2404 2089 2460 2143 in
2489 2104 2649 2160 quem
2671 2089 2844 2145 credit
2881 2087 3162 2159 copulatur
3184 2094 3242 2142 et
3270 2080 3537 2158 jungitur.
3567 2085 3703 2153 Qua:

2124 2180 2394 2250 copulatio
2420 2188 2487 2236 et.
2513 2180 2821 2252 conjunctio
2848 2195 3003 2255 aqua:
3044 2187 3103 2234 et
3142 2179 3256 2234 viui
3305 2179 3385 2234 sic
3437 2179 3706 2236 miscetur

2125 2274 2180 2328 in
2206 2273 2374 2329 calice
2399 2273 2631 2340 Domini,
2664 2283 2726 2330 ut
2747 2275 3053 2332 commistio
3095 2273 3188 2329 illa
3231 2274 3300 2330 ab
3325 2274 3558 2329 invicem
3584 2268 3701 2327 neu

2124 2363 2296 2432 possit
2336 2365 2598 2434 separari,
2629 2364 2707 2419 ita
2757 2380 2860 2424 nec
2911 2365 3154 2420 Ecclesia
3183 2380 3216 2419 a
3255 2363 3503 2424 Christo:
3519 2370 3707 2433 potest

2125 2450 2289 2506 dividi
2312 2459 2368 2507 et
2399 2453 2661 2522 separari,
2687 2463 2793 2509 etc.
2821 2453 3126 2514 Attestante
3143 2451 3288 2509 enim
3309 2453 3539 2527 Joanne,
3553 2468 3700 2524 aqua

2123 2543 2304 2611 populi
2330 2551 2484 2609 sunt;
2519 2553 2574 2599 et
2623 2559 2802 2619 neque
2843 2560 3038 2616 aquam
3077 2546 3248 2602 solam
3280 2561 3456 2616 neque
3506 2546 3700 2600 vinum

2094 2676 2097 2681 .
2125 2632 2317 2697 solum,
2341 2634 2481 2689 sicut
2506 2650 2604 2690 nec
2631 2649 2857 2706 granum
2879 2635 3140 2692 frumenti
3180 2636 3353 2692 solum
3391 2632 3507 2691 sine
3542 2649 3703 2705 aquas

2127 2723 2449 2779 admistione
2476 2732 2532 2779 et
2561 2721 2897 2782 cenfectione
2940 2726 2994 2780 in
3044 2735 3238 2796 panetu
3287 2725 3540 2795 cuiquam
3569 2721 3704 2778 licet

2124 2812 2339 2880 offerre,
2367 2829 2437 2869 ne
2470 2814 2720 2872 videlicet
2748 2811 2873 2872 talis
2917 2815 3118 2873 oblatio
3147 2805 3309 2887 caput
3355 2830 3388 2870 a
3433 2813 3702 2870 membris

2125 2902 2512 2981 scceruendum
2562 2919 2682 2960 esse
2723 2904 3008 2981 signiticet,
3037 2913 3093 2960 et
3133 2905 3232 2960 vel
3263 2903 3539 2959 Christum
3576 2903 3702 2960 sine

2125 2999 2324 3048 nostra:
2367 2980 2748 3064 redemptionis
2798 2980 2981 3052 amore
3023 2995 3262 3066 potuisse
3309 2993 3443 3063 pati,
3469 2992 3554 3049 vel
3592 3007 3702 3049 nos

456 3081 668 3136 comedi
695 3082 916 3136 vetitum
957 3091 1076 3138 erat
1102 3085 1338 3139 ostendit
1380 3084 1688 3154 Apostolus,
1715 3085 2025 3154 etpascha:
2050 3076 2096 3138 C
2126 3081 2244 3136 sine
2291 3081 2432 3136 illius
2480 3083 2728 3153 passione
2774 3083 3091 3150 salvari,,ac
3128 3078 3276 3137 Patri
3302 3078 3504 3137 oil'erre
3534 3095 3700 3152 posse

455 3180 515 3226 et
556 3185 868 3243 azymorum
916 3175 1177 3229 rationem
1235 3173 1670 3229 manifestissima
1716 3174 2024 3228 narratione

457 3273 747 3330 exponens.
776 3262 846 3315 Et
873 3264 1030 3327 enim,
1063 3263 1266 3331 inquit,
1301 3261 1507 3317 Pascha
1528 3271 1760 3317 nostrum
1786 3261 2025 3316 immola-

457 3360 540 3404 tus
585 3359 660 3403 est
698 3349 956 3415 Christus,
999 3352 1175 3421 itaque
1218 3348 1504 3421 epulemur,
1540 3367 1644 3404 non
1688 3351 1743 3404 in
1772 3349 2023 3420 fermento

454 3441 673 3495 malitia:
708 3451 772 3494 et
801 3443 1062 3510 nequitiis,
1089 3442 1180 3495 sed
1216 3443 1270 3494 in
1297 3441 1495 3511 azymis
1522 3440 1836 3494 sinceritatis
1858 3448 1906 3493 et
1935 3455 2022 3512 υθέ

454 3532 622 3585 sitatis
646 3531 709 3602 (Ι
743 3531 866 3585 Cor.
895 3533 994 3600 xl).
1025 3532 1340 3600 Quicunque
1372 3545 1500 3603 ergo
1537 3533 1604 3585 ad
1633 3529 1872 3585 mensam
1923 3530 2024 3601 Do-

455 3622 590 3675 mini
640 3621 728 3676 ubi
776 3621 912 3691 Agni
970 3621 1300 3689 immaculati
1343 3629 1398 3675 et
1444 3619 1853 3675 incontaminati
1898 3633 2026 3676 caro

457 3719 755 3777 mactatur,
772 3719 828 3765 et
847 3712 937 3766 ubi
966 3712 1268 3766 veneranda
1291 3712 1547 3782 mysteria
1570 3710 1837 3780 passionis
1861 3717 1917 3764 et
1937 3724 2024 3762 re-

458 3802 811 3856 surrectionis
836 3802 954 3872 ejus
979 3817 1010 3856 a
1027 3796 1273 3856 ﬁdelibus
1293 3788 1654 3865 celebrantur,
1689 3800 1879 3869 plenus
1905 3798 2025 3853 dolo

456 3902 617 3962 atque
645 3894 847 3946 malitia
893 3894 1136 3958 accedat,
1164 3903 1220 3948 et
1261 3902 1353 3947 aut
1384 3893 1514 3971 odii,
1546 3900 1640 3946 aut
1666 3890 1904 3955 invidiae,
1931 3900 2026 3945 aut

459 3985 718 4047 avaritize,
750 3995 845 4038 aut
872 3984 1120 4050 luxuriae,
1144 3986 1351 4040 facibus
1393 3998 1673 4050 accensus,
1693 3997 1888 4050 corpus
1921 3973 2027 4036 Do-

454 4076 586 4130 mini
635 4077 911 4145 percipere
959 4091 1066 4131 non
1121 4075 1330 4140 metuit,
1378 4073 1670 4129 verendum
1713 4080 1799 4126 est
1837 4086 1904 4125 ne
1933 4070 2024 4125 ubi

451 4167 619 4221 vitam
648 4167 893 4234 accipere
941 4165 1123 4220 debuit
1152 4165 1416 4233 judicium
1470 4162 1832 4219 damnationis
1877 4163 2024 4216 inve-

453 4259 586 4325 niat,
615 4269 670 4315 et
710 4259 878 4330 magis
915 4260 1168 4313 incitetur
1199 4259 1263 4313 ad
1296 4272 1534 4327 pmnam,
1585 4271 1746 4326 quam
1781 4255 2024 4309 retraha-

452 4360 542 4405 tur
571 4353 636 4406 ad
670 4353 899 4406 veniam.
950 4352 1222 4420 Scriptum
1265 4359 1350 4407 est
1392 4351 1536 4406 enim
1566 4350 1631 4404 de
1679 4347 1813 4403 Juda
1842 4347 2023 4417 prodi-

453 4452 590 4506 tore,
638 4443 729 4510 qui
783 4443 1044 4511 maiignus
1098 4443 1167 4495 a:l
1216 4457 1457 4496 mensam
1501 4440 1712 4495 Domini
1757 4410 2102 4502 accessit,D

455 4543 512 4587 et
563 4535 702 4587 sacri
740 4533 968 4587 convivii
1018 4534 1284 4601 particeps
1325 4546 1445 4586 esse
1490 4547 1596 4586 non
1642 4529 1841 4592 timuit,
1881 4528 2024 4595 quod

452 4629 574 4689 post
618 4621 912 4674 buccellam
942 4621 1121 4674 statim
1175 4621 1448 4674 introisset
1498 4619 1550 4673 in
1595 4634 1716 4672 eum
1768 4617 2020 4679 Satanas,

454 4712 816 4780 Dominusquc
846 4712 895 4767 ei
921 4711 1120 4764 dixerit
1152 4729 1164 4762 :
1213 4709 1364 4774 Quod
1404 4709 1555 4776 facis,
1597 4711 1682 4777 fac
1706 4710 1878 4771 citius,
1929 4707 2020 4774 qui

453 4815 577 4854 mox
621 4803 672 4856 id
703 4802 846 4871 quod
871 4801 1020 4868 prius
1049 4800 1263 4853 latendo
1312 4800 1742 4862 machinabatnr,
1768 4797 2022 4851 continuo

456 4892 664 4956 exiens,
720 4891 942 4944 insania:
972 4906 1080 4945 sua:
1119 4890 1463 4943 manifestum
1504 4887 1690 4941 effudit
1722 4889 1891 4947 virus,
1946 4889 2019 4940 ita

456 4991 516 5034 ut
540 4997 660 5035 cum
693 4984 847 5035 turba
895 4983 1060 5035 multa
1097 4982 1287 5052 gladiis
1330 4992 1385 5035 et
1433 4979 1690 5041 fustibus,
1737 4977 1940 5032 facibus
1968 4988 2022 5032 et

458 5072 647 5134 armis,
683 5072 942 5125 instructa
987 5073 1053 5125 ad
1089 5087 1210 5124 eum
1242 5081 1496 5138 tanquam
1529 5069 1597 5123 ad
1645 5067 1904 5120 latronem
1933 5082 2022 5121 ca-

456 5164 710 5234 piendum
742 5165 980 5228 veniret,
1010 5165 1102 5232 qui
1146 5163 1280 5218 mori
1311 5163 1452 5216 ultro
1493 5169 1731 5216 venerat.
1761 5159 1861 5226 Qui
1893 5175 2021 5230 ergo

456 5256 670 5309 insidiis
699 5264 878 5308 mente
927 5255 1174 5319 conditis,
1208 5254 1297 5322 qui
1335 5254 1645 5322 praecordiis
1695 5253 1875 5320 aliquo
1907 5267 2020 5305 sce-

454 5345 566 5402 lere
611 5346 829 5414 pollutis
852 5345 1253 5415 -mysteriornm
1291 5343 1490 5398 Christi
1544 5344 1903 5398 oblationibus
1937 5358 2025 5395 sa-

455 5437 755 5490 crusanctis
779 5435 1104 5504 participare
1130 5449 1234 5487 non
1279 5435 1482 5498 metuit,
1512 5434 1600 5486 ille
1628 5433 1679 5486 in
1717 5431 2020 5498 exemplum

456 5525 604 5578 Juda:
631 5525 826 5578 Filium
875 5525 1111 5578 hominis
1154 5523 1342 5589 tradit,
1388 5537 1492 5577 non
1540 5523 1756 5590 quidem
1803 5519 2017 5585 Judazis,

456 5616 547 5670 scd
592 5617 996 5686 peccatoribus,
1046 5615 1300 5671 membris
1355 5613 1599 5667 videlicet
1657 5614 1787 5678 suis,
1827 5612 2021 5682 quibus

2122 3169 2372 3224 conﬁdat.
2407 3169 2592 3240 Neque
2610 3171 2754 3226 enim
2783 3171 2860 3226 illi
2903 3171 3156 3230 audiendi
3191 3180 3321 3228 sunt
3353 3171 3454 3242 qui
3494 3164 3698 3243 aquam
3721 3183 3738 3195 ‘

2093 3268 2096 3271 ‘
2123 3257 2240 3313 sine
2267 3258 2392 3312 vino
2415 3259 2469 3312 in
2496 3259 2662 3334 calice
2681 3260 2934 3332 oderunt,
2969 3269 3158 3318 contra
3201 3275 3340 3332 quos
3363 3260 3526 3316 etiam
3568 3275 3703 3330 par-

2125 3355 2234 3404 tem
2256 3349 2474 3418 capituli
2503 3350 2569 3405 de
2615 3349 2751 3406 libro
2779 3351 3018 3421 pra3dicti
3049 3351 3304 3423 martyris
3327 3349 3604 3421 Cypriani,
3636 3349 3697 3404 in

2125 3452 2232 3506 quo
2259 3438 2325 3493 de
2355 3447 2694 3495 sacramento
2713 3440 2899 3495 calicis
2925 3440 3164 3509 disputat
3191 3445 3475 3511 ponamus.
3513 3439 3697 3495 Solvi-

2127 3538 2215 3584 tur
2239 3530 2437 3599 quippe
2465 3529 2540 3584 ibi
2578 3530 2805 3600 quaestio
2835 3531 2888 3586 in
2923 3546 3030 3600 qua
3061 3531 3324 3600 queritur
3348 3537 3528 3594 utrum
3551 3530 3700 3584 calix

2127 3620 2438 3675 Dominicus
2475 3635 2671 3688 aquam
2703 3621 2892 3687 solam,
2938 3628 3031 3675 aut
3072 3636 3190 3676 eam
3230 3620 3284 3673 in
3307 3609 3439 3674 ivino
3478 3619 3704 3673 mistam

2127 3710 2318 3766 debeat
2339 3709 2576 3765 habere?
2610 3709 2736 3767 Post
2761 3711 3082 3782 principium
3106 3725 3237 3782 ergo
3268 3709 3510 3780 epistola:
3551 3709 3707 3764 idem

2127 3807 2333 3868 martyr
2351 3797 2465 3867 jam
2507 3799 2716 3854 solvere
2749 3799 3011 3868 incipiens
3040 3796 3402 3869 praepositam
3433 3797 3696 3868 quastio-

2126 3906 2272 3957 nem,
2318 3891 2391 3945 ita
2419 3890 2697 3961 loquitur:
2739 3890 3059 3945 Admonitos
3085 3898 3265 3945 autem
3290 3904 3391 3967 nos
3415 3888 3574 3952 scias,
3609 3887 3699 3940 in-

2125 3983 2264 4052 quit,
2285 3990 2345 4036 ut
2373 3982 2429 4037 in
2469 3982 2636 4038 calice
2664 3980 2935 4037 offerenda
2962 3981 3238 4038 Dominica
3268 3980 3486 4036 traditio
3510 3993 3702 4034 serve-

2127 4084 2234 4139 tur,
2275 4085 2450 4144 ncque
2497 4075 2643 4130 enim
2679 4075 2826 4130 aliud
2856 4073 2951 4130 ﬁat
2988 4090 3021 4130 a
3042 4075 3200 4131 nobis
3222 4090 3386 4146 quam
3427 4076 3571 4145 quod
3598 4090 3703 4144 pro

2126 4167 2280 4222 nobis
2306 4167 2566 4223 Dominus
2594 4167 2745 4239 prior
2785 4166 2934 4233 fecit,
2958 4175 3018 4223 ut
3049 4167 3190 4222 calix
3223 4166 3314 4236 qui
3362 4167 3418 4220 in
3457 4180 3702 4222 comme-

2125 4260 2479 4315 morationem
2504 4260 2620 4330 ejus
2643 4259 2869 4316 oﬁ‘ertur
2888 4261 3079 4315 mistus
3104 4260 3230 4314 vino
3255 4257 3532 4314 oll'eratur.
3558 4258 3701 4313 Nam

2126 4356 2260 4410 dicit
2295 4356 2543 4411 Christus
2574 4375 2589 4410 :
2618 4354 2730 4426 Ego
2755 4373 2872 4410 sum
2907 4355 3022 4409 vitis
3067 4371 3206 4408 vera.
3234 4345 3463 4423 Sanguis
3495 4351 3703 4408 Chrisu

2130 4460 2234 4499 non
2265 4460 2402 4514 aqua
2445 4441 2529 4500 est
2559 4445 2764 4514 utique,
2792 4445 2885 4499 sed
2914 4444 3124 4508 vinum;
3180 4450 3281 4496 nec
3327 4448 3503 4510 potest
3525 4441 3701 4496 videri

2130 4536 2346 4606 sanguis
2368 4534 2481 4603 ejus
2504 4550 2611 4605 quo
2640 4533 2898 4604 redempti
2915 4542 2968 4589 et
2976 4532 3255 4602 justiﬁc'ati
3285 4547 3489 4595 sumus,
3505 4546 3626 4585 esse
3642 4530 3699 4583 in

2129 4626 2316 4690 calice,
2333 4627 2549 4696 quando
2582 4628 2767 4681 vinum
2793 4627 2933 4681 desit
2960 4626 3114 4681 calici
3129 4641 3238 4696 quo
3251 4623 3452 4680 Christi
3475 4621 3698 4693 sanguis

2128 4717 2448 4781 ostenditur,
2476 4719 2565 4787 qui
2587 4717 2986 4786 Scripturarum
3006 4716 3244 4771 omnium
3268 4721 3611 4768 sacramento
3634 4727 3700 4766 ac

2130 4810 2437 4866 testimonio
2488 4810 2824 4879 prmdicetur.
2856 4809 3160 4862 invenimus
3206 4807 3352 4859 enim
3399 4805 3451 4858 in
3495 4803 3697 4858 Genesi

2127 4904 2271 4958 circa
2303 4909 2694 4957 sacramentum
2729 4899 2842 4955 Noe
2891 4900 2994 4953 hoc
3039 4900 3180 4953 idem
3224 4896 3592 4966 praecurrisse,
3640 4904 3697 4950 ct

2127 4993 2350 5063 ﬁguram
2382 4991 2672 5046 Dominica:
2699 4988 2966 5060 passionis
2995 4987 3102 5042 illic
3127 4985 3421 5051 exstitisse,
3444 4985 3586 5055 quod
3615 4985 3694 5038 vi-

2126 5097 2253 5135 num
2289 5080 2441 5145 bibit,
2476 5079 2620 5150 quod
2652 5078 2950 5135 inebriatus
2976 5083 3080 5140 est,
3109 5074 3251 5142 quod
3289 5075 3340 5127 in
3381 5075 3541 5129 domo
3594 5091 3693 5129 sua

2126 5173 2356 5224 nudatus
2384 5179 2483 5236 est,
2515 5169 2654 5239 quod
2688 5168 2786 5222 fuit
2815 5166 3131 5220 recumbens
3158 5166 3352 5231 nudus,
3382 5173 3436 5220 et
3479 5167 3693 5234 patien-

2127 5264 2269 5317 tibus
2316 5261 2634 5325 femoribus,
2663 5257 2804 5329 quod
2852 5256 3068 5311 uuditas
3112 5257 3200 5311 illa
3238 5257 3408 5324 patris
3453 5272 3482 5309 a
3515 5257 3696 5310 medio

2126 5353 2236 5407 ﬁlio
2264 5353 2460 5406 nudata
2486 5358 2596 5415 est,
2625 5365 2656 5402 a
2683 5346 2884 5415 majore
2911 5361 3038 5401 vero
3082 5355 3138 5400 et
3182 5346 3390 5399 minore
3419 5352 3694 5405 contecta.

2123 5456 2178 5499 ct
2204 5454 2413 5507 cetera,
2448 5458 2568 5511 qua:
2597 5456 2701 5495 non
2742 5447 2826 5493 est
2863 5453 3082 5491 necesse
3117 5450 3258 5490 nunc
3294 5434 3536 5504 exsequi,
3568 5434 3697 5502 quia

2124 5550 2246 5590 cum
2277 5533 2410 5589 satis
2429 5532 2499 5585 sit
2529 5532 2630 5585 hoc
2653 5528 2824 5590 solum
2845 5527 3150 5596 complecti,
3178 5525 3322 5594 quod
3367 5524 3478 5578 Noe
3509 5533 3698 5593 typum

2123 5626 2315 5683 futura:
2340 5625 2582 5681 veritatis
2607 5620 2968 5688 ostendamus,
3001 5636 3103 5674 non
3149 5632 3341 5686 aquam
3382 5614 3474 5671 sed
3506 5614 3713 5667 vinum.
