3958 6338
205 321 303 378 3?.I

1022 323 1105 379 DE
1143 323 1580 382 CLERICORUM
1620 321 2121 390 INSTITUTlONE,
2163 323 2312 377 ETC.
2359 354 2425 362 —
2466 322 2590 376 LIB.
2631 323 2671 376 Ι.

3345 322 3457 379 522

208 443 430 507 biberit,
458 449 514 497 et
539 441 617 496 sic
638 440 925 510 imaginem
954 440 1239 499 Dominica:
1267 447 1532 514 passionis
1562 459 1777 513 exprcs-
1806 445 1856 502 Α
1881 455 2069 495 menus
2094 439 2372 503 remansit,
2425 445 2583 492 exeat
2619 438 2762 492 foras
2788 454 2800 502 ;
2847 446 2900 492 et
2934 437 3055 493 inde
3097 437 3282 502 missa,
3324 441 3452 507 quia

210 533 364 587 serit.
391 531 526 585 Item
556 530 609 582 in
632 531 910 584 sacerdote
937 530 1346 599 Melchisedech,
1387 536 1488 588 hoc
1517 534 1780 588 Dominici

213 620 547 676 sacramenti
593 617 986 688 prteﬁguratum
1032 621 1274 675 videmus
1323 622 1661 692 mysterium,
1703 636 1786 675 se-

214 713 450 766 cundum
476 711 617 780 quod
647 709 922 780 Scriptura
949 712 1129 767 divina
1162 709 1407 779 tcstatui',
1437 723 1490 768 et
1511 714 1643 768 dicit
1671 731 1684 766 ε
1719 712 1785 766 Et

215 803 594 858 Helchisedeclt
635 819 729 856 rea:
768 804 945 857 Salem
992 804 1207 874 protulit
1257 821 1441 873 panem
1488 815 1535 858 et
1575 805 1784 868 vinum;

214 895 316 963 [ait
340 902 516 946 autem
536 892 778 946 sacerdos
806 892 904 946 Dei
924 896 1135 957 summi,
1163 905 1210 947 et
1241 894 1496 947 benedixit
1523 895 1784 947 Abraham

216 981 388 1053 (Gen.
420 982 554 1054 xxv).
579 981 732 1050 Quod
753 991 930 1037 autem
956 983 1345 1038 Melchisedech
1374 992 1558 1053 typum
1587 984 1787 1039 Christi

214 1082 478 1144 portaret,
511 1074 750 1129 declarat
783 1075 837 1128 in
880 1073 1111 1128 Psalmis
1153 1071 1384 1143 Spiritus
1447 1082 1668 1129 sanctus
1719 1091 1786 1131 ex

216 1179 452 1234 persona
499 1164 680 1219 Patris
707 1165 775 1218 ad
821 1164 988 1217 ﬁlium
1029 1164 1214 1217 dicens
1271 1179 1285 1216 :
1335 1164 1467 1216 Ante
1513 1162 1787 1232 luciferum

216 1257 372 1325 genui
400 1264 469 1320 te,
508 1265 565 1310 tu
591 1273 645 1310 es
671 1254 914 1310 sacerdos
955 1254 1011 1306 in
1060 1262 1310 1307 (sternam
1337 1253 1618 1306 secundum
1649 1254 1794 1332 ordi-

215 1361 337 1398 nent
361 1331 733 1411 lelchisedech
759 1342 932 1414 (Psal.
961 1339 1092 1412 cn).
1123 1342 1318 1395 Dicunt
1343 1341 1529 1410 aliqui,
1556 1341 1660 1395 nisi
1695 1331 1792 1395 ali-

217 1447 329 1502 quo
380 1432 749 1487 intercedente
796 1439 1018 1502 peccato
1043 1469 1058 1495 ,
1107 1429 1504 1484 Eucharistiam
1553 1430 1792 1499 quotidie

213 1521 603 1590 accipiendam.
632 1520 788 1574 Hunc
837 1519 980 1574 enim
1012 1533 1202 1588 panem
1241 1519 1480 1588 quotidie
1524 1520 1640 1574 dari
1690 1533 1790 1573 no-

216 1614 305 1669 bis
353 1611 604 1684 (iubente
646 1611 902 1682 Domino)
952 1598 1286 1680 postulamus
1329 1610 1568 1665 dicentes
1613 1628 1625 1662 :
1677 1607 1792 1661 Pa-

216 1719 338 1757 ιιαιι
382 1711 619 1756 nostrum
671 1701 1035 1772 quotidianum
1080 1701 1149 1753 da
1177 1700 1340 1754 nobis
1368 1699 1520 1753 hodie
1565 1698 1788 1770 (Matth.

1886 532 2234 584 sacramentis
2265 530 2450 584 altaris
2485 532 2746 585 interesse
2772 545 2876 584 non
2902 538 3146 598 possunt,
3178 531 3268 598 qui
3315 547 3449 584 non-

1887 620 2011 673 dum
2048 620 2345 688 regenerati
2377 628 2684 673 noscuntur.
2735 619 2897 672 Missa
2943 626 3121 672 autem
3159 627 3242 671 est
3263 618 3456 688 legatio

1888 707 2027 761 inter
2058 707 2221 761 Deum
2253 716 2308 762 et
2336 710 2599 775 homines,
2631 709 2783 778 cujus
2819 710 3102 781 legationis
3139 707 3314 764 oﬁicio
3342 710 3465 762 lun-

1888 800 2033 870 gitur
2066 802 2340 867 sacerdos,
2393 818 2514 855 cum
2544 804 2720 872 populi
2753 812 2875 857 vota
2908 817 3004 871 per
3041 817 3231 872 preces
3260 810 3316 855 et
3340 816 3465 869 sup-

1888 892 2204 961 plicationes
2232 894 2298 946 ad
2327 893 2491 947 Deum
2523 893 2696 964 oﬁ‘ert.
2731 896 2798 947 Et
2822 895 2956 947 bene
2983 896 3083 948 hoc
3117 902 3356 962 tempore
3378 909 3469 945 sa.

1889 982 2081 1036 criﬁcii
2109 981 2188 1045 ﬁt,
2217 983 2432 1050 quando
2459 983 2599 1036 illius
2626 985 2893 1051 passionis
2921 985 3181 1038 memoria
3219 983 3461 1038 celebra-

1891 1069 1976 1126 tur
2001 1071 2201 1148 Christi
2245 1070 2515 1135 videlicet,
2569 1073 2877 1125 mediatoris
2923 1073 3015 1126 Dci
3058 1081 3114 1126 et
3160 1072 3467 1137 hominum,

1888 1162 1980 1232 qui
2015 1161 2362 1228 semetipsum
2387 1161 2579 1214 obtulit
2603 1161 2746 1213 Patri
2775 1176 2872 1229 pro
2901 1163 3072 1214 nobis.
3107 1162 3259 1216 llunc
3286 1170 3465 1215 autem

1891 1267 2097 1304 morem
2116 1249 2364 1305 sacriﬁcii
2385 1251 2616 1319 primum
2641 1250 2898 1303 Dominus
2930 1261 3114 1304 noster
3133 1249 3289 1304 Jesus
3312 1250 3466 1304 Chri-

1889 1349 2006 1394 stus
2053 1349 2108 1394 et
2172 1340 2429 1409 magister
2483 1340 2744 1404 instituit,
2800 1342 3016 1411 quando
3071 1342 3472 1396 commendavit

1890 1427 2158 1497 Apostolis
2185 1429 2296 1481 suis
2319 1443 2512 1498 corpus
2531 1437 2583 1482 et
2609 1429 2921 1498 sanguinem
2952 1446 3129 1495 suum,
3153 1431 3462 1500 priusquam

1893 1519 2216 1582 traderetur,
2232 1519 2371 1572 sicut
2388 1519 2583 1589 legitur
2602 1520 2654 1572 in
2673 1520 2959 1589 Evangelio
2984 1539 2996 1573 :
3015 1522 3244 1590 Accepit,
3271 1523 3472 1592 inquit,

1892 1624 2074 1677 partem
2090 1606 2124 1659 J
2128 1625 2245 1661 esus
2263 1617 2310 1661 et
2331 1608 2633 1661 benedicens
2647 1609 2796 1678 fregit
2817 1620 2862 1662 et
2879 1610 3018 1662 dedit
3042 1612 3134 1673 eis,
3153 1621 3201 1664 et
3215 1613 3286 1665 ait
3317 1627 3334 1663 :
3365 1611 3469 1666 Su-

1891 1697 2034 1760 mite,
2063 1697 2159 1748 hoc
2173 1707 2246 1749 est
2275 1712 2462 1764 corpus
2477 1713 2667 1750 meum.
2723 1697 2789 1750 Et
2811 1709 3022 1768 accepto
3054 1700 3218 1754 calice
3265 1705 3465 1771 gratias

212 1793 310 1865 τι)
329 1833 347 1858 ,
374 1795 518 1863 quod
543 1793 758 1862 quidem
798 1791 1142 1855 benedicum,
1169 1790 1214 1844 si
1242 1790 1346 1844 hoc
1373 1805 1495 1844 cum
1538 1788 1793 1859 religione
1821 1776 1868 1835 Β
1894 1801 2051 1855 agens
2079 1785 2218 1838 dedit
2241 1787 2314 1838 eis
2357 1784 2572 1855 (Matth.
2610 1785 2780 1856 xxvr),
2826 1796 2884 1841 et
2907 1789 3160 1842 biberunt
3182 1805 3370 1845 omnes
3397 1806 3465 1845 ex

217 1893 276 1939 et
309 1884 595 1939 devotione
613 1890 671 1936 et
695 1881 996 1937 humilitate
1020 1880 1341 1948 suscipiunt,
1370 1894 1440 1934 ne
1480 1879 1690 1934 ﬁdendo
1727 1879 1793 1932 de

213 1970 450 2039 iustitia,
479 1973 708 2042 superba
734 1969 1149 2041 praesumptione
1192 1969 1242 2024 id
1267 1967 1483 2023 faciant.
1525 1967 1790 2022 Cmterum

215 2063 270 2116 si
307 2062 436 2116 talia
478 2071 604 2117 sunt
630 2061 875 2124 crimina,
908 2075 1028 2129 qua:
1059 2050 1210 2128 quasi
1240 2052 1510 2113 mortuum
1537 2058 1606 2111 ab
1636 2057 1791 2112 altari

221 2159 555 2216 removeam,
585 2151 736 2220 prius
777 2149 979 2220 agenda
1002 2147 1315 2217 pmnitentia
1341 2156 1444 2212 est,
1476 2163 1540 2202 ac
1565 2149 1644 2202 sic
1668 2146 1792 2200 inde

219 2240 559 2296 salutiferum
623 2240 1076 2295 medicamentum
1139 2238 1432 2306 suscipere.
1486 2237 1587 2303 Qui
1645 2237 1790 2290 enim

221 2330 630 2384 manducaverit
672 2329 908 2399 indigne,
961 2328 1224 2398 judicium
1251 2328 1353 2382 sibi
1398 2328 1690 2380 manducat
1737 2336 1792 2380 et

214 2415 374 2470 bibit.
418 2417 530 2472 Hoc
556 2418 701 2472 enim
739 2417 954 2486 indigne
977 2417 1222 2486 accipere
1250 2424 1348 2478 est,
1380 2416 1424 2471 si
1450 2431 1516 2469 eo
1553 2425 1794 2484 tempore

218 2506 344 2575 quis
364 2499 615 2575 accipiat,
648 2521 760 2576 quo
780 2507 942 2562 debet
969 2521 998 2562 a
1030 2521 1215 2560 mensa
1246 2505 1508 2560 Dominici
1549 2507 1793 2575 corporis

217 2598 485 2665 separari,
511 2613 581 2651 ne
601 2599 727 2652 dum
755 2595 895 2652 forte
920 2597 1010 2651 diu
1035 2596 1350 2651 absentatus
1391 2597 1515 2664 quis
1541 2598 1792 2666 prohibe-

219 2693 331 2750 tur,
371 2700 403 2738 a
451 2684 655 2741 Christi
697 2699 924 2755 corpore
975 2695 1276 2754 separetur.
1333 2686 1689 2744 Manifestum
1711 2693 1794 2741 est

216 2775 362 2828 enim
400 2787 499 2831 eos
545 2775 749 2840 vivere,
782 2777 872 2845 qui
901 2791 1096 2844 corpus
1135 2774 1251 2844 ejus
1303 2777 1591 2846 attingunt,
1649 2778 1792 2830 unde

218 2865 516 2921 uiuendum
547 2874 653 2932 est,
683 2881 751 2921 ne
779 2869 902 2922 dum
929 2867 1018 2921 diu
1047 2868 1168 2937 quis
1201 2876 1486 2937 separatur
1517 2885 1567 2923 a-
1588 2869 1790 2924 Christi

204 2970 463 3026 corpore,
510 2957 721 3012 alienus
757 2966 1038 3014 remaneat
1072 2974 1102 3012 a
1153 2959 1346 3023 salute,
1378 2959 1497 3029 ipso
1541 2959 1786 3014 dicente:

217 3043 342 3099 Nisi
389 3047 718 3101 comederitis
751 3065 962 3102 carnem
1003 3046 1132 3101 Filii
1177 3049 1429 3113 hominis,
1466 3057 1513 3103 et
1556 3048 1789 3106 biberitis

1894 1873 2002 1937 illo,
2027 1885 2080 1929 et
2105 1875 2332 1954 reliqua.
2370 1875 2503 1930 Cum
2526 1877 2897 1932 benedictione
2922 1879 3064 1932 enim
3091 1887 3146 1933 et
3173 1881 3467 1950 gratiarum

1891 1963 2102 2017 actione
2124 1966 2356 2033 primum
2386 1964 2644 2020 Dominus
2673 1969 2918 2035 corporis
2946 1976 3030 2023 est
3074 1971 3352 2039 sanguinis
3382 1974 3467 2026 sui

1892 2060 2234 2107 sacramenta
2264 2053 2552 2117 dedicavit,
2584 2062 2638 2108 et
2662 2057 2919 2124 apostolis
2945 2058 3185 2122 tradidit,
3207 2060 3348 2127 quod
3378 2075 3468 2115 ex-

1892 2142 2015 2197 inde
2046 2143 2270 2212 apostoli
2293 2143 2489 2198 imitati
2534 2144 2711 2199 fecere
2752 2155 2807 2201 et
2857 2163 3202 2204 successores
3229 2167 3354 2206 suos
3386 2152 3465 2205 fa-

1891 2248 2014 2288 cere
2041 2234 2360 2296 docuerunt,
2409 2237 2552 2303 quod
2588 2243 2642 2289 et
2667 2253 2810 2291 nunc
2831 2253 2927 2307 per
2945 2247 3112 2293 totum
3142 2242 3326 2296 orbem
3357 2252 3471 2296 ter-

1893 2340 2072 2377 rarum
2101 2325 2424 2394 generaliter
2452 2334 2562 2379 tota
2585 2328 2812 2381 custodit
2861 2329 3118 2384 Ecclesia.
3162 2330 3267 2386 Sed
3319 2335 3465 2388 enim

1895 2415 1946 2466 in
1995 2415 2150 2468 initio
2186 2430 2302 2467 mos
2333 2416 2435 2468 iste
2475 2417 2726 2468 cantandi
2785 2433 2890 2470 non
2920 2428 3058 2484 erat,
3107 2422 3200 2488 qui
3230 2439 3372 2477 nunc
3411 2426 3462 2478 in

1897 2503 2131 2556 Ecclesia
2163 2511 2290 2557 ante
2317 2504 2639 2557 sacriﬁcium
2671 2505 2998 2570 celebratur,
3022 2508 3114 2562 sed
3143 2517 3318 2564 tamen
3337 2512 3467 2582 Epi-

1893 2593 2040 2647 stola:
2069 2593 2218 2647 Pauli
2265 2594 2653 2660 recitabantur,
2701 2606 2755 2649 ct
2801 2605 3045 2651 sanctum
3096 2599 3464 2670 Evangelium.

1893 2683 2218 2737 C(elestinus
2248 2694 2453 2748 autem,
2484 2684 2620 2737 XLV
2649 2686 2933 2755 episcopus
2965 2698 3084 2756 post
3112 2688 3331 2744 Petrum
3365 2692 3471 2746 Ro-

1893 2790 2068 2829 manae
2114 2775 2388 2838 Ecclesim,
2422 2777 2650 2830 traditur
2680 2777 2886 2845 primus
2910 2780 3162 2835 statuisse
3191 2789 3249 2834 ut
3277 2783 3468 2851 psalmi

1894 2866 1997 2920 i50
2037 2875 2163 2920 ante
2189 2867 2513 2921 sacriﬁcium
2558 2869 2914 2936 psallerentur
2969 2872 3358 2945 antiphonatim
3401 2890 3469 2930 ex

1891 2954 2158 3008 omnibus.
2200 2954 2394 3008 Fertur
2423 2958 2585 3009 etiam
2611 2967 2666 3011 et
2711 2958 2868 3027 longe
2917 2969 3042 3014 ante
3071 2961 3468 3032 Thelesphorus

1891 3041 2036 3110 Papa
2080 3043 2131 3096 id
2171 3054 2254 3097 est
2282 3043 2348 3097 ιχ
2379 3057 2500 3113 ροει
2545 3045 2784 3112 Petrum,
2813 3051 3180 3116 constituisse,
3237 3062 3296 3105 ut
3345 3064 3471 3108 ante

212 3137 334 3206 ejus
377 3138 720 3206 sanguinein,
780 3154 882 3192 non
926 3138 1177 3192 habebitis
1225 3147 1424 3208 portent
1475 3154 1694 3202 mecum,
1742 3148 1786 3192 et

1893 3132 2215 3186 sacriﬁcium
2240 3134 2471 3203 hymnus
2504 3134 2686 3189 Gloria
2722 3138 2775 3191 in
2802 3138 3016 3192 excelsis
3042 3139 3149 3194 Deo
3177 3141 3470 3206 diceretur,

212 3225 371 3279 vitam
429 3226 486 3278 in
541 3225 1017 3297 eobis(loan.v1).
1065 3225 1167 3293 Qui
1217 3227 1361 3282 enim
1402 3227 1514 3298 jam
1563 3241 1792 3297 peccare

209 3313 441 3382 quievit,
467 3316 866 3371 communicare
890 3331 997 3371 non
1037 3316 1264 3372 desinat.

766 3424 994 3480 CAPUT
1027 3425 1245 3481 XXXII.

777 3494 854 3548 De
879 3495 1044 3565 ofﬁcio
1071 3497 1266 3549 misscc.

283 3579 360 3636 De
387 3583 743 3637 sacramentis
771 3583 854 3655 (ut
895 3583 1041 3655 reor)
1090 3585 1224 3640 satis
1260 3585 1506 3655 superius
1533 3586 1788 3651 diximus,

208 3683 357 3723 nunc
381 3669 450 3725 de
468 3668 642 3726 ofﬁcio
670 3672 870 3738 missae,
906 3687 1015 3742 quo
1037 3673 1152 3744 ipsa
1177 3684 1516 3730 sacramenta
1545 3678 1788 3746 corporis

206 3766 266 3812 et
292 3759 572 3828 sanguinis
599 3759 796 3815 Christi
825 3760 1202 3829 conﬁciuntur,
1226 3762 1349 3832 quia
1370 3764 1502 3819 ordo
1524 3765 1784 3833 postulat,

208 3846 450 3901 breviter
486 3847 746 3903 dicamus.
795 3848 1103 3904 Oﬁiciorum
1157 3860 1338 3906 autem
1386 3852 1618 3921 plurima
1666 3853 1790 3908 licet

207 3936 322 3991 sint
343 3951 567 4006 genera,
592 3945 772 3992 tamen
797 3938 924 3993 illud
945 3941 1210 4010 prmeipue
1223 3943 1364 4011 quod
1387 3942 1440 3996 in
1457 3943 1628 3998 sacris
1656 3944 1788 3997 divi-

207 4026 407 4094 nisque
423 4027 586 4081 rebus
610 4028 862 4093 habetur,
902 4027 1062 4083 oﬁicii
1091 4030 1310 4085 nomine
1332 4031 1641 4085 censebitur
1668 4045 1786 4086 esse

206 4117 648 4184 annotandum,
678 4119 803 4186 quia
845 4127 1048 4189 quanto
1076 4120 1190 4189 ipsa
1235 4135 1321 4175 res
1347 4120 1568 4190 majoris
1613 4121 1784 4192 digni-

206 4207 345 4261 tatis
365 4217 470 4270 est,
497 4215 649 4262 tanto
670 4208 996 4278 paratiorem
1016 4217 1074 4266 et
1096 4211 1481 4281 promptiorem
1503 4211 1656 4266 istius
1683 4211 1780 4265 mi-

204 4297 422 4352 nisterii
448 4298 640 4366 quatrit
663 4297 935 4354 eﬁ‘ectum.
986 4297 1229 4356 Oﬁicium
1254 4313 1447 4356 autem
1481 4301 1678 4357 dicitur
1715 4303 1782 4356 ab

203 4385 513 4452 efﬁciendo,
546 4388 701 4456 quasi
724 4386 975 4454 eﬂicium,
1001 4397 1221 4460 propter
1246 4390 1492 4446 decorem
1519 4393 1783 4446 sermonis

203 4489 318 4529 una
344 4484 549 4530 mutata
578 4477 777 4532 littera.
830 4476 1168 4533 Sacriﬁcium
1215 4479 1438 4548 dictum,
1499 4481 1655 4551 quasi
1692 4497 1779 4537 sa-
1807 4461 1860 4519 Ῑ)

203 4580 365 4620 crum
404 4563 623 4628 factum,
672 4567 816 4635 quod
865 4583 1024 4637 prece
1058 4569 1282 4639 mystica
1335 4581 1687 4626 consecratur
1729 4573 1782 4626 in

203 4655 530 4710 memoriam
545 4657 840 4712 Dominica:
859 4659 1147 4728 passionis,
1170 4663 1311 4716 unde
1331 4662 1433 4716 hoc
1458 4677 1522 4717 eo
1537 4661 1782 4731 jubente,

204 4744 263 4800 in
294 4760 493 4815 corpus
526 4745 726 4802 Christi
775 4756 830 4802 et
859 4750 1176 4820 sanguinem
1227 4751 1434 4806 Domini
1477 4755 1618 4822 quod
1658 4754 1782 4809 dum

203 4836 281 4889 sit
310 4850 376 4890 ex
405 4834 668 4892 fmctihus
691 4845 850 4892 terra:
879 4838 1268 4906 sanctiﬁcatur,
1288 4849 1343 4895 et
1379 4841 1439 4896 ﬁt
1472 4858 1783 4899 sacramen-

205 4935 350 4991 tum,
375 4935 635 4994 operante
668 4928 1008 4984 invisibiliter
1046 4928 1250 5000 Spiritu
1273 4931 1367 4986 Dei
1399 4950 1412 4985 :
1441 4932 1596 5002 cujus
1628 4935 1784 5004 panis

200 5024 265 5071 et
288 5015 476 5075 calicis
529 5027 929 5074 sacramentum
966 5019 1137 5075 (ἔτιεεί
1161 5021 1574 5090 Eucharistiam,
1614 5027 1783 5096 εὐχα-

199 5113 433 5174 ριστίαν,
461 5111 668 5177 dicunt,
695 5113 838 5182 quod
868 5111 1060 5169 Latine
1084 5115 1224 5169 bona
1253 5115 1424 5185 gratia
1451 5116 1782 5186 interpreta-

202 5210 320 5254 tur.
349 5201 417 5254 Et
437 5202 568 5270 quid
591 5203 782 5258 melius
807 5219 1037 5274 corpore
1063 5211 1117 5259 et
1135 5205 1395 5274 sanguine
1416 5205 1652 5260 Christi?
1685 5205 1784 5260 Sa-

202 5299 544 5348 crameutum
564 5292 723 5347 estin
756 5293 929 5364 aliqua
966 5295 1347 5360 celebratione,
1380 5309 1503 5350 cum
1528 5281 1587 5349 re
1630 5304 1778 5365 gesta

203 5383 284 5436 ita
317 5380 401 5446 ﬁt,
428 5387 486 5434 ut
508 5379 711 5449 aliquid
739 5381 1044 5452 signiﬁcare
1057 5383 1408 5456 intelligatur,
1432 5385 1574 5454 quod
1595 5393 1780 5440 sancte

200 5469 580 5539 accipiendum
603 5478 706 5524 est.
776 5487 783 5493 ~

279 5557 444 5612 Missa
476 5567 562 5613 est
592 5565 836 5630 tempore
858 5561 1130 5627 sacriﬁcii,
1161 5563 1375 5632 quando
1407 5563 1778 5619 catechumeni

205 5646 357 5703 iuras
379 5649 686 5713 mittuntur,
716 5649 980 5705 clamante
1009 5650 1191 5706 Levita
1219 5671 1232 5705 :
1268 5651 1322 5707 Si
1370 5655 1492 5722 quis
1519 5656 1776 5709 catechu-

1893 3222 2035 3292 quod
2067 3230 2244 3277 tamen
2265 3225 2422 3278 modo
2449 3240 2554 3277 non
2583 3241 2800 3295 semper
2825 3228 3021 3298 agitur,
3061 3230 3155 3283 sed
3187 3232 3239 3282 in
3279 3231 3470 3298 diebus

1890 3321 2100 3366 tantum
2156 3313 2472 3378 Dominicis,
2505 3315 2638 3368 etin
2696 3319 3004 3370 sanctorum
3064 3319 3467 3388 festivitatibus,

1890 3403 2032 3472 quod
2067 3403 2441 3473 Symmachus,
2467 3421 2606 3475 papa
2658 3405 2768 3460 LVl
2806 3417 2927 3476 post
2965 3408 3206 3473 Petrum,
3238 3411 3310 3465 ita
3349 3411 3466 3466 ﬁeri

1892 3494 2183 3547 mandavit.
2240 3494 2436 3547 Verum
2501 3496 2624 3562 quia
2671 3495 2734 3549 de
2787 3497 3040 3551 sacriﬁcii
3095 3483 3466 3557 celebratione

1891 3597 2190 3636 sermonem
2249 3582 2429 3636 facere
2488 3584 2897 3652 iucipiebamus,
2967 3573 3259 3642 secundum
3300 3605 3465 3659 quam

1892 3672 2317 3726 convenientiam
2347 3671 2525 3725 omnis
2552 3671 2686 3726 ordo
2725 3671 2814 3726 ille
2846 3672 3123 3728 institutus
3151 3675 3243 3740 sit,
3283 3692 3464 3746 persc-

1891 3777 2140 3830 quamur.

2453 3852 2679 3908 CAPUT
2719 3853 2948 3909 XXXIII.

2431 3942 2505 3995 De
2531 3945 2713 3996 ordine
2737 3945 2928 3997 missm.

1957 4030 2194 4084 Primum
2243 4039 2421 4085 autem
2458 4033 2510 4084 in
2561 4032 2923 4086 celebratione
2969 4034 3146 4088 missae
3180 4034 3247 4089 ad
3294 4037 3461 4091 intro-

1887 4119 2020 4174 itum
2044 4120 2341 4174 sacerdotis
2365 4120 2431 4173 ad
2458 4121 2628 4174 altare
2650 4122 2947 4190 antipbona
2967 4132 3218 4178 cantatur
3243 4141 3272 4178 a
3295 4125 3462 4193 clero,

1886 4218 1944 4263 ut
1984 4210 2231 4262 audiatur
2263 4209 2472 4263 sonitus
2525 4211 2742 4277 quando
2773 4212 3071 4280 ingreditur
3097 4217 3461 4270 sanctuarium

1885 4299 1938 4354 in
1965 4310 2251 4370 conspectu
2286 4301 2521 4364 Domini,
2541 4302 2682 4355 sicut
2709 4302 2762 4355 in
2794 4303 2972 4356 Veteri
3001 4304 3346 4360 Testamento
3367 4324 3465 4376 per

1885 4389 2367 4444 tintinnabulorum
2417 4391 2652 4443 sonitum
2677 4391 2951 4460 ingressus
2981 4391 3214 4446 innotuit
3243 4396 3461 4462 pontiﬁ-

1887 4478 1984 4531 cis.
2043 4476 2186 4531 Bene
2215 4492 2344 4546 ergo
2396 4478 2450 4530 in
2483 4479 2728 4548 ingressu
2758 4480 3054 4534 sacerdotis
3089 4484 3463 4553 concrepanti-

1886 4568 1987 4621 bus
2023 4568 2204 4622 choris
2241 4569 2460 4623 auditur
2496 4568 2790 4624 modulatio
2817 4570 3011 4624 divina:
3049 4571 3241 4636 laudis,
3267 4582 3326 4626 ut
3356 4574 3458 4628 Do-

1887 4658 2096 4713 minicaz
2156 4659 2535 4713 celebrationis
2595 4661 2852 4730 mysteria
2933 4661 3300 4717 ministrorum
3372 4665 3460 4734 pie

1887 4750 2155 4818 przecedat
2172 4750 2542 4816 consonantia,
2572 4759 2626 4810 et
2652 4751 2896 4820 corporis
2923 4760 2978 4806 et
3002 4752 3275 4822 sanguinis
3304 4752 3460 4807 Chri-

1888 4841 1954 4895 sti
1982 4840 2287 4895 venerabile
2313 4850 2711 4895 sacramentum
2753 4841 3032 4896 antecedat
3060 4842 3233 4912 dignaa
3280 4841 3458 4898 laudis

1889 4930 2236 4986 sacriﬁcium.
2272 4929 2513 5001 Namque
2539 4933 2736 4986 chorus
2764 4939 2848 4986 est
2871 4931 3177 4986 multitudo
3202 4933 3256 4986 in
3288 4934 3461 4989 sacris

1885 5024 2143 5101 collecta;
2186 5033 2242 5078 et
2275 5023 2450 5078 dictus
2477 5023 2693 5099 chorus,
2741 5023 2883 5091 quod
2920 5023 2973 5076 in
3017 5023 3172 5078 initio
3225 5025 3280 5079 in
3337 5040 3456 5081 mo-

1886 5117 2011 5171 dum
2041 5130 2252 5170 eoronze
2290 5115 2494 5170 circum
2518 5128 2641 5167 aras
2666 5121 2891 5176 starent,
2944 5123 2998 5169 et
3038 5114 3111 5168 ita
3142 5115 3454 5184 psallerent.

1889 5205 2038 5261 Unde
2090 5213 2144 5259 et
2194 5203 2602 5258 Ecclesiasticus
2628 5203 2759 5256 liber
2793 5202 2980 5258 scribit
3012 5211 3244 5258 stantem
3281 5220 3461 5261 sacer-

1885 5297 2064 5350 dotem
2091 5303 2217 5349 ante
2257 5308 2427 5359 aram,
2473 5293 2609 5347 etin
2656 5293 2883 5348 circuitu
2913 5308 3168 5349 coronam
3206 5293 3451 5348 fratrum.

1881 5382 1985 5437 Alii
2008 5384 2231 5438 chorum
2261 5381 2514 5435 dixerunt
2553 5395 2584 5434 a
2623 5381 2927 5447 concordia,
2959 5397 3078 5451 qua:
3107 5382 3162 5436 in
3190 5382 3454 5437 charitate

1882 5475 2163 5537 consistat,
2196 5472 2310 5526 sive
2338 5471 2404 5526 de
2433 5471 2772 5526 concinentia
2789 5473 2926 5527 soni.
2955 5471 3085 5526 Cum
3109 5479 3284 5526 autem
3316 5487 3455 5527 unus

1883 5562 2049 5630 canit,
2095 5559 2282 5617 Graece
2311 5560 2562 5615 monodia
2586 5560 2826 5631 μονωδία,
2860 5560 3048 5614 Latine
3078 5560 3346 5625 siciniam,
3370 5559 3460 5614 di-

1883 5656 2056 5720 citur;
2112 5662 2316 5709 etcum
2361 5653 2466 5710 duo
2495 5663 2716 5721 canunt,
2757 5653 3011 5709 bicinium
3063 5652 3291 5721 dicitur;
3328 5667 3452 5708 cum
