3958 6338
468 329 578 399 ω

1103 319 1165 382 e,
1207 314 1458 372 RABA‘NI
1498 313 1715 372 unum
1753 307 2067 367 ARClllEP.
2110 266 2416 364 uocum.
2454 290 2736 363 eruntin
2773 302 3023 401 PARS'I.

3586 301 3692 360 524

472 452 651 501 autem
696 436 869 504 multi,
910 433 1108 506 chorus
1142 440 1385 488 vocatur.
1435 428 1737 498 Antiphona
1783 429 2027 498 ἀντιφωνό
2057 430 2103 481 Λ
2133 435 2256 478 nem
2302 420 2515 497 Domini
2544 435 2649 477 non
2687 432 2811 478 cum
2856 414 3553 506 linteaminibus'positum,
3600 421 3693 483 seu

469 536 681 600 Graiae,
702 596 707 599 _
732 546 838 587 vox
869 529 1164 597 reciproca,
1190 539 1256 579 ex
1285 523 1492 578 duobus
1518 519 1722 575 scilicet
1747 518 1931 574 choris
1958 516 2034 582 al-
2129 524 2373 567 seorsum
2396 509 2691 570 involutum
2730 506 2977 600 inireniri.
3008 505 3289 561 Ponuntur
3310 520 3522 576 quoque
3568 516 3710 569 tunc,

472 622 727 677 ternatim
752 616 1121 689 psallentibus,
1152 611 1365 668 dicitur.
1398 608 1527 664 Post
1551 608 1825 662 introitum
1853 615 2030 660 autem

2130 614 2255 660 vasa
2282 606 2473 654 sancta
2505 596 2689 671 (quod
2710 580 2855 652 calix
2882 604 2966 651 est
2986 603 3041 653 et
3063 597 3277 668 patena)
3315 612 3475 668 super
3498 598 3696 657 altare.

473 684 769 767 sacerdotis
794 708 859 762 ad
893 705 1063 759 altare
1104 702 1303 757 litanias
1332 706 1562 769 aguntur
1593 712 1626 752 a
1657 696 1821 760 clero,
1851 703 1908 748 ut
1934 708 2028 765 εει·
2101 702 2248 756 lquae
2291 686 2684 756 quodammodo
2706 684 2969 747 Dominici
3009 686 3239 754 sepulcri
3263 695 3446 757 typum
3471 686 3696 751 habent,

472 788 670 856 neralis
696 798 872 855 oratio
897 792 1183 866 pmveniat
1206 786 1490 860 specialem
1523 786 1817 843 sacerdotis
1847 802 1861 838 :
1902 784 2031 839 sub-

473 890 713 959 sequitur
738 896 918 942 autem
936 883 1105 939 oratio
1130 880 1448 945 sacerdotis,
1468 888 1523 935 et
1552 876 1773 949 paciﬁca
1799 876 2029 945 primum

474 979 796 1034 salutatione
846 973 1099 1045 populum
1142 970 1384 1029 salutans
1422 968 1572 1039 pacis
1625 978 1937 1034 responsum
1964 961 2030 1015 ab

472 1068 562 1121 ille
596 1066 847 1135 accipiat,
871 1072 929 1117 ut
950 1076 1074 1116 vera
1103 1059 1387 1115 concordia
1410 1067 1466 1113 et
1485 1053 1763 1112 charitatis
1789 1066 1918 1121 pura
1941 1050 2032 1104 de-

469 1157 615 1211 votio
642 1153 853 1209 facilius
877 1151 1142 1222 postulata
1171 1151 1424 1219 impetret
1452 1146 1520 1201 ab
1552 1161 1618 1201 eo
1643 1144 1732 1213 qui
1759 1143 1917 1197 corda
1947 1154 2032 1194 as-

473 1245 601 1314 picit
626 1253 684 1298 et
726 1245 936 1298 interna
970 1241 1246 1311 diiudicat.
1302 1238 1453 1292 Tunc
1491 1223 1659 1296 leEtor
1696 1232 1823 1303 legit
1849 1229 2033 1285 lectio-

472 1351 593 1390 nem
618 1334 953 1397 canonicam,
990 1336 1049 1385 ut
1094 1332 1303 1392 animus
1326 1329 1626 1383 auditorum
1647 1339 1745 1394 per
1781 1323 1921 1375 hanc
1950 1320 2032 1373 in-

468 1432 705 1479 structus
753 1425 820 1477 ad
866 1433 1059 1477 caetera
1104 1420 1370 1477 lntensior.
1415 1422 1678 1485 assurgat.
1731 1413 1860 1466 Post
1892 1413 2033 1464 hanc

465 1528 594 1583 ergo
622 1520 812 1567 cantor
837 1512 967 1565 dicit
1000 1506 1399 1579 responsorinm
1428 1521 1442 1559 :
1468 1506 1535 1559 ad
1567 1502 2029 1573 compunctionem

462 1607 739 1669 provocet,
778 1607 835 1656 et
874 1600 1023 1654 lenes
1069 1597 1280 1654 animos
1318 1594 1648 1650 audientium
1695 1591 1877 1646 faciat.
1924 1589 2032 1644 Re-

2129 775 2255 845 quia
2284 775 2423 831 sicut
2466 782 2592 830 tunc
2643 787 2838 843 corpus
2867 772 3068 833 Christi
3120 778 3450 832 aromatibus
3475 784 3699 837 unctum

2130 866 2183 919 in
2239 865 2485 935 sepulcro
2534 879 2672 923 novo
2707 879 2806 933 per
2831 864 3038 932 piorum
3087 864 3319 921 cilicium
3345 867 3698 931 condebatur,

2129 954 2203 1008 ita
2232 956 2390 1010 modo
2431 953 2487 1007 in
2522 953 2759 1009 Ecclesia
2800 954 3088 1023 mysticum
3146 970 3341 1026 corpus
3388 952 3531 1019 illius
3574 973 3697 1012 cum

2128 1046 2421 1114 unguentis
2446 1059 2614 1099 sacrae
2643 1045 2902 1106 orationis
2927 1045 3202 1101 conditum
3250 1048 3303 1101 in
3344 1048 3515 1103 sacris
3554 1047 3704 1109 vasis

2130 1134 2197 1188 ad
2222 1133 2624 1202 percipiendum
2655 1133 2899 1194 ﬁdelibus
2936 1148 3034 1203 per
3082 1137 3419 1192 sacerdotum
3464 1136 3698 1193 ofﬁcium

2128 1223 2556 1286 administratur.
2603 1221 2794 1277 Postea
2837 1230 3087 1277 cantatur
3130 1224 3293 1278 missa
3318 1240 3350 1278 a
3394 1226 3698 1291 sacerdote,

2129 1315 2221 1384 qui
2268 1322 2552 1384 postquam
2601 1314 2837 1383 loquitur
2887 1315 2953 1375 ad
3004 1314 3255 1383 populum
3292 1315 3705 1375 de-elevatione

2129 1402 2307 1461 cordis
2345 1408 2412 1461 ad
2446 1406 2636 1470 Deum,
2667 1407 3089 1475 “hortaturque
3114 1421 3208 1462 eos
3230 1409 3297 1462 ad
3318 1409 3519 1485 gratias
3545 1425 3702 1478 agen-

2130 1498 2227 1552 das
2280 1494 2523 1559 Domino,
2557 1495 2799 1552 laudibus
2825 1509 2888 1551 os
2939 1496 3144 1564 implet,
3182 1504 3441 1565 rogatque
3470 1505 3529 1550 ut
3585 1498 3703 1566 ipse

2127 1588 2465 1655 omnipotens
2496 1585 2637 1639 Deus
2686 1584 2863 1649 Pater,
2892 1585 2975 1645 cui
3006 1585 3313 1646 deserviunt
3336 1585 3585 1642 omlestes
3604 1602 3702 1655 po-

463 1688 802 1758 sponsorium
829 1701 959 1758 ergo
992 1687 1117 1742 inde
1154 1685 1368 1749 dicitur,
1397 1682 1560 1753 quod,
1585 1681 1691 1735 alio
1732 1680 2028 1744 desinente,
2058 1682 2379 1758 _‘testates;
2400 1690 2498 1733 sua
2522 1678 2692 1747 gratia
2726 1677 2936 1758 illorum
2962 1678 3187 1735 vocibus
3205 1678 3391 1748 iubeat
3431 1681 3701 1737 humanas

463 1751 518 1833 id
551 1779 688 1833 alter
715 1751 1056 1847 respondeat.
1080 1776 1224 1833 Inter
1258 1751 1597 1842 responsoria
1632 1778 1689 1825 et
1709 1768 2029 1839 antiphonas
2058 1751 2104 1811 Β
2133 1769 2403 1825 associare
2449 1767 2844 1833 confessiones;
2880 1756 3040 1838 ouem
3084 1771 3513 1839 deprecationem
3567 1787 3697 1827 mox

462 1868 567 1921 hoc
588 1864 784 1931 dili'ert,
817 1866 959 1935 quod
989 1866 1044 1920 in
1070 1861 1424 1933 responsoriis
1454 1874 1591 1914 unus
1616 1859 1763 1921 dicat
1789 1871 2025 1921 versum,

462 1958 516 2011 in
546 1958 854 2026 antiphonis
897 1964 1079 2012 autem
1103 1956 1369 2010 alternent
1405 1953 1650 2007 versibus
1675 1952 1846 2009 chori.
1881 1950 2031 2004 Anti-

460 2050 671 2117 phonas
698 2047 890 2111 Graeci,
933 2045 1273 2115 responsoria
1307 2056 1435 2096 vero
1457 2041 1574 2095 Itali
1602 2040 1886 2094 traduntur
1920 2040 2029 2108 pri-

462 2151 607 2190 mum
655 2135 942 2190 invenisse.
993 2131 1411 2201 Responsorium
1450 2130 1607 2184 .enim
1635 2128 1776 2183 istud
1811 2128 2027 2197 quidam

457 2222 681 2293 gradale
704 2230 920 2287 vocant,
946 2237 1011 2277 eo
1050 2222 1193 2291 quod
1212 2219 1363 2288 juxta
1399 2218 1597 2288 gradus
1627 2216 1815 2287 pulpiti
1838 2224 2029 2289 cautae-

462 2326 568 2371 tur.
597 2314 727 2369 Post
747 2313 1149 2382 responsorium
1192 2319 1451 2365 cantatur
1472 2308 1706 2373 alleluia,
1736 2307 1943 2366 scilicet
1971 2314 2031 2361 ut

461 2404 532 2461 ad
556 2402 798 2458 cmlestia
826 2412 1002 2456 mente
1021 2400 1273 2471 populum
1301 2398 1563 2462 sublevet,
1616 2408 1669 2450 et
1700 2396 1767 2450 ad
1795 2396 2029 2449 divinam

460 2490 971 2560 contemplationem
1010 2488 1201 2557 erigat.
1229 2485 1453 2541 Alleluia
1474 2486 1618 2540 enim
1659 2484 1888 2538 duorum
1909 2497 2030 2536 ver~

462 2580 655 2635 borum
683 2562 1057 2648 interpretatio
1082 2586 1186 2641 est,
1212 2578 1314 2632 hoc
1339 2584 1421 2631 est
1444 2576 1561 2630 laus
1591 2574 1705 2639 Dei,
1735 2582 1788 2628 et
1812 2582 1894 2628 est
1919 2572 2029 2627 lle-

462 2666 687 2721 brteum.
737 2667 789 2721 Ia
837 2667 981 2720 enim
1008 2666 1072 2727 de
1101 2665 1284 2725 decem
1316 2661 1619 2716 nominibus
1670 2662 1864 2730 quibus
1890 2661 2031 2730 apud

461 2754 713 2823 llebrgeos
743 2756 883 2811 Deus
908 2762 1130 2809 vocatur
1162 2767 1328 2817 unum
1355 2759 1459 2806 est.
1510 2749 1770 2809 Similiter
1794 2759 1849 2805 et
1874 2765 2031 2804 amen

462 2844 745 2899 Hebraeum
777 2851 880 2908 est,
913 2842 1053 2910 quod
1076 2840 1143 2896 ad
1172 2854 1386 2897 omnem
1410 2838 1704 2893 sacerdotis
1731 2838 2029 2893 orationem

462 2948 557 2990 seu
606 2934 1036 2988 benedictionem
1072 2930 1362 3000 respondet
1387 2929 1613 2999 populus
1664 2928 1917 2983 ﬁdelium.
1948 2926 2032 2980 ln-

461 3024 747 3093 terpretari
794 3035 1007 3091 quoque
1037 3029 1214 3089 potest
1254 3034 1410 3073 amen
1452 3018 1509 3071 in
1556 3018 1825 3081 Latinum,
1866 3031 2025 3079 vere,

2130 1859 2481 1928 subsequitur
2515 1858 2633 1912 laus
2658 1873 2724 1912 ex
2757 1858 3014 1928 angelicis
3065 1870 3119 1914 et
3156 1861 3407 1918 humanis
3448 1861 3701 1916 cantibus

2130 1946 2393 2001 confecta.
2426 1945 2674 2010 Sanctus,
2723 1944 2964 2012 Sanctus,
3006 1946 3231 2007 Sanctus
3256 1949 3509 2004 Dominus
3555 1950 3700 2005 Deus

2129 2032 2376 2094 Sabaoth,
2432 2028 2727 2102 plenisunt
2774 2033 2887 2087 caeli
2928 2045 2975 2088 et
3023 2045 3159 2110 terrq
3189 2037 3358 2107 gloria
3412 2048 3525 2102 tua,
3582 2047 3693 2094 etc.

2128 2124 2329 2179 Dehine
2351 2124 2461 2193 jam
2508 2123 2843 2177 consecratio
2877 2124 3117 2192 corporis
3165 2128 3533 2196 etsanguinis
3591 2129 3699 2183 Do-

2129 2214 2258 2269 mini
2313 2213 2412 2283 fit“
2428 2223 2482 2266 et
2526 2212 2835 2281 deprecatio
2880 2213 3053 2267 valida
3077 2215 3143 2267 ad
3179 2214 3366 2279 Deum,
3408 2216 3555 2271 inter
3579 2231 3702 2285 qua:

2128 2314 2183 2360 et
2219 2303 2495 2359 Dominica
2536 2302 2708 2364 oratio
2746 2302 3077 2358 decantatur.
3135 2301 3423 2372 Postquam
3452 2306 3596 2360 enim
3630 2307 3699 2361 ad

2130 2393 2632 2449 communicandum
2655 2400 2709 2446 et
2733 2393 2799 2450 ad
2826 2393 3225 2462 percipiendum
3247 2409 3441 2464 corpus
3466 2410 3701 2464 perven-

2132 2494 2245 2547 tum
2290 2484 2469 2549 fuerit,
2524 2486 2675 2553 pacis
2715 2485 2957 2540 osculum
3005 2486 3104 2539 sibi
3162 2486 3391 2550 invicem
3449 2490 3698 2552 tradunt,

2130 2582 2412 2631 cantantes
2437 2573 2655 2648 {Agnus
2679 2573 2797 2637 Dei,
2829 2575 2916 2643 qui
2948 2574 3087 2627 tollis
3119 2585 3327 2643 peccata
3356 2576 3562 2641 mundi,
3592 2578 3699 2629 mi-

2131 2682 2297 2719 serere
2319 2665 2485 2727 nobis,
2503 2676 2581 2726 ut,
2598 2664 2805 2732 pacifici
2824 2674 3216 2725 sacramentum
3238 2665 3614 2734 percipientes,
3643 2667 3698 2721 in

2134 2755 2367 2810 filiorum
2394 2756 2487 2810 Dei
2512 2770 2735 2809 numero
2769 2753 3028 2824 (remissis
3052 2753 3260 2809 delictis
3288 2755 3556 2825 omnibus)
3587 2771 3704 2809 me-

2135 2855 2357 2902 reantur
2382 2846 2644 2915 copulari.
2693 2842 2823 2910 Post
2866 2844 3293 2899 communionem
3322 2860 3469 2915 ergo,
3506 2854 3703 2915 etpost

2133 2934 2371 3003 ejusdem
2397 2935 2629 2999 nominis
2682 2934 2971 2997 canticum,
3001 2933 3126 2987 data
3152 2934 3520 2989 benedictione
3542 2949 3573 2987 a
3607 2950 3699 2988 sa-

2134 3027 2352 3082 cerdote
2406 3027 2474 3080 ad
2510 3024 2736 3095 plebem,
2768 3024 3023 3078 diaconus
3074 3024 3333 3093 praedicat
3371 3025 3548 3079 missae
3573 3024 3693 3079 olli-

462 3077 577 3168 sive
614 3077 857 3176 fidelitei',
899 3077 989 3166 seu
1013 3077 1125 3179 fiat.
1150 3109 1473 3179 Hieronymo
1500 3116 1637 3171 teste
1663 3108 1716 3161 in
1745 3077 2026 3170 Psalterio,

2133 3116 2273 3171 cium
2308 3129 2427 3171 esse
2463 3122 2762 3183 peractum,
2795 3113 2926 3167 dans
2952 3112 3223 3167 licentiam
3246 3113 3494 3168 abeundi.
3533 3114 3700 3168 Istum

464 3202 553 3255 ubi
576 3202 651 3254 ait
679 3216 692 3253 :
719 3198 863 3263 Fiat,
893 3200 1005 3268 ﬁat,
1034 3200 1087 3254 in
1112 3198 1377 3253 Hebraico
1409 3196 1621 3267 legitur,
1647 3196 1830 3261 Amen,
1856 3212 2027 3258 amen.

465 3288 592 3344 Hzec
637 3289 741 3342 duo
776 3294 955 3341 tamen
990 3288 1169 3349 verba,
1201 3286 1253 3340 id
1277 3292 1379 3351 est,
1414 3301 1569 3340 amen
1598 3294 1653 3340 ct
1676 3285 1908 3349 alleluia,
1932 3300 2031 3339 nec

461 3379 683 3443 (ἱππεὶς,
731 3393 830 3431 nec
877 3376 1100 3441 Latinis,
1140 3390 1239 3430 nec
1282 3375 1555 3439 Barbaris,
1595 3374 1721 3428 licet
1776 3375 1827 3427 in
1877 3388 2026 3437 suam

462 3470 697 3539 linguam
750 3468 966 3523 omnino
996 3465 1308 3531 transferre,
1353 3465 1438 3521 vel
1482 3466 1585 3520 alia
1611 3465 1791 3537 lingua
1822 3481 2029 3520 annun-

464 3559 620 3613 tiare.
674 3557 811 3610 Nam
857 3556 1100 3625 quamvis
1128 3556 1467 3624 interpretari
1515 3564 1765 3626 possunt,
1811 3564 2030 3625 propter

463 3646 786 3701 sanctiorem
814 3653 989 3697 tamen
1036 3643 1428 3707 auctoritatem,
1474 3652 1685 3697 servata
1708 3652 1789 3698 est
1818 3644 1885 3696 ab
1908 3658 2030 3711 apo-

465 3734 617 3790 stolis
672 3732 725 3786 in
780 3732 865 3785 his
914 3730 1142 3797 preprice
1184 3730 1376 3799 lingua”:
1441 3730 1753 3797 antiquitas.
1800 3730 2028 3787 Tantum

464 3823 610 3878 enim
658 3834 811 3875 sacra
842 3826 966 3874 sunt
994 3817 1229 3883 nomina,
1258 3825 1317 3871 ut
1340 3817 1501 3871 etiam
1536 3817 1769 3871 Joannes
1794 3819 1847 3872 in
1882 3819 2029 3887 Apo-

467 3910 668 3980 calypsi
719 3907 918 3961 referat
969 3904 1169 3975 Spiritu
1222 3905 1494 3962 revelante
1542 3920 1600 3960 se
1633 3906 1829 3960 vidisse
1856 3914 1909 3959 et
1938 3922 2030 3959 au-

468 4001 611 4057 disse
635 4014 816 4053 vocem
839 3997 1071 4052 caelestis
1090 3996 1379 4060 exercitus,
1400 4002 1649 4064 tanquam
1666 4010 1853 4051 vocem
1866 4010 2031 4065 aqua-

467 4104 588 4144 rum
638 4088 946 4151 multarum,
977 4093 1033 4140 et
1065 4086 1357 4141 tonitruum
1388 4084 1682 4139 validorum
1714 4085 2025 4151 dicentium,

469 4192 625 4231 amen
646 4185 703 4231 et
720 4176 929 4229 alleluia
951 4174 1129 4245 (Apoc.
1154 4173 1287 4245 xix),
1305 4188 1367 4228 ac
1393 4189 1488 4243 per
1510 4174 1611 4229 hoc
1639 4176 1717 4230 sic
1736 4186 1944 4245 oportet
1975 4178 2025 4231 in

468 4266 629 4323 lcrris
659 4272 886 4332 utraque
910 4264 1034 4327 dici,
1063 4264 1201 4317 sicut
1236 4263 1288 4316 in
1316 4263 1451 4319 ccelo
1478 4272 1748 4318 resonant.
1773 4265 1972 4332 Deinde
1995 4282 2027 4320 a

468 4359 693 4419 diacono
723 4372 842 4410 cum
893 4370 1100 4409 summa
1144 4355 1461 4409 auctoritate
1492 4356 1545 4409 in
1594 4356 1815 4410 auribus
1850 4357 2026 4426 populi

468 4448 725 4502 recitatur
751 4445 1113 4515 Evangelium,
1142 4452 1200 4497 ut
1231 4445 1393 4513 ipsius
1427 4444 1620 4499 ibidem
1645 4445 1892 4499 audiatur
1929 4446 2027 4500 do-

468 4540 661 4599 ctrina,
689 4536 755 4589 ad
781 4549 938 4604 quem
964 4534 1135 4587 fervet
1165 4534 1392 4589 intentio
1408 4541 1539 4599 tota,
1557 4535 1833 4605 ipsiusque
1859 4536 2029 4591 virtus

472 4626 795 4695 intelligatur
852 4641 947 4693 per
1000 4626 1362 4694 Evangelium,
1423 4626 1575 4693 cujus
1620 4636 1747 4681 tunc
1789 4628 2029 4696 corporis

470 4723 871 4771 sacrosanctum
904 4713 1201 4774 celebratur
1234 4716 1564 4783 mysterium.
1611 4716 1713 4769 Per
1739 4717 1841 4770 hoc
1884 4716 2029 4777 obla—

472 4805 644 4858 tiones
670 4802 967 4860 uﬁ‘eruntur
994 4818 1023 4855 a
1054 4802 1268 4871 populo,
1322 4811 1377 4856 et
1398 4802 1730 4859 oﬂ'ertorium
1784 4813 2031 4859 cantatur

470 4909 503 4946 a
547 4894 710 4955 clero,
743 4892 883 4959 quod
938 4906 1002 4946 ex
1055 4892 1169 4959 ipsa
1211 4907 1371 4945 causa
1417 4892 1732 4954 vocabulum
1786 4896 2029 4962 sumpsit,

474 4985 625 5053 quasi
649 4983 981 5038 offerentium
1011 4983 1280 5046 canticum
1306 4999 1320 5047 ;
1348 4983 1663 5043 immittitur
1690 4999 1856 5052 usque
1873 4964 2033 5053 super

476 5074 645 5126 altare
686 5073 977 5141 corporalis
1021 5072 1259 5140 pallium,
1311 5074 1451 5141 quod
1499 5072 1763 5143 significat
1812 5074 2030 5129 linteum

477 5178 584 5233 quo
623 5177 817 5229 corpus
865 5161 1160 5215 Salvatoris
1207 5161 1596 5227 involvebatur,
1630 5164 1772 5230 quod
1821 5178 1886 5217 ex
1925 5164 2031 5217 lino

476 5270 611 5324 puro
647 5262 851 5307 textum
895 5268 1011 5308 esse
1036 5254 1209 5319 debet,
1234 5262 1289 5307 et
1314 5268 1419 5308 non
1449 5269 1514 5308 ex
1538 5255 1710 5309 serico
1733 5255 1817 5308 vel
1836 5271 2035 5324 purpu—

477 5362 562 5410 ra,
603 5359 779 5414 neque
805 5359 871 5397 ex
914 5358 1088 5412 panno
1121 5344 1305 5408 tincto,
1361 5344 1498 5398 sicut
1545 5358 1572 5395 a
1617 5342 1873 5398 Silvestre
1901 5360 2033 5412 papa

478 5424 780 5491 institutum
809 5434 1127 5498 invenimus,
1151 5434 1274 5502 quia
1304 5434 1358 5486 in
1381 5433 1672 5503 Evangelio
1700 5433 1893 5503 legitur
1921 5434 2031 5487 sin-

480 5527 617 5579 done
639 5528 833 5579 munda
865 5524 1156 5579 involutum
1184 5539 1304 5579 esse
1326 5539 1363 5589 _a
1391 5522 1587 5593 Joseph
1618 5538 1814 5593 corpus
1844 5523 2031 5577 Salva-

486 5614 634 5675 toris,
687 5624 739 5667 et
783 5612 1053 5667 sudarium
1083 5612 1288 5681 'capitis
1342 5611 1455 5680 ejus
1498 5620 1619 5680 post
1678 5615 2033 5668 resurrectio-

2130 3220 2259 3275 ergo
2296 3203 2538 3265 ordinem
2580 3202 2646 3255 ab
2694 3201 2970 3269 apostolis,
3020 3208 3073 3253 et
3133 3203 3200 3257 ab
3237 3201 3543 3270 apostolicis
3567 3202 3701 3256 viris

2130 3292 2383 3346 traditum
2418 3290 2664 3343 Romana
2689 3296 2831 3342 tenet
2859 3288 3215 3363 Ecclesiapet
3235 3303 3330 3359 per
3365 3296 3534 3342 totum
3558 3283 3701 3357 pene

2128 3380 2493 3442 Occidentem,
2544 3393 2729 3434 omnes
2769 3377 3019 3437 Ecclesiae
3066 3378 3307 3431 eamdem
3353 3377 3695 3430 traditionem

2129 3480 2362 3527 servant.
2394 3469 2498 3524 Sed
2524 3470 2649 3537 quia
2687 3471 2751 3521 de
2771 3468 3048 3522 ordinibus
3076 3469 3269 3531 sacris,
3309 3475 3362 3521 et
3383 3467 3447 3520 de
3468 3476 3701 3548 quatuor

2130 3562 2500 3623 sacramentis,
2532 3574 2631 3620 nec
2656 3574 2757 3611 non
2787 3566 2844 3611 et
2884 3560 2947 3612 de
2974 3557 3151 3618 cilicio
3175 3558 3351 3611 missa:
3386 3572 3695 3610 sermonem

2129 3652 2530 3722 explicavimus,
2583 3649 2707 3702 huic
2747 3646 2885 3701 libro
2931 3647 3218 3705 terminum
3256 3646 3342 3700 hic
3394 3646 3699 3713 ponendum

2130 3754 2251 3797 esse
2286 3722 2569 3795 censemus
2598 3754 2609 3788 :
2636 3736 2686 3795 in
2728 3735 3093 3803 sequentibus,
3146 3735 3218 3789 de
3256 3734 3467 3788 caeteris
3508 3732 3697 3787 ciliciis

2130 3839 2290 3899 atque
2323 3824 2785 3885 observationibus
2814 3824 2882 3893 (si
2914 3824 3172 3880 Dominus
3218 3822 3491 3894 annuerit)
3540 3823 3697 3893 plura

2130 3918 2369 3975 relaturi.

2681 4007 2888 4060 Additio
2909 4007 2974 4060 de
3008 4007 3186 4060 missa.

2197 4098 2531 4162 Anastasius,
2574 4098 2790 4152 natione
2832 4097 3120 4161 Romanus,
3152 4111 3217 4150 ex
3258 4103 3412 4164 patre
3461 4093 3697 4153 Maximo

2128 4188 2208 4257 (ut
2231 4187 2420 4256 legitur
2449 4187 2500 4238 in
2527 4186 2688 4256 gestis
2717 4184 3149 4253 episcopalibus),
3174 4184 3451 4237 constituit
3480 4192 3537 4235 ut
3563 4198 3698 4250 quo-

2130 4282 2442 4347 tiescunque
2477 4286 2659 4331 sancta
2692 4270 3049 4329 recitarentur
3090 4273 3396 4345 Evangelia,
3438 4274 3695 4327 sacerdw

2132 4378 2211 4423 tes
2261 4377 2315 4422 et
2354 4367 2619 4434 reliquum
2646 4365 2831 4432 vulgus
2861 4379 2964 4421 non
3012 4364 3280 4427 sederent,
3324 4364 3417 4417 sed
3464 4370 3697 4417 starent.

2134 4456 2331 4509 Deinde
2356 4454 2651 4510 orationem
2682 4467 2777 4519 pro
2815 4453 2925 4506 suis
2946 4454 3175 4521 prepriis
3210 4451 3415 4506 delictis
3443 4460 3496 4505 et
3523 4450 3695 4520 plebis

2136 4543 2468 4605 remissione,
2510 4551 2569 4594 ut
2602 4543 2789 4611 dignus
2837 4541 2905 4595 sit
2936 4542 3191 4599 accedere
3235 4541 3301 4594 ad
3327 4540 3515 4603 altare,
3544 4549 3599 4591 et
3624 4538 3697 4591 ad

2134 4643 2336 4687 tactum
2362 4632 2680 4695 oblatarum,
2712 4646 2777 4685 ne
2832 4632 2924 4686 fiat
2954 4632 3025 4686 illi
3072 4634 3212 4702 quod
3241 4632 3436 4687 factum
3479 4639 3561 4683 est
3591 4628 3696 4681 De—

2136 4725 2397 4781 thsamitis
2423 4724 2511 4793 qui
2537 4733 2734 4778 temere
2747 4738 2925 4780 aream
2950 4723 3461 4793 Domini‘tangebant
3482 4721 3531 4791 (Ι
3562 4719 3691 4787 Reg.

2132 4816 2206 4883 v).
2248 4812 2520 4883 Susceptis
2563 4814 2924 4868 oblationibus
2980 4816 3267 4869 revertitur
3326 4811 3576 4867 sacerdos
3620 4810 3692 4863 ad

2131 4905 2316 4968 altare,
2366 4913 2420 4961 et
2459 4904 2600 4958 lavat
2656 4920 2847 4960 manus
2893 4920 3035 4968 suas,
3082 4914 3134 4959 et
3167 4903 3395 4971 extergit
3445 4902 3511 4957 ab
3563 4909 3693 4954 actu

2131 4993 2491 5051 communium
2522 5008 2771 5046 manuum
2798 5001 2956 5061 atque
2990 5002 3205 5046 terreno
3233 5006 3388 5060 pane,
3438 4988 3693 5044 sacerdos

2130 5082 2255 5137 facit
2275 5082 2341 5136 de
2368 5083 2546 5137 oblata
2574 5084 2705 5143 duas
2737 5098 2925 5136 cruces
2950 5081 3103 5149 juxta
3134 5083 3373 5145 calicem,
3418 5089 3475 5133 ut
3501 5080 3693 5133 docent

2130 5172 2400 5227 Christum
2429 5174 2726 5241 depositum
2756 5187 2876 5226 esse
2901 5174 2965 5227 de
3012 5188 3189 5236 cruce,
3226 5187 3322 5241 pro
3344 5172 3547 5231 duobus
3590 5186 3687 5237 po-

2132 5261 2269 5330 pulis
2319 5272 2373 5315 et
2409 5262 2742 5316 crucifixum.
2774 5262 3011 5316 Elevatio
3036 5264 3330 5317 sacerdotis
3375 5270 3430 5316 et
3477 5259 3691 5314 diaconi

2113 5351 2371 5419 corporis
2410 5359 2465 5410 et
2514 5350 2788 5420 sanguinis
2816 5350 3051 5419 _Christi,
3086 5352 3432 5414 elevationem
3464 5349 3579 5417 ejus
3618 5348 3689 5399 ad

2131 5454 2344 5493 crucem
2399 5439 2629 5493 insinuat
2669 5454 2763 5508 pro
2792 5441 2954 5494 totius
3011 5442 3189 5494 mundi
3229 5440 3415 5495 salute.
3472 5436 3692 5499 Pennus

2131 5538 2382 5583 extensus
2421 5545 2581 5597 super
2621 5530 2805 5593 altare,
2837 5544 3029 5597 corpus
3065 5530 3269 5584 Domini
3299 5533 3552 5582 monstrnt
3589 5540 3687 5578 cx-

2137 5629 2339 5673 Icnsum
2396 5622 2447 5673 in
2502 5636 2682 5685 cruce,
2732 5629 2785 5673 et
2823 5627 2980 5689 super
3036 5635 3101 5675 eo
3147 5632 3339 5687 corpus
3378 5625 3433 5670 ct
3467 5612 3688 5685 sanguis
