3958 6334
171 339 276 398 325

970 337 1057 393 DE
1092 335 1526 394 CLERICORUM
1565 335 2064 405 INSTITU'IIONE,
2105 338 2339 395 ETC.-—
2374 328 2501 394 LIB.
2538 337 2580 393 I'.
2630 354 2645 367 “·

3283 337 3386 395 526

173 450 382 508 Domini
413 452 806 510 consecratum,
835 444 976 514 quod
1009 459 1108 500 nos
1148 444 1554 509 manducamus,
1593 457 1731 512 aqua
1758 448 1810 506 Λ
1834 445 1908 499 cit
1939 458 2147 514 pacem,
2192 452 2253 499 ut
2296 422 2802 513 ostendatur-un
2842 457 2940 500 nos
2982 430 3223 501 membra
3244 450 3249 454 ’
3272 445 3394 516 eius

170 552 227 597 et
269 541 451 593 vinum
480 537 533 589 in
561 534 726 588 calice
771 539 1071 587 monstrant
1113 540 1471 594 sacramenta,
1522 543 1643 599 qua:
1672 529 1739 583 de

174 630 345 682 latere
394 622 606 678 Domini
642 621 695 675 in
717 636 875 676 cruce
902 619 1190 685 ﬂuxerunt,
1217 619 1413 690 quibus
1442 630 1541 672 nos
1569 614 1739 685 pctati

172 730 382 772 sumus.
416 710 681 768 lmmissio
725 710 876 780 panis
914 710 967 764 in
994 710 1199 775 vinum,
1232 707 1382 763 varie
1406 705 1545 775 apud
1574 718 1740 773 quos-

175 807 299 859 dam
334 803 565 857 habetur
604 807 661 855 et
693 800 887 871 agitur.
931 798 1047 852 Itali
1078 810 1289 867 quoque
1313 795 1486 864 primo
1524 792 1743 846 mittunt

173 898 243 951 de
280 900 469 950 sancto
518 905 657 961 pane
689 891 745 945 in
772 890 1015 954 calicem,
1050 896 1105 941 et
1149 894 1335 956 postea
1375 883 1560 936 dicunt
1590 898 1604 934 :
1635 895 1740 949 pax

178 985 411 1051 Domini,
445 984 609 1054 aliqui
644 998 772 1038 vero
814 988 1092 1036 reservant
1142 977 1528 1033 immissionem
1558 987 1739 1043 usque

176 1078 302 1131 dum
333 1090 433 1145 pas
458 1072 723 1128 celebrata
752 1073 823 1128 sit
858 1080 915 1126 et
942 1071 1129 1125 fractio
1153 1067 1325 1137 panis.
1358 1064 1586 1119 Romani
1613 1078 1741 1119 vero

174 1181 299 1220 cum
339 1165 522 1219 dicunt
548 1160 667 1216 Pas:
690 1161 896 1215 Domini
923 1162 990 1214 sit
1043 1173 1245 1226 semper
1279 1155 1562 1219 vobiscum,
1612 1152 1738 1208 mit-

178 1263 297 1310 tunt
344 1268 539 1324 corpus
588 1251 798 1308 Domini
856 1252 909 1305 in
951 1250 1175 1304 calicem
1205 1245 1398 1304 oblata:
1444 1243 1734 1314 particulae.

174 1345 353 1414 Ipsum
388 1359 586 1414 corpus
622 1342 775 1397 nobis
823 1348 947 1393 ante
995 1338 1178 1393 oculos
1212 1337 1446 1391 ostendit
1474 1335 1613 1405 quod
1642 1350 1739 1404 pro

177 1434 332 1488 nobis
372 1442 457 1488 est
487 1431 822 1487 crucifixum.
852 1430 974 1483 Ideo
1024 1443 1152 1483 vero
1179 1429 1346 1499 tangit
1384 1436 1615 1497 quatuor
1663 1427 1739 1479 la-

177 1535 291 1579 tera
334 1524 544 1589 calicis,
591 1522 715 1591 quia
772 1536 868 1591 per
925 1520 1054 1574 illud
1093 1520 1385 1573 humanum
1429 1531 1597 1587 genus
1643 1529 1739 1584 per

175 1622 409 1683 quatuor
445 1612 662 1668 climata
707 1610 889 1666 mundi
938 1610 1004 1663 ad
1025 1610 1284 1663 unitatem
1310 1606 1468 1661 unius
1494 1603 1737 1683 corporis

176 1682 453 1770 coniungit
481 1708 538 1755 et
561 1699 627 1755 ad
647 1714 833 1769 pacem
863 1696 1118 1752 Ecclesia:
1143 1695 1417 1751 catholicas
1438 1702 1493 1749 et
1521 1682 1730 1772 aposto-

1848 547 2054 599 sumus,
2104 534 2198 603 qui
2249 548 2345 605 pro
2384 534 2536 590 nobis
2567 531 2857 597 crucifixus
2884 540 2967 589 est
2994 540 3049 589 et
3080 538 3396 607 resurrexit,

1840 620 1981 676 facta
2008 637 2140 692 pace
2173 622 2423 678 sacerdos
2455 629 2671 701 rumpat
2697 621 2929 677 oblatam
2957 636 3024 677 ex
3051 621 3219 677 latere
3268 624 3397 678 dex-

1840 720 1924 766 tro
1952 726 2058 765 una
2106 711 2365 782 particula
2405 711 2595 774 relicta
2633 725 2795 781 super
2842 710 3023 774 altari,
3071 718 3129 767 et
3168 711 3403 780 reliquas

1839 800 2138 855 oblationes
2187 809 2348 870 ponat
2385 802 2441 856 in
2474 810 2724 872 patenum
2747 809 2961 856 tenente
2997 817 3114 857 eam
3152 802 3395 858 diacono.

1838 888 1942 944 Per
1970 889 2285 960 particulam
2310 890 2502 947 oblatae
2532 890 2785 945 immissa
2809 891 2862 945 in
2900 892 3121 947 calicem
3164 894 3400 947 ostendit

1837 980 2038 1037 Christi
2069 982 2285 1051 corpus,
2309 982 2449 1053 quod
2468 980 2583 1053 jam
2606 984 2902 1043 resurrexit
2929 999 2959 1037 a
3005 985 3246 1043 mortuis.
3298 985 3404 1039 Per

1839 1079 2139 1127 comestam
2184 1088 2214 1127 ι
2242 1074 2524 1129 sacerdote
2552 1082 2607 1127 et
2634 1072 2848 1144 populo,
2892 1075 3033 1145 quod
3059 1085 3183 1146 post
3224 1092 3404 1131 resur-

1841 1165 2131 1219 rectionem
2172 1166 2342 1219 adhuc
2384 1180 2508 1220 cum
2528 1164 2814 1233 discipulis
2845 1167 3125 1221 ambulans
3154 1167 3206 1220 in
3235 1176 3399 1231 terra,

1836 1262 1891 1308 et
1919 1254 2156 1323 seipsum
2180 1254 2377 1309 victum
2398 1254 2665 1324 praebens.
2714 1248 2819 1307 Per
2854 1252 3095 1307 relictam
3124 1254 3180 1306 in
3226 1252 3401 1317 altari,

1839 1343 2075 1398 insinuat
2134 1357 2257 1399 eum
2292 1343 2477 1413 jacere
2505 1342 2559 1397 in
2599 1324 2864 1412 septilcro,
2907 1350 3011 1397 eta
3045 1341 3321 1416 discipulis
3340 1340 3404 1395 in

1838 1433 2087 1503 passione
2124 1432 2459 1487 derelictum.
2505 1432 2775 1499 Quaeritur
2803 1430 2855 1484 in
2886 1444 2991 1500 quo
3038 1431 3157 1485 loco
3188 1430 3405 1485 inchoa-

1841 1529 1927 1575 tur
1944 1520 2175 1576 ofﬁcium
2199 1522 2399 1585 misse,
2426 1528 2482 1576 et
2503 1521 2548 1575 si
2580 1519 2719 1575 forte
2749 1520 2815 1574 ad
2841 1527 3008 1575 totum
3038 1517 3267 1573 cilicium
3297 1532 3404 1572 non

1837 1610 2152 1674 occurrerit,
2212 1610 2301 1664 ubi
2329 1618 2656 1679 praesentare
2680 1609 2873 1663 debeat
2893 1609 2947 1663 in
2976 1609 3130 1662 initio
3164 1608 3358 1662 missas
3383 1607 3408 1659 ἲ

1839 1698 2003 1754 Nobis
2038 1699 2250 1754 videtur
2299 1700 2519 1755 missam
2548 1700 2751 1768 _vocari
2804 1700 2871 1753 ab
2901 1713 2966 1753 eo
3001 1699 3137 1761 loco,
3195 1697 3285 1751 ubi
3326 1697 3410 1750 in-

176 1792 292 1846 lica:
331 1791 602 1861 producit,
630 1788 827 1845 talibus
868 1802 1100 1856 namque
1128 1786 1306 1840 verbis
1351 1784 1517 1837 mittit
1554 1782 1610 1836 in
1651 1796 1740 1835 cas
1771 1814 1816 1872 Β
1842 1787 1971 1857 cipit
1991 1787 2242 1841 sacerdos
2271 1787 2595 1845 sacriﬁcium
2641 1786 2752 1840 Deo
2780 1786 2973 1841 offerre
2994 1799 3165 1853 usque
3188 1783 3255 1838 ad
3278 1784 3408 1836 ulti-

175 1881 331 1935 licem
388 1894 583 1949 corpus
613 1879 822 1933 Domini
865 1894 878 1930 :
924 1876 1047 1939 Fiat
1082 1875 1368 1931 commistio
1420 1873 1649 1942 corporis
1693 1882 1741 1927 et

176 1968 445 2039 sanguinis
478 1967 684 2021 Domini
712 1966 1078 2037 accipientibus
1094 1965 1239 2018 nobis
1268 1963 1337 2017 ad
1364 1961 1582 2016 salutem
1608 1978 1744 2016 men-

174 2060 244 2113 tis
293 2067 342 2113 et
368 2057 601 2128 corporis
630 2054 685 2113 in
710 2056 863 2111 vitam
913 2063 1194 2120 (eternam;
1250 2060 1375 2108 tunc
1408 2050 1634 2121 populus
1658 2049 1735 2103 fa-
1814 2118 1817 2121 Α

1846 1890 1991 1940 mam
2046 1875 2473 1930 benedictionem
2530 1890 2637 1947 qua
2674 1874 2943 1930 clamante
2973 1874 3179 1939 Levita,
3233 1872 3407 1928 dicit:

1847 1965 1946 2031 Ite,
1975 1964 2131 2020 missa
2162 1974 2259 2020 est.

186 2197 2385 2225 Μ

1320 2301 1619 2379 LIBER
1692 2298 2245 2379 SECUNDUS.

691 2527 917 2589 CAPUT
951 2528 1237 2585 PRIMUM.

251 2626 326 2683 De
354 2625 529 2697 oﬂiciis
566 2632 613 2677 et
642 2620 961 2681 orationibus
996 2619 1365 2672 canonicarum
1401 2620 1668 2675 horarum.

250 2720 493 2778 Oiiicium
521 2729 649 2787 ergo
682 2714 876 2775 missae,
909 2710 1049 2781 quod
1082 2712 1135 2765 in
1160 2712 1423 2780 superiori
1453 2713 1589 2767 libro
1620 2729 1745 2768 con-

180 2811 479 2873 texuimus,
532 2798 763 2859 maxima
800 2816 863 2857 ex
901 2809 1054 2869 parte
1101 2798 1168 2854 ad
1199 2800 1371 2854 solum
1398 2802 1632 2869 pertinet
1659 2817 1745 2856 sa-

171 2900 478 2964 cerdotem,
506 2895 593 2952 cui
622 2892 958 2949 sacrificandi
986 2892 1107 2946 data
1133 2890 1350 2945 licentia
1380 2901 1482 2957 est,
1507 2901 1560 2946 et
1588 2906 1745 2947 vene-

182 2990 353 3046 randa
376 2986 633 3059 mysteria
675 2997 1013 3039 consecrare.
1048 2982 1152 3037 Sed
1198 2982 1325 3053 quia
1356 2983 1495 3038 istud
1525 2999 1623 3053 pro
1649 2998 1743 3038 sua

1841 2548 1945 2602 qua
1972 2532 2023 2605 (1
2055 2532 2233 2586 Thess.
2269 2532 2346 2605 v).
2374 2528 2695 2589 Benedicere
2723 2530 2864 2585 enim
2898 2529 3063 2585 Deum
3095 2537 3178 2585 est
3218 2530 3269 2585 in
3296 2546 3413 2585 om-

1841 2625 1897 2678 ni
1929 2633 2191 2695 tempore,
2228 2639 2441 2693 semper
2477 2622 2627 2678 illum
2669 2622 2829 2691 digna
2856 2622 3265 2690 conversatione
3300 2622 3410 2677 lau-

1841 2716 2004 2779 dare;
2038 2724 2092 2770 et
2114 2715 2228 2768 sine
2252 2713 2649 2768 intermissione
2676 2728 2851 2778 orare,
2881 2720 2962 2767 est
2992 2712 3170 2775 omnia
3206 2713 3412 2784 inglo-

1844 2804 1979 2857 riam
2017 2804 2112 2858 Dei
2147 2819 2328 2875 agere,
2382 2804 2520 2867 sicut
2566 2802 2697 2857 dicit
2748 2802 2891 2867 idem
2935 2802 3219 2871 Apostolus
3252 2820 3263 2854 :
3297 2800 3415 2875 Siue

1843 2892 1977 2946 enim
2004 2868 2365 2957 manantium,
2399 2893 2503 2945 sive
2534 2891 2735 2970 bibitis,
2764 2892 2867 2945 sive
2894 2868 3039 2951 aliud
3068 2891 3190 2962 quid
3214 2868 3411 2959 faciti},

1845 2984 2018 3037 omnia
2058 2982 2111 3037 in
2153 2984 2373 3053 gloriam
2422 2984 2514 3037 Dei
2543 2984 2701 3053 facite
2734 2982 2785 3053 (Ι
2812 2981 2934 3036 Cor.
2966 2980 3045 3052 ι).
3066 2976 3412 3050 δυριιιὰἱειῖε

185 3076 483 3134 reverentia
511 3081 568 3129 et
600 3073 857 3143 dignitate
886 3072 1057 3140 primo
1092 3072 1209 3126 loco
1252 3072 1483 3142 poSitum
1530 3080 1631 3139 est,
1680 3073 1746 3128 de
1774 3078 1816 3139 C
1848 3074 1988 3129 enim
2007 3076 2151 3129 bone
2172 3075 2291 3129 ideo
2314 3072 2621 3145 specialiter
2640 3060 2979 3132 adorandum
2997 3073 3243 3127 discreta:
3264 3078 3411 3136 sunt,

182 3166 396 3224 ueteris
424 3162 615 3218 ofﬁciis
650 3160 968 3216 diurnalium
999 3161 1111 3214 sive
1158 3150 1553 3229 nocturnalium
1586 3162 1747 3217 hora-

181 3273 325 3321 rum,
379 3254 574 3324 quibus
610 3252 770 3307 certis
810 3250 1100 3318 spatiorum
1156 3250 1398 3305 terminis
1443 3266 1631 3319 preces
1690 3259 1747 3305 et

179 3344 459 3401 orationes
506 3338 831 3413 generaliter
860 3338 975 3393 sine
1001 3337 1298 3391 differentia
1348 3338 1613 3393 universae
1644 3338 1747 3394 Do-

183 3442 333 3496 mino
360 3437 554 3493 aliene
581 3436 734 3491 decet
769 3432 1042 3495 Ecclesiae,
1086 3440 1477 3499 consequenter
1512 3445 1747 3501 expona-

184 3548 328 3589 mus.
376 3530 568 3587 Oratio
616 3528 760 3584 enim
806 3525 995 3596 petitio
1039 3526 1251 3591 dicitur,
1300 3541 1424 3580 nam
1468 3542 1625 3584 orare
1668 3533 1749 3583 eSt

183 3632 391 3697 petere,
458 3618 597 3674 sicut
661 3630 884 3671 exorare
928 3616 1234 3684 impetrare.
1289 3614 1511 3669 Constat
1569 3625 1747 3672 autem

184 3709 364 3765 oratio
408 3706 528 3762 loco
574 3714 631 3761 et
662 3714 920 3777 tempore.
964 3702 1126 3768 Loco,
1181 3704 1431 3772 quoniam
1463 3704 1658 3774 ubique
1694 3715 1750 3768 et
1771 3754 1797 3779 ί

182 3798 240 3853 in
268 3795 485 3867 publico
510 3794 621 3849 sive
640 3812 650 3824 ·
670 3794 722 3847 in
761 3793 950 3862 plateis
991 3807 1140 3847 more
1166 3792 1559 3847 Pharisaeorum
1594 3810 1750 3851 orare

185 3887 478 3959 aChristo
526 3886 890 3955 prohibemur,
941 3884 1035 3937 sed
1098 3884 1189 3937 ubi
1240 3887 1613 3953 Opportunitas
1656 3887 1752 3941 de-

184 3978 349 4042 derit,
384 3985 475 4030 aut
502 3974 795 4031 necessitas
818 3973 1205 4045 importaverit.
1243 3972 1425 4040 Neque
1452 3975 1594 4027 enim
1624 3974 1750 4029 huic

184 4066 315 4121 illud
345 4063 585 4135 Apostoli
619 4062 951 4123 contrarium
984 4069 1082 4123 est,
1122 4062 1261 4129 quod
1301 4062 1431 4115 dicit
1466 4062 1531 4115 ad
1570 4062 1749 4117 Timo-

185 4156 371 4211 theum
419 4154 703 4209 scribens:
746 4149 897 4215 Volo,
944 4150 1138 4219 inquit,
1180 4150 1314 4202 viros
1339 4166 1489 4203 orare
1526 4151 1579 4203 in
1609 4152 1747 4204 omni

184 4244 319 4307 loco,
347 4241 570 4296 levantes
584 4257 742 4311 puras
764 4256 947 4293 manus
972 4240 1081 4293 sine
1104 4240 1183 4291 ira
1209 4246 1254 4290 et
1280 4238 1667 4307 disceptatione,
1694 4248 1749 4294 et

187 4333 394 4402 reliqua
429 4329 481 4402 (Ι
505 4330 637 4384 Tim.
671 4330 753 4401 ιι).
785 4330 850 4383 Ει
902 4318 1075 4397 neque
1103 4328 1232 4383 illud
1270 4327 1567 4383 Psalmistze
1606 4331 1747 4398 quod

1847 3172 1903 3217 ut
1933 3165 1978 3219 si
2006 3163 2144 3219 forte
2170 3164 2349 3234 aliquo
2379 3180 2541 3234 opere
2570 3162 2832 3241 fuerimus
2866 3163 3088 3225 detenti,
3121 3162 3293 3231 ipsum
3316 3176 3412 3215 nos

1846 3255 1912 3307 ad
1942 3253 2170 3309 ofﬁcium
2202 3262 2412 3323 tempus
2434 3255 2737 3309 admoneat.
2771 3254 2899 3319 Quae
2923 3262 3159 3320 tempora
3188 3252 3240 3305 in
3264 3251 3414 3305 'Scri«

1845 3344 2019 3409 pluris
2045 3344 2239 3398 divinis
2269 3344 2565 3413 praestituta
2600 3344 2962 3398 inveniuntur.
2989 3342 3121 3403 Nam
3152 3341 3203 3395 in
3235 3342 3415 3396 Veteri

1848 3430 2191 3488 Testamento
2224 3441 2548 3501 praeceptum
2601 3440 2684 3486 est
2727 3430 2987 3501 quotidie,
3046 3444 3207 3483 mane
3240 3437 3296 3482 et
3327 3444 3418 3482 ve-

1847 3536 2021 3591 spere,
2069 3510 2297 3589 DOmtno
2343 3522 2559 3589 adolere
2600 3521 2906 3575 incensum.
2935 3520 3002 3573 Et
3032 3520 3198 3574 David
3228 3520 3359 3573 dicit
3393 3535 3407 3573 :

1855 3611 2095 3681 Vespere,
2138 3618 2311 3677 mdne,
2334 3621 2382 3665 et
2403 3611 2635 3689 meridie,
2670 3610 2895 3664 narrabo
2916 3619 2963 3663 et
2994 3609 3331 3673 annuntiabo,
3368 3619 3418 3663 et

1849 3702 2089 3757 exaudiet
2140 3717 2310 3755 vocem
2344 3718 2514 3755 meam
2552 3700 2723 3770 (Psal.
2754 3700 2865 3770 cx).
2898 3694 2963 3752 Et
3008 3701 3136 3760 item
3174 3717 3186 3752 :
3218 3698 3417 3769 Septies

1848 3789 1903 3844 in
1949 3790 2031 3852 die
2073 3789 2282 3843 laudem
2312 3790 2424 3843 dixi
2449 3790 2560 3844 tibi.
2604 3788 2712 3845 Sed
2739 3798 2795 3843 et
2829 3796 3047 3843 sanctus
3069 3788 3253 3841 Daniel
3288 3804 3415 3857 pro-

1848 3880 2010 3949 pheta
2052 3879 2231 3945 tertia,
2260 3886 2315 3934 et
2364 3888 2537 3944 sexta,
2567 3884 2621 3933 et
2647 3892 2807 3941 nona,
2840 3876 2972 3931 hora
3012 3876 3114 3929 diei
3144 3876 3208 3929 ad
3234 3876 3417 3945 depre-

1849 3972 2077 4025 candum
2104 3969 2387 4025 Dominum
2412 3971 2653 4035 ascendit
2672 3970 2724 4023 in
2748 3968 2998 4023 solarium
3022 3982 3195 4030 suum,
3221 3981 3417 4035 expan-

1850 4061 1925 4117 sis
1960 4062 2207 4117 manibus
2244 4063 2311 4116 ad
2363 4063 2558 4117 etelum
2595 4062 2764 4115 Deum
2793 4060 3113 4129 deprecatur
3134 4073 3231 4127 pro
3278 4070 3335 4110 se
3364 4065 3418 4111 ct

1849 4167 1947 4220 pro
1986 4151 2179 4221 populo
2190 4150 2379 4205 Israel.
2688 4218 2695 4223 θ
2874 4144 2877 4145 ⁷

1999 4227 2002 4231 ’
2485 4239 2710 4295 CAPUT
2748 4240 2810 4296 ιι.

2278 4320 2349 4397 De
2374 4333 2631 4385 matutina
2657 4331 3016 4396 cefebratione.

186 4424 320 4477 dicit
350 4421 448 4475 :In
474 4420 614 4475 omni
633 4420 744 4472 loco
767 4419 1135 4499 dominationis
1158 4423 1292 4490 ejus,
1315 4423 1542 4485 benedic,
1574 4424 1749 4475 anima
1776 4410 1829 4478 Ι)
1923 4423 2160 4499 Primum
2188 4438 2315 4493 ergo
2346 4424 2409 4489 de
2448 4423 2832 4483 matutiuorum
2883 4420 3202 4487 antiquitate
3251 4416 3418 4471 David

187 4532 325 4578 mea,
369 4512 649 4566 Dominum
681 4508 849 4579 (Psnl.
876 4510 989 4579 cn).
1025 4494 1129 4564 sed
1166 4511 1280 4566 haec
1316 4511 1385 4566 ad
1417 4512 1624 4565 interna
1671 4525 1756 4565 re-

188 4608 456 4673 spectant,
506 4597 696 4669 quibus
723 4590 933 4668 sempcr
984 4599 1151 4653 Deum
1175 4616 1332 4655 orare
1362 4609 1415 4655 et
1439 4600 1756 4655 benedicere

187 4697 421 4760 oportet.
448 4686 541 4742 Ille
586 4701 714 4756 ergo
762 4687 813 4739 in
848 4688 994 4741 omni
1016 4688 1134 4742 lom
1164 4697 1287 4743 orat
1314 4688 1506 4754 Deum,
1538 4691 1630 4758 qui
1659 4704 1757 4760 per

189 4776 476 4833 charitatis
496 4775 667 4831 cilicia
695 4784 748 4831 et
790 4778 927 4831 bona
970 4793 1129 4847 opera
1173 4779 1371 4848 ubique
1410 4796 1601 4835 manus
1636 4797 1755 4836 cor-

188 4867 273 4920 dis
310 4864 537 4919 mundas
575 4863 785 4918 elevare
822 4865 889 4919 ad
919 4866 1079 4919 Deum
1110 4868 1323 4937 satagit.
1373 4865 1634 4939 Tempore
1661 4886 1756 4924 au-

190 4964 321 5019 tem,
378 4954 633 5023 quoniam
666 4954 955 5009 canonicas
996 4956 1157 5009 horas
1187 4956 1256 5009 ad
1282 4958 1542 5011 orandum
1573 4974 1602 5011 a
1649 4959 1753 5013 Pa-

188 5045 363 5099 tribus
410 5045 729 5099 constitutas
780 5045 1107 5100 incessanter
1138 5054 1316 5101 servat
1342 5047 1597 5112 Ecclesia,
1622 5064 1755 5119 quas

188 5133 343 5203 quasi
372 5149 469 5203 pro
504 5134 686 5189 debito
711 5136 967 5189 exorandi
990 5134 1167 5189 cilicio
1188 5143 1393 5190 statuas
1420 5136 1563 5190 nullo
1597 5139 1753 5193 modo

191 5224 465 5294 negligere
499 5223 580 5278 fas
606 5233 706 5287 est,
736 5234 794 5279 ut
816 5235 939 5281 sunt
960 5227 1152 5296 prima,
1185 5226 1361 5292 tertia,
1390 5236 1561 5292 sexta,
1590 5244 1749 5295 nona,

188 5329 435 5383 vespera,
464 5321 521 5367 et
551 5323 757 5369 cetera
786 5329 904 5384 quae
941 5316 1188 5371 similiter
1215 5316 1589 5371 observantur.
1646 5317 1754 5373 Nec

187 5406 335 5461 enim
387 5403 517 5458 illud
566 5404 705 5459 hanc
764 5407 1196 5463 constitutionem
1253 5406 1549 5472 confundit,
1613 5408 1753 5478 quod

190 5496 475 5552 Psalmista
506 5496 633 5553 dicit
665 5512 679 5550 :
709 5496 1020 5553 Benedicam
1060 5500 1333 5555 Dominum
1375 5502 1427 5555 in
1466 5501 1605 5553 omni
1628 5511 1754 5554 tem-

189 5604 336 5655 pore,
376 5603 579 5658 semper
606 5584 723 5641 laus
754 5588 866 5656 ejus
900 5589 953 5643 in
980 5607 1068 5645 ore
1089 5608 1198 5645 meo
1226 5590 1395 5661 (Psal.
1437 5590 1651 5659 sum).
1688 5590 1754 5646 Et

193 5674 481 5745 Apostolus
517 5694 530 5732 :
562 5674 685 5733 Sine
710 5676 1108 5750 intermissione,
1142 5680 1335 5752 inquit,
1364 5688 1527 5749 orate,
1564 5686 1618 5734 et
1640 5678 1759 5735 reli-

1853 4515 2108 4583 propheta
2133 4521 2357 4577 testatus
2383 4520 2466 4577 est
2488 4512 2704 4577 dicens:
2734 4510 2893 4573 Deus,
2923 4508 3065 4570 Deus
3084 4522 3250 4570 meus,
3278 4505 3345 4565 ad
3370 4514 3419 4557 te

1854 4605 1917 4660 de
1940 4604 2051 4657 luce
2079 4603 2230 4673 vigilo
2254 4601 2425 4673 (Psal.
2468 4602 2577 4673 cx).
2610 4602 2679 4667 Et
2710 4602 2875 4655 item:
2906 4599 2972 4656 In
3014 4598 3283 4662 matutinis
3312 4613 3419 4657 mc-

1854 4694 2057 4748 ditabor
2078 4694 2133 4747 in
2161 4688 2227 4759 te.
2260 4693 2327 4760 Et
2352 4693 2479 4760 item
2512 4710 2524 4745 :
2556 4689 2933 4766 Prteoenerunt
2970 4686 3104 4755 oculi
3134 4689 3236 4751 mei
3275 4687 3341 4749 ad
3370 4694 3418 4748 te

1854 4783 2103 4847 diluculo,
2156 4793 2212 4836 ut
2263 4776 2555 4849 meditarer-
2582 4778 2785 4851 eloqitia
2818 4789 2925 4843 tua.
2961 4777 3201 4842 Dilucqu
3239 4786 3417 4830 autem

1854 4872 2077 4943 proinde
2122 4881 2329 4936 oratur,
2380 4880 2438 4937 ut
2491 4870 2814 4925 resurrectio
2853 4867 3053 4947 Christi
3093 4866 3414 4923 celebretur.

1854 4952 1908 5017 In
1950 4960 2129 5033 vigilia
2160 4976 2289 5031 ergo
2316 4961 2578 5015 matutina
2603 4959 2860 5014 Dominus
2884 4956 3047 5011 Israel
3089 4956 3291 5011 ducens
3321 4970 3419 5024 per

1855 5069 2005 5110 mare
2039 5054 2301 5119 Rubrum,
2355 5054 2690 5107 Pharaonem
2736 5058 2790 5103 et
2812 5048 3090 5119 Egyptios
3119 5048 3172 5101 in
3202 5048 3315 5115 ipso
3338 5046 3417 5099 di-

1855 5145 2075 5208 mersit;
2113 5151 2168 5197 et
2223 5142 2481 5209 matutina
2521 5139 2651 5206 hora
2706 5137 2955 5205 Christus
2982 5154 3011 5191 a
3037 5145 3211 5191 morte
3239 5149 3418 5189 resur-

1854 5249 2001 5304 gens,
2028 5230 2276 5307 populum
2305 5244 2462 5295 suum
2504 5228 2744 5295 salvans,
2777 5227 3043 5295 diabolum
3072 5236 3127 5280 et
3162 5223 3417 5281 satellites

1852 5324 1968 5397 eius
2020 5333 2223 5389 ειθηιςι
2265 5321 2573 5397 captivitate
2618 5320 2913 5386 damnavit.
2972 5317 3226 5379 Matutina
3271 5313 3427 5391 enim

1854 5413 1973 5469 luce
2019 5407 2283 5475 radiante,
2333 5396 2592 5475 Dominus
2611 5418 2667 5465 et
2699 5408 2946 5471 Salvator
2967 5415 3148 5475 noster
3187 5406 3254 5471 ab
3280 5401 3417 5457 infe-

1856 5504 1931 5564 ris
1957 5500 2269 5564 resurrexit,
2300 5500 2516 5569 quando
2538 5499 2702 5569 coepit
2722 5499 2852 5554 oriri
2877 5496 3119 5562 fidelibus
3148 5493 3261 5556 lux,
3296 5506 3416 5560 quae

1854 5588 2116 5650 moriente
2156 5584 2371 5657 Christo
2399 5588 2673 5649 occiderat
2692 5584 3080 5656 peccatoribus.
3136 5580 3413 5649 Siquidem

1859 5687 1913 5739 et
1934 5679 2120 5736 eodem
2149 5687 2388 5749 tempore
2411 5679 2618 5734 cunctis
2644 5691 2765 5746 spes
2794 5674 2985 5730 futurae
3008 5674 3415 5731 resurrectionit
