3958 6354
490 289 593 344 327

1157 280 1217 334 n.
1259 275 1506 335 RABANI
1545 272 1764 353 unum
1796 268 2115 326 ARCHIEP.
2158 265 2465 324 uocum.
2507 263 2787 320 OPERUM
2833 240 3008 317 PARS
3045 255 3087 316 ι.

3601 257 3710 316 δῖδ

478 397 740 458 creditur,
795 407 918 449 cum
952 390 1089 461 justi
1143 397 1197 442 et
1262 401 1450 444 omnes
1502 386 1572 440 ab
1596 380 1715 447 'hac
1765 379 2038 450 temporali
2070 386 2116 444 Α
2146 380 2295 449 regio
2321 393 2384 432 ac
2404 374 2719 430 sacerdotali
2743 373 2954 428 functus
2973 371 3170 437 oﬁlcio,
3191 359 3410 427 dicens:
3443 367 3717 450 Dirigatur

479 492 670 548 morte,
723 481 878 551 quasi
930 495 961 534 a
1012 492 1204 547 sopore
1253 475 1424 531 somni
1488 479 1831 541 resurgentes
1875 470 2042 540 evigi-

481 575 686 630 labunt.

1093 649 1318 719 CAPUT
1353 649 1440 707 III.

924 747 1001 800 De
1035 744 1196 815 Oﬁcio
1223 744 1407 813 prima
1433 743 1596 797 liora.

554 845 744 897 Primae
777 848 952 892 autem
977 837 1122 890 horae
1159 833 1452 888 celebratio
1479 831 1706 901 proinde
1731 828 1809 894 ﬁt,
1834 827 1958 898 quia
1993 827 2046 880 in

483 943 602 987 ortu
639 932 741 986 diei
773 928 984 998 quando
1021 925 1099 980 sol
1136 924 1204 978 ab
1243 924 1523 982 occidente
1547 923 1777 992 primum
1807 926 2046 990 apparet,

486 1027 695 1089 oportet
721 1025 780 1071 ut
810 1015 986 1070 Solem
1025 1013 1248 1082 iustitiae
1283 1013 1413 1068 oriri
1442 1012 1791 1081 postulemus,
1819 1019 1877 1064 ut
1901 1010 1954 1063 in
1988 1007 2052 1060 il-

485 1109 589 1164 lius
619 1106 817 1161 lumine
852 1103 1188 1158 ambulantes
1220 1110 1564 1172 peccatorum
1593 1099 1840 1154 tenebras
1876 1105 1929 1151 et
1969 1096 2052 1150 las

486 1212 654 1268 queos
675 1195 863 1250 mortis
884 1193 1193 1248 evadamus.
1213 1190 1372 1246 Juxta
1396 1191 1524 1245 illud
1544 1189 1682 1259 quod
1705 1189 1817 1258 ipsa
1840 1186 2053 1241 Veritas

489 1301 588 1341 nos
632 1285 900 1345 admonet,
930 1282 1114 1336 dicens
1139 1298 1151 1333 :
1181 1279 1454 1334 Ambulate
1492 1279 1616 1331 dum
1645 1277 1809 1328 lucem
1833 1275 2049 1335 habetis,

490 1394 552 1430 ne
581 1375 714 1442 forte
744 1374 964 1427 tenebrae
1014 1387 1102 1426 vos
1127 1369 1582 1438 comprehendant
1610 1365 1790 1435 (Joan.
1837 1364 1957 1431 xu).
1990 1362 2057 1416 Et

489 1467 616 1519 item
645 1481 655 1515 :
692 1462 794 1526 Qui
815 1459 1044 1513 ambulat
1065 1459 1119 1510 in
1145 1457 1250 1521 die,
1285 1473 1386 1510 non
1407 1454 1618 1523 o/j'endit
1652 1451 1832 1523 (Joan.
1866 1451 1942 1520 χ).

1085 1565 1310 1621 CAPUT
1360 1563 1448 1618 IV.

860 1659 938 1713 De
967 1658 1133 1711 tertia:
1158 1656 1299 1709 liora:
1327 1653 1688 1708 celebratione.

561 1751 754 1806 Tertiae
799 1749 945 1802 horae
983 1745 1215 1816 ollieium
1258 1743 1376 1798 ideo
1417 1741 1495 1807 ﬁt,
1545 1741 1670 1810 quia
1719 1738 1875 1795 tertia
1921 1737 2054 1792 hora
2081 1718 2130 1776 Β

491 1840 690 1897 Christi
714 1839 890 1908 passio
915 1835 1096 1903 erepit,
1128 1848 1248 1888 cum
1268 1847 1365 1903 per
1389 1831 1691 1885 Iudaeorum
1717 1830 1924 1899 linguas
1945 1827 2058 1897 jam

494 1940 623 1984 tunc
653 1927 909 1982 Dominus
934 1923 1227 1980 cruciﬁxus
1257 1929 1360 1986 est,
1390 1927 1444 1974 et
1471 1927 1591 1989 post
1614 1918 2058 1972 resurrectionem

490 2019 607 2090 ejus
637 2019 690 2072 in
716 2018 798 2071 die
828 2015 1191 2076 Pentecostes,
1226 2011 1379 2066 tertia
1407 2010 1560 2073 hora,
1587 2007 1820 2076 Spiritus
1840 2015 2059 2060 sanctus

491 2124 652 2179 super
694 2103 960 2176 apostolos
1003 2099 1296 2175 descendit.
1345 2096 1454 2152 Suo
1493 2097 1676 2165 utique
1717 2095 1835 2151 loco
1863 2103 1918 2149 et
1961 2111 2059 2147 nu.

493 2214 642 2254 mero
667 2197 732 2250 ad
757 2191 1126 2264 probationem
1150 2186 1472 2243 venerabilis
1499 2183 1795 2247 Trinitatis,
1826 2182 2060 2253 Spiritus

490 2286 798 2342 Paracletus
828 2280 1103 2336 descendit
1145 2277 1213 2332 ad
1258 2285 1450 2341 terras,
1479 2273 1796 2342 impleturus
1832 2272 2058 2342 gratiam

489 2392 653 2448 quam
675 2372 918 2429 Christus
955 2366 1222 2439 promisit.

1103 2473 1328 2532 CAPUT
1365 2472 1430 2527 Ἴ.

960 2546 1031 2601 De
1061 2546 1223 2616 ofﬁcio
1256 2552 1417 2598 sexta:
1441 2542 1604 2596 Itone.

564 2642 727 2700 Sexta
753 2647 931 2694 autem
961 2639 1093 2693 hora
1123 2635 1370 2690 Christus
1397 2633 1449 2687 in
1475 2647 1626 2709 aram
1659 2628 1836 2686 crucis
1872 2644 2063 2686 ascen-

493 2733 592 2796 dit,
621 2740 826 2785 mterno
872 2726 1018 2780 Patri
1051 2725 1288 2793 seipsum
1313 2721 1559 2788 oﬁ‘erens,
1599 2708 1662 2775 ut
1698 2736 1795 2775 nos
1837 2735 1869 2775 a
1909 2729 2063 2792 pote-

494 2829 634 2878 state
663 2818 864 2872 inimici
905 2824 959 2871 et
993 2831 1024 2869 a
1065 2822 1323 2884 perpetua
1363 2815 1536 2888 morte
1577 2812 1861 2876 liberaret;
1901 2821 2062 2882 atque

495 2913 615 2967 ideo
642 2910 888 2965 convenit
915 2917 976 2962 ut
1009 2922 1072 2962 ea
1098 2919 1196 2962 nos
1223 2907 1354 2961 hora
1378 2912 1592 2959 orantes
1624 2911 1681 2960 et
1713 2903 2062 2973 deprecantes

495 3001 549 3056 in
589 2999 836 3052 laudibus
869 2996 986 3065 ejus
1030 2995 1294 3067 inveniat),
1337 3010 1442 3064 qua
1487 2994 1602 3064 ipse
1641 3007 1740 3049 nos
1773 3007 1870 3064 per
1907 3006 2061 3049 suam

494 3090 797 3162 passionem
820 3088 888 3142 ad
913 3087 1078 3140 vitam
1102 3093 1358 3140 :eternam
1388 3083 1728 3139 restauravit.

1105 3195 1330 3272 canor
1363 3194 1449 3272 vt.

957 3265 1035 3318 De
1059 3267 1219 3335 olﬁcio
1247 3264 1398 3318 nona:
1418 3264 1579 3317 Itone.

563 3361 712 3416 Nona
739 3359 922 3428 utique
947 3358 1079 3412 hora
1105 3355 1231 3409 inde
1250 3363 1617 3420 consecratur,
1646 3352 1770 3424 quia
1797 3349 1851 3407 in
1870 3368 1935 3408 ea
1958 3349 2062 3406 Do-

494 3455 670 3508 minus
694 3464 791 3522 pro
821 3449 1052 3504 inimicis
1079 3446 1356 3517 postulans
1394 3447 1449 3501 in
1479 3461 1672 3502 manus
1699 3444 1874 3499 Patris
1907 3445 2064 3514 spiri-

497 3555 609 3599 tum
666 3541 1091 3606 commendavit,
1143 3555 1246 3609 qua
1301 3534 1550 3594 videlicet
1597 3537 1780 3592 ﬁdeles
1825 3552 2065 3606 quosque

499 3641 711 3703 oportet
733 3642 787 3686 ut
819 3646 876 3685 se
900 3631 1009 3683 Deo
1035 3631 1407 3683 commendent
1432 3643 1553 3682 cum
1582 3629 1771 3681 devota
1798 3628 2062 3691 oratione,
2085 3692 2090 3698 κ

495 3737 602 3790 qua
629 3727 787 3788 caput
815 3734 967 3772 suum
995 3725 1322 3786 cognoscunt
1349 3716 1617 3785 propriam
1657 3715 1890 3785 animam
1921 3712 2066 3769 Patri

498 3831 597 3870 suo
621 3813 1042 3878 commendasse,
1073 3819 1130 3864 ut
1167 3812 1219 3864 in
1245 3809 1359 3877 ejus
1388 3824 1580 3878 corpus
1609 3808 1912 3874 coadunati,
1943 3823 2064 3862 cum

500 3906 614 3974 ipso
639 3917 859 3971 regnum
888 3901 1093 3970 possint
1119 3900 1322 3954 intrare
1342 3907 1677 3969 perpetuum.
1705 3897 1925 3966 Hocque
1945 3913 2065 3952 con-

500 3993 824 4047 sideratione
865 3989 1083 4060 dignum
1118 3996 1219 4053 est,
1256 3990 1397 4057 quod
1437 4003 1535 4057 per
1571 3995 1763 4041 cuncta
1792 3987 1907 4041 haec
1933 3995 2064 4042 tem-

493 4097 685 4150 porum
732 4081 902 4149 spatia
954 4078 1219 4133 temarius
1271 4091 1525 4130 numerus
1567 4076 1698 4130 satis
1745 4077 2063 4132 venerabilis

495 4173 710 4245 emicat,
743 4184 841 4223 nos
867 4169 1159 4222 admonens
1188 4174 1245 4219 ut
1274 4175 1393 4236 post
1420 4167 1579 4219 trium
1612 4167 1862 4220 horarum
1891 4167 2063 4220 curri-

495 4263 613 4318 cula
666 4261 1083 4329 unumquodque
1127 4259 1317 4313 horum
1357 4256 1652 4314 oﬂlciorum
1707 4267 2063 4328 peragentes,

493 4358 734 4404 sanetam
790 4347 1108 4401 Trinitatem
1175 4347 1344 4402 sacris
1407 4347 1650 4401 laudibus
1707 4346 2057 4401 celebremus.

491 4440 694 4494 Horum
751 4453 962 4507 quoque
1005 4435 1300 4492 oﬂlciorum
1349 4444 1546 4491 statuta
1601 4438 1913 4491 observasse
1957 4435 2054 4504 ipsi

492 4528 719 4597 apostoli
741 4529 1008 4597 leguntur,
1039 4527 1176 4581 sicut
1207 4528 1260 4581 in
1284 4526 1506 4582 Actibus
1534 4526 1896 4597 apostolorum
1927 4528 2057 4597 legi-

492 4629 602 4685 tur,
629 4620 767 4688 quod
797 4619 985 4673 Petrus
1020 4634 1126 4688 qua
1156 4619 1242 4672 die
1271 4619 1530 4674 visionem
1563 4621 2058 4674 communicationis

491 4713 545 4767 in
592 4712 681 4766 illo
711 4711 923 4765 vasculo
947 4721 1196 4779 expertus
1230 4717 1328 4774 est,
1359 4719 1509 4764 sexta
1548 4726 1641 4765 ora
1667 4713 1854 4766 orandi
1887 4714 2057 4782 gratia

491 4805 792 4860 ascenderit
816 4802 950 4874 (Act.
981 4802 1055 4873 ι).
1085 4801 1151 4855 Et
1171 4801 1300 4855 item
1326 4818 1338 4854 :
1374 4801 1590 4867 Petrus,
1613 4802 1803 4870 inquit,
1831 4813 1876 4856 et
1899 4804 2060 4857 Joan-

493 4911 580 4946 nes
611 4894 947 4947 ascendebant
995 4891 1048 4944 in
1097 4888 1342 4960 templum
1377 4890 1446 4943 ad
1473 4891 1656 4944 horam
1685 4892 1934 4945 orationis
1961 4908 2055 4945 no-

495 5000 613 5034 nam
646 4984 779 5041 (Λα.
809 4983 909 5052 ιιι).

1081 5073 1305 5128 CAPUT
1347 5072 1454 5126 VII.

877 5163 951 5216 De
990 5166 1270 5232 vespertina
1304 5164 1662 5220 celebratione.

567 5253 938 5322 Vespertinum
978 5251 1206 5307 ofﬁcium
1252 5255 1302 5307 in
1344 5257 1548 5311 diurna:
1573 5257 1704 5312 lucis
1733 5272 1928 5312 occasu
1954 5254 2054 5322 est,

493 5343 644 5412 cujus
677 5359 741 5396 ex
772 5343 948 5396 V'eteri
983 5343 1322 5400 Testamento
1357 5349 1609 5403 solemnis
1635 5359 1718 5404 est
1747 5350 2056 5404 celebratio.

495 5437 730 5504 Denique
757 5437 858 5488 hoc
886 5446 1123 5504 tempore
1160 5446 1396 5492 veterum
1430 5441 1692 5496 sacriﬁcia
1717 5442 1896 5496 otl‘erri
1928 5442 2058 5496 ado-

494 5526 698 5593 lerrque
747 5526 937 5580 altario
975 5536 1212 5580 aromata
1241 5540 1296 5582 et
1324 5532 1479 5585 thura
1517 5533 1676 5603 (sicut
1714 5549 1872 5603 supra
1918 5535 2058 5588 dixi—

496 5616 634 5684 mus)
668 5628 780 5670 mos
821 5624 953 5682 erat,
984 5617 1132 5686 cujus
1170 5616 1244 5672 rei
1279 5621 1430 5675 testis
1469 5631 1548 5675 est
1587 5623 1926 5693 hymnidicus
1952 5623 2058 5691 ille,

2145 467 2314 521 oratio
2341 481 2453 518 mea
2480 465 2613 518 sicut
2655 463 2919 517 incensum
2954 461 3007 514 in
3043 468 3314 530 conspectu
3351 469 3474 522 tuo;
3500 457 3717 512 eleuatio

2145 571 2396 609 manuum
2441 568 2672 607 mearum
2718 551 3034 618 sacriﬁcium
3074 550 3435 620 vespertinum.
3474 548 3530 602 In
3571 546 3718 601 Novo

2146 658 2357 713 quoque
2384 643 2724 697 Testamento
2749 654 2814 694 eo
2846 633 3085 706 tempore
3111 637 3368 692 Dominus
3393 645 3460 692 et
3473 634 3722 691 Salvator

2148 741 2332 788 noster
2357 730 2692 786 caenantibus
2720 725 2977 798 apostolis
3005 727 3323 796 mysterium
3361 725 3444 780 sui
3482 722 3723 792 corporis

2149 833 2202 877 et
2229 821 2503 892 sanguinis
2547 821 2601 872 in
2646 818 2797 872 initio
2835 816 3076 880 tradidit,
3107 823 3167 868 ut
3203 823 3411 885 tempus
3439 815 3615 883 ipsum
3645 827 3730 867 sa-

2150 909 2338 967 criﬁcii
2365 922 2642 976 vesperum
2679 897 3224 960 ostenderetsaeculi.
3258 903 3491 958 Proinde
3525 903 3582 957 in
3625 902 3723 967 ho:

2152 1015 2336 1056 norem
2382 1013 2446 1052 ac
2473 996 2784 1052 memoriam
2825 1003 3095 1050 tantorum
3152 1001 3616 1049 sacramentorum
3671 991 3725 1045 in

2153 1091 2237 1144 his
2267 1089 2591 1158 temporibus
2612 1089 2800 1141 adesse
2829 1099 2928 1139 nos
2954 1085 3108 1138 decet
3143 1083 3237 1137 Dei
3261 1085 3637 1153 conspectibus
3674 1090 3731 1135 et

2152 1195 2461 1250 personare,
2495 1181 2547 1233 in
2577 1179 2691 1248 ejus
2717 1177 2948 1232 cultibus
2977 1174 3277 1228 orationum
3315 1182 3618 1227 nostrarum
3651 1173 3727 1226 illi

2156 1267 2478 1323 sacriﬁcium
2505 1265 2814 1329 offerentes,
2841 1270 3001 1332 atque
3022 1263 3073 1315 in
3100 1259 3233 1330 ejus.
3250 1260 3496 1313 laudibus
3523 1261 3733 1329 pariter

2155 1357 2502 1411 exsultantes.
2561 1357 2852 1424 Vesperum
2902 1363 3083 1407 autem
3127 1352 3433 1406 nominatur
3469 1365 3500 1404 a
3554 1351 3733 1405 sidere

2157 1447 2299 1516 quod
2327 1446 2531 1516 Vesper
2554 1453 2797 1509 vocatur,
2825 1452 2879 1500 et
2909 1445 3188 1499 decidente
3223 1441 3335 1498 sole
3373 1441 3635 1516 exoritur,
3667 1442 3734 1494 de

2157 1550 2264 1604 quo
2289 1537 2548 1605 propheta
2575 1535 2705 1589 dicit
2733 1552 2747 1587 :
2779 1533 2848 1588 Et
2895 1550 3159 1602 uesperum
3199 1549 3355 1603 super
3385 1532 3525 1600 ﬁlios
3559 1530 3733 1584 licinio

2157 1642 2282 1680 num
2309 1625 2592 1696 producere
2615 1624 2742 1694 facit
2773 1623 2917 1693 (Job.
2947 1623 3200 1691 xxxvm).

2745 1731 2972 1787 CAPUT
3013 1731 3137 1786 VIII.

2717 1823 2791 1877 De
2819 1823 3170 1893 completorio.

2231 1917 2306 1970 De
2332 1915 2610 1985 completis
2651 1923 2829 1968 autem
2859 1914 3192 1968 celebrandis
3225 1914 3388 1968 etiam
3418 1913 3470 1968 in
3511 1913 3736 1978 Patrum

2159 2005 2460 2058 invenimus
2485 2003 2762 2071 exemplis,
2797 2002 2962 2055 David
2988 2002 3244 2070 propheta
3279 2003 3489 2057 dicente
3515 2019 3527 2054 :
3563 2001 3622 2057 Si
3647 2019 3738 2056 as-

2159 2095 2376 2147 cendero
2405 2095 2460 2146 in
2485 2092 2670 2146 lectum
2700 2093 2852 2145 strati
2896 2091 3016 2156 mei,
3049 2093 3093 2144 si
3126 2092 3313 2145 dedero
3348 2109 3585 2148 somnum
3612 2111 3740 2147 ocu-

2159 2183 2222 2237 lis
2245 2183 2394 2247 meis,
2424 2191 2470 2235 et
2499 2181 2754 2252 palpebris
2776 2182 2902 2234 meis
2929 2181 3367 2247 dormitationem,
3391 2191 3481 2235 aut
3510 2186 3742 2252 requiem

2161 2274 2495 2344 temporibus,
2516 2271 2676 2325 donec
2697 2273 2954 2325 inveniam
2978 2271 3144 2324 locum
3172 2271 3414 2336 Domino,
3430 2273 3747 2326 tabernacu-

2160 2365 2268 2420 lum
2303 2364 2410 2419 Deo
2437 2363 2601 2417 Jacob
2629 2360 3020 2433 (Psal.cxxxt).
3039 2361 3169 2428 Quis
3185 2377 3287 2416 non
3303 2371 3514 2431 stupeat
3532 2371 3742 2417 tantam

2162 2456 2216 2509 in
2252 2469 2436 2509 amore
2465 2454 2558 2507 Dei
2606 2453 2943 2507 devotionem
2982 2452 3169 2516 animi,
3217 2453 3272 2506 ni
3319 2468 3564 2519 somnum
3613 2455 3740 2519 sibi,

2160 2548 2278 2601 sine
2308 2559 2415 2614 quo
2451 2545 2634 2612 utique
2682 2557 2907 2611 corpora
2961 2541 3195 2595 humana
3225 2541 3498 2608 deﬁciunt,
3524 2544 3746 2611 penitus

2161 2633 2520 2697 interdixerit,
2551 2633 2720 2686 donec
2757 2631 2930 2685 locum
2952 2646 3016 2684 ac
3037 2632 3294 2700 templum
3318 2631 3546 2686 Domino
3573 2631 3749 2686 fabri—

2161 2727 2392 2779 candum
2435 2722 2488 2776 in
2534 2729 2752 2789 pectore
2795 2734 2892 2773 suo
2923 2735 3016 2774 rex
3063 2728 3115 2774 et
3150 2720 3409 2790 propheta
3446 2722 3748 2790 reperiret?

2162 2813 2291 2885 Quae
2322 2830 2409 2870 res
2434 2830 2532 2870 nos
2560 2814 2718 2869 debet
2750 2812 2962 2868 fortiter
3000 2814 3311 2878 admonere,
3341 2823 3400 2867 ut
3439 2813 3484 2868 si
3529 2813 3630 2882 ipsi
3663 2812 3748 2868 lo-

2161 2921 2258 2962 cus
2287 2906 2498 2961 Domini
2525 2920 2643 2961 esse
2669 2905 2938 2970 volumus,
2979 2914 3033 2959 et
3063 2904 3470 2959 tabernaculum
3506 2903 3644 2972 ejus,
3675 2917 3749 2957 ac

2163 2996 2421 3067 templum
2473 2996 2717 3065 cupimus
2770 2995 2985 3060 haberi,
3036 2995 3090 3048 in
3142 3003 3402 3064 quantum
3453 3009 3751 3062 possumus

2165 3088 2411 3158 exempla
2453 3085 2756 3142 sanctarum
2794 3086 3089 3150 imitemur,
3133 3101 3198 3139 ne
3233 3085 3298 3139 de
3339 3084 3491 3139 nobis
3532 3084 3752 3138 dicatur

2164 3179 2310 3248 quod
2355 3177 2585 3247 legitur:
2618 3177 2952 3230 Dormierunt
3005 3192 3246 3230 somnum
3293 3192 3467 3241 suum,
3511 3184 3558 3228 et
3613 3173 3754 3228 nihil

2163 3269 2490 3333 invenerunt,
2519 3275 2574 3321 et
2602 3268 2826 3337 reliqua.
2854 3267 3010 3322 Circa
3055 3267 3390 3322 undecimam
3432 3275 3612 3321 autem
3648 3267 3754 3320 ho-

2165 3376 2304 3426 ram,
2335 3360 2388 3414 id
2409 3367 2491 3413 est
2517 3359 2570 3412 in
2599 3359 2704 3414 ﬁne
2733 3360 2859 3424 diei,
2889 3359 3103 3428 quando
3145 3358 3306 3427 hujus
3335 3356 3493 3412 ollicii
3536 3366 3754 3426 tempus

2164 3459 2265 3512 est,
2300 3449 2570 3504 credimus
2601 3449 2898 3504 Salvatoris
2939 3463 3133 3518 corpus
3158 3449 3391 3518 positum
3427 3463 3547 3502 esse
3575 3447 3629 3500 in
3659 3461 3754 3500 se-

2165 3541 2371 3611 pulcro,
2396 3555 2459 3594 ac
2486 3540 2706 3609 perinde
2732 3540 2888 3594 istius
2910 3554 3124 3609 quoque
3149 3553 3340 3594 cursus
3365 3539 3620 3593 solemnis
3646 3537 3752 3592 de-

2165 3632 2258 3686 bet
2297 3645 2415 3685 esse
2455 3630 2776 3696 celebratio;
2809 3639 2971 3699 atque
3003 3643 3328 3700 magnopere
3352 3628 3624 3698 postulare
3653 3629 3756 3683 de-

2166 3719 2378 3784 bemus,
2402 3727 2460 3772 ut
2486 3720 2601 3788 ipse
2634 3719 2722 3788 qui
2754 3720 2855 3774 bac
2881 3720 3015 3773 hora
3043 3720 3276 3787 quietem
3308 3717 3538 3788 sepulcri
3569 3718 3753 3774 intra-

2168 3813 2246 3864 vit
2289 3811 2442 3866 nobis
2483 3819 2740 3867 attemam
2787 3810 3030 3880 requiem
3072 3807 3136 3864 in'
3161 3810 3313 3865 caelis
3341 3809 3639 3865 concedere
3666 3809 3753 3864 di-

2169 3911 2381 3972 gnetur.

2774 3990 3000 4047 CAPUT
3036 3991 3127 4046 IX.

2408 4082 2493 4137 De
2518 4091 2773 4137 nocturna
2802 4082 3096 4153 vigiliarum
3134 4080 3492 4136 celebratione.

2239 4172 2315 4253 De
2365 4171 2666 4240 vigiliarum
2714 4185 2928 4241 quoque
2957 4170 3351 4224 nocturnalium
3379 4168 3754 4236 celebratione

2167 4268 2400 4349 antiqua
2434 4274 2516 4320 est
2547 4266 2830 4328 institutio,
2879 4265 3184 4333 vigiliarum
3221 4263 3435 4318 devotio
3479 4262 3753 4318 familiare

2087 4390 2140 4448 Β
2168 4359 2366 4412 bonum
2392 4366 2475 4412 est
2505 4357 2753 4411 omnibus
2781 4355 2999 4410 sanctis.
3037 4355 3203 4409 Isaias
3229 4368 3441 4423 quoque
3478 4353 3754 4407 exclamat

2165 4451 2234 4504 ad
2265 4450 2432 4503 Deum
2479 4447 2663 4502 dicens
2694 4466 2706 4500 :
2741 4447 2814 4500 De
2847 4456 2992 4501 nocte
3029 4445 3205 4516 vigilat
3248 4447 3461 4515 spiritus
3499 4461 3645 4498 meus
3675 4445 3751 4497 ad

2168 4550 2239 4606 te,
2263 4540 2502 4604 Domine,
2528 4539 2650 4609 quia
2674 4539 2766 4593 lua:
2787 4549 3041 4609 pracepta
3072 4548 3163 4592 tua
3193 4547 3314 4590 sunt
3344 4553 3498 4608 super
3523 4546 3745 4589 terram.

2167 4631 2300 4686 Item
2343 4630 2508 4684 David
2551 4639 2603 4685 et
2639 4630 2788 4700 regio
2816 4637 2870 4684 et
2894 4630 3207 4700 prophetico
3233 4627 3600 4683 sanctiﬁcatus
3643 4641 3751 4678 un-

2170 4732 2365 4794 guento
2395 4724 2466 4778 ita
2493 4723 2635 4778 canit
2665 4742 2675 4776 :
2714 4721 2888 4776 Media
2930 4732 3074 4776 nocte
3102 4721 3372 4792 surgebam
3398 4721 3467 4773 ad
3493 4719 3748 4786 conﬁten-

2169 4815 2294 4867 dum
2338 4815 2450 4878 tibi,
2499 4831 2652 4884 super
2681 4814 2885 4882 judicia
2907 4814 3129 4882 justitia:
3178 4822 3281 4866 tute
3327 4810 3496 4882 (Psal.
3525 4809 3742 4880 cxvnt).

2166 4903 2315 4960 Hanc
2355 4919 2586 4973 namque
2633 4914 2874 4974 tempore
2916 4912 3154 4958 vastator
3195 4903 3413 4974 angelus
3444 4901 3743 4967 transiens,

2163 4993 2517 5065 primogenita
2547 4994 2921 5064 Egyptiorum
2944 4996 3225 5065 percussit.
3251 4994 3402 5050 Unde
3426 5003 3480 5048 et
3509 5008 3606 5048 nos
3631 4993 3748 5047 evi-

2163 5085 2330 5154 gilare
2375 5093 2604 5153 oportet,
2644 5099 2710 5138 ne
2741 5085 2978 5154 periculo
3025 5084 3400 5154 Egyptiorum
3443 5083 3743 5138 admiscea-

2164 5192 2301 5229 mur.
2361 5176 2574 5230 Eisdem
2626 5177 2790 5230 etiam
2852 5177 2999 5230 horis
3047 5185 3333 5230 venturum
3385 5191 3442 5230 se
3499 5189 3622 5230 esse
3682 5173 3740 5227 in

2165 5263 2452 5334 Evangelio
2487 5264 2736 5318 Salvator
2763 5265 3013 5329 astruxit,
3045 5264 3184 5319 unde
3225 5274 3280 5320 et
3315 5266 3381 5319 ad
3410 5263 3739 5335 vigilandum

2163 5355 2437 5408 auditores
2473 5369 2598 5409 suos
2642 5355 2905 5419 excitans,
2931 5355 3101 5409 dixit:
3132 5355 3280 5408 Beati
3316 5355 3448 5409 sert-i
3479 5353 3579 5416 illi,
3605 5367 3741 5420 quos

2163 5462 2278 5498 cum
2312 5448 2503 5499 venerit
2537 5445 2790 5499 Dominus
2817 5447 3063 5499 invenerit
3101 5443 3369 5515 vigilantes
3419 5443 3567 5514 (Luc.
3610 5443 3742 5511 xu).

2172 5533 2391 5603 Vigilate
2421 5551 2559 5603 ergo,
2603 5536 2804 5590 nescitis
2833 5538 2967 5590 enim
3013 5536 3222 5605 quando
3260 5530 3738 5593 Dominusveniat,

2163 5642 2299 5692 sero,
2333 5644 2400 5679 an
2447 5629 2615 5682 media
2669 5638 2834 5696 nocte,
2878 5647 2937 5682 ac
2987 5627 3110 5698 galli
3151 5637 3327 5693 cantu,
3367 5642 3435 5678 an
3472 5637 3644 5688 mane,
3676 5638 3742 5676 ne
