3958 6364
178 364 278 420 529

991 352 1074 407 or.
1111 349 1547 408 CLElthORUM
1590 345 2089 411 INSTlTUTlONE,
2131 306 2280 400 Ere.
2305 376 2375 388 -
2407 346 2533 431 LIB;
2573 347 2633 425 ιι..

176 489 289 528 cum
317 469 505 526 venerit
542 469 765 523 inveniat
812 483 897 523 vos
935 467 1245 520 dormientes
1275 464 1466 536 (Marc.
1501 462 1641 530 xm).
1675 462 1741 516 Et
1767 465 1814 523 Α
1842 458 1916 512 nit
1944 448 2114 532 (Ps'al.
2159 456 2233 529 v).
2274 456 2408 512 Nam
2451 460 2666 515 assidue
2708 466 2763 513 et
2804 468 3067 516 instanter
3104 480 3258 521 orare
3296 468 3413 536 ipsa

178 580 242 620 ne
271 562 401 619 solis
433 560 689 631 apostolis
729 559 859 614 illud
898 566 1223 630 prmeeptum
1260 572 1374 613 esse
1407 555 1737 617 crederetur,

179 671 302 711 mox
342 650 617 721 sul‘junxit
641 666 654 705 :
686 650 838 717 Quod
861 660 1055 715 autem,
1084 648 1274 717 inquit,
1300 636 1436 702 vobis
1460 646 1741 721 dico,'om-

182 744 329 797 uibus
360 744 500 806 dico,
530 740 752 812 vigilate.
794 740 1068 810 Siquidem
1098 753 1199 793 nec
1234 738 1413 792 verbis
1450 735 1621 790 solum
1652 734 1746 787 do-

182 835 291 888 cuit
328 832 550 903 vigilias,
595 832 688 887 sed
724 831 888 886 etiam
917 828 1257 886 conﬁrmavit
1290 823 1563 898 exemplo,
1594 841 1746 880 nam-

182 939 285 995 que
318 932 550 977 testatur
580 923 918 993 Evangelium
961 922 1084 993 quia
1124 903 1233 975 erat
1259 918 1415 973 Iesus
1443 928 1749 989 pernoctans

182 1017 236 1069 iu
265 1014 498 1068 oratione
540 1012 654 1066 Dei.
695 1012 892 1068 Paulus
919 1026 1133 1081 quoque
1161 1018 1216 1065 et
1250 1009 1391 1064 Silas
1424 1008 1477 1063 in
1509 1008 1751 1063 custodia

187 1102 398 1173 publica
426 1101 571 1156 circa
608 1101 842 1157 medium
889 1101 1064 1155 noctis
1091 1107 1326 1161 orantes,
1354 1098 1609 1169 hymnum
1638 1096 1754 1169 (au-

188 1196 459 1250 dientibns
500 1192 729 1265 cunctis)
769 1192 932 1247 vincti
972 1192 1172 1245 divisse
1217 1192 1582 1245 memorantur
1615 1187 1751 1259 (Act.

188 1286 324 1358 nx),
364 1286 453 1340 ubi
487 1293 789 1341 termmotu
822 1286 1038 1353 repente
1063 1280 1225 1346 facto,
1255 1290 1310 1335 et
1344 1280 1619 1335 concussis
1644 1295 1758 1335 car-

188 1377 328 1432 ceris
371 1374 752 1439 fundamentis,
800 1384 854 1428 et
885 1372 1063 1439 ianum
1099 1380 1287 1442 sponte
1320 1380 1536 1441 apertae,
1569 1378 1622 1425 et
1644 1372 1757 1425 om-

190 1454 359 1520 nium
387 1463 598 1527 vincula
648 1472 773 1535 sunt
816 1462 1008 1517 soluta.
1057 1460 1209 1517 Unde
1248 1467 1460 1531 oportet
1494 1460 1577 1515 bis
1612 1460 1758 1515 boris

188 1556 454 1629 psallendi
488 1555 784 1625 orandique
825 1554 1192 1635 frequentiam
1229 1568 1325 1608 nos
1356 1552 1408 1606 in
1436 1553 1634 1632 sanctis
1658 1552 1757 1606 ba-

190 1649 321 1704 bere
346 1644 555 1716 ol'liciis,
580 1643 852 1714 ﬁnemque
878 1629 1142 1706 nostrum,
1170 1641 1253 1695 vel
1291 1641 1336 1695 si
1364 1629 1637 1719 advenerit
1662 1640 1762 1694 sub

192 1738 286 1793 tali
322 1724 451 1793 actu
491 1744 802 1807 exspectem
848 1748 1085 1790 securos.
1139 1734 1235 1787 Est
1282 1740 1457 1786 autem
1492 1730 1761 1799 quoddam

1842 545 2057 602 Veritas
2082 562 2179 601 nos
2210 547 2412 613 docuit,
2450 563 2573 602 cum
2603 549 2737 603 dixit
2766 566 2778 601 :
2820 547 2985 603 Petite
3013 560 3060 603 et
3092 553 3301 607 dabitur
3328 572 3414 609 υσ-

1844 637 1943 701 bis,
1974 638 2189 707 quwrite
2214 647 2262 691 ct
2304 638 2588 701 invenietis,
2621 637 2821 708 pulsate
2859 649 2904 692 et
2946 640 3203 710 aperietur
3242 645 3416 709 vobis;

1798 775 1806 783 .
1846 726 2014 779 omnis
2042 727 2177 779 enim
2204 728 2293 797 qui
2319 728 2443 797 petit
2483 729 2687 797 accipit,
2720 737 2765 781 et
2799 730 2887 799 qui
2913 732 3099 799 qua'rit
3136 718 3343 799 invenit,
3370 744 3420 789 et

1848 814 2077 885 pulsanti
2122 819 2379 885 aperietur
2422 816 2634 889 (Matth.
2680 817 2796 888 vn).
2835 818 2900 871 Et
2938 828 2996 872 ut
3034 822 3278 891 exemplo
3326 824 3422 877 ali-

1851 920 1959 975 quo
1991 907 2232 961 eamdem
2273 921 2387 960 rem
2418 908 2589 991 magis
2611 908 2877 971 suaderet,
2901 906 3209 977 parabolam
3237 911 3304 965 de
3327 911 3423 966 ho-

1852 998 1996 1052 mine
2035 998 2087 1051 in
2136 999 2367 1053 medium
2396 1000 2597 1068 posuit,
2641 998 2733 1068 qui
2778 1000 3007 1053 amicum
3038 1016 3191 1055 suum
3220 1001 3274 1055 in
3298 1016 3427 1057 cou-

1854 1086 1989 1141 clavi
2020 1086 2252 1156 positum
2282 1086 2349 1141 de
2379 1088 2552 1142 tribus
2589 1087 2815 1156 panibus
2841 1090 3151 1159 postulavit,
3193 1098 3247 1146 et
3275 1094 3427 1162 panis

1853 1183 1908 1229 et
1936 1167 2339 1247 lapidis,‘piscis
2362 1187 2417 1231 et
2438 1179 2724 1247 serpentis,
2752 1179 2835 1232 ovi
2873 1188 2927 1234 et
2956 1181 3254 1251 scorpionis
3282 1197 3427 1237 com-

1855 1267 2191 1337 parationem
2222 1268 2444 1350 faciens,
2475 1270 2768 1325 novissime
2796 1271 2869 1325 ita
2908 1274 3265 1328 narrationem
3304 1290 3430 1329 eone

1856 1358 2033 1414 clusit.
2071 1358 2129 1415 Si
2149 1376 2267 1431 ergo
2292 1378 2400 1427 vos,
2423 1362 2751 1432 inquit,cum
2779 1366 2892 1418 sitis
2933 1366 3075 1431 ntali,
3109 1369 3269 1422 nostis
3299 1368 3430 1423 bona

1857 1449 1983 1503 data
2006 1450 2133 1504 dare
2156 1451 2283 1520 ﬁliis
2309 1453 2509 1518 uestris,
2555 1464 2750 1523 quanto
2788 1443 2953 1525 magis
2993 1455 3154 1511 Pater
3180 1470 3341 1513 vester
3367 1460 3430 1514 ds

1860 1540 1983 1595 caelo
2013 1541 2156 1619 dabit
2185 1543 2421 1612 spiritum
2456 1543 2645 1597 bonum
2673 1546 2957 1615 petentibus
2987 1564 3040 1602 se
3066 1545 3272 1621 (Ibid.).

2460 1624 2686 1689 CAPUT
2723 1634 2835 1690 XII.

2138 1722 2209 1776 De
2234 1724 2616 1794 quadripartito
2645 1728 2810 1795 specie
2837 1731 3149 1783 orationum.

192 1844 362 1898 genus
389 1827 785 1889 haereticorum,
816 1821 1111 1893 superﬂuas
1135 1821 1554 1876 existimantium
1580 1833 1765 1873 sacras

1934 1806 2247 1865 Orationum
2286 1826 2415 1881 ergo
2449 1814 2682 1882 speciem
2720 1815 3007 1886 Apostolus
3048 1818 3435 1889 tjbadripartita

192 1915 425 1983 vigilias,
454 1923 514 1969 et
537 1912 763 1983 spiritali
786 1925 947 1981 Opere
975 1909 1353 1966 infructuosas.
1384 1909 1619 1963 dicentes
1638 1908 1760 1978 jura

191 2004 449 2060 temerari
482 2004 683 2068 divina,
717 2017 839 2058 cum
889 1991 1027 2056 Deus
1070 2009 1279 2056 noctem
1330 1997 1517 2054 fecerit
1568 1998 1633 2051 ad
1679 2011 1763 2051 re-

191 2096 393 2166 quiem,
428 2094 567 2149 sicut
607 2094 750 2148 diem
784 2092 851 2148 ad
878 2091 1132 2147 laborem.
1173 2090 1273 2158 Qui
1315 2088 1550 2145 haeretici
1576 2086 1763 2143 Graeco

192 2199 443 2241 sermone
488 2182 758 2255 nyStages,
797 2191 1085 2256 νυστανεῖς,
1132 2176 1233 2237 hbe
1273 2189 1357 2235 est
1400 2174 1761 2242 soninicolosi,

180 2282 474 2339 vocantur.
506 2274 609 2329 lste
633 2281 814 2328 autem
856 2282 937 2328 est
978 2272 1272 2328 catholicus
1304 2270 1439 2325 ordo
1464 2269 1761 2324 divinarum

188 2365 632 2426 celebratiouum,
666 2363 757 2433 qui
788 2365 857 2418 ab
884 2364 1135 2418 universa
1178 2362 1414 2417 Ecclesia
1450 2356 1650 2417 Christi
1679 2361 1763 2431 iu-

191 2440 649 2509 commutabiliter
679 2445 943 2508 servatur.

715 2554 718 2556 ‘
817 2539 1044 2597 CAPUT
1078 2541 1144 2596 Χ.

512 2629 589 2684 De
617 2632 817 2687 ceteris
846 2630 1087 2702 legitimis
1108 2632 1446 2686 orationibus.

174 2708 177 2709 ⁷
264 2718 407 2776 Sunt
431 2730 486 2776 et
516 2721 633 2778 alite
658 2722 928 2777 orationes
948 2722 1213 2792 legitima),
1242 2737 1359 2792 quae
1388 2722 1503 2777 sine
1532 2720 1638 2775 ulla
1673 2721 1767 2776 ad-

189 2810 492 2865 monitione
533 2811 815 2876 debentur,
856 2823 918 2866 ut
951 2820 1035 2866 est
1068 2811 1157 2866 illa
1199 2825 1357 2881 quam
1389 2811 1614 2866 dicimus
1642 2820 1768 2865 ante

190 2899 557 2970 inceptionem
583 2900 809 2969 alicujus
846 2900 1046 2970 Operis,
1075 2899 1283 2955 Domini
1319 2899 1641 2969 adjutorium
1666 2913 1768 2969 po-

190 2990 477 3046 stulantes.
514 2989 623 3045 Nec
652 2991 793 3046 enim
819 2991 972 3046 decet
997 2988 1357 3045 Christianum
1383 2988 1599 3059 aliquod
1633 3002 1770 3058 opus

189 3097 292 3135 sua
319 3081 732 3150 presumptione
757 3081 1012 3151 incipere,
1036 3088 1321 3149 antequam
1349 3079 1559 3134 studeat
1587 3077 1769 3133 Domi-

1867 1898 2075 1976 ratione
2104 1901 2368 1967 distinxit,
2397 1903 2581 1958 dicens
2612 1923 2625 1957 :
2654 1904 2914 1975 Deprecor
2938 1910 3111 1981 itaque
3137 1909 3303 1982 primo
3327 1930 3437 1967 om-

1818 1998 1834 2016 ‘
1866 1987 2010 2041 nium
2030 1982 2146 2056 ﬁeri
2168 1989 2568 2058 obsecrationes,
2591 1997 2871 2061 orationes,
2893 2000 3288 2067 postulationes,
3316 2020 3437 2074 gra-

1862 2076 2065 2130 tiarum-
2101 2080 2329 2157 actiones
2379 2080 2429 2152 (I
2464 2081 2597 2136 Tim.
2640 2090 2781 2156 vm),
2811 2102 2930 2156 quae
2960 2105 3064 2145 non
3096 2090 3326 2148 inaniter
3369 2095 3437 2149 ab

1861 2163 2116 2235 Apostolo
2146 2166 2219 2222 ita
2264 2168 2429 2225 fuisse
2469 2172 2638 2228 divisa
2685 2175 2909 2233 minime
2942 2179 3286 2237 dubitandum
3327 2180 3433 2239 est.

1863 2254 1979 2311 Non
2008 2258 2149 2312 enim
2178 2261 2502 2317 credendum
2532 2272 2616 2319 est
2651 2266 2851 2337 aliquid
2878 2272 3183 2329 transitorie
3228 2289 3291 2330 ac
3320 2277 3438 2331 sine

1866 2347 2074 2405 ratione
2101 2350 2361 2421 Spiritum
2389 2348 2633 2412 sanctum
2665 2375 2761 2429 per
2787 2361 3098 2432 Apostolum
3125 2366 3434 2435 protulisse,
3486 2362 3489 2363 ν

1865 2453 1930 2494 ac
1959 2438 2078 2497 ideo
2106 2444 2355 2512 primitus
2386 2447 2744 2520 indagandum
2774 2460 2857 2519 est
2884 2454 3010 2523 quid
3044 2451 3436 2525 obsecratione,

1866 2530 1993 2600 quid
2039 2534 2314 2616 oratione,
2362 2537 2491 2606 quid
2534 2539 3099 2613 postulatione,,quid
3144 2547 3437 2616 gratiarum

1865 2619 2075 2686 actione
2116 2614 2392 2694 signetur;
2440 2625 2633 2683 deinde
2674 2631 3091 2699 perquirendum
3132 2614 3309 2689 utrum
3358 2636 3440 2691 bas

1866 2717 2100 2779 quatuor
2129 2714 2336 2782 species
2383 2715 2451 2769 ab
2496 2732 2821 2789 unoquoque
2857 2729 3047 2777 orante
3092 2722 3198 2778 sint
3239 2726 3441 2795 pariter

1868 2804 2224 2871 assumendae,
2277 2821 2346 2860 an
2395 2806 2533 2864 alius
2579 2811 2795 2880 quidem
2838 2816 3261 2884 obsecrationes,
3307 2819 3441 2875 alius

1868 2892 2161 2961 orationes,
2196 2896 2333 2953 alius
2360 2914 2490 2954 vero
2520 2902 2927 2972 postulationes,
2972 2908 3213 2979 aliusque
3243 2911 3441 2982 gratia-

1870 2999 1991 3039 rum
2020 2986 2259 3043 actiones
2298 2990 2408 3045 Deo
2452 2992 2644 3049 debeat
2685 2997 2958 3053 exhibere.
3000 2999 3103 3055 Sed
3138 3017 3440 3059 mensuram

1872 3074 2078 3129 scilicet
2104 3076 2277 3132 aetatis
2305 3093 2437 3145 suae,
2468 3081 2522 3135 in
2552 3098 2658 3153 qua
2684 3099 3015 3156 unaquaque
3052 3104 3203 3145 mens
3227 3077 3325 3161 per
3363 3092 3444 3146 iu-

190 3185 329 3225 num
355 3170 409 3224 in
441 3168 696 3223 auxilium
725 3170 1007 3235 advocare,
1037 3171 1160 3240 quia
1187 3170 1298 3240 ipse
1328 3168 1464 3223 dixit
1490 3183 1504 3221 :
1538 3166 1662 3221 Sine
1689 3182 1770 3220 me
1797 3159 1844 3219 C
1876 3163 2167 3220 tentionem
2235 3166 2479 3237 prolicit,
2535 3180 2589 3225 et
2646 3173 2961 3247 industriam
3012 3159 3445 3250 unumquemque

191 3258 330 3311 nihil
353 3262 564 3326 potestis
589 3257 758 3326 facere
788 3257 843 3329 (1
848 3274 969 3311 oan.
1002 3260 1115 3328 xv).
1146 3258 1429 3312 Humiliter
1453 3272 1579 3328 ergo
1604 3256 1766 3311 advo—

189 3358 354 3404 catus
381 3349 634 3420 dignatur
669 3364 766 3406 nos
805 3348 1078 3418 adjuvare,
1110 3350 1248 3404 sicut
1274 3350 1340 3404 de
1370 3350 1481 3419 ipso
1510 3349 1764 3417 scriptum

188 3448 323 3494 est:
361 3438 623 3493 Invocdbit
671 3456 769 3506 me,
816 3440 1020 3508 inquit,
1061 3448 1108 3492 et
1158 3455 1248 3508 ego
1297 3439 1572 3492 exaudiam
1607 3450 1765 3491 eum:

188 3548 317 3585 cum
344 3548 454 3600 ipso
490 3547 606 3585 sum
644 3533 698 3586 in
727 3531 1079 3597 tribulatione,
1103 3531 1315 3600 eripiam
1352 3546 1469 3583 eum
1494 3538 1540 3582 et
1566 3526 1765 3598 gloriﬁ-

187 3622 329 3676 cabo
359 3621 497 3686 eum,
528 3632 582 3677 et
612 3623 814 3692 reliqua
862 3619 1031 3693 (Psal.
1083 3619 1192 3690 xc).
1235 3619 1340 3675 Sed
1368 3628 1421 3673 et
1450 3617 1625 3673 cibum
1662 3632 1771 3670 non

183 3714 352 3785 prius
378 3728 594 3769 sumere
619 3712 927 3783 licet'quam
958 3709 1272 3782 interposita
1299 3710 1563 3773 oratione,
1593 3709 1779 3778 ι)πὶοῃ

184 3805 344 3859 enim
386 3804 632 3859 habenda
675 3812 799 3859 sunt
829 3805 1049 3875 Spiritus
1078 3802 1351 3874 refrigeria
1381 3817 1540 3873 quam
1571 3800 1771 3867 carnis,

182 3896 325 3966 quia
364 3896 545 3965 priora
585 3881 710 3951 ﬁunt
750 3895 989 3951 cmlestia
1028 3910 1189 3964 quam
1236 3903 1466 3948 terrena.
1513 3892 1775 3947 Similiter

184 3993 386 4040 autem
416 3993 471 4039 et
505 3993 625 4054 post
650 3985 829 4039 cibum
852 3983 1011 4039 orare
1039 3984 1306 4047 convenit,
1338 3991 1396 4036 ut
1428 3983 1649 4036 Domino
1676 3996 1774 4051 pro

182 4075 310 4129 suis
359 4074 515 4127 donis
542 4074 726 4141 gratia:
764 4073 1085 4138 referantur,
1128 4080 1187 4125 ut
1233 4072 1360 4126 illud
1398 4073 1449 4126 in
1480 4074 1581 4126 hoc
1623 4088 1773 4127 com-

180 4162 415 4232 pleatur
444 4162 735 4216 Psalmista
761 4163 902 4231 quod
927 4162 1060 4222 dicit
1086 4160 1295 4226 :,Edent
1321 4178 1589 4231 pauperes,
1617 4148 1666 4215 ei
1689 4179 1777 4215 sa-

181 4254 559 4318 turabuntur,
608 4264 655 4307 et
697 4253 982 4307 laudabunt
1035 4253 1315 4327 Dominum
1370 4254 1457 4322 qui
1511 4252 1775 4323 requirunt

178 4364 311 4403 eum
345 4344 523 4420 (Psal.
549 4348 682 4419 XXI).
766 4338 770 4344 ’

816 4435 1040 4493 CAPUT
1078 4437 1166 4491 XI.

571 4529 649 4584 De
676 4528 1021 4599 peculiaribus
1054 4528 1392 4595 orationibus.

250 4618 582 4675 Peculiares
602 4628 780 4673 autem
799 4618 1067 4673 orationes
1087 4634 1219 4688 pure
1240 4618 1547 4688 frequenter
1572 4619 1767 4684 facere,

171 4720 234 4765 et
258 4710 490 4786 bonum.
507 4716 563 4763 et
600 4707 861 4762 laudabile
905 4717 1008 4773 est,
1059 4710 1182 4779 quia
1222 4708 1510 4763 multorum
1549 4709 1767 4769 Patrum

173 4800 450 4871 exempla
493 4799 546 4853 id
573 4816 673 4854 nos
702 4798 878 4856 facere
908 4800 1151 4866 suadent,
1188 4802 1300 4870 ipse
1328 4803 1582 4859 Dominus
1607 4805 1767 4861 etiam

172 4907 284 4947 suo
316 4886 642 4960 magisterio
671 4892 773 4946 hoc
802 4891 995 4947 docere
1019 4906 1125 4946 nos
1153 4893 1399 4964 dignatus
1425 4905 1507 4949 est
1542 4894 1726 4949 dicens
1751 4912 1762 4947 :

173 4979 261 5034 Tu
294 4989 638 5035 autemtcum
663 4982 890 5035 oraveris
934 4982 1071 5035 intra
1095 4983 1150 5034 in
1176 4983 1489 5049 cubiculum,
1514 4994 1563 5038 et
1591 4984 1769 5038 clauso

171 5071 319 5123 ostio
351 5055 696 5123 ora‘Patrem
731 5080 900 5135 tuum,
938 5080 984 5125 et
1023 5068 1182 5125 Pater
1215 5081 1333 5127 tuus
1360 5074 1449 5143 qui
1484 5075 1614 5129 videt
1638 5085 1686 5129 te
1715 5077 1770 5128 in

172 5158 507 5215 abscondito
536 5160 709 5214 reddet
736 5161 826 5214 tibi
856 5160 1065 5232 (Matth.
1097 5161 1192 5232 vr).
1228 5161 1332 5217 Sed
1368 5171 1423 5217 et
1456 5164 1556 5219 llOC
1579 5180 1683 5219 non
1714 5167 1767 5219 in

169 5249 442 5306 clamosa
465 5255 595 5303 voce
620 5247 920 5305 faciendum
941 5258 1043 5316 est,
1071 5251 1163 5306 sed
1184 5266 1305 5305 cum
1332 5252 1625 5308 intentione
1650 5268 1768 5311 cor-.

170 5341 264 5400 dis
304 5347 384 5413 ,et
435 5340 842 5406 compunctione
883 5328 1258 5412 lacrymarum,
1297 5342 1418 5412 quia
1468 5342 1569 5397 hoc
1610 5343 1768 5399 modo

171 5448 282 5489 nos
304 5426 571 5486 exaudiri
596 5443 626 5481 a
646 5427 872 5494 Domino
897 5431 1187 5497 credimus,
1217 5432 1425 5487 dicente
1444 5431 1723 5488 Psalmista
1750 5451 1763 5487 :

173 5518 492 5579 Exaudivit
536 5515 789 5571 Dominus
834 5535 1005 5573 vocem
1066 5522 1216 5590 ﬂetus
1273 5522 1412 5586 mei,
1457 5529 1510 5574 et
1565 5515 1767 5591 reliqua

175 5612 368 5684 (Psal.
401 5606 507 5678 vs).
543 5606 611 5661 Et
634 5606 759 5661 item
786 5625 799 5661 :
833 5605 1161 5676 Sacri/icium
1200 5610 1309 5664 Deo
1342 5595 1547 5681 spiritus
1576 5614 1769 5667 contri-

176 5703 412 5758 bulatus
436 5713 453 5748 :
484 5713 574 5751 cor
593 5697 868 5751 contritum
893 5707 941 5750 et
965 5698 1293 5752 humiliatum
1332 5699 1469 5753 Deus
1502 5715 1604 5753 non
1627 5716 1766 5769 sper-

607 5791 875 5850 l’s'r'uos.
910 5789 1098 5853 CVll.

1865 3262 2076 3321 oportet
2094 3255 2389 3312 intendere.
2415 3257 2827 3320 Obsecrationes
2849 3263 3031 3334 itaque
3050 3275 3173 3321 sunt
3198 3268 3442 3337 implora-

1867 3342 2043 3396 lienes
2069 3356 2161 3397 seu
2184 3345 2485 3414 petitiones
2518 3363 2615 3418 pro
2644 3352 2897 3422 peccatis,
2950 3354 3142 3422 quibus
3187 3356 3269 3410 vel
3311 3374 3441 3426 pra:-

1866 3432 2105 3486 sentlbus
2134 3434 2215 3487 vel
2252 3436 2539 3519 praeteritis
2592 3438 2843 3494 admissis
2900 3442 3014 3496 suis
3074 3446 3442 3515 unusquisque

1869 3530 2216 3588 compunctus
2263 3524 2474 3578 veniam
2531 3527 2877 3595 deprecatur.
2939 3528 3220 3586 Orationes
3275 3545 3399 3589 sunt
3423 3576 3437 3598 ,

1868 3611 2060 3678 quibus
2099 3611 2298 3681 aliquid
2346 3613 2623 3671 offerimus
2671 3632 2765 3672 seu
2812 3613 3069 3676 vove'mus
3111 3620 3240 3686 Deo,
3290 3625 3440 3679 verbi

1870 3706 2043 3774 gratia
2080 3724 2092 3758 :
2126 3694 2376 3773 oramus,
2406 3723 2530 3763 cum
2571 3712 2944 3767 renuntiantes
2985 3714 3109 3768 huic
3146 3717 3343 3772 mundo
3389 3728 3445 3772 et

1872 3794 2100 3861 actibus,
2151 3804 2312 3875 atque
2355 3800 2748 3855 conversationi
2799 3803 3078 3858 mundanae
3123 3806 3444 3875 spondemus

1872 3900 1971 3940 nos
1999 3894 2146 3940 tanta
2175 3887 2469 3944 intentione
2504 3890 2681 3944 cordis
2710 3890 2937 3947 Domino
2965 3894 3277 3950 servituros.
3309 3896 3445 3952 Ora-

1872 3993 2014 4042 mus,
2052 3993 2173 4031 eum
2203 3976 2565 4047 promittimus
2591 3996 2688 4035 nos
2711 3982 3051 4049 purissimam
3079 3986 3320 4053 corporis
3350 4002 3443 4041 ca-

1873 4070 2131 4145 stitatem,
2156 4084 2249 4123 seu
2276 4070 2602 4125 immobilem
2628 4071 2940 4149 patientiam
2966 4072 3303 4130 exbibituros
3330 4091 3448 4131 eSse

1873 4169 2149 4230 perpetuo,
2193 4160 2272 4214 vel
2302 4176 2422 4214 cum
2462 4161 2526 4215 de
2554 4161 2715 4215 corde
2741 4170 2925 4215 nostro
2955 4164 3163 4219 radices
3191 4164 3302 4229 iraa,
3334 4152 3445 4222 sive

1874 4254 2104 4309 tristitiae
2150 4263 2374 4308 mortem
2424 4254 2699 4323 operantis
2753 4272 3009 4312 vovemus
3063 4274 3162 4315 nos
3208 4259 3447 4318 funditus

1868 4357 2083 4404 eruere.
2116 4342 2296 4397 Tertio
2320 4344 2434 4397 loco
2456 4352 2729 4412 ponuntur
2755 4346 3155 4413 postulationes,
3186 4364 3317 4417 quas
3346 4367 3445 4421 pro

1878 4433 1996 4487 aliis
2023 4448 2254 4504 quoque,
2284 4434 2408 4487 dum
2441 4449 2625 4488 sumus
2658 4436 2709 4488 in
2753 4434 2963 4489 fervore
2984 4438 3203 4505 spiritus
3236 4446 3441 4495 onusti-

1878 4526 1994 4589 tuti,
2036 4525 2266 4581 solemus
2303 4526 2577 4590 emittere,
2627 4527 2711 4581 vel
2741 4528 2919 4583 charis
2958 4531 3173 4584 scilicet
3219 4534 3439 4603 nostris,

1869 4618 1957 4673 vel
1981 4632 2077 4687 pro
2106 4618 2267 4672 totius
2297 4617 2478 4671 mundi
2496 4633 2637 4699 pace
2664 4629 2963 4687 poscentes,
2996 4632 3054 4675 ut
3098 4621 3263 4691 ipsius
3302 4622 3444 4694 Apo-

1872 4707 1991 4762 διοιί
2039 4708 2218 4761 verbis
2261 4707 2506 4779 eloquar,
2538 4724 2660 4763 eum
2699 4726 2798 4779 pro
2826 4712 3074 4777 omnibus
3116 4713 3440 4783 hominibus,

1872 4811 1969 4867 pro
1998 4797 2211 4867 regibus
2251 4806 2306 4851 et
2346 4813 2442 4867 pro
2480 4799 2564 4853 bis
2600 4800 2690 4868 qui
2720 4800 2771 4852 in
2801 4800 3125 4856 sublimitate
3157 4812 3280 4857 sunt
3316 4820 3443 4876 sup-

1872 4888 2150 4959 plicamus.
2194 4888 2396 4956 Quarto
2442 4891 2634 4945 deinde
2679 4890 2816 4953 loco,
2868 4893 3153 4961 gratiarum
3201 4898 3440 4954 actiones

1872 4990 2161 5050 ponuntur,
2189 4996 2322 5050 quas
2362 4997 2515 5042 mens
2549 4982 2631 5035 vel
2672 4986 2794 5036 cum
2834 4986 3100 5052 prasterita
3137 4987 3178 5040 D
3214 4988 3443 5046 irecolit

1872 5067 2153 5132 beneﬁcia,
2184 5067 2265 5122 vel
2299 5083 2419 5121 cum
2448 5069 2729 5138 prmsentia
2760 5070 3152 5140 complectitur,
3194 5090 3287 5130 seu
3315 5092 3437 5132 cum

1875 5156 1926 5209 in
1976 5156 2213 5211 futurum
2257 5173 2376 5226 qua:
2420 5168 2474 5212 et
2510 5168 2707 5226 quanta
2747 5164 3129 5230 przeparaverit
3174 5163 3315 5221 Deus
3354 5167 3440 5223 bis

1872 5246 1963 5315 qui
2004 5247 2223 5319 diligunt
2253 5262 2375 5301 eum
2411 5247 2688 5315 prospicit,
2728 5263 2831 5319 per
2867 5248 3159 5306 ineffabiles
3188 5268 3440 5309 excessus

1874 5334 2099 5390 Domino
2145 5334 2324 5390 refert.
2363 5335 2475 5403 Qua
2516 5337 2809 5393 intentione
2838 5353 3213 5408 nonnunquam
3248 5356 3439 5410 preces

1874 5426 2149 5481 uberiores
2174 5426 2347 5479 emitti
2380 5426 2579 5493 solent,
2608 5430 2732 5482 dum
2770 5428 2858 5483 illa
2886 5444 3003 5498 quae
3030 5430 3199 5497 posita
3228 5441 3355 5487 sunt
3380 5434 3437 5489 in

1875 5523 2055 5576 futuro
2088 5517 2326 5589 prtemia,
2373 5516 2673 5584 purissimis
2714 5516 2883 5571 oculis
2924 5517 3196 5581 intuendo,
3236 5522 3438 5589 gratias

1873 5626 1995 5665 cum
2037 5609 2298 5663 immenso
2336 5606 2529 5676 gaudio
2561 5606 2785 5674 spiritus
2814 5613 2995 5659 noster
3032 5605 3313 5678 instigatur
3346 5610 3433 5664 in-

1872 5701 2113 5755 tundere.

2925 5782 2991 5842 11

3299 356 3404 409 350
3498 350 3507 357 ’
