3958 6358
503 346 595 398 531

1084 459 1306 514 CAPUT
1342 459 1476 512 XIII.

570 548 840 612 Quomodo
873 564 936 602 ex
964 553 1041 601 Ius
1074 550 1335 618 speciebus
1368 550 1691 620 compunclio
1720 559 1983 602 nascatur.

569 639 644 693 Ex
673 640 755 693 his
785 655 996 709 quoque
1022 649 1250 709 quatuor
1291 636 1568 710 speciebus
1614 641 1786 696 solent
1821 642 2059 697 occasio-

497 744 593 782 nes
630 728 1094 797 supplicationum'
1120 729 1395 800 pinguium
1425 731 1689 799 generari.
1731 729 1862 793 Nam
1900 739 1954 785 et
1993 731 2059 785 de

494 817 880 872 obsecrationis
904 817 1102 887 specie,
1128 834 1246 888 qua:
1275 818 1340 873 de
1368 821 1778 889 compunctionc
1820 821 2058 874 nascitur

494 906 855 974 peccatorum,
898 913 953 959 ct
979 906 1044 960 de
1086 906 1347 961 orationis
1380 915 1544 963 statu.
1591 923 1709 977 quae
1755 910 1821 963 de
1867 908 2055 963 ﬁducia

491 998 820 1053 oblationum
867 1005 922 1051 et
962 999 1421 1054 consummatione
1462 998 1763 1054 futurorum
1799 1014 1895 1069 pro
1930 1014 2056 1053 cou-

491 1089 728 1143 scicntiaa
758 1086 973 1158 proﬂuit
996 1088 1247 1158 puritate,
1275 1098 1330 1144 et
1362 1089 1427 1143 de
1467 1090 1824 1160 postulatione
1846 1104 1964 1159 qua:
1989 1089 2054 1143 de

492 1180 772 1235 charitatis
799 1181 987 1234 ardore
1022 1181 1280 1249 procedit,
1316 1189 1371 1235 et
1412 1181 1475 1235 de
1500 1182 1792 1250 gratiarum
1822 1182 2050 1243 actione,

491 1286 611 1339 (pun
649 1270 1028 1324 beneﬁciormn
1074 1286 1138 1324 ac
1184 1271 1564 1341 magnitudinis
1605 1287 1667 1326 ac
1702 1273 1914 1341 pietatis
1939 1271 2054 1339 ejus

491 1360 916 1414 consideratione
955 1369 1260 1430 generatur,
1306 1358 1724 1415 ferventissimas
1763 1363 2053 1432 sccpissiane

491 1450 731 1505 vovimus
760 1464 947 1519 preces
987 1450 1299 1521 ignotasque
1342 1452 1574 1519 prodire.
1622 1451 1696 1506 Ita
1747 1461 1801 1507 et
1842 1462 2051 1508 constat

488 1555 673 1595 omnes
695 1541 793 1593 has
818 1555 949 1609 quas
982 1541 1323 1609 prtediximus
1367 1541 1571 1609 species
1599 1542 1845 1597 omnibus
1875 1544 2046 1598 homi-
2094 1536 2097 1545 ”

490 1632 643 1685 nibus
673 1630 832 1685 utiles
860 1645 921 1684 ac
959 1630 1291 1685 necessarias
1332 1631 1578 1694 inveniri,
1625 1640 1684 1685 ut
1732 1632 1783 1685 in
1832 1648 1936 1687 uno
1961 1647 2052 1686 eo-

490 1725 715 1793 demque
743 1724 875 1787 viro,
911 1739 1049 1779 nunc
1070 1725 1283 1793 quidem
1311 1724 1759 1793 obsecrationum,
1787 1742 1925 1783 nunc
1952 1744 2049 1783 au-

1092 335 1480 415 _n..n.u:A-.\'j1
1518 324 1730 401 mutu
1770 346 2056 410 .tncnnzr

2158 348 2428 402 lOtilfN'i‘.
2473 349 2752 404 Ol‘liliUil
2795 349 2967 405 PARS
3010 353 3046 403 l.

3626 351 3731 403 532

2087 466 2133 521 Λ
2165 463 2291 521 rari,
2320 462 2395 514 sit:
2424 463 2508 515 ubi
2560 463 2669 516 inec
2716 474 2925 517 tulerim:
2964 463 3324 517 damnationis
3366 463 3595 517 obnoxia
3642 480 3733 513 co-

2163 550 2362 618 gnorit,
2401 552 2625 619 cognitis
2674 553 2777 614 his,
2826 553 3110 606 conﬁtetur
3160 568 3421 607 errorem.
3454 551 3733 606 Confessio

2162 649 2337 693 autem
2370 640 2590 703 erroris,
2620 641 2880 709 professio
2905 648 2988 695 est
3025 640 3322 696 desinendi.
3370 639 3732 694 Desinendum

2159 747 2286 801 ergo
2305 739 2387 784 est
2410 747 2437 784 a
2468 732 2701 801 peccatis
2727 749 2742 796 ;
2774 733 2897 791 dum
2923 732 3187 787 confessio
3209 742 3310 797 est,
3335 730 3604 786 confessio
3622 723 3728 784 ~au-

2159 829 2263 874 tem
2311 822 2598 886 antecedit,
2650 823 2891 877 remissio
2938 822 3196 892 sequitur.
3247 820 3509 891 Czeterum
3552 829 3733 875 autem

2156 920 2309 966 extra
2334 912 2471 967 viam
2498 914 2693 984 estqui
2718 921 2991 984 peccatum
3015 913 3307 984 cognoscit,
3332 928 3432 968 nec
3456 912 3730 983 cognitum

2155 1001 2461 1065 conﬁtetur,
2505 1003 2571 1056 de
2612 1018 2719 1073 quo
2765 1004 3015 1057 instruxit
3043 1017 3142 1056 nos
3184 1001 3471 1057 Psalmista
3500 990 3724 1056 dicens:

2157 1089 2344 1145 Revela
2372 1091 2596 1145 Domino
2637 1093 2770 1147 viam
2802 1103 2971 1156 tuam,
3003 1102 3107 1148 etc.
3152 1090 3323 1163 (Psal.
3350 1092 3557 1164 xxxvr).
3595 1091 3730 1148 Nam

2157 1180 2295 1234 idem
2319 1189 2373 1234 et
2398 1195 2456 1236 se
2479 1180 2667 1235 fecisse
2695 1189 2921 1237 testatur
2948 1174 3132 1237 dicens
3157 1199 3170 1233 :
3195 1180 3321 1234 Dixi
3339 1194 3357 1231 :
3382 1181 3731 1250 pronuntiabo

2155 1269 2426 1323 adversum
2456 1286 2534 1323 me
2554 1271 2840 1339 injustitios
2863 1287 3002 1323 meas
3030 1269 3271 1334 Domino,
3300 1277 3405 1323 etc.
3445 1267 3733 1337 Apostolus

2153 1376 2280 1416 vero
2308 1359 2536 1415 Jacobus
2584 1362 2724 1415 idem
2774 1372 2870 1421 nos
2900 1360 3075 1417 iaeere
3126 1362 3460 1426 exhortatur,
3506 1360 3728 1415 dicens:

2154 1446 2483 1515 Con/itemini
2523 1449 2831 1502 alterutrum
2874 1460 3083 1519 peccata
3122 1461 3311 1515 vestra,
3353 1458 3399 1504 et
3443 1459 3589 1503 orate
3636 1466 3733 1518 pro

2152 1527 2520 1605 invicemfetc.
2545 1541 2683 1611 (Jac.
2712 1541 2781 1612 ν).
2814 1541 2996 1612 Itaque
3019 1544 3429 1613 exomologesis,
3456 1541 3732 1613 prosterni

2152 1640 2207 1686 et
2234 1631 2433 1686 humile
2471 1629 2697 1686 faciendi
2748 1634 3053 1688 hominibus
3090 1633 3370 1702 disciplina
3408 1641 3511 1695 est,
3546 1631 3732 1685 habitu

2152 1722 2243 1776 vili
2299 1731 2458 1792 atque
2504 1722 2643 1777 victu
2700 1722 2929 1794 gracili,
2992 1739 3151 1780 sacco
3196 1733 3251 1779 et
3301 1724 3487 1779 cinere
3538 1736 3735 1792 corpus

492 1826 595 1871 tem
627 1817 950 1883 orationum,
1000 1832 1140 1871 nunc
1179 1817 1618 1887 postulationum,
1666 1827 1721 1874 et
1759 1835 1899 1875 nunc
1925 1836 2049 1891 gra-
2078 1804 2124 1863 Β
2153 1815 2454 1875 incurvam.
2513 1828 2577 1867 ac
2626 1813 2873 1868 sordibus
2923 1816 3235 1880 obscurare,
3298 1814 3537 1868 animum
3592 1826 3731 1865 maf-

490 1909 681 1961 tiarum
706 1908 972 1960 actionum
994 1904 1156 1976 puros
1179 1922 1241 1962 ac
1265 1907 1690 1963 ferventissimos
1714 1911 2056 1980 supplicatio-
2090 1980 2095 1989 ί

487 1995 570 2049 nis
595 1995 827 2048 variatus
853 1995 1062 2048 emittat
1092 1995 1334 2063 affectus.
1366 1996 1543 2054 Prima
1572 1998 1637 2050 ad
1677 1998 1795 2051 illos
1820 2000 2054 2066 peculia-

488 2086 600 2137 rius
624 2083 831 2137 videtur
873 2083 1162 2153 pertinere,
1203 2085 1291 2153 qui
1336 2085 1509 2139 adhuc
1550 2085 2052 2157 vitiorum‘suorum

488 2175 686 2229 aculeis
711 2190 772 2229 ac
806 2174 1060 2228 memoria
1109 2176 1499 2229 remordentur.
1552 2174 1795 2232 Secunda
1838 2178 1903 2232 ad
1936 2179 2052 2235 illos

487 2267 575 2335 qui
616 2266 666 2319 in
695 2265 932 2334 profectu
958 2263 1066 2333 jam
1097 2265 1321 2333 spiritali
1356 2266 1592 2335 appetitu
1632 2268 1887 2322 virtutum
1918 2284 2052 2338 qua-

487 2360 605 2414 dam
632 2360 824 2413 mentis
848 2357 1176 2413 sublimitate
1199 2358 1516 2412 consistunt.
1548 2357 1725 2411 Tertia
1753 2360 1816 2412 ad
1845 2375 1937 2415 eos
1963 2361 2050 2428 qui

485 2448 863 2518 perfectionem
886 2455 1127 2499 votorum
1154 2461 1369 2499 suorum
1398 2446 1649 2515 operibus
1677 2446 2081 2516 adimplentes,‘

488 2537 818 2593 intercedere
851 2552 946 2607 pro
985 2536 1103 2590 aliis
1142 2551 1353 2605 quoque
1381 2535 1808 2593 consideratione
1855 2539 2052 2609 fragili-

487 2629 611 2681 tatis
656 2643 840 2681 cornm
892 2627 1167 2683 cliaritatis
1216 2628 1388 2682 studio
1426 2638 1803 2697 provocantur.
1851 2629 2051 2697 Quarta

486 2718 551 2770 ad
582 2716 697 2769 illos
721 2717 831 2784 qui,
858 2714 967 2783 jam
998 2715 1193 2783 poenali
1224 2717 1565 2770 conscrentiae
1596 2718 1748 2785 spina
1783 2717 1849 2771 de
1874 2718 2051 2772 cordi-

488 2807 587 2859 bus
624 2805 793 2874 pulsa,
825 2795 1120 2875 singulares
1157 2803 1268 2871 jam
1316 2804 1709 2859 muniﬁcentias
1751 2806 1959 2860 Domini
1984 2822 2053 2861 ac

486 2893 879 2957 miserationes,
926 2906 1062 2961 quas
1101 2890 1183 2945 vel
1227 2892 1280 2944 in
1321 2884 1597 2961 praeterito
1640 2894 1845 2956 tribuit,
1888 2893 1967 2963 vel
2000 2895 2050 2948 in

485 2982 733 3052 prresenti
765 2982 1007 3051 largitur,
1036 2979 1118 3034 vel
1147 2988 1409 3049 prazparat
1438 2979 1492 3033 in
1520 2979 1720 3043 futuro,
1749 2989 1925 3035 mente
1958 2996 2053 3050 pu-

486 3071 699 3126 rissima
737 3074 1113 3131 retractantes,
1149 3067 1215 3119 ad
1246 3066 1391 3120 illam
1436 3067 1679 3137 ignitam,
1722 3076 1776 3121 et
1813 3083 1930 3135 qua:
1959 3082 2053 3123 ore

487 3161 762 3218 hominum
787 3175 884 3216 nec
911 3158 1287 3228 comprehendi
1325 3172 1421 3212 nec
1449 3159 1673 3227 exprimi
1703 3168 1897 3227 potest,
1926 3174 2050 3213 ora-

489 3254 683 3307 tionem
715 3250 1107 3305 ferventissimo
1148 3248 1308 3303 corde
1339 3257 1633 3319 raptantur.
1664 3249 2051 3319 Nonnunquam

486 3330 662 3397 tamen
713 3356 863 3395 mens
904 3356 1023 3409 qua:
1053 3340 1107 3393 in
1143 3338 1288 3393 illum
1323 3356 1507 3395 verum
1555 3340 1806 3408 puritatis
1845 3340 2053 3409 proﬁcit

486 3431 753 3492 affectum,
793 3440 952 3498 atque
1005 3430 1058 3482 in
1110 3444 1175 3483 eo
1211 3429 1437 3497 cmperit
1473 3428 1721 3493 radicari,
1761 3428 1896 3483 solet
1938 3431 2052 3484 haec

485 3524 658 3577 omnia
688 3521 846 3575 simul
880 3520 1186 3590 pariterque
1211 3521 1542 3590 concipiens,
1572 3521 1807 3589 atquein
1834 3520 2049 3574 modum

486 3612 753 3679 cujusdam
783 3608 1334 3678 incomprehensibilis
1354 3624 1417 3663 ac
1448 3610 1805 3679 rapacissima:
1825 3603 2068 3663 flammai

486 3711 679 3758 cuncta
706 3702 1049 3771 pervolitans,
1084 3699 1426 3755 ineffabiliter
1458 3702 1525 3755 ad
1563 3700 1731 3777 Deum
1763 3704 2006 3757 emittere
2035 3722 2048 3756 :

487 3800 632 3846 tanta
664 3790 867 3845 scilicet
896 3790 947 3843 in
977 3789 1119 3843 illius
1154 3791 1298 3844 horse
1345 3800 1613 3845 momento
1642 3793 1968 3864 concipiens,
2000 3804 2053 3850 et

484 3881 766 3938 clTabilitcr
813 3882 864 3934 in
906 3880 1290 3950 supplicatione
1329 3880 1675 3951 profundens,
1706 3893 1905 3951 quanta
1938 3900 2051 3950 non

486 3972 657 4048 dicam
710 3984 802 4023 ore
850 3982 1187 4037 percurrere,
1218 3970 1307 4022 sed
1352 3983 1417 4023 ne
1461 3969 1577 4039 ipsa
1627 3971 1841 4038 quidem
1880 3982 2054 4025 mente

489 4063 663 4117 valeat
692 4063 796 4116 alio
824 4070 1063 4130 tempore
1098 4060 1386 4114 recordari.

1066 4166 1290 4222 CAPUT
1326 4168 1462 4222 XIV.

758 4237 832 4291 De
860 4237 1218 4305 exomologesi,
1246 4237 1300 4290 id
1328 4247 1421 4302 est,
1452 4239 1786 4307 confessione.

559 4328 956 4396 Exomologesis
982 4328 1329 4399 ἐξομολόγησις
1373 4328 1561 4383 Graeco
1611 4330 1870 4386 vocabulo
1920 4332 2051 4386 diei-

489 4434 595 4487 tur,
623 4422 762 4493 quod
790 4420 975 4473 Latine
1008 4421 1272 4473 confessio
1314 4420 1712 4489 interpretatur.
1757 4422 1920 4490 Cujus
1950 4440 2048 4478 no-

490 4514 648 4569 minis
671 4512 862 4580 duplex
907 4510 1224 4579 significatio
1252 4521 1371 4575 est;
1408 4520 1499 4563 aut
1535 4513 1673 4565 enim
1705 4513 1757 4565 in
1789 4514 1945 4568 laude
1975 4515 2057 4567 in-

490 4602 748 4672 telligitur
776 4598 1059 4660 confessio,
1086 4600 1222 4652 sicut
1242 4608 1325 4653 est
1349 4618 1361 4651 :
1382 4597 1643 4667 Conﬁteor
1673 4602 1786 4667 tibi,
1819 4603 2062 4675 Domine,

492 4692 653 4746 Pater
677 4687 858 4741 cwlict
918 4696 1093 4749 teme,
1145 4694 1238 4738 aut
1285 4686 1642 4743 denudatione
1689 4701 2057 4758 peccatorum,

489 4798 608 4838 cum
633 4781 856 4848 quisque
886 4777 997 4845 Deo
1020 4778 1306 4831 conﬁtetur
1330 4794 1425 4831 sua
1461 4790 1675 4846 peccata
1702 4783 1769 4841 ab
1793 4797 1856 4838 eo
1884 4783 2060 4838 indu]-

491 4871 682 4939 genda,
728 4867 880 4936 cujus
918 4867 1235 4921 indeﬁcicns
1280 4875 1363 4920 est
1404 4871 1788 4925 misericordia.
1835 4872 1911 4926 Ex
1961 4875 2061 4927 hoc

492 4963 651 5033 igitur
698 4960 885 5014 (ἐτᾶςςο
933 4958 1189 5014 vocabulo
1230 4960 1547 5027 exprimitur
1590 4971 1644 5015 et
1692 4961 2059 5032 frequentatur

490 5050 889 5120 exomologesis,
927 5050 1068 5118 quod
1094 5048 1346 5102 delictum
1394 5061 1635 5104 nostrum
1682 5053 1903 5107 Domino
1932 5070 2056 5109 con-

492 5142 721 5203 ﬁtemur,
752 5154 857 5192 non
881 5138 1091 5206 quidem
1126 5147 1184 5191 ut
1204 5140 1408 5209 ignaro,
1436 5141 1585 5209 cujus
1612 5143 1900 5211 cognitioni
1930 5144 2059 5197 nihil

492 5229 760 5285 occultum
792 5237 891 5283 est.
921 5227 1069 5281 Unde
1094 5242 1190 5296 per
1211 5230 1525 5296 sapientiam
1552 5230 1748 5283 dicitur
1772 5249 1782 5282 :
1805 5229 1904 5294 Qui
1936 5232 2055 5283 abs-

494 5321 663 5375 condit
691 5318 884 5373 scetera
908 5334 1002 5371 sua
1030 5335 1129 5370 non
1154 5320 1424 5388 dirigetur,
1463 5321 1550 5387 qui
1595 5331 1764 5373 autent
1796 5321 2057 5390 confessus

493 5413 671 5475 fuerit,
725 5419 771 5461 et
820 5408 1081 5476 reliquerit
1127 5425 1224 5471 ea,
1277 5410 1682 5462 misericordiam
1727 5422 2061 5475 consequetur

497 5496 674 5562 (Prov.
721 5496 930 5566 xxvnl).
969 5495 1245 5550 Confessio
1293 5505 1374 5549 cst
1425 5498 1498 5549 rei
1541 5498 1745 5551 scilicet
1782 5497 1896 5565 ejus
1944 5514 2061 5566 qua:

496 5588 768 5653 ignoratur
797 5586 1043 5656 praefessa
1075 5587 1324 5656 cognitio.
1360 5586 1493 5639 Utile
1522 5587 1662 5640 enim
1690 5589 2058 5655 acjucundum

498 5676 772 5745 quisquam
802 5694 917 5730 esse
946 5678 1340 5729 rxistitnavernt
1389 5692 1594 5744 rapere,
1641 5679 1950 5743 aduiterari,
1984 5680 2063 5731 fn—

2156 1903 2369 1957 roribus
2392 1902 2636 1971 dejicere,
2675 1901 2764 1956 illa
2793 1918 2911 1972 qua:
2948 1904 3190 1973 peccavit
3223 1905 3365 1959 tristi
3412 1904 3733 1958 tractatione

2154 1986 2383 2046 mutare.

2742 2080 2967 2137 CAPUT
3018 2082 3131 2136 XV.

2786 2171 2861 2224 De
2884 2171 3101 2249 litaniis.

2224 2264 2442 2320 Litaniae
2487 2275 2664 2321 autem
2698 2267 2937 2324 λιτανείαι
2974 2265 3161 2321 Graeco
3204 2266 3419 2320 nomine
3461 2256 3734 2335 appellan-

2156 2360 2260 2418 tur,
2291 2370 2409 2424 quze
2453 2358 2641 2413 Latine
2676 2360 2929 2413 dicuntur
2971 2356 3291 2426 rogationes.
3346 2355 3489 2410 inter
3518 2344 3735 2411 litanias

2153 2459 2280 2498 vero
2306 2453 2362 2498 et
2388 2447 2781 2518 exornologesin
2810 2449 2911 2501 hoc
2936 2444 3131 2509 differt,
3162 2444 3303 2513 quod
3344 2445 3734 2515 exomologesis

2151 2544 2216 2586 ex
2243 2535 2353 2588 sola
2383 2537 2715 2592 confessione
2747 2546 3087 2607 peccatorum
3117 2538 3309 2607 agitur,
3362 2536 3561 2590 litanias
3602 2552 3734 2590 vero

2152 2629 2270 2694 quae
2297 2626 2603 2680 indicuntur
2631 2636 2847 2696 propter
2876 2626 3167 2697 rogandum
3200 2625 3503 2690 Dominum,
3529 2636 3583 2679 et
3624 2625 3730 2679 im-

2150 2715 2464 2783 petrandam
2520 2714 2751 2784 aliquam
2802 2715 2919 2785 ejus
2964 2714 3404 2768 misericordiam.
3452 2712 3735 2783 Supplica-

2155 2804 2314 2857 tionis
2344 2819 2545 2864 nomen
2576 2795 2967 2873 quodammodo
3010 2818 3150 2856 nunc
3176 2817 3240 2856 ex
3274 2802 3573 2873 gentilitate
3601 2802 3731 2855 reti-

2154 2899 2328 2944 netur.
2362 2891 2493 2944 Nam
2538 2891 2705 2956 ferite,
2750 2901 2839 2946 aut
2866 2892 3116 2963 legitima:
3140 2899 3296 2945 erant
3321 2891 3461 2960 apud
3494 2905 3606 2954 eos,
3637 2902 3738 2944 aut

2154 2980 2385 3039 indictae.
2420 2980 2643 3035 indictae
2683 2990 2861 3035 autem
2889 2981 3014 3051 quia
3042 2988 3327 3050 paupertas
3359 2980 3580 3049 antiqua
3618 2978 3733 3032 Ro-

2156 3086 2436 3126 manorum
2487 3088 2551 3128 ex
2598 3073 2881 3128 collatione
2935 3071 3292 3133 sacriﬁcabat,
3342 3078 3436 3123 aut
3484 3070 3619 3123 certi
3665 3071 3737 3124 de
3801 3062 3805 3067 ’

2154 3164 2309 3216 bonis
2363 3166 2754 3229 damnatorum.
2821 3162 2969 3216 Unde
3018 3160 3275 3229 supplicia
3319 3159 3574 3213 dicuntur
3606 3172 3737 3227 sup-

2152 3251 2491 3320 plicationes,
2522 3267 2641 3321 qua:
2670 3252 2883 3305 ﬁebant
2910 3251 2976 3305 de
3015 3249 3170 3304 bonis
3198 3262 3264 3302 ex
3297 3262 3581 3317 passorum
3606 3258 3737 3315 sup-

2149 3343 2329 3412 plicio.
2385 3342 2564 3397 Sacra:
2612 3343 2756 3396 enim
2810 3356 2895 3395 res
2942 3340 3007 3394 de
3062 3340 3221 3394 rebus
3272 3337 3734 3393 exsecrandorum

2152 3434 2364 3488 ﬁebant

2735 3520 2960 3576 CAPUT
3000 3518 3133 3573 XVI.

2429 3612 2504 3667 De
2530 3614 2834 3667 discretione
2861 3610 3113 3665 orationis
3141 3608 3445 3662 Dominicte.

2139 3730 2156 3760 ,-
2221 3702 2373 3771 Apud
2422 3701 2803 3771 evangelistam
2850 3699 3155 3752 Matthazum
3204 3704 3407 3765 septem
3442 3695 3738 3765 petitiones

2152 3791 2431 3847 Dominica
2477 3792 2752 3845 continere
2796 3778 3007 3843 videtur
3048 3788 3244 3861 oratio,
3292 3803 3518 3857 quarum
3560 3787 3738 3843 tribus

2139 3889 2353 3953 aeterna
2379 3888 2693 3949 poscuntur,
2726 3880 2947 3948 reliquis
2977 3888 3207 3947 quatuor
3233 3877 3570 3946 temporalia,
3609 3891 3737 3946 quae

2156 3980 2331 4023 tamen
2355 3977 2570 4038 propter
2608 3977 2805 4024 aeterna
2846 3968 3220 4037 consequenda
3249 3977 3373 4021 sunt
3403 3968 3734 4022 necessaria.

2156 4059 2285 4113 Nam
2310 4060 2449 4128 quod
2473 4058 2739 4113 dicimus:
2789 4055 3153 4124 Sanctiﬁcetu'r
3196 4072 3382 4109 nomen
3425 4067 3592 4120 tuum,
3633 4056 3737 4108 ad-

2156 4150 2323 4202 reniat
2357 4165 2567 4218 regnum
2590 4158 2756 4213 tuum,
2784 4148 2877 4216 ﬁat
2903 4148 3138 4202 voluntas
3169 4158 3260 4201 tua
3284 4147 3416 4200 sicut
3444 4149 3499 4199 in
3524 4145 3648 4200 ctelo
3678 4156 3736 4199 et

2154 4243 2205 4291 in
2228 4251 2384 4302 terra,
2427 4238 2566 4306 quod
2604 4253 2707 4291 non
2732 4238 2961 4292 absurde
2989 4238 3201 4306 quidem
3248 4237 3640 4295 intellexerunt,
3672 4238 3732 4289 in

2155 4312 2341 4398 spiritu
2374 4339 2425 4382 et
2454 4343 2677 4397 corpore
2704 4329 2923 4382 omnino
2964 4328 3079 4382 sine
3128 4328 3230 4380 ﬁne
3269 4326 3548 4380 retinenda
3578 4335 3732 4390 sunt,

2160 4433 2277 4487 quae
2305 4418 2391 4472 hic
2415 4418 2626 4486 quidem
2651 4418 2989 4483 inchoantur,
3017 4425 3069 4470 et
3094 4424 3567 4485 quantumcunque
3603 4430 3735 4485 pro-

2167 4508 2376 4561 ﬁcimus
2422 4516 2681 4577 augentur
2726 4507 2778 4559 in
2824 4508 3007 4570 nobis,
3056 4506 3289 4575 perfecte
3332 4508 3459 4561 iero
3513 4508 3566 4561 in
3620 4507 3731 4561 alia

2164 4601 2295 4664 vita,
2341 4603 2482 4669 quod
2535 4597 2855 4666 sperandum
2902 4607 3012 4663 est,
3044 4612 3253 4666 semper
3292 4599 3731 4667 possidebuntttr.

2164 4693 2317 4759 Quod
2360 4707 2489 4746 vero
2541 4689 2800 4745 dicimus:
2853 4686 3051 4741 Panem
3095 4699 3325 4741 nostrum
3364 4688 3731 4758 quotidianum

2163 4789 2232 4839 da
2261 4785 2405 4838 nobis
2430 4783 2602 4846 hodie,
2630 4790 2677 4836 et
2726 4780 2924 4834 dimitte
2974 4780 3119 4832 nobis
3150 4778 3562 4843 debita_nostra,
3593 4779 3732 4830 sicut

2161 4886 2208 4930 et
2239 4892 2331 4928 nos
2378 4874 2685 4927 dimittimus
2731 4871 3043 4925 debitoribus
3089 4871 3294 4933 nostris,
3341 4880 3389 4922 et
3439 4884 3501 4920 ne
3530 4868 3732 4938 inferas

2159 4983 2250 5020 nos
2272 4967 2325 5019 in
2358 4965 2705 5027 tentationcm,
2736 4963 2825 5016 sed
2866 4962 3026 5015 libera
3068 4977 3159 5014 nos
3200 4978 3233 5013 α
3267 4960 3424 5022 malo,
3456 4963 3581 5028 quis
3621 4976 3732 5013 non

2158 5054 2337 5106 videat
2378 5052 2441 5105 ad
2482 5052 2759 5121 praesentis
2784 5050 2905 5104 vita:
2950 5049 3292 5118 indigentiam
3322 5048 3635 5115 pertinere?
3667 5047 3731 5102 in

2157 5142 2246 5195 illa
2291 5143 2470 5209 utique
2514 5140 2619 5193 vita
2666 5148 2882 5199 acterna,
2931 5138 3017 5190 ubi
3066 5153 3162 5190 nos
3205 5150 3483 5202 speramus
3515 5151 3734 5204 semper

2159 5232 2470 5295 futuros,~et
2496 5230 2724 5283 nominis
2751 5229 2842 5283 Dei
2880 5225 3249 5288 sanctiﬁcatio,
3280 5233 3334 5280 et
3363 5240 3582 5295 regnum
3609 5224 3732 5293 ejus

2160 5330 2213 5374 et
2235 5320 2479 5373 voluntas
2500 5318 2614 5385 ejus
2638 5319 2689 5371 in
2715 5327 2896 5372 nostro
2923 5317 3111 5385 spiritu
3144 5323 3198 5369 et
3233 5330 3460 5384 corpore
3489 5314 3734 5383 perfecte

2160 5420 2319 5479 atque
2360 5408 2730 5463 immortaliter
2763 5406 3168 5475 permanebunt.
3202 5404 3362 5458 Panis
3394 5419 3523 5457 vero
3549 5404 3732 5471 quoti-

2161 5501 2349 5553 dianus
2378 5498 2495 5551 ideo
2522 5500 2711 5561 dictus,
2744 5496 2883 5564 quia'
2906 5496 2993 5549 hic
3023 5504 3105 5551 est
3130 5497 3464 5550 necessarius
3492 5502 3735 5562 quantus

2162 5593 2351 5643 anima:
2392 5591 2647 5657 caruique
2692 5591 3003 5645 tribuendus
3046 5599 3148 5655 est,
3200 5590 3311 5643 sive
3351 5586 3732 5656 Spiritualiter,

2163 5681 2272 5733 sive
2296 5680 2661 5747 corporaliter,
2687 5681 2796 5734 sive
2832 5689 3055 5749 utroque
3077 5679 3400 5748 intelligatur
3427 5678 3600 5731 modo.
3632 5676 3735 5735 Hic
