3958 6328
93 435 191 487 553

870 428 955 481 DE
992 422 1430 480 (ILERICOIHZM
1471 419 1965 485 INSTITUTiONE,
2007 420 2155 473 Ετίζ.
2206 450 2263 457 -
2304 422 2425 475 LIB.
2468 422 2528 475 ll.

3202 420 3309 476 δδι

89 543 354 598 estctiam
399 554 560 607 quam
604 538 867 607 poscimus
918 534 1181 595 remissio,
1228 532 1315 583 ubi
1364 541 1446 582 est
1475 529 1647 580 omnis
1678 534 1723 589 Α
1750 527 1888 578 enim
1935 534 2344 593 prosternuntur
2386 526 2534 587 vitia,
2578 527 2885 579 humiliatur
2923 542 3064 590 caro,
3115 527 3309 587 diaboli

90 628 397 685 conunissio
432 635 790 696 peccatorum.
839 624 935 679 llic
966 622 1285 677 tentationes
1325 633 1441 684 qum
1472 630 1567 668 nos
1591 614 1655 665 ad

90 720 419 789 peccandum
448 717 528 771 vel
572 716 811 771 alliciunt
844 714 927 769 vel
963 712 1257 782 impellunt,
1302 710 1386 762 hic
1428 707 1656 772 denique

94 810 291 863 maltnu
319 810 459 862 unde
486 808 729 876 cupimus
775 805 1008 866 liberari,
1042 804 1150 858 illic
1197 811 1375 856 autem
1404 797 1532 851 nihil
1562 798 1657 851 ho-

96 916 205 953 rum
240 908 340 953 est.
379 897 713 967 Evangelista
740 912 868 950 vero
904 893 1073 947 Lucas
1098 893 1150 945 in
1192 890 1428 945 oratione
1474 887 1654 940 Domi-

94 986 215 1042 niea'
236 988 521 1057 petitiones
552 1001 656 1039 non
698 994 921 1054 septem,
971 982 1064 1035 sed
1092 982 1323 1049 quinque
1352 978 1657 1046 complexus

91 1086 189 1138 est,
240 1090 343 1129 nec
387 1073 455 1128 ab
493 1075 607 1143 ipso
650 1074 832 1141 utique
881 1070 1223 1137 discrepavit,
1262 1068 1352 1121 sed
1391 1068 1657 1134 ([ItOtllO;'O

93 1168 193 1219 ista
212 1174 419 1233 septem
442 1170 566 1216 sunt
586 1161 947 1231 intelligenda,
970 1159 1081 1227 ipse
1104 1172 1197 1210 sua
1228 1155 1486 1209 brevitate
1512 1168 1657 1207 com-

95 1255 319 1309 tnonuit.
352 1253 549 1307 Nomen
580 1254 775 1321 quippe
806 1252 893 1303 Dei
946 1246 1308 1303 sanctificatur
1350 1244 1403 1296 in
1449 1243 1656 1312 spiritu,

94 1345 184 1399 Dei
209 1354 394 1398 autem
426 1358 645 1412 regnum
670 1343 721 1395 in
753 1341 930 1395 carnis
958 1338 1348 1393 resurrectione
1374 1346 1659 1390 venturum

91 1447 190 1490 est.
243 1435 544 1491 Ostendens
574 1447 699 1501 ergo
741 1430 915 1489 Lucas
946 1430 1153 1484 tertiam
1184 1428 1496 1497 petitionem
1533 1426 1661 1480 dua-

95 1542 208 1580 rum
260 1526 595 1594 superiorum
646 1535 763 1577 esse
810 1520 1203 1589 quodammodo
1266 1517 1655 1585 repetitionem,

96 1614 267 1683 magis
294 1629 413 1668 eam
456 1610 823 1681 pmmittendo
850 1610 975 1664 fecit
1020 1608 1279 1676 intelligi;
1334 1607 1523 1661 deinde
1549 1614 1658 1660 tres

96 1706 225 1760 alias
279 1704 517 1773 adjungit
560 1704 626 1757 de
676 1717 811 1772 pane
853 1700 1188 1771 quotidiano,
1233 1698 1299 1751 de
1350 1696 1660 1751 remissione

96 1804 461 1863 peccatorum,
486 1793 551 1847 de
577 1793 871 1845 tentatione
900 1788 1136 1841 vitanda.
1163 1788 1233 1841 At
1258 1801 1385 1841 vero
1407 1786 1548 1854 quod
1572 1784 1660 1838 ille

1760 624 2083 670 teutatncnta
2116 625 2416 671 vincuntur.

2299 725 2521 780 CAPUT
2565 724 2741 780 XVIII.

2000 793 2137 855 Quid
2163 802 2226 866 sit
2252 796 2385 854 inter
2414 796 2677 863 jejunium
2704 805 2751 848 et
2776 797 3065 849 stationem.

1825 884 2089 957 Jejunium
2116 894 2270 938 estet
2298 888 2623 954 parcimonia
2667 889 2861 953 victus,
2894 889 3316 961 abstinentiaque

1757 974 2018 1034 ciborum,
2070 974 2151 1025 cui
2208 989 2397 1027 nomen
2430 974 2651 1028 inditum
2681 985 2762 1030 est
2804 992 2868 1031 ex
2898 978 3127 1045 quadam
3171 989 3320 1046 parte

1758 1062 2019 1116 viscerqu
2050 1064 2189 1115 tenui
2235 1078 2446 1131 semper
2472 1073 2525 1118 et
2570 1081 2756 1131 vacua,
2809 1069 2949 1136 quod
3000 1068 3150 1137 vulgo
3186 1070 3322 1139 jeju-

1760 1168 1884 1204 num
1912 1164 2148 1206 vocatur.
2181 1153 2333 1208 Unde
2355 1152 2558 1221 jejunio
2602 1171 2794 1210 nomen
2836 1158 3322 1228 derivatum..un

1758 1242 1839 1295 sui
1898 1241 2071 1313 inedia
2133 1244 2337 1297 viscera
2398 1259 2565 1298 vacua
2618 1254 2672 1297 et
2737 1246 3007 1299 exinanita
3064 1249 3319 1302 existant.

1757 1331 2022 1400 Jejunium
2066 1340 2245 1385 autem
2290 1340 2343 1386 et
2385 1333 2545 1387 statio
2592 1334 2805 1387 dicitur.
2854 1332 3025 1389 Statio
3058 1344 3231 1390 autem
3258 1337 3326 1392 de

1758 1421 1975 1475 militari
2003 1422 2244 1491 exemplo
2271 1437 2463 1475 nomen
2513 1422 2736 1490 accepit,
2780 1438 2876 1492 pro
2903 1438 2968 1478 eo
3015 1424 3156 1493 quod
3181 1424 3325 1481 nulla

1758 1512 1939 1565 laatitia
1965 1512 2256 1565 obvenicns
2280 1513 2470 1566 castris
2490 1513 2774 1566 stationem
2797 1512 3021 1567 militum
3049 1514 3321 1570 rescindit.

1759 1601 1889 1655 Nam
1920 1602 2102 1655 laetitia
2128 1601 2365 1667 liberius,
2398 1602 2615 1656 tristitia
2659 1600 2936 1657 sollicitius
2989 1603 3328 1659 administrat

1758 1691 2111 1761 disciplinam.
2161 1691 2481 1747 Diseernunt
2534 1702 2714 1747 autem
2763 1693 2980 1764 quidam
3012 1694 3153 1748 inter
3188 1693 3328 1764 jeju-

1760 1782 1907 1835 nium
1938 1790 1992 1836 et
2017 1785 2323 1838 stationem.
2364 1783 2523 1858 Nam'
2537 1784 2798 1854 jejunium
2839 1783 3205 1840 indiﬂ'erenter
3229 1800 3325 1840 cu-

98 1884 147 1935 in
179 1882 371 1935 ultimo
406 1881 617 1949 posuit:
677 1877 779 1932 Sed
823 1878 986 1930 libera
1043 1892 1134 1929 nos
1162 1892 1194 1927 a
1229 1874 1386 1939 malo,
1438 1874 1535 1927 iste
1561 1887 1666 1926 non
1697 1864 1741 1922 Β
1762 1868 1981 1937 juslibet
2009 1872 2114 1925 diei
2144 1881 2227 1926 est
2256 1873 2599 1937 abstinentia,
2629 1888 2732 1926 non
2760 1887 2857 1943 per
2898 1873 3087 1942 legem,
3118 1873 3211 1927 sed
3238 1888 3327 1929 se-

96 1972 297 2041 posuit,
330 1979 389 2024 ut
420 1969 832 2039 intelligeremus
868 1966 935 2020 ad
982 1964 1109 2020 illud
1159 1965 1403 2034 superius
1431 1962 1572 2032 quod
1598 1963 1665 2016 de

96 2062 395 2117 tentatione
416 2060 615 2113 dictum
635 2066 715 2111 est
739 2057 1027 2127 pertinere.
1056 2055 1179 2109 Ideo
1219 2055 1411 2123 quippe
1439 2052 1533 2117 ait,
1576 2052 1665 2105 sed

98 2153 280 2217 libera,
335 2166 444 2205 non
496 2151 569 2203 ait
612 2158 660 2203 et
704 2148 887 2213 libera,
922 2156 1173 2215 tanquam
1200 2146 1513 2215 petitionem
1544 2158 1663 2197 esse

99 2244 497 2303 demonstrans,
525 2240 631 2294 noli
673 2240 796 2303 hoc,
831 2239 923 2292 sed
954 2239 1077 2301 hoc,
1118 2244 1175 2290 ut
1215 2236 1345 2290 sciat
1376 2234 1662 2303 unusquis—

99 2348 199 2401 que
230 2333 282 2384 in
311 2346 379 2385 eo
407 2346 463 2385 se
518 2328 743 2383 liberari.
779 2344 809 2382 a
844 2327 1003 2391 malo,
1056 2341 1163 2407 quo
1212 2341 1315 2380 non
1362 2323 1587 2379 infertur
1612 2324 1665 2377 in

102 2422 469 2477 tentationem.
500 2418 623 2472 Haec
649 2433 775 2487 ergo
803 2417 996 2481 oratio,
1039 2415 1163 2470 licet
1188 2429 1401 2469 omnem
1424 2414 1667 2467 videatur

100 2508 455 2579 perfectionis,
503 2504 1220 2579 plenitudinemicontinere
1248 2544 1262 2565 ,
1318 2510 1497 2571 utpote
1550 2516 1667 2570 qua:

101 2578 262 2669 ipsius
290 2598 500 2652 Domini
533 2597 852 2651 auctoritate
879 2578 961 2649 vel
992 2594 1199 2659 initiata
1234 2594 1305 2647 sit
1333 2592 1416 2648 vel
1445 2601 1666 2655 statuta,

100 2688 343 2757 pmvehit
368 2696 546 2740 tamen
577 2686 897 2741 domesticos
929 2699 1057 2739 suos
1094 2684 1161 2738 ad
1190 2684 1336 2737 illum
1365 2682 1663 2752 praecelsio—

103 2792 210 2829 rem
251 2790 412 2845 quem
432 2774 697 2843 superius
726 2774 1264 2829 commemdravimus
1291 2781 1511 2836 statum,
1543 2786 1667 2827 eos-

107 2878 208 2933 que
233 2863 299 2916 ad
331 2862 478 2916 illam
524 2863 732 2933 igneam
775 2878 840 2916 ac
866 2858 1147 2931 perpaucis
1175 2862 1442 2932 cognitam
1471 2860 1553 2915 vel
1578 2877 1669 2917 ex-

100 2960 332 3023 pertam,
362 2952 471 3006 imo
518 2955 600 3021 (ut
638 2951 790 3021 prius
830 2949 1090 3020 dixeram)
1122 2950 1440 3019 inelIabilem
1470 2952 1671 3005 oratio-

104 3057 221 3095 nem
251 3041 423 3111 gradu
452 3041 804 3095 eminentiore
839 3039 1103 3109 perducit,
1132 3054 1290 3107 quem
1332 3047 1526 3093 statum
1564 3039 1670 3094 Do-

104 3131 277 3184 minus
308 3144 539 3207 _quoque
590 3136 771 3183 noster
816 3130 1026 3184 illorum
1072 3128 1515 3199 supplicationum
1559 3128 1670 3184 for-

106 3220 264 3283 mula,
296 3204 434 3287 quas
478 3219 559 3273 vel
594 3219 740 3273 solus
780 3220 833 3272 in
866 3229 1046 3273 monte
1073 3219 1349 3282 secedens,
1396 3218 1477 3273 vel
1508 3220 1668 3273 tacite
1695 3188 1740 3255 Ω

105 3310 300 3363 fudisse
332 3309 671 3374 describitur,
703 3307 950 3363 similiter
990 3307 1254 3379 ﬁguravit,
1298 3310 1417 3383 cum
1461 3309 1514 3363 in
1541 3324 1667 3364 ora-

106 3399 263 3451 tionis
284 3398 478 3467 agonia
516 3399 837 3453 constitutus
864 3398 1022 3453 etiam
1050 3407 1227 3466 guttas
1268 3399 1540 3468 sanguinis
1565 3399 1666 3453 ini-

108 3489 330 3543 mitabili
363 3488 672 3542 intentionis
710 3487 945 3558 profudit
970 3488 1231 3558 exemplo.
1261 3488 1361 3557 Qui
1391 3490 1531 3545 enim
1561 3491 1673 3545 vult

108 3580 404 3633 orationem
428 3595 577 3633 suam
606 3580 671 3633 ad
698 3580 977 3634 Dominum
1000 3580 1197 3644 volare,
1239 3580 1399 3647 faciat
1427 3580 1498 3633 illi
1539 3580 1672 3634 duas

110 3672 239 3736 alas,
285 3670 551 3740 jejunium
576 3680 630 3725 et
660 3670 1070 3740 eleetnosynam,
1100 3678 1154 3723 et
1188 3670 1443 3725 ascendet
1486 3669 1674 3725 celeri-

111 3772 208 3827 ter,
237 3771 296 3817 et
318 3764 655 3818 exaudietur.
682 3762 948 3832 Jejunium
982 3776 1112 3833 ergo
1137 3778 1259 3816 cum
1285 3762 1528 3817 oratione
1559 3775 1675 3817 om-

110 3869 226 3907 nem
256 3855 514 3907 virtutem
544 3854 744 3907 inimici
775 3864 1017 3922 superat,
1043 3860 1097 3907 et
1123 3860 1370 3907 cunctam
1414 3850 1679 3921 protervi-

110 3951 267 3999 tatem
299 3944 419 4013 ejus
446 3945 682 4013 expellit,
730 3946 872 4014 quod
914 3946 1150 3999 ostendit
1194 3946 1246 3998 in
1276 3943 1551 4012 evangelio
1577 3943 1679 3997 Do—

110 4038 323 4103 minus;
354 4053 479 4092 cum
516 4037 741 4106 apostoli
780 4037 1056 4105 conquesti
1106 4037 1318 4090 fuerant
1362 4036 1502 4105 quod
1526 4035 1679 4089 luna-

110 4129 267 4183 ticum
296 4144 492 4183 curare
533 4142 639 4180 non
683 4134 949 4195 poterant,
995 4126 1066 4178 ita
1113 4125 1399 4194 respondet
1434 4125 1533 4179 eis.
1564 4123 1678 4184 Hoc

112 4229 278 4271 autem
328 4232 491 4287 genus
538 4226 639 4269 non
666 4216 903 4285 ejicietur
935 4206 1034 4269 nisi
1079 4215 1473 4284 perorationem
1518 4224 1565 4267 et
1588 4215 1676 4283 je-

107 4310 313 4376 junium
346 4306 565 4379 (Matth.
592 4306 744 4376 xvn).
776 4306 1157 4377 Elcemosynas
1178 4316 1355 4359 autem
1380 4306 1678 4359 orationem

114 4396 396 4451 confirmat
444 4385 696 4464 adjuvare
740 4395 876 4449 liber
931 4396 1097 4449 Actus
1142 4394 1521 4464 apostolorum,
1558 4408 1679 4447 cum

1765 1962 1996 2016 cundum
2022 1963 2293 2031 propriam
2320 1962 2665 2016 voluntatem.
2695 1960 2866 2016 Statio
2892 1961 3193 2017 observatio
3219 1971 3329 2016 sta-

1767 2064 2001 2110 tutorum
2027 2054 2234 2109 dierum
2281 2053 2365 2108 vel
2394 2060 2728 2122 temporum:
2770 2051 2995 2117 dierum,
3041 2061 3100 2106 ut
3125 2062 3330 2123 quarta:

1764 2143 1912 2198 feriae
1941 2152 1996 2199 et
2037 2152 2200 2198 sexta:
2242 2142 2389 2197 feria:
2420 2141 2680 2213 jejunium
2715 2156 2781 2197 ex
2824 2151 3004 2198 vetere
3045 2141 3160 2213 lege
3186 2159 3329 2213 pne-

1762 2242 1997 2303 ceptum,
2025 2234 2091 2288 de
2116 2248 2220 2302 qua
2265 2233 2494 2287 statione
2525 2233 2575 2286 in
2606 2232 2894 2303 Evangelia
2919 2230 3051 2287 dixit
3077 2231 3163 2297 ille
3190 2250 3202 2286 :
3233 2232 3327 2287 Je-

1755 2325 1900 2394 juno
1913 2324 1989 2378 bis
2019 2325 2083 2377 in
2106 2322 2320 2377 sabbato
2358 2322 2507 2393 (Luc.
2536 2322 2708 2394 xvnt),
2735 2323 2787 2377 id
2827 2331 2930 2389 est,
2962 2323 3015 2377 in
3042 2331 3234 2393 quarta
3275 2332 3332 2377 et

1765 2422 1917 2468 sexta
1948 2413 2157 2467 sabbati
2183 2428 2197 2476 ;
2250 2420 2550 2481 temporum
2600 2420 2778 2467 autem
2807 2426 2926 2482 quas
2952 2412 3207 2484 legalibus
3239 2420 3332 2467 aut

1764 2504 2095 2574 propheticis
2156 2504 2581 2558 institutionibus
2638 2503 2938 2571 terminatis
3007 2504 3331 2574 temporibus

1767 2605 1965 2653 statuta
2010 2604 2154 2661 sunt,
2190 2603 2249 2649 ut
2288 2593 2548 2663 jejunium
2597 2596 2795 2665 quarti,
2839 2594 3097 2665 jejunium
3138 2594 3329 2664 quinti,

1766 2684 2023 2755 jejunium
2052 2685 2286 2755 septimi,
2334 2694 2388 2739 et
2420 2682 2682 2755 jejunium
2710 2682 2938 2758 decimi;
2980 2685 3063 2741 vel
3111 2686 3249 2740 sicut
3278 2686 3333 2740 in

1766 2772 2056 2846 Evangelio
2077 2776 2192 2829 dies
2214 2774 2289 2829 illi
2319 2775 2371 2829 iu
2397 2776 2588 2844 quibus
2616 2773 2824 2854 ablatus
2847 2782 2930 2829 est
2957 2789 3182 2845 sponsus
3206 2791 3221 2840 ;
3250 2775 3333 2830 vel

1768 2869 1907 2923 sicut
1925 2869 2233 2937 observatio
2252 2868 2700 2937 Quadragesimae,
2724 2883 2841 2937 qua:
2862 2868 2912 2920 in
2933 2868 3184 2923 universo
3202 2868 3336 2922 orbe

1769 2957 2105 3012 institutione
2160 2957 2451 3026 apostolica
2489 2958 2807 3012 observatur
2853 2958 2999 3012 circa
3047 2955 3336 3013 confinium

1772 3048 2061 3113 Dominica:
2086 3047 2370 3118 passionis.
2756 3103 2760 3106 .

2361 3138 2585 3195 CAPUT
2615 3138 2753 3194 XIX.

1772 3228 1852 3283 De
1876 3228 2081 3299 jejunio
2109 3216 2308 3298 quarti,
2342 3230 2541 3301 quinti,
2587 3231 2788 3300 septimi
2824 3239 2872 3283 et
2903 3229 3088 3284 decimi
3126 3230 3332 3285 mensis.

1842 3314 2107 3384 Jejunium
2136 3330 2263 3387 ergo
2289 3316 2466 3385 quarti
2492 3325 2573 3371 est
2612 3317 2666 3371 in
2696 3331 2879 3372 mense
2920 3316 3077 3382 Julio,
3107 3308 3335 3387 septima

1774 3407 1980 3461 decima
2042 3406 2127 3460 die
2171 3406 2370 3461 mensis
2424 3405 2659 3473 ejusdem
2694 3446 2708 3471 ,
2754 3403 2967 3475 quando
3010 3409 3339 3463 descendens

1774 3496 1981 3567 Moyses
2004 3497 2072 3551 de
2094 3504 2272 3552 monte
2295 3496 2503 3551 tabulas
2528 3496 2945 3568 legis‘confregit
2968 3515 2983 3563 ;
3014 3498 3066 3552 in
3083 3512 3150 3553 eo
3173 3499 3339 3563 etiam

1775 3588 1859 3641 die
1886 3586 2372 3642 Nabuchodonosor
2394 3590 2542 3643 urbis
2564 3586 2858 3644 Jerusalem
2894 3589 3127 3659 primum
3152 3605 3338 3645 muros

1776 3676 2055 3729 destruxit.
2088 3676 2210 3730 Dies
2248 3675 2435 3745 jejunii
2469 3677 2638 3745 quinti
2684 3677 2737 3731 in
2763 3691 2946 3731 mense
2971 3668 3209 3748 Augusto
3234 3688 3337 3743 est,

1777 3766 1990 3833 quando
2014 3780 2111 3835 pro
2154 3765 2578 3834 speculatoribus
2612 3767 2677 3819 ad
2699 3774 2899 3821 terram
2940 3775 3180 3821 sanctam
3210 3769 3339 3822 mis-

1779 3856 1881 3921 sis,
1904 3854 2093 3910 seditio
2121 3855 2175 3909 in
2209 3856 2400 3936 castris
2442 3853 2785 3910 Hebneorum
2816 3865 3013 3921 exorta
3034 3840 3145 3923 est,
3174 3865 3230 3912 et
3258 3856 3341 3911 fa-
3422 3879 3430 3885 ε
3492 3923 3499 3933 ἢ

1780 3956 1923 4000 ctum
1951 3954 2033 4001 est
2061 3954 2119 3999 ut
2139 3959 2236 4015 per
2259 3946 2528 4000 desertum
2557 3945 2912 4016 quadraginta
2940 3961 3109 4001 annos
3134 3947 3344 4002 discur-

1780 4043 1961 4090 rerent
2001 4035 2286 4099 laboriose,
2314 4042 2369 4089 et
2412 4034 2464 4087 in
2495 4035 2651 4089 annis
2688 4026 3043 4107 quadraginta
3084 4037 3136 4092 in
3162 4051 3347 4092 eremo

1780 4139 1969 4179 omnes
1996 4126 2253 4193 perirent.
2302 4124 2580 4194 Siquidem
2620 4134 2677 4179 et
2717 4126 2771 4180 in
2802 4141 2866 4180 eo
2892 4140 3073 4181 mense
3098 4142 3129 4181 a
3162 4125 3344 4181 Nabu-

1781 4216 2132 4278 chodonosor,
2182 4223 2235 4267 et
2286 4215 2449 4268 multo
2479 4223 2598 4284 post
2644 4224 2935 4285 tempores
2965 4216 3177 4272 Caesare
3224 4217 3347 4273 Tito

1782 4305 2035 4374 templum
2062 4320 2307 4360 eversum
2354 4315 2437 4359 est
2485 4315 2645 4375 atque
2678 4321 3016 4373 succensum,
3071 4316 3127 4362 et
3170 4308 3223 4361 in
3245 4322 3343 4377 op-

1782 4396 2055 4465 probrium
2089 4394 2261 4465 gentis
2299 4395 2857 4462 perdiue‘exaratum.
2891 4397 3012 4451 Dies
3045 4395 3235 4465 jejunii
3264 4412 3349 4452 se-

115 4495 293 4538 narrat
312 4485 564 4554 angelum
592 4482 842 4538 Cornelio
868 4484 1165 4537 centurioni
1195 4484 1263 4536 ita
1286 4482 1483 4536 dixisse
1508 4498 1522 4535 :
1547 4480 1677 4535 Cor-
1708 4521 1758 4578 Β
1784 4486 1954 4555 ptimi,
1986 4486 2038 4538 in
2064 4485 2291 4553 septimo
2322 4500 2507 4565 mense
2530 4494 2633 4551 est,
2659 4487 2748 4559 qui
2781 4487 3076 4556 appellatur
3104 4487 3346 4558 Septem-

56 4594 57 4629 ;
117 4577 231 4639 neti,
269 4578 535 4630 orationes
556 4587 659 4630 tute
687 4587 733 4629 et
768 4576 1101 4646 eleemosyna:
1127 4587 1231 4629 tute
1258 4577 1599 4629 ascenderunt
1626 4576 1679 4627 in

56 4646 59 4737 ί
118 4682 436 4736 conspectum
466 4665 675 4718 Domini
723 4665 959 4736 (Λεία).
1010 4665 1114 4721 Sed
1170 4666 1317 4734 prius
1343 4665 1408 4719 de
1456 4663 1678 4733 jejunio,

117 4762 289 4822 postea
345 4755 415 4807 de
462 4753 812 4823 eleemosynis
845 4754 1100 4809 dicemus.
1148 4754 1277 4820 Quis
1328 4754 1470 4807 enim
1504 4754 1681 4823 parci-

119 4847 343 4899 moniam
376 4845 726 4913 nonlaudet,
756 4846 843 4915 qui
897 4847 1082 4899 recolit
1132 4846 1289 4915 primi
1343 4846 1573 4899 hominis
1604 4845 1681 4897 la-

118 4932 260 5003 psum
288 4948 385 5004 per
414 4934 550 5002 gulae
586 4936 875 5003 appetitum
918 4934 1217 4988 accidisse?
1263 4949 1383 5003 qurs
1423 4931 1683 5000 jejunium

80 5032 216 5094 inoo
242 5026 519 5094 przedicct,
556 5027 643 5094 qui
672 5024 818 5077 novit
858 5024 1243 5092 proteplastmn
1285 5032 1556 5090 parentem
1599 5036 1693 5075 no—

122 5124 281 5168 strum
314 5130 415 5184 per
440 5130 591 5169 esum
621 5114 841 5177 victum,
875 5123 928 5166 et
958 5112 1287 5167 Salvatorem
1320 5110 1689 5179 perjejitnium

122 5204 381 5260 diabolum
414 5204 645 5260 vicisse?

700 5338 923 5394 CAPUT
970 5337 1123 5391 XVII.

730 5448 807 5501 De
839 5449 1067 5518 jejunio.

112 5598 113 5601 η
192 5580 454 5648 chunium
489 5593 572 5633 res
598 5588 678 5632 est
720 5590 927 5643 sancta,
972 5594 1107 5650 opus
1148 5577 1387 5639 cmleste,
1413 5576 1576 5649 janua
1607 5589 1689 5628 re-

130 5670 229 5735 gni,
260 5669 429 5723 forma
471 5666 652 5720 futuri.
682 5668 829 5733 Quod
871 5669 960 5737 qui
991 5677 1174 5721 sancte
1202 5667 1329 5733 agit,
1382 5665 1486 5719 Deo
1506 5665 1686 5734 jungi-

133 5769 227 5821 tur,
256 5761 523 5813 alienatur
580 5761 793 5822 mundo,
850 5760 1105 5827 spiritalis
1151 5756 1396 5811 edicitur.
1455 5754 1685 5809 Per'ltoc

1786 4578 1911 4639 bris,
1940 4577 1989 4629 in
2014 4591 2119 4644 quo
2146 4576 2355 4629 occisus
2374 4586 2456 4630 est
2484 4575 2685 4640 Golias,
2706 4584 2755 4630 et
2785 4578 2973 4645 reliqui
2999 4578 3266 4647 quierant
3292 4581 3346 4633 in
3398 4574 3401 4577 ’

1785 4667 2078 4722 Jerusalem
2111 4666 2376 4721 interfecti
2401 4676 2543 4731 sunt,
2569 4664 2722 4735 juxta
2752 4668 2903 4739 quod,
2931 4668 3165 4738 loquitur
3192 4661 3345 4725 πετε-

1789 4762 1922 4815 mias
1947 4760 2155 4831 (Jerem.
2180 4759 2383 4830 xxxvi).
2417 4760 2541 4813 Dies
2553 4759 2738 4829 jejunii
2766 4759 2957 4813 decimi
2985 4769 3067 4819 est
3088 4761 3139 4813 in
3166 4776 3348 4815 mense

1790 4852 2013 4915 decimo,
2047 4852 2137 4920 qui
2184 4851 2320 4920 apud
2350 4866 2447 4904 nos
2502 4858 2723 4905 vocatur
2770 4840 3081 4912 December,
3133 4854 3348 4921 quando

1793 4947 2155 5010 COgnoverunt
2202 4940 2377 4994 cuncti
2416 4938 2689 5008 Babylonii
2740 4938 2878 5006 capti
2933 4939 3121 5006 quinto
3168 4955 3351 4994 mense

1796 5033 2047 5101 templum
2078 5031 2241 5085 fuisse
2267 5032 2613 5092 destructum,
2642 5040 2695 5081 et
2716 5028 2955 5081 fecerunt
2980 5030 3245 5098 planctum
3271 5042 3352 5083 at-

1794 5142 1896 5193 que
1918 5124 2197 5193 jejunium.
2232 5121 2354 5174 Haec
2382 5121 2721 5173 beatissimus
2749 5119 3099 5189 Hieronymus
3124 5121 3175 5172 in
3202 5133 3350 5172 con:-

1795 5216 2069 5269 mentariis
2104 5211 2373 5265 Zachariae
2414 5210 2647 5278 scripsit.
2708 5209 2813 5263 Sed
2842 5210 2966 5277 quia
2997 5210 3107 5263 haec
3150 5207 3350 5278 jejunis

1796 5304 1963 5373 magis
1994 5304 2044 5355 in
2073 5299 2246 5355 Veteri
2278 5298 2620 5351 Testamento
2648 5313 2807 5365 quam
2836 5298 2888 5350 in
2911 5296 3057 5351 Novo
3084 5296 3351 5350 celebrata

1790 5403 1935 5455 sunt,
1960 5408 2024 5444 ne
2051 5390 2262 5459 penitus
2290 5389 2377 5441 illa
2425 5388 2829 5458 praatermisisse
2875 5386 3177 5440 videremur
3204 5382 3352 5453 (quia

1792 5490 1841 5541 in
1869 5485 2126 5555 pmphcta
2167 5481 2429 5535 Zacharia
2462 5488 2878 5535 commemorata
2924 5476 3066 5547 sunt)
3115 5474 3353 5530 breviter

1790 5577 2182 5639 adnotavimus,
2211 5575 2277 5629 ad
2310 5573 2437 5629 Novi
2465 5571 2789 5629 Testamenti
2808 5568 3007 5641 jejunia
3035 5567 3350 5638 exponenda

1786 5676 2140 5724 transeuntes.
