3958 6342
500 388 610 449 $35

654 508 657 511 ’
1101 479 1323 540 CAPUT
1376 474 1494 530 XX.

883 580 959 635 De
986 566 1424 650 quadragesimali
1453 561 1681 634 jejunio.

525 750 527 753 τ
574 675 814 732 Primum
837 664 980 727 enim
996 636 1255 736 jejunium
1287 649 1717 726 Quadragesima‘.
1737 650 1840 706 est,
1871 636 2014 708 quod
2036 652 2068 690 a

1275 747 1335 753 --
1417 744 1460 753 ,,
1515 738 1565 753 ,,
1746 739 1790 753 Α,
1838 729 1967 753 ,ΝΜ
2017 733 2068 753 Α.

391 772 396 776 ’
492 750 775 839 ,veteribus
800 762 950 817 libris
976 729 1142 827 empit
1178 768 1242 808 ex
1268 744 1469 820 jejunio
1513 737 1710 808 Moysis
1739 739 1796 788 et
1838 729 1988 791 Elim,
2016 733 2073 780 et

504 856 572 918 ex
603 853 910 925 Evangelio,
941 815 1079 919 quia.
1094 815 1331 900 totidem
1363 833 1552 924 diebus
1576 819 1835 882 Dominus
1858 815 2067 890 jejuna-

508 905 572 918 ..-
603 905 909 925 _.__-°--__,
959 905 974 919 _

504 951 604 1020 ,vit,
631 934 1003 1003 demonstrans
1031 916 1378 1001 Evangelium‘
1406 936 1512 976 non
1564 911 1849 971 dissentire
1870 923 1909 971 ο
1939 905 2072 974 'lege

919 1030 977 1101 in
1021 997 1247 1096 persona
1275 1014 1470 1084 quippe
1515 998 1682 1076 Moysi
1714 1001 1824 1102 les,
1864 997 1917 1051 in
1946 1008 2071 1079 per-

511 1089 641 1188 sonra
668 1089 794 1183 Fjlire
818 1089 1085 1194 propincus
1112 1108 1466 1178 accipiuntur;
1491 1100 1633 1171 inter
1656 1106 1791 1164 quos
1811 1089 1867 1144 in
1896 1091 2076 1163 monte

512 1200 757 1281 Christus
785 1178 1046 1288 gloriosus
1074 1199 1338 1275 apparuit,
1373 1202 1432 1249 ut
1476 1178 1775 1247 evidentius
1812 1179 2078 1237 emineret

516 1270 757 1385 iiii};
784 1270 872 1361 illo
908 1299 1037 1355 dicit
1069 1270 1388 1363 Apostolus:
1417 1278 1786 1338 Testimtmium
1822 1270 2015 1326 habens
2043 1281 2077 1319 a

516 1365 694 1474 llege'et
731 1390 1008 1468 prophetis.
1048 1387 1106 1441 lu
1135 1396 1240 1453 qua
1279 1392 1407 1448 ergo
1431 1379 1585 1446 parte
1615 1365 1742 1423 anni
1784 1371 2080 1432 congruen-

518 1445 620 1474 ’νυν
648 1445 692 1455 ν·
731 1445 777 1468 r'
798 1445 847 1465 'r
877 1445 883 1447 ν
1153 1445 1170 1453 -
1347 1445 1367 1448 -
1436 1445 1439 1446 ,

518 1496 622 1550 tius
670 1482 973 1558 observatio
1019 1470 1446 1545 Quadrages‘ima:
1500 1459 1936 1518 constitueretur,
1977 1445 2080 1501 nisi

518 1580 745 1642 conﬁnis
772 1548 929 1644 atque
975 1566 1222 1639 contigua
1270 1548 1558 1616 Dominicis
1608 1542 1895 1629 passionis,
1956 1540 2081 1623 quia

520 1618 745 1642 ιαμ-...η
772 1618 929 1644 ...νη
978 1618 1152 1639 ,νην
1609 1618 1627 1621 _

520 1674 573 1728 in
596 1687 657 1727 ea
679 1666 1003 1740 signiﬁcatur
1024 1660 1139 1713 haec
1168 1654 1277 1707 vita
1307 1641 1610 1703 laboriosa?
1637 1638 1733 1695 Cui
1759 1625 1922 1692 etiam
1951 1618 2085 1699 opus

527 1769 613 1817 est
643 1719 987 1815 conutinentia,
1019 1756 1079 1801 ut
1121 1745 1189 1807 ab
1238 1740 1405 1810 ipsius
1434 1731 1615 1790 mundi
1647 1723 1913 1782 illecebris
1944 1719 2083 1793 jeju-

526 1863 731 1912 nemus,
758 1826 998 1899 viventes
1023 1839 1077 1892 in
1104 1834 1215 1891 sola
1242 1844 1460 1890 manna,
1497 1823 1551 1877 id
1573 1828 1656 1875 est
1694 1818 1750 1871 in
1779 1811 2087 1869 cmlestibus

525 1933 992 2011 spiritualibusque
1018 1921 1319 1996 prmceptis.
1353 1916 1583 1970 Numero
1632 1915 1811 1961 autem
1851 1900 2084 1972 quadra-

530 1989 697 2011 -τ---η
909 1989 921 1999 .
1020 1989 1036 1996 -
1198 1989 1208 1991 ἡ

530 2027 750 2103 genario
780 2023 887 2076 vita
914 2021 1011 2073 ista
1037 2022 1319 2085 propterea
1360 2006 1641 2074 ﬁguratur,
1670 1996 1794 2065 quia
1835 1989 2088 2046 denarius
2144 2058 2145 2061 η

527 2085 608 2175 έει
648 2110 905 2185 perfectio
946 2097 1290 2159 beatitudinis
1340 2102 1556 2160 nostrae.
1604 2087 1862 2141 Creatura
1909 2085 2099 2132 autem.

442 2219 447 2225 '
526 2167 829 2276 septenario
859 2196 1136 2267 ﬁguratur,
1167 2200 1285 2258 quas
1314 2182 1547 2236 adhaeret
1587 2170 1856 2233 Creatori,
1903 2167 1957 2220 in
1985 2176 2092 2233 quo

1300 2274 1306 2276 .
1577 2266 1588 2276 .
1650 2256 1653 2261 ι
1772 2274 1797 2276 π
1838 2254 2089 2276 ψηλη

531 2254 831 2351 derclaratur
858 2254 1034 2347 unitas
1065 2254 1342 2335 Trinitatis
1366 2285 1463 2341 per
1500 2256 1809 2323 universum
1837 2254 2093 2312 mundum

530 2380 901 2455 temporaliter
922 2369 1254 2430 annuntiata.
1306 2365 1371 2419 Et
1398 2360 1522 2430 quia
1573 2354 1835 2411 mundus—
1864 2354 2096 2418 quatuor

532 2430 707 2531 ventis
734 2464 1073 2527 describitur,
1108 2468 1162 2515 et
1202 2442 1813 2527 a.quatuor‘elementis
1850 2430 2094 2509 erigitur,

531 2573 589 2621 et
617 2576 649 2617 a‘
668 2567 898 2635 quatuor
922 2554 1046 2632 apni
1071 2559 1369 2617 temporum
1399 2540 1606 2596 vicibus
1628 2534 1888 2595 variatur,
1917 2528 2099 2582 decem

534 2629 723 2728 quater
768 2630 925 2705 ducta
964 2629 1019 2698 in
1074 2636 1426 2710 quadraginta
1472 2629 1946 2685 consummantur:
1996 2630 2102 2686 quo

535 2710 759 2803 numero
793 2736 1091 2795 ostenditur
1118 2732 1185 2785 ab
1226 2728 1372 2783 omni
1409 2734 1706 2793 temporum
1754 2711 2107 2771 delectatione
2140 2710 2149 2721 ‘

538 2832 912 2894 abstinendum
941 2836 996 2882 et
1015 2822 1360 2896 jejunandum
1386 2830 1523 2878 esse,
1563 2818 1631 2865 et
1656 2795 1803 2863 caste
1830 2801 2108 2857 continen-

541 2943 728 3001 terque
747 2894 1048 2984 vivendum,
1070 2920 1198 2974 licet
1216 2924 1271 2970 et
1290 2911 1430 2967 aliud
1452 2901 1776 2963 sacramenti
1796 2894 2111 2968 mysterium

541 2982 858 3091 exprimitur
884 3013 940 3067 in
982 2982 1115 3091 hoc,
1136 3002 1279 3073 quod
1302 2994 1659 3070 quadraginta
1706 2988 1896 3043 diebus
1922 2982 2112 3038 eadem

540 3074 743 3186 jejimia
772 3078 1129 3160 celebrantur.
1181 3095 1323 3162 Lege
1348 3088 1491 3146 enim
1520 3082 1749 3140 Mosaica
1792 3074 2113 3150 generaliter

546 3161 796 3256 nniverso
819 3190 1012 3264 populo
1040 3194 1122 3242 est
1140 3161 1484 3255 prmceptum,
1511 3173 1748 3230 decimas
1773 3175 1831 3223 et
1846 3161 2111 3236 primitias

544 3290 741 3349 oil'erre
772 3250 996 3340 Domino
1037 3250 1168 3331 Deo:
1209 3266 1391 3340 itaque
1437 3279 1559 3322 cum
1594 3263 1648 3316 in
1697 3260 1799 3314 hac
1841 3250 2110 3310 sententia

548 3376 809 3453 principia
865 3370 1194 3439 voluptatum
1250 3350 1842 3417 consummationesque
1888 3351 2113 3412 operum

989 3425 1007 3439 _

550 3425 853 3523 nostrorum
904 3456 1107 3513 referre
1139 3450 1206 3505 ad
1248 3446 1341 3502 Dei
1388 3442 1613 3513 gratiam
1656 3435 2029 3494 admonemur,
2059 3425 2147 3488 in.

553 3549 925 3625 supputatione
960 3552 1136 3598 tamen
1165 3532 1591 3607 quadragesimae
1632 3536 1843 3579 summa
1891 3519 1996 3573 ista
2036 3514 2117 3570 le-

554 3605 675 3625 "rr
698 3605 704 3606 ν
766 3607 770 3611 -
1184 3605 1199 3607 _

464 3718 473 3721 ι
555 3642 753 3713 galium
779 3632 1107 3693 decimarum
1128 3625 1392 3696 expletur.
1421 3618 1615 3672 Totum
1653 3612 1797 3667 enim
1824 3605 1951 3661 anni
1980 3611 2120 3665 tem-

1560 3707 1593 3721 "
1624 3704 1657 3721 θ’
1680 3719 1709 3721 ~~
1726 3708 1843 3721 —‘--—
1906 3694 2086 3721 -..ιιι-η
2110 3720 2117 3721 κ

551 3751 652 3808 pus
682 3732 897 3801 triginta
939 3738 1034 3780 sex
1060 3694 1265 3777 dierum
1301 3723 1522 3768 numero
1544 3704 1864 3761 decimatur.
1904 3694 2142 3757 subtras

1356 3803 1388 3808 --
1427 3802 1441 3808 -
1572 3798 1649 3808 κ.
1708 3795 1719 3806 .
1935 3784 2122 3808 ,ηειη

554 3784 651 3808 τ..
684 3784 799 3801 "-0

546 3816 655 3885 ~etis
678 3824 818 3881 enim
841 3836 870 3876 e
902 3810 1313 3886 Quadragesima
1340 3802 1527 3858 diebus
1572 3792 1883 3855 Dominicis,
1930 3784 2126 3856 quibus

448 3984 451 3985 ν
492 3922 497 3927 ’
553 3910 756 3992 jejunia
794 3878 1149 3967 resolvuntur,
1180 3882 1483 3955 bis’diebus
1519 3888 1675 3959 quasi
1704 3897 1802 3954 pro
1834 3878 1998 3934 totius
2028 3889 2122 3928 an-

561 4009 615 4065 ni
662 4003 883 4061 decimis
929 3998 993 4053 ad
1043 3990 1323 4049 ecclesiam
1372 3978 1766 4038 concurrimus,
1805 3976 2125 4033 actuumque

563 4105 867 4153 nostrorum
892 4084 1255 4157 operationem
1301 4076 1409 4128 Deo
1445 4072 1498 4125 in
1521 4066 1750 4122 hostiam
1788 4054 2127 4141 jubilationis

563 4187 854 4249 oderimus,
902 4146 1053 4247 cujus
1091 4169 1303 4242 quidem
1355 4157 1785 4231 Quadragesimae
1810 4151 1925 4220 lege
1968 4146 2130 4219 (sicut

564 4280 642 4332 ait
693 4238 877 4329 noster
899 4238 1204 4331 Cassianus)
1239 4256 1436 4327 quique
1478 4246 1699 4321 perfecti
1746 4252 1870 4300 sunt
1897 4238 2127 4309 quodam

566 4368 723 4425 modo
745 4378 851 4419 non
879 4364 1147 4415 tenentur,
1171 4363 1268 4404 nec
1296 4338 1473 4415 exigui
1500 4340 1658 4409 hujus
1686 4332 1911 4390 canonis
1951 4326 2128 4397 subje-

567 4460 742 4516 ctione
769 4446 1005 4511 contenti
1046 4450 1187 4498 sunt.
1219 4438 1388 4505 Quem
1433 4428 1729 4509 pncsertini
1776 4422 1879 4477 illis
1914 4418 2005 4488 qui
2034 4430 2130 4485 per

569 4562 740 4608 totum
771 4543 895 4601 anni
918 4536 1149 4610 spatium
1179 4520 1384 4589 deliciis
1418 4540 1483 4579 ac
1522 4518 1749 4592 negotiis
1790 4511 2134 4570 saecularibus

572 4640 913 4710 implicantur
946 4600 1297 4684 ecclesiarum
1323 4616 1589 4687 principes
1617 4612 1938 4667 statuerunt,
1966 4608 2023 4655 ut
2049 4600 2132 4654 vel

706 4723 859 4795 legali
881 4716 1108 4791 quodam
1132 4709 1289 4766 modo
1311 4707 1513 4759 dierum
1538 4700 1661 4753 vitae
1684 4709 1815 4759 suae,
1839 4704 1975 4763 quos
1998 4696 2139 4743 totos

576 4822 726 4893 quasi
757 4798 1241 4887 fructusquosdam
1267 4799 1494 4861 inerant
1542 4786 1801 4849 voraturi,
1829 4782 1973 4840 velut
1999 4778 2143 4835 deci-

582 4927 695 4969 mas
725 4906 949 4964 Domino
972 4898 1296 4955 dedicarem.

1156 4976 1379 5038 CAPUT
1418 4970 1555 5028 XXI.

994 5114 997 5117 η
1046 5076 1116 5128 De
1132 5070 1330 5141 jejunio
1361 5063 1710 5118 Pentecostes.
2090 5106 2093 5109 ,

658 5171 959 5232 Secundum
983 5164 1237 5233 jejunium
1270 5165 1371 5220 est,
1405 5150 1546 5222 quod
1574 5148 1726 5221 juxta
1754 5156 1987 5200 canones
2025 5146 2147 5210 post

583 5271 936 5325 Pentecosten
976 5231 1075 5309 alia
1120 5252 1204 5304 die
1250 5247 1551 5304 inchoatur,
1595 5235 1886 5296 secundum
1920 5231 2063 5303 quod
2093 5236 2148 5283 et

586 5358 792 5426 Moyses
818 5351 926 5405 ait:
980 5339 1052 5399 In
1076 5341 1221 5395 initio
1250 5334 1437 5389 mensis
1484 5327 1746 5384 ordinaris
1782 5323 1985 5393 facietis
2008 5318 2147 5375 vobis

589 5413 932 5506 neb'domadas
962 5446 1151 5506 septem
1178 5426 1370 5501 (Exod.
1418 5418 1624 5489 νέκυν).
1676 5419 1789 5473 Hoc
1812 5413 2073 5486 jejunium
2116 5424 2148 5463 a

590 5538 854 5612 plerisque
881 5546 946 5586 ex
974 5503 1286 5581 auctoritate
1312 5511 1577 5580 Evangelii
1600 5516 1716 5578 post
1738 5503 1946 5560 Domini
1967 5514 2154 5554 ascen-

594 5592 663 5612 r~
772 5592 787 5605 .

594 5634 795 5685 sionem
847 5620 1177 5691 completur,
1230 5609 1592 5667 testimonium
1643 5600 1771 5655 illud
1816 5592 2154 5651 Dominicum

596 5716 940 5778 bistorialiter
964 5684 1286 5779 accipientes
1315 5698 1404 5754 ubi
1442 5694 1570 5752 dicit
1595 5710 1607 5744 :
1660 5684 1910 5757 Nunquid
1939 5689 2153 5753 possunt

1138 373 1201 427 Β.
1239 362 1492 425 RABANI
1528 353 1747 417 MAURI
1781 345 2094 435 ARCHIEP.
2133 340 2437 400 HOGUNT.
2476 325 2756 396 OPERUSI
2792 331 2969 401 PARS
3002 332 3044 388 ι.
3126 392 3129 411 ἦ

2099 460 2145 517 Α
2172 450 2268 521 ﬁlii
2290 448 2464 519 sponsi
2491 445 2662 515 lugere
2700 438 2930 514 quandiu
2958 433 3204 491 cumillis
3243 441 3315 487 est
3341 425 3602 503 sponsus!
3634 423 3735 479 Vs-

2138 2264 2141 2265 '
2194 2249 2363 2321 xxiv).

3625 320 3731 379 336

2166 540 2305 594 nient
2334 546 2508 592 autem
2528 535 2636 589 dies
2657 538 2772 585 cum
2794 526 3068 597 auferetur
3095 526 3159 579 ab
3174 524 3247 579 eis
3272 534 3514 593 sponsus,
3535 525 3585 571 et
3612 524 3730 569 tunc

2149 625 2471 703 .jejunobunt
2512 622 2702 695 (Marc.
2723 617 2807 689 ιι).
2834 617 3030 671 Dicunt
3054 600 3195 669 enim
3221 620 3342 683 post
3379 602 3742 664 resnrrecﬁo—

2168 688 2883 795 nem‘Domini'quadraginta
2900 706 3004 761 illis
3022 704 3209 759 diebus
3228 702 3421 771 quibus
3439 710 3564 754 cum
3585 688 3743 748 disci-
3800 710 3801 713 η

2166 790 2306 878 pulis
2321 816 2511 879 postea,
2522 782 2715 874 legitur
2730 804 3094 860 conversatus,
3110 809 3214 848 non
3229 801 3475 862 oportere
3490 804 3589 843 nec
3602 782 3738 857 jeju-

2158 914 2301 954 ‘nare
2324 912 2424 953 nec
2462 897 2643 965 lugere
2669 911 2683 947 :
2709 892 2835 962 quia
2874 890 2928 944 in
2958 886 3137 941 lastitia
3166 900 3367 939 sumus.
3396 882 3589 936 Postea
3617 890 3744 943 vero

2171 1004 2331 1058 quam
2355 956 2562 1058 tempus
2587 984 2712 1040 illud
2726 956 2994 1050 expletur,
3008 974 3379 1046 quo.Cbristus
3399 956 3657 1027 advolans
3678 965 3746 1023 ad

2173 1078 2360 1144 caelos,
2388 1076 2668 1147 praesentia
2700 1069 2961 1142 corporali
2992 1064 3227 1126 recessit,
3255 1074 3382 1117 tunc
3395 1058 3747 1115 indicendum
3785 1098 3792 1105 .

2175 1183 2292 1224 esse
2319 1146 2604 1237 jejunium,
2649 1172 2707 1217 ut
2744 1176 2839 1231 per
2872 1157 3048 1214 cordis
3091 1152 3444 1209 humilitatem
3476 1157 3531 1203 et
3577 1146 3749 1201 absti-

2178 1259 2413 1313 nentiam
2438 1256 2645 1320 caruis,
2666 1266 2969 1309 mereamur
2990 1261 3020 1302 e
3048 1245 3197 1301 caelis
3227 1241 3551 1317 promissum
3578 1236 3750 1292 suscio

2177 1365 2306 1427 pere
2335 1347 2592 1418 Spiritum
2632 1353 2895 1427 sanctum.
2923 1340 3029 1397 Sed
3078 1339 3215 1394 sicut
3254 1334 3502 1395 diximus,
3532 1330 3753 1385 bene'et

2181 1426 2495 1510 regulariter
2522 1438 2623 1491 hoc
2648 1422 2769 1505 p‘ost
2796 1434 3145 1487 Pentecosten
3186 1441 3215 1480 a
3262 1421 3517 1499 Patribus
3552 1414 3753 1475 consti-

2183 1536 2356 1582 tutum
2381 1524 2762 1583 est‘inclioare.
2791 1528 2851 1574 ut
2878 1518 3068 1590 gaudia
3094 1512 3344 1585 promissi
3377 1506 3611 1579 Spiritus
3628 1519 3753 1560 san-

2184 1620 2255 1675 cti
2277 1610 2608 1674 exsultantes
2636 1614 2689 1667 in
2730 1610 2976 1665 laudibus
3004 1605 3099 1661 Dei
3135 1604 3421 1677 adventum
3454 1598 3620 1667 ipsius
3660 1609 3757 1649 ex-

2188 1721 2522 1782 Spectemus,
2562 1715 2617 1762 et
2658 1714 2784 1759 tunc
2834 1716 2928 1772 per
2955 1698 3073 1768 ejus
3116 1695 3344 1767 gratiam
3398 1688 3663 1751 innovati,
3693 1700 3758 1741 ae

2112 1796 2159 1855 B
2189 1802 2325 1857 cosio
2376 1796 2638 1869 spirituali
2694 1788 3025 1853 inﬂammati,
3068 1785 3406 1841 abstinentia:
3453 1787 3508 1835 et
3551 1776 3759 1851 jejunio

2184 1906 2401 1960 operam
2443 1889 2647 1942 demus.
2701 1881 2877 1951 Cujus.
2892 1879 2971 1934 rei
3019 1873 3348 1933 concordant
3386 1862 3546 1924 verba
3576 1867 3759 1928 Luca,

2187 1982 2380 2049 quibus
2430 1976 2714 2031 Dominum
2766 1980 3110 2026 escensurum
3166 1966 3217 2018 in
3271 1960 3435 2036 cmlos
3486 1955 3764 2026 discipulis

2189 2071 2502 2145 prtecepisse
2530 2064 2787 2122 narravit.
2824 2061 2925 2115 Vos
2950 2070 3141 2122 autem,
3177 2056 3368 2125 inquit,
3409 2052 3576 2107 sedete
3615 2052 3670 2104 in
3692 2050 3766 2104 ci—

2190 2165 2393 2218 vitatem
2448 2157 2779 2229 quoadusque
2825 2148 3115 2205 induamini
3145 2148 3331 2201 virtute
3356 2159 3421 2197 ea:
3460 2140 3567 2194 alto
3611 2137 3765 2209 (Luc.

2415 2245 2615 2302 Tamen
2668 2245 2713 2298 si
2757 2240 2847 2312 qui
2896 2230 3410 2312 monachorum-vel
3437 2230 3764 2285 clericorum

2189 2344 2432 2416 jejunare
2454 2338 2690 2408 cupiunt,
2718 2350 2823 2389 non
2876 2338 3000 2387 sunt
3047 2306 3389 2410 prohibendi,
3418 2323 3544 2391 quia
3575 2329 3631 2374 et
3652 2320 3766 2375 An—

2197 2408 2392 2495 tonius,
2416 2436 2471 2483 et
2494 2426 2707 2490 Paulus,
2734 2431 2789 2478 et
2814 2420 2991 2481 caeteri
3024 2408 3211 2472 Patres
3236 2411 3441 2481 antiqui
3466 2410 3553 2467 bis
3580 2409 3772 2463 diebus

2200 2522 2254 2575 in
2275 2533 2458 2575 eremo
2478 2517 2743 2584 leguntur,
2756 2510 3097 2573 abstinuisse,
3123 2520 3224 2560 nec
3248 2502 3468 2559 solvisse
3495 2499 3777 2555 abstinen-

2203 2601 2369 2673 tiam,"
2382 2606 2485 2662 nisi
2508 2613 2713 2659 tantum
2739 2600 3015 2657 Dominico
3038 2597 3142 2651 die.

2784 2706 3007 2765 CAPUT
3046 2703 3206 2763 XXII.

2208 2808 2287 2865 De
2309 2806 2515 2879 jejunio
2558 2811 2675 2857 ante
2706 2798 3021 2879 nativitatem
3056 2790 3281 2852 Domini,
3314 2786 3453 2859 quod
3475 2785 3536 2855 ﬁt
3556 2784 3613 2837 in
3637 2798 3777 2837 nono

2730 2878 2777 2922 et
2817 2866 3013 2920 decimo
3050 2877 3242 2915 mense.

2281 2965 2522 3024 Tertium
2556 2960 2815 3039 jejunium
2843 2964 2925 3011 est
2950 2954 3090 3023 quod
3119 2954 3332 3005 constat
3360 2945 3413 3000 in
3456 2957 3645 2997 mense
3670 2939 3783 2997 No-

2214 3055 2477 3119 vembrio,
2502 3030 2656 3122 quod
2683 3048 2861 3103 divina
2900 3041 3217 3098 auctoritate
3243 3036 3544 3116 institutum
3568 3031 3653 3086 vel
3678 3030 3786 3085 ini-

2216 3152 2406 3207 tiatum
2466 3142 2711 3203 Ieremiae
2778 3137 3049 3209 prophetae
3102 3106 3783 3209 testimonio'declaratur,

2213 3201 2425 3296 dicente
2447 3234 2512 3289 ad
2538 3246 2659 3287 eum
2688 3201 2913 3282 Domino
2938 3238 2952 3278 :
2987 3220 3128 3275 Tolle
3152 3218 3383 3274 volumen
3410 3201 3551 3277 libri,
3579 3220 3626 3266 et
3651 3211 3790 3265 scri-

2215 3332 2299 3384 bes
2320 3329 2375 3381 in
2409 3342 2467 3379 eo
2483 3322 2665 3377 omnia
2688 3316 2839 3372 verba
2864 3328 2979 3383 qua:
3024 3310 3227 3364 locutus
3254 3322 3370 3361 sum
3400 3302 3490 3357 tibi
3531 3301 3789 3356 adversus

2216 3416 2384 3475 Israel
2413 3424 2461 3469 et
2481 3411 2695 3474 ludam,
2723 3417 2770 3462 et
2792 3381 3039 3486 adver'sus
3063 3413 3261 3454 omnem
3286 3381 3521 3467 gentem;
3564 3392 3610 3446 si
3648 3382 3795 3460 forte

2218 3514 2499 3563 revertatur
2525 3497 2872 3569 unusquisque
2907 3480 3062 3546 a'via
3101 3505 3196 3544 sua
3238 3486 3482 3558 pessima,
3530 3480 3795 3553 propitius

2218 3612 2307 3652 ero
2335 3592 2598 3670 iniquitati
2620 3567 2817 3644 eorum.
2878 3581 3085 3637 Vocavit
3126 3593 3245 3649 ergo
3274 3573 3529 3630 Jeremias
3574 3567 3797 3624 Bartsch

2221 3688 2388 3761 filium
2438 3659 2640 3747 Neritia,
2694 3690 2749 3739 et.
2798 3674 3000 3744 scripsit
3053 3667 3261 3723 Baruclt
3307 3680 3369 3720 ex
3417 3679 3506 3716 ore
3546 3659 3799 3715 Ieremia!

2223 3790 2397 3832 omnes
2419 3786 2675 3828 sermones
2717 3764 2947 3827 Domini,
2973 3775 3099 3832 quos
3142 3756 3344 3810 locutus
3391 3760 3467 3805 est
3494 3748 3562 3804 ad
3588 3763 3707 3802 eum
3736 3746 3799 3800 in

2225 3864 2480 3925 volumine
2506 3860 2642 3915 libri.
2685 3857 2752 3913 Et
2780 3852 3019 3926 prmcepit
3049 3847 3306 3903 Ieremias
3333 3840 3545 3898 Baruch
3570 3838 3753 3892 dicens
3777 3849 3799 3888 .'

2228 3954 2505 4029 Ingredere
2526 3960 2579 4008 et.
2620 3949 2726 4020 lege
2770 3947 2832 4000 de
2858 3940 3111 3997 volumine
3141 3934 3277 4008 quod
3318 3928 3568 3999 scripsisti
3612 3942 3678 3981 ei:
3704 3942 3803 3979 ore

2227 4017 2363 4112 meo,
2392 4042 2542 4099 verba
2571 4017 2780 4093 Domini
2824 4032 3063 4087 audiente
3088 4024 3277 4099 populo
3304 4022 3358 4077 in
3383 4021 3536 4074 domo
3579 4017 3802 4071 Domini

2228 4139 2281 4192 in
2310 4136 2391 4190 die
2407 4131 2599 4204 jejunii
2622 4129 2777 4198 leges,
2804 4125 2846 4179 si
2867 4123 2999 4192 forte
3019 4116 3171 4173 cadat
3194 4113 3361 4169 oratio
3389 4124 3567 4184 eorum
3592 4108 3647 4160 in
3667 4121 3801 4159 con-

2228 4236 2455 4299 spectum
2480 4220 2707 4281 Domini,
2751 4225 2796 4269 et
2829 4218 3111 4287 revertatur
3148 4201 3496 4272 unusquisque
3533 4215 3565 4251 a
3591 4196 3675 4250 via
3698 4210 3803 4249 sua

2230 4317 2390 4383 mala,
2412 4313 2654 4385 quoniam
2681 4319 2898 4375 magnus
2929 4286 3075 4371 furor
3101 4307 3143 4350 et
3175 4292 3485 4363 indignatio,
3513 4303 3672 4359 quam
3715 4286 3804 4338 lo-

2232 4418 2379 4464 cutus
2400 4374 2469 4458 est
2504 4399 2753 4455 Dominus
2774 4374 3067 4448 adversum
3113 4382 3358 4456 populum
3386 4378 3541 4431 hunc.
3584 4375 3653 4429 Et
3677 4374 3808 4445 fecit

2234 4463 2440 4555 Baruclt
2470 4491 2608 4562 ﬁlius
2634 4486 2807 4541 Neria:
2828 4484 2982 4552 juxta
3011 4475 3183 4535 omnia
3223 4486 3340 4542 quae
3362 4474 3676 4539 praeceperat
3704 4463 3809 4517 Je-

2238 4589 2426 4645 remias
2449 4572 2714 4655 propheta,
2743 4575 2910 4644 legens
2931 4585 2995 4623 ex
3015 4563 3265 4621 volumine
3286 4573 3543 4621 sermones
3564 4556 3619 4609 in
3646 4554 3809 4607 domo

2237 4645 2465 4735 Domini:
2602 4667 2794 4736 factum
2822 4669 2895 4714 est
2920 4660 2972 4712 in
3000 4669 3170 4709 mense
3200 4666 3354 4713 nono,
3380 4645 3811 4718 ‘prtrdicaverunt

2230 4765 2493 4839 jejunium
2521 4760 2574 4813 in
2609 4762 2875 4824 conspectu
2895 4745 3108 4815 Domini
3139 4742 3279 4797 omni
3324 4736 3512 4809 populo
3551 4736 3609 4788 in
3646 4732 3813 4787 Jeru-

2140 4920 2146 4929 ,
2230 4822 2401 4912 35am
2431 4849 2643 4923 (Jerem.
2675 4822 2877 4913 xix“).
2926 4836 3037 4891 Hac
3080 4846 3209 4903 ergo
3254 4827 3573 4884 auctoritate
3610 4822 3813 4877 divinae

2246 4945 2534 5013 Scriptura:
2580 4932 2814 4992 Ecclesia
2840 4911 3065 4982 morem
3092 4920 3347 4982 obtinuit,
3400 4925 3454 4969 et
3500 4911 3815 4967 universale

2237 5001 2497 5104 jejuriium
2536 5026 2640 5081 hac
2685 5017 3058 5077 observatione
3105 5010 3377 5066 celebrat:
3428 5001 3572 5072 quod
3622 5008 3817 5055 tamen

2241 5120 2496 5195 jejunium
2523 5115 2779 5183 incipiens
2800 5109 2855 5161 in
2875 5119 3018 5160 nouo
3040 5106 3225 5154 ‘mense
3246 5098 3298 5150 in
3324 5093 3588 5148 decimum
3618 5096 3819 5143 exten-

2248 5178 2410 5277 ditur,
2443 5209 2497 5263 id
2528 5178 2647 5269 est;
2668 5214 2833 5269 usque
2863 5197 2930 5251 ad
2973 5194 3113 5247 diem
3152 5185 3345 5242 natalis
3370 5181 3579 5237 Domini
3602 5178 3818 5250 pertin-

2249 5306 2345 5377 git.
2369 5302 2614 5370 Congrua
2642 5298 2819 5362 itaque
2846 5285 3191 5355 diSpositiope
3213 5294 3242 5332 a
3266 5275 3535 5346 magistris
3557 5270 3823 5328 Ecclesia

2248 5402 2351 5455 hoc
2373 5366 2778 5463 locovjejunium
2816 5375 3275 5454 quadragesimale
3313 5370 3430 5426 ﬁcri
3456 5366 3822 5423 constitutum

2251 5496 2355 5552 est,
2379 5494 2436 5539 ut
2465 5456 2587 5536 ante
2608 5480 2747 5534 diem
2775 5472 2969 5528 natalis
2992 5465 3200 5522 Domini
3221 5460 3426 5535 jejunio
3451 5468 3508 5513 et
3537 5456 3825 5511 abstinen-

2254 5583 2327 5636 tia
2373 5572 2724 5639 nosmetipsos
2771 5562 3092 5630 castigemus
3124 5596 3139 5622 ,
3194 5561 3456 5624 quatenus
3512 5546 3824 5602 venientem

2258 5670 2667 5736 Redemptorem
2718 5657 2873 5727 digna
2925 5647 3331 5707 conversatione
3379 5640 3653 5709 suscipere
3694 5646 3836 5707 pos.
