  <div class='ocr_page' id='page_1' title='image "/cluster/home/n/w/nwhite01/storage/ocr_20150623/107/uva.x000827064/174.png"; bbox 0 0 3958 6328; ppageno 0'>
   <div class='ocr_carea' id='block_1_1' title="bbox 233 265 339 325">
    <p class='ocr_par' dir='ltr' id='par_1_1' title="bbox 233 265 339 325">
     <span class='ocr_line' id='line_1_1' title="bbox 233 265 339 325; baseline -0.019 0"><span class='ocrx_word' id='word_1_1' title='bbox 233 265 339 325; x_wconf 70' lang='lat'><strong>537</strong></span> 
     </span>
    </p>
   </div>
   <div class='ocr_carea' id='block_1_2' title="bbox 1007 265 2679 340">
    <p class='ocr_par' dir='ltr' id='par_1_2' title="bbox 1007 265 2679 340">
     <span class='ocr_line' id='line_1_2' title="bbox 1007 265 2679 340; baseline 0.008 -21"><span class='ocrx_word' id='word_1_2' title='bbox 1007 265 1092 320; x_wconf 85' lang='lat' dir='ltr'><strong>DE</strong></span> <span class='ocrx_word' id='word_1_3' title='bbox 1127 265 1567 323; x_wconf 65' lang='grc' dir='ltr'><strong>(ΖΜ-3810081111</strong></span> <span class='ocrx_word' id='word_1_4' title='bbox 1606 267 2109 340; x_wconf 77' lang='lat' dir='ltr'><strong>INSTITUTIONE,</strong></span> <span class='ocrx_word' id='word_1_5' title='bbox 2153 276 2304 333; x_wconf 83' lang='lat' dir='ltr'><strong>ETC.</strong></span> <span class='ocrx_word' id='word_1_6' title='bbox 2345 304 2412 316; x_wconf 85' lang='lat'><strong>—-</strong></span> <span class='ocrx_word' id='word_1_7' title='bbox 2449 277 2576 336; x_wconf 78' lang='lat' dir='ltr'><strong>LIB.</strong></span> <span class='ocrx_word' id='word_1_8' title='bbox 2617 278 2679 334; x_wconf 89' lang='lat' dir='ltr'>II.</span> 
     </span>
    </p>
   </div>
   <div class='ocr_carea' id='block_1_3' title="bbox 3346 281 3462 338">
    <p class='ocr_par' dir='ltr' id='par_1_3' title="bbox 3346 281 3462 338">
     <span class='ocr_line' id='line_1_3' title="bbox 3346 281 3462 338; baseline 0 0"><span class='ocrx_word' id='word_1_9' title='bbox 3346 281 3462 338; x_wconf 67' lang='lat'><strong>85$</strong></span> 
     </span>
    </p>
   </div>
   <div class='ocr_carea' id='block_1_4' title="bbox 227 377 3460 469">
    <p class='ocr_par' dir='ltr' id='par_1_4' title="bbox 227 377 3460 469">
     <span class='ocr_line' id='line_1_4' title="bbox 227 377 3460 469; baseline 0.004 -31"><span class='ocrx_word' id='word_1_10' title='bbox 227 384 414 446; x_wconf 80' lang='lat' dir='ltr'><strong>simus,</strong></span> <span class='ocrx_word' id='word_1_11' title='bbox 446 377 586 469; x_wconf 83' lang='lat' dir='ltr'><strong>sicut</strong></span> <span class='ocrx_word' id='word_1_12' title='bbox 612 386 733 434; x_wconf 88' lang='lat' dir='ltr'><strong>ante</strong></span> <span class='ocrx_word' id='word_1_13' title='bbox 759 386 967 450; x_wconf 79' lang='lat' dir='ltr'><strong>tempus</strong></span> <span class='ocrx_word' id='word_1_14' title='bbox 987 382 1398 437; x_wconf 75' lang='lat' dir='ltr'><strong>resurrectionis</strong></span> <span class='ocrx_word' id='word_1_15' title='bbox 1427 382 1541 451; x_wconf 84' lang='lat' dir='ltr'><strong>ejus</strong></span> <span class='ocrx_word' id='word_1_16' title='bbox 1574 396 1790 436; x_wconf 89' lang='lat' dir='ltr'><strong>carnem</strong></span> <span class='ocrx_word' id='word_1_17' title='bbox 1819 382 1869 443; x_wconf 80' lang='grc' dir='ltr'>Α</span> <span class='ocrx_word' id='word_1_18' title='bbox 1896 386 2128 458; x_wconf 86' lang='lat' dir='ltr'><strong>legerunt</strong></span> <span class='ocrx_word' id='word_1_19' title='bbox 2153 393 2205 448; x_wconf 87' lang='lat' dir='ltr'><strong>in</strong></span> <span class='ocrx_word' id='word_1_20' title='bbox 2247 393 2504 450; x_wconf 77' lang='lat' dir='ltr'><strong>volumine</strong></span> <span class='ocrx_word' id='word_1_21' title='bbox 2553 396 2680 467; x_wconf 78' lang='lat' dir='ltr'><strong>legis</strong></span> <span class='ocrx_word' id='word_1_22' title='bbox 2702 396 2912 460; x_wconf 80' lang='lat' dir='ltr'><strong>Domini</strong></span> <span class='ocrx_word' id='word_1_23' title='bbox 2936 398 3034 453; x_wconf 91' lang='lat' dir='ltr'><strong>Dei</strong></span> <span class='ocrx_word' id='word_1_24' title='bbox 3075 399 3154 452; x_wconf 83' lang='lat' dir='ltr'><strong>sui</strong></span> <span class='ocrx_word' id='word_1_25' title='bbox 3191 404 3371 469; x_wconf 78' lang='lat' dir='ltr'><strong>quater</strong></span> <span class='ocrx_word' id='word_1_26' title='bbox 3405 398 3460 452; x_wconf 85' lang='lat' dir='ltr'><strong>in</strong></span> 
     </span>
    </p>
   </div>
   <div class='ocr_carea' id='block_1_5' title="bbox 227 468 1792 541">
    <p class='ocr_par' dir='ltr' id='par_1_5' title="bbox 227 468 1792 541">
     <span class='ocr_line' id='line_1_5' title="bbox 227 468 1792 541; baseline 0 -15"><span class='ocrx_word' id='word_1_27' title='bbox 227 481 464 526; x_wconf 85' lang='lat' dir='ltr'><strong>nostram</strong></span> <span class='ocrx_word' id='word_1_28' title='bbox 496 468 794 540; x_wconf 82' lang='lat' dir='ltr'><strong>amigimns,</strong></span> <span class='ocrx_word' id='word_1_29' title='bbox 838 479 896 524; x_wconf 91' lang='lat' dir='ltr'><strong>ut</strong></span> <span class='ocrx_word' id='word_1_30' title='bbox 937 472 1346 526; x_wconf 76' lang='lat' dir='ltr'><strong>resurrectionis</strong></span> <span class='ocrx_word' id='word_1_31' title='bbox 1388 472 1634 541; x_wconf 77' lang='lat' dir='ltr'><strong>gratiam.</strong></span> <span class='ocrx_word' id='word_1_32' title='bbox 1675 487 1792 540; x_wconf 78' lang='lat' dir='ltr'><strong>quae</strong></span> 
     </span>
    </p>
   </div>
   <div class='ocr_carea' id='block_1_6' title="bbox 226 549 1794 634">
    <p class='ocr_par' dir='ltr' id='par_1_6' title="bbox 226 549 1794 634">
     <span class='ocr_line' id='line_1_6' title="bbox 226 549 1794 634; baseline 0.002 -17"><span class='ocrx_word' id='word_1_33' title='bbox 226 580 323 634; x_wconf 86' lang='lat' dir='ltr'><strong>per</strong></span> <span class='ocrx_word' id='word_1_34' title='bbox 351 564 520 631; x_wconf 89' lang='lat' dir='ltr'><strong>ipsum</strong></span> <span class='ocrx_word' id='word_1_35' title='bbox 553 562 632 628; x_wconf 74' lang='lat' dir='ltr'><strong>ﬁt,</strong></span> <span class='ocrx_word' id='word_1_36' title='bbox 653 549 902 632; x_wconf 84' lang='lat' dir='ltr'><strong>consequi</strong></span> <span class='ocrx_word' id='word_1_37' title='bbox 926 579 1244 618; x_wconf 90' lang='lat' dir='ltr'><strong>mereamur.</strong></span> <span class='ocrx_word' id='word_1_38' title='bbox 1277 563 1382 618; x_wconf 89' lang='lat' dir='ltr'><strong>Sed</strong></span> <span class='ocrx_word' id='word_1_39' title='bbox 1405 565 1514 619; x_wconf 75' lang='lat' dir='ltr'><strong>hanc</strong></span> <span class='ocrx_word' id='word_1_40' title='bbox 1538 563 1602 619; x_wconf 90' lang='lat' dir='ltr'><strong>de</strong></span> <span class='ocrx_word' id='word_1_41' title='bbox 1625 565 1794 620; x_wconf 87' lang='lat' dir='ltr'><strong>tribus</strong></span> 
     </span>
    </p>
   </div>
   <div class='ocr_carea' id='block_1_7' title="bbox 226 653 1118 726">
    <p class='ocr_par' dir='ltr' id='par_1_7' title="bbox 226 653 1118 726">
     <span class='ocr_line' id='line_1_7' title="bbox 226 653 1118 726; baseline 0 -17"><span class='ocrx_word' id='word_1_42' title='bbox 226 653 646 726; x_wconf 72' lang='lat' dir='ltr'><strong>quadragesimis</strong></span> <span class='ocrx_word' id='word_1_43' title='bbox 675 654 814 708; x_wconf 89' lang='lat' dir='ltr'><strong>dicta</strong></span> <span class='ocrx_word' id='word_1_44' title='bbox 837 653 1118 709; x_wconf 81' lang='lat' dir='ltr'><strong>suillciant.</strong></span> 
     </span>
    </p>
   </div>
   <div class='ocr_carea' id='block_1_8' title="bbox 239 743 1233 799">
    <p class='ocr_par' dir='ltr' id='par_1_8' title="bbox 239 743 1233 799">
     <span class='ocr_line' id='line_1_8' title="bbox 239 743 1233 799; baseline -0.004 1"><span class='ocrx_word' id='word_1_45' title='bbox 239 744 241 747; x_wconf 75' lang='grc'><em>’</em></span> <span class='ocrx_word' id='word_1_46' title='bbox 785 743 1011 799; x_wconf 82' lang='lat' dir='ltr'><strong>CAPUT</strong></span> <span class='ocrx_word' id='word_1_47' title='bbox 1051 744 1233 798; x_wconf 80' lang='lat' dir='ltr'><strong>XXIII.</strong></span> 
     </span>
    </p>
   </div>
   <div class='ocr_carea' id='block_1_9' title="bbox 599 834 1432 910">
    <p class='ocr_par' dir='ltr' id='par_1_9' title="bbox 599 834 1432 910">
     <span class='ocr_line' id='line_1_9' title="bbox 599 834 1432 910; baseline -0.001 -19"><span class='ocrx_word' id='word_1_48' title='bbox 599 834 674 892; x_wconf 81' lang='lat' dir='ltr'><strong>De</strong></span> <span class='ocrx_word' id='word_1_49' title='bbox 698 841 908 910; x_wconf 39' lang='lat' dir='ltr'><strong>Icteteris</strong></span> <span class='ocrx_word' id='word_1_50' title='bbox 937 839 1175 908; x_wconf 84' lang='lat' dir='ltr'><strong>legitimis</strong></span> <span class='ocrx_word' id='word_1_51' title='bbox 1190 839 1432 908; x_wconf 86' lang='lat' dir='ltr'><strong>jejuniis.</strong></span> 
     </span>
    </p>
   </div>
   <div class='ocr_carea' id='block_1_10' title="bbox 295 926 1787 998">
    <p class='ocr_par' dir='ltr' id='par_1_10' title="bbox 295 926 1787 998">
     <span class='ocr_line' id='line_1_10' title="bbox 295 926 1787 998; baseline 0.001 -16"><span class='ocrx_word' id='word_1_52' title='bbox 295 927 497 983; x_wconf 66' lang='lat' dir='ltr'><strong>Praeter</strong></span> <span class='ocrx_word' id='word_1_53' title='bbox 522 929 636 982; x_wconf 65' lang='lat' dir='ltr'><strong>haec</strong></span> <span class='ocrx_word' id='word_1_54' title='bbox 657 937 831 982; x_wconf 85' lang='lat' dir='ltr'><strong>autem</strong></span> <span class='ocrx_word' id='word_1_55' title='bbox 864 937 918 984; x_wconf 88' lang='lat' dir='ltr'><strong>et</strong></span> <span class='ocrx_word' id='word_1_56' title='bbox 946 929 1182 998; x_wconf 87' lang='lat' dir='ltr'><strong>legitima</strong></span> <span class='ocrx_word' id='word_1_57' title='bbox 1208 939 1444 997; x_wconf 89' lang='lat' dir='ltr'><strong>tempora</strong></span> <span class='ocrx_word' id='word_1_58' title='bbox 1467 926 1787 996; x_wconf 78' lang='lat' dir='ltr'><strong>jejuniorum</strong></span> 
     </span>
    </p>
   </div>
   <div class='ocr_carea' id='block_1_11' title="bbox 228 1021 1789 1092">
    <p class='ocr_par' dir='ltr' id='par_1_11' title="bbox 228 1021 1789 1092">
     <span class='ocr_line' id='line_1_11' title="bbox 228 1021 1789 1092; baseline -0.003 -12"><span class='ocrx_word' id='word_1_59' title='bbox 228 1032 373 1087; x_wconf 88' lang='lat' dir='ltr'><strong>sunt,</strong></span> <span class='ocrx_word' id='word_1_60' title='bbox 407 1025 544 1079; x_wconf 83' lang='lat' dir='ltr'><strong>sicut</strong></span> <span class='ocrx_word' id='word_1_61' title='bbox 590 1032 672 1078; x_wconf 88' lang='lat' dir='ltr'><strong>est</strong></span> <span class='ocrx_word' id='word_1_62' title='bbox 724 1023 898 1078; x_wconf 91' lang='lat' dir='ltr'><strong>omnis</strong></span> <span class='ocrx_word' id='word_1_63' title='bbox 951 1031 1101 1076; x_wconf 81' lang='lat' dir='ltr'><strong>sexta</strong></span> <span class='ocrx_word' id='word_1_64' title='bbox 1147 1021 1313 1086; x_wconf 80' lang='lat' dir='ltr'><strong>feria,</strong></span> <span class='ocrx_word' id='word_1_65' title='bbox 1361 1021 1411 1074; x_wconf 91' lang='lat' dir='ltr'><strong>in</strong></span> <span class='ocrx_word' id='word_1_66' title='bbox 1438 1037 1542 1090; x_wconf 90' lang='lat' dir='ltr'><strong>qua</strong></span> <span class='ocrx_word' id='word_1_67' title='bbox 1574 1031 1789 1092; x_wconf 81' lang='lat' dir='ltr'><strong>propter</strong></span> 
     </span>
    </p>
   </div>
   <div class='ocr_carea' id='block_1_12' title="bbox 227 1108 1785 1188">
    <p class='ocr_par' dir='ltr' id='par_1_12' title="bbox 227 1108 1785 1188">
     <span class='ocr_line' id='line_1_12' title="bbox 227 1108 1785 1188; baseline -0.004 -17"><span class='ocrx_word' id='word_1_68' title='bbox 227 1117 529 1188; x_wconf 82' lang='lat' dir='ltr'><strong>passionem</strong></span> <span class='ocrx_word' id='word_1_69' title='bbox 560 1114 767 1169; x_wconf 90' lang='lat' dir='ltr'><strong>Domini</strong></span> <span class='ocrx_word' id='word_1_70' title='bbox 817 1127 846 1165; x_wconf 90' lang='lat' dir='ltr'><strong>a</strong></span> <span class='ocrx_word' id='word_1_71' title='bbox 895 1110 1139 1165; x_wconf 89' lang='lat' dir='ltr'><strong>ﬁdelibus</strong></span> <span class='ocrx_word' id='word_1_72' title='bbox 1161 1108 1454 1178; x_wconf 86' lang='lat' dir='ltr'><strong>jejunatur,</strong></span> <span class='ocrx_word' id='word_1_73' title='bbox 1484 1119 1538 1164; x_wconf 91' lang='lat' dir='ltr'><strong>et</strong></span> <span class='ocrx_word' id='word_1_74' title='bbox 1579 1110 1785 1172; x_wconf 75' lang='lat' dir='ltr'><strong>sabbati</strong></span> 
     </span>
    </p>
   </div>
   <div class='ocr_carea' id='block_1_13' title="bbox 228 1196 1783 1273">
    <p class='ocr_par' dir='ltr' id='par_1_13' title="bbox 228 1196 1783 1273">
     <span class='ocr_line' id='line_1_13' title="bbox 228 1196 1783 1273; baseline -0.004 -15"><span class='ocrx_word' id='word_1_75' title='bbox 228 1205 363 1266; x_wconf 88' lang='lat' dir='ltr'><strong>dies,</strong></span> <span class='ocrx_word' id='word_1_76' title='bbox 396 1205 484 1273; x_wconf 86' lang='lat' dir='ltr'><strong>qui</strong></span> <span class='ocrx_word' id='word_1_77' title='bbox 517 1219 545 1256; x_wconf 88' lang='lat' dir='ltr'><strong>a</strong></span> <span class='ocrx_word' id='word_1_78' title='bbox 575 1203 843 1272; x_wconf 82' lang='lat' dir='ltr'><strong>plerisque</strong></span> <span class='ocrx_word' id='word_1_79' title='bbox 868 1205 1086 1271; x_wconf 81' lang='lat' dir='ltr'><strong>propter</strong></span> <span class='ocrx_word' id='word_1_80' title='bbox 1106 1197 1245 1265; x_wconf 89' lang='lat' dir='ltr'><strong>quod</strong></span> <span class='ocrx_word' id='word_1_81' title='bbox 1276 1198 1327 1252; x_wconf 91' lang='lat' dir='ltr'><strong>in</strong></span> <span class='ocrx_word' id='word_1_82' title='bbox 1351 1211 1416 1252; x_wconf 85' lang='lat' dir='ltr'><strong>eo</strong></span> <span class='ocrx_word' id='word_1_83' title='bbox 1440 1196 1683 1253; x_wconf 87' lang='lat' dir='ltr'><strong>Christus</strong></span> <span class='ocrx_word' id='word_1_84' title='bbox 1699 1199 1783 1268; x_wconf 87' lang='lat' dir='ltr'><strong>ja-</strong></span> 
     </span>
    </p>
   </div>
   <div class='ocr_carea' id='block_1_14' title="bbox 227 1289 1789 1363">
    <p class='ocr_par' dir='ltr' id='par_1_14' title="bbox 227 1289 1789 1363">
     <span class='ocr_line' id='line_1_14' title="bbox 227 1289 1789 1363; baseline -0.004 -12"><span class='ocrx_word' id='word_1_85' title='bbox 227 1299 336 1352; x_wconf 89' lang='lat' dir='ltr'><strong>cuit</strong></span> <span class='ocrx_word' id='word_1_86' title='bbox 364 1297 418 1350; x_wconf 87' lang='lat' dir='ltr'><strong>in</strong></span> <span class='ocrx_word' id='word_1_87' title='bbox 467 1290 940 1363; x_wconf 88' lang='lat' dir='ltr'><strong>scpulcrojejunio</strong></span> <span class='ocrx_word' id='word_1_88' title='bbox 971 1297 1313 1344; x_wconf 84' lang='lat' dir='ltr'><strong>consecratus</strong></span> <span class='ocrx_word' id='word_1_89' title='bbox 1355 1289 1604 1355; x_wconf 85' lang='lat' dir='ltr'><strong>habetur,</strong></span> <span class='ocrx_word' id='word_1_90' title='bbox 1650 1291 1789 1345; x_wconf 86' lang='lat' dir='ltr'><strong>sicut</strong></span> 
     </span>
    </p>
   </div>
   <div class='ocr_carea' id='block_1_15' title="bbox 226 1363 1782 1448">
    <p class='ocr_par' dir='ltr' id='par_1_15' title="bbox 226 1363 1782 1448">
     <span class='ocr_line' id='line_1_15' title="bbox 226 1363 1782 1448; baseline -0.005 -8"><span class='ocrx_word' id='word_1_91' title='bbox 226 1386 278 1440; x_wconf 89' lang='lat' dir='ltr'><strong>In</strong></span> <span class='ocrx_word' id='word_1_92' title='bbox 307 1385 537 1439; x_wconf 87' lang='lat' dir='ltr'><strong>decretis</strong></span> <span class='ocrx_word' id='word_1_93' title='bbox 565 1363 857 1435; x_wconf 78' lang='lat' dir='ltr'><strong>Innocentii</strong></span> <span class='ocrx_word' id='word_1_94' title='bbox 887 1375 1412 1448; x_wconf 61' lang='lat' dir='ltr'><strong>papae-constitutum</strong></span> <span class='ocrx_word' id='word_1_95' title='bbox 1444 1377 1744 1432; x_wconf 84' lang='lat' dir='ltr'><strong>invenimus</strong></span> <span class='ocrx_word' id='word_1_96' title='bbox 1769 1419 1782 1442; x_wconf 89' lang='lat'><strong>,</strong></span> 
     </span>
    </p>
   </div>
   <div class='ocr_carea' id='block_1_16' title="bbox 223 1468 1784 1558">
    <p class='ocr_par' dir='ltr' id='par_1_16' title="bbox 223 1468 1784 1558">
     <span class='ocr_line' id='line_1_16' title="bbox 223 1468 1784 1558; baseline -0.004 -29"><span class='ocrx_word' id='word_1_97' title='bbox 223 1475 432 1529; x_wconf 84' lang='lat' dir='ltr'><strong>scilicet</strong></span> <span class='ocrx_word' id='word_1_98' title='bbox 475 1488 539 1526; x_wconf 90' lang='lat' dir='ltr'><strong>ne</strong></span> <span class='ocrx_word' id='word_1_99' title='bbox 577 1470 775 1525; x_wconf 64' lang='lat' dir='ltr'><strong>Iudaeis</strong></span> <span class='ocrx_word' id='word_1_100' title='bbox 799 1469 1117 1558; x_wconf 67' lang='lat' dir='ltr'><strong>qxsultando</strong></span> <span class='ocrx_word' id='word_1_101' title='bbox 1142 1468 1442 1542; x_wconf 69' lang='lat' dir='ltr'><strong>praebeatur</strong></span> <span class='ocrx_word' id='word_1_102' title='bbox 1463 1471 1602 1538; x_wconf 88' lang='lat' dir='ltr'><strong>quod</strong></span> <span class='ocrx_word' id='word_1_103' title='bbox 1622 1469 1784 1525; x_wconf 58' lang='lat' dir='ltr'><strong>‘Chri-’</strong></span> 
     </span>
    </p>
   </div>
   <div class='ocr_carea' id='block_1_17' title="bbox 223 1559 1783 1633">
    <p class='ocr_par' dir='ltr' id='par_1_17' title="bbox 223 1559 1783 1633">
     <span class='ocr_line' id='line_1_17' title="bbox 223 1559 1783 1633; baseline -0.003 -10"><span class='ocrx_word' id='word_1_104' title='bbox 223 1579 339 1623; x_wconf 72' lang='lat' dir='ltr'><strong>suis</strong></span> <span class='ocrx_word' id='word_1_105' title='bbox 369 1565 582 1622; x_wconf 83' lang='lat' dir='ltr'><strong>sustulit</strong></span> <span class='ocrx_word' id='word_1_106' title='bbox 624 1561 916 1619; x_wconf 88' lang='lat' dir='ltr'><strong>moriendo.</strong></span> <span class='ocrx_word' id='word_1_107' title='bbox 949 1559 1084 1616; x_wconf 86' lang='lat' dir='ltr'><strong>Nam</strong></span> <span class='ocrx_word' id='word_1_108' title='bbox 1113 1563 1296 1632; x_wconf 85' lang='lat' dir='ltr'><strong>utique</strong></span> <span class='ocrx_word' id='word_1_109' title='bbox 1324 1570 1536 1617; x_wconf 87' lang='lat' dir='ltr'><strong>constat</strong></span> <span class='ocrx_word' id='word_1_110' title='bbox 1571 1572 1783 1633; x_wconf 90' lang='lat' dir='ltr'><strong>aposto-</strong></span> 
     </span>
    </p>
   </div>
   <div class='ocr_carea' id='block_1_18' title="bbox 225 1650 1780 1724">
    <p class='ocr_par' dir='ltr' id='par_1_18' title="bbox 225 1650 1780 1724">
     <span class='ocr_line' id='line_1_18' title="bbox 225 1650 1780 1724; baseline -0.001 -13"><span class='ocrx_word' id='word_1_111' title='bbox 225 1659 304 1713; x_wconf 86' lang='lat' dir='ltr'><strong>los</strong></span> <span class='ocrx_word' id='word_1_112' title='bbox 343 1658 509 1712; x_wconf 87' lang='lat' dir='ltr'><strong>biduo</strong></span> <span class='ocrx_word' id='word_1_113' title='bbox 535 1657 639 1711; x_wconf 91' lang='lat' dir='ltr'><strong>isto</strong></span> <span class='ocrx_word' id='word_1_114' title='bbox 684 1663 738 1710; x_wconf 90' lang='lat' dir='ltr'><strong>et</strong></span> <span class='ocrx_word' id='word_1_115' title='bbox 779 1654 832 1709; x_wconf 93' lang='lat' dir='ltr'><strong>in</strong></span> <span class='ocrx_word' id='word_1_116' title='bbox 873 1666 1107 1708; x_wconf 56' lang='lat' dir='ltr'><strong>maerore</strong></span> <span class='ocrx_word' id='word_1_117' title='bbox 1135 1650 1315 1714; x_wconf 82' lang='lat' dir='ltr'><strong>fuisse.</strong></span> <span class='ocrx_word' id='word_1_118' title='bbox 1351 1662 1405 1707; x_wconf 90' lang='lat' dir='ltr'><strong>et</strong></span> <span class='ocrx_word' id='word_1_119' title='bbox 1425 1664 1643 1724; x_wconf 86' lang='lat' dir='ltr'><strong>pr0pter</strong></span> <span class='ocrx_word' id='word_1_120' title='bbox 1667 1658 1780 1710; x_wconf 83' lang='lat' dir='ltr'><strong>me-</strong></span> 
     </span>
    </p>
   </div>
   <div class='ocr_carea' id='block_1_19' title="bbox 1897 477 3455 554">
    <p class='ocr_par' dir='ltr' id='par_1_19' title="bbox 1897 477 3455 554">
     <span class='ocr_line' id='line_1_19' title="bbox 1897 477 3455 554; baseline 0.004 -24"><span class='ocrx_word' id='word_1_121' title='bbox 1897 477 2002 542; x_wconf 84' lang='lat' dir='ltr'><strong>die,</strong></span> <span class='ocrx_word' id='word_1_122' title='bbox 2045 490 2102 542; x_wconf 9' lang='lat' dir='ltr'><strong>vet</strong></span> <span class='ocrx_word' id='word_1_123' title='bbox 2147 491 2332 552; x_wconf 78' lang='lat' dir='ltr'><strong>quater</strong></span> <span class='ocrx_word' id='word_1_124' title='bbox 2367 485 2423 538; x_wconf 88' lang='lat' dir='ltr'><strong>in</strong></span> <span class='ocrx_word' id='word_1_125' title='bbox 2465 494 2614 539; x_wconf 89' lang='lat' dir='ltr'><strong>nocte</strong></span> <span class='ocrx_word' id='word_1_126' title='bbox 2654 486 3049 554; x_wconf 84' lang='lat' dir='ltr'><strong>conﬁtebantur,</strong></span> <span class='ocrx_word' id='word_1_127' title='bbox 3088 497 3135 539; x_wconf 89' lang='lat' dir='ltr'><strong>et</strong></span> <span class='ocrx_word' id='word_1_128' title='bbox 3165 486 3455 539; x_wconf 83' lang='lat' dir='ltr'><strong>adorabunt</strong></span> 
     </span>
    </p>
   </div>
   <div class='ocr_carea' id='block_1_20' title="bbox 1893 564 3454 643">
    <p class='ocr_par' dir='ltr' id='par_1_20' title="bbox 1893 564 3454 643">
     <span class='ocr_line' id='line_1_20' title="bbox 1893 564 3454 643; baseline 0.005 -25"><span class='ocrx_word' id='word_1_129' title='bbox 1893 564 2171 623; x_wconf 86' lang='lat' dir='ltr'><strong>Dominum</strong></span> <span class='ocrx_word' id='word_1_130' title='bbox 2203 570 2365 626; x_wconf 86' lang='lat' dir='ltr'><strong>Deum</strong></span> <span class='ocrx_word' id='word_1_131' title='bbox 2391 590 2563 627; x_wconf 87' lang='lat' dir='ltr'><strong>suum.</strong></span> <span class='ocrx_word' id='word_1_132' title='bbox 2609 573 2869 642; x_wconf 88' lang='lat' dir='ltr'><strong>Quartum</strong></span> <span class='ocrx_word' id='word_1_133' title='bbox 2917 590 3043 628; x_wconf 87' lang='lat' dir='ltr'><strong>vero</strong></span> <span class='ocrx_word' id='word_1_134' title='bbox 3069 583 3150 627; x_wconf 90' lang='lat' dir='ltr'><strong>est</strong></span> <span class='ocrx_word' id='word_1_135' title='bbox 3193 574 3454 643; x_wconf 90' lang='lat' dir='ltr'><strong>jejunium</strong></span> 
     </span>
    </p>
   </div>
   <div class='ocr_carea' id='block_1_21' title="bbox 1891 657 3488 728">
    <p class='ocr_par' dir='ltr' id='par_1_21' title="bbox 1891 657 3488 728">
     <span class='ocr_line' id='line_1_21' title="bbox 1891 657 3488 728; baseline 0.005 -19"><span class='ocrx_word' id='word_1_136' title='bbox 1891 657 2095 713; x_wconf 85' lang='lat' dir='ltr'><strong>sabbati</strong></span> <span class='ocrx_word' id='word_1_137' title='bbox 2125 661 2177 714; x_wconf 93' lang='lat' dir='ltr'><strong>in</strong></span> <span class='ocrx_word' id='word_1_138' title='bbox 2209 662 2418 717; x_wconf 89' lang='lat' dir='ltr'><strong>decimo</strong></span> <span class='ocrx_word' id='word_1_139' title='bbox 2447 678 2629 719; x_wconf 89' lang='lat' dir='ltr'><strong>mense</strong></span> <span class='ocrx_word' id='word_1_140' title='bbox 2660 672 2785 718; x_wconf 84' lang='lat' dir='ltr'><strong>ante</strong></span> <span class='ocrx_word' id='word_1_141' title='bbox 2816 665 2954 718; x_wconf 90' lang='lat' dir='ltr'><strong>diem</strong></span> <span class='ocrx_word' id='word_1_142' title='bbox 2986 664 3179 718; x_wconf 84' lang='lat' dir='ltr'><strong>natalis</strong></span> <span class='ocrx_word' id='word_1_143' title='bbox 3209 663 3452 728; x_wconf 86' lang='lat' dir='ltr'><strong>Domini,</strong></span> <span class='ocrx_word' id='word_1_144' title='bbox 3481 712 3488 717; x_wconf 92' lang='lat'><strong>_</strong></span> 
     </span>
    </p>
   </div>
   <div class='ocr_carea' id='block_1_22' title="bbox 1889 749 3504 820">
    <p class='ocr_par' dir='ltr' id='par_1_22' title="bbox 1889 749 3504 820">
     <span class='ocr_line' id='line_1_22' title="bbox 1889 749 3504 820; baseline 0.006 -21"><span class='ocrx_word' id='word_1_145' title='bbox 1889 749 2102 816; x_wconf 81' lang='lat' dir='ltr'><strong>quando</strong></span> <span class='ocrx_word' id='word_1_146' title='bbox 2127 752 2337 805; x_wconf 86' lang='lat' dir='ltr'><strong>venturi</strong></span> <span class='ocrx_word' id='word_1_147' title='bbox 2388 752 2681 820; x_wconf 81' lang='lat' dir='ltr'><strong>Salvatoris</strong></span> <span class='ocrx_word' id='word_1_148' title='bbox 2727 754 2956 808; x_wconf 88' lang='lat' dir='ltr'><strong>salubris</strong></span> <span class='ocrx_word' id='word_1_149' title='bbox 2986 755 3038 807; x_wconf 90' lang='lat' dir='ltr'><strong>in</strong></span> <span class='ocrx_word' id='word_1_150' title='bbox 3072 753 3242 807; x_wconf 87' lang='lat' dir='ltr'><strong>sacris</strong></span> <span class='ocrx_word' id='word_1_151' title='bbox 3271 752 3451 807; x_wconf 88' lang='lat' dir='ltr'><strong>lectio—</strong></span> <span class='ocrx_word' id='word_1_152' title='bbox 3498 801 3504 808; x_wconf 93' lang='lat'><strong>.</strong></span> 
     </span>
    </p>
   </div>
   <div class='ocr_carea' id='block_1_23' title="bbox 1889 838 3447 912">
    <p class='ocr_par' dir='ltr' id='par_1_23' title="bbox 1889 838 3447 912">
     <span class='ocr_line' id='line_1_23' title="bbox 1889 838 3447 912; baseline 0.003 -23"><span class='ocrx_word' id='word_1_153' title='bbox 1889 838 2045 891; x_wconf 88' lang='lat' dir='ltr'><strong>nibus</strong></span> <span class='ocrx_word' id='word_1_154' title='bbox 2073 840 2394 908; x_wconf 76' lang='lat' dir='ltr'><strong>prmdicatur</strong></span> <span class='ocrx_word' id='word_1_155' title='bbox 2423 843 2700 906; x_wconf 87' lang='lat' dir='ltr'><strong>adventus,</strong></span> <span class='ocrx_word' id='word_1_156' title='bbox 2733 843 3003 902; x_wconf 80' lang='lat' dir='ltr'><strong>uttideles</strong></span> <span class='ocrx_word' id='word_1_157' title='bbox 3019 843 3216 912; x_wconf 87' lang='lat' dir='ltr'><strong>quique</strong></span> <span class='ocrx_word' id='word_1_158' title='bbox 3244 842 3345 896; x_wconf 90' lang='lat' dir='ltr'><strong>hac</strong></span> <span class='ocrx_word' id='word_1_159' title='bbox 3374 856 3447 894; x_wconf 88' lang='lat' dir='ltr'><strong>rc-</strong></span> 
     </span>
    </p>
   </div>
   <div class='ocr_carea' id='block_1_24' title="bbox 1887 927 3454 997">
    <p class='ocr_par' dir='ltr' id='par_1_24' title="bbox 1887 927 3454 997">
     <span class='ocr_line' id='line_1_24' title="bbox 1887 927 3454 997; baseline 0.002 -18"><span class='ocrx_word' id='word_1_160' title='bbox 1887 927 2084 997; x_wconf 84' lang='lat' dir='ltr'><strong>ligione</strong></span> <span class='ocrx_word' id='word_1_161' title='bbox 2111 930 2377 995; x_wconf 89' lang='lat' dir='ltr'><strong>instructi,</strong></span> <span class='ocrx_word' id='word_1_162' title='bbox 2411 940 2465 986; x_wconf 89' lang='lat' dir='ltr'><strong>et</strong></span> <span class='ocrx_word' id='word_1_163' title='bbox 2512 933 2862 987; x_wconf 86' lang='lat' dir='ltr'><strong>medicamine</strong></span> <span class='ocrx_word' id='word_1_164' title='bbox 2907 943 3215 989; x_wconf 88' lang='lat' dir='ltr'><strong>sanctarum</strong></span> <span class='ocrx_word' id='word_1_165' title='bbox 3263 930 3454 984; x_wconf 80' lang='lat' dir='ltr'><strong>oratio-</strong></span> 
     </span>
    </p>
   </div>
   <div class='ocr_carea' id='block_1_25' title="bbox 1888 1017 3448 1090">
    <p class='ocr_par' dir='ltr' id='par_1_25' title="bbox 1888 1017 3448 1090">
     <span class='ocr_line' id='line_1_25' title="bbox 1888 1017 3448 1090; baseline 0.002 -21"><span class='ocrx_word' id='word_1_166' title='bbox 1888 1021 2013 1069; x_wconf 85' lang='lat' dir='ltr'><strong>num</strong></span> <span class='ocrx_word' id='word_1_167' title='bbox 2049 1017 2204 1070; x_wconf 91' lang='lat' dir='ltr'><strong>simul</strong></span> <span class='ocrx_word' id='word_1_168' title='bbox 2229 1033 2349 1072; x_wconf 88' lang='lat' dir='ltr'><strong>cum</strong></span> <span class='ocrx_word' id='word_1_169' title='bbox 2376 1034 2531 1074; x_wconf 90' lang='lat' dir='ltr'><strong>sacro</strong></span> <span class='ocrx_word' id='word_1_170' title='bbox 2554 1019 2757 1090; x_wconf 89' lang='lat' dir='ltr'><strong>jejunio</strong></span> <span class='ocrx_word' id='word_1_171' title='bbox 2781 1021 3082 1078; x_wconf 90' lang='lat' dir='ltr'><strong>conﬁrmati</strong></span> <span class='ocrx_word' id='word_1_172' title='bbox 3115 1020 3448 1073; x_wconf 77' lang='lat' dir='ltr'><strong>nativitatem</strong></span> 
     </span>
    </p>
   </div>
   <div class='ocr_carea' id='block_1_26' title="bbox 1886 1103 3452 1178">
    <p class='ocr_par' dir='ltr' id='par_1_26' title="bbox 1886 1103 3452 1178">
     <span class='ocr_line' id='line_1_26' title="bbox 1886 1103 3452 1178; baseline 0.003 -22"><span class='ocrx_word' id='word_1_173' title='bbox 1886 1103 2261 1174; x_wconf 82' lang='lat' dir='ltr'><strong>Redemptoris</strong></span> <span class='ocrx_word' id='word_1_174' title='bbox 2303 1107 2410 1161; x_wconf 75' lang='lat' dir='ltr'><strong>laeti</strong></span> <span class='ocrx_word' id='word_1_175' title='bbox 2459 1117 2791 1178; x_wconf 77' lang='lat' dir='ltr'><strong>exspectent.</strong></span> <span class='ocrx_word' id='word_1_176' title='bbox 2841 1109 2979 1165; x_wconf 80' lang='lat' dir='ltr'><strong>Ante</strong></span> <span class='ocrx_word' id='word_1_177' title='bbox 3027 1111 3142 1164; x_wconf 82' lang='lat' dir='ltr'><strong>haec</strong></span> <span class='ocrx_word' id='word_1_178' title='bbox 3205 1108 3452 1163; x_wconf 86' lang='lat' dir='ltr'><strong>videlicet</strong></span> 
     </span>
    </p>
   </div>
   <div class='ocr_carea' id='block_1_27' title="bbox 1886 1195 3449 1272">
    <p class='ocr_par' dir='ltr' id='par_1_27' title="bbox 1886 1195 3449 1272">
     <span class='ocr_line' id='line_1_27' title="bbox 1886 1195 3449 1272; baseline 0.004 -24"><span class='ocrx_word' id='word_1_179' title='bbox 1886 1205 2116 1264; x_wconf 87' lang='lat' dir='ltr'><strong>quatuor</strong></span> <span class='ocrx_word' id='word_1_180' title='bbox 2138 1198 2359 1252; x_wconf 89' lang='lat' dir='ltr'><strong>sabbata</strong></span> <span class='ocrx_word' id='word_1_181' title='bbox 2381 1200 2433 1252; x_wconf 92' lang='lat' dir='ltr'><strong>in</strong></span> <span class='ocrx_word' id='word_1_182' title='bbox 2457 1200 2642 1254; x_wconf 88' lang='lat' dir='ltr'><strong>eadem</strong></span> <span class='ocrx_word' id='word_1_183' title='bbox 2669 1195 2999 1256; x_wconf 82' lang='lat' dir='ltr'><strong>hebdomada</strong></span> <span class='ocrx_word' id='word_1_184' title='bbox 3024 1218 3235 1272; x_wconf 89' lang='lat' dir='ltr'><strong>semper</strong></span> <span class='ocrx_word' id='word_1_185' title='bbox 3261 1209 3449 1272; x_wconf 69' lang='lat' dir='ltr'><strong>quarta</strong></span> 
     </span>
    </p>
   </div>
   <div class='ocr_carea' id='block_1_28' title="bbox 1885 1285 3450 1358">
    <p class='ocr_par' dir='ltr' id='par_1_28' title="bbox 1885 1285 3450 1358">
     <span class='ocr_line' id='line_1_28' title="bbox 1885 1285 3450 1358; baseline 0.003 -20"><span class='ocrx_word' id='word_1_186' title='bbox 1885 1293 1940 1338; x_wconf 89' lang='lat' dir='ltr'><strong>et</strong></span> <span class='ocrx_word' id='word_1_187' title='bbox 1967 1294 2116 1340; x_wconf 76' lang='lat' dir='ltr'><strong>sexta</strong></span> <span class='ocrx_word' id='word_1_188' title='bbox 2155 1285 2284 1344; x_wconf 79' lang='lat' dir='ltr'><strong>feria</strong></span> <span class='ocrx_word' id='word_1_189' title='bbox 2322 1288 2556 1356; x_wconf 79' lang='lat' dir='ltr'><strong>legitima</strong></span> <span class='ocrx_word' id='word_1_190' title='bbox 2582 1289 2782 1358; x_wconf 82' lang='lat' dir='ltr'><strong>jejunia</strong></span> <span class='ocrx_word' id='word_1_191' title='bbox 2819 1289 2932 1342; x_wconf 87' lang='lat' dir='ltr'><strong>ﬁeri</strong></span> <span class='ocrx_word' id='word_1_192' title='bbox 2968 1299 3020 1344; x_wconf 90' lang='lat' dir='ltr'><strong>et</strong></span> <span class='ocrx_word' id='word_1_193' title='bbox 3054 1305 3222 1343; x_wconf 90' lang='lat' dir='ltr'><strong>canon</strong></span> <span class='ocrx_word' id='word_1_194' title='bbox 3254 1291 3450 1344; x_wconf 85' lang='lat' dir='ltr'><strong>oratio-</strong></span> 
     </span>
    </p>
   </div>
   <div class='ocr_carea' id='block_1_29' title="bbox 1887 1369 3459 1435">
    <p class='ocr_par' dir='ltr' id='par_1_29' title="bbox 1887 1369 3459 1435">
     <span class='ocr_line' id='line_1_29' title="bbox 1887 1369 3459 1435; baseline 0.004 -7"><span class='ocrx_word' id='word_1_195' title='bbox 1887 1391 2014 1429; x_wconf 92' lang='lat' dir='ltr'><strong>num</strong></span> <span class='ocrx_word' id='word_1_196' title='bbox 2047 1385 2101 1429; x_wconf 92' lang='lat' dir='ltr'><strong>et</strong></span> <span class='ocrx_word' id='word_1_197' title='bbox 2135 1376 2422 1432; x_wconf 87' lang='lat' dir='ltr'><strong>lectionum</strong></span> <span class='ocrx_word' id='word_1_198' title='bbox 2462 1378 2513 1433; x_wconf 92' lang='lat' dir='ltr'><strong>in</strong></span> <span class='ocrx_word' id='word_1_199' title='bbox 2536 1369 2747 1433; x_wconf 78' lang='lat' dir='ltr'><strong>eisdem</strong></span> <span class='ocrx_word' id='word_1_200' title='bbox 2777 1378 2936 1435; x_wconf 79' lang='lat' dir='ltr'><strong>feriis‘</strong></span> <span class='ocrx_word' id='word_1_201' title='bbox 2960 1381 3026 1434; x_wconf 88' lang='lat' dir='ltr'><strong>ad</strong></span> <span class='ocrx_word' id='word_1_202' title='bbox 3058 1381 3340 1433; x_wconf 88' lang='lat' dir='ltr'><strong>missarum</strong></span> <span class='ocrx_word' id='word_1_203' title='bbox 3371 1395 3459 1434; x_wconf 76' lang='lat' dir='ltr'><strong>so-</strong></span> 
     </span>
    </p>
   </div>
   <div class='ocr_carea' id='block_1_30' title="bbox 1885 1465 3450 1539">
    <p class='ocr_par' dir='ltr' id='par_1_30' title="bbox 1885 1465 3450 1539">
     <span class='ocr_line' id='line_1_30' title="bbox 1885 1465 3450 1539; baseline 0.003 -21"><span class='ocrx_word' id='word_1_204' title='bbox 1885 1465 2080 1519; x_wconf 86' lang='lat' dir='ltr'><strong>lemnia</strong></span> <span class='ocrx_word' id='word_1_205' title='bbox 2129 1467 2454 1522; x_wconf 89' lang='lat' dir='ltr'><strong>constitutus</strong></span> <span class='ocrx_word' id='word_1_206' title='bbox 2501 1468 2722 1533; x_wconf 82' lang='lat' dir='ltr'><strong>indicat,</strong></span> <span class='ocrx_word' id='word_1_207' title='bbox 2763 1476 2818 1524; x_wconf 90' lang='lat' dir='ltr'><strong>ct</strong></span> <span class='ocrx_word' id='word_1_208' title='bbox 2862 1469 3103 1538; x_wconf 79' lang='lat' dir='ltr'><strong>exempla</strong></span> <span class='ocrx_word' id='word_1_209' title='bbox 3146 1470 3450 1539; x_wconf 67' lang='lat' dir='ltr'><strong>praeceden-</strong></span> 
     </span>
    </p>
   </div>
   <div class='ocr_carea' id='block_1_31' title="bbox 1884 1555 3450 1615">
    <p class='ocr_par' dir='ltr' id='par_1_31' title="bbox 1884 1555 3450 1615">
     <span class='ocr_line' id='line_1_31' title="bbox 1884 1555 3450 1615; baseline 0.004 -8"><span class='ocrx_word' id='word_1_210' title='bbox 1884 1555 2016 1608; x_wconf 90' lang='lat' dir='ltr'><strong>tium</strong></span> <span class='ocrx_word' id='word_1_211' title='bbox 2048 1555 2264 1610; x_wconf 83' lang='lat' dir='ltr'><strong>Patrum</strong></span> <span class='ocrx_word' id='word_1_212' title='bbox 2298 1557 2634 1611; x_wconf 87' lang='lat' dir='ltr'><strong>conﬁrmant.</strong></span> <span class='ocrx_word' id='word_1_213' title='bbox 2668 1557 2860 1613; x_wconf 87' lang='lat' dir='ltr'><strong>Sacras</strong></span> <span class='ocrx_word' id='word_1_214' title='bbox 2888 1568 3065 1612; x_wconf 88' lang='lat' dir='ltr'><strong>autem</strong></span> <span class='ocrx_word' id='word_1_215' title='bbox 3087 1561 3450 1615; x_wconf 75' lang='lat' dir='ltr'><strong>ordinationes</strong></span> 
     </span>
    </p>
   </div>
   <div class='ocr_carea' id='block_1_32' title="bbox 1885 1643 3453 1719">
    <p class='ocr_par' dir='ltr' id='par_1_32' title="bbox 1885 1643 3453 1719">
     <span class='ocr_line' id='line_1_32' title="bbox 1885 1643 3453 1719; baseline 0.003 -19"><span class='ocrx_word' id='word_1_216' title='bbox 1885 1645 1968 1700; x_wconf 88' lang='lat' dir='ltr'><strong>bis</strong></span> <span class='ocrx_word' id='word_1_217' title='bbox 2003 1647 2191 1701; x_wconf 87' lang='lat' dir='ltr'><strong>diebus</strong></span> <span class='ocrx_word' id='word_1_218' title='bbox 2220 1658 2468 1717; x_wconf 81' lang='lat' dir='ltr'><strong>Oporterc</strong></span> <span class='ocrx_word' id='word_1_219' title='bbox 2519 1648 2654 1712; x_wconf 91' lang='lat' dir='ltr'><strong>ﬁeri,</strong></span> <span class='ocrx_word' id='word_1_220' title='bbox 2683 1643 2912 1702; x_wconf 80' lang='lat' dir='ltr'><strong>decreta</strong></span> <span class='ocrx_word' id='word_1_221' title='bbox 2951 1648 3150 1703; x_wconf 79' lang='lat' dir='ltr'><strong>Gelasii</strong></span> <span class='ocrx_word' id='word_1_222' title='bbox 3197 1664 3347 1719; x_wconf 71' lang='lat' dir='ltr'><strong>papae</strong></span> <span class='ocrx_word' id='word_1_223' title='bbox 3377 1660 3453 1704; x_wconf 85' lang='lat' dir='ltr'><strong>te-</strong></span> 
     </span>
    </p>
   </div>
   <div class='ocr_carea' id='block_1_33' title="bbox 223 1719 3453 1814">
    <p class='ocr_par' dir='ltr' id='par_1_33' title="bbox 223 1719 3453 1814">
     <span class='ocr_line' id='line_1_33' title="bbox 223 1719 3453 1814; baseline -0.004 -12"><span class='ocrx_word' id='word_1_224' title='bbox 223 1757 336 1802; x_wconf 89' lang='lat' dir='ltr'><strong>tum</strong></span> <span class='ocrx_word' id='word_1_225' title='bbox 351 1745 727 1801; x_wconf 65' lang='lat' dir='ltr'><strong>Judaeorumse</strong></span> <span class='ocrx_word' id='word_1_226' title='bbox 751 1743 1226 1812; x_wconf 75' lang='lat' dir='ltr'><strong>occuluisse.q‘uod</strong></span> <span class='ocrx_word' id='word_1_227' title='bbox 1248 1719 1549 1814; x_wconf 62' lang='lat' dir='ltr'><strong>utiqtienon</strong></span> <span class='ocrx_word' id='word_1_228' title='bbox 1564 1744 1782 1799; x_wconf 87' lang='lat' dir='ltr'><strong>dubium</strong></span> <span class='ocrx_word' id='word_1_229' title='bbox 1815 1719 1860 1776; x_wconf 79' lang='grc' dir='ltr'><strong>Β</strong></span> <span class='ocrx_word' id='word_1_230' title='bbox 1887 1727 2115 1798; x_wconf 85' lang='lat' dir='ltr'><strong>stantur,</strong></span> <span class='ocrx_word' id='word_1_231' title='bbox 2149 1735 2199 1788; x_wconf 91' lang='lat' dir='ltr'><strong>in</strong></span> <span class='ocrx_word' id='word_1_232' title='bbox 2230 1736 2514 1805; x_wconf 85' lang='lat' dir='ltr'><strong>quibusita</strong></span> <span class='ocrx_word' id='word_1_233' title='bbox 2559 1737 2816 1806; x_wconf 89' lang='lat' dir='ltr'><strong>scriptum</strong></span> <span class='ocrx_word' id='word_1_234' title='bbox 2856 1738 3198 1790; x_wconf 87' lang='lat' dir='ltr'><strong>continetur:</strong></span> <span class='ocrx_word' id='word_1_235' title='bbox 3227 1734 3453 1790; x_wconf 76' lang='lat' dir='ltr'><strong>Ordina—</strong></span> 
     </span>
    </p>
   </div>
   <div class='ocr_carea' id='block_1_34' title="bbox 221 1833 1781 1906">
    <p class='ocr_par' dir='ltr' id='par_1_34' title="bbox 221 1833 1781 1906">
     <span class='ocr_line' id='line_1_34' title="bbox 221 1833 1781 1906; baseline -0.004 -14"><span class='ocrx_word' id='word_1_236' title='bbox 221 1847 305 1892; x_wconf 89' lang='lat' dir='ltr'><strong>est</strong></span> <span class='ocrx_word' id='word_1_237' title='bbox 337 1855 349 1890; x_wconf 92' lang='lat'>:</span> <span class='ocrx_word' id='word_1_238' title='bbox 381 1845 436 1891; x_wconf 86' lang='lat' dir='ltr'><strong>et</strong></span> <span class='ocrx_word' id='word_1_239' title='bbox 455 1835 724 1906; x_wconf 86' lang='lat' dir='ltr'><strong>jejunasse</strong></span> <span class='ocrx_word' id='word_1_240' title='bbox 754 1848 846 1888; x_wconf 92' lang='lat' dir='ltr'><strong>eos</strong></span> <span class='ocrx_word' id='word_1_241' title='bbox 870 1833 1032 1886; x_wconf 90' lang='lat' dir='ltr'><strong>biduo</strong></span> <span class='ocrx_word' id='word_1_242' title='bbox 1083 1840 1398 1898; x_wconf 88' lang='lat' dir='ltr'><strong>memorato,</strong></span> <span class='ocrx_word' id='word_1_243' title='bbox 1446 1849 1564 1904; x_wconf 73' lang='lat' dir='ltr'><strong>qua:</strong></span> <span class='ocrx_word' id='word_1_244' title='bbox 1611 1833 1781 1888; x_wconf 77' lang='lat' dir='ltr'><strong>forma</strong></span> 
     </span>
    </p>
   </div>
   <div class='ocr_carea' id='block_1_35' title="bbox 223 1924 1783 1998">
    <p class='ocr_par' dir='ltr' id='par_1_35' title="bbox 223 1924 1783 1998">
     <span class='ocr_line' id='line_1_35' title="bbox 223 1924 1783 1998; baseline -0.002 -16"><span class='ocrx_word' id='word_1_245' title='bbox 223 1930 406 1998; x_wconf 87' lang='lat' dir='ltr'><strong>utique</strong></span> <span class='ocrx_word' id='word_1_246' title='bbox 431 1943 525 1998; x_wconf 89' lang='lat' dir='ltr'><strong>per</strong></span> <span class='ocrx_word' id='word_1_247' title='bbox 554 1926 790 1996; x_wconf 88' lang='lat' dir='ltr'><strong>singulas</strong></span> <span class='ocrx_word' id='word_1_248' title='bbox 830 1924 1055 1980; x_wconf 88' lang='lat' dir='ltr'><strong>tenenda</strong></span> <span class='ocrx_word' id='word_1_249' title='bbox 1101 1932 1190 1980; x_wconf 77' lang='lat' dir='ltr'><strong>est.</strong></span> <span class='ocrx_word' id='word_1_250' title='bbox 1220 1924 1602 1990; x_wconf 82' lang='lat' dir='ltr'><strong>hebdomadas,</strong></span> <span class='ocrx_word' id='word_1_251' title='bbox 1657 1938 1783 1994; x_wconf 83' lang='lat' dir='ltr'><strong>pro-</strong></span> 
     </span>
    </p>
   </div>
   <div class='ocr_carea' id='block_1_36' title="bbox 221 2011 1783 2085">
    <p class='ocr_par' dir='ltr' id='par_1_36' title="bbox 221 2011 1783 2085">
     <span class='ocr_line' id='line_1_36' title="bbox 221 2011 1783 2085; baseline -0.001 -14"><span class='ocrx_word' id='word_1_252' title='bbox 221 2027 339 2085; x_wconf 89' lang='lat' dir='ltr'><strong>pter</strong></span> <span class='ocrx_word' id='word_1_253' title='bbox 371 2017 422 2070; x_wconf 90' lang='lat' dir='ltr'><strong>id</strong></span> <span class='ocrx_word' id='word_1_254' title='bbox 453 2016 591 2084; x_wconf 91' lang='lat' dir='ltr'><strong>quod</strong></span> <span class='ocrx_word' id='word_1_255' title='bbox 627 2013 1067 2069; x_wconf 82' lang='lat' dir='ltr'><strong>commemoratio</strong></span> <span class='ocrx_word' id='word_1_256' title='bbox 1109 2012 1250 2066; x_wconf 88' lang='lat' dir='ltr'><strong>illius</strong></span> <span class='ocrx_word' id='word_1_257' title='bbox 1297 2013 1401 2067; x_wconf 92' lang='lat' dir='ltr'><strong>diei</strong></span> <span class='ocrx_word' id='word_1_258' title='bbox 1437 2011 1646 2083; x_wconf 81' lang='lat' dir='ltr'><strong>semper</strong></span> <span class='ocrx_word' id='word_1_259' title='bbox 1699 2024 1783 2069; x_wconf 87' lang='lat' dir='ltr'><strong>cst</strong></span> 
     </span>
    </p>
   </div>
   <div class='ocr_carea' id='block_1_37' title="bbox 222 2103 1780 2173">
    <p class='ocr_par' dir='ltr' id='par_1_37' title="bbox 222 2103 1780 2173">
     <span class='ocr_line' id='line_1_37' title="bbox 222 2103 1780 2173; baseline -0.003 -13"><span class='ocrx_word' id='word_1_260' title='bbox 222 2105 563 2160; x_wconf 84' lang='lat' dir='ltr'><strong>celebranda.</strong></span> <span class='ocrx_word' id='word_1_261' title='bbox 593 2104 741 2169; x_wconf 86' lang='lat' dir='ltr'><strong>Quod</strong></span> <span class='ocrx_word' id='word_1_262' title='bbox 766 2103 810 2156; x_wconf 89' lang='lat' dir='ltr'><strong>si</strong></span> <span class='ocrx_word' id='word_1_263' title='bbox 839 2110 1027 2172; x_wconf 90' lang='lat' dir='ltr'><strong>putant</strong></span> <span class='ocrx_word' id='word_1_264' title='bbox 1053 2117 1160 2156; x_wconf 91' lang='lat' dir='ltr'><strong>uno</strong></span> <span class='ocrx_word' id='word_1_265' title='bbox 1192 2113 1367 2157; x_wconf 90' lang='lat' dir='ltr'><strong>tamen</strong></span> <span class='ocrx_word' id='word_1_266' title='bbox 1398 2103 1619 2157; x_wconf 74' lang='lat' dir='ltr'><strong>sabbato</strong></span> <span class='ocrx_word' id='word_1_267' title='bbox 1639 2103 1780 2173; x_wconf 86' lang='lat' dir='ltr'><strong>jeju-</strong></span> 
     </span>
    </p>
   </div>
   <div class='ocr_carea' id='block_1_38' title="bbox 221 2189 1779 2261">
    <p class='ocr_par' dir='ltr' id='par_1_38' title="bbox 221 2189 1779 2261">
     <span class='ocr_line' id='line_1_38' title="bbox 221 2189 1779 2261; baseline -0.001 -14"><span class='ocrx_word' id='word_1_268' title='bbox 221 2194 478 2258; x_wconf 87' lang='lat' dir='ltr'><strong>nandnm,</strong></span> <span class='ocrx_word' id='word_1_269' title='bbox 507 2208 635 2261; x_wconf 90' lang='lat' dir='ltr'><strong>ergo</strong></span> <span class='ocrx_word' id='word_1_270' title='bbox 659 2201 713 2246; x_wconf 90' lang='lat' dir='ltr'><strong>et</strong></span> <span class='ocrx_word' id='word_1_271' title='bbox 742 2189 1092 2254; x_wconf 81' lang='lat' dir='ltr'><strong>Doininicum,</strong></span> <span class='ocrx_word' id='word_1_272' title='bbox 1122 2199 1174 2243; x_wconf 91' lang='lat' dir='ltr'><strong>et</strong></span> <span class='ocrx_word' id='word_1_273' title='bbox 1197 2199 1345 2245; x_wconf 81' lang='lat' dir='ltr'><strong>sexta</strong></span> <span class='ocrx_word' id='word_1_274' title='bbox 1377 2190 1507 2245; x_wconf 83' lang='lat' dir='ltr'><strong>feria</strong></span> <span class='ocrx_word' id='word_1_275' title='bbox 1536 2191 1698 2247; x_wconf 88' lang='lat' dir='ltr'><strong>semel</strong></span> <span class='ocrx_word' id='word_1_276' title='bbox 1725 2193 1779 2246; x_wconf 92' lang='lat' dir='ltr'><strong>in</strong></span> 
     </span>
    </p>
   </div>
   <div class='ocr_carea' id='block_1_39' title="bbox 219 2278 1189 2348">
    <p class='ocr_par' dir='ltr' id='par_1_39' title="bbox 219 2278 1189 2348">
     <span class='ocr_line' id='line_1_39' title="bbox 219 2278 1189 2348; baseline -0.003 -14"><span class='ocrx_word' id='word_1_277' title='bbox 219 2278 426 2336; x_wconf 85' lang='lat' dir='ltr'><strong>Pascha</strong></span> <span class='ocrx_word' id='word_1_278' title='bbox 453 2281 765 2348; x_wconf 77' lang='lat' dir='ltr'><strong>erit&#39;utique</strong></span> <span class='ocrx_word' id='word_1_279' title='bbox 793 2279 1189 2332; x_wconf 88' lang='lat' dir='ltr'><strong>celebrandum.</strong></span> 
     </span>
    </p>
   </div>
   <div class='ocr_carea' id='block_1_40' title="bbox 782 2385 1228 2443">
    <p class='ocr_par' dir='ltr' id='par_1_40' title="bbox 782 2385 1228 2443">
     <span class='ocr_line' id='line_1_40' title="bbox 782 2385 1228 2443; baseline -0.002 0"><span class='ocrx_word' id='word_1_280' title='bbox 782 2385 1006 2443; x_wconf 85' lang='lat' dir='ltr'><strong>CAPUT</strong></span> <span class='ocrx_word' id='word_1_281' title='bbox 1045 2386 1228 2442; x_wconf 84' lang='lat' dir='ltr'><strong>XXIV.</strong></span> 
     </span>
    </p>
   </div>
   <div class='ocr_carea' id='block_1_41' title="bbox 215 2478 1779 2562">
    <p class='ocr_par' dir='ltr' id='par_1_41' title="bbox 215 2478 1779 2562">
     <span class='ocr_line' id='line_1_41' title="bbox 215 2478 1779 2562; baseline -0.003 -23"><span class='ocrx_word' id='word_1_282' title='bbox 215 2479 296 2539; x_wconf 84' lang='lat' dir='ltr'><strong>Dc</strong></span> <span class='ocrx_word' id='word_1_283' title='bbox 314 2482 772 2562; x_wconf 61' lang='lat' dir='ltr'><strong>jejunioquatuqr</strong></span> <span class='ocrx_word' id='word_1_284' title='bbox 807 2478 1159 2562; x_wconf 73' lang='lat' dir='ltr'><strong>sabbatorum,</strong></span> <span class='ocrx_word' id='word_1_285' title='bbox 1189 2480 1479 2562; x_wconf 49' lang='lat' dir='ltr'><strong>innquibus</strong></span> <span class='ocrx_word' id='word_1_286' title='bbox 1508 2481 1779 2536; x_wconf 85' lang='lat' dir='ltr'><strong>duodecim</strong></span> 
     </span>
    </p>
   </div>
   <div class='ocr_carea' id='block_1_42' title="bbox 287 2549 1544 2616">
    <p class='ocr_par' dir='ltr' id='par_1_42' title="bbox 287 2549 1544 2616">
     <span class='ocr_line' id='line_1_42' title="bbox 287 2549 1544 2616; baseline 0 -14"><span class='ocrx_word' id='word_1_287' title='bbox 287 2549 329 2586; x_wconf 73' lang='grc'><strong>-’</strong></span> <span class='ocrx_word' id='word_1_288' title='bbox 368 2549 402 2608; x_wconf 72' lang='grc'><strong>’,</strong></span> <span class='ocrx_word' id='word_1_289' title='bbox 446 2549 687 2604; x_wconf 84' lang='lat' dir='ltr'><strong>lectiones</strong></span> <span class='ocrx_word' id='word_1_290' title='bbox 716 2549 869 2616; x_wconf 80' lang='lat' dir='ltr'><strong>ﬁunt,</strong></span> <span class='ocrx_word' id='word_1_291' title='bbox 910 2559 956 2601; x_wconf 87' lang='lat' dir='ltr'><strong>et</strong></span> <span class='ocrx_word' id='word_1_292' title='bbox 983 2565 1148 2602; x_wconf 71' lang='lat' dir='ltr'><strong>sacra:</strong></span> <span class='ocrx_word' id='word_1_293' title='bbox 1176 2549 1544 2604; x_wconf 86' lang='lat' dir='ltr'><strong>ordinationes.</strong></span> 
     </span>
    </p>
   </div>
   <div class='ocr_carea' id='block_1_43' title="bbox 287 2637 1776 2710">
    <p class='ocr_par' dir='ltr' id='par_1_43' title="bbox 287 2637 1776 2710">
     <span class='ocr_line' id='line_1_43' title="bbox 287 2637 1776 2710; baseline -0.001 -16"><span class='ocrx_word' id='word_1_294' title='bbox 287 2638 424 2694; x_wconf 91' lang='lat' dir='ltr'><strong>Sunt</strong></span> <span class='ocrx_word' id='word_1_295' title='bbox 445 2651 656 2710; x_wconf 90' lang='lat' dir='ltr'><strong>quoque</strong></span> <span class='ocrx_word' id='word_1_296' title='bbox 679 2646 732 2692; x_wconf 92' lang='lat' dir='ltr'><strong>et</strong></span> <span class='ocrx_word' id='word_1_297' title='bbox 757 2637 988 2707; x_wconf 84' lang='lat' dir='ltr'><strong>quatuor</strong></span> <span class='ocrx_word' id='word_1_298' title='bbox 1013 2637 1258 2702; x_wconf 88' lang='lat' dir='ltr'><strong>sabbata,</strong></span> <span class='ocrx_word' id='word_1_299' title='bbox 1285 2637 1336 2690; x_wconf 91' lang='lat' dir='ltr'><strong>in</strong></span> <span class='ocrx_word' id='word_1_300' title='bbox 1367 2647 1596 2707; x_wconf 91' lang='lat' dir='ltr'><strong>quatuor</strong></span> <span class='ocrx_word' id='word_1_301' title='bbox 1625 2655 1776 2694; x_wconf 90' lang='lat' dir='ltr'><strong>men-</strong></span> 
     </span>
    </p>
   </div>
   <div class='ocr_carea' id='block_1_44' title="bbox 215 2729 1770 2802">
    <p class='ocr_par' dir='ltr' id='par_1_44' title="bbox 215 2729 1770 2802">
     <span class='ocr_line' id='line_1_44' title="bbox 215 2729 1770 2802; baseline 0 -17"><span class='ocrx_word' id='word_1_302' title='bbox 215 2731 385 2796; x_wconf 87' lang='lat' dir='ltr'><strong>sibus,</strong></span> <span class='ocrx_word' id='word_1_303' title='bbox 417 2731 621 2802; x_wconf 88' lang='lat' dir='ltr'><strong>singula</strong></span> <span class='ocrx_word' id='word_1_304' title='bbox 649 2745 746 2800; x_wconf 89' lang='lat' dir='ltr'><strong>per</strong></span> <span class='ocrx_word' id='word_1_305' title='bbox 780 2729 1034 2798; x_wconf 87' lang='lat' dir='ltr'><strong>singulos,</strong></span> <span class='ocrx_word' id='word_1_306' title='bbox 1064 2729 1129 2782; x_wconf 92' lang='lat' dir='ltr'><strong>.in</strong></span> <span class='ocrx_word' id='word_1_307' title='bbox 1159 2729 1350 2798; x_wconf 85' lang='lat' dir='ltr'><strong>quibus</strong></span> <span class='ocrx_word' id='word_1_308' title='bbox 1375 2730 1624 2798; x_wconf 88' lang='lat' dir='ltr'><strong>specialia</strong></span> <span class='ocrx_word' id='word_1_309' title='bbox 1641 2730 1770 2799; x_wconf 56' lang='lat' dir='ltr'><strong>jeju-</strong></span> 
     </span>
    </p>
   </div>
   <div class='ocr_carea' id='block_1_45' title="bbox 212 2813 1778 2891">
    <p class='ocr_par' dir='ltr' id='par_1_45' title="bbox 212 2813 1778 2891">
     <span class='ocr_line' id='line_1_45' title="bbox 212 2813 1778 2891; baseline 0.001 -17"><span class='ocrx_word' id='word_1_310' title='bbox 212 2820 300 2874; x_wconf 91' lang='lat' dir='ltr'><strong>nia</strong></span> <span class='ocrx_word' id='word_1_311' title='bbox 328 2828 452 2874; x_wconf 88' lang='lat' dir='ltr'><strong>sunt</strong></span> <span class='ocrx_word' id='word_1_312' title='bbox 472 2820 778 2884; x_wconf 89' lang='lat' dir='ltr'><strong>constituta,</strong></span> <span class='ocrx_word' id='word_1_313' title='bbox 805 2828 860 2874; x_wconf 91' lang='lat' dir='ltr'><strong>et</strong></span> <span class='ocrx_word' id='word_1_314' title='bbox 889 2813 1065 2874; x_wconf 27' lang='lat' dir='ltr'><strong>oﬁicia‘</strong></span> <span class='ocrx_word' id='word_1_315' title='bbox 1106 2819 1191 2873; x_wconf 86' lang='lat' dir='ltr'><strong>his</strong></span> <span class='ocrx_word' id='word_1_316' title='bbox 1216 2820 1403 2875; x_wconf 88' lang='lat' dir='ltr'><strong>diebus</strong></span> <span class='ocrx_word' id='word_1_317' title='bbox 1426 2821 1629 2891; x_wconf 88' lang='lat' dir='ltr'><strong>majora</strong></span> <span class='ocrx_word' id='word_1_318' title='bbox 1659 2837 1778 2876; x_wconf 86' lang='lat' dir='ltr'><strong>ora-</strong></span> 
     </span>
    </p>
   </div>
   <div class='ocr_carea' id='block_1_46' title="bbox 215 2905 1771 2975">
    <p class='ocr_par' dir='ltr' id='par_1_46' title="bbox 215 2905 1771 2975">
     <span class='ocr_line' id='line_1_46' title="bbox 215 2905 1771 2975; baseline 0.004 -15"><span class='ocrx_word' id='word_1_319' title='bbox 215 2908 420 2962; x_wconf 90' lang='lat' dir='ltr'><strong>tionnm</strong></span> <span class='ocrx_word' id='word_1_320' title='bbox 451 2917 505 2962; x_wconf 90' lang='lat' dir='ltr'><strong>et</strong></span> <span class='ocrx_word' id='word_1_321' title='bbox 529 2909 818 2962; x_wconf 89' lang='lat' dir='ltr'><strong>lectionum</strong></span> <span class='ocrx_word' id='word_1_322' title='bbox 850 2909 902 2962; x_wconf 93' lang='lat' dir='ltr'><strong>in</strong></span> <span class='ocrx_word' id='word_1_323' title='bbox 939 2905 1176 2962; x_wconf 82' lang='lat' dir='ltr'><strong>Ecclesia</strong></span> <span class='ocrx_word' id='word_1_324' title='bbox 1200 2908 1561 2975; x_wconf 87' lang='lat' dir='ltr'><strong>celebrantur,</strong></span> <span class='ocrx_word' id='word_1_325' title='bbox 1591 2911 1644 2965; x_wconf 92' lang='lat' dir='ltr'><strong>id</strong></span> <span class='ocrx_word' id='word_1_326' title='bbox 1669 2921 1771 2975; x_wconf 90' lang='lat' dir='ltr'><strong>est,</strong></span> 
     </span>
    </p>
   </div>
   <div class='ocr_carea' id='block_1_47' title="bbox 212 2992 1772 3066">
    <p class='ocr_par' dir='ltr' id='par_1_47' title="bbox 212 2992 1772 3066">
     <span class='ocr_line' id='line_1_47' title="bbox 212 2992 1772 3066; baseline 0.005 -17"><span class='ocrx_word' id='word_1_327' title='bbox 212 2996 265 3049; x_wconf 92' lang='lat' dir='ltr'><strong>in</strong></span> <span class='ocrx_word' id='word_1_328' title='bbox 293 2995 484 3051; x_wconf 80' lang='lat' dir='ltr'><strong>Martio</strong></span> <span class='ocrx_word' id='word_1_329' title='bbox 510 2992 712 3061; x_wconf 87' lang='lat' dir='ltr'><strong>mense,</strong></span> <span class='ocrx_word' id='word_1_330' title='bbox 745 2998 920 3066; x_wconf 90' lang='lat' dir='ltr'><strong>primo</strong></span> <span class='ocrx_word' id='word_1_331' title='bbox 950 2997 1192 3053; x_wconf 88' lang='lat' dir='ltr'><strong>sabbato.</strong></span> <span class='ocrx_word' id='word_1_332' title='bbox 1224 2998 1407 3065; x_wconf 89' lang='lat' dir='ltr'><strong>Quarti</strong></span> <span class='ocrx_word' id='word_1_333' title='bbox 1434 3002 1669 3066; x_wconf 79' lang='lat' dir='ltr'><strong>mensis,</strong></span> <span class='ocrx_word' id='word_1_334' title='bbox 1720 3003 1772 3057; x_wconf 89' lang='lat' dir='ltr'><strong>id</strong></span> 
     </span>
    </p>
   </div>
   <div class='ocr_carea' id='block_1_48' title="bbox 1884 1816 3450 1896">
    <p class='ocr_par' dir='ltr' id='par_1_48' title="bbox 1884 1816 3450 1896">
     <span class='ocr_line' id='line_1_48' title="bbox 1884 1816 3450 1896; baseline 0.001 -17"><span class='ocrx_word' id='word_1_335' title='bbox 1884 1826 2048 1879; x_wconf 80' lang='lat' dir='ltr'><strong>tiones</strong></span> <span class='ocrx_word' id='word_1_336' title='bbox 2073 1836 2245 1882; x_wconf 86' lang='lat' dir='ltr'><strong>autem</strong></span> <span class='ocrx_word' id='word_1_337' title='bbox 2273 1828 2689 1896; x_wconf 80' lang='lat' dir='ltr'><strong>presbyterorum</strong></span> <span class='ocrx_word' id='word_1_338' title='bbox 2731 1828 3170 1896; x_wconf 83' lang='lat' dir='ltr'><strong>diaconorumque</strong></span> <span class='ocrx_word' id='word_1_339' title='bbox 3202 1828 3303 1881; x_wconf 81' lang='lat' dir='ltr'><strong>nisi</strong></span> <span class='ocrx_word' id='word_1_340' title='bbox 3340 1816 3450 1882; x_wconf 78' lang='lat' dir='ltr'><strong>cer-</strong></span> 
     </span>
    </p>
   </div>
   <div class='ocr_carea' id='block_1_49' title="bbox 1835 1918 3445 1986">
    <p class='ocr_par' dir='ltr' id='par_1_49' title="bbox 1835 1918 3445 1986">
     <span class='ocr_line' id='line_1_49' title="bbox 1835 1918 3445 1986; baseline 0.002 -17"><span class='ocrx_word' id='word_1_341' title='bbox 1835 1936 1840 1944; x_wconf 75' lang='grc'><strong>’</strong></span> <span class='ocrx_word' id='word_1_342' title='bbox 1881 1919 1947 1970; x_wconf 86' lang='lat' dir='ltr'><strong>tis</strong></span> <span class='ocrx_word' id='word_1_343' title='bbox 1969 1918 2284 1986; x_wconf 71' lang='lat' dir='ltr'><strong>temporibus</strong></span> <span class='ocrx_word' id='word_1_344' title='bbox 2322 1929 2368 1984; x_wconf 74' lang='lat' dir='ltr'><strong>et</strong></span> <span class='ocrx_word' id='word_1_345' title='bbox 2391 1919 2568 1972; x_wconf 87' lang='lat' dir='ltr'><strong>diebus</strong></span> <span class='ocrx_word' id='word_1_346' title='bbox 2592 1935 2827 1972; x_wconf 72' lang='lat' dir='ltr'><strong>exercere</strong></span> <span class='ocrx_word' id='word_1_347' title='bbox 2866 1934 2966 1971; x_wconf 88' lang='lat' dir='ltr'><strong>non</strong></span> <span class='ocrx_word' id='word_1_348' title='bbox 3001 1918 3234 1979; x_wconf 85' lang='lat' dir='ltr'><strong>debeant,</strong></span> <span class='ocrx_word' id='word_1_349' title='bbox 3266 1919 3316 1972; x_wconf 91' lang='lat' dir='ltr'><strong>id</strong></span> <span class='ocrx_word' id='word_1_350' title='bbox 3347 1926 3445 1978; x_wconf 84' lang='lat' dir='ltr'><strong>est.</strong></span> 
     </span>
    </p>
   </div>
   <div class='ocr_carea' id='block_1_50' title="bbox 1879 2004 3447 2076">
    <p class='ocr_par' dir='ltr' id='par_1_50' title="bbox 1879 2004 3447 2076">
     <span class='ocr_line' id='line_1_50' title="bbox 1879 2004 3447 2076; baseline 0.003 -20"><span class='ocrx_word' id='word_1_351' title='bbox 1879 2004 1932 2057; x_wconf 91' lang='lat' dir='ltr'><strong>in</strong></span> <span class='ocrx_word' id='word_1_352' title='bbox 1952 2005 2126 2074; x_wconf 87' lang='lat' dir='ltr'><strong>quarti</strong></span> <span class='ocrx_word' id='word_1_353' title='bbox 2153 2004 2601 2076; x_wconf 73' lang='lat' dir='ltr'><strong>mensisjejunio,</strong></span> <span class='ocrx_word' id='word_1_354' title='bbox 2620 2008 2830 2076; x_wconf 85' lang='lat' dir='ltr'><strong>septimi</strong></span> <span class='ocrx_word' id='word_1_355' title='bbox 2860 2018 2913 2061; x_wconf 90' lang='lat' dir='ltr'><strong>et</strong></span> <span class='ocrx_word' id='word_1_356' title='bbox 2940 2007 3154 2070; x_wconf 89' lang='lat' dir='ltr'><strong>decimi,</strong></span> <span class='ocrx_word' id='word_1_357' title='bbox 3187 2009 3276 2061; x_wconf 88' lang='lat' dir='ltr'><strong>sed</strong></span> <span class='ocrx_word' id='word_1_358' title='bbox 3292 2007 3447 2062; x_wconf 89' lang='lat' dir='ltr'><strong>etiam</strong></span> 
     </span>
    </p>
   </div>
   <div class='ocr_carea' id='block_1_51' title="bbox 1875 2096 3445 2167">
    <p class='ocr_par' dir='ltr' id='par_1_51' title="bbox 1875 2096 3445 2167">
     <span class='ocr_line' id='line_1_51' title="bbox 1875 2096 3445 2167; baseline 0.003 -19"><span class='ocrx_word' id='word_1_359' title='bbox 1875 2096 2341 2166; x_wconf 84' lang='lat' dir='ltr'><strong>quadragesimalis</strong></span> <span class='ocrx_word' id='word_1_360' title='bbox 2391 2113 2452 2149; x_wconf 89' lang='lat' dir='ltr'><strong>ac</strong></span> <span class='ocrx_word' id='word_1_361' title='bbox 2513 2097 2755 2150; x_wconf 86' lang='lat' dir='ltr'><strong>mediana</strong></span> <span class='ocrx_word' id='word_1_362' title='bbox 2803 2099 2951 2151; x_wconf 86' lang='lat' dir='ltr'><strong>initio</strong></span> <span class='ocrx_word' id='word_1_363' title='bbox 3019 2097 3445 2167; x_wconf 71' lang='lat' dir='ltr'><strong>Quadragesimm</strong></span> 
     </span>
    </p>
   </div>
   <div class='ocr_carea' id='block_1_52' title="bbox 1878 2179 3438 2255">
    <p class='ocr_par' dir='ltr' id='par_1_52' title="bbox 1878 2179 3438 2255">
     <span class='ocr_line' id='line_1_52' title="bbox 1878 2179 3438 2255; baseline 0.002 -18"><span class='ocrx_word' id='word_1_364' title='bbox 1878 2185 1961 2238; x_wconf 89' lang='lat' dir='ltr'><strong>die</strong></span> <span class='ocrx_word' id='word_1_365' title='bbox 1987 2179 2187 2239; x_wconf 79' lang='lat' dir='ltr'><strong>sabbati</strong></span> <span class='ocrx_word' id='word_1_366' title='bbox 2208 2186 2409 2255; x_wconf 76' lang='lat' dir='ltr'><strong>jejunio</strong></span> <span class='ocrx_word' id='word_1_367' title='bbox 2437 2187 2576 2240; x_wconf 84' lang='lat' dir='ltr'><strong>circa</strong></span> <span class='ocrx_word' id='word_1_368' title='bbox 2609 2203 2868 2255; x_wconf 80' lang='lat' dir='ltr'><strong>vesperam</strong></span> <span class='ocrx_word' id='word_1_369' title='bbox 2909 2186 3138 2241; x_wconf 79' lang='lat' dir='ltr'><strong>nct&#39;erint</strong></span> <span class='ocrx_word' id='word_1_370' title='bbox 3173 2186 3438 2240; x_wconf 83' lang='lat' dir='ltr'><strong>celebran-</strong></span> 
     </span>
    </p>
   </div>
   <div class='ocr_carea' id='block_1_53' title="bbox 1878 2273 3446 2345">
    <p class='ocr_par' dir='ltr' id='par_1_53' title="bbox 1878 2273 3446 2345">
     <span class='ocr_line' id='line_1_53' title="bbox 1878 2273 3446 2345; baseline 0.002 -19"><span class='ocrx_word' id='word_1_371' title='bbox 1878 2275 1993 2328; x_wconf 88' lang='lat' dir='ltr'><strong>das.</strong></span> <span class='ocrx_word' id='word_1_372' title='bbox 2041 2273 2223 2328; x_wconf 68' lang='lat' dir='ltr'><strong>Olﬁcia</strong></span> <span class='ocrx_word' id='word_1_373' title='bbox 2249 2282 2428 2329; x_wconf 90' lang='lat' dir='ltr'><strong>autem</strong></span> <span class='ocrx_word' id='word_1_374' title='bbox 2454 2275 2643 2331; x_wconf 86' lang='lat' dir='ltr'><strong>horum</strong></span> <span class='ocrx_word' id='word_1_375' title='bbox 2671 2285 2900 2343; x_wconf 86' lang='lat' dir='ltr'><strong>quatuor</strong></span> <span class='ocrx_word' id='word_1_376' title='bbox 2927 2275 3264 2329; x_wconf 89' lang='lat' dir='ltr'><strong>sabbatorum</strong></span> <span class='ocrx_word' id='word_1_377' title='bbox 3291 2274 3446 2345; x_wconf 90' lang='lat' dir='ltr'><strong>vulgo</strong></span> 
     </span>
    </p>
   </div>
   <div class='ocr_carea' id='block_1_54' title="bbox 1877 2360 3461 2433">
    <p class='ocr_par' dir='ltr' id='par_1_54' title="bbox 1877 2360 3461 2433">
     <span class='ocr_line' id='line_1_54' title="bbox 1877 2360 3461 2433; baseline 0.001 -19"><span class='ocrx_word' id='word_1_378' title='bbox 1877 2361 2158 2422; x_wconf 86' lang='lat' dir='ltr'><strong>duodecim</strong></span> <span class='ocrx_word' id='word_1_379' title='bbox 2195 2360 2453 2417; x_wconf 78' lang='lat' dir='ltr'><strong>lectiones</strong></span> <span class='ocrx_word' id='word_1_380' title='bbox 2478 2373 2758 2433; x_wconf 84' lang='lat' dir='ltr'><strong>vocantur,</strong></span> <span class='ocrx_word' id='word_1_381' title='bbox 2791 2378 2855 2417; x_wconf 91' lang='lat' dir='ltr'><strong>eo</strong></span> <span class='ocrx_word' id='word_1_382' title='bbox 2880 2363 3020 2432; x_wconf 88' lang='lat' dir='ltr'><strong>quod</strong></span> <span class='ocrx_word' id='word_1_383' title='bbox 3048 2379 3168 2416; x_wconf 89' lang='lat' dir='ltr'><strong>cum</strong></span> <span class='ocrx_word' id='word_1_384' title='bbox 3205 2363 3461 2426; x_wconf 39' lang='lat' dir='ltr'><strong>lectioni:</strong></span> 
     </span>
    </p>
   </div>
   <div class='ocr_carea' id='block_1_55' title="bbox 1877 2450 3443 2522">
    <p class='ocr_par' dir='ltr' id='par_1_55' title="bbox 1877 2450 3443 2522">
     <span class='ocr_line' id='line_1_55' title="bbox 1877 2450 3443 2522; baseline 0.001 -17"><span class='ocrx_word' id='word_1_385' title='bbox 1877 2451 1980 2508; x_wconf 90' lang='lat' dir='ltr'><strong>bus</strong></span> <span class='ocrx_word' id='word_1_386' title='bbox 2025 2465 2144 2520; x_wconf 65' lang='lat' dir='ltr'><strong>qum</strong></span> <span class='ocrx_word' id='word_1_387' title='bbox 2182 2451 2467 2521; x_wconf 87' lang='lat' dir='ltr'><strong>leguntur,</strong></span> <span class='ocrx_word' id='word_1_388' title='bbox 2512 2461 2566 2508; x_wconf 91' lang='lat' dir='ltr'><strong>et</strong></span> <span class='ocrx_word' id='word_1_389' title='bbox 2603 2467 2723 2509; x_wconf 89' lang='lat' dir='ltr'><strong>cum</strong></span> <span class='ocrx_word' id='word_1_390' title='bbox 2777 2452 2998 2522; x_wconf 81' lang='lat' dir='ltr'><strong>psalmis</strong></span> <span class='ocrx_word' id='word_1_391' title='bbox 3041 2452 3130 2519; x_wconf 90' lang='lat' dir='ltr'><strong>qui</strong></span> <span class='ocrx_word' id='word_1_392' title='bbox 3178 2450 3443 2521; x_wconf 85' lang='lat' dir='ltr'><strong>leguntur.</strong></span> 
     </span>
    </p>
   </div>
   <div class='ocr_carea' id='block_1_56' title="bbox 1877 2542 3446 2618">
    <p class='ocr_par' dir='ltr' id='par_1_56' title="bbox 1877 2542 3446 2618">
     <span class='ocr_line' id='line_1_56' title="bbox 1877 2542 3446 2618; baseline 0.001 -22"><span class='ocrx_word' id='word_1_393' title='bbox 1877 2542 2236 2598; x_wconf 87' lang='lat' dir='ltr'><strong>duodenarius</strong></span> <span class='ocrx_word' id='word_1_394' title='bbox 2262 2559 2518 2618; x_wconf 89' lang='lat' dir='ltr'><strong>numerus</strong></span> <span class='ocrx_word' id='word_1_395' title='bbox 2548 2543 2892 2612; x_wconf 88' lang='lat' dir='ltr'><strong>adimpletur,</strong></span> <span class='ocrx_word' id='word_1_396' title='bbox 2917 2543 3005 2612; x_wconf 90' lang='lat' dir='ltr'><strong>qui</strong></span> <span class='ocrx_word' id='word_1_397' title='bbox 3050 2543 3446 2597; x_wconf 84' lang='lat' dir='ltr'><strong>benedictiones</strong></span> 
     </span>
    </p>
   </div>
   <div class='ocr_carea' id='block_1_57' title="bbox 1877 2631 3443 2705">
    <p class='ocr_par' dir='ltr' id='par_1_57' title="bbox 1877 2631 3443 2705">
     <span class='ocr_line' id='line_1_57' title="bbox 1877 2631 3443 2705; baseline 0 -19"><span class='ocrx_word' id='word_1_398' title='bbox 1877 2642 2102 2700; x_wconf 87' lang='lat' dir='ltr'><strong>possunt</strong></span> <span class='ocrx_word' id='word_1_399' title='bbox 2133 2635 2336 2698; x_wconf 89' lang='lat' dir='ltr'><strong>vocari,</strong></span> <span class='ocrx_word' id='word_1_400' title='bbox 2363 2650 2428 2690; x_wconf 90' lang='lat' dir='ltr'><strong>eo</strong></span> <span class='ocrx_word' id='word_1_401' title='bbox 2459 2634 2599 2705; x_wconf 86' lang='lat' dir='ltr'><strong>quod</strong></span> <span class='ocrx_word' id='word_1_402' title='bbox 2647 2636 2785 2690; x_wconf 88' lang='lat' dir='ltr'><strong>inter</strong></span> <span class='ocrx_word' id='word_1_403' title='bbox 2811 2635 3096 2690; x_wconf 89' lang='lat' dir='ltr'><strong>canonicas</strong></span> <span class='ocrx_word' id='word_1_404' title='bbox 3140 2631 3443 2704; x_wconf 84' lang='lat' dir='ltr'><strong>Scripturas</strong></span> 
     </span>
    </p>
   </div>
   <div class='ocr_carea' id='block_1_58' title="bbox 1878 2711 2568 2778">
    <p class='ocr_par' dir='ltr' id='par_1_58' title="bbox 1878 2711 2568 2778">
     <span class='ocr_line' id='line_1_58' title="bbox 1878 2711 2568 2778; baseline -0.001 -1"><span class='ocrx_word' id='word_1_405' title='bbox 1878 2711 2319 2778; x_wconf 72' lang='lat' dir='ltr'><strong>annumerantur.</strong></span> <span class='ocrx_word' id='word_1_406' title='bbox 2565 2717 2568 2719; x_wconf 12' lang='grc' dir='ltr'><strong>Α</strong></span> 
     </span>
    </p>
   </div>
   <div class='ocr_carea' id='block_1_59' title="bbox 2449 2813 2879 2872">
    <p class='ocr_par' dir='ltr' id='par_1_59' title="bbox 2449 2813 2879 2872">
     <span class='ocr_line' id='line_1_59' title="bbox 2449 2813 2879 2872; baseline -0.007 -1"><span class='ocrx_word' id='word_1_407' title='bbox 2449 2814 2677 2872; x_wconf 82' lang='lat' dir='ltr'><strong>CAPUT</strong></span> <span class='ocrx_word' id='word_1_408' title='bbox 2716 2813 2879 2870; x_wconf 76' lang='lat' dir='ltr'><strong>XXV.</strong></span> 
     </span>
    </p>
   </div>
   <div class='ocr_carea' id='block_1_60' title="bbox 2183 2903 2951 2974">
    <p class='ocr_par' dir='ltr' id='par_1_60' title="bbox 2183 2903 2951 2974">
     <span class='ocr_line' id='line_1_60' title="bbox 2183 2903 2951 2974; baseline -0.003 -16"><span class='ocrx_word' id='word_1_409' title='bbox 2183 2964 2185 2966; x_wconf 32' lang='grc' dir='ltr'><strong>η</strong></span> <span class='ocrx_word' id='word_1_410' title='bbox 2371 2903 2448 2958; x_wconf 86' lang='lat' dir='ltr'><strong>De</strong></span> <span class='ocrx_word' id='word_1_411' title='bbox 2481 2905 2694 2974; x_wconf 83' lang='lat' dir='ltr'><strong>privatis</strong></span> <span class='ocrx_word' id='word_1_412' title='bbox 2711 2903 2824 2974; x_wconf 87' lang='lat' dir='ltr'><strong>jeju</strong></span> <span class='ocrx_word' id='word_1_413' title='bbox 2834 2905 2951 2958; x_wconf 87' lang='lat' dir='ltr'><strong>niis.</strong></span> 
     </span>
    </p>
   </div>
   <div class='ocr_carea' id='block_1_61' title="bbox 1946 2993 3436 3063">
    <p class='ocr_par' dir='ltr' id='par_1_61' title="bbox 1946 2993 3436 3063">
     <span class='ocr_line' id='line_1_61' title="bbox 1946 2993 3436 3063; baseline 0 -15"><span class='ocrx_word' id='word_1_414' title='bbox 1946 2995 2210 3052; x_wconf 60' lang='lat' dir='ltr'><strong>Praeterea</strong></span> <span class='ocrx_word' id='word_1_415' title='bbox 2238 2995 2526 3063; x_wconf 89' lang='lat' dir='ltr'><strong>unicuique</strong></span> <span class='ocrx_word' id='word_1_416' title='bbox 2557 2995 2681 3048; x_wconf 88' lang='lat' dir='ltr'><strong>licet</strong></span> <span class='ocrx_word' id='word_1_417' title='bbox 2728 3002 2785 3046; x_wconf 89' lang='lat' dir='ltr'><strong>ut</strong></span> <span class='ocrx_word' id='word_1_418' title='bbox 2812 2994 2938 3048; x_wconf 89' lang='lat' dir='ltr'><strong>libet</strong></span> <span class='ocrx_word' id='word_1_419' title='bbox 2972 2993 3294 3061; x_wconf 90' lang='lat' dir='ltr'><strong>jejuniorum</strong></span> <span class='ocrx_word' id='word_1_420' title='bbox 3327 3009 3436 3048; x_wconf 82' lang='lat' dir='ltr'><strong>mo—</strong></span> 
     </span>
    </p>
   </div>
   <div class='ocr_carea' id='block_1_62' title="bbox 210 3060 3436 3155">
    <p class='ocr_par' dir='ltr' id='par_1_62' title="bbox 210 3060 3436 3155">
     <span class='ocr_line' id='line_1_62' title="bbox 210 3060 3436 3155; baseline 0 -18"><span class='ocrx_word' id='word_1_421' title='bbox 210 3095 312 3150; x_wconf 90' lang='lat' dir='ltr'><strong>est,</strong></span> <span class='ocrx_word' id='word_1_422' title='bbox 344 3081 507 3138; x_wconf 79' lang='lat' dir='ltr'><strong>Junii.</strong></span> <span class='ocrx_word' id='word_1_423' title='bbox 558 3084 614 3137; x_wconf 92' lang='lat' dir='ltr'><strong>In</strong></span> <span class='ocrx_word' id='word_1_424' title='bbox 662 3060 874 3153; x_wconf 77' lang='lat' dir='ltr'><strong>septimi</strong></span> <span class='ocrx_word' id='word_1_425' title='bbox 920 3099 1131 3155; x_wconf 91' lang='lat' dir='ltr'><strong>quoque</strong></span> <span class='ocrx_word' id='word_1_426' title='bbox 1181 3060 1399 3152; x_wconf 72' lang='lat' dir='ltr'><strong>mensis,</strong></span> <span class='ocrx_word' id='word_1_427' title='bbox 1447 3089 1500 3143; x_wconf 94' lang='lat' dir='ltr'><strong>id</strong></span> <span class='ocrx_word' id='word_1_428' title='bbox 1547 3097 1629 3144; x_wconf 90' lang='lat' dir='ltr'><strong>est</strong></span> <span class='ocrx_word' id='word_1_429' title='bbox 1656 3060 1770 3145; x_wconf 32' lang='lat' dir='ltr'><strong>&#39;Se-</strong></span> <span class='ocrx_word' id='word_1_430' title='bbox 1799 3067 1842 3128; x_wconf 67' lang='grc' dir='ltr'><strong>Ο</strong></span> <span class='ocrx_word' id='word_1_431' title='bbox 1874 3060 1999 3140; x_wconf 85' lang='lat' dir='ltr'><strong>dum</strong></span> <span class='ocrx_word' id='word_1_432' title='bbox 2047 3077 2266 3150; x_wconf 78' lang='lat' dir='ltr'><strong>habere,</strong></span> <span class='ocrx_word' id='word_1_433' title='bbox 2314 3098 2408 3140; x_wconf 83' lang='lat' dir='ltr'><strong>seu</strong></span> <span class='ocrx_word' id='word_1_434' title='bbox 2442 3060 2681 3138; x_wconf 79' lang='lat' dir='ltr'><strong>inediam</strong></span> <span class='ocrx_word' id='word_1_435' title='bbox 2718 3060 3034 3148; x_wconf 75' lang='lat' dir='ltr'><strong>extendere,</strong></span> <span class='ocrx_word' id='word_1_436' title='bbox 3081 3092 3288 3138; x_wconf 84' lang='lat' dir='ltr'><strong>servata</strong></span> <span class='ocrx_word' id='word_1_437' title='bbox 3327 3100 3436 3154; x_wconf 79' lang='lat' dir='ltr'><strong>pne</strong></span> 
     </span>
    </p>
   </div>
   <div class='ocr_carea' id='block_1_63' title="bbox 201 3171 1770 3247">
    <p class='ocr_par' dir='ltr' id='par_1_63' title="bbox 201 3171 1770 3247">
     <span class='ocr_line' id='line_1_63' title="bbox 201 3171 1770 3247; baseline 0.005 -22"><span class='ocrx_word' id='word_1_438' title='bbox 201 3171 490 3242; x_wconf 84' lang='lat' dir='ltr'><strong>ptembris,</strong></span> <span class='ocrx_word' id='word_1_439' title='bbox 513 3172 672 3228; x_wconf 89' lang='lat' dir='ltr'><strong>tertio</strong></span> <span class='ocrx_word' id='word_1_440' title='bbox 694 3172 939 3247; x_wconf 81' lang='lat' dir='ltr'><strong>sabbato,</strong></span> <span class='ocrx_word' id='word_1_441' title='bbox 966 3182 1020 3228; x_wconf 89' lang='lat' dir='ltr'><strong>et</strong></span> <span class='ocrx_word' id='word_1_442' title='bbox 1039 3174 1091 3227; x_wconf 91' lang='lat' dir='ltr'><strong>in</strong></span> <span class='ocrx_word' id='word_1_443' title='bbox 1118 3184 1308 3244; x_wconf 86' lang='lat' dir='ltr'><strong>quarto</strong></span> <span class='ocrx_word' id='word_1_444' title='bbox 1331 3177 1552 3232; x_wconf 91' lang='lat' dir='ltr'><strong>sabbato</strong></span> <span class='ocrx_word' id='word_1_445' title='bbox 1578 3178 1770 3233; x_wconf 90' lang='lat' dir='ltr'><strong>decimi</strong></span> 
     </span>
    </p>
   </div>
   <div class='ocr_carea' id='block_1_64' title="bbox 205 3258 1767 3336">
    <p class='ocr_par' dir='ltr' id='par_1_64' title="bbox 205 3258 1767 3336">
     <span class='ocr_line' id='line_1_64' title="bbox 205 3258 1767 3336; baseline 0.003 -19"><span class='ocrx_word' id='word_1_446' title='bbox 205 3258 429 3322; x_wconf 88' lang='lat' dir='ltr'><strong>mensis.</strong></span> <span class='ocrx_word' id='word_1_447' title='bbox 462 3261 513 3315; x_wconf 91' lang='lat' dir='ltr'><strong>id</strong></span> <span class='ocrx_word' id='word_1_448' title='bbox 557 3271 659 3326; x_wconf 91' lang='lat' dir='ltr'><strong>est,</strong></span> <span class='ocrx_word' id='word_1_449' title='bbox 703 3261 1030 3317; x_wconf 90' lang='lat' dir='ltr'><strong>Decembris.</strong></span> <span class='ocrx_word' id='word_1_450' title='bbox 1060 3263 1296 3330; x_wconf 82' lang='lat' dir='ltr'><strong>Quorum</strong></span> <span class='ocrx_word' id='word_1_451' title='bbox 1343 3266 1573 3335; x_wconf 90' lang='lat' dir='ltr'><strong>primum</strong></span> <span class='ocrx_word' id='word_1_452' title='bbox 1614 3265 1767 3336; x_wconf 81' lang='lat' dir='ltr'><strong>juxta</strong></span> 
     </span>
    </p>
   </div>
   <div class='ocr_carea' id='block_1_65' title="bbox 205 3339 1766 3424">
    <p class='ocr_par' dir='ltr' id='par_1_65' title="bbox 205 3339 1766 3424">
     <span class='ocr_line' id='line_1_65' title="bbox 205 3339 1766 3424; baseline 0.005 -20"><span class='ocrx_word' id='word_1_453' title='bbox 205 3349 636 3404; x_wconf 86' lang='lat' dir='ltr'><strong>observationem</strong></span> <span class='ocrx_word' id='word_1_454' title='bbox 667 3349 1099 3424; x_wconf 75' lang='lat' dir='ltr'><strong>Quadragesintae</strong></span> <span class='ocrx_word' id='word_1_455' title='bbox 1128 3339 1293 3408; x_wconf 76' lang='lat' dir='ltr'><strong>verno</strong></span> <span class='ocrx_word' id='word_1_456' title='bbox 1337 3363 1577 3424; x_wconf 91' lang='lat' dir='ltr'><strong>tempore</strong></span> <span class='ocrx_word' id='word_1_457' title='bbox 1625 3358 1766 3412; x_wconf 86' lang='lat' dir='ltr'><strong>cele-</strong></span> 
     </span>
    </p>
   </div>
   <div class='ocr_carea' id='block_1_66' title="bbox 204 3426 1769 3512">
    <p class='ocr_par' dir='ltr' id='par_1_66' title="bbox 204 3426 1769 3512">
     <span class='ocr_line' id='line_1_66' title="bbox 204 3426 1769 3512; baseline 0.006 -20"><span class='ocrx_word' id='word_1_458' title='bbox 204 3439 415 3502; x_wconf 88' lang='lat' dir='ltr'><strong>bratur,</strong></span> <span class='ocrx_word' id='word_1_459' title='bbox 439 3440 650 3508; x_wconf 90' lang='lat' dir='ltr'><strong>quando</strong></span> <span class='ocrx_word' id='word_1_460' title='bbox 699 3442 899 3495; x_wconf 88' lang='lat' dir='ltr'><strong>mensis</strong></span> <span class='ocrx_word' id='word_1_461' title='bbox 929 3455 1186 3498; x_wconf 87' lang='lat' dir='ltr'><strong>novorum</strong></span> <span class='ocrx_word' id='word_1_462' title='bbox 1237 3426 1374 3512; x_wconf 80' lang='lat' dir='ltr'><strong>apud</strong></span> <span class='ocrx_word' id='word_1_463' title='bbox 1427 3445 1638 3501; x_wconf 70' lang='lat' dir='ltr'><strong>Judteos</strong></span> <span class='ocrx_word' id='word_1_464' title='bbox 1671 3448 1769 3501; x_wconf 87' lang='lat' dir='ltr'><strong>ha-</strong></span> 
     </span>
    </p>
   </div>
   <div class='ocr_carea' id='block_1_67' title="bbox 205 3528 1768 3604">
    <p class='ocr_par' dir='ltr' id='par_1_67' title="bbox 205 3528 1768 3604">
     <span class='ocr_line' id='line_1_67' title="bbox 205 3528 1768 3604; baseline 0.008 -22"><span class='ocrx_word' id='word_1_465' title='bbox 205 3529 454 3582; x_wconf 89' lang='lat' dir='ltr'><strong>bebatur.</strong></span> <span class='ocrx_word' id='word_1_466' title='bbox 486 3528 791 3584; x_wconf 88' lang='lat' dir='ltr'><strong>Secundum</strong></span> <span class='ocrx_word' id='word_1_467' title='bbox 821 3539 997 3586; x_wconf 79' lang='lat' dir='ltr'><strong>autem</strong></span> <span class='ocrx_word' id='word_1_468' title='bbox 1043 3533 1093 3586; x_wconf 90' lang='lat' dir='ltr'><strong>in</strong></span> <span class='ocrx_word' id='word_1_469' title='bbox 1122 3530 1328 3600; x_wconf 90' lang='lat' dir='ltr'><strong>jejunio</strong></span> <span class='ocrx_word' id='word_1_470' title='bbox 1347 3544 1466 3604; x_wconf 92' lang='lat' dir='ltr'><strong>post</strong></span> <span class='ocrx_word' id='word_1_471' title='bbox 1512 3537 1768 3594; x_wconf 89' lang='lat' dir='ltr'><strong>Penteco-</strong></span> 
     </span>
    </p>
   </div>
   <div class='ocr_carea' id='block_1_68' title="bbox 203 3622 1766 3694">
    <p class='ocr_par' dir='ltr' id='par_1_68' title="bbox 203 3622 1766 3694">
     <span class='ocr_line' id='line_1_68' title="bbox 203 3622 1766 3694; baseline 0.007 -20"><span class='ocrx_word' id='word_1_472' title='bbox 203 3631 322 3674; x_wconf 86' lang='lat' dir='ltr'><strong>sten</strong></span> <span class='ocrx_word' id='word_1_473' title='bbox 377 3622 580 3676; x_wconf 62' lang='lat' dir='ltr'><strong>acstatis</strong></span> <span class='ocrx_word' id='word_1_474' title='bbox 623 3623 895 3691; x_wconf 82' lang='lat' dir='ltr'><strong>tempore,</strong></span> <span class='ocrx_word' id='word_1_475' title='bbox 945 3625 1160 3692; x_wconf 85' lang='lat' dir='ltr'><strong>quando</strong></span> <span class='ocrx_word' id='word_1_476' title='bbox 1206 3627 1348 3694; x_wconf 86' lang='lat' dir='ltr'><strong>apud</strong></span> <span class='ocrx_word' id='word_1_477' title='bbox 1395 3625 1608 3682; x_wconf 74' lang='lat' dir='ltr'><strong>Judzeos</strong></span> <span class='ocrx_word' id='word_1_478' title='bbox 1652 3629 1766 3686; x_wconf 82' lang='lat' dir='ltr'><strong>dies</strong></span> 
     </span>
    </p>
   </div>
   <div class='ocr_carea' id='block_1_69' title="bbox 201 3711 1765 3785">
    <p class='ocr_par' dir='ltr' id='par_1_69' title="bbox 201 3711 1765 3785">
     <span class='ocr_line' id='line_1_69' title="bbox 201 3711 1765 3785; baseline 0.008 -22"><span class='ocrx_word' id='word_1_479' title='bbox 201 3711 562 3778; x_wconf 90' lang='lat' dir='ltr'><strong>primitiarum</strong></span> <span class='ocrx_word' id='word_1_480' title='bbox 606 3728 670 3766; x_wconf 90' lang='lat' dir='ltr'><strong>ex</strong></span> <span class='ocrx_word' id='word_1_481' title='bbox 706 3713 846 3784; x_wconf 77' lang='lat' dir='ltr'><strong>iegis</strong></span> <span class='ocrx_word' id='word_1_482' title='bbox 887 3725 1151 3784; x_wconf 73' lang='lat' dir='ltr'><strong>praecepto</strong></span> <span class='ocrx_word' id='word_1_483' title='bbox 1206 3718 1672 3785; x_wconf 87' lang='lat' dir='ltr'><strong>custodiebantur,</strong></span> <span class='ocrx_word' id='word_1_484' title='bbox 1712 3722 1765 3775; x_wconf 91' lang='lat' dir='ltr'><strong>id</strong></span> 
     </span>
    </p>
   </div>
   <div class='ocr_carea' id='block_1_70' title="bbox 199 3796 1764 3874">
    <p class='ocr_par' dir='ltr' id='par_1_70' title="bbox 199 3796 1764 3874">
     <span class='ocr_line' id='line_1_70' title="bbox 199 3796 1764 3874; baseline 0.006 -20"><span class='ocrx_word' id='word_1_485' title='bbox 199 3808 304 3863; x_wconf 82' lang='lat' dir='ltr'><strong>est,</strong></span> <span class='ocrx_word' id='word_1_486' title='bbox 339 3803 405 3854; x_wconf 91' lang='lat' dir='ltr'><strong>de</strong></span> <span class='ocrx_word' id='word_1_487' title='bbox 448 3800 687 3870; x_wconf 79' lang='lat' dir='ltr'><strong>frugibus</strong></span> <span class='ocrx_word' id='word_1_488' title='bbox 727 3802 883 3870; x_wconf 90' lang='lat' dir='ltr'><strong>primi</strong></span> <span class='ocrx_word' id='word_1_489' title='bbox 933 3818 1097 3871; x_wconf 88' lang='lat' dir='ltr'><strong>panes</strong></span> <span class='ocrx_word' id='word_1_490' title='bbox 1145 3804 1252 3858; x_wconf 90' lang='lat' dir='ltr'><strong>Deo</strong></span> <span class='ocrx_word' id='word_1_491' title='bbox 1291 3796 1678 3874; x_wconf 75' lang='lat' dir='ltr'><strong>oﬁ‘erebantnr;</strong></span> <span class='ocrx_word' id='word_1_492' title='bbox 1711 3819 1764 3864; x_wconf 91' lang='lat' dir='ltr'><strong>et</strong></span> 
     </span>
    </p>
   </div>
   <div class='ocr_carea' id='block_1_71' title="bbox 198 3886 1761 3958">
    <p class='ocr_par' dir='ltr' id='par_1_71' title="bbox 198 3886 1761 3958">
     <span class='ocr_line' id='line_1_71' title="bbox 198 3886 1761 3958; baseline 0.008 -18"><span class='ocrx_word' id='word_1_493' title='bbox 198 3888 369 3941; x_wconf 89' lang='lat' dir='ltr'><strong>otium</strong></span> <span class='ocrx_word' id='word_1_494' title='bbox 401 3886 692 3958; x_wconf 89' lang='lat' dir='ltr'><strong>legitimum</strong></span> <span class='ocrx_word' id='word_1_495' title='bbox 720 3889 885 3957; x_wconf 91' lang='lat' dir='ltr'><strong>ipsius</strong></span> <span class='ocrx_word' id='word_1_496' title='bbox 927 3890 1030 3944; x_wconf 88' lang='lat' dir='ltr'><strong>diei</strong></span> <span class='ocrx_word' id='word_1_497' title='bbox 1059 3891 1376 3947; x_wconf 90' lang='lat' dir='ltr'><strong>celebratur.</strong></span> <span class='ocrx_word' id='word_1_498' title='bbox 1414 3893 1652 3951; x_wconf 90' lang='lat' dir='ltr'><strong>Tertium</strong></span> <span class='ocrx_word' id='word_1_499' title='bbox 1679 3908 1761 3953; x_wconf 90' lang='lat' dir='ltr'><strong>est</strong></span> 
     </span>
    </p>
   </div>
   <div class='ocr_carea' id='block_1_72' title="bbox 199 3977 1757 4056">
    <p class='ocr_par' dir='ltr' id='par_1_72' title="bbox 199 3977 1757 4056">
     <span class='ocr_line' id='line_1_72' title="bbox 199 3977 1757 4056; baseline 0.007 -25"><span class='ocrx_word' id='word_1_500' title='bbox 199 3977 252 4031; x_wconf 89' lang='lat' dir='ltr'><strong>in</strong></span> <span class='ocrx_word' id='word_1_501' title='bbox 281 3978 510 4046; x_wconf 87' lang='lat' dir='ltr'><strong>septimo</strong></span> <span class='ocrx_word' id='word_1_502' title='bbox 545 3992 747 4043; x_wconf 84' lang='lat' dir='ltr'><strong>mense,</strong></span> <span class='ocrx_word' id='word_1_503' title='bbox 789 3980 1026 4033; x_wconf 84' lang='lat' dir='ltr'><strong>autumni</strong></span> <span class='ocrx_word' id='word_1_504' title='bbox 1075 3981 1322 4036; x_wconf 90' lang='lat' dir='ltr'><strong>videlicet</strong></span> <span class='ocrx_word' id='word_1_505' title='bbox 1359 3992 1616 4054; x_wconf 88' lang='lat' dir='ltr'><strong>tempore,</strong></span> <span class='ocrx_word' id='word_1_506' title='bbox 1667 3989 1757 4056; x_wconf 91' lang='lat' dir='ltr'><strong>qui</strong></span> 
     </span>
    </p>
   </div>
   <div class='ocr_carea' id='block_1_73' title="bbox 145 4065 1752 4141">
    <p class='ocr_par' dir='ltr' id='par_1_73' title="bbox 145 4065 1752 4141">
     <span class='ocr_line' id='line_1_73' title="bbox 145 4065 1752 4141; baseline 0.008 -23"><span class='ocrx_word' id='word_1_507' title='bbox 145 4104 148 4105; x_wconf 47' lang='grc' dir='ltr'><em>ν</em></span> <span class='ocrx_word' id='word_1_508' title='bbox 197 4073 343 4119; x_wconf 81' lang='lat' dir='ltr'><strong>totus</strong></span> <span class='ocrx_word' id='word_1_509' title='bbox 377 4065 430 4119; x_wconf 92' lang='lat' dir='ltr'><strong>in</strong></span> <span class='ocrx_word' id='word_1_510' title='bbox 450 4065 566 4136; x_wconf 90' lang='lat' dir='ltr'><strong>lege</strong></span> <span class='ocrx_word' id='word_1_511' title='bbox 598 4067 762 4121; x_wconf 90' lang='lat' dir='ltr'><strong>variis</strong></span> <span class='ocrx_word' id='word_1_512' title='bbox 799 4068 1224 4124; x_wconf 87' lang='lat' dir='ltr'><strong>solemnitatibus</strong></span> <span class='ocrx_word' id='word_1_513' title='bbox 1251 4069 1360 4127; x_wconf 89' lang='lat' dir='ltr'><strong>Deo</strong></span> <span class='ocrx_word' id='word_1_514' title='bbox 1381 4073 1589 4129; x_wconf 91' lang='lat' dir='ltr'><strong>dicatus</strong></span> <span class='ocrx_word' id='word_1_515' title='bbox 1617 4085 1752 4141; x_wconf 90' lang='lat' dir='ltr'><strong>erat,</strong></span> 
     </span>
    </p>
   </div>
   <div class='ocr_carea' id='block_1_74' title="bbox 196 4156 1755 4241">
    <p class='ocr_par' dir='ltr' id='par_1_74' title="bbox 196 4156 1755 4241">
     <span class='ocr_line' id='line_1_74' title="bbox 196 4156 1755 4241; baseline 0.008 -31"><span class='ocrx_word' id='word_1_516' title='bbox 196 4156 247 4211; x_wconf 90' lang='lat' dir='ltr'><strong>in</strong></span> <span class='ocrx_word' id='word_1_517' title='bbox 282 4171 394 4226; x_wconf 92' lang='lat' dir='ltr'><strong>quo</strong></span> <span class='ocrx_word' id='word_1_518' title='bbox 442 4158 554 4213; x_wconf 86' lang='lat' dir='ltr'><strong>dies</strong></span> <span class='ocrx_word' id='word_1_519' title='bbox 592 4159 954 4228; x_wconf 73' lang='lat' dir='ltr'><strong>espiationum</strong></span> <span class='ocrx_word' id='word_1_520' title='bbox 994 4168 1142 4227; x_wconf 90' lang='lat' dir='ltr'><strong>erat,</strong></span> <span class='ocrx_word' id='word_1_521' title='bbox 1179 4162 1387 4218; x_wconf 89' lang='lat' dir='ltr'><strong>dicente</strong></span> <span class='ocrx_word' id='word_1_522' title='bbox 1413 4165 1642 4241; x_wconf 76' lang='lat' dir='ltr'><strong>Domino</strong></span> <span class='ocrx_word' id='word_1_523' title='bbox 1687 4169 1755 4224; x_wconf 88' lang='lat' dir='ltr'><strong>ad</strong></span> 
     </span>
    </p>
   </div>
   <div class='ocr_carea' id='block_1_75' title="bbox 193 4248 1753 4326">
    <p class='ocr_par' dir='ltr' id='par_1_75' title="bbox 193 4248 1753 4326">
     <span class='ocr_line' id='line_1_75' title="bbox 193 4248 1753 4326; baseline 0.006 -23"><span class='ocrx_word' id='word_1_524' title='bbox 193 4249 417 4320; x_wconf 64' lang='lat' dir='ltr'><strong>Moysen</strong></span> <span class='ocrx_word' id='word_1_525' title='bbox 468 4267 480 4303; x_wconf 89' lang='lat'><strong>:</strong></span> <span class='ocrx_word' id='word_1_526' title='bbox 531 4249 744 4304; x_wconf 88' lang='lat' dir='ltr'><strong>Decima</strong></span> <span class='ocrx_word' id='word_1_527' title='bbox 789 4253 874 4305; x_wconf 89' lang='lat' dir='ltr'><strong>die</strong></span> <span class='ocrx_word' id='word_1_528' title='bbox 915 4248 1102 4306; x_wconf 77' lang='lat' dir='ltr'><strong>mensis</strong></span> <span class='ocrx_word' id='word_1_529' title='bbox 1158 4254 1315 4324; x_wconf 81' lang='lat' dir='ltr'><strong>hujus</strong></span> <span class='ocrx_word' id='word_1_530' title='bbox 1357 4258 1753 4326; x_wconf 48' lang='lat' dir='ltr'><strong>septimipdies</strong></span> 
     </span>
    </p>
   </div>
   <div class='ocr_carea' id='block_1_76' title="bbox 190 4339 1748 4412">
    <p class='ocr_par' dir='ltr' id='par_1_76' title="bbox 190 4339 1748 4412">
     <span class='ocr_line' id='line_1_76' title="bbox 190 4339 1748 4412; baseline 0.006 -20"><span class='ocrx_word' id='word_1_531' title='bbox 190 4339 549 4408; x_wconf 67' lang='lat' dir='ltr'><strong>expiationum</strong></span> <span class='ocrx_word' id='word_1_532' title='bbox 562 4342 658 4394; x_wconf 88' lang='lat' dir='ltr'><strong>erit</strong></span> <span class='ocrx_word' id='word_1_533' title='bbox 680 4357 741 4394; x_wconf 89' lang='lat' dir='ltr'><strong>ac</strong></span> <span class='ocrx_word' id='word_1_534' title='bbox 766 4339 1143 4407; x_wconf 78' lang='lat' dir='ltr'><strong>celeberrimus,</strong></span> <span class='ocrx_word' id='word_1_535' title='bbox 1167 4352 1214 4397; x_wconf 92' lang='lat' dir='ltr'><strong>et</strong></span> <span class='ocrx_word' id='word_1_536' title='bbox 1237 4345 1504 4398; x_wconf 74' lang='lat' dir='ltr'><strong>vocabitur</strong></span> <span class='ocrx_word' id='word_1_537' title='bbox 1524 4357 1748 4412; x_wconf 80' lang='lat' dir='ltr'><strong>sanctus,</strong></span> 
     </span>
    </p>
   </div>
   <div class='ocr_carea' id='block_1_77' title="bbox 189 4429 1750 4502">
    <p class='ocr_par' dir='ltr' id='par_1_77' title="bbox 189 4429 1750 4502">
     <span class='ocr_line' id='line_1_77' title="bbox 189 4429 1750 4502; baseline 0.006 -21"><span class='ocrx_word' id='word_1_538' title='bbox 189 4429 526 4498; x_wconf 68' lang='lat' dir='ltr'><strong>ajﬂigetisque</strong></span> <span class='ocrx_word' id='word_1_539' title='bbox 550 4430 750 4484; x_wconf 82' lang='lat' dir='ltr'><strong>animas</strong></span> <span class='ocrx_word' id='word_1_540' title='bbox 780 4440 971 4484; x_wconf 79' lang='lat' dir='ltr'><strong>vestras</strong></span> <span class='ocrx_word' id='word_1_541' title='bbox 1001 4433 1055 4485; x_wconf 92' lang='lat' dir='ltr'><strong>in</strong></span> <span class='ocrx_word' id='word_1_542' title='bbox 1084 4448 1160 4495; x_wconf 91' lang='lat' dir='ltr'><strong>eo,</strong></span> <span class='ocrx_word' id='word_1_543' title='bbox 1191 4442 1238 4485; x_wconf 88' lang='lat' dir='ltr'><strong>et</strong></span> <span class='ocrx_word' id='word_1_544' title='bbox 1264 4434 1488 4502; x_wconf 83' lang='lat' dir='ltr'><strong>o/feretis</strong></span> <span class='ocrx_word' id='word_1_545' title='bbox 1509 4435 1750 4490; x_wconf 80' lang='lat' dir='ltr'><strong>holocau-</strong></span> 
     </span>
    </p>
   </div>
   <div class='ocr_carea' id='block_1_78' title="bbox 187 4517 1747 4595">
    <p class='ocr_par' dir='ltr' id='par_1_78' title="bbox 187 4517 1747 4595">
     <span class='ocr_line' id='line_1_78' title="bbox 187 4517 1747 4595; baseline 0.006 -25"><span class='ocrx_word' id='word_1_546' title='bbox 187 4528 323 4571; x_wconf 84' lang='lat' dir='ltr'><strong>stum</strong></span> <span class='ocrx_word' id='word_1_547' title='bbox 351 4517 594 4572; x_wconf 86' lang='lat' dir='ltr'><strong>Domino.</strong></span> <span class='ocrx_word' id='word_1_548' title='bbox 631 4517 793 4574; x_wconf 84' lang='lat' dir='ltr'><strong>Omne</strong></span> <span class='ocrx_word' id='word_1_549' title='bbox 818 4535 943 4590; x_wconf 87' lang='lat' dir='ltr'><strong>opus</strong></span> <span class='ocrx_word' id='word_1_550' title='bbox 968 4537 1073 4573; x_wconf 90' lang='lat' dir='ltr'><strong>non</strong></span> <span class='ocrx_word' id='word_1_551' title='bbox 1090 4520 1290 4588; x_wconf 80' lang='lat' dir='ltr'><strong>facietis</strong></span> <span class='ocrx_word' id='word_1_552' title='bbox 1316 4525 1369 4576; x_wconf 83' lang='lat' dir='ltr'><strong>in</strong></span> <span class='ocrx_word' id='word_1_553' title='bbox 1393 4534 1616 4595; x_wconf 86' lang='lat' dir='ltr'><strong>tempore</strong></span> <span class='ocrx_word' id='word_1_554' title='bbox 1644 4527 1747 4580; x_wconf 89' lang='lat' dir='ltr'><strong>diei</strong></span> 
     </span>
    </p>
   </div>
   <div class='ocr_carea' id='block_1_79' title="bbox 186 4598 1750 4682">
    <p class='ocr_par' dir='ltr' id='par_1_79' title="bbox 186 4598 1750 4682">
     <span class='ocr_line' id='line_1_79' title="bbox 186 4598 1750 4682; baseline 0.008 -23"><span class='ocrx_word' id='word_1_555' title='bbox 186 4609 368 4677; x_wconf 74' lang='lat' dir='ltr'><strong>hujus,</strong></span> <span class='ocrx_word' id='word_1_556' title='bbox 395 4609 516 4677; x_wconf 82' lang='lat' dir='ltr'><strong>quia</strong></span> <span class='ocrx_word' id='word_1_557' title='bbox 538 4609 646 4662; x_wconf 82' lang='lat' dir='ltr'><strong>dies</strong></span> <span class='ocrx_word' id='word_1_558' title='bbox 676 4610 1056 4678; x_wconf 85' lang='lat' dir='ltr'><strong>propitiationis</strong></span> <span class='ocrx_word' id='word_1_559' title='bbox 1080 4622 1173 4674; x_wconf 87' lang='lat' dir='ltr'><strong>est,</strong></span> <span class='ocrx_word' id='word_1_560' title='bbox 1204 4623 1258 4664; x_wconf 89' lang='lat' dir='ltr'><strong>ut</strong></span> <span class='ocrx_word' id='word_1_561' title='bbox 1281 4598 1588 4682; x_wconf 80' lang='lat' dir='ltr'><strong>propitiatur</strong></span> <span class='ocrx_word' id='word_1_562' title='bbox 1607 4617 1750 4670; x_wconf 84' lang='lat' dir='ltr'><strong>vobis</strong></span> 
     </span>
    </p>
   </div>
   <div class='ocr_carea' id='block_1_80' title="bbox 185 4696 1743 4767">
    <p class='ocr_par' dir='ltr' id='par_1_80' title="bbox 185 4696 1743 4767">
     <span class='ocr_line' id='line_1_80' title="bbox 185 4696 1743 4767; baseline 0.005 -17"><span class='ocrx_word' id='word_1_563' title='bbox 185 4697 444 4751; x_wconf 79' lang='lat' dir='ltr'><strong>Dominus</strong></span> <span class='ocrx_word' id='word_1_564' title='bbox 490 4696 630 4749; x_wconf 83' lang='lat' dir='ltr'><strong>Deus</strong></span> <span class='ocrx_word' id='word_1_565' title='bbox 673 4707 836 4750; x_wconf 83' lang='lat' dir='ltr'><strong>vester</strong></span> <span class='ocrx_word' id='word_1_566' title='bbox 861 4737 874 4761; x_wconf 92' lang='lat'><strong>,</strong></span> <span class='ocrx_word' id='word_1_567' title='bbox 913 4705 1017 4751; x_wconf 90' lang='lat' dir='ltr'><strong>etc.</strong></span> <span class='ocrx_word' id='word_1_568' title='bbox 1061 4697 1116 4751; x_wconf 92' lang='lat' dir='ltr'><strong>In</strong></span> <span class='ocrx_word' id='word_1_569' title='bbox 1162 4715 1268 4767; x_wconf 90' lang='lat' dir='ltr'><strong>quo</strong></span> <span class='ocrx_word' id='word_1_570' title='bbox 1315 4711 1368 4754; x_wconf 91' lang='lat' dir='ltr'><strong>et</strong></span> <span class='ocrx_word' id='word_1_571' title='bbox 1402 4703 1519 4757; x_wconf 90' lang='lat' dir='ltr'><strong>dies</strong></span> <span class='ocrx_word' id='word_1_572' title='bbox 1560 4704 1743 4758; x_wconf 86' lang='lat' dir='ltr'><strong>decem</strong></span> 
     </span>
    </p>
   </div>
   <div class='ocr_carea' id='block_1_81' title="bbox 184 4784 1741 4856">
    <p class='ocr_par' dir='ltr' id='par_1_81' title="bbox 184 4784 1741 4856">
     <span class='ocr_line' id='line_1_81' title="bbox 184 4784 1741 4856; baseline 0.004 -16"><span class='ocrx_word' id='word_1_573' title='bbox 184 4786 531 4856; x_wconf 74' lang='lat' dir='ltr'><strong>Scenopegize</strong></span> <span class='ocrx_word' id='word_1_574' title='bbox 561 4785 791 4850; x_wconf 83' lang='lat' dir='ltr'><strong>fuerant,</strong></span> <span class='ocrx_word' id='word_1_575' title='bbox 838 4787 889 4841; x_wconf 92' lang='lat' dir='ltr'><strong>id</strong></span> <span class='ocrx_word' id='word_1_576' title='bbox 929 4796 1011 4842; x_wconf 87' lang='lat' dir='ltr'><strong>est</strong></span> <span class='ocrx_word' id='word_1_577' title='bbox 1058 4788 1563 4846; x_wconf 85' lang='lat' dir='ltr'><strong>Tabernaculorum.</strong></span> <span class='ocrx_word' id='word_1_578' title='bbox 1610 4784 1741 4846; x_wconf 81' lang='lat' dir='ltr'><strong>Nam</strong></span> 
     </span>
    </p>
   </div>
   <div class='ocr_carea' id='block_1_82' title="bbox 181 4867 1746 4945">
    <p class='ocr_par' dir='ltr' id='par_1_82' title="bbox 181 4867 1746 4945">
     <span class='ocr_line' id='line_1_82' title="bbox 181 4867 1746 4945; baseline 0.006 -17"><span class='ocrx_word' id='word_1_579' title='bbox 181 4876 369 4944; x_wconf 82' lang='lat' dir='ltr'><strong>quinta</strong></span> <span class='ocrx_word' id='word_1_580' title='bbox 402 4874 605 4928; x_wconf 89' lang='lat' dir='ltr'><strong>decima</strong></span> <span class='ocrx_word' id='word_1_581' title='bbox 629 4874 712 4928; x_wconf 90' lang='lat' dir='ltr'><strong>die</strong></span> <span class='ocrx_word' id='word_1_582' title='bbox 744 4877 944 4930; x_wconf 89' lang='lat' dir='ltr'><strong>mensis</strong></span> <span class='ocrx_word' id='word_1_583' title='bbox 967 4875 1121 4945; x_wconf 73' lang='lat' dir='ltr'><strong>hujus</strong></span> <span class='ocrx_word' id='word_1_584' title='bbox 1146 4887 1355 4934; x_wconf 87' lang='lat' dir='ltr'><strong>veteres</strong></span> <span class='ocrx_word' id='word_1_585' title='bbox 1377 4867 1746 4939; x_wconf 53' lang='lat' dir='ltr'><strong>sclemnita&#39;tes</strong></span> 
     </span>
    </p>
   </div>
   <div class='ocr_carea' id='block_1_83' title="bbox 181 4965 1738 5036">
    <p class='ocr_par' dir='ltr' id='par_1_83' title="bbox 181 4965 1738 5036">
     <span class='ocr_line' id='line_1_83' title="bbox 181 4965 1738 5036; baseline 0.006 -17"><span class='ocrx_word' id='word_1_586' title='bbox 181 4965 680 5019; x_wconf 86' lang='lat' dir='ltr'><strong>Tabernaculorum</strong></span> <span class='ocrx_word' id='word_1_587' title='bbox 723 4965 1086 5031; x_wconf 87' lang='lat' dir='ltr'><strong>celebrabant,</strong></span> <span class='ocrx_word' id='word_1_588' title='bbox 1133 4979 1335 5036; x_wconf 83' lang='lat' dir='ltr'><strong>septem</strong></span> <span class='ocrx_word' id='word_1_589' title='bbox 1380 4973 1565 5027; x_wconf 91' lang='lat' dir='ltr'><strong>diebus</strong></span> <span class='ocrx_word' id='word_1_590' title='bbox 1593 4989 1738 5027; x_wconf 87' lang='lat' dir='ltr'><strong>eam-</strong></span> 
     </span>
    </p>
   </div>
   <div class='ocr_carea' id='block_1_84' title="bbox 180 5055 1740 5135">
    <p class='ocr_par' dir='ltr' id='par_1_84' title="bbox 180 5055 1740 5135">
     <span class='ocr_line' id='line_1_84' title="bbox 180 5055 1740 5135; baseline 0.004 -25"><span class='ocrx_word' id='word_1_591' title='bbox 180 5057 302 5110; x_wconf 83' lang='lat' dir='ltr'><strong>dem</strong></span> <span class='ocrx_word' id='word_1_592' title='bbox 354 5055 745 5110; x_wconf 82' lang='lat' dir='ltr'><strong>solemnitatem</strong></span> <span class='ocrx_word' id='word_1_593' title='bbox 796 5058 1100 5135; x_wconf 78' lang='lat' dir='ltr'><strong>exigentes,</strong></span> <span class='ocrx_word' id='word_1_594' title='bbox 1146 5074 1250 5126; x_wconf 84' lang='lat' dir='ltr'><strong>quo</strong></span> <span class='ocrx_word' id='word_1_595' title='bbox 1301 5061 1513 5127; x_wconf 82' lang='lat' dir='ltr'><strong>quidem</strong></span> <span class='ocrx_word' id='word_1_596' title='bbox 1535 5062 1740 5132; x_wconf 89' lang='lat' dir='ltr'><strong>jejunio</strong></span> 
     </span>
    </p>
   </div>
   <div class='ocr_carea' id='block_1_85' title="bbox 179 5144 1737 5221">
    <p class='ocr_par' dir='ltr' id='par_1_85' title="bbox 179 5144 1737 5221">
     <span class='ocr_line' id='line_1_85' title="bbox 179 5144 1737 5221; baseline 0.004 -21"><span class='ocrx_word' id='word_1_597' title='bbox 179 5161 306 5202; x_wconf 87' lang='lat' dir='ltr'><strong>usos</strong></span> <span class='ocrx_word' id='word_1_598' title='bbox 337 5144 504 5199; x_wconf 79' lang='lat' dir='ltr'><strong>fuisse</strong></span> <span class='ocrx_word' id='word_1_599' title='bbox 537 5145 777 5212; x_wconf 83' lang='lat' dir='ltr'><strong>&#39;mtiqnos</strong></span> <span class='ocrx_word' id='word_1_600' title='bbox 800 5144 982 5201; x_wconf 80' lang='lat' dir='ltr'><strong>Esdra:</strong></span> <span class='ocrx_word' id='word_1_601' title='bbox 1004 5147 1136 5201; x_wconf 90' lang='lat' dir='ltr'><strong>liber</strong></span> <span class='ocrx_word' id='word_1_602' title='bbox 1163 5150 1421 5202; x_wconf 90' lang='lat' dir='ltr'><strong>meminit.</strong></span> <span class='ocrx_word' id='word_1_603' title='bbox 1451 5149 1737 5221; x_wconf 86' lang='lat' dir='ltr'><strong>Postquam</strong></span> 
     </span>
    </p>
   </div>
   <div class='ocr_carea' id='block_1_86' title="bbox 178 5229 1739 5297">
    <p class='ocr_par' dir='ltr' id='par_1_86' title="bbox 178 5229 1739 5297">
     <span class='ocr_line' id='line_1_86' title="bbox 178 5229 1739 5297; baseline 0.004 -6"><span class='ocrx_word' id='word_1_604' title='bbox 178 5238 323 5292; x_wconf 86' lang='lat' dir='ltr'><strong>enim</strong></span> <span class='ocrx_word' id='word_1_605' title='bbox 349 5235 621 5289; x_wconf 71' lang='lat' dir='ltr'><strong>redierunt</strong></span> <span class='ocrx_word' id='word_1_606' title='bbox 652 5229 741 5288; x_wconf 84' lang='lat' dir='ltr'><strong>ﬁlii</strong></span> <span class='ocrx_word' id='word_1_607' title='bbox 777 5235 940 5291; x_wconf 85' lang='lat' dir='ltr'><strong>Israel</strong></span> <span class='ocrx_word' id='word_1_608' title='bbox 976 5239 1026 5292; x_wconf 92' lang='lat' dir='ltr'><strong>in</strong></span> <span class='ocrx_word' id='word_1_609' title='bbox 1071 5238 1365 5293; x_wconf 84' lang='lat' dir='ltr'><strong>Jerusalem</strong></span> <span class='ocrx_word' id='word_1_610' title='bbox 1392 5248 1446 5293; x_wconf 90' lang='lat' dir='ltr'><strong>et</strong></span> <span class='ocrx_word' id='word_1_611' title='bbox 1498 5240 1739 5297; x_wconf 80' lang='lat' dir='ltr'><strong>fecerunt</strong></span> 
     </span>
    </p>
   </div>
   <div class='ocr_carea' id='block_1_87' title="bbox 179 5318 1736 5396">
    <p class='ocr_par' dir='ltr' id='par_1_87' title="bbox 179 5318 1736 5396">
     <span class='ocr_line' id='line_1_87' title="bbox 179 5318 1736 5396; baseline 0.001 -15"><span class='ocrx_word' id='word_1_612' title='bbox 179 5318 786 5382; x_wconf 53' lang='lat' dir='ltr'><strong>sibi‘tabernaculornm</strong></span> <span class='ocrx_word' id='word_1_613' title='bbox 816 5324 1052 5379; x_wconf 64' lang='lat' dir='ltr'><strong>laetitiam</strong></span> <span class='ocrx_word' id='word_1_614' title='bbox 1101 5342 1366 5396; x_wconf 90' lang='lat' dir='ltr'><strong>magnam,</strong></span> <span class='ocrx_word' id='word_1_615' title='bbox 1397 5329 1593 5382; x_wconf 89' lang='lat' dir='ltr'><strong>dehinc</strong></span> <span class='ocrx_word' id='word_1_616' title='bbox 1616 5345 1736 5383; x_wconf 88' lang='lat' dir='ltr'><strong>con-</strong></span> 
     </span>
    </p>
   </div>
   <div class='ocr_carea' id='block_1_88' title="bbox 179 5411 1736 5484">
    <p class='ocr_par' dir='ltr' id='par_1_88' title="bbox 179 5411 1736 5484">
     <span class='ocr_line' id='line_1_88' title="bbox 179 5411 1736 5484; baseline 0.003 -17"><span class='ocrx_word' id='word_1_617' title='bbox 179 5421 427 5470; x_wconf 72' lang='lat' dir='ltr'><strong>uenerunt</strong></span> <span class='ocrx_word' id='word_1_618' title='bbox 454 5413 507 5466; x_wconf 89' lang='lat' dir='ltr'><strong>in</strong></span> <span class='ocrx_word' id='word_1_619' title='bbox 527 5411 732 5480; x_wconf 87' lang='lat' dir='ltr'><strong>jejunio</strong></span> <span class='ocrx_word' id='word_1_620' title='bbox 762 5413 816 5465; x_wconf 89' lang='lat' dir='ltr'><strong>in</strong></span> <span class='ocrx_word' id='word_1_621' title='bbox 840 5416 1026 5479; x_wconf 86' lang='lat' dir='ltr'><strong>saccis,</strong></span> <span class='ocrx_word' id='word_1_622' title='bbox 1053 5427 1099 5468; x_wconf 87' lang='lat' dir='ltr'><strong>et</strong></span> <span class='ocrx_word' id='word_1_623' title='bbox 1140 5416 1326 5469; x_wconf 80' lang='lat' dir='ltr'><strong>humus</strong></span> <span class='ocrx_word' id='word_1_624' title='bbox 1364 5433 1517 5484; x_wconf 82' lang='lat' dir='ltr'><strong>super</strong></span> <span class='ocrx_word' id='word_1_625' title='bbox 1540 5433 1646 5483; x_wconf 89' lang='lat' dir='ltr'><strong>eos,</strong></span> <span class='ocrx_word' id='word_1_626' title='bbox 1687 5429 1736 5472; x_wconf 90' lang='lat' dir='ltr'><strong>et</strong></span> 
     </span>
    </p>
   </div>
   <div class='ocr_carea' id='block_1_89' title="bbox 181 5496 1734 5575">
    <p class='ocr_par' dir='ltr' id='par_1_89' title="bbox 181 5496 1734 5575">
     <span class='ocr_line' id='line_1_89' title="bbox 181 5496 1734 5575; baseline 0 -14"><span class='ocrx_word' id='word_1_627' title='bbox 181 5512 454 5566; x_wconf 74' lang='lat' dir='ltr'><strong>steterunt,</strong></span> <span class='ocrx_word' id='word_1_628' title='bbox 496 5509 544 5554; x_wconf 89' lang='lat' dir='ltr'><strong>et</strong></span> <span class='ocrx_word' id='word_1_629' title='bbox 577 5499 952 5567; x_wconf 81' lang='lat' dir='ltr'><strong>conﬁtebantur</strong></span> <span class='ocrx_word' id='word_1_630' title='bbox 986 5514 1194 5571; x_wconf 87' lang='lat' dir='ltr'><strong>peccata</strong></span> <span class='ocrx_word' id='word_1_631' title='bbox 1220 5521 1315 5558; x_wconf 87' lang='lat' dir='ltr'><strong>sua</strong></span> <span class='ocrx_word' id='word_1_632' title='bbox 1364 5515 1410 5558; x_wconf 91' lang='lat' dir='ltr'><strong>et</strong></span> <span class='ocrx_word' id='word_1_633' title='bbox 1439 5496 1734 5575; x_wconf 80' lang='lat' dir='ltr'><strong>iniquitates</strong></span> 
     </span>
    </p>
   </div>
   <div class='ocr_carea' id='block_1_90' title="bbox 181 5587 1730 5661">
    <p class='ocr_par' dir='ltr' id='par_1_90' title="bbox 181 5587 1730 5661">
     <span class='ocr_line' id='line_1_90' title="bbox 181 5587 1730 5661; baseline 0.003 -17"><span class='ocrx_word' id='word_1_634' title='bbox 181 5603 390 5661; x_wconf 70' lang='lat' dir='ltr'><strong>patrum</strong></span> <span class='ocrx_word' id='word_1_635' title='bbox 434 5605 666 5654; x_wconf 85' lang='lat' dir='ltr'><strong>suorum,</strong></span> <span class='ocrx_word' id='word_1_636' title='bbox 703 5597 747 5643; x_wconf 88' lang='lat' dir='ltr'><strong>et</strong></span> <span class='ocrx_word' id='word_1_637' title='bbox 790 5602 1222 5647; x_wconf 76' lang='lat' dir='ltr'><strong>consurrexerunt</strong></span> <span class='ocrx_word' id='word_1_638' title='bbox 1263 5587 1332 5646; x_wconf 80' lang='lat' dir='ltr'><strong>ad</strong></span> <span class='ocrx_word' id='word_1_639' title='bbox 1377 5592 1640 5660; x_wconf 88' lang='lat' dir='ltr'><strong>standum,</strong></span> <span class='ocrx_word' id='word_1_640' title='bbox 1685 5605 1730 5648; x_wconf 82' lang='lat' dir='ltr'><strong>et</strong></span> 
     </span>
    </p>
   </div>
   <div class='ocr_carea' id='block_1_91' title="bbox 1777 4390 1829 4448">
    <p class='ocr_par' dir='ltr' id='par_1_91' title="bbox 1777 4390 1829 4448">
     <span class='ocr_line' id='line_1_91' title="bbox 1777 4390 1829 4448; baseline 0 0"><span class='ocrx_word' id='word_1_641' title='bbox 1777 4390 1829 4448; x_wconf 91' lang='lat' dir='ltr'><strong>D</strong></span> 
     </span>
    </p>
   </div>
   <div class='ocr_carea' id='block_1_92' title="bbox 1869 3175 3430 3246">
    <p class='ocr_par' dir='ltr' id='par_1_92' title="bbox 1869 3175 3430 3246">
     <span class='ocr_line' id='line_1_92' title="bbox 1869 3175 3430 3246; baseline 0.002 -19"><span class='ocrx_word' id='word_1_642' title='bbox 1869 3175 2118 3230; x_wconf 90' lang='lat' dir='ltr'><strong>omnibus</strong></span> <span class='ocrx_word' id='word_1_643' title='bbox 2146 3176 2529 3232; x_wconf 86' lang='lat' dir='ltr'><strong>constitutione</strong></span> <span class='ocrx_word' id='word_1_644' title='bbox 2566 3175 2922 3246; x_wconf 65' lang='lat' dir='ltr'><strong>legitimorum</strong></span> <span class='ocrx_word' id='word_1_645' title='bbox 2945 3175 3270 3245; x_wconf 88' lang='lat' dir='ltr'><strong>jejuniorum</strong></span> <span class='ocrx_word' id='word_1_646' title='bbox 3295 3189 3430 3245; x_wconf 87' lang='lat' dir='ltr'><strong>quas</strong></span> 
     </span>
    </p>
   </div>
   <div class='ocr_carea' id='block_1_93' title="bbox 1869 3266 3422 3336">
    <p class='ocr_par' dir='ltr' id='par_1_93' title="bbox 1869 3266 3422 3336">
     <span class='ocr_line' id='line_1_93' title="bbox 1869 3266 3422 3336; baseline -0.001 -16"><span class='ocrx_word' id='word_1_647' title='bbox 1869 3281 2028 3336; x_wconf 85' lang='lat' dir='ltr'><strong>supra</strong></span> <span class='ocrx_word' id='word_1_648' title='bbox 2060 3267 2498 3330; x_wconf 87' lang='lat' dir='ltr'><strong>memoravimus,</strong></span> <span class='ocrx_word' id='word_1_649' title='bbox 2528 3281 2647 3336; x_wconf 70' lang='lat' dir='ltr'><strong>qua:</strong></span> <span class='ocrx_word' id='word_1_650' title='bbox 2671 3266 2991 3335; x_wconf 87' lang='lat' dir='ltr'><strong>generaliter</strong></span> <span class='ocrx_word' id='word_1_651' title='bbox 3017 3274 3200 3321; x_wconf 88' lang='lat' dir='ltr'><strong>sancta</strong></span> <span class='ocrx_word' id='word_1_652' title='bbox 3225 3275 3279 3320; x_wconf 89' lang='lat' dir='ltr'><strong>et</strong></span> <span class='ocrx_word' id='word_1_653' title='bbox 3304 3280 3422 3334; x_wconf 86' lang='lat' dir='ltr'><strong>apo-</strong></span> 
     </span>
    </p>
   </div>
   <div class='ocr_carea' id='block_1_94' title="bbox 1866 3354 3426 3411">
    <p class='ocr_par' dir='ltr' id='par_1_94' title="bbox 1866 3354 3426 3411">
     <span class='ocr_line' id='line_1_94' title="bbox 1866 3354 3426 3411; baseline -0.001 -1"><span class='ocrx_word' id='word_1_654' title='bbox 1866 3356 2054 3411; x_wconf 81' lang='lat' dir='ltr'><strong>stolica</strong></span> <span class='ocrx_word' id='word_1_655' title='bbox 2083 3365 2264 3410; x_wconf 89' lang='lat' dir='ltr'><strong>servat</strong></span> <span class='ocrx_word' id='word_1_656' title='bbox 2280 3355 2539 3411; x_wconf 89' lang='lat' dir='ltr'><strong>Ecclesia.</strong></span> <span class='ocrx_word' id='word_1_657' title='bbox 2565 3354 2674 3410; x_wconf 87' lang='lat' dir='ltr'><strong>Nec</strong></span> <span class='ocrx_word' id='word_1_658' title='bbox 2697 3370 2802 3409; x_wconf 93' lang='lat' dir='ltr'><strong>non</strong></span> <span class='ocrx_word' id='word_1_659' title='bbox 2825 3364 2880 3409; x_wconf 91' lang='lat' dir='ltr'><strong>et</strong></span> <span class='ocrx_word' id='word_1_660' title='bbox 2903 3355 2989 3408; x_wconf 92' lang='lat' dir='ltr'><strong>illa</strong></span> <span class='ocrx_word' id='word_1_661' title='bbox 3013 3355 3320 3409; x_wconf 89' lang='lat' dir='ltr'><strong>omnimodo</strong></span> <span class='ocrx_word' id='word_1_662' title='bbox 3333 3369 3426 3409; x_wconf 84' lang='lat' dir='ltr'><strong>cu-</strong></span> 
     </span>
    </p>
   </div>
   <div class='ocr_carea' id='block_1_95' title="bbox 1833 3445 3426 3516">
    <p class='ocr_par' dir='ltr' id='par_1_95' title="bbox 1833 3445 3426 3516">
     <span class='ocr_line' id='line_1_95' title="bbox 1833 3445 3426 3516; baseline 0.001 -16"><span class='ocrx_word' id='word_1_663' title='bbox 1833 3448 2069 3502; x_wconf 85' lang='lat' dir='ltr'><strong>stodire</strong></span> <span class='ocrx_word' id='word_1_664' title='bbox 2115 3455 2327 3516; x_wconf 81' lang='lat' dir='ltr'><strong>oportet</strong></span> <span class='ocrx_word' id='word_1_665' title='bbox 2379 3461 2844 3516; x_wconf 89' lang='lat' dir='ltr'><strong>unumquemque,</strong></span> <span class='ocrx_word' id='word_1_666' title='bbox 2901 3445 3019 3515; x_wconf 69' lang='lat' dir='ltr'><strong>quae</strong></span> <span class='ocrx_word' id='word_1_667' title='bbox 3067 3447 3426 3502; x_wconf 88' lang='lat' dir='ltr'><strong>communiter</strong></span> 
     </span>
    </p>
   </div>
   <div class='ocr_carea' id='block_1_96' title="bbox 1865 3534 3420 3605">
    <p class='ocr_par' dir='ltr' id='par_1_96' title="bbox 1865 3534 3420 3605">
     <span class='ocr_line' id='line_1_96' title="bbox 1865 3534 3420 3605; baseline -0.001 -15"><span class='ocrx_word' id='word_1_668' title='bbox 1865 3537 2112 3590; x_wconf 88' lang='lat' dir='ltr'><strong>omnibus</strong></span> <span class='ocrx_word' id='word_1_669' title='bbox 2135 3535 2309 3590; x_wconf 78' lang='lat' dir='ltr'><strong>facere</strong></span> <span class='ocrx_word' id='word_1_670' title='bbox 2329 3535 2443 3589; x_wconf 88' lang='lat' dir='ltr'><strong>sive</strong></span> <span class='ocrx_word' id='word_1_671' title='bbox 2466 3550 2562 3605; x_wconf 91' lang='lat' dir='ltr'><strong>pro</strong></span> <span class='ocrx_word' id='word_1_672' title='bbox 2589 3534 2950 3599; x_wconf 88' lang='lat' dir='ltr'><strong>tribulatione,</strong></span> <span class='ocrx_word' id='word_1_673' title='bbox 2975 3536 3087 3589; x_wconf 91' lang='lat' dir='ltr'><strong>sive</strong></span> <span class='ocrx_word' id='word_1_674' title='bbox 3107 3548 3203 3603; x_wconf 87' lang='lat' dir='ltr'><strong>pro</strong></span> <span class='ocrx_word' id='word_1_675' title='bbox 3230 3534 3420 3604; x_wconf 84' lang='lat' dir='ltr'><strong>gratia-</strong></span> 
     </span>
    </p>
   </div>
   <div class='ocr_carea' id='block_1_97' title="bbox 1866 3624 3421 3694">
    <p class='ocr_par' dir='ltr' id='par_1_97' title="bbox 1866 3624 3421 3694">
     <span class='ocr_line' id='line_1_97' title="bbox 1866 3624 3421 3694; baseline -0.001 -15"><span class='ocrx_word' id='word_1_676' title='bbox 1866 3642 1982 3680; x_wconf 92' lang='lat' dir='ltr'><strong>rum</strong></span> <span class='ocrx_word' id='word_1_677' title='bbox 2025 3626 2236 3680; x_wconf 83' lang='lat' dir='ltr'><strong>actione</strong></span> <span class='ocrx_word' id='word_1_678' title='bbox 2284 3625 2534 3694; x_wconf 89' lang='lat' dir='ltr'><strong>proprius</strong></span> <span class='ocrx_word' id='word_1_679' title='bbox 2563 3624 2826 3678; x_wconf 68' lang='lat' dir='ltr'><strong>Ecclesia:</strong></span> <span class='ocrx_word' id='word_1_680' title='bbox 2864 3625 3080 3678; x_wconf 89' lang='lat' dir='ltr'><strong>mandat</strong></span> <span class='ocrx_word' id='word_1_681' title='bbox 3119 3625 3421 3693; x_wconf 85' lang='lat' dir='ltr'><strong>episc0pns,</strong></span> 
     </span>
    </p>
   </div>
   <div class='ocr_carea' id='block_1_98' title="bbox 1864 3712 3420 3785">
    <p class='ocr_par' dir='ltr' id='par_1_98' title="bbox 1864 3712 3420 3785">
     <span class='ocr_line' id='line_1_98' title="bbox 1864 3712 3420 3785; baseline -0.001 -16"><span class='ocrx_word' id='word_1_682' title='bbox 1864 3717 1986 3785; x_wconf 92' lang='lat' dir='ltr'><strong>quia</strong></span> <span class='ocrx_word' id='word_1_683' title='bbox 2018 3717 2109 3785; x_wconf 90' lang='lat' dir='ltr'><strong>qui</strong></span> <span class='ocrx_word' id='word_1_684' title='bbox 2133 3716 2422 3770; x_wconf 87' lang='lat' dir='ltr'><strong>constituta</strong></span> <span class='ocrx_word' id='word_1_685' title='bbox 2452 3714 2612 3783; x_wconf 88' lang='lat' dir='ltr'><strong>atque</strong></span> <span class='ocrx_word' id='word_1_686' title='bbox 2639 3714 2954 3768; x_wconf 85' lang='lat' dir='ltr'><strong>demandata</strong></span> <span class='ocrx_word' id='word_1_687' title='bbox 2977 3712 3176 3782; x_wconf 85' lang='lat' dir='ltr'><strong>jejunia</strong></span> <span class='ocrx_word' id='word_1_688' title='bbox 3207 3728 3420 3768; x_wconf 82' lang='lat' dir='ltr'><strong>servare</strong></span> 
     </span>
    </p>
   </div>
   <div class='ocr_carea' id='block_1_99' title="bbox 1863 3803 3420 3880">
    <p class='ocr_par' dir='ltr' id='par_1_99' title="bbox 1863 3803 3420 3880">
     <span class='ocr_line' id='line_1_99' title="bbox 1863 3803 3420 3880; baseline -0.001 -22"><span class='ocrx_word' id='word_1_689' title='bbox 1863 3805 2157 3875; x_wconf 82' lang='lat' dir='ltr'><strong>neglexerit</strong></span> <span class='ocrx_word' id='word_1_690' title='bbox 2200 3812 2408 3880; x_wconf 87' lang='lat' dir='ltr'><strong>peccat,</strong></span> <span class='ocrx_word' id='word_1_691' title='bbox 2445 3803 2535 3872; x_wconf 83' lang='lat' dir='ltr'><strong>qui</strong></span> <span class='ocrx_word' id='word_1_692' title='bbox 2566 3811 2742 3858; x_wconf 90' lang='lat' dir='ltr'><strong>autem</strong></span> <span class='ocrx_word' id='word_1_693' title='bbox 2770 3803 2996 3872; x_wconf 73' lang='lat' dir='ltr'><strong>expietis</strong></span> <span class='ocrx_word' id='word_1_694' title='bbox 3019 3803 3286 3873; x_wconf 74' lang='lat' dir='ltr'><strong>legitimis</strong></span> <span class='ocrx_word' id='word_1_695' title='bbox 3310 3804 3420 3873; x_wconf 81' lang='lat' dir='ltr'><strong>pri-</strong></span> 
     </span>
    </p>
   </div>
   <div class='ocr_carea' id='block_1_100' title="bbox 1861 3892 3421 3964">
    <p class='ocr_par' dir='ltr' id='par_1_100' title="bbox 1861 3892 3421 3964">
     <span class='ocr_line' id='line_1_100' title="bbox 1861 3892 3421 3964; baseline 0.001 -18"><span class='ocrx_word' id='word_1_696' title='bbox 1861 3904 1982 3949; x_wconf 86' lang='lat' dir='ltr'><strong>vata</strong></span> <span class='ocrx_word' id='word_1_697' title='bbox 2025 3909 2187 3964; x_wconf 84' lang='lat' dir='ltr'><strong>super</strong></span> <span class='ocrx_word' id='word_1_698' title='bbox 2220 3893 2566 3964; x_wconf 89' lang='lat' dir='ltr'><strong>expenderit,</strong></span> <span class='ocrx_word' id='word_1_699' title='bbox 2600 3894 2868 3962; x_wconf 82' lang='lat' dir='ltr'><strong>propriam</strong></span> <span class='ocrx_word' id='word_1_700' title='bbox 2913 3893 3211 3954; x_wconf 77' lang='lat' dir='ltr'><strong>mercedem</strong></span> <span class='ocrx_word' id='word_1_701' title='bbox 3257 3892 3421 3947; x_wconf 87' lang='lat' dir='ltr'><strong>babe-</strong></span> 
     </span>
    </p>
   </div>
   <div class='ocr_carea' id='block_1_101' title="bbox 1859 3983 3412 4056">
    <p class='ocr_par' dir='ltr' id='par_1_101' title="bbox 1859 3983 3412 4056">
     <span class='ocr_line' id='line_1_101' title="bbox 1859 3983 3412 4056; baseline -0.003 -16"><span class='ocrx_word' id='word_1_702' title='bbox 1859 3987 1953 4040; x_wconf 89' lang='lat' dir='ltr'><strong>bit.</strong></span> <span class='ocrx_word' id='word_1_703' title='bbox 1989 3984 2120 4038; x_wconf 82' lang='lat' dir='ltr'><strong>Nam</strong></span> <span class='ocrx_word' id='word_1_704' title='bbox 2152 3985 2402 4054; x_wconf 89' lang='lat' dir='ltr'><strong>leguntur</strong></span> <span class='ocrx_word' id='word_1_705' title='bbox 2443 3983 2604 4050; x_wconf 88' lang='lat' dir='ltr'><strong>aliqui</strong></span> <span class='ocrx_word' id='word_1_706' title='bbox 2655 3992 2962 4038; x_wconf 84' lang='lat' dir='ltr'><strong>sanctorum</strong></span> <span class='ocrx_word' id='word_1_707' title='bbox 2995 3997 3104 4056; x_wconf 31' lang='lat' dir='ltr'><strong>per.</strong></span> <span class='ocrx_word' id='word_1_708' title='bbox 3132 3984 3412 4045; x_wconf 86' lang='lat' dir='ltr'><strong>biduanas,</strong></span> 
     </span>
    </p>
   </div>
   <div class='ocr_carea' id='block_1_102' title="bbox 1858 4058 3416 4142">
    <p class='ocr_par' dir='ltr' id='par_1_102' title="bbox 1858 4058 3416 4142">
     <span class='ocr_line' id='line_1_102' title="bbox 1858 4058 3416 4142; baseline -0.002 -15"><span class='ocrx_word' id='word_1_709' title='bbox 1858 4075 1969 4128; x_wconf 83' lang='lat' dir='ltr'><strong>sive</strong></span> <span class='ocrx_word' id='word_1_710' title='bbox 1999 4089 2094 4142; x_wconf 89' lang='lat' dir='ltr'><strong>per</strong></span> <span class='ocrx_word' id='word_1_711' title='bbox 2124 4058 2422 4136; x_wconf 80' lang='lat' dir='ltr'><strong>triduanas,</strong></span> <span class='ocrx_word' id='word_1_712' title='bbox 2459 4073 2572 4126; x_wconf 82' lang='lat' dir='ltr'><strong>sive</strong></span> <span class='ocrx_word' id='word_1_713' title='bbox 2599 4073 2758 4126; x_wconf 89' lang='lat' dir='ltr'><strong>etiam</strong></span> <span class='ocrx_word' id='word_1_714' title='bbox 2789 4087 2884 4140; x_wconf 87' lang='lat' dir='ltr'><strong>per</strong></span> <span class='ocrx_word' id='word_1_715' title='bbox 2926 4081 3090 4127; x_wconf 88' lang='lat' dir='ltr'><strong>totam</strong></span> <span class='ocrx_word' id='word_1_716' title='bbox 3131 4072 3416 4127; x_wconf 85' lang='lat' dir='ltr'><strong>hebdoma-</strong></span> 
     </span>
    </p>
   </div>
   <div class='ocr_carea' id='block_1_103' title="bbox 1856 4160 3408 4232">
    <p class='ocr_par' dir='ltr' id='par_1_103' title="bbox 1856 4160 3408 4232">
     <span class='ocr_line' id='line_1_103' title="bbox 1856 4160 3408 4232; baseline -0.003 -15"><span class='ocrx_word' id='word_1_717' title='bbox 1856 4163 1975 4217; x_wconf 84' lang='lat' dir='ltr'><strong>dam</strong></span> <span class='ocrx_word' id='word_1_718' title='bbox 2000 4160 2262 4232; x_wconf 80' lang='lat' dir='ltr'><strong>jejunium</strong></span> <span class='ocrx_word' id='word_1_719' title='bbox 2290 4161 2880 4232; x_wconf 33' lang='lat' dir='ltr'><strong>extendereppleriqne</strong></span> <span class='ocrx_word' id='word_1_720' title='bbox 2914 4162 3056 4231; x_wconf 90' lang='lat' dir='ltr'><strong>quod</strong></span> <span class='ocrx_word' id='word_1_721' title='bbox 3106 4177 3204 4216; x_wconf 89' lang='lat' dir='ltr'><strong>nec</strong></span> <span class='ocrx_word' id='word_1_722' title='bbox 3230 4161 3408 4214; x_wconf 88' lang='lat' dir='ltr'><strong>vinum</strong></span> 
     </span>
    </p>
   </div>
   <div class='ocr_carea' id='block_1_104' title="bbox 1854 4249 3414 4320">
    <p class='ocr_par' dir='ltr' id='par_1_104' title="bbox 1854 4249 3414 4320">
     <span class='ocr_line' id='line_1_104' title="bbox 1854 4249 3414 4320; baseline -0.001 -15"><span class='ocrx_word' id='word_1_723' title='bbox 1854 4249 1954 4305; x_wconf 85' lang='lat' dir='ltr'><strong>nec</strong></span> <span class='ocrx_word' id='word_1_724' title='bbox 1993 4251 2220 4308; x_wconf 88' lang='lat' dir='ltr'><strong>siceram</strong></span> <span class='ocrx_word' id='word_1_725' title='bbox 2259 4250 2530 4314; x_wconf 86' lang='lat' dir='ltr'><strong>biberunt,</strong></span> <span class='ocrx_word' id='word_1_726' title='bbox 2579 4265 2678 4304; x_wconf 88' lang='lat' dir='ltr'><strong>nec</strong></span> <span class='ocrx_word' id='word_1_727' title='bbox 2724 4251 2924 4320; x_wconf 91' lang='lat' dir='ltr'><strong>aliquid</strong></span> <span class='ocrx_word' id='word_1_728' title='bbox 2972 4252 3414 4306; x_wconf 87' lang='lat' dir='ltr'><strong>manducaverint</strong></span> 
     </span>
    </p>
   </div>
   <div class='ocr_carea' id='block_1_105' title="bbox 1853 4334 3412 4412">
    <p class='ocr_par' dir='ltr' id='par_1_105' title="bbox 1853 4334 3412 4412">
     <span class='ocr_line' id='line_1_105' title="bbox 1853 4334 3412 4412; baseline -0.001 -15"><span class='ocrx_word' id='word_1_729' title='bbox 1853 4352 2049 4412; x_wconf 61' lang='lat' dir='ltr'><strong>praeter</strong></span> <span class='ocrx_word' id='word_1_730' title='bbox 2068 4357 2260 4412; x_wconf 84' lang='lat' dir='ltr'><strong>panem</strong></span> <span class='ocrx_word' id='word_1_731' title='bbox 2307 4341 2509 4396; x_wconf 87' lang='lat' dir='ltr'><strong>siccum</strong></span> <span class='ocrx_word' id='word_1_732' title='bbox 2555 4350 2610 4396; x_wconf 91' lang='lat' dir='ltr'><strong>et</strong></span> <span class='ocrx_word' id='word_1_733' title='bbox 2635 4342 2809 4406; x_wconf 87' lang='lat' dir='ltr'><strong>olera;</strong></span> <span class='ocrx_word' id='word_1_734' title='bbox 2859 4343 2947 4396; x_wconf 91' lang='lat' dir='ltr'><strong>alii</strong></span> <span class='ocrx_word' id='word_1_735' title='bbox 2977 4342 3118 4411; x_wconf 91' lang='lat' dir='ltr'><strong>quod</strong></span> <span class='ocrx_word' id='word_1_736' title='bbox 3150 4334 3237 4396; x_wconf 36' lang='lat' dir='ltr'><strong>‘ab</strong></span> <span class='ocrx_word' id='word_1_737' title='bbox 3263 4342 3412 4396; x_wconf 90' lang='lat' dir='ltr'><strong>omni</strong></span> 
     </span>
    </p>
   </div>
   <div class='ocr_carea' id='block_1_106' title="bbox 1852 4429 3414 4500">
    <p class='ocr_par' dir='ltr' id='par_1_106' title="bbox 1852 4429 3414 4500">
     <span class='ocr_line' id='line_1_106' title="bbox 1852 4429 3414 4500; baseline -0.002 -13"><span class='ocrx_word' id='word_1_738' title='bbox 1852 4445 2015 4487; x_wconf 88' lang='lat' dir='ltr'><strong>carne</strong></span> <span class='ocrx_word' id='word_1_739' title='bbox 2036 4446 2098 4486; x_wconf 82' lang='lat' dir='ltr'><strong>se</strong></span> <span class='ocrx_word' id='word_1_740' title='bbox 2117 4429 2508 4492; x_wconf 82' lang='lat' dir='ltr'><strong>abstinuerint,‘</strong></span> <span class='ocrx_word' id='word_1_741' title='bbox 2527 4431 2617 4484; x_wconf 89' lang='lat' dir='ltr'><strong>alii</strong></span> <span class='ocrx_word' id='word_1_742' title='bbox 2644 4432 2787 4500; x_wconf 91' lang='lat' dir='ltr'><strong>quod</strong></span> <span class='ocrx_word' id='word_1_743' title='bbox 2815 4431 2866 4484; x_wconf 91' lang='lat' dir='ltr'><strong>in</strong></span> <span class='ocrx_word' id='word_1_744' title='bbox 2905 4441 3108 4486; x_wconf 90' lang='lat' dir='ltr'><strong>tantum</strong></span> <span class='ocrx_word' id='word_1_745' title='bbox 3143 4447 3202 4487; x_wconf 89' lang='lat' dir='ltr'><strong>se</strong></span> <span class='ocrx_word' id='word_1_746' title='bbox 3246 4433 3414 4486; x_wconf 87' lang='lat' dir='ltr'><strong>absti-</strong></span> 
     </span>
    </p>
   </div>
   <div class='ocr_carea' id='block_1_107' title="bbox 1850 4519 3411 4592">
    <p class='ocr_par' dir='ltr' id='par_1_107' title="bbox 1850 4519 3411 4592">
     <span class='ocr_line' id='line_1_107' title="bbox 1850 4519 3411 4592; baseline 0.001 -17"><span class='ocrx_word' id='word_1_747' title='bbox 1850 4521 2085 4585; x_wconf 88' lang='lat' dir='ltr'><strong>nuerint,</strong></span> <span class='ocrx_word' id='word_1_748' title='bbox 2122 4519 2261 4590; x_wconf 89' lang='lat' dir='ltr'><strong>quod</strong></span> <span class='ocrx_word' id='word_1_749' title='bbox 2292 4534 2390 4574; x_wconf 81' lang='lat' dir='ltr'><strong>nec</strong></span> <span class='ocrx_word' id='word_1_750' title='bbox 2411 4534 2550 4590; x_wconf 85' lang='lat' dir='ltr'><strong>pane</strong></span> <span class='ocrx_word' id='word_1_751' title='bbox 2582 4521 2635 4575; x_wconf 92' lang='lat' dir='ltr'><strong>in</strong></span> <span class='ocrx_word' id='word_1_752' title='bbox 2661 4521 2781 4576; x_wconf 90' lang='lat' dir='ltr'><strong>cibo</strong></span> <span class='ocrx_word' id='word_1_753' title='bbox 2807 4522 2888 4577; x_wconf 88' lang='lat' dir='ltr'><strong>usi</strong></span> <span class='ocrx_word' id='word_1_754' title='bbox 2918 4531 3062 4585; x_wconf 86' lang='lat' dir='ltr'><strong>sunt,</strong></span> <span class='ocrx_word' id='word_1_755' title='bbox 3105 4523 3198 4576; x_wconf 86' lang='lat' dir='ltr'><strong>sed</strong></span> <span class='ocrx_word' id='word_1_756' title='bbox 3226 4523 3411 4592; x_wconf 90' lang='lat' dir='ltr'><strong>paucis</strong></span> 
     </span>
    </p>
   </div>
   <div class='ocr_carea' id='block_1_108' title="bbox 1848 4608 3406 4678">
    <p class='ocr_par' dir='ltr' id='par_1_108' title="bbox 1848 4608 3406 4678">
     <span class='ocr_line' id='line_1_108' title="bbox 1848 4608 3406 4678; baseline 0 -14"><span class='ocrx_word' id='word_1_757' title='bbox 1848 4608 2040 4670; x_wconf 82' lang='lat' dir='ltr'><strong>caricis</strong></span> <span class='ocrx_word' id='word_1_758' title='bbox 2060 4611 2256 4674; x_wconf 73' lang='lat' dir='ltr'><strong>Corpus</strong></span> <span class='ocrx_word' id='word_1_759' title='bbox 2285 4623 2438 4662; x_wconf 88' lang='lat' dir='ltr'><strong>suum</strong></span> <span class='ocrx_word' id='word_1_760' title='bbox 2474 4610 2912 4663; x_wconf 78' lang='lat' dir='ltr'><strong>sustentaverint.</strong></span> <span class='ocrx_word' id='word_1_761' title='bbox 2945 4609 3010 4663; x_wconf 83' lang='lat' dir='ltr'><strong>Et</strong></span> <span class='ocrx_word' id='word_1_762' title='bbox 3049 4610 3150 4664; x_wconf 86' lang='lat' dir='ltr'><strong>alia</strong></span> <span class='ocrx_word' id='word_1_763' title='bbox 3179 4609 3406 4678; x_wconf 87' lang='lat' dir='ltr'><strong>plurima</strong></span> 
     </span>
    </p>
   </div>
   <div class='ocr_carea' id='block_1_109' title="bbox 1850 4680 3409 4765">
    <p class='ocr_par' dir='ltr' id='par_1_109' title="bbox 1850 4680 3409 4765">
     <span class='ocr_line' id='line_1_109' title="bbox 1850 4680 3409 4765; baseline 0.002 -15"><span class='ocrx_word' id='word_1_764' title='bbox 1850 4686 1974 4751; x_wconf 88' lang='lat' dir='ltr'><strong>sunt</strong></span> <span class='ocrx_word' id='word_1_765' title='bbox 2001 4711 2196 4765; x_wconf 83' lang='lat' dir='ltr'><strong>genera</strong></span> <span class='ocrx_word' id='word_1_766' title='bbox 2227 4697 2585 4762; x_wconf 63' lang='lat' dir='ltr'><strong>abstinentiae,</strong></span> <span class='ocrx_word' id='word_1_767' title='bbox 2618 4699 2714 4754; x_wconf 89' lang='lat' dir='ltr'><strong>sed</strong></span> <span class='ocrx_word' id='word_1_768' title='bbox 2743 4707 2867 4753; x_wconf 87' lang='lat' dir='ltr'><strong>ante</strong></span> <span class='ocrx_word' id='word_1_769' title='bbox 2895 4700 3070 4752; x_wconf 82' lang='lat' dir='ltr'><strong>omnia</strong></span> <span class='ocrx_word' id='word_1_770' title='bbox 3099 4680 3296 4753; x_wconf 68' lang='lat' dir='ltr'><strong>cavere</strong></span> <span class='ocrx_word' id='word_1_771' title='bbox 3317 4700 3409 4753; x_wconf 87' lang='lat' dir='ltr'><strong>de-</strong></span> 
     </span>
    </p>
   </div>
   <div class='ocr_carea' id='block_1_110' title="bbox 1847 4779 3403 4858">
    <p class='ocr_par' dir='ltr' id='par_1_110' title="bbox 1847 4779 3403 4858">
     <span class='ocr_line' id='line_1_110' title="bbox 1847 4779 3403 4858; baseline 0.002 -19"><span class='ocrx_word' id='word_1_772' title='bbox 1847 4786 1937 4839; x_wconf 87' lang='lat' dir='ltr'><strong>bet</strong></span> <span class='ocrx_word' id='word_1_773' title='bbox 1959 4786 2049 4854; x_wconf 90' lang='lat' dir='ltr'><strong>qui</strong></span> <span class='ocrx_word' id='word_1_774' title='bbox 2089 4799 2147 4838; x_wconf 91' lang='lat' dir='ltr'><strong>se</strong></span> <span class='ocrx_word' id='word_1_775' title='bbox 2193 4784 2463 4840; x_wconf 84' lang='lat' dir='ltr'><strong>abstinere</strong></span> <span class='ocrx_word' id='word_1_776' title='bbox 2499 4785 2610 4839; x_wconf 88' lang='lat' dir='ltr'><strong>vult</strong></span> <span class='ocrx_word' id='word_1_777' title='bbox 2663 4788 2731 4842; x_wconf 85' lang='lat' dir='ltr'><strong>ab</strong></span> <span class='ocrx_word' id='word_1_778' title='bbox 2772 4787 2949 4856; x_wconf 88' lang='lat' dir='ltr'><strong>aliquo</strong></span> <span class='ocrx_word' id='word_1_779' title='bbox 2991 4789 3110 4842; x_wconf 90' lang='lat' dir='ltr'><strong>cibo</strong></span> <span class='ocrx_word' id='word_1_780' title='bbox 3129 4779 3216 4842; x_wconf 77' lang='lat' dir='ltr'><strong>vel</strong></span> <span class='ocrx_word' id='word_1_781' title='bbox 3253 4797 3403 4858; x_wconf 89' lang='lat' dir='ltr'><strong>potu,</strong></span> 
     </span>
    </p>
   </div>
   <div class='ocr_carea' id='block_1_111' title="bbox 1841 4873 3403 4945">
    <p class='ocr_par' dir='ltr' id='par_1_111' title="bbox 1841 4873 3403 4945">
     <span class='ocr_line' id='line_1_111' title="bbox 1841 4873 3403 4945; baseline 0.001 -16"><span class='ocrx_word' id='word_1_782' title='bbox 1841 4890 1908 4929; x_wconf 88' lang='lat' dir='ltr'><strong>ne</strong></span> <span class='ocrx_word' id='word_1_783' title='bbox 1937 4890 2087 4929; x_wconf 89' lang='lat' dir='ltr'><strong>mens</strong></span> <span class='ocrx_word' id='word_1_784' title='bbox 2101 4873 2215 4941; x_wconf 90' lang='lat' dir='ltr'><strong>ejus</strong></span> <span class='ocrx_word' id='word_1_785' title='bbox 2236 4876 2442 4929; x_wconf 87' lang='lat' dir='ltr'><strong>occulta</strong></span> <span class='ocrx_word' id='word_1_786' title='bbox 2467 4876 2788 4945; x_wconf 82' lang='lat' dir='ltr'><strong>cogitatione</strong></span> <span class='ocrx_word' id='word_1_787' title='bbox 2809 4875 3093 4944; x_wconf 87' lang='lat' dir='ltr'><strong>polluatur,</strong></span> <span class='ocrx_word' id='word_1_788' title='bbox 3117 4877 3189 4930; x_wconf 87' lang='lat' dir='ltr'><strong>ita</strong></span> <span class='ocrx_word' id='word_1_789' title='bbox 3222 4887 3282 4931; x_wconf 91' lang='lat' dir='ltr'><strong>ut</strong></span> <span class='ocrx_word' id='word_1_790' title='bbox 3305 4878 3403 4931; x_wconf 79' lang='lat' dir='ltr'><strong>ali-</strong></span> 
     </span>
    </p>
   </div>
   <div class='ocr_carea' id='block_1_112' title="bbox 1841 4955 3395 5037">
    <p class='ocr_par' dir='ltr' id='par_1_112' title="bbox 1841 4955 3395 5037">
     <span class='ocr_line' id='line_1_112' title="bbox 1841 4955 3395 5037; baseline 0.002 -20"><span class='ocrx_word' id='word_1_791' title='bbox 1841 4979 1999 5032; x_wconf 81' lang='lat' dir='ltr'><strong>quam</strong></span> <span class='ocrx_word' id='word_1_792' title='bbox 2048 4955 2352 5018; x_wconf 77' lang='lat' dir='ltr'><strong>creaturam</strong></span> <span class='ocrx_word' id='word_1_793' title='bbox 2406 4964 2500 5018; x_wconf 82' lang='lat' dir='ltr'><strong>Dei</strong></span> <span class='ocrx_word' id='word_1_794' title='bbox 2543 4965 2760 5020; x_wconf 85' lang='lat' dir='ltr'><strong>damnet</strong></span> <span class='ocrx_word' id='word_1_795' title='bbox 2804 4965 3086 5034; x_wconf 74' lang='lat' dir='ltr'><strong>iudiciaria</strong></span> <span class='ocrx_word' id='word_1_796' title='bbox 3137 4969 3395 5037; x_wconf 87' lang='lat' dir='ltr'><strong>supersti-</strong></span> 
     </span>
    </p>
   </div>
   <div class='ocr_carea' id='block_1_113' title="bbox 1840 5055 3393 5121">
    <p class='ocr_par' dir='ltr' id='par_1_113' title="bbox 1840 5055 3393 5121">
     <span class='ocr_line' id='line_1_113' title="bbox 1840 5055 3393 5121; baseline 0.001 -10"><span class='ocrx_word' id='word_1_797' title='bbox 1840 5058 1982 5111; x_wconf 91' lang='lat' dir='ltr'><strong>tione</strong></span> <span class='ocrx_word' id='word_1_798' title='bbox 2011 5057 2286 5119; x_wconf 88' lang='lat' dir='ltr'><strong>seductus,</strong></span> <span class='ocrx_word' id='word_1_799' title='bbox 2314 5055 2500 5110; x_wconf 88' lang='lat' dir='ltr'><strong>dicens</strong></span> <span class='ocrx_word' id='word_1_800' title='bbox 2533 5057 2635 5110; x_wconf 91' lang='lat' dir='ltr'><strong>hoc</strong></span> <span class='ocrx_word' id='word_1_801' title='bbox 2662 5057 2846 5121; x_wconf 90' lang='lat' dir='ltr'><strong>licere,</strong></span> <span class='ocrx_word' id='word_1_802' title='bbox 2888 5057 3013 5112; x_wconf 91' lang='lat' dir='ltr'><strong>illud</strong></span> <span class='ocrx_word' id='word_1_803' title='bbox 3043 5067 3222 5111; x_wconf 90' lang='lat' dir='ltr'><strong>autem</strong></span> <span class='ocrx_word' id='word_1_804' title='bbox 3252 5074 3393 5121; x_wconf 86' lang='lat' dir='ltr'><strong>non;</strong></span> 
     </span>
    </p>
   </div>
   <div class='ocr_carea' id='block_1_114' title="bbox 1839 5145 3392 5217">
    <p class='ocr_par' dir='ltr' id='par_1_114' title="bbox 1839 5145 3392 5217">
     <span class='ocr_line' id='line_1_114' title="bbox 1839 5145 3392 5217; baseline 0 -17"><span class='ocrx_word' id='word_1_805' title='bbox 1839 5148 1939 5212; x_wconf 84' lang='lat' dir='ltr'><strong>hoc</strong></span> <span class='ocrx_word' id='word_1_806' title='bbox 1967 5145 2240 5216; x_wconf 78' lang='lat' dir='ltr'><strong>mundum,</strong></span> <span class='ocrx_word' id='word_1_807' title='bbox 2274 5145 2404 5199; x_wconf 90' lang='lat' dir='ltr'><strong>illud</strong></span> <span class='ocrx_word' id='word_1_808' title='bbox 2449 5155 2626 5201; x_wconf 89' lang='lat' dir='ltr'><strong>autem</strong></span> <span class='ocrx_word' id='word_1_809' title='bbox 2656 5147 2988 5202; x_wconf 89' lang='lat' dir='ltr'><strong>immundum</strong></span> <span class='ocrx_word' id='word_1_810' title='bbox 3019 5163 3138 5204; x_wconf 89' lang='lat' dir='ltr'><strong>esse</strong></span> <span class='ocrx_word' id='word_1_811' title='bbox 3177 5149 3392 5217; x_wconf 86' lang='lat' dir='ltr'><strong>cogitet.</strong></span> 
     </span>
    </p>
   </div>
   <div class='ocr_carea' id='block_1_115' title="bbox 1839 5232 3396 5310">
    <p class='ocr_par' dir='ltr' id='par_1_115' title="bbox 1839 5232 3396 5310">
     <span class='ocr_line' id='line_1_115' title="bbox 1839 5232 3396 5310; baseline 0.001 -21"><span class='ocrx_word' id='word_1_812' title='bbox 1839 5236 2006 5302; x_wconf 84' lang='lat' dir='ltr'><strong>Quem</strong></span> <span class='ocrx_word' id='word_1_813' title='bbox 2035 5232 2192 5301; x_wconf 88' lang='lat' dir='ltr'><strong>hujus</strong></span> <span class='ocrx_word' id='word_1_814' title='bbox 2221 5235 2405 5289; x_wconf 91' lang='lat' dir='ltr'><strong>mundi</strong></span> <span class='ocrx_word' id='word_1_815' title='bbox 2454 5237 2708 5304; x_wconf 85' lang='lat' dir='ltr'><strong>cogitatio</strong></span> <span class='ocrx_word' id='word_1_816' title='bbox 2730 5237 2923 5305; x_wconf 88' lang='lat' dir='ltr'><strong>pulsat,</strong></span> <span class='ocrx_word' id='word_1_817' title='bbox 2957 5239 3131 5292; x_wconf 83' lang='lat' dir='ltr'><strong>videat</strong></span> <span class='ocrx_word' id='word_1_818' title='bbox 3166 5236 3396 5310; x_wconf 83' lang='lat' dir='ltr'><strong>Aposto-</strong></span> 
     </span>
    </p>
   </div>
   <div class='ocr_carea' id='block_1_116' title="bbox 1839 5323 3393 5392">
    <p class='ocr_par' dir='ltr' id='par_1_116' title="bbox 1839 5323 3393 5392">
     <span class='ocr_line' id='line_1_116' title="bbox 1839 5323 3393 5392; baseline 0.003 -14"><span class='ocrx_word' id='word_1_819' title='bbox 1839 5326 1944 5379; x_wconf 90' lang='lat' dir='ltr'><strong>lum</strong></span> <span class='ocrx_word' id='word_1_820' title='bbox 1970 5325 2167 5378; x_wconf 77' lang='lat' dir='ltr'><strong>dixisse</strong></span> <span class='ocrx_word' id='word_1_821' title='bbox 2196 5343 2208 5376; x_wconf 84' lang='lat'><strong>:</strong></span> <span class='ocrx_word' id='word_1_822' title='bbox 2239 5323 2420 5378; x_wconf 87' lang='lat' dir='ltr'><strong>Omnis</strong></span> <span class='ocrx_word' id='word_1_823' title='bbox 2458 5336 2698 5379; x_wconf 80' lang='lat' dir='ltr'><strong>creatura</strong></span> <span class='ocrx_word' id='word_1_824' title='bbox 2728 5327 2822 5381; x_wconf 77' lang='lat' dir='ltr'><strong>Dei</strong></span> <span class='ocrx_word' id='word_1_825' title='bbox 2849 5327 3040 5381; x_wconf 85' lang='lat' dir='ltr'><strong>munda</strong></span> <span class='ocrx_word' id='word_1_826' title='bbox 3062 5335 3156 5392; x_wconf 79' lang='lat' dir='ltr'><strong>est,</strong></span> <span class='ocrx_word' id='word_1_827' title='bbox 3180 5336 3226 5380; x_wconf 89' lang='lat' dir='ltr'><strong>et</strong></span> <span class='ocrx_word' id='word_1_828' title='bbox 3256 5329 3393 5382; x_wconf 78' lang='lat' dir='ltr'><strong>nihil</strong></span> 
     </span>
    </p>
   </div>
   <div class='ocr_carea' id='block_1_117' title="bbox 1839 5396 3394 5485">
    <p class='ocr_par' dir='ltr' id='par_1_117' title="bbox 1839 5396 3394 5485">
     <span class='ocr_line' id='line_1_117' title="bbox 1839 5396 3394 5485; baseline -0.001 -19"><span class='ocrx_word' id='word_1_829' title='bbox 1839 5413 2170 5484; x_wconf 71' lang='lat' dir='ltr'><strong>reﬁciendum</strong></span> <span class='ocrx_word' id='word_1_830' title='bbox 2207 5414 2346 5482; x_wconf 87' lang='lat' dir='ltr'><strong>quod</strong></span> <span class='ocrx_word' id='word_1_831' title='bbox 2375 5431 2491 5467; x_wconf 87' lang='lat' dir='ltr'><strong>cunt</strong></span> <span class='ocrx_word' id='word_1_832' title='bbox 2519 5416 2808 5484; x_wconf 84' lang='lat' dir='ltr'><strong>gratiarum</strong></span> <span class='ocrx_word' id='word_1_833' title='bbox 2852 5417 3051 5469; x_wconf 89' lang='lat' dir='ltr'><strong>actione</strong></span> <span class='ocrx_word' id='word_1_834' title='bbox 3073 5396 3394 5485; x_wconf 69' lang='lat' dir='ltr'><strong>percipitur,</strong></span> 
     </span>
    </p>
   </div>
   <div class='ocr_carea' id='block_1_118' title="bbox 1836 5494 3404 5578">
    <p class='ocr_par' dir='ltr' id='par_1_118' title="bbox 1836 5494 3404 5578">
     <span class='ocr_line' id='line_1_118' title="bbox 1836 5494 3404 5578; baseline 0.003 -20"><span class='ocrx_word' id='word_1_835' title='bbox 1836 5494 2107 5558; x_wconf 29' lang='lat' dir='ltr'><strong>et’malum</strong></span> <span class='ocrx_word' id='word_1_836' title='bbox 2129 5513 2204 5557; x_wconf 85' lang='lat' dir='ltr'><strong>est</strong></span> <span class='ocrx_word' id='word_1_837' title='bbox 2235 5505 2432 5559; x_wconf 87' lang='lat' dir='ltr'><strong>homini</strong></span> <span class='ocrx_word' id='word_1_838' title='bbox 2456 5505 2544 5574; x_wconf 83' lang='lat' dir='ltr'><strong>qui</strong></span> <span class='ocrx_word' id='word_1_839' title='bbox 2579 5521 2673 5576; x_wconf 88' lang='lat' dir='ltr'><strong>per</strong></span> <span class='ocrx_word' id='word_1_840' title='bbox 2699 5503 3066 5578; x_wconf 56' lang='lat' dir='ltr'><strong>ofendiculuni</strong></span> <span class='ocrx_word' id='word_1_841' title='bbox 3107 5507 3404 5563; x_wconf 59' lang='lat' dir='ltr'><strong>manduca</strong></span> 
     </span>
    </p>
   </div>
   <div class='ocr_carea' id='block_1_119' title="bbox 1838 5593 2502 5666">
    <p class='ocr_par' dir='ltr' id='par_1_119' title="bbox 1838 5593 2502 5666">
     <span class='ocr_line' id='line_1_119' title="bbox 1838 5593 2502 5666; baseline 0.002 -18"><span class='ocrx_word' id='word_1_842' title='bbox 1838 5593 1888 5666; x_wconf 94' lang='grc' dir='ltr'><strong>(Ι</strong></span> <span class='ocrx_word' id='word_1_843' title='bbox 1924 5593 2064 5648; x_wconf 73' lang='lat' dir='ltr'><strong>Tim;</strong></span> <span class='ocrx_word' id='word_1_844' title='bbox 2087 5610 2170 5662; x_wconf 87' lang='lat' dir='ltr'><strong>tv;</strong></span> <span class='ocrx_word' id='word_1_845' title='bbox 2196 5593 2344 5652; x_wconf 81' lang='lat' dir='ltr'><strong>Rom.</strong></span> <span class='ocrx_word' id='word_1_846' title='bbox 2372 5598 2502 5666; x_wconf 81' lang='lat' dir='ltr'><strong>xw).</strong></span> 
     </span>
    </p>
   </div>
  </div>
