3958 6342
489 263 599 324 339

1050 356 1275 413 CAPUT
1306 352 1400 407 XX
1410 350 1492 403 VI.

764 451 842 508 De
862 448 1059 521 origine
1084 446 1324 501 biduanaz
1356 442 1460 495 sive
1483 438 1761 493 triduana'.

560 552 860 629 biduanum
908 574 1085 620 autem
1133 572 1337 615 morem
1356 554 1546 625 jejunii
1592 558 1716 607 reor
1755 550 1881 604 inde
1910 562 2053 601 sum-

488 672 658 735 ptum,
694 659 835 729 quod
863 653 1085 726 apostoli
1114 650 1492 720 jejunaverunt
1513 642 1604 696 illo
1626 640 1789 695 biduo
1815 653 1927 735 quo
1950 636 2052 690 Do-

486 725 664 810 minus
692 725 975 821 passusac
1020 740 1258 812 sepultus
1299 746 1401 791 est.
1441 732 1729 787 Triduanis
1750 744 1879 799 ergo
1908 725 2049 795 jeju-

485 860 617 901 nare
643 820 711 897 ab
735 836 980 907 exemplo
1008 834 1226 887 ductum
1253 836 1336 884 est
1372 826 1753 887 Ninivitarum,
1784 822 1873 891 qui
1900 820 2052 873 dam-

401 958 405 961 ·
487 935 627 991 natis
650 931 892 1004 pristinis
922 927 1065 982 vitiis
1088 932 1231 979 totos
1258 936 1316 976 se
1339 918 1513 993 tribus
1545 917 1732 972 diebus
1749 910 1956 983 jejunio
1985 923 2047 963 ac

484 1001 810 1098 pmnitimtize
836 1020 1195 1077 contulerunt.
1240 1013 1345 1069 Sed
1378 1012 1518 1066 illius
1553 1004 1886 1064 solummodo
1908 1001 2049 1071 jeju-

487 1095 633 1174 nium
662 1116 769 1171 Deo
795 1109 1123 1181 acceptabile
1161 1114 1265 1172 est,
1297 1102 1389 1174 qui
1408 1104 1487 1157 sic
1503 1099 1712 1170 jejunat
1736 1112 1765 1150 a
1809 1095 1961 1157 cibis,
1991 1102 2050 1146 ut

489 1206 755 1262 abstineat
780 1219 810 1258 a
838 1193 1092 1272 peccatis,
1116 1204 1368 1252 caeterum
1403 1192 1493 1261 qui
1520 1196 1709 1245 ventre
1734 1194 1941 1242 tantum
1962 1182 2045 1251 je-

484 1298 659 1370 junat,
711 1292 1049 1361 reprobatum
1092 1286 1198 1341 erit
1248 1284 1361 1352 ejus
1395 1279 1659 1351 jejunium
1690 1290 1873 1331 coram
1914 1274 2046 1336 Deo,

487 1362 578 1465 qui
608 1383 743 1438 dixit
763 1396 859 1451 per
879 1378 1193 1449 prophetam
1222 1392 1235 1427 :
1262 1372 1396 1426 Ecce
1410 1372 1463 1424 in
1487 1368 1665 1456 diebus
1680 1366 1873 1435 jejunii
1893 1362 2048 1418 vestri

491 1459 774 1527 invenietur
802 1468 1035 1523 voluntas
1063 1473 1248 1529 vestra,
1276 1472 1326 1517 et
1368 1477 1539 1515 omnes
1568 1459 1821 1511 debitores
1856 1464 2051 1509 vestros

488 1562 733 1631 repetitis.
772 1558 905 1624 Ecce
944 1558 1013 1610 ad
1055 1556 1171 1609 lites
1200 1562 1264 1617 ,et
1311 1552 1664 1606 contentiones
1685 1548 1963 1618 jejunatis,
2000 1556 2048 1599 et

488 1652 748 1723 percutitis
776 1632 946 1721 pu‘gno
969 1648 1143 1718 impie.
1189 1645 1366 1701 Nolite
1383 1644 1627 1713 jejunare
1670 1642 1745 1695 sic
1788 1656 1948 1709 usque
1977 1640 2046 1691 ad

487 1742 621 1795 hanc
663 1741 836 1805 diem,
884 1746 940 1793 ut
992 1734 1242 1791 audiatur
1282 1736 1337 1788 in
1378 1733 1592 1787 excelsis
1645 1730 1843 1785 clamor
1866 1740 2049 1806 vester.

492 1832 745 1905 Nunquid
774 1831 877 1887 tale
910 1840 983 1885 est
1004 1830 1268 1901 jejunium
1300 1827 1438 1897 quod
1459 1824 1606 1894 elegi,
1637 1840 1727 1895 per
1752 1822 1889 1875 diem
1918 1821 2049 1890 aﬁli-
2081 1860 2091 1870 ς

413 1956 422 1964 -
487 1940 603 1996 gere
630 1922 886 1977 hominem
916 1922 1145 1974 animam
1178 1933 1325 1971 suam
1356 1914 1490 1985 (lsa.
1526 1915 1697 1981 LVIII).
1719 1911 1787 1965 Et
1813 1910 2009 1965 deinde
2035 1927 2047 1961 :

493 2013 679 2067 Nonne
702 2012 797 2065 IIoc
825 2016 899 2064 est
938 2008 1104 2078 magis
1139 2004 1401 2076 jejunium
1432 2001 1571 2073 quod
1614 2000 1782 2071 elegi?
1818 1998 2051 2052 Dissolve

488 2101 840 2171 colligationes
866 2082 1167 2169 impietatis,
1205 2094 1341 2149 solve
1372 2090 1653 2161 fasciculos
1686 2090 2047 2161 deprimentes,

488 2194 687 2247 dimitte
711 2208 796 2245 eos
837 2191 925 2261 qui
952 2187 1207 2257 confracti
1252 2195 1371 2239 sunt
1411 2183 1620 2247 liberos,
1662 2190 1709 2236 et
1740 2197 1891 2235 omne
1919 2197 2049 2234 onus

489 2286 770 2353 disrumpe.
817 2280 1025 2350 Frange
1052 2278 1298 2333 esurienti
1344 2292 1529 2347 panem
1572 2284 1740 2338 tuum,
1777 2283 1826 2326 et
1867 2288 2049 2343 egenos

490 2392 740 2447 vagosque
766 2373 922 2428 induc
942 2373 997 2426 in
1024 2372 1234 2426 domum
1258 2378 1422 2422 tuam.
1450 2368 1581 2421 Cum
1620 2365 1807 2420 videris
1830 2366 2049 2428 nudum,

488 2468 629 2538 operi
657 2483 795 2530 eum,
829 2474 875 2519 et
903 2479 1110 2519 carnem
1133 2473 1278 2515 tuam
1304 2477 1367 2515 ne
1385 2458 1698 2530 despexeris,
1733 2468 1854 2511 tunc
1872 2474 2049 2511 erum-

487 2567 568 2625 ret
610 2556 762 2625 quasi
797 2570 949 2607 mane
997 2552 1171 2605 lumen
1218 2559 1392 2617 tuum,
1429 2557 1477 2603 et
1527 2548 1729 2616 sanitas
1768 2556 1858 2599 tua
1897 2546 2049 2600 citius

490 2646 703 2709 orietur,
728 2652 833 2700 etc.
851 2640 901 2713 (I
907 2640 1036 2713 bid.)

1047 2730 1274 2787 CAPUT
1308 2728 1525 2785 XXVII.

800 2845 877 2899 De
899 2861 989 2898 esu
1015 2844 1251 2898 earnium
1284 2852 1330 2896 et
1366 2842 1570 2912 potione
1590 2840 1713 2894 vini.

558 2955 763 3014 Carnes
783 2964 959 3011 autem
988 2964 1045 3011 et
1063 2955 1247 3010 vinum
1287 2961 1411 3024 post
1436 2953 1691 3027 diluvium
1723 2960 1847 3007 sunt
1874 2950 2052 3007 homi-

490 3050 652 3105 nibus
686 3048 741 3103 in
785 3061 941 3103 usum
968 3060 1247 3111 concessa,
1295 3060 1421 3099 nam
1458 3044 1511 3098 in
1552 3043 1705 3098 initio
1734 3042 2052 3112 permissum
2082 3039 2127 3101 C

492 3157 599 3195 non
629 3138 823 3204 fuerat,
862 3137 964 3193 nisi
1000 3146 1204 3192 tantum
1241 3136 1390 3201 illud,
1421 3146 1481 3188 ut
1518 3135 1775 3203 scriptum
1814 3143 1897 3188 est
1926 3152 1937 3186 :
1969 3131 2057 3185 Li-

490 3245 647 3301 gnum
674 3226 1002 3298 fructiferum
1045 3236 1095 3279 et
1128 3223 1340 3280 herbam
1378 3222 1729 3278 seminabilem
1765 3221 1884 3275 dedi
1917 3220 2055 3275 vobis

490 3320 545 3373 in
579 3334 768 3384 escam.
815 3315 1007 3371 Postea
1050 3330 1178 3369 vero
1204 3329 1301 3384 per
1341 3312 1454 3368 Noe
1490 3312 1611 3366 data
1660 3311 1864 3367 suntin
1905 3325 2056 3365 esum

493 3416 685 3483 cuncta
713 3407 990 3474 animalia,
1020 3407 1237 3477 vinique
1281 3406 1537 3461 attributa
1563 3404 1778 3459 licentia
1806 3414 1908 3458 est.
1952 3402 2057 3457 Sed

493 3509 774 3571 postquam
798 3498 1048 3555 Christus
1072 3498 1186 3570 (qui
1231 3505 1313 3552 est
1341 3496 1673 3570 principium
1705 3504 1760 3549 et
1786 3494 1930 3563 linis)
1967 3508 2061 3561 ap-

494 3589 691 3659 paruit,
720 3590 823 3643 hoc
852 3588 994 3657 quod
1033 3587 1089 3640 in
1130 3585 1391 3656 principio
1418 3585 1789 3653 suspenderat,
1817 3583 1977 3636 etiam
2008 3580 2061 3633 in

498 3689 796 3747 temporum
856 3677 961 3731 line
1015 3676 1267 3741 retraxit,
1328 3675 1552 3762 loquens
1600 3671 1695 3742 per
1748 3670 2061 3764 Apostolum

498 3784 653 3823 suum
686 3765 926 3821 :Bonum
946 3775 1020 3820 est
1044 3780 1147 3819 non
1182 3760 1497 3818 manducare
1524 3778 1755 3827 carnem,
1786 3770 1832 3814 et
1862 3760 1964 3813 non
1988 3760 2065 3833 bi-

500 3862 616 3917 bere
640 3859 812 3913 vinum
835 3858 1009 3929 (Rom.
1039 3858 1171 3928 XIV).
1202 3857 1269 3911 Et
1296 3858 1488 3911 iterum
1516 3875 1528 3910 :
1556 3855 1660 3921 Qui
1697 3854 1936 3923 inﬁrmus
1966 3864 2059 3916 est,

500 3950 642 4004 olera
682 3947 954 4004 manducet
982 3947 1190 4022 (Ibid.).
1223 3946 1338 4002 Non
1369 3962 1497 4018 ergo
1524 3948 1649 4016 quia
1689 3934 1883 4000 carnes
1913 3943 2065 3998 mala:

502 4049 628 4096 sunt
652 4040 771 4096 ideo
792 4040 1163 4115 prohibentur,
1191 4040 1285 4094 sed
1309 4040 1433 4109 quia
1464 4052 1648 4092 earum
1678 4036 1847 4107 epulae
1882 4035 2064 4090 carnis

504 4131 766 4185 luxuriam
795 4131 1032 4201 gignunt.
1063 4130 1255 4184 Fames
1282 4130 1425 4184 enim
1465 4142 1529 4183 ac
1558 4128 1941 4181 nutrimentum
1983 4133 2066 4180 est

504 4219 741 4274 onmium
782 4218 1052 4271 vitiorum.
1092 4217 1227 4271 Esca
1259 4218 1419 4271 ventri
1452 4228 1497 4271 et
1530 4225 1700 4290 venter
1728 4215 1876 4280 escis,
1927 4214 2064 4268 Deus

508 4317 679 4373 autem
703 4306 783 4377 (ut
814 4306 1068 4375 scriptum
1098 4305 1201 4376 est)
1239 4305 1445 4359 ethunc
1466 4314 1513 4357 et
1537 4305 1672 4357 hanc
1696 4304 1943 4356 destruet.
1979 4301 2067 4355 9i-

510 4412 655 4452 sccnI
696 4412 823 4451 sane
852 4397 999 4469 (quia
1045 4412 1167 4451 eum
1203 4403 1325 4465 post
1368 4394 1814 4449 resurrectionem
1862 4393 2068 4461 accepit

512 4486 789 4556 Dominus)
820 4501 1100 4556 possumus
1132 4486 1469 4539 manducare.
1511 4483 1623 4537 Hoc
1656 4482 1798 4536 enim
1834 4496 1933 4536 nec
1961 4480 2079 4535 Sal-

514 4584 669 4631 vator
707 4589 806 4629 nec
843 4574 1066 4644 apostoli
1092 4581 1392 4628 vetuerunt.
1438 4573 1630 4626 Avium
1675 4584 1887 4639 quoque
1925 4585 2079 4625 esum

514 4672 679 4727 credo
715 4671 839 4725 inde
862 4684 890 4723 a
920 4670 1164 4739 patribus
1205 4669 1526 4738 permissum
1552 4684 1693 4733 esse,
1737 4684 1801 4723 eo
1830 4668 1971 4738 quod
2009 4681 2075 4719 ex

513 4763 701 4819 eodem
727 4760 987 4816 elemento
1015 4759 1081 4813 de
1105 4774 1211 4827 quo
1240 4767 1294 4813 et
1322 4759 1496 4828 pisces
1525 4767 1718 4813 creata:
1759 4768 1901 4813 sunt.
1939 4758 2074 4811 Nam

518 4853 571 4905 in
601 4850 780 4922 regula
809 4849 1191 4903 monachorum
1239 4863 1346 4902 non
1375 4847 1677 4921 invenimus
1702 4848 1925 4899 aliarum
1953 4834 2072 4901 car-

519 4942 665 4996 nium
694 4952 844 4994 esum
889 4937 968 4993 eis
1012 4938 1402 4992 contradictum
1448 4951 1587 5001 esse,
1632 4937 1734 4991 nisi
1779 4936 2079 5005 quadrupe-

520 5032 685 5086 dium.

1183 5114 1413 5168 Additio.

596 5229 722 5285 Sola
754 5228 1115 5300 quadrupedia
1160 5230 1263 5281 non
1294 5227 1526 5281 volatilia
1550 5230 1830 5283 monachis
1856 5222 2099 5283 interdi-’

522 5330 629 5376 cta.
658 5320 774 5376 Hec
800 5328 979 5375 autem
1028 5326 1269 5387 tempore
1299 5316 1380 5370 Pii
1424 5317 1678 5371 Ludovici
1724 5319 1802 5373 sic
1832 5316 2105 5373 immuta!

526 5422 641 5466 tum
676 5426 794 5467 esse
825 5411 1037 5475 dicitur,
1078 5418 1141 5464 ut
1176 5410 1230 5463 in
1256 5409 1401 5463 omni
1438 5420 1621 5463 eorum
1654 5409 1928 5479 pulmento
1958 5426 2081 5466 san-

528 5500 685 5567 guine
724 5501 799 5554 uti
829 5501 1006 5565 liceat,
1033 5510 1250 5571 propter
1275 5499 1492 5553 nimiam
1520 5508 1576 5554 et
1618 5500 1738 5554 aliis
1772 5502 2083 5557 damnosam

527 5593 980 5661 consumptionem
1010 5591 1302 5647 volatilium
1330 5580 1490 5660 quam
1526 5589 1812 5645 faciebant.

1129 198 1191 304 ε.
1232 243 1483 303 BABANI
1524 238 1738 295 unum
1780 231 2093 289 ARCIIIEP.
2138 228 2444 285 uocum.
2488 227 2767 282 ornavit
2808 198 2987 280 rans
3027 228 3063 281 l.

2080 342 2130 399 A

3626 224 3734 278 3&0

2686 335 2910 393 CAPUT
2962 337 3188 393 XXVIII.

2486 428 2562 482 De
2595 427 3037 498 eleemosynarum
3069 430 3384 499 (li/ferentia.

2225 518 2573 589 Eleemosyna
2602 534 2764 590 ergo,
2820 520 3161 593 ἐλεημοσύνη,
3207 520 3454 577 Graecum
3496 521 3733 576 vocabu-

2152 608 2292 672 lum,
2328 608 2517 663 Latine
2561 609 2947 678 interpretatur
2985 622 3120 680 opus
3142 611 3558 678 misericordiae,
3582 612 3729 678 inde,

2151 707 2213 750 ut
2240 713 2362 752 reor
2382 698 2548 764 dicta,
2578 700 2720 769 quod
2754 701 2969 755 miseria
3001 701 3251 754 humanm
3277 701 3611 757 inﬁrmitatis
3634 719 3733 757 cor

2150 787 2264 842 sive
2286 789 2521 842 animum
2554 790 2746 858 pulset.
2778 789 2883 845 Sed
2905 792 3018 845 hanc
3056 791 3196 861 apud
3235 792 3503 858 homines,
3533 792 3733 862 quibus

2150 878 2283 931 varii
2319 879 2496 932 animo
2525 880 2772 935 accidunt
2797 879 3051 944 allectus;
3080 888 3332 934 caeterum
3362 882 3501 950 apud
3533 882 3729 945 Deum,

2150 968 2240 1038 qui
2259 970 2551 1023 secundum
2584 979 2835 1029 naturam
2857 985 3068 1041 semper
3089 979 3173 1025 est
3194 970 3457 1041 benignus
3477 982 3533 1025 et
3562 973 3728 1027 mise-

2152 1056 2342 1122 ricors,
2376 1072 2480 1111 non
2526 1066 2609 1122 est
2647 1057 3012 1127 hujuscemodi
3043 1058 3307 1114 credenda
3360 1059 3595 1115 affectio.
3630 1062 3733 1114 Νε-

2149 1160 2254 1213 que
2283 1147 2425 1200 enim
2481 1148 2850 1219 temporaliter
2884 1148 2989 1204 illic
3019 1149 3222 1218 aliquid
3273 1150 3523 1203 accidere
3564 1151 3727 1213 valet,

2150 1239 2239 1293 ubi
2262 1239 2536 1294 aeternitas
2561 1239 2677 1301 sine
2705 1240 2808 1293 ulla
2834 1242 2914 1295 sui
2947 1241 3241 1294 mutatione
3264 1240 3367 1294 lixa
3401 1247 3605 1305 manet,
3631 1224 3741 1296 sed.

2150 1346 2273 1384 cum
2304 1330 2501 1385 dicitur
2532 1330 2858 1395 misericors,
2898 1331 3119 1401 intelligi
3171 1331 3330 1385 debet
3369 1346 3488 1385 esse
3524 1330 3646 1400 pius
3675 1339 3734 1385 et

2151 1419 2407 1485 clemens,
2438 1436 2559 1490 qua:
2590 1422 2760 1491 magis
2788 1422 3000 1475 nomina
3026 1420 3407 1491 proprietatem
3437 1422 3605 1491 ipsius
3634 1437 3731 1474 na-

2153 1522 2286 1567 turae
2333 1513 2584 1566 videntur
2628 1513 2928 1591 ostendere.
2982 1510 3119 1565 Sunt
3165 1519 3220 1565 et
3262 1511 3726 1583 eleemosynarum

2154 1604 2361 1674 species
2382 1603 2643 1672 plurimm,
2676 1597 2981 1691 quanquam
3009 1602 3061 1655 in
3086 1602 3570 1671 dispensationibus
3591 1616 3726 1670 pau—

2080 1692 2127 1750 B
2154 1708 2342 1761 perum
2371 1695 2474 1748 hoc
2524 1692 2839 1747 vocabulum
2867 1692 3083 1774 quidam
3122 1692 3307 1746 haberi
3355 1691 3553 1746 debere
3584 1692 3729 1745 arbi-

2161 1793 2387 1840 trentur.
2423 1785 2828 1856 Eleemosynam
2871 1783 3021 1847 facit,
3050 1783 3139 1852 qui
3168 1792 3483 1853 peccantem
3523 1790 3578 1835 et
3608 1797 3733 1851 pra-

2158 1878 2241 1931 vis
2266 1878 2519 1946 operibus
2559 1877 2892 1932 insistentem
2940 1875 3119 1945 aliquo
3155 1875 3329 1939 modo,
3362 1875 3476 1929 sive
3515 1890 3611 1944 per
3638 1874 3733 1928 ad-

2157 1970 2526 2032 monitionem,
2557 1968 2668 2022 sive
2692 1982 2788 2036 per
2815 1951 3150 2035 disciplinam
3176 1966 3416 2034 corrigit.
3448 1964 3558 2019 Nec
3584 1965 3733 2018 enim

2156 2046 2272 2115 sine
2307 2058 2836 2153 misericordia‘esse
2865 2055 3161 2110 credendus
3186 2064 3287 2119 est,
3320 2055 3410 2125 qui
3460 2054 3732 2125 regulari-

2159 2162 2261 2219 ter,
2292 2153 2404 2207 sive
2431 2166 2524 2221 pcr
2560 2148 3192 2213 excommunicationem,
3223 2162 3317 2202 seu
3349 2161 3446 2215 per
3478 2148 3731 2209 verbera,

2158 2243 2430 2298 hominem
2461 2258 2491 2295 a
2532 2241 2769 2312 peccatis
2804 2248 2859 2296 et
2889 2238 3034 2294 vitiis
3062 2253 3316 2295 coercere
3364 2238 3568 2302 studet,
3596 2237 3727 2308 quia

2157 2352 2263 2391 non
2293 2335 2582 2390 secundum
2611 2332 2725 2401 ejus
2756 2332 3103 2395 voluntatem,
3133 2331 3225 2384 sed
3269 2328 3564 2384 secundum
3593 2328 3735 2381 utili-

2160 2440 2323 2486 tatem
2349 2430 2515 2501 ipsius
2553 2428 2857 2482 miseretur.
2901 2424 3307 2493 Eleemosynam
3342 2422 3486 2486 facit,
3511 2421 3602 2490 qui
3644 2434 3737 2474 cr-

2157 2530 2363 2576 rantem
2396 2519 2447 2573 in
2479 2518 2619 2589 viam
2668 2503 2909 2570 veritatis
2938 2513 3170 2569 deducit.
3216 2512 3621 2582 Eleemosynam
3652 2508 3737 2563 fa—

2159 2612 2251 2674 cit,
2281 2610 2371 2679 qui
2416 2609 2689 2669 indoctum
2726 2606 2904 2669 docet,
2946 2605 3038 2674 qui
3078 2604 3301 2680 verbum
3344 2601 3437 2657 Dei
3468 2599 3739 2672 proximis

2159 2699 2579 2770 suispraedicat.
2614 2696 3022 2767 Eleemosynam
3052 2694 3200 2758 facit,
3242 2694 3333 2763 qui
3361 2694 3499 2747 bona
3526 2700 3739 2761 tempo-

2161 2792 2311 2853 ralia"
2328 2804 2450 2844 cum
2486 2780 2753 2842 fratribus
2782 2787 2915 2849 suis,
2966 2784 3017 2839 id
3052 2794 3153 2846 est,
3185 2784 3394 2839 caeteris
3425 2782 3742 2837 hominibus

2160 2881 2483 2951 participare
2514 2884 2621 2933 ’non
2648 2877 2862 2933 desinit.
2893 2875 3298 2946 Eleemosynam
3344 2868 3497 2938 facit,
3525 2874 3615 2943 qui
3656 2875 3741 2928 vi-

2162 2984 2307 3027 ctum
2347 2981 2398 3027 et
2435 2968 3088 3047 vestitumtindigentibus
3116 2967 3336 3035 prazbet,
3362 2966 3452 3035 qui
3499 2965 3742 3033 hospitio

2159 3064 2400 3135 suscipit,
2439 3062 2531 3131 qui
2563 3059 2805 3114 inﬁrmos
2848 3058 3053 3122 visitat,
3084 3056 3175 3125 qui
3219 3056 3271 3109 in
3318 3069 3535 3110 carcere
3575 3062 3629 3109 et
3682 3052 3741 3107 in

2158 3157 2589 3215 tribulationibus
2625 3153 2953 3231 constitutis,
3000 3150 3067 3206 de
3106 3149 3262 3203 bonis
3310 3148 3422 3203 suis
3467 3146 3744 3201 submini-

2157 3258 2307 3313 strat,
2335 3248 2424 3318 qui
2447 3247 2513 3301 ad
2535 3254 2763 3300 mortem
2785 3251 2840 3299 et
2860 3241 2925 3297 ad
2944 3240 3204 3312 supplicia
3224 3237 3523 3295 destinatos
3542 3252 3745 3293 eruere

2158 3354 2262 3394 non
2299 3346 2494 3394 cessat.
2531 3333 2904 3393 Omnialenim
2934 3333 3073 3386 bona
3102 3346 3222 3401 qua:
3265 3330 3318 3383 in
3352 3330 3453 3384 hac
3480 3328 3745 3398 praesenti

2158 3433 2267 3486 vita
2306 3429 2486 3497 justus
2523 3426 2749 3497 quisque
2777 3431 3037 3493 operatur
3063 3422 3165 3477 hoc
3204 3434 3309 3474 uno
3339 3420 3555 3474 nomine
3573 3434 3741 3488 pom-

2158 3520 2417 3592 prehendi
2442 3502 2684 3588 possunt,
2721 3528 2820 3569 nec
2849 3514 3021 3568 solum
3052 3513 3237 3580 utique
3266 3511 3319 3564 in
3350 3510 3469 3564 aliis
3498 3510 3739 3564 homini-

2160 3613 2281 3675 bus,
2307 3612 2399 3664 sed
2429 3610 2589 3664 etiam
2619 3608 2674 3661 in
2716 3604 3116 3673 nobismetipsis
3144 3600 3514 3673 elee'mosynas
3554 3602 3748 3658 facere

2162 3714 2465 3771 possumus,
2506 3698 2643 3752 sicut
2686 3696 2945 3769 scriptum
2977 3703 3060 3747 est
3085 3712 3097 3745 :
3126 3692 3372 3748 Miserere
3410 3694 3600 3748 animus
3628 3703 3747 3746 tua:

2161 3793 2370 3862 placens
2417 3789 2524 3843 Deo
2548 3786 2736 3858 (Eccti.
2775 3785 2924 3856 xxx).
2958 3783 3091 3839 Cum
3120 3798 3249 3854 ergo
3276 3799 3374 3839 nos
3420 3799 3451 3837 a
3495 3782 3747 3852 peccatis

2164 3885 2231 3939 ad
2250 3884 2387 3939 bona
2414 3894 2577 3949 opera
2602 3876 2988 3940 convertimus,
3020 3889 3048 3927 a
3081 3874 3332 3943 superbia
3362 3868 3748 3927 adbumilita-

2164 3983 2294 4038 tem,
2322 3988 2350 4027 a
2388 3970 2597 4043 lunaria
2633 3969 2700 4023 ad
2737 3960 3205 4029 eontinentiam,‘a
3232 3964 3404 4017 livere
3446 3971 3505 4017 et
3531 3962 3742 4017 invidia

2164 4073 2230 4127 ad
2265 4071 2578 4125 charitatem
2600 4076 2656 4121 et
2679 4064 3037 4128 dilectionem,
3070 4063 3137 4116 ab
3162 4061 3247 4115 ira
3268 4068 3321 4114 et
3350 4058 3754 4127 disceptatione

2157 4162 2230 4228 ad
2253 4157 2720 4214 mansuetudinem
2749 4161 2805 4208 et
2836 4150 3174 4221 patientiam,
3204 4163 3235 4202 a
3274 4147 3397 4219 gula
3440 4147 3506 4201 ad
3538 4146 3754 4201 sobrie-

2164 4260 2354 4315 tatem,
2378 4250 2445 4303 ab
2473 4246 2696 4302 avaritia
2722 4245 2790 4298 ad
2816 4243 3136 4313 largitatem,
3168 4254 3197 4292 a
3240 4239 3459 4293 tristitia
3492 4236 3751 4291 sarculari

2093 4343 2237 4430 Dad
2282 4337 2617 4410 spiritualcm
2660 4333 2926 4397 laetitiam,
2976 4332 3044 4387 ab
3092 4326 3297 4382 accidia
3334 4325 3618 4394 temporali
3667 4325 3746 4377 ad

2172 4428 2404 4484 studium
2431 4425 2652 4489 bonum,
2678 4422 2805 4491 quid
2834 4420 2977 4474 aliud
3005 4418 3230 4473 facimus
3259 4431 3418 4485 quam
3446 4415 3755 4485 eleemosy-

2174 4535 2271 4573 nas
2304 4519 2357 4572 in
2383 4494 2739 4583 nosmetipsos
2766 4510 3146 4581 impendimus,
3179 4524 3301 4563 cum
3330 4505 3617 4561 nostrimet
3640 4506 3754 4558 mi-

2072 4589 2079 4657 Ϋ
2175 4598 2452 4672 εενέιῐιυτ,
2484 4620 2567 4662 JIe
2604 4620 2701 4674 per
2753 4600 3173 4659 inobcdientiam
3222 4588 3602 4653 'maudatorum
3647 4596 3755 4649 Dei

2180 4698 2455 4767 suppliciis
2491 4694 2706 4750 mternis
2739 4690 3095 4762 deputemur?
3145 4688 3286 4753 Quid
3325 4687 3461 4740 enim
3498 4686 3597 4755 (ait
3635 4685 3760 4753 ipse

2182 4786 2449 4857 Salvator)
2472 4786 2700 4856 proderit
2735 4783 2930 4855 hamjni
2963 4782 3007 4835 si
3048 4781 3344 4833 universum
3373 4776 3627 4829 mundum
3670 4773 3758 4825 lu-

2182 4886 2371 4941 cretur,
2400 4877 2589 4930 anima:
2621 4889 2740 4927 vero
2781 4882 2896 4926 sure
2941 4871 3306 4924 detrimentum
3345 4865 3619 4936 patiatur?
3662 4874 3758 4917 aut

2183 4986 2336 5039 quam
2359 4966 2810 5022 commutationem
2835 4963 2977 5016 dabit
2998 4962 3150 5015 homo
3172 4975 3266 5026 pro
3288 4959 3463 5011 anima
3488 4972 3586 5009 sua
3602 4956 3755 5008 ?etc.

2186 5059 2373 5131 (Marc.
2402 5058 2543 5129 VIII.)
2569 5056 2713 5110 Bene
2734 5070 2862 5125 ergo
2887 5060 2939 5105 et
2966 5050 3210 5105 ordinate
3235 5057 3405 5101 artem
3441 5046 3759 5101 misericor—

2189 5150 2284 5203 diae
2310 5157 2544 5211 exercet,
2574 5146 2665 5214 qui
2711 5144 2943 5214 primum
2993 5138 3338 5207 semetipsum
3373 5137 3527 5191 bonis
3566 5137 3757 5203 operi-

2184 5238 2283 5292 bus
2323 5245 2378 5292 et
2425 5244 2609 5290 sancta
2639 5225 3047 5288 conversatione
3075 5243 3137 5282 ac
3190 5229 3443 5281 virtutum
3487 5225 3761 5280 fructibus
3860 5265 3867 5269 .

2185 5339 2342 5395 egere
2364 5339 2468 5379 non
2500 5323 2646 5386 sinit,
2679 5329 2733 5376 et
2756 5319 2948 5374 deinde
2978 5319 3031 5371 in
3067 5332 3382 5396 quocunque
3412 5315 3762 5391 potest,rsive

2190 5416 2241 5467 in
2269 5412 2634 5482 spiritualibus
2664 5411 2844 5473 rebus,
2890 5408 3003 5461 sive
3039 5408 3090 5460 in
3130 5405 3517 5476 corporalibus,
3565 5401 3761 5473 proxi-
3794 5408 3797 5413 ‘

2189 5522 2304 5562 mos
2332 5520 2454 5562 suos
2486 5496 2739 5575 adjuvare
2766 5516 2871 5554 non
2898 5500 3124 5555 desistit.
