3958 6326
194 310 281 366 341
920 331 922 335 ·
958 306 1046 362 DE
1084 305 1523 363 CLERICORUM
1565 307 2067 370 INSTITL'TIONE.
2110 311 2262 368 ETC.
2304 343 2371 353 —
2411 313 2537 367 LIB.
2578 314 2639 367 ll.

709 420 930 475 CAPUT
969 419 1157 475 XXIX.

750 510 821 563 De
862 512 1175 579 pauitantia.

255 600 645 657 Pmnitentibus
697 600 994 669 exemplum
1052 600 1152 655 Job
1204 601 1408 669 primus
1461 602 1741 665 exhibuit,

92 764 99 771 ι
193 691 397 761 quando
422 697 545 759 post
572 688 756 743 funera
791 690 869 742 vel
899 688 1101 760 ﬂagella
1143 690 1317 743 adhuc
1345 690 1400 743 in
1444 690 1525 744 sui
1564 692 1744 755 redar-

192 782 421 853 gutione,
460 780 623 834 etiam
653 781 704 834 in
734 780 907 836 cilicio
938 789 993 835 et
1020 781 1203 835 cinere
1243 780 1472 835 lamenta
1503 782 1740 849 pmnitu-

192 873 326 927 diuis
354 872 581 940 sumpsit
617 872 798 926 dicens
824 890 836 923 :
865 870 1067 924 Idcirco
1090 886 1186 939 ago
1216 870 1563 939 paenitentiam
1587 871 1639 923 in
1668 872 1746 937 fa-

188 960 311 1015 villa
344 970 390 1012 et
432 954 621 1013 cinere.
660 959 787 1014 Post
832 961 973 1013 hunc
1019 958 1186 1013 David
1232 958 1385 1012 nobis
1419 960 1743 1028 ptenitentiae

191 1050 548 1120 magisterium
577 1050 823 1119 praebuit.
854 1050 1067 1119 quando
1092 1049 1241 1119 gravi
1279 1049 1498 1104 vulnere
1543 1050 1739 1118 lapsas,

189 1146 306 1200 dum
334 1144 573 1199 audisset
598 1160 628 1197 a
655 1145 933 1214 propheta,
962 1153 1239 1211 peccatum
1278 1158 1431 1197 suum
1464 1142 1741 1196 confestim

187 1234 447 1304 paenituit,
480 1242 531 1287 et
559 1235 767 1303 culpam
800 1249 911 1288 sua:
938 1233 1265 1301 pceuitentia:
1294 1232 1627 1287 confessione
1661 1248 1741 1286 sa-

187 1323 344 1377 navit.
378 1323 472 1377 Sic
516 1322 761 1377 Ninivita:
804 1332 858 1377 et
897 1322 986 1376 alii
1015 1321 1177 1375 multa
1223 1333 1439 1393 peccata
1484 1339 1576 1377 sua
1617 1338 1742 1377 con-

188 1404 306 1467 feSsi
348 1407 501 1475 suni,
549 1412 918 1480 pmnitentiam
968 1420 1225 1481 egerunt,
1273 1413 1590 1481 displicuere
1640 1414 1741 1466 sibi

186 1501 362 1571 quales
406 1500 640 1563 fuerunt,
672 1509 727 1554 et
763 1500 947 1569 quales
976 1517 1070 1570 per
1101 1503 1265 1556 Deum
1319 1501 1443 1556 facti
1488 1510 1634 1565 sunt,
1668 1502 1740 1555 illi

109 1622 117 1627 -
186 1591 513 1680 placuerunt.
568 1590 660 1644 Est
703 1599 879 1644 autem
927 1591 1235 1660 poenitentia
1287 1591 1737 1645 medicamentum

185 1679 435 1743 vulneris,
468 1695 586 1748 spes
634 1681 843 1744 salutis,
883 1697 979 1749 per
1006 1698 1166 1750 quam
1197 1691 1504 1751 peccatores
1531 1682 1741 1737 salvan—

3302 328 3407 381 512

1771 427 1817 484 Α
1850 424 2033 479 rantim
2097 434 2312 480 no‘tatur
2366 430 2699 484 contraxisse
2757 432 3060 497 neglectus,
3124 446 3215 490 aut
3266 442 3406 496 sicut

1794 542 1801 555 ι
1848 515 1899 567 in
1948 515 2214 584 baptismo
2265 534 2449 572 omnes
2514 520 2822 589 iniquitates
2881 524 3123 589 remitti,
3174 528 3256 582 vel
3312 545 3408 599 per

1846 606 2157 673 martyrium
2208 607 2335 660 nulli
2387 619 2658 676 peccatum
2713 614 2979 668 credimus
3017 616 3284 685 imputari,
3329 620 3404 677 ita

1844 696 2167 762 poenitentia:
2196 700 2602 766 compunctione
2635 700 2926 769 fructuosa,
2963 707 3205 763 universa
3243 711 3406 766 fatea—

1844 799 1967 836 mur
2017 785 2179 837 deleri
2227 796 2464 853 peccata.
2522 788 2795 858 Lacryma:
2847 794 2989 846 enim
3038 798 3406 863 pmnitentiutn

1844 874 1981 941 apud
2010 874 2176 927 Deum
2205 891 2301 943 pro
2324 877 2585 945 baptismo
2613 890 2928 949 reputantur
2950 902 2961 935 :
2987 886 3125 939 unde
3149 895 3202 941 et
3223 904 3407 957 quatu-

1844 965 1972 1019 libet
2010 966 2115 1019 sint
2146 983 2335 1035 magna
2380 970 2618 1035 delicta,.
2644 976 2886 1041 quamvis
2927 978 3128 1044 gravia,
3183 996 3286 1033 non
3328 992 3411 1035 est

1846 1063 2020 1108 tamen
2044 1056 2095 1108 in
2122 1056 2221 1110 illis
2245 1058 2335 1110 Dei
2360 1060 2723 1115 misericordia
2751 1063 3097 1132 desperanda.
3124 1066 3178 1121 ln
3204 1069 3409 1125 actione

1845 1151 2019 1195 autent
2054 1144 2405 1211 paenitudinis
2454 1147 2532 1216 (ut
2578 1164 2737 1219 supra
2783 1152 2982 1206 dictum
3014 1154 3114 1227 est)
3164 1171 3267 1210 non
3301 1167 3406 1211 tam

1843 1231 2229 1285 consideranda
2275 1244 2357 1287 est
2403 1252 2650 1291 mensura
2683 1243 2967 1309 temporis,
3001 1260 3157 1312 quam
3190 1246 3404 1302 doloris.

1844 1317 2105 1371 Cor'enim
2134 1322 2408 1374 contritum
2438 1334 2484 1375 et
2514 1325 2839 1381 humiliatum
2881 1329 3019 1383 Deus
3056 1350 3155 1385 non
3193 1329 3407 1403 spernit.

1845 1412 2225 1467 Verumtamen
2252 1424 2452 1483 quanta
2485 1416 2537 1469 in
2564 1429 2784 1485 peccato
2825 1423 2921 1476 fuit
2966 1424 3031 1478 ad
3073 1428 3267 1480 malum
3316 1430 3409 1483 ab-

1844 1509 2015 1568 ruptae
2042 1503 2233 1557 mentis
2260 1491 2505 1567 intentio,
2533 1514 2677 1560 tanta
2698 1524 2914 1565 necesse
2939 1513 3094 1566 estin
3120 1515 3413 1573 intentione

1844 1590 2073 1645 devotio.
2124 1593 2323 1663 Duplex
2368 1604 2543 1649 autem
2576 1608 2657 1650 est
2701 1601 3027 1667 poenitentiae
3056 1607 3300 1673 gemitus,
3328 1612 3413 1665 vel
3461 1597 3481 1608 ’

1844 1680 1970 1734 dum
2010 1681 2308 1751 plangimus
2346 1686 2488 1752 quod
2533 1687 2669 1741 male
2698 1690 2982 1757 gessimus,
3014 1694 3093 1748 vel
3138 1696 3261 1749 dtnn
3306 1714 3412 1753 non

183 1779 285 1832 tur,
315 1784 409 1838 per
432 1784 591 1839 quam
635 1771 891 1839 Dominus
924 1770 989 1824 ad
1027 1770 1447 1843 misericordiam
1476 1788 1733 1841 provoca-
1772 1756 1817 1813 B
1845 1769 2055 1849 agimus
2084 1772 2223 1840 quod
2255 1787 2413 1842 agere
2451 1756 2793 1830 debebamus.
2818 1777 2908 1833 llle
2937 1790 3111 1835 autem
3143 1800 3267 1839 vere
3299 1800 3409 1852 pte—

128 1880 131 1881 ν
186 1860 288 1921 ιυιῂ
330 1870 450 1926 qua:
479 1872 581 1911 non
614 1866 851 1926 tempore
899 1868 1175 1926 pensatur,
1229 1860 1322 1914 sed
1380 1859 1741 1929 profunditate

183 1950 352 2004 luctus
400 1948 460 2003 ὀὶ
498 1948 874 2021 lacrymarum.
949 1950 1267 2007 Paenitentia
1316 1961 1494 2007 autem
1547 1968 1737 2007 nomen

184 2040 405 2110 sumpsit
438 2056 468 2093 a
498 2056 673 2111 poma,
711 2057 812 2111 qua
845 2043 1021 2096 anima
1052 2044 1323 2098 cruciatur
1347 2054 1402 2098 et
1447 2046 1740 2099 mortiﬁca-

185 2137 266 2181 tur
293 2143 440 2183 caro.
473 2130 623 2183 Dicta
650 2139 730 2184 est
756 2138 932 2185 autem
971 2133 1281 2200 pmnitentia
1324 2135 1474 2202 quasi
1513 2136 1739 2204 punien-

184 2217 273 2282 tia,
300 2232 364 2271 eo
393 2220 536 2287 quod
561 2220 674 2288 ipse
723 2221 882 2275 homo
909 2222 1174 2291 puniendo
1213 2224 1397 2293 puniat
1421 2227 1560 2293 quod
1600 2224 1739 2279 male

182 2306 408 2359 admisit.
440 2306 502 2359 lli
526 2322 653 2361 vero
675 2308 763 2376 qui
786 2310 1152 2377 pmnitentiam
1180 2319 1389 2380 gerunt,
1414 2312 1635 2379 proinde
1650 2328 1741 2367 ca-

183 2394 331 2463 pillos
352 2404 405 2448 et
432 2395 652 2449 barbam
683 2398 945 2462 nutriunt,
972 2406 1032 2452 ut
1064 2399 1431 2454 demonstrent
1457 2402 1738 2456 abundan-

186 2483 308 2536 tiam
350 2484 642 2538 criminum
680 2485 872 2554 quibus
921 2495 1082 2556 caput
1121 2488 1418 2556 peccatoris
1456 2498 1732 2559 gravatur.

184 2572 363 2640 Capilli
404 2575 549 2627 enim
577 2590 674 2643 pro
716 2574 859 2629 vitiis
888 2577 1244 2645 accipiuntur,
1294 2578 1433 2632 sicut
1480 2580 1738 2660 scriptpm

184 2675 295 2719 est:
342 2665 408 2719 Et
446 2666 748 2723 criminibus
785 2677 1113 2737 peccatorum
1154 2685 1366 2723 suorum
1392 2660 1743 2741 unusquisque

184 2757 569 2826 constringitur.
632 2755 947 2840 Vir‘quippe
980 2760 1025 2813 si
1062 2776 1261 2835 comam
1309 2763 1525 2827 nutriat,
1572 2772 1631 2815 ut
1669 2764 1745 2817 ait

183 2850 485 2919 Apostolus,
529 2851 812 2919 ignominia
840 2860 913 2904 est
942 2850 1018 2904 illi
1044 2851 1095 2921 (Ι
1126 2849 1247 2905 Cor.
1281 2852 1377 2922 χι).
1408 2851 1580 2923 Ipsam
1616 2871 1745 2925 ergo

184 2941 521 3010 ignominiam
535 2941 830 3010 suscipiunt
860 2942 1182 3010 pmnitentcs
1211 2958 1307 3011 pro
1340 2943 1533 2997 merito
1556 2959 1745 3013 pecca—

185 3040 372 3083 torum.
412 3030 565 3107 Quod
598 3044 723 3085 vero
761 3032 813 3085 in
859 3031 1034 3086 cilicio
1064 3040 1497 3099 prosternuntur,
1538 3048 1739 3089 memo-

183 3120 313 3173 riam
347 3128 692 3188 peccatorum
727 3136 946 3175 suorum
976 3136 1068 3174 eos
1096 3121 1297 3176 habere
1327 3121 1612 3192 significat.
1640 3122 1743 3177 Per

182 3200 408 3262 cilicium
445 3210 641 3276 quippe
672 3217 755 3263 est
789 3209 1088 3263 recordatio
1116 3219 1479 3279 peccatorum,
1520 3221 1741 3281 propter

183 3294 357 3351 hmdos
390 3297 458 3351 ad
483 3298 756 3351 sinistram
785 3297 1011 3351 futuros.
1036 3298 1161 3353 Inde
1185 3306 1312 3368 ergo
1340 3302 1663 3370 pmnitentes
1687 3304 1740 3356 in

184 3386 353 3441 cilicio
398 3389 809 3456 prosternimur,
855 3397 1105 3458 tanquam
1149 3391 1421 3445 dicentes:
1454 3392 1519 3445 Et
1559 3410 1741 3462 pecca—

184 3486 287 3528 tum
314 3494 487 3530 meum
517 3494 690 3530 coram
722 3494 801 3531 me
826 3490 897 3533 est
924 3495 1139 3549 semper.
1160 3479 1323 3546 Quod
1358 3491 1534 3535 autem
1562 3484 1741 3537 cinere
1780 3556 1783 3557 ν

146 3592 149 3595 ι
184 3575 555 3634 asperguntur,
579 3566 661 3620 vel
699 3575 756 3620 ut
786 3566 893 3622 sint
921 3581 1214 3632 memores,
1232 3570 1354 3637 quia
1382 3571 1517 3624 cinis
1538 3580 1591 3625 et
1629 3572 1739 3640 pul-

184 3652 260 3706 vis
282 3662 427 3719 suut,
452 3652 535 3707 vel
560 3655 684 3723 quia
713 3654 886 3725 pulvis
915 3655 1040 3709 facti
1067 3666 1211 3723 sunt,
1246 3658 1296 3716 id
1321 3667 1404 3713 est
1442 3660 1585 3730 impii
1612 3660 1740 3715 facti

184 3756 321 3810 sunt,
362 3746 507 3799 unde
532 3754 586 3799 et
614 3745 686 3800 illi
721 3747 1184 3815 praevaricatores,
1207 3748 1365 3817 primi
1396 3750 1630 3805 hominis
1656 3765 1743 3807 re-

183 3834 430 3889 cedentes
454 3849 484 3887 a
523 3834 652 3899 Deo,
682 3835 945 3905 malisque
974 3834 1127 3893 factis
1158 3833 1488 3893 oﬂ‘endentes
1516 3838 1739 3895 Creato-

182 3938 311 3988 rem,
343 3924 397 3977 in
427 3924 701 3991 pulverem
731 3926 872 3981 unde
898 3928 1091 3995 sumpti
1121 3937 1243 3981 sunt
1275 3929 1566 3984 redierunt.
1600 3922 1743 3987 Béne

182 4027 304 4082 ergo
332 4013 386 4066 in
412 4012 591 4067 cilicio
619 4024 671 4068 et
703 4015 755 4067 in
783 4015 961 4069 cinere
986 4016 1253 4084 paenitens
1279 4017 1520 4087 deplorat
1546 4036 1740 4089 pecca-

184 4109 314 4167 tum,
334 4103 460 4171 quia
488 4103 543 4157 in
572 4104 747 4159 cilicio
769 4106 1031 4174 asperitas
1051 4114 1104 4160 et
1131 4107 1349 4175 punctio
1370 4119 1737 4177 peccatorum,

184 4192 233 4244 in
262 4193 447 4248 cinere
467 4201 645 4249 autem
670 4194 842 4263 pulvis
878 4195 1179 4249 ostenditur
1204 4206 1554 4262 mortuorum,
1582 4209 1636 4253 et
1664 4202 1741 4255 id-

182 4280 323 4335 circo
350 4282 403 4335 in
437 4291 668 4351 utroque
694 4283 1062 4353 paenitentiam
1095 4286 1321 4356 agimus,
1350 4296 1487 4342 utet
1530 4291 1583 4343 in
1608 4294 1745 4359 pun?

182 4373 357 4427 ctione
402 4372 587 4441 cilicii,
638 4388 1021 4445 cognoscamus
1060 4375 1185 4428 vitia
1236 4391 1353 4444 quae
1392 4392 1487 4447 per
1528 4378 1741 4448 culpam

1843 1859 2122 1912 nitentiam
2170 1862 2298 1932 agit,
2335 1863 2425 1930 qui
2456 1879 2554 1917 nec
2582 1866 2841 1933 pmnitere
2874 1872 3138 1937 praeterita
3173 1874 3407 1945 ncgligit,

1843 1964 1940 2003 nec
1970 1950 2145 2003 adhuc
2166 1952 2472 2020 paenitenda
2501 1955 2804 2008 committit.
2839 1957 2938 2024 Qui
2986 1976 3113 2015 vero
3149 1962 3411 2033 lacrymas

1842 2041 2205 2095 indesinenter
2248 2042 2440 2107 fundit,
2475 2055 2528 2097 et
2570 2052 2747 2100 tamen
2791 2063 3014 2117 peccare
3053 2068 3156 2105 non
3194 2055 3408 2120 desiuit,

1841 2132 1929 2186 hic
1977 2133 2267 2186 latnentum
2304 2135 2484 2201 habet,
2528 2137 2620 2190 sed
2661 2138 3056 2194 mundationcm
3090 2160 3192 2197 non
3228 2145 3405 2200 habet.

1842 2218 1898 2273 Si
1938 2221 2029 2289 qui
2060 2230 2236 2275 autem
2276 2236 2372 2290 per
2399 2223 2622 2293 gratiam
2655 2225 2747 2279 Dei
2782 2228 2847 2281 ad
2884 2219 3253 2310 paenitentiam
3284 2248 3410 2287 eon—

1840 2319 2140 2385 vertuntur,
2186 2313 2489 2379 perturbari
2541 2328 2643 2368 non
2695 2316 2925 2381 debent,
2972 2319 3015 2373 si
3065 2336 3250 2376 rursus
3292 2333 3413 2391 post

1842 2401 2268 2456 emendationem
2328 2402 2513 2457 relicta
2539 2404 2664 2458 vitia
2703 2412 2799 2459 cor
2839 2408 3087 2476 pulsent,
3134 2412 3258 2466 dum
3304 2428 3408 2467 non

1842 2498 2069 2559 possunt
2098 2489 2223 2544 boni
2254 2493 2644 2547 conversationi
2675 2510 2886 2561 nocere,
2918 2499 2961 2552 si
3008 2500 3129 2555 talis
3156 2504 3413 2571 cogitatio

1804 2607 1811 2617 ο
1844 2586 2225 2647 notLerumpat
2256 2579 2307 2632 in
2335 2594 2595 2635 consensu
2625 2582 2913 2653 vel-opere.
2940 2585 3104 2642 Ferre
3125 2590 3267 2644 enim
3296 2592 3413 2646 sine

1844 2668 2170 2737 perfectione
2188 2671 2438 2724 vitiorum
2467 2673 2835 2742 cogitationes,
2861 2692 2965 2731 non
2988 2687 3067 2732 est
3096 2678 3162 2732 ad
3189 2679 3413 2733 damna-

1846 2758 2063 2824 tionem,
2096 2758 2187 2814 sed
2228 2760 2294 2823 ad
2335 2762 2720 2829 probationem,
2755 2780 2855 2820 nec
2886 2760 2975 2820 est
3021 2767 3235 2823 occasio
3282 2768 3411 2823 sub-

1844 2847 2003 2901 eundi
2031 2846 2377 2925 discriminis,
2414 2848 2506 2925 sed
2541 2850 2715 2919 potius
2738 2854 2989 2923 augendae
3010 2856 3244 2911 virtutis.
3276 2856 3408 2913 Nam

1844 2943 1899 2989 et
1926 2934 1968 2989 si
1998 2920 2130 3004 quis‘
2152 2934 2293 2989 circa
2321 2924 2481 2990 linem
2508 2952 2662 2991 suum
2694 2920 3177 3011 perptenitentiam
3207 2948 3413 3003 desinet

1847 3040 1964 3081 esse
2010 3025 2204 3091 malus,
2250 3042 2355 3081 non
2385 3028 2505 3081 ideo
2534 3028 2692 3085 debet
2718 3031 3023 3101 desperare,
3056 3037 3180 3105 quia
3209 3039 3262 3093 in
3303 3046 3411 3093 ter-

1769 3091 1813 3153 C
1847 3116 1991 3171 mino
2028 3124 2111 3171 est
2160 3116 2346 3171 ultimo
2389 3118 2529 3181 vitte,
2576 3121 2827 3189 quoniam
2869 3140 2972 3179 non
3018 3128 3156 3183 Deus
3198 3131 3413 3200 respicit

1844 3205 2030 3275 quales
2075 3214 2230 3259 antea
2286 3207 2503 3273 fuimus,
2556 3209 2648 3264 sed
2699 3212 2882 3280 quales
2914 3215 3055 3271 circa
3100 3217 3259 3273 linem
3294 3222 3413 3276 vita:

1842 3297 2145 3367 existimus.
2175 3297 2252 3350 Ex
2293 3298 2395 3351 fine
2429 3300 2570 3353 enim
2598 3316 2694 3354 suo
2739 3314 3171 3376 unumquemque
3206 3318 3295 3362 aut
3319 3308 3410 3377 ju-

1841 3383 2039 3437 stilicat
2060 3392 2151 3437 aut
2171 3384 2509 3449 condemnat,
2537 3387 2668 3441 sicut
2701 3391 2954 3459 scriptum
2975 3405 3091 3447 est:
3125 3394 3242 3463 Ipse
3257 3397 3410 3465 judi-

1842 3484 1923 3527 cat
1953 3484 2184 3529 extrema
2223 3485 2391 3529 terra'.
2431 3477 2497 3529 Et
2523 3478 2646 3530 alibi
2676 3497 2687 3530 :
2720 3478 3079 3536 Universorum
3120 3485 3275 3553 ﬁnem
3307 3489 3413 3556 ipse

1842 3566 2152 3633 considerat.
2189 3564 2416 3619 Proinde
2444 3582 2551 3620 non
2578 3568 2881 3623 dubitamus
2929 3571 3071 3625 circa
3116 3573 3277 3628 linem
3318 3575 3411 3643 ju-

1842 3654 2061 3707 stiftcari
2109 3653 2378 3707 hominem
2416 3669 2511 3722 per
2546 3656 2871 3723 poenitentia:
2913 3663 3405 3730 compunetionem;

1818 3746 1934 3798 'sed
1957 3745 2081 3813 quia
2111 3759 2235 3797 raro
2272 3744 2324 3798 id
2367 3745 2481 3799 fieri
2513 3748 2665 3812 solet,
2705 3752 3045 3806 metuendum
3074 3765 3157 3808 est
3186 3771 3253 3809 ne
3281 3756 3407 3811 dum

1845 3833 1910 3886 ad
1944 3832 2103 3886 linem
2137 3831 2379 3887 diﬂ'ertur
2406 3833 2669 3889 confessio
2700 3848 2933 3905 sperata,
2979 3843 3231 3912 anticipet
3269 3861 3413 3900 mors

1843 3938 2001 3991 quam
2031 3922 2210 3976 veniat
2252 3923 2585 3991 pcenitentia.
2615 3925 2717 3979 Pro
2746 3943 2848 3995 qua
2890 3945 2946 3983 re
2982 3940 3035 3984 et
3071 3932 3115 3985 si
3150 3925 3285 3987 bona
3328 3943 3412 3989 est

1845 4015 1909 4069 ad
1940 4021 2238 4068 extremum
2263 4015 2560 4079 conversio,
2590 4016 2775 4071 melior
2803 4025 2977 4072 tamen
3005 4029 3087 4074 est
3110 4038 3228 4090 qua:
3256 4024 3413 4095 longo

1844 4112 1968 4157 ante
2012 4103 2171 4157 linem
2209 4102 2401 4171 agitur,
2446 4110 2502 4156 ut
2551 4104 2620 4157 ab
2662 4104 2762 4158 hac
2801 4106 2907 4159 vita
2949 4109 3187 4164 securius
3229 4119 3406 4165 trans-

1844 4208 2047 4249 eamus.

2283 4360 2297 4372 ἱ
2416 4284 2638 4339 CAPUT
2677 4284 2844 4340 XXX.

2140 4374 2212 4429 De
2240 4375 2593 4443 satisfactione
2620 4386 2666 4427 et
2692 4375 3115 4431 reconciliatione.

183 4464 565 4526 commisimus,
618 4472 669 4519 et
715 4480 811 4533 per
841 4464 1074 4519 favillam
1114 4466 1311 4521 cineris
1347 4470 1742 4537 perpendamus
1771 4442 1821 4500 D
1919 4464 2228 4531 Satisfactio
2267 4474 2444 4519 autem
2482 4464 2579 4519 cst'
2604 4480 2795 4519 causas
2838 4475 3174 4534 peccatorum
3203 4476 3255 4521 et
3288 4485 3409 4539 sug-

183 4555 366 4608 mortis
391 4554 735 4618 sententiam,
778 4554 843 4607 ad
874 4570 1033 4623 quam
1076 4558 1346 4625 peccando
1376 4559 1736 4626 pervenimus.

181 4639 513 4699 Ptenitentire
562 4651 738 4697 autem
771 4645 1065 4698 remedium
1111 4646 1347 4701 Ecclesia
1394 4648 1653 4703 catholica
1688 4650 1741 4703 in

181 4750 268 4803 spe.
292 4736 638 4805 indulgentia:
661 4736 885 4791 ﬁdeliter
912 4738 1093 4809 alligat
1120 4743 1500 4807 exercendum,
1532 4753 1587 4797 et
1616 4753 1735 4813 post

180 4843 342 4883 unum
366 4830 622 4899 baptismi
664 4837 1081 4894 sacramentum,
1105 4830 1246 4899 quod
1286 4832 1537 4902 singulari
1575 4835 1741 4909 tradi-

183 4916 321 4971 tione
361 4917 814 4981 commendatum,
859 4916 1084 4971 sollicite
1120 4919 1369 4986 prohibet
1416 4910 1737 4987 iterandum,

183 5006 484 5062 medicinali
522 5006 759 5061 remedio
802 5006 1129 5075 ptenitentia:
1163 5006 1413 5077 subrogat
1460 5010 1739 5079 adjumen-

184 5106 314 5162 tum,
343 5095 501 5165 cujus
540 5096 779 5169 gemedio
818 5110 977 5165 egere
1014 5110 1072 5150 se
1116 5097 1291 5151 cuncti
1322 5112 1615 5169 agnoscere
1643 5103 1737 5156 de-

182 5188 324 5251 bent,
361 5201 461 5255 pro
508 5184 834 5255 quotidianis
874 5186 1119 5239 humana:
1168 5185 1471 5257 fragilitatis
1500 5191 1736 5244 excessi-

182 5277 295 5341 bus,
342 5278 463 5330 sine
500 5276 694 5346 quibus
730 5277 781 5330 iu
829 5277 927 5330 hac
962 5277 1069 5330 vita
1116 5290 1237 5331 esse
1281 5292 1385 5331 non
1432 5294 1734 5348 possumus,

182 5367 365 5421 borum
393 5367 658 5420 duntaxat
693 5368 949 5437 dignitate
986 5376 1220 5429 servata,
1246 5369 1315 5422 ita
1347 5378 1405 5421 ut
1432 5386 1461 5422 a
1492 5373 1740 5425 sacerdo-

184 5458 317 5511 tibus
347 5466 403 5511 et
429 5457 631 5511 Levitis
657 5457 764 5511 Deo
795 5467 929 5513 teste
960 5458 1070 5523 liat,
1098 5474 1127 5512 a
1144 5462 1361 5519 .czcteris
1383 5477 1509 5515 vero
1532 5470 1742 5517 astante

186 5562 357 5600 coram
386 5545 499 5601 Deo
544 5546 853 5601 solemuiter
886 5549 1179 5609 sacerdote,
1213 5557 1271 5601 ut
1313 5551 1397 5604 hic
1445 5560 1587 5620 tegat
1626 5552 1739 5605 fru-

187 5643 361 5690 ctuosa
385 5632 671 5698 confcssio,
696 5635 835 5704 quod
852 5638 1163 5692 temerarius
1180 5640 1462 5708 appetitus,
1492 5643 1744 5712 autiguo-

1848 4558 2145 4627 gestionum
2172 4554 2476 4619 excludere,
2501 4564 2555 4609 et
2581 4555 2717 4608 ultra
2746 4556 3017 4623 peccatum
3056 4574 3157 4611 non
3189 4559 3403 4614 iterare.

1848 4648 2227 4702 Reconciliatio
2283 4663 2411 4701 vero
2466 4655 2567 4709 est,
2608 4662 2726 4715 quae
2783 4656 2900 4716 post
2960 4650 3404 4718 complementum

1832 4739 2174 4808 ‘pmnitcntiae
2223 4738 2523 4791 adhibetur.
2573 4737 2702 4791 Nam
2734 4740 2867 4791 sicut
2896 4741 3242 4795 conciliamur
3269 4742 3403 4809 Deo,

1844 4831 2059 4899 quando
2103 4830 2332 4899 primum
2386 4844 2413 4881 a
2456 4828 2750 4897 gentilitate
2796 4830 3173 4893 convertimur,
3220 4832 3291 4884 ita
3324 4846 3409 4887 re-

1845 4917 2211 4979 conciliamur,
2256 4915 2467 4984 quando
2506 4924 2621 4983 post
2656 4925 2929 4983 peccatum
2970 4917 3276 4985 pmnitcndo
3321 4934 3403 4972 re-

1845 5006 2138 5075 gredimur.
2182 5005 2419 5070 Quorum
2464 5013 2639 5056 autem
2670 5013 2888 5072 peccata
2938 5005 2991 5059 in
3017 5006 3227 5081 publico
3260 5019 3401 5072 sunt,

1846 5097 1897 5148 in
1936 5095 2145 5164 publico
2172 5094 2327 5147 debet
2357 5107 2475 5147 esse
2508 5093 2839 5160 pcenitentia,
2880 5110 2975 5163 per
3020 5092 3255 5164 tempora
3287 5113 3404 5167 qua:

1843 5185 2077 5253 episcopi
2128 5183 2347 5236 arbitrio
2390 5182 2774 5249 pmnitentibus
2827 5186 3115 5239 secundum
3156 5184 3403 5241 d'rll'cren-

1846 5276 1971 5329 tiatn
2014 5280 2355 5342 peccatorum
2403 5270 2790 5337 decernuntur;
2828 5287 3117 5341 eorumque
3164 5274 3403 5329 reconcio

1844 5367 1990 5420 liatio
2038 5366 2088 5418 in
2141 5363 2355 5433 publico
2404 5376 2523 5415 esse
2574 5361 2731 5416 debet
2768 5363 2835 5418 ab
2882 5364 3156 5433 episcopo,
3205 5364 3317 5419 sive
3368 5379 3400 5418 a

1845 5456 2191 5527 presbyteris,
2211 5453 2363 5521 jussu
2394 5460 2569 5505 tamen
2596 5453 2981 5523 episcoporum,
3010 5449 3147 5510 sicut
3169 5470 3401 5512 canones

1847 5548 2085 5602 Africani
2131 5546 2343 5601 concilii
2397 5553 2683 5609 testantur,
2730 5547 2817 5601 ubi
2867 5549 2939 5601 ita
2979 5548 3237 5618 scriptum
3286 5557 3398 5603 est:

1848 5639 2222 5709 Cujuscunque
2266 5644 2442 5691 autem
2486 5624 2794 5704 pmnitcntis
2836 5638 3101 5706 publicum
3140 5646 3190 5693 et
3220 5638 3402 5712 vulga-
