3958 6338
532 291 630 349 “3
708 307 710 310 ,

1111 345 1113 347 ,
1153 268 1215 347 s.
1254 289 1506 349 nam:
1546 290 1760 350 nsunt
1798 289 2109 378 incursi).
2140 287 2456 360 uocum.
2497 287 2776 346 ossuum
2813 290 2989 347 pass
3022 292 3063 346 ι.

3617 293 3734 350 3“

531 381 676 455 tissin
705 383 788 455 ‘tm
839 396 1042 458 crimen
1095 412 1204 471 est,
1247 403 1386 474 quod
1436 400 1742 455 universam
1785 398 2075 453 Ecclesiam
2103 401 2152 461 Α
2179 406 2370 453 natura
2395 396 2487 452 Dei
2519 397 2736 470 aqualis
2761 396 2929 464 Patri,
2971 399 3023 453 in
3054 407 3244 460 natura
3286 403 3519 459 hominis
3564 402 3736 464 factus

516 493 1081 556 .eomnioverit,ante
1126 492 1365 559 absidam
1421 479 1610 544 manus
1653 490 1703 543 ei
1750 489 2073 561 imponatur.

525 578 761 646 Quorum
806 597 933 652 ergo
981 590 1198 651 peccata
1247 579 1453 635 occulta
1501 586 1640 640 sunt,
1693 585 1745 632 et
1784 585 2079 646 spontanea

525 669 860 728 confessione
899 673 995 727 soli
1034 670 1398 727 tantummodo
1443 668 1777 739 presbytero,
1818 670 1929 723 sive
1967 670 2087 739 epi-.

525 774 685 828 scopo
724 760 791 813 ab
815 760 893 814 eis
930 759 1125 813 fuerint
1175 758 1423 838 revelata,
1457 759 1647 811 horum
1685 756 1893 811 occulta
1920 758 2079 812 debet

526 865 643 905 esse
665 850 994 920 pmnitentia,
1026 850 1310 903 secundum
1331 846 1590 916 judicium
1615 849 1936 918 presbyteri,
1967 849 2080 904 sive

525 939 758 1008 episcopi
807 938 891 994 cui.
939 936 1165 1006 confessi
1212 941 1356 1000 sunt,
1395 936 1707 994 neJntirmi
1754 938 1807 991 in
1843 937 2078 993 Ecclesia

525 1010 1450 1102 scandalizentur,videntes.eorum
1487 1041 1695 1095 poenas,
1726 1042 1950 1096 quorum
1980 1042 2072 1098 pe-

524 1120 667 1172 nitus
710 1119 954 1189 ignorant
999 1132 1209 1172 causas.
1255 1115 1405 1182 Quali
1454 1111 1920 1194 autem‘tempore
1960 1127 2078 1187 post

523 1207 887 1275 paenitentiam
932 1207 1291 1265 reconciliatio
1341 1206 1456 1260 fieri
1501 1207 1727 1269 debeat,
1793 1205 2078 1262 ostendunt

521 1298 734 1350 decreta
763 1295 1054 1350 innocentii
1083 1311 1252 1364 papae,
1282 1295 1370 1350 ubi
1401 1295 1472 1348 ita
1494 1295 1748 1365 scriptum
1779 1296 2072 1366 reperitur:

527 1405 543 1433 ε
576 1385 649 1439 De
684 1387 1068 1454 paenitentibus
1117 1394 1295 1439 autem
1340 1387 1432 1454 qui
1481 1387 1593 1440 sive
1636 1401 1706 1440 ex
1744 1389 2077 1457 gravioribus
2113 1437 2116 1440 .

520 1474 839 1536 commissis,
877 1473 986 1527 sive
1024 1490 1088 1527 ex
1129 1474 1413 1528 levioribus
1453 1476 1823 1543 pwnitentiam
1863 1489 2075 1546 gerunt,

519 1563 562 1616 δί
595 1561 734 1615 nulla
758 1559 1039 1616 intervenit
1059 1563 1338 1633 azgritudo,
1365 1564 1549 1632 quinta
1573 1563 1704 1618 feria
1730 1576 1854 1621 ante
1875 1568 2074 1624 Pascha

519 1656 611 1710 eis
644 1655 1041 1720 remittendum,
1070 1655 1323 1709 Romanae
1343 1656 1593 1712 Ecclesia
1629 1662 1956 1715 consuetudo
1985 1663 2077 1716 de-

2179 489 2441 551 mortalis,
2491 491 2542 546 in
2595 488 2769 554 nobis,
2816 503 2913 559 pro
2958 491 3129 557 nobis,
3174 494 3244 549 de
3289 494 3463 560 nobis,
3510 511 3736 559 manens

2178 578 2318 646 quod
2360 585 2499 648 erat,
2535 577 2830 646 suscipiens
2876 577 3016 645 quod
3051 593 3157 633 non
3208 589 3347 649 erat,
3391 591 3451 637 ut
3479 583 3738 641 liberaret

2178 666 2320 736 quod
2362 665 2576 721 fecerat.
2613 664 2738 720 Haec
2783 673 2866 720 est
2913 679 3042 736 ergo
3088 667 3378 726 Dominicae
3421 671 3735 730 Nativitatis

2179 772 2372 828 magna
2409 757 2732 812 solemnitas.
2763 757 2885 812 Haec
2918 766 3000 811 est
3031 758 3135 812 diei
3171 759 3327 828 hujus
3367 779 3502 819 nova
3530 775 3586 821 et
3618 766 3732 838 glo-

2178 847 2320 902 riosa
2363 846 2640 911 festivitas,
2678 845 2939 900 adventus
2984 846 3076 901 Dei
3128 846 3302 904 factus
3348 853 3416 906 ad
3464 854 3733 910 homines.

2176 933 2359 1004 itaque
2385 936 2496 990 dies
2521 935 2620 989 iste
2643 949 2738 1004 pro
2760 949 2823 989 eo
2848 935 2988 1004 quod
3017 936 3069 988 in
3096 951 3160 990 eo
3181 935 3424 994 Christus
3449 952 3608 996 natus
3629 952 3733 1007 est,

2177 1026 2370 1080 natalis
2393 1025 2587 1080 dicitur
2611 1044 2622 1077 :
2646 1038 2907 1094 quemque
2938 1025 3067 1080 ideo‘
3086 1026 3373 1083 observare
3399 1046 3496 1099 per
3525 1033 3740 1088 revoan

2178 1121 2290 1168 tum
2330 1114 2586 1169 circulum
2623 1114 2747 1173 anni
2782 1112 2969 1168 festiva
3004 1113 3340 1170 solemnitate
3378 1119 3633 1184 solemus,
3678 1131 3738 1175 ut
3789 1149 3793 1152 ~

2178 1204 2230 1256 in
2258 1205 2568 1258 memoriam
2598 1211 2873 1258 revocetur
2905 1203 3149 1263 Christus
3178 1207 3316 1273 quod
3344 1218 3508 1262 natus
3529 1219 3632 1263 est.
3677 1211 3735 1265 in

2177 1291 2487 1348 Bethlehem
2535 1307 2746 1362 quoque
2789 1292 3031 1347 Christus
3061 1289 3217 1348 natus
3255 1305 3357 1362 est,
3391 1307 3445 1352 et
3487 1299 3542 1353 in
3565 1297 3736 1354 Naza-

2178 1382 2297 1435 reth
2321 1382 2572 1445 nutritus,
2601 1391 2657 1435 ut
2689 1398 2755 1435 ex
2781 1382 3019 1437 locorum
3050 1385 3342 1450 vocabulis,
3374 1403 3554 1442 rerum
3594 1389 3736 1459 ipsa-

2176 1487 2297 1524 rum
2345 1478 2908 1538 appareret‘eventus.
2979 1472 3118 1542 Ergo
3148 1476 3290 1542 quod
3333 1476 3387 1529 in
3418 1476 3734 1534 Bethlehem

2177 1557 2506 1622 nasceretur,
2539 1560 2793 1626 oportuit,
2828 1560 2952 1636 quia
2983 1561 3134 1614 cibus
3183 1563 3433 1629 caelestis,
3475 1564 3542 1621 de
3585 1568 3737 1621 caelis

2179 1651 2245 1704 ad
2282 1657 2452 1703 terras
2477 1648 2638 1702 venit.
2685 1649 2989 1703 Betlileliem
3029 1650 3221 1719 quippe
3251 1651 3438 1709 domus
3467 1656 3621 1723 panis
3650 1657 3732 1713 dio

522 1754 800 1811 monstrat.
837 1766 854 1797 ι
910 1745 1169 1800 Cancrum
1211 1747 1276 1800 de
1320 1748 1553 1816 pondere
1594 1749 1912 1804 mstimando
1946 1751 2076 1805 deli-
2105 1720 2150 1778 Β
2177 1739 2335 1793 citur.
2377 1737 2442 1792 Ει
2474 1737 2720 1790 Salvator
2760 1739 2825 1792 de
2866 1753 2923 1791 se
2964 1739 3077 1807 ipso
3106 1741 3274 1794 dixit:
3310 1740 3419 1812 Ego
3447 1720 3560 1797 sum
3583 1748 3734 1812 panis

521 1845 759 1900 rtorum,
809 1835 1102 1893 sacerdotis
1155 1844 1238 1889 est
1282 1833 1560 1902 judicare,
1597 1835 1679 1892 ut
1727 1841 1964 1899 attendat
2010 1842 2077 1895 ad

518 1922 904 1980 confessionem
938 1924 1268 1993 paenitentis,
1311 1933 1365 1978 et
1403 1925 1468 1977 ad
1511 1923 1667 1980 ﬂetus
1697 1913 1964 1994 atquead
2001 1927 2078 1980 la-

519 2023 727 2088 ‘rrymas
775 2015 1147 2082 corrigendos;
1197 2029 1259 2066 ac
1310 2023 1420 2066 tum
1464 2015 1653 2083 jubere
1695 2008 1915 2081 dimitti,
1953 2033 2072 2071 cum

519 2102 704 2156 viderit
734 2117 1017 2170 congruam
1059 2101 1498 2156 satisfactionem.
1531 2102 1670 2158 Sane
1698 2105 1744 2158 si
1773 2105 1892 2175 quis
1919 2107 2075 2177 aegri-

483 2192 750 2247 .tudinem
799 2193 1067 2256 inciderit,
1119 2200 1278 2270 atque
1318 2207 1487 2261 usque
1529 2194 1594 2247 ad
1645 2196 2073 2266 desperationem

519 2283 812 2346 devenerit,
855 2283 903 2336 ei
947 2293 1030 2337 est
1074 2271 1198 2336 ante
1229 2291 1437 2352 tempus
1465 2285 1674 2354 paschae
1705 2286 2069 2354 relaxandum,

517 2385 584 2425 ne
622 2371 684 2425 de
716 2371 915 2441 saeculo
965 2371 1164 2440 absque
1214 2374 1592 2428 communione
1637 2374 1893 2432 discedat.
1959 2378 2073 2436 Hoc

517 2480 646 2536 ergo
702 2475 826 2521 ante
873 2459 1050 2521 omnia
1085 2468 1394 2522 cavendum
1441 2478 1540 2532 est,
1596 2483 1664 2523 ne
1716 2469 1768 2522 in
1818 2469 2074 2525 extremis

520 2558 914 2627 pomitentia'et
954 2558 1317 2624 reconciliatio
1360 2558 1672 2627 denegetur,
1700 2551 1770 2612 ne
1799 2559 1852 2612 in
1883 2558 2072 2627 despeo

520 2647 724 2702 ratione
759 2655 963 2718 pereat,
994 2648 1118 2716 quia
1149 2648 1320 2715 pietas
1353 2647 1734 2717 omnipotentis
1768 2645 1862 2701 Dei
1901 2647 1967 2701 ad
2015 2661 2074 2702 se

519 2736 708 2802 quovis
738 2745 971 2805 tempore
997 2736 1339 2791 concurrenti
1363 2751 1677 2791 succurrere
1699 2736 1861 2810 valet,
1891 2743 1947 2790 et
1973 2750 2070 2804 pe-

521 2825 842 2880 riclitantem
872 2826 968 2880 sub
994 2840 1154 2880 onere
1190 2835 1531 2896 peccatorum
1566 2835 1744 2897 potest
1771 2827 2068 2882 sublevare.

521 2907 843 2970 Perdidisset
875 2915 1011 2970 latro
1043 2917 1094 2970 in
1133 2912 1292 2972 cruce
1316 2917 1591 2988 praemium
1618 2918 1691 2972 ad
1719 2916 1917 2972 Christi
1943 2919 2074 2973 dex-

523 3012 690 3057 teram
720 3005 974 3073 pendens,
1007 3006 1052 3059 si
1091 3006 1237 3060 illum
1281 3008 1438 3061 unius
1456 3006 1602 3061 horae
1622 3006 1932 3074 paenitentia
1963 3022 2069 3062 non
2098 3044 2144 3108 Ο

515 3092 762 3163 juvisset,
790 3108 910 3148 cum
946 3104 1087 3150 esset
1126 3096 1178 3149 in
1208 3111 1362 3166 poma
1400 3096 1668 3164 paenituit,
1706 3105 1760 3151 et
1788 3111 1885 3166 per
1915 3098 2075 3154 unius

526 3183 788 3237 sermonis
830 3173 1238 3253 professionem,
1284 3185 1644 3244 habitaculum
1685 3185 1915 3254 paradisi
1944 3185 2077 3256 (Deo

523 3273 884 3342 promittente)
916 3276 1228 3343 promeruit.
1257 3277 1390 3331 Vera
1421 3291 1548 3346 ergo
1575 3277 1641 3329 ad
1668 3277 1832 3330 Deum
1860 3290 2080 3330 conver~

523 3364 603 3417 sio
632 3363 685 3416 in
711 3363 910 3418 ultimis
935 3366 1227 3434 positorum
1257 3374 1434 3421 mente
1457 3368 1634 3436 potius
1657 3375 1738 3421 est
1764 3367 2076 3420 aestimanda

523 3465 681 3524 quam
723 3458 977 3521 tempore,
1009 3454 1266 3523 propheta
1293 3453 1395 3511 hoc
1428 3453 1584 3507 aliter
1611 3463 1921 3508 asserente:
1947 3453 2077 3507 Cum

524 3557 809 3604 conversus,
841 3542 1030 3610 inquit,
1060 3543 1385 3612 ingemueris,
1423 3551 1543 3595 tunc
1580 3542 1752 3596 salvus
1782 3542 1903 3596 eris.

1067 3631 1289 3688 CAPUT
1338 3633 1525 3687 XXXI.

983 3721 1054 3774 De
1086 3720 1368 3774 Nativilate
1395 3721 1619 3776 Domini.

598 3807 802 3863 Natalis
815 3809 1020 3863 Domini
1043 3810 1154 3864 dies
1180 3825 1242 3863 ea
1274 3810 1339 3864 de
1364 3825 1523 3864 causa
1556 3826 1585 3864 a
1613 3809 1863 3866 Patribus
1890 3813 2082 3866 votivae

447 3967 451 3972 ἡ
528 3896 879 3951 solemnitatis
917 3898 1191 3952 institutus
1234 3907 1334 3962 est,
1376 3899 1500 3967 quia
1537 3899 1589 3953 in
1617 3914 1682 3954 eo
1708 3899 1954 3955 Christus
1984 3917 2082 3971 pro

531 3990 890 4058 redemptione
931 3989 1110 4043 mundi
1149 3990 1297 4044 nasci
1345 3990 1699 4068 corporaliter:
1732 3991 1920 4055 voluit,
1956 4006 2080 4060 pro-

530 4077 679 4129 dieus
707 4093 775 4131 ex
804 4076 1036 4146 Virginis
1067 4085 1239 4142 utero,
1269 4076 1361 4145 qui
1389 4085 1505 4131 erat
1535 4078 1587 4130 in
1612 4077 2076 4146 Patris'imperio:

528 4166 680 4234 cujus
733 4167 989 4234 suscepta?
1037 4167 1214 4220 carnis
1265 4181 1427 4220 causa
1474 4168 1589 4222 haec
1631 4176 1748 4223 est:
1790 4167 2080 4236 Postquam

525 4255 668 4305 enim
711 4252 906 4305 invidia
953 4252 1146 4306 diaboli
1184 4268 1377 4321 parens
1423 4253 1512 4307 ille
1548 4254 1752 4323 primus
1799 4269 1891 4322 spe
1918 4255 2075 4309 sedu-

2173 1829 2349 1892 vivus,
2387 1828 2475 1898 qui
2520 1828 2582 1880 de
2620 1826 2743 1881 creto
2785 1827 3022 1880 descendi
3062 1827 3243 1897 (Joan.
3276 1827 3370 1900 vi).
3409 1831 3550 1903 Ergo
3575 1832 3737 1887 Beth-

2174 1917 2347 1971 lehem
2369 1931 2494 1970 vere
2536 1917 2721 1970 domus
2748 1916 2901 1982 panis
2934 1925 3038 1980 est,
3069 1919 3190 1985 quia
3221 1917 3465 1976 Christus
3491 1903 3652 1977 homo
3681 1927 3734 1977 in

2171 2020 2234 2059 ea
2269 2005 2414 2059 nasci
2452 2005 2700 2072 dignatus
2738 2015 2854 2059 est:
2885 2007 3036 2073 panis
3067 1995 3312 2063 videlicet
3353 2012 3512 2074 vitm,
3535 2014 3602 2068 de
3629 2029 3737 2082 quo

2171 2097 2263 2168 qui
2296 2097 2715 2160 manducaverit,
2749 2097 2890 2151 vivet
2925 2098 2978 2151 in
3013 2107 3295 2152 aeternum.
3325 2101 3403 2154 Ex
3445 2101 3545 2157 hac
3571 2106 3736 2159 etiam

2170 2200 2334 2240 causa
2358 2185 2623 2239 credimus
2652 2184 2704 2237 in
2734 2183 2971 2261 Ecclesia
3000 2180 3142 2239 hunc
3163 2202 3371 2241 morem
3420 2189 3734 2256 inolevisse.

2170 2286 2230 2330 ut
2271 2275 2325 2330 in
2368 2290 2429 2330 ea
2471 2285 2627 2332 nocte
2672 2291 2777 2345 qua
2809 2274 3052 2331 Christus
3101 2277 3339 2332 creditur
3388 2295 3507 2335 esse
3551 2290 3733 2347 natus,

2173 2382 2326 2424 sacra
2375 2368 2656 2422 missarum
2699 2362 2972 2422 solemnia
3007 2368 3366 2434 celebrantur,
3411 2380 3468 2423 ut
3509 2386 3570 2428 ea
3598 2372 3737 2426 hora

2173 2458 2355 2514 ﬁdeles
2399 2459 2596 2528 quique
2638 2442 3030 2514 sacramentum
3067 2460 3320 2528 corporis
3367 2470 3422 2515 et
3456 2461 3738 2532 sanguinis

2170 2549 2371 2605 Christi
2416 2541 2784 2619 perciperent,
2851 2564 2953 2619 qua
3009 2564 3130 2604 eum
3159 2537 3310 2604 inter
3349 2551 3594 2610 homines
3626 2553 3736 2606 mi-
3762 2550 3779 2556 ’

2173 2638 2517 2693 sericorditer
2546 2646 2728 2692 natum
2774 2637 2992 2692 scirent.
3021 2634 3184 2705 Cujus
3211 2645 3389 2711 tamen
3417 2639 3740 2716 celebratio-

2173 2729 2276 2794 nis,
2311 2728 2670 2798 Telesphorus
2697 2726 2995 2798 papa‘apud
3023 2727 3290 2782 Romanos
3314 2727 3519 2805 primus
3545 2736 3738 2782 auctor

2169 2821 2364 2891 legitur
2410 2819 2696 2873 exstitisse.
2727 2817 2858 2871 Nam
2898 2817 3037 2887 quod
3091 2817 3145 2870 in
3189 2815 3451 2893 Nazareth
3499 2816 3741 2872 nutritus

2171 2918 2306 2974 erat,
2340 2923 2403 2963 ea
2422 2923 2588 2963 causa
2620 2905 2739 2970 fuit,
2769 2914 2827 2960 ut
2854 2907 2978 2974 quia
3010 2903 3274 2959 Nazareth
3304 2902 3401 2959 flos
3429 2905 3738 2960 sive-mun-

2174 2999 2303 3053 ditia
2331 2999 2734 3067 interpretatur,
2758 3004 2969 3050 aaternze
2993 2993 3244 3064 puritatis
3270 2991 3387 3060 ejus
3409 2993 3569 3048 index
3593 2994 3742 3050 exsi-

2177 3094 2364 3151 steret,
2394 3102 2515 3141 cum
2557 3085 2711 3140 floret
2739 3082 2883 3139 floris
2935 3083 3098 3152 ipsius
3128 3082 3326 3144 nutrix,
3353 3083 3454 3151 qui'
3483 3083 3549 3138 de
3585 3083 3740 3154 virga

2178 3176 2374 3233 radicis
2399 3174 2548 3232 Iesse
2590 3174 2904 3237 ascendens,
2951 3170 3315 3241 septiformem
3347 3169 3605 3240 Spiritum
3636 3171 3739 3225 ha-

2177 3266 2356 3329 beret,
2382 3272 2438 3321 et
2473 3273 2725 3333 perpetua
2762 3262 2992 3333 puritate
3047 3260 3290 3328 insignis,
3333 3259 3527 3340 merito
3560 3258 3741 3314 Naza—

2175 3372 2336 3421 rzeus,
2363 3355 2502 3425 quod
2539 3363 2621 3421 est
2649 3354 2896 3416 mundus,
2924 3359 3226 3406 vocaretur.

2720 3442 2940 3498 CAPUT
2981 3441 3191 3496 XXX“.

2637 3534 2713 3588 De
2745 3532 3018 3602 epiphania
3053 3530 3275 3584 Domini.

2249 3623 2667 3695 Epiphaniarum
2723 3619 2946 3690 proinde
3016 3617 3151 3673 festa
3230 3616 3566 3672 solemnitate
3633 3613 3744 3668 viri

2179 3713 2456 3785 apostolici
2498 3713 2858 3782 signaverunt,
2888 3708 3008 3778 quia
3040 3708 3090 3761 in
3121 3721 3185 3760 eo
3206 3715 3286 3760 est
3313 3704 3558 3779 proditus
3583 3702 3745 3758 stella

2181 3803 2446 3866 Salvator,
2470 3802 2681 3870 quando
2723 3800 2862 3869 magi
2890 3798 3159 3854 Christum
3205 3797 3254 3850 in
3288 3810 3524 3864 praesepe
3551 3793 3744 3862 jacen-

2180 3907 2287 3950 tem
2335 3893 2691 3960 adoraverunt
2743 3896 2887 3953 eum‘,
2937 3888 3222 3944 oﬂ‘erentes
3280 3887 3327 3941 ei
3380 3885 3744 3953 competentia

2133 4005 2136 4007 λ
2181 3999 2402 4040 munera
2426 3983 2727 4046 Trinitatis,
2775 3995 2983 4046 aurum,
3015 3981 3159 4043 thus,
3202 3984 3255 4032 et
3297 3979 3595 4049 myrrham,
3626 3976 3744 4045 regi

2184 4077 2292 4131 Deo
2339 4084 2499 4144 atque
2543 4087 2785 4143 passuro.
2843 4072 2966 4125 ideo
3010 4085 3138 4141 ergo
3187 4071 3326 4125 diem
3368 4070 3511 4123 hunc
3555 4082 3742 4122 annua

2180 4164 2490 4220 celebritate
2534 4166 2893 4217 sacraverunt.
2928 4168 2985 4212 ut
3009 4158 3238 4212 mundus
3275 4163 3529 4227 agnoscat
3558 4154 3746 4209 Domi-

2179 4266 2327 4316 num,
2353 4265 2512 4320 quem
2535 4249 2793 4302 elementa
2825 4245 3033 4300 coalitus
3061 4245 3420 4314 prodiderunt.
3461 4242 3743 4310 Siquidem

528 4354 644 4397 ctus
687 4343 830 4396 inani
875 4343 1087 4407 cecidit,
1133 4344 1411 4398 confestim
1461 4343 1612 4398 exsul
1657 4353 1712 4397 et
1741 4345 1978 4414 perditus
2025 4344 2078 4398 in
2105 4359 2157 4429 ι)
2182 4343 2369 4397 eodem
2403 4339 2489 4394 die
2529 4339 2668 4392 idem
2697 4335 2850 4390 Jesus
2887 4336 3045 4390 etiam
3081 4333 3328 4390 Iordanis
3376 4332 3593 4429 lavacro
3630 4329 3744 4429 tin-

529 4434 668 4487 omni
701 4424 894 4500 genere
929 4449 1044 4499 suo,
1073 4434 1305 4489 radicem
1341 4435 1555 4488 malitiae
1584 4443 1639 4490 et
1668 4436 1869 4506 peccati
1909 4443 2081 4490 trans-

530 4520 714 4577 duxit:
755 4525 1129 4594 crescebatque
1166 4525 1218 4578 in
1263 4525 1872 4582 malumvehementius
1923 4539 2083 4580 omne

531 4626 694 4680 genus
741 4613 1079 4676 mortalium,
1132 4612 1334 4667 diffusis
1382 4613 1575 4682 ubique
1615 4614 1941 4678 sceleribus,
1995 4622 2080 4678 et,

532 4702 668 4770 quod
693 4691 774 4758 est
800 4703 1040 4772 nequius,
1066 4703 1300 4757 omnium
1331 4703 1562 4758 cultibus
1587 4704 1862 4759 idolorum.
1892 4704 2085 4759 Volens

523 4807 655 4860 ergo
677 4791 814 4846 Deus
836 4794 1122 4847 terminare
1143 4801 1442 4861 peccatum,
1463 4793 1727 4846 consuluit
1742 4796 1927 4858 verbo,
1946 4795 2079 4863 lege,

533 4882 818 4949 prophetis,
853 4882 1035 4952 signis,
1063 4883 1253 4952 plagis,
1277 4882 1550 4952 prodigiis.
1592 4880 1697 4936 Sed
1731 4897 1849 4936 cum
1876 4897 1975 4935 nec
2005 4882 2083 4935 sic

535 4969 744 5037 quidem
771 4984 978 5024 errores
1004 4985 1129 5024 suos
1153 4970 1454 5025 admonitus
1489 4977 1805 5041 agnosceret
1829 4970 2078 5031 mundus,

535 5062 678 5114 misit
724 5062 862 5114 Deus
890 5061 1080 5114 Filium
1127 5077 1299 5126 suum,
1349 5069 1406 5115 ut
1457 5077 1672 5116 carnem
1722 5051 1980 5121 indueret,
2031 5068 2086 5113 et

533 5149 783 5202 omnibus
820 5155 1118 5216 appareret,
1156 5157 1209 5201 et
1237 5149 1543 5218 peccatores
1571 5158 1804 5204 sanaret.
1837 5149 1934 5216 Qui
1965 5150 2082 5204 ideo

537 5239 588 5291 in
620 5238 835 5291 homine
870 5238 1035 5301 venit,
1065 5237 1190 5306 quia
1241 5253 1336 5306 per
1379 5239 1611 5309 seipSum
1664 5241 1732 5294 ab
1781 5240 2085 5294 hominibus

533 5324 780 5395 cognosci
823 5339 928 5379 non
977 5326 1166 5392 potuit.
1210 5325 1276 5380 Ut
1315 5337 1489 5381 autem
1530 5328 1822 5393 videretur,
1865 5326 2082 5382 Verbum

534 5432 654 5467 caro
682 5416 875 5484 factum
906 5424 1002 5478 est,
1038 5415 1354 5468 assumendo
1397 5429 1630 5479 carnem,
1671 5433 1776 5471 non
1823 5424 2084 5471 mutatum

537 5504 588 5556 in
616 5519 850 5558 carnem.
881 5503 1184 5572 Assumpsit
1214 5504 1353 5556 enim
1383 5504 1785 5568 humanitatem,
1813 5520 1920 5559 non
1950 5505 2085 5559 ami-

537 5598 606 5650 sit
650 5597 1010 5662 divinitatem;
1062 5597 1133 5650 ita
1188 5595 1324 5650 idem
1368 5597 1505 5649 Deus
1541 5604 1593 5649 et
1631 5597 1768 5651 idem
1810 5597 1996 5659 homo,
2032 5596 2082 5651 in

2183 4431 2357 4501 gitur;
2395 4429 2668 4497 divisoque
2711 4425 2844 4480 cmlo
2879 4424 3108 4494 Spiritus
3151 4422 3320 4477 sancti
3365 4417 3745 4474 descendentis

2142 4529 2146 4532 '
2186 4520 2489 4576 testimonio
2532 4518 2627 4572 Dei
2680 4532 2797 4570 esse
2832 4514 2998 4570 Filius
3047 4512 3367 4568 declaratur.
3423 4507 3585 4576 Cujus
3634 4507 3746 4562 diei

2182 4625 2391 4666 nomeni
2421 4624 2488 4663 ex
2531 4621 2595 4662 eo
2640 4605 2789 4675 quod.
2831 4601 3072 4674 apparuit
3117 4600 3391 4672 gentibus,
3442 4597 3769 4677 Epiphania,

2188 4705 2541 4768 nuncupatur.
2566 4695 2858 4765 Epiphania
2883 4691 3242 4756 enim,Cr:ece
3270 4691 3542 4759 ἐπιφάνεια,
3573 4701 3746 4754 appa-

2187 4792 2312 4845 ritio
2339 4789 2423 4843 vel
2451 4788 2686 4842 ostensio
2713 4785 2925 4839 dicitur.
2957 4783 3150 4837 Tribus
3178 4795 3305 4850 ergo
3333 4795 3398 4833 ex
3441 4777 3618 4832 causis
3654 4776 3746 4829 hic

2187 4881 2300 4934 dies
2328 4881 2430 4933 hoc
2455 4871 2765 4932 vocabulum
2799 4873 3042 4942 sumpsit.
3072 4870 3196 4938 Sive
3223 4868 3361 4937 quod
3405 4876 3529 4920 umc
3560 4865 3610 4917 in
3641 4864 3743 4917 ba-

2187 4967 2377 5035 ptismo
2421 4979 2517 5018 suo
2551 4963 2794 5018 Christus
2840 4961 3047 5031 populis
3098 4958 3259 5012 fuerit
3301 4965 3579 5014 ostensus,
3628 4953 3749 5006 sive

2183 5056 2323 5124 quod
2363 5068 2426 5109 ea
2465 5055 2548 5108 die
2588 5054 2777 5108 sideris
2817 5061 2936 5105 ortu
2986 5048 3154 5118 magis
3188 5055 3269 5100 est
3311 5045 3580 5114 proditus;
3629 5041 3749 5099 sive

2182 5145 2320 5213 quod
2357 5143 2527 5212 primo
2557 5142 2708 5211 signo
2746 5155 2842 5208 per
2869 5152 3061 5206 aquam
3101 5135 3154 5188 in
3184 5135 3363 5186 vinum
3403 5141 3739 5189 conversam,

2183 5234 2364 5288 multis
2391 5243 2473 5287 est
2499 5231 2885 5286 manifestatus.
2914 5227 3045 5280 Illud
3073 5236 3250 5278 tamen
3276 5220 3572 5283 sciendum,
3598 5217 3748 5285 quod

2185 5322 2311 5376 licet
2335 5336 2398 5375 ea
2424 5321 2509 5375 die
2539 5319 2831 5388 baptismus
2857 5313 3078 5390 Christi,
3116 5314 3145 5365 ξ
3173 5309 3378 5384 Joanne
3409 5307 3520 5362 fieri
3551 5304 3748 5360 creda-

2189 5422 2301 5472 tur.
2332 5408 2630 5464 universale
2658 5417 2832 5459 tamen
2860 5403 3123 5471 baptisma
3154 5398 3411 5454 celebrari
3450 5397 3503 5449 in
3531 5409 3616 5456 ea,
3652 5405 3752 5445 ca-

2185 5502 2374 5556 nonica
2431 5496 2746 5553 contradicit
2798 5492 3106 5548 auctoritas.
3130 5488 3343 5542 Pascha:
3363 5500 3490 5556 ergo
3535 5490 3756 5548 tempus

2187 5591 2550 5648 tantummodo
2591 5597 2642 5643 et
2677 5589 3042 5649 Pentecostes,
3101 5586 3168 5638 ad
3210 5582 3310 5636 hoc
3360 5579 3428 5632 ab
3488 5569 3756 5644 apostolis
