3958 6334
216 326 323 385 145

912 312 917 317 ’
994 314 1081 379 nr:
1119 317 1555 378 cu-zmcouun
1580 304 2099 381 iusrnuuoun,
2139 312 2291 371 εις.
2332 344 2401 356 -
2435 312 2563 370 ue.
2601 312 2667 371 it.

3326 323 3429 380 356

215 444 270 490 et
305 432 609 506 apostolicis
634 432 764 487 viris
810 417 1103 498 decretum,
1128 430 1370 486 Romana
1423 428 1655 485 custodit
1679 427 1775 481 Ec-
1802 428 1849 486 A
1875 425 2209 486 suetudinem
2236 425 2373 493 bene
2399 425 2625 481 mutavit
2654 425 2954 483 Christiana
2986 431 3195 503 religio,
3225 448 3345 489 cum
3374 452 3428 492 In

214 520 380 576 desis
404 538 416 575 :
442 535 561 589 qua:
585 518 831 573 videlicet
856 519 959 573 duo
990 527 1227 589 tempora
1254 519 1319 573 ad
1349 519 1450 572 hoc
1469 523 1774 586 'opportuna

213 622 359 675 case,
403 608 602 664 Christi
633 608 841 662 Domini
892 609 1058 663 nostri
1100 592 1134 661 ἐ
1168 594 1393 662 mortuis
1433 606 1775 675 resurrectio,

216 690 737 765 etSpiritusiancti
786 690 946 765 super
994 696 1317 766 primitivam
1361 694 1655 749 Ecclesiam
1687 693 1777 747 de-

217 785 386 841 clarat
415 786 692 840 adventus.
735 782 1037 856 Quicunque
1062 801 1185 859 ergo
1222 783 1321 853 (ait
1348 781 1654 853 Apdstolus)
1686 780 1777 834 ba-

214 875 397 943 ptisati
437 890 615 927 sumus
661 875 715 925 in
745 870 948 926 Christo
975 873 1100 927 Jesu
1140 873 1191 925 in
1220 880 1385 925 morte
1413 871 1577 941 ipsius
1608 870 1777 939 bapti-

216 964 323 1017 sati
358 978 557 1027 sumus,
587 971 692 1016 etc.
731 962 898 1031 (Rom.
929 961 1028 1034 vi}.
1073 960 1141 1014 Et
1172 959 1419 1015 Salvator
1453 971 1775 1014 ascensurus

129 1042 133 1062 ⁵
216 1052 270 1107 in
296 1050 512 1115 caelum,
536 1050 801 1121 Apostolis
822 1046 956 1106 di'xit
978 1050 1243 1104 :‘Joannes
1270 1049 1474 1118 quidem
1501 1048 1775 1127 baptizavit

199 1158 388 1208 aqua;
424 1158 511 1197 vos
548 1152 718 1195 autem
761 1142 1146 1212 baptizabimini
1190 1138 1390 1209 Spiritu
1432 1147 1632 1203 sancta,
1672 1146 1774 1209 non

212 1218 542 1304 pou-multos
567 1233 659 1288 hos
691 1234 799 1287 dies
824 1234 961 1303 (Act.
999 1231 1065 1303 ι).
1552 1225 1555 1229 ’

745 1314 970 1376 CAPUT
994 1319 1243 1387 ‘XXXIII.

738 1412 813 1465 De
852 1409 1243 1479 Puriﬁcatione.
1289 1428 1292 1432 λ

281 1498 677 1556 Puriticationis
714 1515 840 1572 ergo
883 1501 1071 1554 matris
1117 1499 1329 1555 Domini
1376 1508 1602 1570 tempus,
1651 1510 1773 1571 post

212 1587 325 1644 dies
368 1590 717 1661 quadraginta
761 1604 790 1643 a
819 1591 1093 1644 nativitate
1137 1588 1252 1656 ejus
1298 1590 1616 1655 celebratur,
1646 1593 1769 1660 quia

210 1692 277 1734 ex
301 1679 431 1749 legis
456 1688 721 1749 praecepto
754 1680 856 1734 hoc
892 1688 1100 1747 tempus
1130 1687 1386 1749 statutum
1412 1689 1493 1733 est
1518 1680 1771 1748 parienti-

1875 508 2060 571 mense
2086 508 2315 582 feodem,
2362 519 2448 573 die
2494 526 2692 573 sanctre
2742 518 2948 585 Mariae,
2997 521 3146 591 plebs
3182 526 3429 583 universa

1874 622 1995 661 cum
2046 609 2413 664 sacerdotibus
2448 625 2509 664 ac
2538 610 2816 675 ministris,
2844 611 3079 683 hymnis,
3118 616 3430 673 modulatio-
3484 681 3489 689 ι

1874 696 2030 751 nibus
2067 698 2289 761 devotis,
2322 713 2417 767 per
2455 698 2727 762 ecclesias,
2772 713 2971 769 perque
3018 717 3249 771 congrua
3284 692 3433 764 urbis

1874 783 1989 839 loca
2020 787 2277 854 procedit,
2321 787 2581 856 datosque
2602 803 2646 841 va
2673 787 2925 858 pontiﬁce
2962 792 3135 846 cuncti
3166 776 3451 854 cercos‘in.

1874 874 2118 929 manibus
2142 880 2350 950 gestant
2379 879 2625 932 ardentes
2668 896 2681 930 :
2726 893 2830 932 non
2857 875 3040 950 utique
3070 881 3122 935 in
3163 868 3431 943 lustratio—
3460 910 3463 913 -

1874 978 1995 1015 nem
2028 966 2300 1019 terrestris
2339 967 2545 1035 imperii
2583 969 3006 1038 quinquennem,
3031 973 3123 1031 sed
3163 973 3431 1044 in'peren-
3492 1004 3495 1009 -

1873 1064 1995 1107 nem
2027 1053 2176 1122 regni
2208 1054 2445 1109 caelestis
2472 1056 2805 1120 memoriam,
2834 1058 3045 1127 quando
3087 1060 3238 1129 juxta
3275 1056 3435 1132 para;

1872 1140 2048 1195 bolam
2090 1144 2357 1213 virginum
2392 1146 2753 1214 prudentium,
2794 1162 2983 1203 omnes
3012 1148 3179 1205 electi
3208 1150 3431 1209 lucenti-

1767 1293 1772 1297 ν
1873 1231 1972 1325 bus
2000 1232 2258 1286 bonorum
2281 1248 2499 1301 operum
2529 1235 2877 1305 lampadibus,
2906 1237 3117 1294 obviam
3144 1253 3431 1309 sponsoa'c

1874 1321 1983 1393 regi
2013 1339 2111 1378 suo
2136 1324 2433 1388 venientes,
2459 1340 2581 1379 mox
2610 1340 2731 1379 cum
2761 1340 2825 1381 eo
2852 1326 2920 1381 ad
2945 1328 3159 1398 nuptias
3186 1321 3435 1399 superum,

1870 1411 2104 1467 civitatis
2133 1412 2425 1468 intrabunt.
2716 1484 2723 1487 _

2195 1569 2217 1574 _
2391 1502 2615 1558 CAPUT
2661 1504 2897 1560 xxxw.

1869 1590 1947 1645 De
1975 1590 2382 1661 Septuagesima,
2419 1604 2466 1648 et
2506 1595 2859 1666 Sexagesima,
2890 1607 2935 1649 et
2966 1597 3422 1670 Quinquagesima.

1941 1680 2016 1734 De
2060 1678 2461 1749 Septuagesima
2507 1698 2717 1752 quoque
2757 1692 2811 1737 et
2853 1684 3215 1755 Sexagesima,
3264 1686 3430 1754 Quin-
3483 1740 3488 1744 ,

211 1767 315 1823 bus
359 1768 592 1831 feminis,
623 1783 728 1837 quo
756 1769 1025 1838 purificari
1070 1768 1342 1823 deberent.
1392 1766 1664 1837 Scriptum
1689 1776 1773 1823 est
1804 1790 1847 1849 Β
1876 1770 2186 1837 quagesima
2232 1779 2390 1839 atque
2428 1771 2866 1842 Quadragesima,
2903 1788 3000 1827 cur
3027 1774 3288 1830 Dominici
3317 1777 3461 1833 dies.

211 1858 358 1913 enim
406 1859 460 1911 in
501 1858 638 1919 libro
672 1857 927 1922 Levitico,
972 1856 1109 1927 quod
1143 1858 1398 1911 Dominus
1432 1872 1528 1926 per
1556 1857 1771 1929 Moysen

212 1950 549 2005 mandaverit
581 1950 761 2015 Israel,
804 1959 862 2004 ut
910 1951 1101 2005 mulier
1127 1966 1245 2019 quae
1289 1951 1343 2005 in
1368 1960 1641 2020 suscepto
1689 1966 1772 2006 se-

212 2038 359 2093 mine
386 2047 598 2107 pareret
620 2040 937 2105 masculum,
957 2039 1229 2094 immunda
1257 2049 1399 2095 esset
1428 2050 1631 2110 septem
1660 2041 1769 2095 die—

212 2130 331 2196 bus,
363 2140 417 2186 et
447 2132 534 2185 die
560 2115 757 2186 octava
784 2132 1258 2189 circumcideretur
1294 2131 1617 2197 infantulus;
1658 2134 1771 2201 ipsa

214 2234 345 2275 vero
386 2222 606 2291 triginta
650 2232 879 2291 quatuor
917 2223 1104 2283 diebus
1151 2204 1393 2277 maneret
1430 2223 1481 2276 in
1517 2224 1773 2289 sanguine

212 2309 606 2377 puriﬁcationis
641 2326 784 2367 suae.
844 2311 1012 2367 Oiune
1055 2320 1297 2367 sanctum
1351 2326 1457 2365 non
1485 2301 1812 2381 'tangeret,‘

214 2412 314 2452 ncc
356 2398 727 2469 ingrederetur
774 2401 1168 2465 sanctuarium,
1218 2399 1387 2455 donec
1428 2400 1799 2471 implerentur‘

214 2485 332 2541 dies
355 2489 687 2557 purgationis
714 2490 846 2560 ejus.
898 2482 990 2544 Sin
1035 2496 1214 2545 autem
1254 2488 1502 2567 feminam
1541 2499 1774 2560 pareret,

214 2575 489 2631 lmmunda
529 2587 673 2633 esset
714 2579 919 2636 duabus
962 2578 1412 2643 hebdomadibus»,
1459 2586 1515 2633 et
1550 2580 1777 2648 quadra-

214 2662 364 2732 ginta
399 2679 463 2720 ac
496 2666 669 2725 tribus
692 2667 878 2723 diebus
908 2676 1147 2722 maneret
1175 2665 1228 2722 in
1253 2663 1509 2738 sanguine
1530 2668 1779 2737 puriﬁca-

216 2753 391 2809 tlonis
408 2770 535 2811 sum.
571 2755 809 2827 Cumque
847 2757 1049 2828 impleti
1087 2767 1269 2813 essent
1296 2757 1412 2814 dies
1446 2757 1779 2829 purgationis

212 2842 354 2913 ejus,
377 2860 478 2914 pro
500 2845 609 2902 lilio
632 2847 743 2903 sive
770 2846 876 2903 ﬁlia
906 2847 1138 2903 deferret
1161 2834 1357 2919 agnum
1388 2848 1693 2905 anniculam
1724 2850 1778 2904 in

216 2933 609 3001 holocaustum,
636 2943 691 2991 et
717 2935 918 3006 pullum
948 2936 1227 3005 columbae,
1254 2938 1655 3007 sive'turturem
1682 2955 1780 3010 pro

214 3032 457 3093 peccato.
488 3024 640 3092 Quod
676 3025 720 3080 si
758 3041 863 3082 non
909 3021 1142 3097 potuerit
1184 3043 1379 3100 agnum
1430 3028 1644 3095 offerre,
1692 3044 1782 3085 su-

1873 1867 1996 1913 aute
2035 1861 2493 1931 quadragesimale
2536 1862 2798 1930 jejunium
2844 1864 2921 1919 sic
2961 1864 3312 1934 appellentur,
3350 1869 3467 1927 αξη

1872 1947 2039 2019 versa
2067 1950 2359 2006 multorum
2398 1952 2587 2022 opinio
2623 1962 2738 2019 est;
2776 1962 2832 2008 et
2878 1955 2997 2010 ideo
3023 1955 3271 2020 maxime,
3304 1956 3427 2026 quia

1873 2036 1987 2106 ipsa
2012 2037 2284 2093 Dominica
2315 2055 2433 2110 qum
2464 2038 2863 2110 Septuagesima
2914 2042 3126 2107 dicitur,
3154 2050 3431 2113 septuage-

1863 2127 2005 2182 sima
2031 2127 2146 2183 dies
2176 2136 2299 2182 ante
2324 2128 2529 2183 Pascha
2560 2130 2858 2199 reperitur:
2883 2146 2982 2186 nec
3020 2146 3085 2186 ea
3113 2148 3230 2201 quas
3258 2132 3429 2188 Sexa-

1873 2214 2096 2284 gesima,
2127 2218 2532 2287 sexagenarium
2575 2233 2856 2273 numerum
2892 2220 3105 2289 plenum
3146 2221 3307 2276 habet
3344 2216 3424 2278 uso

1872 2317 1975 2372 que
2024 2305 2077 2358 in
2104 2305 2329 2360 Pascha.
2372 2307 2504 2361 Nam
2550 2308 2639 2363 alii
2685 2309 2997 2377 simpliciter
3037 2320 3257 2366 narrant
3291 2312 3430 2368 hanc

1872 2390 2124 2463 Ecclesia:
2153 2409 2271 2455 esse
2293 2398 2753 2465 consuetudinem,
2778 2405 2835 2452 et
2856 2393 3094 2463 Romana
3108 2402 3432 2459 auctoritate
3458 2440 3461 2443 ι

1873 2481 2038 2559 ritum
2085 2482 2243 2551 hujus
2287 2484 2561 2555 religionis
2605 2501 2722 2541 esse
2768 2486 3061 2542 ﬁrmatum.
3104 2488 3206 2544 Alii
3252 2490 3435 2546 dicunt

1875 2572 2016 2640 quod
2064 2564 2450 2642 synecdochice
2487 2582 2653 2629 totum
2699 2576 3001 2647 habendum
3040 2578 3109 2633 sit
3130 2578 3350 2645 dictum,
3380 2581 3433 2635 id

1874 2675 1959 2721 est
1992 2668 2082 2723 ubi
2120 2667 2292 2737 major
2317 2671 2382 2725 de
2398 2670 2605 2736 ‘minori
2647 2686 2872 2727 numero
2898 2664 3102 2727 dierum
3145 2672 3431 2738 invenitur,

1876 2763 1935 2809 ut
1971 2764 2054 2811 est
2082 2756 2483 2830 Septuagesima
2519 2776 2582 2816 ac
2613 2742 2999 2831 sexagesima;
3032 2762 3085 2817 id
3130 2768 3213 2816 est
3253 2776 3283 2817 a
3322 2745 3452 2818 toto"

1856 2855 2086 2916 .partem
2146 2848 2370 2921 intelligi
2416 2851 2632 2906 debere.
2686 2852 2788 2908 Ubi
2836 2867 2964 2907 vero
3016 2853 3209 2917 minor,
3253 2862 3311 2907 ut
3354 2860 3436 2909 est

1876 2934 2313 3009 Quadragesima,
2351 2955 2381 2994 a
2422 2951 2572 3010 parte
2603 2948 2768 2997 totum
2796 2941 3017 3013 intelligi
3040 2952 3305 3013 oportere.
3332 2943 3434 2999 Alii

1878 3040 2090 3096 quoque
2130 3030 2312 3084 nescio
2338 3044 2566 3099 quorum
2613 3045 2711 3086 ore
2746 3032 2890 3087 ducti
2935 3041 3264 3097 asseverant,
3292 3032 3434 3103 quod

216 3111 390 3168 meret
414 3114 547 3171 duos
576 3122 812 3172 turtures
837 3117 921 3172 vel
948 3118 1079 3174 duos
1106 3118 1277 3189 pullos
1306 3119 1580 3185 columbas,
1608 3135 1773 3175 unum
1802 3121 1846 3184 ο
1877 3114 2174 3172 Orientales
2199 3119 2376 3187 populi
2406 3127 2596 3175 novem
2617 3116 2996 3187 hebdomadas,
3023 3128 3077 3177 et
3096 3120 3433 3187 Graeciocto,

217 3204 271 3259 in
308 3204 695 3273 holocaustum,
725 3217 779 3265 et
813 3208 1041 3265 alterum
1078 3202 1177 3278 prb
1215 3217 1458 3278 peccato,
1494 3219 1781 3281 oraretque

219 3308 320 3362 pro
347 3309 409 3350 ea
439 3297 709 3362 sacerdos,
742 3305 797 3353 et
835 3298 915 3353 sic
961 3298 1306 3358 mundaretur
1333 3296 1478 3369 (Leu.
1508 3298 1628 3371 xu).
1666 3299 1780 3356 Hac

214 3398 346 3453 ergo
389 3386 454 3441 de
509 3400 671 3442 causa
716 3395 914 3443 statuta
958 3389 1012 3443 in
1054 3389 1291 3465 Ecclesia
1342 3389 1603 3447 festivitas
1640 3391 1777 3457 haec,

218 3476 344 3545 quia
388 3487 613 3534 matrem
651 3480 858 3535 Domini
902 3483 1192 3538 secundum
1237 3480 1405 3549 legem
1456 3482 1509 3536 in
1553 3484 1655 3538 hac
1695 3485 1782 3540 die

217 3566 503 3621 constabat
531 3571 780 3640 purgari;
810 3569 915 3630 sed,
939 3586 1044 3625 non
1079 3570 1220 3635 ideo,
1248 3571 1389 3641 quod
1420 3570 1594 3640 aliqua
1625 3572 1781 3643 legali

217 3658 534 3729 purgatione
566 3659 872 3729 indiguerit,
902 3675 1021 3729 quae
1044 3661 1325 3717 Dominum
1352 3663 1593 3738 gestabat
1626 3660 1778 3731 legis,

218 3748 316 3803 sed
344 3750 465 3817 quia
490 3749 644 3805 Jesus
685 3767 788 3806 non
827 3753 975 3806 venit
1007 3751 1175 3822 legem
1211 3752 1576 3818 solverepsed
1616 3753 1786 3808 adim-

218 3835 391 3905 plere.
443 3834 599 3891 Venit
636 3853 762 3907 ergo
812 3848 983 3893 mater
1016 3839 1222 3893 Domini
1281 3840 1347 3894 ad
1396 3840 1650 3909 templum
1701 3854 1786 3895 se-

217 3925 454 3980 cundum
492 3927 679 3998 legem,
713 3930 913 3983 ducens
954 3943 1132 3984 secum
1168 3945 1413 3999 puerum,
1446 3946 1508 3985 ac
1536 3929 1782 3986 deferens

218 4016 426 4072 hostias
463 4032 580 4086 quae
627 4017 710 4071 lex
748 4019 1021 4087 praecepit,
1052 4027 1112 4074 ut
1153 4020 1206 4074 in
1242 4021 1663 4097 nullo'patribus
1690 4021 1784 4076 lie-

216 4113 302 4159 ret
348 4104 643 4171 dissimilis,
676 4118 739 4161 ac
764 4100 891 4161 illud
921 4108 973 4162 in
1005 4123 1061 4163 se
1085 4109 1257 4177 primo
1283 4109 1607 4173 ostenderet,
1638 4110 1779 4179 quod

216 4193 479 4265 scriptum
501 4204 616 4250 est:
643 4194 850 4261 Quanto
882 4214 1097 4266 magnus
1119 4215 1191 4263 es,
1216 4199 1432 4252 humilia
1455 4210 1503 4253 te
1536 4200 1589 4253 in
1616 4201 1786 4253 omnia

216 4284 315 4340 bus
341 4284 532 4355 (Eccli.
561 4286 663 4355 ιιι).
711 4285 907 4341 Obvius
952 4288 1138 4342 habuit
1186 4289 1526 4359 grandrevum
1574 4287 1782 4343 Simeo-

216 4388 369 4437 nem,
402 4381 455 4427 et
477 4374 682 4428 Annam
715 4376 1001 4430 multorum
1042 4368 1301 4431 annorum
1326 4377 1561 4442 viduam,
1600 4385 1655 4433 et
1679 4393 1780 4433 cae-

1877 3213 1934 3259 et
1954 3205 2133 3260 Latini
2198 3216 2401 3277 septem
2438 3207 2684 3279 jejunare
2730 3209 3060 3275 soleant,'et
3098 3211 3168 3265 ob
3204 3210 3305 3265 hoc
3353 3212 3437 3266 his
3538 3226 3543 3233 ‘

1877 3298 2126 3354 omnibus
2152 3298 2377 3353 Alleluia
2405 3300 2625 3354 minime
2653 3300 2708 3354 in
2732 3300 2969 3356 Ecclesia
2996 3301 3177 3357 deberi
3204 3302 3433 3356 cantari.

1875 3387 1977 3442 Alii
2030 3388 2191 3443 etiam
2239 3404 2465 3458 quorum
2524 3389 2662 3443 ratio
2708 3404 2819 3457 pra:
2864 3390 3087 3446 caeteris.
3122 3390 3438 3446 laudabilior

1876 3477 2007 3531 mihi
2058 3492 2177 3532 esse
2217 3477 2445 3542 videtur,
2497 3478 2678 3532 dicunt
2725 3476 3182 3549 Septuagesimam
3234 3479 3432 3533 dic-tam

1879 3580 1998 3621 esse
2031 3574 2246 3635 propter
2270 3567 2451 3621 decem
2493 3566 2878 3632 hebdomadas,
2908 3582 3027 3637 qua:
3063 3576 3187 3622 sunt
3222 3568 3296 3621 ab
3319 3568 3435 3635 ipso
3471 3585 3475 3589 ν

1882 3654 1967 3709 die
1994 3669 2163 3723 usque
2200 3656 2267 3710 ad
2309 3656 2549 3709 clausum
2569 3654 2808 3718 Paschze,
2839 3648 2947 3734 quo
2972 3656 3055 3710 die
3091 3656 3209 3710 alba
3241 3656 3435 3711 tollun-

1883 3750 1969 3812 tur
1989 3743 2305 3819 vestimenta
2334 3758 2363 3797 a
2392 3758 2563 3812 nuper
2585 3743 2887 3811 baptizatis.
2917 3743 3081 3814 Igitur
3104 3744 3158 3797 in
3185 3741 3441 3812 Apostolo'

1881 3831 2140 3903 legimus:
2172 3832 2417 3903 Regnavit
2445 3849 2585 3886 mors
2622 3833 2686 3886 ab
2712 3832 2879 3885 Ad'am
2906 3848 3067 3902 usque
3110 3832 3178 3886 ad
3204 3832 3439 3902 Moysen,

1878 3931 1927 3976 et
1962 3923 2036 3976 sic
2071 3939 2229 3993 usque
2266 3922 2333 3977 ad
2371 3922 2556 3975 ultima
2597 3922 2722 3991 legis
2757 3939 2873 3992 φατε
2913 3939 3005 3991 per
3040 3920 3255 3991 Hoysen
3291 3923 3439 3987 dum,

1879 3998 2106 4064 decurrit
2153 4012 2207 4065 in
2248 4010 2439 4064 Christi
2482 4011 2578 4063 Dei
2625 4011 3060 4080 nostri-tempora
3115 4009 3311 4083 (Rom.
3347 4009 3438 4081 v).
3482 4040 3489 4047 α

1880 4100 2047 4155 ΡΟΙῚὉ
2078 4100 2474 4170 Sexagesimam
2514 4100 2636 4155 inde
2667 4100 2769 4154 dici
2796 4115 2974 4169 posse,
2998 4100 3122 4169 quia
3165 4100 3441 4169 sexaginta

1881 4192 1994 4245 dies
2038 4201 2162 4245 sunt
2207 4175 2374 4259 usque
2427 4191 2494 4244 ad
2547 4180 2779 4245 medium
2821 4190 3074 4256 Paschas,
3136 4191 3277 4260 quod
3338 4193 3444 4245 erit

1879 4278 2010 4334 feria
2039 4288 2226 4348 quarta
2255 4280 2515 4349 paschalis
2545 4281 2912 4335 hebdomadis.
2939 4276 3469 4349 Quin’quagesimam»

1870 4382 2008 4421 vero
2042 4370 2143 4421 rite
2166 4369 2359 4423 dictam
2390 4382 2529 4435 esse,
2557 4384 2622 4424 eo
2646 4370 2787 4439 quod
2818 4370 2909 4423 tali
2946 4383 3167 4434 numero
3194 4370 3438 4438 pervenit

213 4468 363 4518 teras
392 4476 646 4533 personas
675 4465 728 4518 in
755 4465 855 4519 hoc
881 4481 1034 4520 sacro
1068 4463 1369 4521 'ministerio
1399 4465 1630 4530 atl‘uisse,
1662 4482 1779 4537 quae
1804 4453 1857 4511 Ῑ)
1886 4472 2053 4525 usque
2085 4458 2136 4511 ίη
2173 4459 2312 4512 diem
2344 4466 2586 4513 83mm"!
2618 4461 3040 4515 Γεδυπθοιίοηίδ·
3064 4459 3440 4528 Quadrasena-

212 4541 609 4608 benedixer'unt
650 4560 706 4607 et
732 4552 1161 4622 glorificaverunt
1189 4555 1378 4620 Deum,
1418 4563 1473 4609 et
1514 4557 1679 4610 multa
1716 4557 1782 4612 de

213 4639 722 4707 eovaticinavere,
781 4658 932 4697 sacer
967 4643 1239 4712 Evangelii
1287 4653 1467 4700 textus
1514 4634 1783 4701 luculento

213 4746 468 4788 sermone
494 4732 842 4788 demonstrat.
892 4731 973 4787 Ob
1019 4734 1157 4793 hanc
1184 4734 1379 4804 quippe
1423 4750 1638 4790 causam
1683 4751 1779 4790 ea-

214 4820 651 4895 denyfestivitas
691 4822 959 4894 Hypante,
996 4814 1221 4883 simi.
1264 4832 1621 4892 nuncupatur,
1651 4827 1775 4895 quia

214 4913 488 4985 praedictae
516 4927 755 4982 personae
796 4913 861 4967 ad
909 4912 1160 4983 templum
1192 4912 1402 4966 o‘bviam
1442 4912 1655 4967 Christo
1690 4915 1782 4968 ad-

201 5005 505 5067 ‘venerunt,
538 5003 727 5055 devoto
757 5001 915 5056 corde
941 5009 994 5055 et
1020 5001 1298 5070 obsequio,
1322 4994 1593 5070 hypantao
1635 5002 1778 5055 enim

213 5088 412 5144 Graeco
441 5094 686 5145 sermone
722 5090 965 5146 ὑπαντάω
995 5090 1209 5154 dicitur,
1240 5090 1381 5159 quod
1415 5090 1572 5145 obvio
1597 5091 1783 5146 Latine

217 5176 622 5245 interpretatur.
656 5179 750 5232 Est
774 5194 984 5248 quoque
1017 5178 1281 5233 festivitas
1306 5178 1419 5232 hinc
1451 5166 1784 5233 Puriﬁcatio-

218 5267 325 5321 nis.
351 5266 639 5336 incipiente
680 5267 970 5323 Februario
1019 5283 1224 5333 mense,
1250 5267 1344 5336 qui
1388 5281 1418 5320 a
1462 5266 1690 5331 Februo,
1730 5266 1782 5321 id

216 5368 322 5423 est,
372 5357 621 5423 Plutone,
660 5359 749 5428 qui
806 5360 1179 5414 lustrationum
1229 5369 1420 5429 potens
1467 5372 1496 5411 a
1541 5358 1786 5428 gentibus

218 5448 559 5513 credebatur,
601 5448 675 5503 ita
714 5457 935 5505 vocatus
975 5459 1089 5514 est,
1137 5449 1565 5518 lustrarique-eo
1602 5464 1785 5504 mense

222 5538 362 5605 apud
388 5537 655 5593 Romanos
692 5537 958 5593 civitatem
1002 5537 1329 5593 consuetudo
1369 5544 1507 5601 erat,
1557 5534 1783 5604 utjusta

355 5627 597 5684 Manibus
635 5626 983 5683 solverentur.
1029 5629 1133 5683 Sed
1174 5628 1312 5682 hanc
1351 5626 1607 5681 lustrandi
1652 5643 1781 5683 cou-

1887 4550 2025 4604 rium
2065 4552 2225 4606 etiam
2267 4567 2548 4607 numerum
2597 4552 2671 4606 ita
2725 4552 2795 4608 ibi
2829 4554 3079 4622 positum,
3129 4552 3271 4621 quod
3320 4566 3442 4605 cum

1890 4630 2165 4693 Dominica
2215 4654 2311 4693 sua
2359 4649 2648 4695 concurrat
2687 4641 2753 4695 ad
2804 4640 3084 4710 mysticum
3104 4639 3307 4693 Pascha
3341 4633 3444 4692 [Ie-

1887 4726 2173 4791 braeorum,
2204 4727 2343 4796 quod
2370 4728 2640 4782 Dominus
2664 4721 2845 4781 noster
2867 4726 3022 4785 Jesus
3050 4727 3294 4781 Christus
3320 4739 3442 4779 eum

1886 4814 2160 4883 discipulis
2202 4816 2315 4870 suis
2358 4815 2686 4881 celebravit,
2732 4824 2786 4870 et
2827 4831 2926 4870 nos
2958 4816 3185 4870 dicimus
3212 4808 3442 4869 Coenam

1890 4902 2121 4957 Domini.
2152 4888 2256 4958 Sed
2282 4904 2397 4958 haec
2420 4905 2599 4959 omnia
2635 4919 2733 4959 nos
2762 4905 2833 4959 ita
2862 4904 2949 4958 hic
2980 4900 3275 4975 posuimus,
3306 4904 3446 4958 sicut

1887 4993 1940 5047 in
1989 4993 2213 5047 aliorum
2262 4995 2421 5049 dictis
2466 4995 2550 5047 vel
2593 4995 2804 5063 scriptis
2844 4995 3221 5063 comperimus,
3256 4994 3445 5050 lectori

1887 5087 2027 5140 viam
2069 5086 2279 5151 dantes,
2326 5086 2371 5140 si
2410 5100 2528 5156 qua:
2569 5087 2816 5141 veracius
2854 5095 2909 5141 et
2952 5087 3320 5142 rationabilius
3348 5096 3445 5141 ex:

1888 5175 2085 5244 quisita
2135 5175 2413 5240 invenerit,
2451 5174 2725 5229 ‘obtinere.
2786 5174 3085 5229 Notandum
3135 5184 3311 5244 tamen
3340 5186 3471 5242 est,"

1889 5263 2028 5333 quod
2057 5280 2087 5317 a
2114 5250 2561 5333 Quiuquagesima
2586 5261 2842 5333 jejunium
2900 5264 3133 5333 incipere
3171 5264 3311 5332 apud
3335 5263 3441 5317 lio—

1888 5368 2077 5407 manos
2102 5353 2459 5425 Telesphorus
2504 5367 2646 5423 saepe
2691 5363 3029 5421 memoratus
3068 5368 3208 5423 papa
3246 5353 3442 5407 consti-

1891 5444 2026 5497 tuit:
2061 5452 2118 5497 ut
2154 5458 2249 5513 per
2281 5451 2484 5512 septem
2531 5444 2894 5499 hebdomadas
2926 5452 3052 5497 ante
3075 5443 3277 5497 Pascha
3321 5456 3439 5523 θοι-

1886 5549 1987 5603 pus
2020 5532 2238 5601 jejuniis
2278 5534 2621 5605 castigemus,
2658 5536 2780 5605 quia
2814 5534 2945 5589 alias
2973 5542 3172 5593 sentem
3199 5541 3319 5603 post
3340 5532 3442 5588 Pa-

1886 5623 2013 5677 scha
2070 5638 2237 5695 usque
2292 5622 2347 5678 in
2397 5623 2783 5690 Pentecosten,
2830 5624 2879 5679 in
2926 5621 3109 5678 latitia
3152 5635 3182 5676 a
3219 5620 3465 5692 jejuniis,
