3958 6362
484 276 592 330 547
666 232 667 235 Ἴ

1118 279 1177 332 Β.
1220 277 1468 334 RABA'NI
1510 278 1725 336 MAUlll
1764 279 2079 341 ARCHIEP.

2125 282 2431 341 MOGUNT.
2473 284 2756 341 OPERUM
2798 285 2974 344 PARS
3012 290 3053 343 I.
3601 297 3705 353 548

482 392 725 446 relaxare
771 402 1035 457 votumus,
1064 404 1123 449 ut
1169 393 1400 465 priorem
1443 397 2034 467 quinquagesimamin
2066 404 2112 462 Α
2139 400 2382 463 habetur,
2434 402 2558 471 quia
2600 400 2651 455 in
2684 417 2748 456 eo
2776 401 2861 456 die
2898 401 3140 461 Christus
3169 408 3486 477 mysterium
3524 396 3705 466 crucis

479 480 807 550 plenitudine
826 490 1161 552 peccatorum
1194 493 1496 538 nostrorum
1522 487 1797 554 exigamus
1826 487 1892 541 ad
1913 502 2033 555 pro-

476 571 786 624 merendam
832 558 1283 636 misericordiam,
1320 580 1370 626 et
1418 572 1470 626 in
1504 574 1747 627 secunda
1790 573 2033 638 laudibus

476 668 532 715 et
557 661 886 715 orationibus
913 676 1127 729 Operam
1174 662 1381 725 dantes,
1416 662 1725 717 Studeamus
1753 664 2034 732 pervenire

476 751 541 805 ad
572 752 889 821 promissam
915 750 1146 819 Spiritus
1176 754 1343 807 sancti
1377 754 1623 821 gratiam.

1015 827 1239 895 CA‘PUT
1279 841 1489 896 xxxv.

839 957 865 969 ρ
964 929 1037 983 De
1075 931 1158 983 die
1200 930 1557 986 Palmarum,

540 1020 662 1075 Dies
691 1021 986 1089 palmarum
1016 1022 1134 1076 ideo
1154 1023 1486 1091 {Celebratun
1518 1025 1640 1093 quia
1672 1026 1725 1078 in
1751 1040 1815 1079 eo
1844 1024 2025 1079 Domi-

467 1125 567 1162 nus
600 1119 661 1163 et-
676 1110 924 1164 Salvator
951 1120 1153 1175 noster,
1186 1113 1324 1165 sicut
1348 1115 1607 1182 propheta
1638 1102 1851 1176 cecinit,
1872 1112 2026 1167 Jeru-

464 1199 627 1253 salem
682 1201 924 1265 tendens,
982 1215 1143 1269 super
1182 1203 1404 1256 asellum
1446 1204 1645 1257 sedisse
1690 1204 2021 1273 perhibetur.

462 1288 611 1344 Tunc
649 1290 897 1358 gradiens
924 1304 1049 1361 cum,
1080 1291 1243 1344 ramis
1276 1291 1576 1359 palmarum
1606 1291 1887 1345 multitudo
1914 1292 2023 1359 ple—

459 1379 604 1432 bium
632 1378 842 1432 obviam
872 1379 942 1442 ei,
965 1378 1367 1433 clamaverunt:
1403 1378 1655 1433 llosanna
1680 1380 1699 1431 !
1730 1380 2021 1432 benedictus

455 1470 543 1538 qui
572 1470 704 1522 venit
733 1470 786 1522 in
813 1471 1018 1522 nomine
1043 1469 1251 1522 Domini
1292 1486 1383 1524 rex
1413 1470 1579 1524 Israel
1626 1468 1838 1540 (Matth.
1882 1469 2016 1539 xxr).

455 1558 510 1612 In
568 1560 732 1613 ramis
778 1560 922 1614 enim
954 1559 1272 1628 palmarum
1320 1560 1724 1630 signiﬁcabatur
1774 1559 2053 1623 victoria,

454 1664 557 1717 qua
598 1659 716 1703 erat
758 1649 1012 1704 Dominus
1054 1660 1280 1703 mortem
1326 1650 1602 1704 moriendo
1631 1657 2016 1718 superaturos:

2128 487 2388 568 explevit,
2414 498 2630 559 prepter
2652 489 2792 558 quod
2820 500 3039 545 venerat
3068 492 3120 547 in
3164 494 3305 554 hunc
3328 498 3605 565 mundum,
3642 506 3705 553 ut

2134 576 2224 643 qui
2252 576 2394 657 ligno
2420 578 2660 646 percussi
2689 578 2961 633 fueramus
2988 581 3040 633 in
3076 580 3267 647 Adam,
3297 601 3485 641 rursus
3512 602 3609 657 per
3632 587 3705 643 li-

2132 664 2220 731 gni
2244 650 2555 735 mysterium
2583 682 2913 721 sanaremur.
2947 666 3114 738 Hujus
3141 673 3286 725 enim
3311 688 3470 729 causa
3506 650 3703 730 trium—

2131 749 2244 817 phi,
2278 751 2505 805 humana
2533 754 2799 835 pusillitas
2824 753 3037 810 Christo
3075 772 3170 826 per
3197 774 3408 816 omnem
3437 764 3697 818 mundum

2128 838 2490 894 celebritatem
2516 858 2747 897 annuam
2778 844 2999 911 praebet,
3045 861 3141 913 pro
3180 863 3245 901 eo
3272 851 3411 917 quod
3447 852 3699 921 dignatus

2129 939 2211 984 ρει
2246 932 2501 1002 sanguine
2541 934 2802 1001 passionis
2849 949 2959 989 sua:
3006 937 3258 993 saeculum
3308 940 3595 1007 redimere,
3642 952 3699 998 et

2128 1026 2405 1086 peceatum
2432 1022 2612 1075 mundi
2628 1036 2723 1088 per
2740 1037 2957 1077 crucem
2971 1035 3141 1094 morte
3160 1025 3368 1080 devicta
3393 1028 3693 1095 absolvere,

2126 1107 2276 1175 cujus
2301 1110 2513 1177 quidem
2542 1112 2717 1165 crdcis
2744 1112 2996 1181 injuriam
3022 1114 3126 1168 non
3168 1116 3515 1185 pertulit‘illa
3558 1120 3696 1175 divi-
3772 1181 3779 1190 ,

2126 1197 2309 1251 nitatis
2334 1199 2651 1265 substantia,
2682 1202 2771 1255 sed
2793 1203 2904 1256 sola
2928 1212 3188 1273 susceme
3222 1206 3571 1261 humanitatis
3601 1225 3695 1263 ua-

2124 1295 2263 1342 tura.
2287 1286 2471 1342 Passio
2493 1290 2633 1343 enim
2667 1293 2907 1361 corporis
2930 1292 3061 1359 fuit;
3087 1294 3339 1349 divinitas
3360 1310 3487 1350 vero
3505 1312 3694 1353 exsors

2124 1374 2331 1443 injuriae
2354 1378 2565 1433 mansit.
2591 1378 2877 1449 Tripartita
2899 1390 3076 1437 autem
3098 1384 3235 1437 ratio
3263 1384 3554 1439 Dominicze
3573 1402 3697 1456 pas-

2122 1468 2287 1524 sionis
2316 1469 2633 1523 ostenditur.
2657 1469 2835 1525 Prima
2858 1472 3036 1542 itaque
3059 1489 3217 1529 causa
3239 1482 3344 1538 est,
3364 1485 3426 1529 ut
3446 1476 3692 1532 Christus

2121 1570 2219 1624 pro
2251 1564 2403 1609 reatu
2428 1556 2608 1610 mundi
2638 1558 2932 1628 redemptio
2958 1560 3192 1625 daretur,
3216 1562 3429 1629 scilicet
3458 1572 3516 1617 ut
3557 1578 3693 1632 quos

2122 1658 2341 1712 serpens
2384 1644 2733 1717 absorbuegrat
2784 1657 3090 1714 evomeret,
3143 1657 3197 1705 et
3249 1652 3482 1719 praedam
3529 1668 3692 1720 quam

455 1749 509 1795 et
533 1728 734 1809 tropaeo
764 1740 963 1805 crucis,
993 1740 1057 1794 de
1095 1739 1304 1793 diabolo
1338 1741 1529 1808 mortis
1552 1740 1793 1808 principe
1819 1739 2011 1793 trium-
2046 1728 2329 1795 Btenebat
2360 1734 2651 1801 amitteret,
2683 1751 2790 1791 non
2826 1739 3060 1806 potentia
3088 1740 3278 1812 victus,
3320 1742 3412 1796 sed
3433 1742 3644 1812 justitia
3677 1762 3690 1796 :
3770 1733 3777 1742 ’

451 1829 730 1896 phaturus.
763 1828 818 1882 ln
846 1829 1010 1882 asello
1038 1836 1216 1883 autem
1251 1844 1409 1898 super
1432 1844 1591 1897 quem
1614 1828 1844 1883 sedendo
1868 1826 2019 1882 Jero-

448 1918 707 1989 solymam
733 1920 896 1983 venit,
929 1919 1198 1973 indicabat
1221 1920 1486 1988 simplicia
1502 1920 1661 1973 corda
1677 1919 2013 1989 gentilitatis,

447 2022 608 2075 quam
634 2007 968 2075 praesidendo
995 2016 1154 2076 atque
1204 2009 1452 2075 regendo,
1492 2008 1820 2075 perducebat
1847 2009 1912 2061 ad
1939 2008 2015 2059 vi-

445 2099 649 2153 sionem
680 2099 846 2168 pacis.
882 2098 993 2153 Iloc
1022 2107 1198 2153 autem
1242 2099 1328 2155 die
1366 2097 1675 2168 Symbolum
1707 2107 2014 2166 competen-

446 2188 586 2243 tibus
622 2190 871 2253 traditur,
912 2198 1128 2257 propter
1164 2188 1426 2244 conﬁnem
1466 2188 1755 2244 Dominica:
1795 2188 2013 2242 Pascha:

442 2280 855 2341 solemnitatem,
893 2290 952 2335 ut
996 2282 1086 2349 qui
1128 2282 1196 2334 ad
1234 2282 1324 2334 Dei
1357 2281 1584 2350 gratiam
1613 2278 2015 2348 percipiendam

441 2369 715 2435 festinant,
754 2370 908 2423 ﬁdem
933 2386 1094 2439 quam
1124 2369 1446 2423 conﬁtentur
1472 2379 1783 2439 agnoscant.
1812 2368 2012 2439 Vulgus

442 2467 618 2512 autem
648 2461 765 2513 ideo
794 2475 915 2513 eum
948 2460 1090 2513 diem
1125 2459 1497 2529 capitularium
1527 2467 1700 2523 vocat,
1727 2460 1851 2528 quia
1887 2467 2011 2512 tunc

443 2549 609 2602 moris
631 2558 706 2602 est
737 2548 947 2602 lavandi
981 2548 1154 2617 capita
1185 2548 1469 2602 infantium
1489 2549 1576 2625 qui
1610 2549 1839 2619 ungendi
1863 2556 2007 2611 sunt,

441 2651 509 2690 ne
539 2635 672 2689 forte
720 2637 1092 2691 observatione
1137 2636 1572 2706 Quadragesimae
1613 2634 1887 2691 sordidata
1938 2635 2005 2689 ad

440 2726 743 2779 unctionem
787 2726 1123 2781 accederent.
1826 2728 1833 2733 ’

498 2822 503 2827 ’
964 2814 1191 2871 CAPUT
1240 2815 1478 2870 XXXVI.

950 2905 1024 2957 De
1063 2904 1217 2958 Coma
1264 2905 1496 2959 Domini.

504 2994 905 3069 Cmna‘Domini
938 2995 1050 3049 haec
1092 3006 1174 3049 est
1201 2995 1331 3049 feria
1355 2986 1543 3065 quinta
1570 2996 1771 3049 ultimae
1800 2994 2003 3049 hebdo-

2088 1816 2223 1875 “non
2248 1823 2623 1890 dominatione,
2653 1827 2745 1881 sed
2774 1824 2997 1883 ratiune.
3032 1806 3273 1884 Secunda
3304 1806 3466 1886 causa
3496 1843 3598 1897 est,
3635 1841 3695 1888 ut

2117 1913 2385 1967 secuturis
2410 1914 2712 1970 hominibus
2752 1917 2875 1971 vitae
2920 1919 3287 1989 magisterium
3334 1922 3689 1991 praeberetur.

2113 1998 2368 2054 Ascendit
2418 2003 2560 2056 enim
2577 2003 2659 2057 (in
2708 2020 2922 2061 erucem
2970 1998 3231 2071 Christus,
3267 2020 3335 2064 ut
3364 2008 3533 2067 itobis
3559 2029 3689 2082 pas-

2095 2088 2279 2143 ’sionis
2326 2100 2380 2144 et
2414 2084 2828 2149 resurrectionis
2869 2096 3133 2170 praeberet
3182 2100 3521 2169 exemplum:
3558 2118 3686 2170 pas-

2111 2177 2277 2231 sionis
2308 2178 2375 2232 ad
2416 2179 2732 2235 ﬁrmandam
2766 2184 3109 2252 patientiam;
3152 2191 3589 2255 resurrectionis,
3618 2193 3682 2246 ad

2110 2270 2447 2325 excitandam
2471 2287 2652 2342 spem;
2681 2280 2741 2327 ut
2779 2274 2912 2330 duas
2938 2277 3076 2332 vitas
3102 2280 3253 2333 nobis
3292 2280 3603 2335 ostenderet
3628 2282 3682 2335 in

2110 2373 2305 2413 earne:
2333 2376 2491 2415 unam
2522 2362 2865 2427 laboriosam,
2906 2365 3129 2420 alteram
3158 2368 3387 2422 beatam.
3419 2368 3678 2424 Laborio-

2110 2466 2222 2505 sam
2251 2469 2409 2521 quam
2445 2454 2674 2527 tolerare
2702 2456 2974 2520 debemus,
3008 2458 3219 2512 beatam
3249 2474 3410 2528 quam
3458 2474 3685 2529 sperare

2110 2541 2383 2598 debemus.
2434 2544 2615 2599 Tertia
2654 2559 2817 2600 causa
2852 2536 2943 2601 est
2991 2558 3252 2617 suscepta:
3278 2550 3474 2615 crucis,
3503 2558 3564 2604 ut
3592 2565 3684 2604 su-

2108 2635 2273 2703 perba
2312 2635 2490 2689 saeculi
2518 2645 2572 2688 et
2598 2634 2776 2703 inﬂata
2808 2638 3063 2705 sapientia
3110 2653 3203 2707 per
3229 2640 3407 2694 crucis
3432 2639 3678 2703 stultam,

2110 2731 2168 2775 ut
2194 2730 2432 2791 putatur,
2482 2721 2918 2793 praedicationem
2962 2725 3239 2780 luuniliata
3272 2737 3572 2793 corrueret,
3618 2735 3683 2781 ut

2108 2820 2316 2880 pateret
2349 2814 2402 2869 id
2430 2815 2571 2883 quod
2615 2814 2833 2868 stultum
2865 2815 2957 2869 Dei
2996 2825 3076 2869 est
3119 2824 3317 2885 quanto
3341 2816 3413 2870 sit
3441 2816 3681 2870 homini-

2108 2902 2206 2965 bus
2230 2903 2522 2971 sapientius
2550 2913 2602 2958 et
2632 2903 2773 2972 quod
2814 2898 3082 2957 inﬁrmum
3114 2904 3205 2959 Dei
3234 2912 3335 2973 est,
3376 2913 3578 2974 quanto
3604 2905 3679 2959 sit

2109 2991 2299 3059 fortius
2326 3001 2431 3047 tota
2465 2995 2737 3059 hominum
2769 2993 3097 3051 fortitudine.
3142 2997 3310 3051 Docet
3335 3006 3679 3071 autemapo—

436 3084 608 3137 matlis
654 3061 1083 3152 Quadragcsimze
1125 3084 1335 3152 quando
1375 3061 1636 3138 Dominus
1676 3091 1731 3138 et
1758 3061 2076 3137 SalvatorC
2109 3082 2277 3137 stolus
2306 3081 2502 3138 Paulus
2549 3084 2872 3140 illuminatos
2913 3101 3009 3141 nos
3036 3085 3229 3141 debere
3274 3086 3459 3142 oculos
3496 3061 3676 3142 cordis

353 3220 358 3224 .
432 3180 615 3225 roster
636 3181 757 3241 post
784 3172 1031 3242 typicum-
1047 3171 1172 3225 illud
1200 3171 1404 3225 Pascha
1436 3172 1780 3240 completum,
1812 3171 1877 3224 ad
1904 3186 1998 3223 ve-

432 3272 549 3313 rum
576 3261 777 3315 Pascha
806 3262 1090 3325 transiens,
1116 3262 1429 3332 mysterium
1450 3262 1690 3331 corporis
1711 3269 1765 3315 et
1787 3261 1999 3330 sangui-

430 3353 513 3405 nis
541 3352 621 3405 sui
662 3353 891 3422 primum
922 3353 1177 3423 apostolis
1207 3354 1444 3418 tradidit,
1493 3353 1709 3423 quando
1742 3364 1863 3421 post
1906 3367 1995 3405 sa-

428 3449 702 3495 cramenta
726 3440 964 3495 caelestia
996 3442 1286 3510 discipulus
1314 3442 1475 3495 fallax
1516 3450 1571 3495 et
1598 3440 1838 3507 proditor
1878 3456 1998 3508 pre-

428 3530 560 3583 tium
591 3545 619 3582 a
646 3527 842 3583 JUdiBIS
873 3532 1098 3599 accepit,
1129 3540 1183 3584 et
1226 3530 1427 3585 Christi
1460 3530 1772 3599 sanguinem
1821 3527 1999 3581 vendi-

426 3619 521 3673 dit.
558 3619 632 3671 Eo
674 3620 836 3673 etiam
873 3620 956 3673 die
995 3620 1245 3674 Salvator
1275 3636 1501 3690 surgens
1530 3636 1559 3672 a
1608 3635 1783 3680 coena,
1833 3620 1995 3688 pedes

425 3707 806 3775 discipulorum
839 3707 985 3771 lavit,
1009 3716 1227 3777 propter
1256 3708 1571 3762 humilitatis
1601 3707 1826 3761 formam
1849 3723 1993 3761 com-

428 3796 801 3859 mendandam,
828 3812 986 3867 quam
1014 3798 1309 3851 docendam
1353 3806 1592 3861 venerat,
1636 3799 1774 3851 sicut
1800 3806 1854 3851 et
1880 3798 1995 3866 ipse

422 3895 813 3955 consequenter
837 3888 1082 3956 exposuit
1111 3906 1123 3940 :
1166 3889 1308 3956 quod
1346 3889 1508 3943 etiam
1538 3889 1747 3943 dicebat
1778 3887 1993 3957 potissi-

425 3993 570 4030 mum
620 3986 681 4031 ut
716 3976 856 4031 facto
908 3979 1125 4033 doceret
1170 3981 1311 4048 quod
1360 3980 1651 4033 observare
1702 3980 1991 4048 discipulos

425 4075 794 4136 pnemoneret.
828 4065 961 4119 Hinc
988 4076 1073 4120 est
1109 4067 1252 4136 quod
1289 4068 1477 4121 eodem
1520 4068 1607 4122 die
1633 4068 1819 4121 altaria
1852 4078 1987 4122 tem-

423 4155 516 4225 pli,
546 4156 776 4224 parietes
815 4164 868 4210 et
894 4142 1197 4224 pavimenta
1240 4156 1509 4222 lavantur,
1539 4173 1772 4228 vasaque
1807 4158 1991 4228 puriﬁ-

423 4255 633 4308 Cautur,
662 4261 780 4315 qua:
803 4254 927 4299 sunt
954 4246 1175 4300 Domino
1190 4256 1524 4302 consecrata.
1541 4247 1656 4313 Quo
1670 4249 1755 4302 die
1768 4249 1989 4317 proinde

423 4336 584 4389 etiam
613 4345 856 4389 sanctum
883 4337 1117 4391 chrisma
1141 4338 1442 4402 coniicitur,
1469 4340 1593 4408 quia
1622 4349 1744 4393 ante
1767 4339 1986 4393 biduum
2049 4387 2054 4401 ,

2102 3171 2318 3235 habere,
2349 3171 2415 3226 ad
2451 3173 2846 3242 intelligendum
2887 3191 3004 3245 qua:
3033 3177 3105 3231 sit
3133 3176 3355 3232 latitudo
3384 3178 3577 3244 crucis,
3616 3186 3681 3232 et

2100 3262 2393 3332 longitudo,
2421 3272 2473 3316 et
2503 3252 2727 3318 altiiudo
2768 3275 2819 3320 et
2848 3265 3191 3333 profundum.
3219 3266 3410 3322 Crucis
3445 3267 3676 3321 latitudo

2100 3360 2182 3405 est
2225 3361 2587 3406 transversum
2640 3354 2842 3423 lignum
2892 3369 2999 3422 quo
3045 3342 3408 3410 extenduntur
3452 3372 3670 3411 manus.

2101 3441 2399 3512 Longitudo
2440 3458 2469 3494 a
2500 3442 2781 3497 latitudine
2818 3444 3067 3499 deorsum
3120 3462 3291 3516 usque
3334 3447 3399 3499 ad
3446 3430 3671 3501 terram.

2098 3529 2353 3593 Altitudo,
2382 3530 2450 3585 ab
2477 3532 2756 3588 altitudine
2788 3550 2997 3589 sursum
3029 3536 3095 3589 ad
3132 3526 3309 3605 caput.
3336 3535 3673 3591 Profundum

2041 3612 2044 3620 ’
2097 3630 2226 3671 vero
2261 3620 2403 3687 quod
2449 3626 2605 3674 terra:
2647 3621 2868 3675 inﬁxum
2905 3624 3269 3679 absconditur.
3318 3623 3523 3679 Dicitur
3571 3623 3679 3677 ho-

2098 3706 2225 3760 mini
2255 3724 2267 3759 :
2305 3706 2448 3760 Tolle
2481 3724 2683 3761 crucem
2714 3719 2857 3763 tuam
2897 3719 2945 3764 et
2987 3728 3196 3783 sequere
3224 3729 3323 3766 me.
3364 3720 3501 3770 Dum
3530 3711 3684 3767 enim

2095 3799 2370 3854 cruciatur
2396 3812 2541 3862 caro,
2585 3812 2705 3852 cum
2747 3798 3142 3860 mortiﬁcamur
3194 3802 3433 3857 membra
3472 3811 3667 3853 n05tru

2093 3904 2256 3958 super
2307 3895 2531 3952 terram,
2583 3886 2893 3953 fornicatio,
2944 3889 3300 3952 immunditia,
3349 3887 3561 3941 luxuria
3617 3899 3674 3940 et

2092 3990 2307 4045 caetera,
2343 3979 2576 4049 dumque
2600 3968 2838 4036 exterior
2865 3981 3027 4035 homo
3054 3966 3435 4049 corrumpitur,
3477 3986 3536 4031 ut
3579 3977 3690 4031 in-'

2092 4070 2257 4125 terior
2291 4078 2579 4125 renovetur
2614 4070 2679 4124 de
2719 4070 2805 4125 die
2835 4071 2888 4124 in
2920 4071 3084 4134 diem,
3132 4070 3312 4138 passio
3349 4074 3432 4121 est
3460 4066 3664 4120 crucis.

2091 4162 2156 4215 Et
2186 4163 2301 4216 haec
2341 4161 2557 4230 quidem
2585 4161 2710 4215 dum
2742 4161 2849 4214 sint
2888 4161 3026 4214 bona
3055 4173 3237 4228 opera,
3272 4166 3447 4223 tamen
3484 4157 3667 4211 adhuc

2089 4249 2374 4315 laboriosa,
2403 4265 2630 4318 quorum
2664 4262 2868 4302 merces
2892 4247 3105 4316 requies
3132 4254 3233 4312 est.
3267 4245 3497 4314 Ideoque
3526 4244 3665 4298 dici-

2092 4350 2178 4393 tur
2206 4356 2292 4410 spe
2316 4340 2618 4408 gaudentes,
2646 4344 2707 4403 ut
2745 4338 3042 4407 cogitantes
3072 4337 3278 4405 scilicet
3304 4336 3544 4405 requiem
3572 4332 3664 4387 fu-

422 4426 659 4491 Pascbce,
700 4426 863 4479 Maria
909 4436 1067 4495 caput
1115 4442 1179 4480 ac
1229 4429 1391 4496 pedes
1448 4428 1656 4483 Domini
1719 4440 1988 4497 unguento
2013 4425 2065 4484 D
2093 4438 2290 4491 turam,
2313 4444 2434 4483 cum
2465 4427 2735 4482 hilaritate
2776 4436 2830 4481 et
2858 4426 3131 4483 laboribus
3154 4418 3458 4498 operemur.
3504 4422 3665 4499 Hane

423 4518 719 4590 perfudiSse
760 4520 1086 4587 perhibetur.
1137 4518 1287 4573 Unde
1328 4530 1380 4573 et
1413 4520 1671 4573 Dominus
1708 4519 1987 4588 discipulis

423 4611 534 4663 suis
576 4610 746 4662 dixit:
785 4608 937 4663 Scitis
963 4598 1104 4678 iquia
1144 4620 1256 4678 post
1301 4611 1513 4662 biduum
1565 4609 1767 4663 Pascha
1802 4611 1911 4678 ﬁet,
1940 4620 1988 4663 et

421 4702 561 4768 [ilius
601 4700 823 4753 hominis
854 4700 1086 4751 tradetur
1127 4710 1178 4751 ut
1207 4691 1543 4777 cruciﬁgatur
1573 4699 1785 4769 (Matth.
1817 4699 1984 4769 XXVI).

422 4793 618 4847 Eodem
660 4794 820 4847 etiam
844 4793 930 4846 die
957 4792 1118 4863 (sicut
1141 4808 1299 4861 supra
1336 4793 1688 4863 ostendimus)
1720 4793 1985 4863 poeniten-

424 4899 505 4941 tes
540 4888 969 4949 reconciliantur,
999 4888 1123 4956 quia
1154 4886 1357 4941 scilicet
1396 4887 1507 4955 ipsa
1546 4886 1628 4939 die
1668 4901 1771 4954 qua
1800 4900 1985 4941 sacra-

424 4984 600 5027 menta
640 4976 880 5043 corporis
919 4984 972 5029 et
1000 4975 1276 5045 sanguinis
1304 4976 1400 5029 sui
1454 4976 1710 5030 Dominus
1754 4975 1985 5045 primum

424 5065 675 5127 confecit,
732 5080 793 5119 ac
843 5067 1114 5134 discipulis
1179 5067 1290 5121 suis
1341 5067 1681 5136 percipienda
1744 5065 1983 5129 tradidit,

421 5152 698 5220 oportebat
725 5152 791 5205 ad
822 5154 932 5207 haec
968 5158 1282 5209 resumenda
1311 5157 1633 5224 pteuitcntes
1672 5164 1984 5209 restauren-

423 5250 510 5294 tur
546 5260 558 5293 :
590 5256 655 5295 eo
684 5242 930 5295 videlicet
966 5252 1222 5310 tempore,
1265 5260 1371 5311 quo
1423 5246 1641 5315 sanguis
1679 5246 1880 5299 Christi
1909 5232 1981 5300 'in

421 5332 788 5386 remissionem
814 5331 1051 5385 omnium
1087 5332 1234 5386 fusus
1259 5344 1341 5386 est
1366 5346 1726 5403 peccatorum.

939 5421 1165 5477 CAPUT
1204 5422 1460 5479 XXXVII.

980 5513 1056 5566 De
1111 5512 1187 5567 Pa
1196 5532 1413 5569 rasceve.
1556 5586 1561 5591 '

469 5600 780 5672 Parasceve,
807 5603 855 5658 id
880 5614 978 5672 est,
1005 5615 1152 5662 sexta
1178 5607 1403 5673 sabbati,
1428 5608 1547 5663 ideo
1570 5610 1621 5665 iu
1645 5608 1981 5665 solemnitate

2089 4519 2416 4574 hilaritatem
2463 4517 2729 4597 signiﬁcat
2772 4519 2947 4575 crucis
2987 4519 3212 4573 latitudo
3261 4518 3312 4580 in
3345 4525 3663 4593 transverso

2090 4610 2252 4678 ligno;
2293 4610 2392 4663 ubi
2436 4609 2668 4680 ﬁguntur
2710 4625 2928 4676 manus;
2975 4623 3071 4678 per
3113 4623 3306 4663 manus
3334 4608 3475 4662 enim
3518 4621 3663 4675 opus

2090 4701 2430 4771 intelligitur;
2482 4716 2579 4771 per
2620 4700 3001 4766 latitudinem,
3049 4701 3294 4757 hilaritas
3344 4697 3659 4767 operantis,

2090 4794 2214 4861 quia
2240 4791 2465 4849 tristitia.
2496 4791 2623 4846 facit
2662 4792 2952 4862 angustias.
2997 4790 3165 4844 Porro
3193 4805 3289 4859 per
3318 4789 3661 4868 altitudinem

2090 4883 2265 4937 crucis
2292 4882 2375 4938 cui
2404 4890 2563 4952 caput
2589 4883 2912 4953 adiungitur,
2941 4882 3269 4950 exspectatio
3293 4894 3539 4949 supernae
3569 4892 3662 4931 re-

2084 4974 2392 5029 tributionis
2414 4969 2477 5029 de
2506 4975 2718 5029 sublimi
2735 4974 2941 5043 justitia
2971 4974 3065 5027 Dei
3096 4972 3485 5036 sanctiﬁcatur,
3516 4979 3573 5023 ut
3599 4979 3660 5024 et

2084 5062 2195 5131 ipsa
2224 5078 2383 5133 opera
2412 5064 2549 5118 bona
2586 5080 2692 5118 non
2742 5073 2960 5133 propter
3000 5063 3256 5118 beneﬁcia
3296 5062 3387 5116 Dei
3435 5070 3657 5116 terrena

2086 5167 2150 5205 ac
2170 5153 2477 5223 temporalia
2502 5154 2744 5209 facienda
2764 5154 3075 5219 credantur,
3104 5155 3197 5209 sed
3228 5154 3402 5224 potius
3432 5160 3660 5221 propter

2084 5243 2212 5297 illud
2244 5247 2383 5314 quod
2408 5246 2637 5315 desuper
2657 5253 2837 5313 sperat
2862 5244 3012 5310 ﬁdes,
3047 5260 3164 5315 quae
3187 5259 3282 5313 per
3310 5242 3656 5298 dilectionem

2084 5346 2353 5403 operatur.
2408 5334 2525 5390 Iam
2577 5350 2702 5391 vero
2754 5348 2850 5404 per
2909 5334 3287 5404 longitudinem
3343 5345 3449 5401 qua
3480 5337 3653 5383 totum

2083 5439 2280 5493 corpus
2323 5426 2649 5488 extenditur,
2698 5425 2811 5494 ipsa
2858 5424 3141 5479 tolerantia
3188 5421 3541 5493 signiﬁcatur,
3596 5427 3657 5470 ut

2084 5514 2411 5584 longanimes
2433 5530 2858 5585 permancamus.
2887 5514 3035 5569 Unde
3050 5513 3377 5583 longaniuics
3399 5509 3656 5563 dicuntur

2085 5608 2170 5675 qui
2214 5608 2457 5663 tolerant.
2493 5608 2594 5662 Per
2629 5606 2948 5677 profundum
2978 5616 3174 5671 autem,
3215 5605 3310 5657 hoc
3332 5610 3415 5657 est
3442 5609 3653 5671 partem
