3958 6326
221 239 321 292 3i!)

992 238 1076 292 DE
1114 239 1548 295 CLERICORUM
1589 239 2088 304 INSTITU'I‘IONE,
2133 243 2282 297 ETC.
2325 274 2392 282 —
2429 243 2552 297 LIB.
2597 244 2659 297 II.

3351 248 3460 306 350

218 352 358 405 illam
402 350 527 420 ligni
572 364 690 418 qure
742 349 796 403 in
849 357 1002 404 terrae
1045 352 1227 407 abdito
1275 354 1445 407 deﬁxa
1483 353 1631 406 latet.
1690 353 1783 406 sed
1812 358 1855 413 Α
1885 352 2029 404 omni
2059 352 2241 407 labore
2278 354 2516 408 omnium
2549 353 2912 407 molestiarum
2940 363 3062 427 post
3083 364 3328 423 mortem,
3363 376 3461 428 per

218 443 356 497 unde
379 443 652 510 consurgit
694 455 852 494 omne
876 442 1016 508 quod
1054 444 1272 505 eminet,
1305 442 1670 497 inscrutabilia
1700 443 1780 496 ii.-

215 529 680 598 dicanturjudicia
724 530 837 593 Dei,
868 530 934 585 de
962 532 1154 597 quibus
1181 532 1389 585 occulta
1427 548 1547 587 cum
1586 532 1777 587 volun-

1877 456 2039 509 quam
2090 442 2149 497 ﬁt
2204 443 2462 498 transitus
2508 457 2604 512 per
2658 444 3107 498 resurrectionem
3163 450 3340 501 carnis
3390 451 3457 504 ad

1879 530 2018 584 illam
2040 526 2204 587 vitam
2231 549 2392 603 quam
2434 534 2689 587 Dominus
2719 542 2904 588 noster
2924 550 3018 605 sua
3050 540 3447 592 resurrectione

216 632 323 677 tate
347 629 569 676 vocatur
594 622 756 675 homo
792 621 857 675 ad
900 622 1362 690 participationem
1408 631 1565 678 tanta:
1592 624 1780 692 gratia:
1875 633 2318 697 lbrmmonstrasse
2347 624 2595 692 dignatus
2634 631 2735 676 est.
2786 622 2845 678 In
2896 624 2999 677 hac
3039 624 3125 678 die
3151 639 3272 678 cum
3302 627 3450 679 omni

211 712 326 766 Dei.
360 711 470 765 IIac
513 726 642 780 ergo
677 710 763 764 die
806 710 1057 766 Ecclesia:
1095 710 1283 764 altaria
1316 711 1638 766 indumentis
1665 712 1777 766 suis

213 803 434 872 spoliata
463 802 819 865 denudantur,
850 804 973 871 quia
1000 803 1053 856 in
1081 818 1143 856 ea
1187 801 1434 879 Christus
1475 803 1588 856 suis
1614 803 1777 857 vesti-

212 894 405 949 mentis
432 900 623 947 exutus
656 906 775 946 esse
813 892 1027 962 legitur,
1056 900 1111 946 et
1135 892 1307 945 velum
1341 891 1520 959 templi
1548 890 1772 944 scissum

210 1000 329 1038 esse
380 983 557 1037 occiso
604 981 839 1046 Christo,
892 998 988 1052 per
1039 977 1380 1050 Evangelium
1432 981 1771 1049 prtedicatur.

207 1074 317 1129 llac
347 1074 432 1129 die
459 1075 511 1127 in
539 1074 773 1127 Ecclesia
803 1071 1084 1125 luminaria
1108 1086 1211 1123 non
1238 1068 1617 1132 accenduntur,
1649 1070 1773 1138 quia

208 1166 259 1219 in
294 1165 413 1233 ipso
439 1164 793 1231 Redemptorc
820 1160 1081 1214 cruciﬁxo
1116 1159 1292 1213 sidera
1322 1160 1769 1213 obscurabautur.

204 1253 259 1308 In
288 1255 389 1308 hac
418 1254 503 1308 die
532 1261 839 1308 sanctarum
886 1249 1118 1318 plebium
1163 1242 1591 1318 praesules,wquia
1624 1265 1775 1303 man«

203 1347 325 1401 data
359 1346 572 1399 sibimet
601 1343 865 1413 legatione
892 1341 1197 1410 funguntur,
1232 1340 1369 1409 apud
1400 1341 1634 1394 divinant
1664 1341 1772 1394 cle-

159 1418 171 1427 ’
205 1436 457 1491 mentiam
486 1433 708 1489 humani
747 1418 1145 1500 generis’agunt
1180 1446 1420 1494 causam,
1451 1439 1505 1485 et
1542 1438 1661 1484 tota
1687 1446 1773 1487 se:

204 1539 321 1577 cum
348 1522 587 1577 Ecclesia
612 1520 1059 1590 congemiscente,
1084 1519 1357 1588 postulant
1374 1529 1427 1574 et
1448 1527 1765 1589 precantur:

202 1594 557 1685 primumpro
584 1619 724 1666 statu
755 1610 917 1665 totius
944 1606 1197 1665 Ecclesia:
1219 1609 1416 1665 Christi
1444 1628 1458 1675 ;
1492 1611 1683 1664 deinde
1711 1620 1769 1665 ut

1863 703 2089 764 'silentio
2117 719 2172 765 et
2193 712 2581 781 tranquillitate
2606 721 2814 780 oportet
2840 727 2937 766 nos
2970 728 3209 778 manere,
3242 722 3295 767 et
3327 729 3450 769 cum

1872 800 2116 853 oratione
2138 809 2192 855 et
2213 800 2508 871 psalmolia
2535 806 2776 855 sanctam
2817 802 3223 855 resurrectionis
3252 802 3438 855 horam

1873 898 2208 959 exspectare,
2238 907 2305 945 ne
2336 907 2434 946 nos
2469 886 2648 961 magis‘
2666 906 2794 945 cura
2835 893 3107 947 sm’cularis
3132 892 3367 957 infestet,
3398 901 3457 947 et

1875 989 2088 1033 terrena
2128 980 2340 1049 negotia
2371 981 2692 1049 inquietent,
2717 995 2876 1047 quam
2906 982 3161 1050 spiritalia
3194 984 3367 1038 studia
3400 990 3457 1036 et

1872 1083 2000 1121 cura
2026 1067 2277 1123 salutaris
2306 1069 2605 1122 animarum
2654 1059 2960 1121 nostrarum
3004 1079 3284 1137 occupent.
3333 1069 3448 1125 Hac

1873 1164 2050 1211 autem
2087 1158 2174 1212 die
2209 1158 2502 1213 inclinante
2531 1159 2598 1213 ad
2638 1174 2943 1227 vesperam,
2975 1169 3178 1237 statuta
3225 1162 3454 1215 celebra-

1876 1247 1946 1301 tio
1972 1249 2143 1302 noctis
2181 1248 2469 1302 Dominicac
2496 1249 2547 1302 in
2580 1249 2815 1303 Ecclesia
2840 1250 3113 1317 incipitur,
3142 1258 3196 1303 et
3217 1251 3449 1319 primum

1873 1341 2167 1394 secundum
2230 1340 2624 1394 institutionem
2679 1341 2875 1395 Zosimi
2934 1356 3127 1410 papae,
3186 1342 3453 1395 archidia-

1874 1443 2011 1482 couo
2039 1444 2255 1483 cereum
2306 1429 2677 1505 benedicente,
2731 1440 2854 1500 apte
2898 1431 3112 1499 quidem
3162 1431 3241 1497 ﬁt,
3288 1439 3347 1485 ut
3395 1432 3449 1485 in

1871 1518 2273 1573 consecratione
2308 1518 2527 1574 luminis
2555 1520 2821 1589 paschalis
2863 1521 3156 1575 celebratio
3199 1522 3443 1591 incipiat,

1872 1624 1990 1678 qua:
2018 1616 2232 1663 aeterna:
2261 1609 2396 1664 lucis
2425 1611 2578 1665 nobis
2606 1611 2833 1665 contulit
2876 1611 3195 1667 claritatem.
3244 1612 3448 1683 Deinde

201 1704 503 1758 inﬁdelibus
532 1702 833 1756 dominetur
854 1702 1007 1763 ﬁdes,
1032 1708 1087 1754 et
1111 1700 1405 1754 idololatraa
1429 1700 1495 1754 ab
1530 1700 1772 1770 impieta-
1803 1689 1846 1748 Β
1876 1698 2161 1752 lectionum
2216 1697 2427 1753 Veteris
2475 1698 2802 1753 Testamenti
2870 1708 2925 1754 et
2966 1701 3269 1753 orationum
3318 1700 3451 1755 ordo

202 1801 271 1855 tis
292 1815 401 1853 sum
426 1799 720 1853 liberentur
744 1796 1048 1858 erroribus;
1078 1801 1136 1847 ut
1160 1792 1359 1848 Judmis
1390 1794 1567 1847 ablato
1595 1793 1774 1848 cordis

203 1883 484 1947 velamine,
528 1882 616 1934 lux
644 1880 891 1934 veritatis
913 1886 1200 1947 appareat;
1233 1885 1292 1930 ut
1315 1877 1549 1943 haeretici
1584 1878 1773 1931 catho-

203 1975 315 2039 licas
348 1973 470 2027 ﬁdei
502 1970 806 2040 receptione
837 1962 1180 2037 resipiscam;
1212 1974 1269 2019 ut
1308 1966 1634 2037 sghismatici
1665 1966 1773 2035 spi-

199 2069 361 2121 ritum
404 2065 652 2120 redivivrc
678 2060 956 2117 charitatis
985 2059 1284 2128 accipiant;
1325 2066 1384 2111 ut
1406 2056 1570 2125 lapsis
1593 2056 1768 2126 paeni-

200 2158 380 2212 tentia:
406 2154 639 2219 remedia
671 2150 1043 2214 conferantur;
1079 2157 1137 2201 ut
1166 2148 1395 2215 denique
1433 2149 1771 2202 catechume—

200 2249 282 2303 nis
308 2247 373 2301 ad
406 2241 825 2313 regenerationis
854 2246 1190 2293 sacramenta
1217 2236 1506 2305 perductis,
1538 2236 1771 2289 cmlestis

200 2333 583 2393 misericordiae
627 2331 747 2384 aula
801 2336 1088 2387 reseretur,
1135 2326 1259 2394 quia
1302 2340 1401 2395 pro
1430 2326 1620 2378 horum
1651 2340 1769 2377 om-

201 2428 346 2483 nium
384 2423 765 2491 redemptione,
794 2420 864 2474 ita
896 2419 1000 2473 hac
1045 2418 1139 2491 die
1176 2416 1395 2485 sanguis
1447 2414 1650 2469 eﬁ'usus
1689 2424 1774 2469 est

200 2515 422 2572 Christi.
452 2514 577 2568 Haec
604 2518 782 2565 autem
820 2523 925 2563 non
958 2508 1191 2561 inaniter
1219 2506 1500 2560 a‘Domino
1530 2507 1659 2576 peti,
1687 2521 1769 2560 re-

201 2620 317 2659 rum
354 2605 591 2673 ipsarum
624 2606 889 2655 monstrat
924 2596 1187 2652 affectus:
1231 2596 1500 2665 quomodo
1551 2596 1769 2665 quidem

200 2709 264 2749 ex
300 2693 448 2747 omni
496 2704 739 2745 errorum
787 2701 983 2758 genere
1028 2686 1287 2756 plurimos
1334 2686 1475 2740 Deus
1523 2685 1773 2754 dignatur

201 2786 507 2851 attrahere,
564 2798 699 2853 quos
749 2790 934 2836 erutos
984 2781 1052 2835 de
1107 2788 1370 2855 petestate
1425 2780 1768 2834 tenebrarum

200 2875 493 2931 transferat
527 2876 581 2929 in
612 2887 835 2943 regnum
876 2870 998 2925 Filii
1049 2870 1352 2933 charitatis,
1399 2885 1463 2923 ex
1491 2870 1636 2924 vasis
1676 2869 1770 2923 iraa

198 2970 362 3039 faciat
392 2983 521 3021 vasa
568 2964 971 3020 misericordiae.
1004 2962 1155 3029 Quod
1194 2978 1223 3015 a
1254 2962 1363 3041 Deo
1404 2968 1573 3041 totum
1604 2961 1767 3015 divini

1872 1789 2163 1859 peragitur,
2196 1798 2256 1843 ut
2282 1790 2583 1844 innotescat
2619 1798 2818 1859 quanta
2860 1791 3258 1859 exspectatione
3289 1807 3317 1844 a
3340 1792 3451 1860 pri-

1872 1878 2083 1932 mordio
2128 1878 2311 1932 mundi
2356 1894 2453 1949 per
2493 1880 2831 1959 patriarchas
2875 1888 2929 1933 et
2967 1881 3257 1950 prophetas
3308 1879 3453 1945 salus

1871 1974 2053 2019 nostra
2080 1966 2520 2036 pmsagiebatur,
2543 1982 2661 2034 qum
2701 1968 2752 2021 in
2798 1966 3092 2021 Salvatonis
3120 1967 3293 2022 nostri
3319 1982 3446 2037 pas-

1825 2104 1833 2117 ,
1868 2056 2019 2111 sione
2045 2064 2099 2110 et
2131 2058 2521 2112 resurrectione
2549 2057 2813 2126 completa
2856 2068 2959 2113 est.
3009 2058 3213 2114 Deinde
3244 2059 3443 2113 litanizc

1869 2158 2118 2218 aguntur,
2164 2158 2226 2202 ut
2281 2149 2697 2203 communicatio
2753 2159 2818 2203 et-
2849 2148 3109 2203 memoria
3163 2158 3219 2203 et
3268 2150 3445 2203 oratio

1871 2244 2177 2289 sanctorum
2226 2251 2325 2290 nos
2368 2240 2435 2290 ad
2468 2245 2691 2290 ventura
2722 2236 2913 2306 gaudia
2940 2237 3314 2305 consequenda
3342 2237 3439 2291 ad-

1862 2326 2061 2399 juvet:
2116 2344 2252 2397 quas
2305 2330 2552 2398 sequitur
2612 2330 2863 2399 baptismi
2918 2340 3336 2397 sacramentum,
3388 2341 3445 2386 et

1872 2420 2117 2483 ascendit
2158 2435 2285 2490 grex
2332 2419 2700 2474 dealbatorum
2746 2421 2810 2475 de
2852 2420 3085 2478 lavacro.
3134 2421 3474 2491 Quicunque_

1872 2519 2049 2564 autem
2070 2510 2209 2565 scire
2244 2511 2513 2565 desiderat
2538 2518 2735 2580 quanta
2776 2514 3099 2568 auctoritate
3139 2522 3194 2568 et
3231 2514 3441 2568 ratione

1869 2604 2194 2672 baptismum
2223 2603 2377 2657 istius
2406 2604 2664 2671 temporis
2701 2603 2855 2661 nobis
2895 2604 3319 2669 commendatur,
3363 2591 3465 2659 le-'

1872 2694 1965 2767 gat
2008 2696 2223 2751 decreta
2271 2695 2467 2751 Leonis
2500 2711 2673 2765 papae,
2704 2706 2757 2771 et
2789 2697 3041 2753 inveniet.
3088 2697 3217 2752 P05t
3249 2697 3450 2767 haptis-é

1870 2801 2016 2839 mum
2042 2800 2169 2839 vero
2190 2793 2244 2838 et
2271 2785 2507 2850 litanias,
2536 2785 2777 2853 sequitur
2807 2795 2995 2839 sancta
3023 2777 3320 2840 'missarUm
3349 2798 3439 2838 ce—

1860 2876 2136 2947 lebratio,
2192 2883 2246 2930 ct
2299 2875 2720 2929 communicatio
2771 2876 3014 2943 corporis
3062 2885 3116 2930 et
3169 2874 3445 2943 sanguinis

1872 2967 2081 3021 Domini
2109 3007 2125 3032 ,
2152 2966 2305 3036 cujus
2344 2966 2755 3035 participatione
2787 2962 3091 3035 quicunque
3117 2965 3351 3020 ﬁdelium
3386 2980 3443 3020 se

200 3036 385 3129 οβθτίε
430 3071 547 3112 esse
587 3055 835 3115 εοηιῖιυτ,
888 3060 949 3105 υῑ
987 3052 1103 3106 haec
1142 3033 1391 3105 θσῖείθῐίίί
1423 3036 1532 3104 θέο
1558 3064 1772 3119 semper
1797 3033 1841 3095 Ο
1874 3061 1976 3113 hac
2000 3068 2158 3112 nocte
2186 3058 2524 3123 abstinuerit,
2558 3058 2739 3112 nescio
2780 3059 3045 3126 quomodo
3087 3056 3261 3111 dicam
3292 3056 3440 3111 illum

200 3149 498 3220 gratiarum
546 3148 685 3202 actio
728 3143 1009 3211 laudisque
1035 3142 1321 3205 confessio,
1368 3156 1466 3210 pro
1505 3141 1773 3194 illumina-

202 3242 348 3296 tione
382 3239 567 3293 talium
597 3237 680 3292 vel
719 3233 1072 3298 correctione,
1124 3232 1409 3286 referatur.
1452 3231 1569 3300 Ipsa
1610 3232 1697 3286 die
1739 3246 1771 3285 a

202 3330 460 3404 pontiﬁce
489 3338 543 3385 et
572 3345 602 3383 a
631 3329 777 3383 clero
814 3336 868 3381 et
901 3327 967 3379 ab
1003 3324 1149 3379 omni
1186 3324 1377 3394 populo
1415 3325 1621 3394 species
1644 3338 1769 3377 cru-

200 3425 279 3479 cis
298 3422 584 3484 salutatur,
609 3419 733 3488 quia
761 3416 938 3487 passio
964 3414 1335 3483 Redemptoris
1362 3429 1393 3467 a
1438 3414 1679 3467 ﬁdelibus
1719 3414 1771 3467 in

202 3516 333 3571 hora
380 3511 767 3581 redemptionis
810 3524 920 3563 sum
962 3508 1122 3579 digna
1175 3500 1331 3559 laude
1363 3513 1664 3559 veneratur.
1714 3504 1771 3557 In

202 3606 304 3661 hac
340 3606 429 3659 die
477 3612 811 3658 sacramenta
856 3585 1213 3670 penitus-non
1254 3598 1632 3659 celebrantur;
1677 3596 1774 3649 sed

201 3694 595 3749 Eucharistiam
638 3692 691 3745 in
744 3704 896 3744 cmna
945 3688 1156 3743 Domini
1210 3694 1598 3750 consecratam,
1646 3699 1772 3755 per-

202 3795 325 3841 acto
352 3784 530 3839 oﬁicio
556 3783 845 3837 lectionum
876 3789 930 3833 et
956 3775 1281 3842 orationum,
1320 3785 1372 3831 et
1410 3786 1611 3832 sanctae
1652 3792 1775 3831 cru-

202 3879 277 3933 cis
304 3874 643 3936 salutatione,
676 3878 977 3934 resumunt,
1002 3869 1151 3938 quia,
1182 3879 1241 3922 ut
1272 3868 1609 3922 Innocentius
1637 3883 1774 3937 papa

207 3968 353 4023 testis
380 3973 482 4028 est,
514 3979 580 4019 ex
602 3978 666 4017 eo
706 3962 852 4031 quod
888 3960 1113 4029 apostoli
1159 3969 1212 4013 et
1258 3968 1526 4014 amatores
1570 3958 1774 4014 Christi

202 4073 266 4113 eo
286 4058 449 4111 biduo
472 4070 579 4125 quo
613 4053 903 4108 cruciﬁxus
932 4063 987 4105 et
1020 4051 1261 4121 sepultus
1292 4049 1541 4105 Salvator
1581 4059 1684 4117 est,
1719 4053 1773 4106 in

203 4164 437 4204 mcerore
474 4146 769 4208 constituti,
816 4144 883 4198 ab
928 4144 1072 4219 omni
1108 4143 1229 4198 cibo
1273 4144 1647 4199 abstinuerunt
1692 4160 1772 4209 se,

202 4240 329 4294 hinc
362 4236 582 4291 traditio
616 4234 867 4289 Ecclesiae
906 4234 1067 4288 habet
1090 4233 1253 4288 biduo
1275 4236 1775 4288 memorato‘sacra-

1872 3148 2260 3212 Christianum,
2291 3148 2532 3216 exceptis
2574 3148 2657 3202 his
2695 3149 2809 3217 qui,
2853 3151 2952 3217 pro
2992 3148 3310 3218 capitalibus
3340 3148 3448 3202 cri-
3480 3200 3489 3214 ,

1872 3238 2107 3293 minibus
2145 3239 2619 3303 excommunicati,
2671 3240 3041 3308 paenitentiam
3082 3246 3292 3310 gerunt.
3341 3238 3451 3293 Νο-

1870 3330 2091 3382 tandum
2123 3342 2249 3380 vero
2279 3328 2419 3395 quod
2450 3328 2587 3397 apud
2616 3328 3001 3398 Hieronymum
3022 3328 3266 3397 legimus,
3303 3327 3447 3396 quod

1872 3420 1924 3473 in
1953 3419 2313 3473 Orientalibus
2340 3418 2596 3471 Ecclesiis
2624 3434 2738 3471 mos
2767 3419 2838 3472 sit
2879 3419 2932 3472 in
2981 3420 3083 3473 hac
3112 3427 3287 3481 nocte.
3318 3425 3445 3471 ante

1871 3510 2101 3563 mediam
2136 3517 2368 3572 noctem,
2417 3508 2602 3564 ﬁdeles
2642 3510 2709 3562 ab
2754 3509 2979 3563 ecclesia
3029 3524 3133 3562 non
3166 3507 3443 3572 recedere,

1872 3600 2060 3653 horam
2102 3598 2244 3651 illam
2292 3606 2664 3666 exspectantes
2698 3598 2751 3651 in
2782 3600 2950 3652 sacris
2985 3597 3199 3667 vigiliis,
3246 3579 3310 3650 de
3339 3609 3446 3665 qua

1822 3706 1831 3711 ‘
1873 3689 2298 3769 scriptumcst:
2349 3686 2527 3739 Media
2579 3696 2726 3739 nocte
2770 3687 2968 3739 clamor
2998 3685 3171 3754 [actus
3196 3692 3289 3749 est,
3338 3691 3445 3738 etc.

1875 3777 2086 3849 (Matth.
2136 3777 2285 3848 xxv).

2406 3864 2633 3919 CAPUT
2684 3847 2922 3927 XXXIX.

2370 3956 2443 4009 De
2484 3954 2689 4007 Pascha
2728 3954 2962 4007 Domini.

1942 4046 2060 4101 Jam
2094 4062 2222 4101 vero
2259 4046 2509 4114 paschale
2567 4052 2960 4098 sacramentum
3007 4044 3148 4113 quod
3183 4047 3341 4098 ’nuhc
3388 4043 3444 4097 in

1874 4134 2168 4188 Salvatoris
2198 4133 2368 4195 nostri
2394 4132 2704 4202 mysterium
2738 4128 3175 4187 manifestissime
3198 4132 3438 4210 celebra-

1875 4232 1979 4286 tur,
2010 4223 2061 4275 iu
2092 4222 2270 4276 Veteri
2294 4220 2639 4275 Testamento
2665 4221 2957 4289 figuraliter
2981 4222 3209 4291 primum
3234 4231 3441 4291 gestum

203 4338 384 4385 menta
432 4344 537 4382 non
584 4327 869 4391 celebrari,
910 4328 1000 4381 sed
1039 4327 1210 4398 magis
1255 4334 1494 4381 sanctam
1535 4340 1773 4381 resurre-
1798 4362 1851 4422 D
1874 4328 1975 4384 est,
2000 4319 2213 4387 quando
2242 4330 2377 4388 agno
2407 4317 2605 4379 occiso,
2640 4316 2845 4370 Pascha
2887 4316 3177 4370 celebravit
3220 4316 3448 4384 populus

204 4423 398 4477 ctionis
426 4429 636 4474 noctem
665 4419 986 4488 exspectari,
1028 4427 1083 4473 et
1108 4419 1159 4472 in
1192 4419 1305 4489 ipsa
1345 4434 1467 4472 cum
1512 4417 1696 4472 laztitia
1722 4425 1776 4471 et

206 4513 400 4583 gaudio
438 4509 650 4579 speciali
704 4508 1026 4563 sacriﬁcium
1074 4506 1277 4563 oﬁ‘erri.
1324 4506 1382 4560 In
1418 4507 1521 4560 hac
1550 4507 1654 4565 die.
1682 4521 1776 4560 ve-

203 4619 358 4673 spera
389 4616 512 4656 cum
549 4598 761 4653 silentio
808 4598 1130 4659 celebratur,
1174 4604 1233 4650 ut
1276 4597 1436 4665 quieti
1492 4594 1779 4651 Dominicte

205 4692 495 4763 sepultum
528 4687 805 4741 veneratio
841 4686 1178 4740 exhibentur.

724 4795 948 4851 CAPUT
986 4795 1269 4849 XXXVIII.

572 4869 648 4923 De
692 4867 905 4921 sabbato
953 4876 1132 4930 sancto
1184 4865 1419 4919 Paschar.

195 4994 198 4998 λ
278 4960 502 5014 Sahbati
534 4946 802 5028 paschalis
831 4957 1110 5011 veneratio
1148 4955 1273 5011 hinc
1316 4955 1638 5017 celebratur,
1680 4968 1780 5022 pro

208 5049 444 5119 eoquod
488 5050 675 5103 eadem
721 5047 806 5101 die
847 5046 1105 5101 Dominus
1148 5047 1200 5098 in
1247 5044 1488 5112 sepulcro
1530 5044 1777 5113 quievit:

207 5141 352 5197 unde
381 5147 438 5193 et
466 5138 603 5192 bene
636 5138 687 5190 in
717 5136 944 5190 Hebrzco
972 5147 1219 5191 sermone
1248 5134 1524 5188 sabbatum
1568 5133 1781 5201 requies

209 5230 624 5298 interpretatur,
665 5225 776 5279 sive
805 5226 948 5294 quod
992 5224 1134 5301 Deus
1180 5224 1234 5277 in
1278 5238 1341 5279 eo
1380 5224 1642 5292 requievit
1670 5222 1777 5288 die,

211 5318 413 5375 mundo
434 5314 710 5386 perfecto;
751 5314 864 5367 sive
892 5314 1034 5382 quod
1082 5313 1137 5367 in
1178 5328 1242 5367 eo
1281 5312 1537 5367 Dominus
1580 5321 1633 5367 et
1671 5313 1778 5368 Re-

212 5412 461 5479 demptor
507 5412 691 5460 noster
737 5403 998 5471 requievit
1042 5404 1092 5456 in
1148 5402 1407 5471 sepulcro.
1460 5401 1557 5456 Hic
1605 5409 1781 5456 autem

214 5497 327 5552 dies
352 5498 495 5550 inter
516 5499 740 5547 mortem
768 5491 975 5544 Domini
1007 5500 1057 5544 et
1102 5490 1545 5544 resurrectionem
1578 5490 1782 5543 medius

214 5596 317 5651 est,
369 5582 682 5651 signiﬁcans
729 5578 965 5649 requiem
1022 5579 1304 5648 quamdam
1360 5578 1661 5632 animarum
1715 5581 1783 5634 ab

1879 4411 1971 4465 Dei
2002 4413 2054 4463 in
2096 4408 2366 4478 Egypto:
2400 4406 2549 4475 cujus
2602 4405 2772 4477 ﬁgura
2823 4407 2874 4459 in
2907 4407 3135 4460 veritate
3183 4407 3449 4475 completa

1879 4513 1961 4559 est
1992 4505 2043 4557 in
2073 4502 2306 4563 Christo,
2353 4500 2442 4569 qui
2477 4500 2617 4554 sicut
2645 4499 2762 4553 ovis
2807 4497 2875 4551 ad
2923 4497 3309 4550 immolandum
3356 4498 3453 4551 du-

1877 4608 1995 4653 ctus
2021 4606 2095 4651 est
2119 4612 2134 4661 ;
2167 4594 2318 4664 cujus
2345 4592 2605 4661 sanguine
2639 4590 2848 4644 illinitis
2873 4590 3117 4658 postibus
3145 4587 3363 4651 nostris,
3401 4588 3452 4641 id

1879 4680 1981 4751 est,
2012 4684 2160 4752 cujus
2201 4684 2355 4753 signo
2405 4681 2584 4736 crucis
2618 4678 2841 4746 signatis
2877 4676 3144 4757 frontibus
3173 4676 3390 4738 nostris,
3421 4691 3452 4729 a

1878 4776 2270 4847 periclitatione
2309 4773 2468 4843 hujus
2520 4770 2718 4829 saeculi,
2770 4756 3023 4837 tanquam
3073 4756 3454 4835 acaptu’vitate

1879 4855 2153 4935 Egyptia,
2186 4858 2499 4917 liberamur.
2545 4859 2705 4927 Cujus
2730 4858 2943 4926 quidem
2995 4856 3136 4910 diem
3186 4856 3453 4925 paschalis

1881 4952 2291 5008 resurrectionis
2321 4965 2424 5003 non
2456 4950 2625 5003 solum
2679 4961 2775 5015 pro
2806 4960 2870 5000 eo
2912 4944 3266 5007 celebramus,
3312 4943 3453 5012 quod

1880 5043 1933 5096 in
1964 5042 2149 5097 eodem
2180 5057 2209 5095 a
2256 5039 2484 5093 mortuis
2536 5035 2855 5100 resurrexit,
2904 5034 2998 5089 sed
3031 5034 3202 5100 etiam
3250 5042 3305 5089 et
3353 5049 3453 5103 pro

1880 5134 2000 5188 aliis
2044 5132 2402 5188 sacramentis
2447 5144 2567 5197 quae
2613 5143 2709 5197 per
2758 5127 3005 5181 eumdem
3060 5124 3449 5194 signiﬁcantur.

1886 5222 2019 5289 Quia
2048 5223 2216 5285 enim,
2261 5220 2404 5274 sicut
2434 5218 2563 5273 dicit
2592 5216 2880 5286 Apostolus
2907 5233 2920 5269 :
2962 5214 3205 5268 Mortuus
3234 5222 3307 5295 est
3335 5228 3455 5280 pro-

1885 5308 2213 5380 pter-delicta
2244 5316 2448 5371 nostra,
2478 5315 2525 5359 et
2557 5305 2840 5359 resurrexit
2887 5314 3092 5375 propter
3112 5301 3488 5371 justiﬁcalio-"

1888 5418 2001 5456 nem
2034 5410 2260 5454 nostram
2290 5397 2463 5468 (Rom.
2510 5396 2606 5469 ιν),
2643 5388 2900 5451 transitus
2938 5396 3150 5464 quidem
3186 5392 3251 5446 de
3279 5398 3455 5445 morte

1889 5490 1955 5544 ad
1980 5490 2140 5543 vitam
2180 5490 2232 5541 in
2279 5487 2363 5541 illa
2408 5487 2659 5557 passione
2708 5484 2916 5539 Domini
2965 5491 3019 5537 ct
3064 5479 3457 5536 resurrectione
3511 5495 3513 5497 ‘

1890 5588 2132 5651 sacratus
2174 5586 2274 5633 est.
2326 5575 2459 5631 Nam
2509 5584 2563 5630 et
2606 5573 2920 5628 vocabulum
2958 5571 3130 5640 ipsum
3162 5569 3303 5638 quod
3350 5567 3454 5622 Pa-
