3958 6334
488 235 588 295 35.!

1156 231 1215 287 Β.
1254 230 1501 289 RABANl
1540 229 1758 289 NAURI
1793 224 2110 286 ABCIIIEP.
2154 226 2455 286 MOGUNT.
2491 226 2769 286 OPERUH
2806 228 2984 286 PARS
3022 230 3063 288 1.

3590 233 3695 291 352

485 342 616 406 scita
642 305 856 407 dicitur,
880 356 985 398 non
1016 342 1285 407 Graecum,
1307 342 1404 398 sed
1431 341 1712 397 Hebraeum
1733 349 1835 397 est.
1857 340 2043 411 Neque
2072 340 2115 399 Α
2143 337 2282 394 diem
2322 336 2660 419 Dominicnm‘
2688 337 2741 391 in
2777 350 2881 405 qua
2910 341 3257 419 resurrexit'a
3286 344 3512 401 mortuis
3541 384 3557 406 ,
3582 360 3690 419 ‘ex-

418 435 429 465 ι’
484 424 635 486 θῇίιιὶ
658 444 688 485 a
714 430 1247 500 passione,quoniam
1277 431 1556 501 paischien,
1577 428 1808 503 πάσχσὶν
1834 429 2042 501 Grave,

2139 413 2384 498 spectare
2402 428 2706 483 debeamus.
2728 427 2854 482 inde
2884 437 2969 483 est
3010 412 3149 498 quod
3188 433 3253 485 ad
3288 432 3533 489 eumdem
3568 412 3693 491 anni

482 520 597 591 pati
622 514 882 587 dicitur“
902 521 998 575 sed
1034 514 1067 574 a
1111 520 1339 574 transitu
1370 518 1593 581 Hebraeo
1623 516 1788 574 verbo
1838 515 2040 574 Pascha
2088 544 2091 547 λ
2142 514 2447 591 [diem]non
2470 526 2765 573 revertetur
2784 519 3154 575 Pascha.Nam
3180 522 3344 580 Judaei
3368 528 3696 583 tantumdem

483 606 821 684 appellatum
854 614 977 663 est:
1032 596 1174 678 quod
1217 614 1272 662 et
1308 608 1544 663 maxime
1583 600 1911 680 evangelista
1949 624 2044 664 ex.

481 688 697 771 pressit,
730 714 861 755 cum
880 701 1286 756 celebraretura
1315 686 1542 755 Domino
1565 699 1773 755 Pascha
1811 717 1932 756 cum
1960 700 2042 755 di-

482 789 704 860 scipulis
731 806 745 845 :
771 790 904 847 Cum
928 776 1165 854 vidisset,
1192 791 1386 868 inquit,
1403 790 1579 857 Iesus,
1600 793 1729 863 quia
1755 794 1885 859 venit
1910 792 2039 846 liora

481 878 539 936 ut
569 882 821 937 transiret
841 881 904 934 de
924 880 1114 939 mundo
1142 880 1210 933 ad
1240 877 1449 934 Patrem
1476 880 1654 950 (Joan.
1682 881 1820 950 xm).
1846 877 2038 934 Trans~

482 970 763 1041 itusergo
798 971 864 1024 de
901 958 1001 1041 hac
1041 972 1152 1050 vita
1192 971 1403 1025 mortali
1444 971 1498 1025 in
1529 971 1688 1040 aliam
1723 967 1891 1024 vitam
1940 970 2041 1024 im-

481 1061 781 1123 mortalem,
814 1060 914 1114 hoc
946 1066 1028 1114 est
1056 1048 1123 1115 de
1161 1068 1333 1115 morte
1363 1060 1429 1114 ad
1471 1061 1655 1123 vitam,
1702 1060 1757 1113 in‘
1791 1063 2039 1129 paSsione

479 1158 531 1207 et
560 1146 949 1205 resurrectione
980 1140 1186 1203 Domini
1211 1143 1627 1204 commendatur.
1660 1148 1758 1205 llic
1780 1149 2039 1205 transitus

478 1256 508 1295 a
534 1240 689 1295 nobis
708 1234 877 1295 modo
907 1241 1081 1311 agitur
1106 1255 1202 1310 per
1240 1240 1420 1303 iidem,
1465 1255 1583 1309 qua:
1620 1240 1776 1295 nobis
1805 1238 1960 1305 datur
1980 1238 2035 1295 in

478 1314 844 1383 amissionem
865 1336 1224 1398 peccatorum,
1255 1329 1466 1397 quando
1494 1326 1890 1396 consepelimur
1913 1324 2034 1381 eum

475 1419 689 1474 Christo
710 1434 803 1489 per
820 1418 1170 1491 baptismum,
1200 1418 1349 1486 quasi
1378 1432 1409 1473 a
1448 1414 1675 1472 mertuis
1699 1421 2036 1472 transeuntes

474 1509 543 1579 de
570 1508 838 1579 peioribus
877 1510 943 1571 ad
988 1508 1230 1572 meliora,
1262 1508 1341 1587 de:
1368 1506 1734 1578 corporalibus
1762 1505 1830 1561 ad
1871 1506 2032 1577 spiri-

477 1600 660 1663 tnalia,
688 1589 757 1657 de
776 1600 1179 1675 etmversatione
1202 1598 1359 1667 hujus
1380 1599 1504 1652 vitae
1524 1598 1608 1667 ad
1658 1609 1805 1667 spem
1842 1596 2035 1671 futurae

475 1680 886 1745 resurrectionis
922 1697 975 1744 et
1000 1690 1202 1759 gloriae.
1228 1688 1454 1757 Propter
1482 1686 1653 1757 ipsum
1676 1700 1803 1757 ergo
1824 1686 2033 1756 initium

476 1788 626 1833 novae
652 1779 773 1833 vitae
812 1779 878 1833 ad
918 1793 1076 1848 quam
1120 1767 1429 1841 transimus,
1475 1784 1531 1848 et
1581 1784 1796 1845 propter
1841 1780 2035 1841 novum

474 1860 742 1922 hominem
772 1846 1198 1936 quemjjubemur
1221 1867 1441 1921 induere
1464 1846 1521 1920 et
1547 1879 1747 1920 exuere
1775 1873 2031 1935 veterem,

471 1966 824 2026 expurgantes
848 1964 1000 2010 vetus
1030 1955 1369 2018 fermentum,
1415 1962 1472 2007 ut
1512 1955 1857 2011 simusnova
1901 1968 2032 2008 con-

471 2046 693 2117 spersio,
754 2030 1003 2115 quoniam
1052 2045 1257 2099 Pascha
1298 2052 1553 2119 nostrum
1600 2038 1903 2098 immolatus
1950 2049 2030 2097 est

402 2194 405 2195 ,
468 2135 735 2207 Christus,
758 2132 979 2206 propter
1003 2137 1141 2190 hanc
1164 2135 1285 2197 vitae
1320 2127 1632 2198 novitatem,
1650 2133 1861 2203 primus
1883 2148 2033 2188 men-

360 2216 364 2219 Α
393 2267 397 2270 .
423 2230 447 2253 ³
469 2222 545 2278 sis
573 2224 625 2277 in
656 2224 780 2278 anni
810 2223 1082 2279 mensibus
1104 2218 1752 2277 celebrationiattributus
1772 2229 1882 2285 est;
1907 2236 2030 2290 nam

2139 621 2375 663 mensem
2419 624 2679 663 novorum
2704 618 2757 664 et
2786 610 2965 665 lunam
2990 613 3275 670 observant
3304 634 3316 670 :
3347 618 3487 673 diem
3515 627 3695 673 autem

2139 694 2436 771 addendum
2488 705 2672 766 patres
2714 699 2886 771 nostri
2930 688 3375 767 eensuerunt,nt
3413 715 3469 760 et
3509 715 3697 761 nostra

2139 785 2405 840 festivitas
2458 802 2488 840 a
2542 786 2845 841 Judaeorum
2889 787 3197 845 ,festivitate
3259 794 3696 866 distingueretur.

2139 872 2355 929 Initium
2398 874 2645 932 videlicet
2668 876 2824 945 primi
2853 878 3051 933 mensis
3079 878 3468 937 observandum
3497 874 3703 945 est,ab

2136 970 2330 1015 octavo
2368 962 2554 1017 Iduum
2596 961 2904 1018 Martiarum
2947 982 3113 1035 usque
3142 968 3208 1022 in
3232 967 3508 1026 Nonarum
3540 970 3706 1042 Apri-

2136 1049 2266 1102 lium
2306 1051 2465 1104 diem.
2510 1051 2705 1117 Quarta
2732 1054 2935 1108 decima
2970 1070 3101 1117 vero
3124 1056 3245 1111 luna
3277 1058 3546 1116 Paschtea
3569 1063 3704 1118 duo-

2137 1138 2346 1193 decima
2388 1141 2608 1195 Kalend.
2651 1131 2852 1216 Aprilis
2893 1142 3061 1214 usque
3084 1147 3138 1204 in
3162 1147 3420 1204 decimam
3444 1160 3707 1220 quartam

2138 1229 2401 1285 Kalendas
2430 1231 2587 1297 Maii,
2634 1236 2918 1302 quaerenda
2967 1234 3071 1292 est.
3112 1238 3281 1293 Porro
3319 1241 3434 1294 dies
3474 1240 3700 1299 Paschze

2136 1317 2432 1384 Dominica,
2479 1321 2547 1374 ab
2584 1322 2863 1377 undecima
2908 1323 3157 1379 Kalendis
3186 1324 3401 1397 "Aprilis
3428 1344 3599 1399 usque
3641 1331 3698 1384 in

2135 1411 2415 1479 septimam
2455 1412 2717 1468 Kalendas
2752 1414 2910 1481 Maii,
2932 1426 2984 1470 et
3016 1416 3117 1471 hoc
3138 1432 3165 1471 a
3189 1418 3311 1472 inna
3348 1420 3694 1489 quindecima

2124 1516 2305 1575 usque
2326 1503 2390 1557 ad
2413 1505 2720 1560 vicesimam
2743 1506 2990 1576 primam.
3012 1508 3290 1577 Nunquam
3324 1512 3455 1581 ergo
3488 1514 3699 1567 contin-

2084 1588 2261 1670 '_gere
2293 1602 2497 1663 potest,
2538 1601 2595 1649 ut
2639 1594 2763 1649 luna
2801 1586 3008 1650 decima
3059 1607 3246 1670 quarta
3296 1599 3455 1666 primi
3495 1601 3699 1655 mensis

2063 1660 2107 1720 Β

2135 1689 2259 1735 ante
2288 1683 2503 1736 vernale
2534 1674 2909 1753 aequinoctium
2929 1726 2944 1750 ,
2983 1688 3123 1755 quod
3159 1689 3224 1740 tit
3247 1689 3300 1741 in
3342 1704 3419 1749 sit
3444 1688 3698 1743 Kalendis

2132 1771 2352 1841 Aprilis,
2376 1774 2611 1838 eveniat,
2643 1774 2768 1842 quia
2792 1774 3057 1830 luminare
3078 1776 3257 1830 minus
3292 1776 3553 1840 luminare
3587 1794 3700 1832 ma-

2123 1859 2215 1929 jus
2251 1863 2402 1930 sequi
2441 1863 2492 1916 in
2533 1864 2867 1930 plenitudine
2899 1880 2992 1918 sua
3039 1880 3143 1921 non
3184 1866 3485 1935 praecedere
3515 1869 3694 1923 debet.

2131 1946 2263 2001 Nam
2284 1962 2404 2002 eum
2432 1949 2484 2002 in
2501 1948 2678 2004 Veteri
2702 1950 3039 2007 Testamento
3060 1954 3229 2008 tribus
3258 1966 3695 2025 argumentorum

2082 2078 2089 2084 .
2130 2036 2343 2121 indiciis
2368 2038 2620 2106 paschale
2673 2046 2882 2109 tempus
2919 2044 3191 2097 observari
3232 2046 3302 2098 sit
3345 2054 3707 2124 praeceptum,“

470 2315 584 2384 ipse
604 2314 798 2369 dicitur
822 2324 876 2369 et
912 2315 1110 2370 mensis
1154 2327 1432 2367 novorum.
1482 2312 1631 2380 Quod
1662 2328 1792 2369 vero
1835 2314 1888 2369 in
1922 2322 2032 2370 toto
2062 2336 2067 2341 ’

383 2398 393 2415 λ
470 2406 709 2475 tempore
732 2403 908 2459 saeculi
945 2418 1085 2458 nunc
1119 2403 1332 2459 tertium
1366 2409 1575 2475 tempus
1603 2403 1870 2472 apparuit,
1912 2404 2031 2460 ideo

427 2518 438 2548 .-
470 2486 789 2552 resurrectio
808 2493 1020 2549 Domini
1052 2492 1295 2547 triduana
1327 2500 1428 2548 est.
1466 2491 1701 2545 Primum
1725 2493 1867 2546 enim
1897 2502 2030 2548 tem-

410 2624 413 2625 ν
468 2599 567 2654 pus
591 2572 823 2639 estante
846 2583 1036 2655 legem,
1079 2582 1367 2656 secundum
1397 2581 1495 2635 sub
1522 2580 1659 2651 lege,
1689 2581 1902 2635 tertium
1930 2582 2030 2636 sub

468 2675 664 2747 gratia,
692 2674 782 2729 ubi
800 2672 911 2743 jam
934 2660 1447 2737 manifestatum_.est
1473 2679 1865 2726 sacramentum
1889 2672 2031 2743 quod

467 2770 585 2816 erat
614 2765 668 2817 in
686 2763 1021 2833 ’p‘rophetico
1065 2762 1346 2831 aenigmate
1392 2760 1679 2815 occultum.
1736 2760 1848 2816 Hoc
1900 2774 2029 2833 ergo

2129 2118 2377 2181 videlicet
2415 2135 2474 2181 ut
2520 2136 2639 2197 post
2684 2130 3101 2199 aequinoctium,
3151 2142 3207 2189 et
3256 2128 3438 2191 mense
3477 2118 3694 2206 primo,

2128 2224 2187 2271 ut
2235 2217 2391 2298 tertia
2444 2220 2558 2289 ejus
2600 2221 2897 2288 septimana
2926 2262 2940 2287 ,
2984 2222 3204 2295 idest,
3262 2239 3291 2277 a
3329 2240 3550 2295 vespera
3596 2227 3695 2281 de-

2130 2309 2281 2363 cima:
2300 2318 2505 2378 quarue
2533 2310 2669 2365 lunae
2702 2312 2843 2380 quod
2878 2321 2959 2367 est
2994 2304 3201 2368 initium
3236 2316 3454 2370 decima:
3493 2317 3697 2385 quinti:
3756 2342 3759 2343 ν

2129 2413 2297 2467 usque
2334 2399 2387 2453 in
2435 2390 2711 2470 vesperam
2741 2441 2756 2466 ,
2807 2402 2860 2455 id
2909 2412 3028 2467 est,
3082 2398 3370 2459 terminum
3422 2396 3698 2477 vigesima

2125 2490 2311 2557 primm
2338 2529 2352 2553 ,
2397 2480 2742 2562 celebretur,
2786 2502 2976 2561 quarta
3046 2494 3100 2547 in
3147 2495 3382 2564 ejusdem
3435 2497 3695 2551 observa-'-

2102 2580 2274 2634 ltione
2322 2580 2502 2650 regula
2540 2590 2625 2636 est
2664 2584 2817 2638 nobis
2848 2592 3149 2653 atempore
3172 2585 3483 2639 'Dominicae
3520 2602 3701 2640 resur-

466 2862 520 2907 et
551 2844 603 2908 in
632 2851 802 2908 lunari
834 2852 1054 2907 numero
1076 2852 1422 2922 signiﬁcatur.
1451 2850 1585 2919 Quia
1605 2851 1747 2907 enim
1776 2866 2028 2907 numerus
2058 2901 2067 2907 .

467 2942 800 3011 septenarius
827 2942 964 2997 solet
1004 2942 1055 2995 in
1091 2940 1386 3011 Scripturis
1429 2943 1495 2997 ad
1532 2943 1818 3013 quamdam
1848 2942 2025 3013 perfe-
2054 2992 2058 3013 λ

466 3123 603 3178 lunae
627 3122 831 3179 Pascha
856 3122 1172 3188 celebratur,
1200 3123 1252 3179 id
1280 3133 1379 3187 est,
1410 3123 1501 3192 qui
1532 3122 1648 3179 dies
1669 3124 1963 3180 occurrerit
1993 3139 2022 3178 a

468 3212 535 3267 i5
563 3212 615 3268 in
647 3212 739 3277 Si,
772 3212 867 3268 sed
914 3226 1018 3267 non
1055 3213 1226 3268 solum
1275 3222 1511 3286 propter,
1538 3219 1748 3282 tempus
1786 3213 2022 3280 tertium,

466 3298 591 3373 quia
622 3302 807 3372 incipit
842 3302 1171 3359 hebdomada
1198 3304 1377 3369 tertia,
1406 3303 1501 3358 sed
1531 3304 1693 3358 etiam
1718 3310 1938 3373 propter
1964 3302 2025 3357 ii-

466 3388 572 3448 iam
601 3392 999 3457 conversionem
1031 3392 1187 3447 lunae.
1218 3392 1367 3449 Tunc
1405 3393 1547 3448 enim
1577 3392 1663 3446 illa
1707 3393 1774 3447 ab
1812 3390 2029 3446 inferio-

457 3483 615 3539 ribus
640 3484 705 3540 ad
726 3485 1000 3561 superiora
1025 3486 1383 3561 convertitur;
1415 3493 1471 3538 et
1494 3486 1611 3542 haec
1632 3476 1876 3539 nobis'de
1901 3483 2026 3537 luna

465 3560 758 3628 similitudo
804 3574 1112 3637 assumitur,
1166 3575 1230 3629 de
1259 3560 1559 3629 visibilibus
1607 3574 1673 3627 ad
1720 3572 2026 3639 invis'bilia,

475 3662 542 3717 de
566 3662 931 3731 corporalibus
966 3662 1031 3716 ad
1074 3660 1371 3733 spiritualia
1412 3672 1747 3739 sacramenta
1776 3664 2026 3741 transire,

472 3758 533 3805 ut
573 3752 740 3821 magis
770 3753 1044 3823 magisque
1076 3753 1202 3807 huic
1231 3753 1425 3808 saeculo
1465 3754 1779 3818 moriamur,
1823 3761 1879 3808 et
1921 3754 2025 3808 vita

471 3847 653 3898 uestra
681 3832 1040 3898 abscondatur
1078 3846 1205 3899 cum'
1227 3842 1459 3910 Christo,
1492 3860 1810 3913 omnemque
1854 3845 2026 3900 lucem

469 3931 629 3986 studii
657 3925 823 3987 nostri
851 3948 968 4002 qua!
988 3933 1053 3988 ad
1080 3925 1333 3988 inferiora
1356 3933 1629 4005 vergebat,
1660 3935 1727 3990 ad
1751 3935 2024 4004 superiora

472 4014 863 4085 convertamus,
898 4023 965 4075 ad
994 4022 1137 4076 illam
1180 4021 1385 4077 scilicet
1417 4030 1670 4077 aeternam
1701 4012 2025 4097 contempla-

474 4109 674 4164 tionem
700 4110 1041 4186 immutabilis
1087 4104 1343 4166 veritatis.
1384 4111 1561 4181 Usque
1608 4112 1673 4166 ad
1715 4112 2024 4167 vicesimam

475 4199 700 4269 primam
738 4200 856 4255 ideo
896 4200 1099 4256 Pascha
1139 4203 1473 4267 observatur,
1498 4210 1719 4272 propter
1744 4218 2024 4258 numerum

475 4289 832 4360 septenarium
853 4278 961 4361 quo
986 4291 1348 4346 universitatis
1372 4292 1691 4361 signiﬁcatio
1720 4306 1860 4361 saepe
1895 4291 2026 4360 tign-

478 4384 645 4442 ratnr,
668 4378 759 4452 qui
786 4380 946 4434 etiam
992 4380 1091 4451 ipsi
1129 4380 1379 4438 Ecclesiae
1403 4382 1675 4448 tribuitur,
1702 4389 1917 4453 propter
1946 4383 2028 4437 in-

479 4475 592 4521 star
621 4468 1022 4536 universitatis;
1057 4472 1277 4541 ideoque
1318 4482 1372 4527 et
1397 4471 1629 4527 Joannes
1674 4473 1946 4541 apostolus
1974 4474 2025 4527 in

477 4556 792 4628 Apocalypsi
830 4560 1032 4629 septem
1072 4562 1259 4633 scribit
1297 4550 1568 4616 Eeclesiis.
1618 4563 1854 4617 Ecclesia
1900 4578 2028 4618 vero

482 4646 655 4700 adhuc
686 4646 740 4699 in
765 4645 868 4701 ista
901 4648 1243 4703 mortalitatis
1267 4663 1429 4703 carne
1454 4640 1738 4703 constituta
1766 4691 1780 4712 ,
1812 4659 2029 4720 propter

482 4731 640 4787 istam
670 4735 1105 4799 mutabilitatem,
1135 4736 1273 4790 lunae
1300 4736 1513 4790 nomine
1533 4737 1585 4790 in
1609 4736 1900 4806 Scripturis
1925 4754 2026 4792 δεθ-

483 4833 551 4889 pe
578 4828 814 4878 vocatur.
844 4814 1009 4888 Quod
1027 4838 1154 4878 vero
1190 4818 1585 4893 anniversarius
1626 4825 1739 4880 dies
1767 4828 2031 4894 paschalis

485 4923 593 4964 non
620 4909 688 4963 ad
715 4912 958 4965 eumdem
988 4911 1123 4973 redit
1170 4915 1295 4983 anni
1326 4908 1502 4979 diem,
1546 4909 1624 4968 sic
1652 4923 1709 4967 ut
1750 4923 1872 4983 puta
1917 4916 2030 4969 dies

486 5009 596 5066 quo
648 4998 885 5070 creditur
922 4994 1173 5056 Dominus
1215 5012 1391 5068 natus,
1434 5004 1535 5058 hoc
1577 5002 1639 5057 ﬁt
1666 5012 1885 5072 propter
1929 5003 2033 5057 Do-

490 5086 744 5142 minicum
770 5088 914 5143 diem
942 5098 994 5143 et
1021 5089 1218 5145 lunam.
1259 5091 1591 5147 Manifestum
1625 5100 1709 5147 est
1746 5094 1885 5147 enim
1927 5108 2031 5161 quo

488 5176 576 5232 die
614 5162 870 5232 Dominis
909 5177 1193 5233 cruciﬁxus
1231 5181 1321 5245 sit,
1359 5188 1414 5236 et
1443 5183 1494 5245 in
1522 5182 1765 5251 sepulcro
1787 5180 1950 5236 fuerit
1979 5190 2035 5237 et

489 5268 861 5323 resurrexerit.
887 5266 1146 5337 Adjuncta
1184 5276 1263 5323 est
1294 5260 1433 5324 enim
1455 5272 1687 5341 ipsorum
1709 5273 1914 5327 dierum
1933 5274 2032 5327 ob-

491 5358 723 5412 servatio
749 5373 846 5428 per
873 5345 1143 5413 Nicetium
1169 5360 1447 5415 concilium
1467 5401 1482 5426 ,
1531 5372 1588 5418 et
1623 5364 1741 5418 orbi
1781 5365 2033 5423 universo

489 5444 793 5504 Christiano
831 5462 1140 5518 persuasum
1192 5463 1282 5527 'eo-
1316 5451 1472 5505 modo
1522 5450 1727 5507 Pascha
1775 5436 2032 5508 celebrari

492 5547 736 5607 oportere
765 5578 779 5603 ,
820 5548 879 5593 ut
905 5554 1007 5593 non
1043 5534 1211 5595 solum
1254 5540 1430 5596 lunam
1470 5542 1769 5611 paschalem
1796 5583 1810 5609 ,
1865 5542 1955 5598 sed
1980 5552 2035 5597 et

2052 2990 2096 3052 C

466 3030 701 3089 ctionem
749 3035 1004 3103 mysticus
1053 3047 1332 3102 apparere,
1384 3033 1436 3088 in
1491 3034 1646 3087 tertia
1696 3033 2021 3092 hebdomada
2052 3030 2095 3104 ἵ

2127 2661 2378 2726 rectionis
2427 2672 2694 2740 imposita.
2738 2682 2797 2729 ut
2844 2689 2966 2729 cum
3005 2676 3339 2745 aequinoctio
3383 2664 3699 2732 transcenso

2126 2758 2305 2814 lunam
2343 2761 2498 2833 primi
2533 2763 2732 2817 mensis
2765 2765 3009 2833 quartam
3051 2763 3311 2818 decimam
3348 2772 3567 2833 Vespere
3590 2750 3695 2818 ὀτ-

2128 2855 2237 2902 tum
2257 2845 2434 2903 facere
2445 2849 2749 2913 viderimus;
2770 2863 2876 2908 non
2891 2851 3066 2927 statim
3087 2853 3152 2906 ad
3173 2850 3470 2907 faciendum
3484 2852 3696 2907 Pascha

2125 2939 2497 3007 prosiliamus,
2536 2940 2627 2995 sed
2678 2931 3009 2996 Dominicum
3052 2951 3420 3013 exspectantes
3474 2943 3529 2997 in
3577 2943 3699 3012 ipso

2126 3043 2357 3099 congrue
2379 3029 2584 3085 Pascha
2613 3028 2960 3085 celebremus.
2991 3032 3058 3086 Et
3100 3032 3144 3086 si
3180 3032 3294 3087 fieri
3322 3043 3498 3102 posset
3522 3042 3583 3088 ut
3604 3049 3700 3089 ea-

2125 3116 2244 3172 dem
2284 3117 2531 3174 omnibus
2572 3119 2727 3174 annis
2761 3119 2966 3175 sabbati
2994 3120 3079 3175 die
3111 3119 3233 3174 luna
3264 3129 3453 3189 quarta
3486 3121 3697 3178 decima

2123 3205 2448 3275 contigisset.
2495 3206 2625 3261 nihil
2654 3214 2849 3273 nostra:
2872 3208 3138 3275 paschalis
3173 3207 3525 3263 observantiae
3553 3218 3695 3264 tem-

2123 3307 2223 3362 pus
2249 3309 2281 3348 a
2302 3294 2455 3364 legali
2487 3295 2829 3363 discreparet.
2861 3295 2995 3350 Nam
3017 3304 3070 3351 et
3107 3312 3203 3351 nos
3243 3297 3343 3366 ipsi
3381 3298 3535 3373 juxta
3561 3298 3696 3369 legis

2124 3376 2316 3441 edicta,
2350 3397 2560 3451 semper
2588 3385 2777 3452 quarta
2812 3383 3019 3438 decima
3059 3384 3182 3439 luna
3211 3384 3364 3454 primi
3397 3387 3598 3441 mensis
3626 3389 3697 3443 ad

2124 3484 2425 3539 vesperam,
2452 3471 2784 3527 immolantes
2796 3480 2851 3527 et
2866 3474 3201 3529 comedentes
3229 3474 3347 3544 agni
3368 3475 3695 3543 immaculati

2126 3573 2361 3624 carnem,
2393 3560 2808 3631 sanguinemque
2834 3562 2998 3627 illius,
3028 3563 3093 3617 ad
3128 3564 3485 3639 repellendum
3516 3573 3695 3627 exter-

2126 3649 2463 3719 minatorem,
2495 3650 2691 3705 nostris
2719 3652 2957 3721 postibus
2983 3662 3345 3723 aspergentes,
3372 3654 3423 3709 id
3449 3663 3551 3720 est,
3568 3654 3699 3726 bap-

2128 3737 2271 3792 tismi
2298 3746 2352 3793 et
2376 3738 2702 3808 paschalium
2737 3740 3067 3797 celebrantes
3093 3744 3345 3799 solemnia
3380 3745 3692 3812 missarum,

2124 3826 2415 3897 Spiritalem
2446 3842 2816 3897 superaremus
2836 3830 3145 3907 @gyptum,
3169 3842 3328 3903 atque
3352 3835 3693 3890 illucescente

2124 3930 2280 3981 mane
2304 3917 2359 3971 in
2385 3917 2507 3972 luna
2530 3919 2733 3973 decima
2755 3920 2939 3989 quinta
2966 3923 3163 3978 mensis
3191 3924 3692 3999 ejusdem,primum

2121 4003 2441 4075 Azymorum
2464 4007 2601 4062 diem
2625 4008 2967 4076 intraremus,
2989 4020 3297 4083 septemque
3321 4014 3435 4071 dies
3451 4013 3696 4082 eiusdem

2124 4095 2450 4151 celebritatis
2489 4096 2784 4167 legitimos,
2823 4115 2853 4153 a
2898 4115 3053 4155 mane
3104 4102 3295 4157 decimi
3350 4105 3524 4172 quinti
3562 4106 3693 4170 diei,

2124 4190 2293 4254 usque
2325 4186 2376 4240 in
2405 4202 2683 4257 vesperam
2717 4189 2954 4244 vicesimi
2996 4190 3149 4259 primi
3179 4191 3376 4251 mensis
3421 4194 3602 4262 ipsius,
3638 4186 3696 4250 id

2128 4286 2230 4341 est,
2269 4292 2299 4329 a
2326 4277 2601 4332 Dominieo
2627 4277 2872 4345 Pascha,
2903 4294 3070 4349 usque
3096 4280 3149 4334 in
3176 4281 3503 4337 Dominicum
3541 4293 3697 4337 octa-

2133 4383 2256 4421 vum
2282 4366 2519 4433 Paschae,
2560 4369 2737 4437 debita
2772 4373 3112 4428 veneratione
3148 4373 3549 4444 compleremus.
3583 4376 3696 4433 Sed

2133 4458 2384 4526 quoniam
2406 4458 2543 4514 lunae
2582 4460 2693 4523 dies
2720 4461 2857 4516 idem
2886 4462 3121 4519 diversas
3159 4466 3465 4535 septimanae
3510 4466 3697 4522 devol-

2132 4546 2275 4600 vitur
2320 4546 2372 4600 in
2414 4545 2606 4611 ferias,
2636 4547 2757 4602 inde
2787 4548 2845 4603 (lt
2882 4560 2940 4605 ut
2983 4554 3071 4621 qui
3093 4561 3310 4626 prapter
3341 4556 3695 4612 resurrectio.

2131 4650 2253 4689 nem
2289 4634 2655 4706 Redemptoris
2703 4639 2869 4693 nostri
2911 4638 3241 4697 Dominiemn
3286 4642 3423 4697 diem
3470 4644 3697 4701 Pascha

2132 4729 2337 4783 initium
2362 4741 2573 4784 servare
2592 4730 2868 4797 docemur,
2903 4731 3183 4801 aliquoties
3210 4744 3389 4797 nostra
3423 4736 3695 4793 festivitas

2133 4819 2356 4886 septimo
2397 4828 2518 4888 post
2562 4819 2805 4890 legalium
2833 4821 3153 4889 Azymorum
3206 4823 3476 4875 exordium
3510 4834 3694 4880 sumat

2132 4900 2450 4976 ingressum,
2477 4902 2851 4977 nonnunquam
2887 4916 3062 4963 tamen
3086 4908 3388 4979 contingat,
3420 4919 3476 4964 ut
3504 4922 3694 4967 nostra

2132 4996 2439 5053 solemnitas
2489 4997 2749 5065 paschalis
2795 4997 3297 5068 aliquem‘legalium
3339 5000 3548 5069 pascha:
3575 5000 3696 5056 die-

2094 5079 2099 5088 ’
2135 5103 2271 5152 rum,
2290 5102 2429 5157 saepe
2442 5095 2614 5141 autem
2633 5101 2818 5142 omnes
2849 5088 2985 5141 intra
3000 5088 3469 5158 seeomplectatur.
3490 5088 3700 5144 Notan-

2132 5177 2257 5233 dum
2288 5186 2464 5233 tamen
2495 5178 2633 5247 quod
2674 5178 2812 5231 inter
2860 5179 3056 5248 pascha
3103 5187 3157 5233 et
3183 5194 3368 5249 azyma
3413 5178 3544 5251 legis
3585 5178 3732 5242 hoc.

2128 5269 2315 5331 'distat,
2342 5268 2482 5337 quod
2505 5267 2593 5322 illa
2628 5282 2732 5321 una
2766 5266 2879 5322 dies
2907 5282 3008 5336 qua
3038 5283 3229 5338 agnum
3270 5269 3437 5323 occidi
3472 5281 3697 5322 necesse

2135 5364 2269 5421 erat,
2285 5364 2341 5411 et
2354 5366 2506 5410 nocte
2530 5354 2769 5424 sequenti
2794 5355 3057 5433 transiens
3068 5356 3321 5409 Dominus
3338 5352 3697 5425 primogenita

2135 5443 2502 5517 Egyptiorum
2520 5443 2798 5515 percussit,
2824 5442 3057 5498 liberans
3077 5444 3265 5499 domus
3281 5441 3507 5498 filiorum
3526 5438 3709 5496 lsrael
3772 5446 3775 5449 ’

2137 5541 2368 5609 signatas
2393 5538 2512 5607 ag’ni
2528 5524 2778 5606 sanguine
2798 5533 2989 5605 (Exod.
3017 5534 3135 5606 xu),
3156 5532 3351 5603 pascha
3391 5529 3701 5600 dicebatur,
