3958 6394
305 330 422 386 353

1098 325 1185 383 ne
1218 326 1658 386 cmuxconuu
1697 327 2199 418 lNSTlTUTlONE,
2238 290 2489 398 ssc.—
2523 335 2645 392 ωε.
2687 337 2783 402 ιι.,

3430 348 3538 405 356

305 448 594 519 sequentes
622 452 749 495 vero
774 438 886 494 dies
910 446 1132 508 septem,
1160 440 1213 494 id
1241 448 1354 503 εει,
1386 455 1417 494 a
1442 424 1669 496 decimo
1688 440 1875 509 quinto
1902 440 1951 500 Α
1977 440 2310 510 comptantati
2338 444 2465 513 [acti
2490 462 2666 500 iunius
2690 446 3016 511 similitudini
3045 453 3224 508 mortis
3243 455 3555 535 quantm“

302 546 481 601 usque
499 532 567 586 ad
592 528 901 584 vicesimum
921 528 1151 597 primum
1167 530 1365 587 mensis
1387 531 1645 605 ejusdem,
1672 543 1881 599 azymo.

304 636 430 675 tum
486 618 699 689 proprie
753 618 1098 673 vocabantur.
1144 618 1311 686 Quem
1366 618 1613 689 legalium
1675 631 1881 671 morem

308 709 553 765 Ecclesia
581 722 684 762 non
724 706 1025 778 ignobiliter
1060 708 1219 763 etiam
1262 708 1519 771 imitatur,
1545 722 1707 761 unam
1735 707 1881 761 vide-

307 799 437 855 licet
483 807 691 854 noctem
744 798 1005 853 transitus
1062 798 1351 853 Dominica:
1394 799 1805 853 resurrectionis
1850 812 1880 852 a
1936 785 1944 800 ’

306 888 575 952 mortuis,
611 898 751 958 qna,
791 887 979 956 impios
1025 887 1425 973 trium’phando,
1450 886 1631 942 ﬁdeles
1673 886 1882 941 salvare

307 978 560 1048 dignatus
584 983 682 1037 est,
715 975 1078 1045 principaliter
1104 978 1415 1039 observans,
1451 990 1515 1029 ac
1539 975 1729 1030 deinde
1749 973 1881 1028 alios

308 1074 517 1136 septem
546 1066 659 1119 dies
686 1065 738 1118 in
768 1066 1075 1119 memoriam
1118 1064 1354 1134 ejusdem
1399 1065 1678 1120 dominicae
1706 1078 1883 1119 resur-

305 1154 563 1210 rectionis
587 1162 818 1224 congrua
843 1153 1127 1210 festivitate
1167 1154 1491 1224 subjungens
1517 1169 1652 1223 quos
1677 1164 1901 1235 septem.
1947 1167 1952 1169 ·

305 1242 428 1298 dies
445 1240 606 1298 Albas
625 1244 940 1308 vocitamus,
970 1252 1188 1314 propter
1216 1259 1308 1298 eos
1329 1245 1422 1312 qui
1444 1244 1498 1297 in
1519 1255 1705 1299 sancta
1725 1252 1883 1300 nocte

257 1340 265 1345 ’
303 1335 584 1406 baptizati,
616 1336 759 1406 albis
777 1352 873 1405 per
910 1344 1071 1390 totam
1106 1335 1494 1392 hebdomadam
1535 1347 1758 1393 utuntur
1787 1354 1879 1394 ve-

304 1424 514 1491 stibus;
544 1433 596 1479 et
622 1435 747 1481 tunc
767 1428 995 1480 maxime
1022 1427 1146 1480 dum
1175 1425 1289 1480 alba
1315 1426 1571 1482 tolluntur
1590 1444 1620 1482 a
1646 1430 1883 1500 baptiza-

304 1516 384 1572 tis
428 1516 764 1582 vestimenta,
789 1532 886 1586 per
914 1531 1103 1570 manus
1144 1517 1532 1591 impositionem
1562 1534 1591 1572 a
1630 1520 1881 1589 pontifice

305 1610 567 1680 Spiritum
612 1622 853 1667 sanctum
904 1613 1145 1682 accipere
1190 1614 1509 1668 conveniens
1555 1622 1663 1679 est,
1698 1616 1869 1685 quiin

296 1699 575 1770 baptismo
616 1703 851 1756 omnium
892 1710 1205 1771 receperunt
1239 1704 1603 1758 remissionem
1641 1700 1880 1772 peccato-

208 1846 211 1847 ν
303 1806 453 1855 rum,
483 1798 536 1845 et
562 1806 657 1859 per
695 1800 897 1859 septem
924 1792 1037 1846 dies
1058 1792 1361 1862 evangelica
1390 1794 1651 1847 castitatis
1694 1795 1873 1848 habitu

301 1887 366 1932 et
393 1877 677 1933 luminibus
722 1879 951 1934 caelestis
996 1879 1257 1933 claritatis
1294 1880 1491 1934 sanctis
1518 1881 1769 1935 assistere
1795 1896 1879 1937 sa-

302 1964 531 2022 criﬁciis
552 1958 741 2022 solent.

911 2054 1135 2111 CAPUT
1177 2056 1285 2110 XL.

756 2183 832 2239 De
856 2183 1163 2239 Ascensione
1193 2185 1421 2241 Domini.

381 2319 719 2376 Ascensionis
743 2305 1027 2377 Deminicae
1054 2323 1368 2378 solemnitas
1409 2325 1527 2379 ideo
1554 2326 1877 2392 celebratur,

266 2460 267 2463 η
304 2407 438 2478 quia
467 2408 651 2463 eodem
694 2409 777 2462 die
807 2418 925 2479 post
971 2410 1150 2465 mundi
1179 2412 1480 2478 victoriam,
1520 2427 1638 2483 post
1686 2416 1878 2472 inferni

302 2512 629 2568 regressum,
654 2500 941 2554 ascendere
965 2499 1209 2556 Christus
1254 2512 1579 2559 memoratur
1599 2507 1664 2561 ad
1689 2506 1876 2573 caelos,

301 2586 450 2641 sicut
478 2588 729 2658 scriptum
744 2598 830 2644 est
858 2607 870 2642 :
902 2592 1194 2669 Ascendens
1224 2594 1277 2647 in
1323 2594 1507 2659 altum,
1545 2598 1675 2666 cepit
1714 2599 1879 2669 capti-

301 2675 539 2738 vitatem,
584 2676 722 2730 dedit
766 2678 903 2731 dona
953 2672 1245 2735 hominibus
1291 2680 1460 2753 (Psal.
1505 2684 1692 2757 vau).
1746 2686 1877 2753 Qum

300 2762 575 2819 festivitas
600 2765 718 2820 ideo
754 2780 848 2835 per
872 2768 1162 2823 revolutum
1187 2771 1441 2826 circulum
1466 2763 1722 2829 annorum
1745 2776 1877 2831 cole-

299 2852 517 2920 bratur,
547 2862 605 2909 ut
635 2855 942 2929 humanitas
980 2868 1263 2928 assumpta:
1284 2861 1459 2916 carnis
1487 2864 1782 2918 ascendens
1810 2864 1877 2919 ad

304 2943 587 3001 dexteram
620 2946 797 3003 Patris
827 2949 879 3003 in
907 2951 1219 3005 memoriam
1242 2962 1520 3008 revocetur
1548 2970 1561 3006 :
1584 2954 1735 3022 cujus
1754 2971 1875 3011 cor-

298 3050 412 3105 pus
432 3037 503 3103 ita
518 3039 569 3092 in
586 3039 721 3094 coelo
744 3055 861 3095 esse
882 3042 1167 3108 credimus,
1184 3052 1372 3099 uterat
1387 3046 1597 3113 quando
1610 3048 1871 3113 ascendit,

1983 539 2030 584 et
2055 535 2441 591 resurrectionis
2460 538 2650 592 erimus
2679 538 2853 609 (Rom.
2878 538 2974 612 vr).
3034 535 3041 540 ’

2501 627 2798 685 CAPUT
2855 630 3007 685 XLI
3088 684 3093 689 ,

2436 780 2439 781 ν
2546 716 2624 771 De
2655 716 2977 774 Pentecoste.

2050 798 2263 854 Initium
2304 816 2436 859 sane
2460 812 2515 857 et
2555 820 2716 860 causa
2754 805 3065 881 festivitatis
3101 808 3466 877 Pentecostes,
3498 815 3552 871 id

1982 895 2083 951 est,
2114 889 2585 960 quinquagesimae,
2614 893 2771 962 paulo
2796 882 2955 948 altitis
2977 898 3261 964 repetenda
3289 907 3391 965 est.
3418 900 3555 957 Pen-

1982 984 2213 1031 tecostes
2238 978 2379 1033 enim
2410 980 2522 1035 dies
2550 981 2672 1036 hinc
2703 983 2842 1053 cepit
2867 985 3164 1053 exordium,
3194 990 3409 1057 quando
3454 977 3571 1049 Dei.

1983 1080 2082 1129 vox
2118 1067 2169 1119 in
2201 1065 2331 1121 Sina
2376 1077 2557 1123 monte
2599 1071 2826 1140 desuper
2855 1072 3103 1130 intonans
3148 1077 3327 1131 audita
3368 1087 3469 1144 est,
3500 1091 3557 1149 et

1984 1152 2067 1206 lex
2089 1153 2210 1206 data
2234 1163 2317 1207 est
2340 1154 2523 1225 Moysi.
2552 1157 2607 1211 lu
2629 1157 2777 1213 Novo
2802 1152 2979 1215 autem
3000 1161 3343 1220 Testamento
3364 1166 3556 1224 Pente‘
3624 1216 3627 1221 ί
3712 1178 3715 1187 “

1982 1252 2156 1298 costes
2185 1240 2364 1314 etrapit,
2398 1249 2609 1325 quando
2634 1249 2918 1304 adventum
2950 1253 3368 1326 sancti‘Spiritus
3395 1274 3555 1329 quem

1981 1329 2227 1387 Christus
2292 1335 2576 1402 promisit,
2614 1337 2900 1403 exhibuit,
2943 1355 3102 1409 quem
3149 1344 3223 1397 ait
3274 1360 3379 1401 non
3435 1360 3558 1403 esse

1980 1430 2283 1487 venturum,
2318 1424 2419 1478 nisi
2462 1424 2575 1494 ipse
2619 1428 2947 1509 ascendisset
2995 1430 3048 1484 in
3074 1423 3289 1487 ccelum.
3315 1435 3557 1507 Denique

1981 1510 2105 1563 dum
2140 1518 2349 1578 portam
2397 1513 2518 1566 coeli
2560 1512 2804 1571 Christus
2838 1516 3110 1584 intrasset,
3158 1520 3340 1575 decem
3369 1522 3555 1579 diebus

1979 1597 2335 1667 interpositis,
2374 1599 2653 1655 intremuit
2682 1604 2859 1661 subito
2888 1607 3165 1679 orantibus
3202 1610 3457 1678 apostolis
3476 1612 3556 1668 lo—

1981 1702 2099 1750 cus,
2137 1696 2193 1742 et
2216 1687 2570 1754 descendente
2596 1690 2798 1761 Spiritu
2832 1686 3017 1751 sancto
3062 1711 3224 1769 super
3269 1695 3383 1766 eos,
3424 1716 3556 1759 con-

1908 1769 1951 1827 B
1979 1773 2238 1830 ﬂammati
2282 1781 2433 1842 sunt,
2470 1779 2543 1832 ita
2573 1788 2631 1833 ut
2676 1781 2870 1852 linguis
2917 1785 3153 1839 omnium
3197 1789 3553 1855 gentiumDel

1983 1867 2251 1935 magnalia
2318 1867 2681 1937 loquerentur.
2738 1870 3012 1928 Adventus
3074 1863 3251 1944 itaque
3322 1873 3556 1947 Spiritus
3628 1915 3633 1919 ς

1978 1957 2151 2011 sancti
2178 1957 2243 2012 de
2265 1957 2402 2012 ctelo
2423 1972 2584 2027 super
2604 1960 2874 2033 apostolos
2902 1962 2955 2015 in
2977 1962 3232 2018 varietate
3254 1950 3555 2038 linguarum

1979 2044 2238 2099 diﬂ‘usam‘
2257 2045 2648 2101 solemnitatem
2689 2048 3071 2104 transmisit'in
3092 2044 3355 2119 posteros,
3382 2068 3555 2126 eaque

1980 2137 2045 2191 de
2072 2152 2233 2191 causa
2275 2136 2589 2193 Pentecoste
2617 2138 2935 2216 celebratur,
2970 2149 3021 2195 et
3056 2142 3167 2197 dies
3190 2143 3303 2213 ipse
3328 2146 3553 2216 proinde

1978 2225 2201 2294 insignis
2251 2224 2496 2281 habetur.
2553 2214 2862 2283 Concordat~
2904 2241 3079 2285 autem
3134 2231 3247 2287 haec
3291 2214 3555 2293 festivitas

1978 2314 2272 2385 Evangelii,
2288 2329 2409 2370 cum
2440 2316 2728 2371 festivitate
2750 2317 2899 2385 legis.
2916 2317 3026 2373 Illic
3038 2320 3179 2379 enim
3204 2328 3579 2392 posteaquam'

1979 2416 2150 2471 agnus
2180 2402 2483 2458 immolatus
2510 2412 2625 2469 est,
2676 2405 3004 2473 interpositis
3034 2408 3419 2477 quinquaginta
3440 2411 3555 2474 die-

1976 2492 2099 2557 bus,
2125 2490 2249 2546 data
2274 2500 2357 2547 est
2395 2492 2479 2548 lex
2512 2492 2679 2564 Moysi
2722 2495 2918 2564 scripta
2940 2494 3105 2566 digito
3125 2496 3238 2551 Dei.
3265 2496 3365 2553 Hic
3406 2486 3555 2569 post-

1977 2594 2136 2650 quam
2185 2582 2395 2637 occisus
2437 2591 2521 2637 est
2571 2583 2847 2647 Christus,
2880 2585 2986 2653 -qui
3028 2592 3279 2657 tanquam
3315 2588 3432 2644 ovis
3480 2590 3548 2644 ad

1976 2667 2360 2725 immolandum
2399 2671 2591 2725 ductus
2628 2680 2731 2735 est,
2780 2672 3079 2727 celebratur
3105 2688 3290 2729 verum
3317 2675 3549 2745 Pascha,

1976 2766 2032 2813 et
2058 2759 2385 2829 interpositis
2415 2760 2796 2831 quinquaginta
2830 2761 3031 2824 diebus,
3066 2760 3298 2833 Spiritus
3330 2775 3554 2823 sanctus

1976 2849 2153 2913 datur,
2187 2850 2277 2919 qui
2321 2857 2404 2904 est
2440 2836 2638 2920 digitus
2676 2850 2792 2917 Dei,
2823 2866 2991 2922 super,
3009 2860 3220 2908 centum
3268 2865 3322 2910 et
3360 2858 3550 2929 viginti

1977 2938 2263 3007 discipulos
2286 2937 2533 2993 Mosaicze
2559 2938 2736 3017 aetatis
2764 2955 2985 3020 numero
3006 2942 3342 2998 constitutos.
3372 2943 3553 3015 Siqui-

1978 3029 2098 3083 dem
2135 3037 2190 3083 et
2229 3029 2345 3083 haec
2396 3027 2659 3085 festivitas
2697 3029 2838 3097 aliud
2884 3032 3089 3103 obtinet
3112 3027 3547 3099 sacramentum,

302 3128 451 3196 quod
489 3137 543 3184 et
567 3144 669 3183 vox
708 3124 945 3201 angelica
983 3140 1309 3199 protestatur
1336 3108 1554 3189 dicens:
1592 3135 1683 3190 Sic
1719 3108 1874 3191 veniet

1980 3119 2203 3174 Constat
2248 3120 2390 3174 enim
2446 3135 2513 3175 ex
2561 3114 2773 3189 septeni,
2809 3108 3137 3190 septimanis.
3190 3121 3295 3179 Sed
3341 3124 3549 3183 dierum

300 3205 735 3287 quemadmodum
770 3219 964 3273 vidistis
990 3237 1104 3288 eum
1129 3231 1330 3275 euntem
1355 3222 1409 3274 in
1439 3212 1619 3276 acetum
1648 3222 1783 3293 (Act.
1811 3223 1871 3295 I),

304 3305 368 3360 id
386 3314 486 3369 est,
512 3307 696 3361 cadem
727 3309 902 3363 carnis
922 3310 1096 3376 specie
1118 3317 1274 3379 atque
1302 3296 1615 3375 substantia,
1648 3312 1730 3365 cui
1752 3327 1875 3381 pro-

305 3393 455 3449 fecto
480 3395 631 3449 carni
669 3396 1116 3450 immortalitatem
1154 3397 1314 3461 dedit,
1341 3406 1586 3451 naturam
1618 3414 1723 3453 non
1751 3400 1873 3454 abs-

303 3483 451 3538 tulit.
494 3482 718 3539 Dextera
767 3492 944 3539 autem
989 3485 1164 3541 Patris
1208 3487 1274 3540 ad
1309 3502 1468 3555 quam
1512 3487 1650 3541 idem
1704 3488 1871 3543 Filius

288 3574 498 3628 sedere
523 3574 775 3639 creditur,
808 3576 1023 3629 nonest
1048 3557 1342 3644 corporea;
1358 3577 1499 3645 quod
1520 3578 1668 3631 nefas
1696 3586 1775 3631 est
1807 3579 1872 3633 de

303 3663 423 3718 Deo
444 3664 665 3727 sentire,
688 3664 779 3717 sed
806 3664 1020 3718 dextera
1060 3663 1256 3729 Patris,
1279 3673 1359 3718 est
1385 3665 1657 3719 beatitudo
1679 3680 1871 3736 perpe-

302 3761 427 3818 tua,
460 3768 577 3822 qua:
603 3753 800 3808 sanctis
828 3754 881 3807 in
908 3755 1292 3825 resurrectione
1323 3756 1669 3825 promittitur,
1699 3758 1747 3811 id
1768 3766 1851 3813 est

303 3816 572 3898 universa:
594 3843 865 3897 Ecclesiae
904 3816 1024 3913 quae
1056 3853 1138 3899 est
1184 3816 1377 3914 corpus
1402 3844 1633 3911 Christi;
1661 3848 1797 3901 sicut
1820 3855 1874 3901 et

303 3930 526 3986 sinistra
574 3930 689 3999 ejus
736 3930 1044 4002 intelligitur
1086 3935 1299 3988 miseria
1336 3942 1391 3988 et
1418 3948 1572 4005 paena
1594 3946 1868 4006 perpetua,

300 4034 429 4089 qua:
450 4020 623 4090 impiis
645 4022 874 4076 dabitur.
898 4022 1036 4076 Ante
1057 4012 1196 4077 hanc
1219 4038 1345 4093 ergo
1366 4024 1502 4078 diem
1530 4017 1869 4083 Ascensionis

302 4109 541 4175 Domini,
589 4126 705 4165 mos
747 4119 829 4165 est
872 4111 1230 4166 Ecclesiarum
1272 4112 1572 4168 Occidentis
1619 4130 1714 4184 per
1761 4125 1868 4173 tres

299 4200 422 4256 dies
442 4202 711 4272 proximos
734 4201 1004 4278 jejunium.
1040 4218 1320 4269 exercere,
1371 4213 1425 4259 et
1446 4204 1657 4260 litanias
1685 4223 1862 4278 agere,

300 4294 487 4348 ethoc
534 4308 780 4362 congrue.
814 4293 943 4346 Nam
990 4295 1034 4349 si
1059 4296 1324 4351 credimus
1365 4296 1633 4351 Christum
1676 4300 1728 4352 in
1763 4300 1864 4355 hoc

302 4390 545 4451 tempore
576 4382 642 4435 ad
689 4382 853 4438 caelos
893 4384 1215 4450 ascendisse,
1258 4386 1472 4455 dignum
1507 4396 1590 4441 est
1615 4389 1776 4459 etiam
1804 4398 1862 4443 ut

188 4478 203 4486 ’
304 4479 435 4526 ante
478 4472 817 4543 Ascensionis
848 4472 961 4541 ejus
1002 4475 1139 4530 diem
1182 4491 1398 4551 operam
1430 4477 1867 4549 demus‘jejuniis
1894 4460 1944 4518 D

303 4571 362 4616 et
386 4564 737 4627 orationibus,
778 4566 1097 4639 castigantes
1121 4583 1341 4625 carnem
1386 4577 1645 4636 nostram,
1669 4580 1724 4626 et
1750 4588 1870 4627 cru-

305 4670 425 4709 cem
452 4655 567 4725 ejus
596 4656 657 4728 in
687 4655 1081 4727 nobismetipsis
1102 4665 1390 4725 gestantes,
1419 4668 1681 4729 quatenus
1722 4660 1869 4716 illum

305 4746 458 4815 sequi
484 4761 802 4801 mereamur.
841 4745 944 4813 Qui
968 4748 1103 4802 enim
1121 4787 1139 4811 ,
1185 4748 1520 4821 inquit,vvult
1546 4760 1658 4821 post
1686 4769 1766 4805 me
1794 4770 1869 4806 ve-

310 4838 441 4902 nire,
481 4836 690 4907 abneget
731 4838 1082 4907 semetipsum,
1108 4848 1159 4893 et
1200 4838 1348 4892 tollat
1380 4856 1580 4894 crucem
1624 4858 1793 4906 suam,
1818 4852 1867 4897 et

270 4958 281 4963 -
306 4941 555 5000 sequatur
580 4947 657 4984 me
681 4931 828 5001 (Luc.
858 4932 954 5003 rx).
985 4931 1133 4988 Sicut
1155 4923 1579 5002 ergo'portamus
1608 4939 1659 4991 in
1700 4939 1869 4992 mani-

307 5017 409 5072 bus
439 5020 633 5073 nostris
666 5021 905 5088 speciem
936 5022 1111 5076 crucis
1155 5021 1292 5090 ejus,
1327 5022 1400 5073 ita
1438 5033 1709 5091 portemus
1738 5037 1789 5080 et
1816 5028 1869 5081 in

308 5121 469 5160 carne
497 5097 1102 5167 nostm‘similitudinem
1126 5110 1392 5179 passionis
1417 5110 1547 5179 ejus.
1576 5112 1678 5178 Qui
1699 5126 1868 5169 autem

308 5204 427 5248 sunt
457 5195 695 5261 Christi,
738 5198 870 5251 dixit
914 5198 1218 5266 Apostolus,
1261 5193 1465 5252 carnem
1508 5217 1667 5254 suam
1704 5204 1870 5256 cruci-

308 5284 534 5354 ﬂurunt
566 5301 682 5338 cum
728 5287 862 5341 vitiis
905 5298 951 5342 et
992 5289 1411 5358 concupiscentiis
1434 5288 1571 5361 (Gal.
1595 5290 1668 5359 v).
1696 5291 1763 5345 Et
1797 5292 1871 5345 ita

310 5374 423 5440 ﬂet,
448 5384 509 5430 ut
531 5376 620 5431 ubi
649 5376 892 5433 Christus
926 5388 1045 5449 post
1072 5380 1513 5436 resurrectionem
1561 5396 1709 5435 suam
1749 5371 1871 5437 cum

310 5465 478 5537 gloria
511 5467 784 5532 ascendit,
817 5469 940 5540 illuc
980 5479 1034 5524 et
1070 5486 1169 5525 nos
1207 5480 1543 5543 resurgentes
1571 5486 1600 5525 a
1624 5474 1871 5540 mortuis,

312 5555 366 5612 in
396 5570 557 5614 carne
602 5558 984 5628 incorruptibili
1031 5576 1126 5629 per
1172 5562 1285 5632 ejus
1332 5565 1553 5634 gratiam
1584 5568 1873 5622 ascendere

310 5642 602 5712 valeamus,
622 5647 758 5703 sicut
777 5648 905 5705 dicit
920 5649 1058 5705 idem
1082 5651 1363 5719 Apostolus
1388 5673 1400 5709 :
1424 5651 1481 5709 Si
1500 5656 1657 5722 enim,
1682 5656 1869 5724 inquit,

1981 3212 2193 3281 quidem
2231 3211 2539 3282 septimanae
2578 3218 2833 3279 generant
2856 3211 3096 3267 eamdem
3120 3210 3465 3269 Pentecosten
3496 3216 3550 3271 in

1979 3315 2084 3369 quo
2114 3300 2173 3355 ﬂt
2196 3301 2402 3368 peccati
2430 3299 2674 3355 remissio
2697 3314 2795 3369 per
2812 3297 3065 3369 Spiritum
3092 3303 3549 3359 sanctum.Auno-

1978 3402 2098 3443 rum
2121 3405 2248 3445 vero
2262 3391 2573 3460 septimanae
2587 3390 3082 3460 quinquagesimum
3101 3407 3297 3446 annum
3318 3392 3543 3461 faciunt,

1962 3482 2065 3549 qui
2093 3481 2232 3551 apud
2263 3480 2513 3534 Hebraeos
2541 3479 2788 3550 jubilaeus
2820 3479 3151 3546 nominatur,
3182 3481 3234 3535 in
3263 3498 3369 3552 quo
3401 3484 3575 3539 simir

1972 3570 2097 3627 liter
2149 3570 2305 3627 terra:
2350 3570 2411 3624 ﬁt
2453 3570 2738 3635 remissio,
2782 3578 2837 3625 et
2880 3586 3154 3625 servorum
3208 3572 3447 3637 libertas,
3492 3584 3549 3631 et

1973 3663 2369 3732 possessionum
2412 3660 2697 3724 restitutio,
2723 3674 2840 3728 quae
2879 3660 3053 3728 pretio
3095 3657 3305 3714 fuerant
3325 3676 3543 3731 compa-

1976 3760 2109 3806 rata.
2162 3751 2378 3821 Septem
2424 3752 2621 3805 etenim
2665 3750 2859 3819 septies
2904 3750 3235 3820 multiplicati
3278 3742 3551 3823 quinqua-V

1976 3842 2251 3912 genarium
2271 3856 2333 3895 ex
2356 3856 2415 3895 se
2437 3848 2693 3911 generant
2712 3855 3008 3907 numerum,
3023 3851 3291 3912 assumpta
3320 3847 3545 3903 mouade
3593 3898 3607 3913 ,

1975 3948 2134 4003 quam
2163 3950 2229 3987 ex
2260 3933 2424 3992 futuri
2452 3932 2632 3987 saeculi
2663 3932 2830 4000 ﬂgura
2871 3944 3245 4003 prasumptam
3290 3950 3408 3991 esse
3433 3952 3547 3990 ma-

1967 4024 2147 4094 jorum
2195 4023 2487 4097 auctoritas
2534 4022 2713 4077 tradit.
2768 4021 2855 4075 Fit
2907 4022 3051 4097 enim
3099 4023 3211 4092 ipsa
3256 4020 3312 4079 et
3356 4035 3543 4081 octava

1971 4131 2183 4185 semper
2213 4123 2266 4169 et
2288 4096 2479 4184 prima,
2510 4113 2619 4168 imo
2657 4113 2770 4182 ipsa
2799 4120 2883 4166 est
2927 4096 3137 4181 semper
3165 4127 3294 4179 una,
3318 4128 3435 4183 quae
3462 4128 3545 4171 est

1970 4208 2144 4264 omnis
2170 4207 2301 4261 dies.
2335 4205 2565 4260 Necesse
2612 4214 2695 4259 est
2725 4205 2867 4259 enim
2910 4204 3290 4259 sabba'tismum
3340 4206 3546 4261 anima-

1968 4314 2087 4352 rum
2102 4298 2275 4368 populi
2300 4296 2422 4350 illuc
2437 4309 2721 4350 occurrere
2734 4302 2893 4362 atque
2908 4292 2977 4346 ibi
3002 4293 3251 4363 compleri
3277 4294 3367 4350 ubi
3388 4296 3542 4349 datur
3606 4342 3611 4349 .

1966 4403 2091 4458 pars
2119 4388 2200 4443 his
2228 4389 2318 4458 qui
2358 4396 2501 4451 octo,
2532 4386 2671 4441 sicut
2695 4386 2907 4454 quidam
2937 4386 3202 4440 disserens
3245 4384 3546 4445 Salomonis
3581 4443 3583 4447 ,

1971 4481 2111 4535 dicta
2159 4480 2429 4549 sapienter
2470 4476 2717 4545 exposuit
2764 4474 2959 4545 (Eccle.
2989 4473 3085 4547 xx).
3117 4475 3319 4529 Idcirco
3363 4486 3543 4530 autem

1971 4573 2134 4627 totius
2181 4570 2634 4641 quinquagesima:
2676 4568 2789 4623 dics
2813 4576 2934 4637 post
2968 4566 3175 4621 Domini
3200 4567 3537 4621 resurrectio-

1969 4675 2091 4715 nem
2121 4660 2353 4715 resoluta
2383 4656 2703 4712 abstinentia
2734 4656 2804 4709 in'
2825 4655 2934 4709 sola
2964 4654 3145 4709 laetitia
3172 4655 3517 4723 celebrantur

1967 4759 2185 4821 propter
2210 4750 2435 4819 ﬁguram
2465 4746 2658 4801 futura:
2701 4744 3128 4808 resurrectionis,
3178 4744 3266 4798 ubi
3294 4742 3405 4811 jam
3436 4758 3541 4800 non

1970 4840 2142 4906 labor,
2180 4840 2273 4894 sed
2314 4838 2524 4908 requies
2554 4836 2659 4891 erit
2703 4835 2915 4890 ltetitize.
2944 4831 3067 4887 Ideo
3108 4833 3191 4887 his
3220 4833 3407 4887 diebus
3440 4848 3543 4890 nec

1971 4945 2140 5002 genua
2188 4929 2242 4983 in
2286 4929 2530 4983 oratione
2591 4924 2916 4986 ﬂectuntur,
2972 4922 3093 4990 quia
3136 4921 3274 4975 sicut
3320 4920 3537 4995 quidam

1971 5021 2271 5091 sapientum
2300 5020 2392 5082 ait,
2423 5018 2474 5071 in
2498 5016 2635 5071 ﬂexu
2668 5029 2893 5091 genuum
2924 5010 3244 5081 paenitentiae
3269 5018 3337 5077 et,
3364 5010 3541 5085 luctus

1972 5113 2228 5168 indicium
2256 5120 2358 5165 est.
2387 5108 2536 5165 Unde
2556 5107 2718 5162 etiam
2752 5121 2846 5174 per
2868 5105 3048 5158 omnia
3086 5104 3328 5177 eamdem
3358 5103 3410 5157 in
3437 5102 3542 5179 illis
3576 5100 3587 5109 ’

1972 5203 2361 5260 solemnitatem
2387 5214 2544 5270 quam
2581 5196 2856 5251 Dominico
2879 5196 2964 5249 die
2984 5194 3332 5259 custodimus,
3348 5193 3537 5267 inqua

1973 5297 2203 5365 majores
2248 5294 2413 5347 nostri
2456 5307 2555 5355 nec
2587 5288 2845 5358 jejunium
2891 5286 3173 5357 agendum,
3224 5299 3323 5340 nec
3366 5299 3538 5356 genua

1971 5397 2092 5439 esse
2131 5381 2412 5445 ﬂectenda,
2445 5380 2513 5435 ob
2546 5379 2901 5435 reverentiam
2945 5376 3236 5433 Dominicm
3265 5382 3537 5429 resurrec-

1974 5475 2155 5538 tionis,
2181 5464 2530 5527 tradiderunt.
2551 5470 2644 5524 His
2668 5470 2852 5524 diebus
2871 5468 3069 5523 sanctis
3089 5466 3295 5521 alleluia
3316 5474 3537 5533 propter

1973 5564 2222 5636 gaudium
2265 5560 2670 5616 resurrectionis
2703 5560 2915 5627 assidue
2953 5572 3069 5618 esse
3109 5554 3430 5612 cantandum
3480 5553 3535 5609 in

1974 5654 2209 5712 Ecclesia
2239 5651 2480 5723 magistri
2509 5648 2852 5707 sanciverunt
2877 5647 3143 5714 Ecclesia.
3175 5644 3310 5713 Quia
3338 5657 3467 5700 vero
3499 5658 3547 5699 a-
