3958 6340
379 285 490 341 355

1013 285 1075 340 Β.
1113 254 1371 358 niteant
1403 279 1620 337 usum
1659 276 1975 332 ABCIIIEP.
2018 276 2324 334 uocum.
2365 275 2645 367 OPEltL'M
2684 275 2859 331 rans
2900 276 2937 329 ι,

3506 273 3614 333 558

364 400 640 456 Dominica
660 396 1080 467 Septuagesima:
1116 403 1231 450 toto
1266 403 1507 465 tempore
1536 391 1746 461 jejunii,
1770 404 1939 460 usque
1967 395 2015 451 Α
2044 389 2097 442 in
2138 388 2242 444 line
2284 388 2485 451 smculi,
2514 391 2654 455 quod
2699 388 2750 440 in
2798 388 3003 442 Domini
3047 388 3213 442 nostri
3251 385 3377 443 Iesu
3414 385 3616 443 Christi

364 486 419 541 iu
446 483 669 550 Pascha,
699 501 806 554 quo
838 483 1165 554 luenitentia:
1197 491 1250 540 et
1284 482 1526 551 corporis
1555 479 1722 535 nostri
1753 478 1939 533 mo’rti-

364 573 601 629 ﬂcationi
630 574 829 627 instare
860 571 1136 637 debemus,
1167 573 1235 627 ab
1248 572 1361 626 ista
1382 571 1538 626 laude
1568 568 1940 625 abstinendum

364 670 469 726 est,
516 662 641 716 licet
689 661 832 716 nullo
862 669 1100 730 tempore
1142 662 1214 715 in'
1231 659 1467 714 Ecclesia
1514 658 1629 711 laus
1658 656 1751 711 Dei
1780 655 1939 719 desit,

363 751 439 805 Ita
469 750 521 804 in
559 749 747 804 diebus
780 748 1133 804 solemnitatis
1183 747 1471 818 paschalis,
1500 747 1608 801 imo
1652 760 1751 815 per
1777 750 1944 799 totam

366 839 872 910 Quinquagesimam
903 854 1071 909 usque
1103 838 1156 893 in
1192 838 1561 901 Pentecosten,
1588 844 1747 905 atque
1772 836 1825 888 in
1845 835 1945 888 Do-

367 921 579 984 minicis
601 930 809 994 diebus,
833 928 1046 997 quando
1073 928 1241 982 laetari
1272 942 1367 983 nos
1382 928 1651 986 convenit.
1672 934 1727 981 et
1741 923 1946 992 jejunio

370 1018 624 1083 relaxari,
652 1018 768 1073 sine
799 1018 1100 1073 cessatione
1128 1018 1270 1071 illam
1302 1016 1354 1070 in
1405 1025 1565 1071 cantu
1609 1014 1948 1083 frequentare

366 1107 642 1163 debemus.
672 1108 810 1163 Ante
836 1109 1036 1177 pascha
1065 1122 1192 1178 ergo
1228 1117 1436 1177 tempus
1453 1105 1641 1176 jejunii
1670 1104 1947 1175 praesentis

364 1200 489 1254 vita:
508 1192 953 1271 signiﬁcatiOnem
972 1210 1136 1264 tenet,
1155 1199 1279 1268 quia
1300 1198 1519 1268 propter
1528 1204 1744 1266 peccata
1767 1204 1946 1249 nostra

366 1292 545 1361 poenis
567 1289 1196 1367 aerumnisquequotidic
1236 1287 1537 1357 allligimur.
1570 1285 1798 1353 Tempus
1822 1297 1947 1337 vero

369 1384 826 1453 quinquagesima:
873 1382 1139 1451 paschalis
1191 1380 1423 1435 futuram
1498 1376 1947 1433 resurrectionem

366 1488 650 1541 corporum
692 1480 1020 1535 nostrorum,
1068 1470 1121 1524 id
1150 1478 1255 1535 est,
1301 1478 1553 1523 teternam
1598 1467 1652 1520 in
1697 1466 1848 1521 ctelis
1870 1466 1947 1519 vi-

370 1573 580 1628 tam,eo
605 1562 746 1631 quod
776 1568 937 1630 caput
958 1568 1201 1615 nostrum
1222 1574 1287 1615 eo
1304 1567 1543 1629 tempore
1569 1555 1944 1624 rcsurrexcrit,

369 1653 720 1715 demonstrat,
746 1666 809 1704 ac
834 1651 951 1705 ideo
975 1649 1191 1705 cmleste
1230 1650 1497 1703 canticum
1541 1646 1773 1710 alleluia,
1805 1644 1973 1714 quod‘

2038 492 2262 548 corpore
2283 486 2746 548 prmmonstratum
2779 486 2879 541 cst,
2921 480 3011 547 qui
3056 488 3138 533 est
3170 478 3550 549 primogenitus
3586 499 3615 534 a

2042 570 2287 622 mortuis.
2331 568 2624 623 Sabhatum
2651 577 2848 629 ,autcm
2896 584 2923 621 a
2966 571 3145 638 priore
3188 570 3382 641 populo
3423 571 3476 624 in
3504 571 3621 625 otio

2040 658 2391 726 corporaliter
2433 656 2757 712 celebratum
2806 656 3051 727 legimus,
3104 669 3164 713 ut
3205 660 3370 731 ﬁgura
3395 662 3619 716 essetin

1977 802 1987 807 -
2044 740 2305 820 requiem,
2350 753 2487 805 unde
2522 761 2577 806 et
2627 752 2906 805 sabbatum
2955 754 3169 821 requies
3215 755 3616 825 interpretatur.

2021 841 2171 895 ’Dies
2198 850 2376 895 autem
2422 840 2746 906 Dominicus,
2775 857 2880 895 non
2923 838 3121 896 Judmis
3156 844 3254 897 sed
3299 843 3624 898 Christianis

2031 946 2141 1000 per
2176 932 2621 1000 resurrectionem
2651 931 2859 984 Domini
2895 931 3193 987 declaratus
3234 942 3339 1000 est,
3358 943 3413 989 et
3437 950 3501 989 ex
3530 934 3625 991 illo

2045 996 2209 1089 coepit
2237 996 2434 1086 habere
2480 1014 2823 1075 festivitatem
2850 1035 3023 1073 suam.
3066 1020 3184 1088 Ipse
3211 1031 3292 1077 est
3327 996 3479 1105 enim
3506 1023 3626 1079 dies

2043 1110 2270 1180 primus,
2305 1110 2395 1179 qui
2426 1118 2544 1179 post
2569 1109 2856 1179 septimum
2892 1108 3159 1177 reperitur
3198 1120 3435 1174 octavus,
3472 1110 3627 1165 unde

2044 1206 2099 1251 et
2124 1198 2176 1251 in
2193 1197 2513 1251 Ecclesiaste
2537 1196 2601 1251 ad
2620 1197 2847 1250 duorum
2871 1196 3335 1251 Testamentorum
3356 1196 3626 1268 signiﬁca-

1979 1344 1985 1352 ,
2046 1288 2246 1342 tionem
2294 1288 2491 1345 dicitur
2527 1302 2541 1341 :
2579 1287 2658 1341 Illi
2702 1294 2939 1357 septem,
2968 1289 3108 1343 idem
3154 1288 3226 1342 illi
3269 1297 3411 1343 octo.
3441 1289 3624 1344 Primo

2046 1376 2189 1429 enim
2237 1376 2407 1430 solum
2455 1376 2833 1431 celebrandum
2883 1376 3162 1431 sabbatum
3217 1378 3467 1432 traditum
3518 1389 3626 1442 est,

2046 1468 2170 1535 quia
2198 1476 2315 1531 erat
2361 1477 2521 1524 antea
2557 1470 2772 1539 requies
2803 1478 3154 1534 mortuorum,
3189 1472 3508 1526 resurrectio
3530 1487 3629 1524 an-

2048 1567 2153 1613 tem
2183 1558 2379 1614 nullius
2412 1569 2529 1615 erat
2563 1574 2733 1630 usque
2776 1561 2844 1614 ad
2882 1559 3156 1615 Christum
3199 1560 3503 1627 Dominum,
3535 1565 3626 1630 qui

2050 1664 2322 1718 resurgens
2344 1665 2375 1701 a
2402 1649 2637 1713 mortuis,
2668 1666 2771 1702 non
2803 1650 3046 1714 moritur,
3074 1640 3214 1704 mors
3243 1650 3321 1705 illi
3360 1651 3497 1705 ultra
3524 1669 3630 1705 non

368 1742 603 1799 Joannes
624 1741 896 1813 apostolus
920 1743 971 1795 in
993 1740 1144 1795 caelis
1170 1748 1477 1795 sanctomm
1500 1738 1708 1791 turbam
1728 1734 1948 1790 multam
1982 1722 2025 1781 Β
2053 1737 2427 1812 dominabitur.
2448 1737 2567 1795 .Iam
2602 1748 2883 1825 postquam
2924 1738 3063 1795 facta
3100 1748 3183 1796 est
3233 1740 3352 1796 talis
3384 1757 3626 1797 resurre—

372 1847 568 1889 canere
612 1833 663 1887 in
690 1830 1005 1901 Apocalypsi
1053 1835 1459 1893 commemorat,
1488 1842 1555 1882 eo
1581 1834 1821 1895 tempore
1845 1823 1951 1879 fre-

372 1922 738 1993 quentandum
766 1934 903 1984 esse,
929 1934 1036 1989 quo
1058 1917 1517 1989 immortalitatem
1544 1923 1782 1968 nostram
1807 1912 1951 1967 desi-

370 2008 955 2073 deramus,Salvatoris
995 2008 1165 2061 nostri
1200 1993 1639 2077 gloriﬁcationem
1674 2000 1953 2056 celebran-

372 2108 564 2163 tes;et
608 2099 709 2153 hoc
731 2096 1045 2167 Optandum,
1089 2104 1146 2147 ut
1177 2096 1267 2164 qui
1309 2095 1360 2147 in
1404 2101 1547 2147 terra
1591 2092 1765 2146 aliena
1786 2091 1950 2161 positi

372 2188 643 2245 canticum
670 2187 882 2242 Domini
926 2194 1148 2241 cantare
1193 2185 1352 2255 digne
1402 2199 1506 2238 non
1546 2196 1852 2252 possumus,
1884 2180 1952 2235 ad

373 2288 572 2334 terram
602 2277 895 2339 viventium
939 2274 1348 2345 perveniamus,
1388 2288 1492 2342 qua
1533 2272 1651 2328 sine
1689 2271 1795 2326 ﬁne
1819 2286 1950 2341 gau-

373 2372 561 2425 dentes
603 2367 871 2422 canticum
916 2381 1112 2421 novum
1159 2365 1384 2419 Domino
1415 2366 1532 2419 sine
1571 2363 1869 2431 cessatione
1898 2361 1950 2414 in

373 2466 632 2513 aeternum
648 2458 1013 2511 decantemus.
1040 2456 1097 2511 In
1116 2456 1339 2511 sabbato
1362 2462 1538 2509 autem
1548 2462 1741 2517 sancto
1760 2452 1954 2506 Pente-

374 2556 569 2612 costes,
594 2547 732 2602 sicut
767 2547 821 2601 in
854 2547 1079 2600 sabbato
1126 2552 1312 2599 sancto
1358 2543 1598 2609 Paschaa,
1629 2541 1952 2612 baptismum

374 2635 697 2703 celebratur,
728 2634 1043 2690 lectionibus
1069 2635 1280 2691 Veteris
1298 2632 1627 2689 Testamenti
1666 2639 1791 2687 ante
1815 2631 1952 2686 recl-

376 2725 523 2791 tatis,
566 2733 621 2781 et
662 2725 995 2780 orationibus
1054 2734 1215 2795 atque
1255 2725 1456 2779 litaniis
1512 2731 1635 2778 ante
1696 2723 1948 2793 peractis,

376 2818 730 2887 subsequente
783 2826 971 2872 sancta
1030 2816 1316 2871 missarum
1362 2814 1745 2870 celebratione.
1806 2813 1954 2879 Bene

380 2921 594 2977 quoque
635 2906 917 2961 sabbatum
956 2913 1202 2959 sanctum
1242 2904 1584 2960 Pentecostes
1626 2903 1787 2959 simili
1816 2903 1953 2958 cele-

380 2998 626 3052 bratione
652 2996 878 3051 sabbato
906 3003 1092 3049 sancto
1113 2993 1333 3049 Pascha:
1354 3003 1661 3058 veneratur,
1686 2994 1812 3065 quia
1840 2993 1954 3062 ipse

2050 1828 2162 1883 ctio
2185 1828 2238 1883 in
2262 1843 2487 1898 corpore
2510 1829 2738 1894 Domini,
2758 1838 2817 1883 ut
2843 1830 3059 1899 praeiret
3079 1831 3131 1885 in
3157 1832 3331 1899 capite
3354 1831 3628 1896 Ecclesitr,

2050 1918 2193 1985 quod
2218 1932 2413 1987 corpus
2431 1918 2684 1973 Ecclesiae
2705 1928 2947 1988 speraret
2967 1918 3018 1973 in
3044 1920 3167 1984 line,
3191 1920 3307 1975 dies
3326 1906 3633 1976 Dominicus

2052 2013 2294 2071 octavus,
2318 2007 2410 2075 qui
2433 2007 2725 2081 etp_rimus,
2752 2008 2805 2061 in
2832 2006 3120 2063 festivitate
3152 2011 3433 2066 successit.
3459 2010 3635 2081 Appa-

2050 2103 2135 2149 ret
2163 2104 2343 2150 autem
2368 2095 2512 2150 hunc
2530 2079 2674 2151 diem
2702 2096 2864 2151 etiam
2894 2097 2945 2149 in
2969 2095 3265 2167 Scripturis
3287 2100 3489 2154 sanatis
3509 2079 3635 2154 esse

2050 2183 2364 2240 solemnem.
2397 2184 2515 2255 Ipse
2545 2185 2689 2240 enim
2717 2193 2798 2240 est
2824 2180 2954 2241 dies
2978 2187 3186 2257 primus
3214 2187 3414 2254 saeculi,
3436 2188 3489 2243 in
3515 2190 3633 2259 ipso

2051 2274 2281 2331 formata
2329 2285 2455 2331 sunt
2496 2275 2757 2331 elementa
2805 2279 3009 2343 mundi,
3057 2278 3112 2333 in
3160 2278 3276 2348 ipso
3316 2281 3479 2334 creati
3508 2290 3638 2334 sunt

2050 2363 2267 2435 Angeli,
2308 2364 2360 2417 in
2389 2362 2505 2433 ipso
2538 2378 2751 2433 quoque
2786 2379 2817 2417 a
2866 2364 3094 2420 mortuis
3143 2368 3440 2421 resurrexit
3478 2365 3635 2421 Chri-

2053 2461 2191 2525 stus,
2220 2453 2269 2505 in
2308 2442 2425 2520 ipso
2452 2451 2518 2505 de
2540 2450 2692 2506 cmlis
2720 2450 2956 2520 Spiritus
2984 2461 3207 2508 sanctus
3233 2469 3393 2525 super
3416 2464 3636 2526 aposto-

2051 2543 2131 2597 los
2170 2540 2469 2607 descendit,
2513 2557 2707 2596 manna
2735 2542 2789 2596 in
2818 2557 2885 2598 eo
2927 2543 3013 2598 die
3061 2544 3116 2597 in
3153 2558 3335 2599 eremo
3360 2546 3534 2615 primo
3567 2546 3640 2600 de

2051 2630 2190 2685 ctelo
2215 2631 2401 2686 datum
2428 2640 2531 2686 est.
2560 2630 2655 2686 Sic
2680 2632 2825 2685 enim
2855 2631 2985 2687 dicit
3010 2631 3305 2689 Dominus:
3330 2632 3432 2689 Sea:
3453 2636 3637 2689 diebus

2051 2719 2302 2791 colligatis
2324 2736 2540 2786 manna,
2566 2722 2620 2774 in
2650 2720 2747 2786 die,
2769 2730 2939 2774 autem
2962 2731 3109 2775 sexto
3141 2722 3355 2792 duplum
3387 2722 3641 2793 colligetis

2055 2809 2253 2881 (Exod.
2280 2810 2413 2882 xvi).
2444 2809 2640 2866 Sextus
2663 2811 2806 2866 enim
2838 2811 2953 2866 dies
2966 2820 3049 2867 est
3065 2828 3374 2881 parasceve,
3400 2815 3642 2883 quiante

2056 2899 2336 2954 sabbatum
2362 2900 2597 2969 ponitur,
2624 2899 2906 2955 sabbatum
2930 2908 3107 2955 autem
3136 2910 3358 2957 octavus
3384 2903 3503 2958 dies
3530 2914 3636 2968 est,

2012 3042 2025 3049 _
2054 3004 2213 3060 quem
2239 2998 2483 3060 sequitur
2511 2982 2819 3045 Dominicus
2850 2990 2902 3044 in
2938 3005 3044 3059 quo
3092 2991 3321 3061 primum
3352 3007 3547 3046 manna
3572 2994 3643 3047 de

381 3087 687 3157 unigenitus
715 3086 805 3141 Dei
836 3085 1004 3141 Filius
1033 3086 1085 3140 in
1104 3086 1206 3141 ﬁde
1237 3085 1672 3165 credentiumnet
1693 3085 1746 3139 in
1764 3083 1960 3137 virtute
1986 3072 2030 3133 C
2062 3086 2199 3142 calo
2228 3086 2390 3141 venit.
2435 3085 2585 3141 Unde
2624 3084 2923 3154 intelligant
2964 3083 3131 3140 Judai
3155 3087 3267 3157 jam
3295 3094 3420 3141 tunc
3444 3088 3637 3157 praela-

381 3192 625 3248 0pcrum,
650 3177 849 3234 nullam
876 3177 1017 3233 inter
1046 3192 1104 3231 se
1131 3189 1186 3231 et
1210 3176 1471 3246 Spiritum
1521 3184 1762 3230 sanctum
1794 3176 1961 3229 voluit

382 3281 501 3321 esse
525 3266 852 3331 distantiam,
888 3267 1010 3335 quia
1056 3266 1199 3320 nulla
1242 3275 1324 3320 est
1347 3265 1632 3320 diversitas
1668 3266 1719 3320 in
1746 3275 1957 3331 natura,

383 3345 598 3409 dicens:
632 3355 744 3426 Ego
770 3356 957 3425 rogabo
987 3354 1201 3409 Patrem
1226 3371 1423 3420 meum,
1459 3366 1506 3410 et
1536 3354 1698 3409 alium
1720 3356 1957 3427 particle-

382 3457 490 3500 tum
515 3448 657 3500 dabit
681 3448 839 3513 vobis,
872 3456 927 3501 ut
957 3448 1213 3502 vobiscum
1237 3448 1307 3501 sit
1328 3448 1385 3501 in
1411 3458 1682 3513 wtemum,
1706 3446 1958 3518 Spiritum

364 3536 609 3588 raritatis
654 3534 835 3606 (Joan.
885 3537 980 3607 tv).
1026 3536 1093 3589 Et
1140 3537 1335 3590 itct'um
1380 3554 1393 3588 :
1443 3534 1745 3589 Paracletus
1786 3545 1961 3589 autem

381 3609 868 3691 Spiritusisanct‘us,
896 3612 1047 3693 quem
1076 3626 1237 3677 mittet
1287 3622 1451 3678 Pater
1486 3640 1637 3679 meus
1677 3626 1732 3678 in
1757 3627 1962 3679 nomine

384 3732 519 3780 meo,
551 3701 753 3770 ille‘vos
775 3718 974 3770 docebit
1003 3719 1196 3779 omnia,
1231 3726 1277 3770 et
1298 3726 1532 3786 suggeret
1555 3717 1807 3772 universa
1828 3734 1963 3788 qua!-

384 3822 583 3875 cunque
605 3805 784 3859 dixero
817 3806 956 3859 vobis
984 3804 1250 3877 (Ibidem).
1284 3806 1351 3859 Et
1393 3806 1586 3859 iterum
1614 3823 1626 3858 :
1659 3803 1790 3860 Cum
1816 3822 1965 3861 vene-

385 3895 449 3947 rit
480 3895 567 3948 ille
594 3894 819 3965 Spiritus
848 3895 1097 3959 veritatis,
1124 3895 1320 3965 diriget
1345 3911 1430 3975 vos
1460 3896 1514 3949 in
1547 3911 1749 3949 omnem
1777 3896 1962 3950 verita-

386 3994 483 4038 tem
510 3984 689 4055 (Joan.
738 3986 868 4056 xvi).
903 3985 1035 4039 Cum
1073 3986 1257 4055 utique
1301 3986 1501 4041 veritas
1540 3984 1786 4041 Chrisms
1812 3985 1883 4039 sit
1909 3996 1963 4041 et

388 4074 618 4145 Spiritus
643 4087 861 4131 sanctus
899 4078 1117 4143 veritas,
1150 4091 1451 4146 nomenque
1472 4076 1727 4146 paracleti
1753 4078 1963 4147 utrique

387 4166 457 4219 sit
482 4168 777 4235 proprium,
825 4183 926 4221 non
953 4168 1211 4222 dissimile
1240 4177 1323 4222 est
1369 4169 1581 4233 festum,
1616 4168 1704 4222 ubi
1750 4184 1964 4239 semper

388 4270 550 4308 unum
576 4265 659 4310 est
689 4266 1104 4311 sacramentum.

964 4368 1188 4425 CAPUT
1228 4368 1383 4423 XLII.

898 4437 972 4492 De
988 4473 993 4476 ο
1022 4440 1106 4493 die
1158 4439 1449 4493 Dominico.

460 4525 795 4579 Dominicum
817 4527 955 4580 diem
968 4523 1203 4595 ’apostoli
1224 4527 1343 4582 ideo
1358 4527 1603 4600 religiosa
1625 4529 1965 4585 solemnitate

388 4626 705 4679 sanxerunt,
734 4619 857 4685 quia
884 4619 937 4671 in
959 4619 1144 4672 eodem
1176 4620 1501 4690 Redemptor
1535 4632 1721 4677 noster
1747 4638 1777 4676 a
1814 4638 1961 4677 mor-

391 4709 500 4761 tuis
526 4710 817 4762 resurrexit
846 4748 860 4771 ,
898 4709 1017 4764 ideo
1052 4709 1358 4765 Dominicus
1384 4713 1698 4781 appellatur,
1737 4723 1796 4767 ut
1818 4716 1869 4768 in
1900 4730 1964 4769 eo

390 4816 421 4852 a
447 4802 671 4855 terrenis
700 4800 951 4870 operibus
978 4801 1061 4855 vel
1097 4804 1277 4856 mundi
1318 4803 1583 4858 illecebris
1612 4806 1959 4869 abstinentes,

394 4901 598 4946 tantum
640 4892 836 4946 divinis
880 4891 1110 4947 cultibus
1165 4894 1479 4959 serviamus,
1529 4896 1719 4951 dantes
1761 4898 1966 4957 scilicet

394 4980 498 5033 diei
527 4981 647 5034 huic
676 4983 931 5035 honorem
971 4991 1026 5036 et
1052 4985 1423 5047 reverentiam,
1471 4993 1686 5055 propter
1711 5002 1856 5056 spem
1891 5004 1969 5041 re-

396 5071 745 5125 surrectionis
787 5082 984 5127 nostra:
1010 5114 1025 5136 ,
1071 5088 1229 5142 quam
1286 5075 1545 5129 habemus
1590 5076 1642 5129 in
1684 5077 1792 5131 illa.
1834 5077 1968 5133 Nam

398 5160 537 5213 sicut
560 5159 672 5229 ipse
701 5160 955 5217 Dominus
979 5160 1134 5217 .Iesus
1164 5163 1409 5220 Christus
1437 5174 1489 5219 et
1516 5165 1762 5222 Salvator
1788 5179 1969 5224 noster

399 5252 558 5305 tertia
583 5251 667 5306 die
694 5255 989 5307 resurrexit
1029 5270 1058 5307 a
1108 5258 1350 5321 mortuis,
1382 5259 1454 5312 ita
1499 5268 1555 5313 et
1600 5275 1699 5315 nos
1730 5276 1969 5315 resurre-

396 5349 580 5395 cturos
620 5340 673 5393 in
722 5342 1010 5396 novissimo
1058 5343 1143 5397 die
1189 5359 1483 5414 speramus.
1536 5348 1684 5404 Unde
1710 5351 1872 5403 etiam
1912 5350 1965 5403 in

401 5432 678 5488 Dominico
696 5433 782 5487 die
806 5442 1009 5488 stantes
1037 5449 1268 5513 oramus,
1301 5440 1439 5507 quod
1472 5452 1556 5496 est
1583 5443 1789 5513 signum
1827 5444 1969 5497 futu-

406 5535 478 5573 rae
518 5524 939 5578 resurrectionis.
989 5524 1099 5579 Hoc
1135 5529 1241 5596 agit
1287 5528 1520 5584 Ecclesia
1555 5534 1824 5598 universa,
1851 5551 1969 5603 qua:

408 5610 459 5660 in
481 5612 903 5683 peregrinatione
924 5614 1267 5669 mortalitatis
1298 5618 1506 5672 iuventa
1530 5629 1628 5681 est,
1653 5635 1969 5689 exspectans

2062 3188 2175 3230 tam
2201 3191 2321 3231 esse
2348 3174 2573 3230 Iudaico
2608 3174 2832 3231 sabbato
2864 3176 3197 3231 Dominicum
3238 3184 3499 3240 nostram,
3524 3175 3639 3243 jam

2059 3279 2187 3325 tunc
2211 3268 2519 3323 indicatum.
2536 3266 2678 3336 quod
2706 3266 2758 3320 in
2805 3266 3029 3320 sabbato
3065 3266 3301 3335 ipsorum
3345 3264 3640 3335 gratia'Dei

2058 3364 2126 3418 de
2154 3361 2289 3418 caelo
2312 3361 2377 3429 ad
2412 3375 2506 3415 eos
2551 3360 2692 3414 nulla
2724 3361 3081 3424 descenderit,
3107 3361 3200 3415 sed
3243 3360 3297 3412 in
3327 3368 3507 3414 nostra
3538 3359 3643 3413 Do-

2060 3452 2257 3505 minica
2308 3452 2359 3504 in
2389 3446 2491 3517 qua
2522 3450 2755 3518 primum
2782 3450 3038 3518 Dominus
3072 3464 3191 3503 eam
3220 3447 3369 3517 pluit.
3488 3440 3503 3446 ”

2602 3539 2844 3613 ἀΑΡυτ
2897 3556 3074 3612 XLUL

2445 3626 2515 3681 De
2548 3628 2911 3696 festivitatibus
2939 3636 3256 3681 sanctorum.

2131 3719 2474 3775 Festivitates
2519 3718 2881 3788 apostolorum
2936 3719 3049 3773 sive
3092 3718 3146 3771 in
3202 3718 3458 3773 honorem
3498 3735 3643 3773 mar-

2061 3821 2241 3883 tyrum
2278 3812 2646 3868 solemnitates
2670 3853 2684 3876 ,
2718 3814 2922 3882 antiqui
2970 3808 3149 3883 patres
3190 3812 3244 3866 in
3285 3812 3645 3868 venerationis

2061 3902 2317 3974 mysterio
2343 3902 2617 3957 celebrare
2645 3910 2942 3958 sanxerunt
2968 3903 3211 3975 (August.
3234 3902 3299 3958 de
3322 3902 3473 3957 Civit.
3502 3900 3643 3971 Dei),

2060 3994 2143 4048 vel
2172 3992 2239 4048 ad
2267 3994 2608 4049 excitandam
2631 3994 3007 4058 imitationem,
3037 3994 3117 4047 vel
3148 4001 3206 4047 ut
3230 3993 3437 4048 meritis
3456 4007 3643 4047 eorum

2061 4085 2452 4150 consociemur,
2467 4093 2630 4155 atque
2648 4084 2983 4139 orationibus
2997 4084 3328 4153 adjuvemur,
3350 4084 3423 4138 ita
3444 4095 3650 4139 tamen.

2062 4190 2121 4235 ut
2142 4181 2271 4236 nulli
2301 4188 2623 4251 martyrum,
2665 4180 2759 4234 sed
2794 4178 2895 4248 ipsi
2920 4178 3028 4233 Deo
3055 4186 3372 4249 martyrum,
3403 4162 3653 4246 quamvis

2063 4271 2116 4325 in
2144 4272 2416 4325 memoriis
2470 4278 2787 4345 martyrum,
2828 4270 3219 4324 constituamus
3263 4269 3471 4323 altaria.
3516 4268 3655 4337 Quis

2066 4362 2209 4416 enim
2244 4360 2542 4415 antistitum
2574 4360 2626 4413 in
2654 4359 2784 4414 locis
2822 4367 3130 4415 sanctorum
3176 4375 3460 4427 corporum
3506 4361 3651 4414 assi-

2073 4462 2221 4508 stens
2246 4452 2403 4506 altari
2451 4452 2735 4521 aliquando
2784 4452 2957 4507 dixit:
2989 4451 3274 4511 Oﬂ’crimus
3320 4453 3436 4518 tibi,
3470 4453 3646 4515 Petro,

2071 4553 2163 4599 aut
2206 4544 2390 4609 Paule,
2436 4552 2527 4598 aut
2571 4544 2868 4615 Cypriane?
2914 4544 3019 4601 Sed
3064 4548 3203 4614 quod
3244 4546 3491 4609 oﬂ‘ertur,
3539 4547 3657 4599 Ben

2070 4632 2327 4697 otl'ertur,
2382 4635 2472 4703 qui
2522 4644 2789 4705 martyres
2826 4638 3134 4701 coronavit,
3175 4638 3314 4708 apud
3361 4638 3651 4693 memorias

2070 4740 2253 4779 eorum
2278 4740 2411 4795 quos
2431 4728 2727 4791 coronavit,
2760 4729 2901 4797 quod
2923 4744 2984 4783 ex
3018 4730 3254 4798 ipsorum
3277 4744 3458 4784 amore
3478 4728 3648 4798 major

2072 4812 2293 4870 allectus
2317 4825 2568 4886 exsurgat
2598 4817 2662 4870 ad
2686 4820 2981 4872 acuendam
3010 4820 3349 4895 charitatcm,
3382 4830 3435 4875 et
3457 4821 3507 4873 in
3529 4821 3653 4876 illos

2068 4920 2203 4973 quos
2232 4906 2430 4960 imitari
2456 4922 2748 4976 possemus,
2783 4916 2837 4962 et
2864 4909 2915 4961 in
2946 4908 3034 4961 illo
3054 4924 3159 4977 quo
3175 4908 3459 4977 adjuvante
3474 4913 3652 4980 possi-

2072 5012 2208 5049 mus.
2238 4994 2477 5050 Colimus
2522 5005 2648 5066 ergo
2684 5008 2949 5067 martyres
2985 5014 3049 5054 eo
3077 5001 3223 5053 cultu
3268 5000 3567 5056 dilectionis
3594 5008 3655 5058 'ct

2071 5088 2364 5151 societatis,
2400 5103 2505 5155 quo
2527 5097 2581 5141 ct
2604 5090 2657 5141 in
2682 5090 2781 5143 hac
2810 5092 2918 5143 vita
2949 5091 3195 5145 coluntur
3214 5093 3383 5147 sancti
3408 5094 3654 5148 homines

2073 5179 2185 5241 Dei,
2225 5194 2451 5246 quorum
2490 5195 2581 5233 cor
2625 5182 2690 5233 ad
2726 5181 2881 5235 talem
2925 5198 3023 5252 pro
3069 5185 3373 5255 evangelica
3424 5186 3655 5239 veritate

2076 5271 2377 5337 passionem
2398 5278 2643 5338 paratum
2671 5272 2951 5338 sentimus,
2966 5273 3057 5327 sed
3080 5274 3198 5328 illos
3216 5284 3362 5331 tanto
3384 5274 3651 5335 devotius,

2074 5367 2277 5427 quanto
2300 5359 2537 5412 securius
2563 5369 2682 5426 post
2712 5360 2910 5415 incerta
2946 5364 3122 5417 omnia
3154 5372 3422 5433 superata,
3451 5371 3655 5432 quanto

2074 5447 2233 5501 etiam
2268 5446 2531 5501 ﬁdentiori
2572 5448 2725 5501 laude
2760 5451 3128 5517 praedicamus,
3166 5452 3277 5521 jam
3310 5453 3361 5504 in
3398 5440 3505 5504 vita
3530 5451 3653 5506 feli-

2076 5536 2219 5590 ciore
2255 5537 2501 5599 victores,
2540 5552 2698 5605 quam
2732 5539 2782 5592 in
2808 5540 2907 5593 ista
2939 5541 3109 5595 adhuc
3134 5557 3301 5609 usque
3331 5549 3650 5611 pugnantes.

2078 5628 2143 5679 Λι
2170 5643 2297 5681 vero
2331 5629 2418 5681 illo
2450 5630 2590 5683 cultu
2622 5631 2710 5698 qui
2740 5630 2921 5686 Graece
2952 5633 3158 5694 latrcia,
3181 5634 3401 5705 λατρεία,
3434 5631 3651 5692 dicitur,
