  <div class='ocr_page' id='page_1' title='image "/cluster/home/n/w/nwhite01/storage/ocr_20150623/107/uva.x000827064/184.png"; bbox 0 0 3958 6324; ppageno 0'>
   <div class='ocr_carea' id='block_1_1' title="bbox 250 326 346 382">
    <p class='ocr_par' dir='ltr' id='par_1_1' title="bbox 250 326 346 382">
     <span class='ocr_line' id='line_1_1' title="bbox 250 326 346 382; baseline -0.031 0"><span class='ocrx_word' id='word_1_1' title='bbox 250 326 346 382; x_wconf 72' lang='grc'><strong>557</strong></span> 
     </span>
    </p>
   </div>
   <div class='ocr_carea' id='block_1_2' title="bbox 1020 305 2686 394">
    <p class='ocr_par' dir='ltr' id='par_1_2' title="bbox 1020 305 2686 394">
     <span class='ocr_line' id='line_1_2' title="bbox 1020 305 2686 394; baseline -0.005 -20"><span class='ocrx_word' id='word_1_2' title='bbox 1020 319 1104 374; x_wconf 80' lang='lat' dir='ltr'><strong>ut:</strong></span> <span class='ocrx_word' id='word_1_3' title='bbox 1143 318 1576 394; x_wconf 67' lang='lat' dir='ltr'><strong>CbEliltZORUM</strong></span> <span class='ocrx_word' id='word_1_4' title='bbox 1620 305 2118 378; x_wconf 68' lang='lat' dir='ltr'><strong>INSTITUTIONE,</strong></span> <span class='ocrx_word' id='word_1_5' title='bbox 2161 313 2309 369; x_wconf 74' lang='lat' dir='ltr'><strong>ne.</strong></span> <span class='ocrx_word' id='word_1_6' title='bbox 2352 347 2415 356; x_wconf 81' lang='grc'><strong>-</strong></span> <span class='ocrx_word' id='word_1_7' title='bbox 2456 316 2578 369; x_wconf 79' lang='lat' dir='ltr'><strong>LIB.</strong></span> <span class='ocrx_word' id='word_1_8' title='bbox 2625 316 2686 369; x_wconf 90' lang='lat' dir='ltr'><strong>n.</strong></span> 
     </span>
    </p>
   </div>
   <div class='ocr_carea' id='block_1_3' title="bbox 3365 318 3472 375">
    <p class='ocr_par' dir='ltr' id='par_1_3' title="bbox 3365 318 3472 375">
     <span class='ocr_line' id='line_1_3' title="bbox 3365 318 3472 375; baseline -0.028 0"><span class='ocrx_word' id='word_1_9' title='bbox 3365 318 3472 375; x_wconf 69' lang='lat'><strong>558</strong></span> 
     </span>
    </p>
   </div>
   <div class='ocr_carea' id='block_1_4' title="bbox 249 409 3474 508">
    <p class='ocr_par' dir='ltr' id='par_1_4' title="bbox 249 409 3474 508">
     <span class='ocr_line' id='line_1_4' title="bbox 249 409 3474 508; baseline -0.005 -9"><span class='ocrx_word' id='word_1_10' title='bbox 249 445 435 499; x_wconf 85' lang='lat' dir='ltr'><strong>Latine</strong></span> <span class='ocrx_word' id='word_1_11' title='bbox 479 457 584 499; x_wconf 88' lang='lat' dir='ltr'><strong>uno</strong></span> <span class='ocrx_word' id='word_1_12' title='bbox 628 442 789 495; x_wconf 82' lang='lat' dir='ltr'><strong>verbo</strong></span> <span class='ocrx_word' id='word_1_13' title='bbox 818 440 921 495; x_wconf 90' lang='lat' dir='ltr'><strong>dici</strong></span> <span class='ocrx_word' id='word_1_14' title='bbox 952 455 1054 493; x_wconf 90' lang='lat' dir='ltr'><strong>non</strong></span> <span class='ocrx_word' id='word_1_15' title='bbox 1098 447 1293 508; x_wconf 88' lang='lat' dir='ltr'><strong>potest,</strong></span> <span class='ocrx_word' id='word_1_16' title='bbox 1338 454 1457 491; x_wconf 89' lang='lat' dir='ltr'><strong>cum</strong></span> <span class='ocrx_word' id='word_1_17' title='bbox 1496 433 1706 502; x_wconf 70' lang='lat' dir='ltr'><strong>proprie</strong></span> <span class='ocrx_word' id='word_1_18' title='bbox 1742 432 1810 485; x_wconf 89' lang='lat' dir='ltr'><strong>sit</strong></span> <span class='ocrx_word' id='word_1_19' title='bbox 1841 438 1882 489; x_wconf 76' lang='grc' dir='ltr'><strong>Α</strong></span> <span class='ocrx_word' id='word_1_20' title='bbox 1915 438 2213 483; x_wconf 83' lang='lat' dir='ltr'><strong>etumesta</strong></span> <span class='ocrx_word' id='word_1_21' title='bbox 2257 436 2442 483; x_wconf 86' lang='lat' dir='ltr'><strong>sancto</strong></span> <span class='ocrx_word' id='word_1_22' title='bbox 2472 409 2803 498; x_wconf 40' lang='lat' dir='ltr'><strong>Augustino:</strong></span> <span class='ocrx_word' id='word_1_23' title='bbox 2846 427 3210 483; x_wconf 69' lang='lat' dir='ltr'><strong>defunctorum</strong></span> <span class='ocrx_word' id='word_1_24' title='bbox 3263 430 3474 485; x_wconf 86' lang='lat' dir='ltr'><strong>animas</strong></span> 
     </span>
    </p>
   </div>
   <div class='ocr_carea' id='block_1_5' title="bbox 248 525 1815 606">
    <p class='ocr_par' dir='ltr' id='par_1_5' title="bbox 248 525 1815 606">
     <span class='ocr_line' id='line_1_5' title="bbox 248 525 1815 606; baseline -0.01 -18"><span class='ocrx_word' id='word_1_25' title='bbox 248 536 487 606; x_wconf 80' lang='lat' dir='ltr'><strong>qutedam</strong></span> <span class='ocrx_word' id='word_1_26' title='bbox 514 531 778 585; x_wconf 67' lang='lat' dir='ltr'><strong>divinitati</strong></span> <span class='ocrx_word' id='word_1_27' title='bbox 813 530 988 585; x_wconf 86' lang='lat' dir='ltr'><strong>debita</strong></span> <span class='ocrx_word' id='word_1_28' title='bbox 1028 530 1276 592; x_wconf 86' lang='lat' dir='ltr'><strong>servitus,</strong></span> <span class='ocrx_word' id='word_1_29' title='bbox 1322 544 1419 581; x_wconf 87' lang='lat' dir='ltr'><strong>nec</strong></span> <span class='ocrx_word' id='word_1_30' title='bbox 1452 525 1694 584; x_wconf 80' lang='lat' dir='ltr'><strong>colimus,</strong></span> <span class='ocrx_word' id='word_1_31' title='bbox 1718 536 1815 574; x_wconf 87' lang='lat' dir='ltr'><strong>nec</strong></span> 
     </span>
    </p>
   </div>
   <div class='ocr_carea' id='block_1_6' title="bbox 210 613 1813 696">
    <p class='ocr_par' dir='ltr' id='par_1_6' title="bbox 210 613 1813 696">
     <span class='ocr_line' id='line_1_6' title="bbox 210 613 1813 696; baseline -0.01 -20"><span class='ocrx_word' id='word_1_32' title='bbox 210 692 215 696; x_wconf 11' lang='grc' dir='ltr'><em>ἐ</em></span> <span class='ocrx_word' id='word_1_33' title='bbox 249 622 524 677; x_wconf 89' lang='lat' dir='ltr'><strong>colendum</strong></span> <span class='ocrx_word' id='word_1_34' title='bbox 579 621 845 683; x_wconf 78' lang='lat' dir='ltr'><strong>docemus,</strong></span> <span class='ocrx_word' id='word_1_35' title='bbox 879 620 978 673; x_wconf 88' lang='lat' dir='ltr'><strong>nisi</strong></span> <span class='ocrx_word' id='word_1_36' title='bbox 1037 633 1198 672; x_wconf 91' lang='lat' dir='ltr'><strong>unum</strong></span> <span class='ocrx_word' id='word_1_37' title='bbox 1240 617 1426 670; x_wconf 85' lang='lat' dir='ltr'><strong>Deum.</strong></span> <span class='ocrx_word' id='word_1_38' title='bbox 1472 613 1603 666; x_wconf 86' lang='lat' dir='ltr'><strong>Cum</strong></span> <span class='ocrx_word' id='word_1_39' title='bbox 1636 620 1813 664; x_wconf 84' lang='lat' dir='ltr'><strong>autem</strong></span> 
     </span>
    </p>
   </div>
   <div class='ocr_carea' id='block_1_7' title="bbox 250 698 1817 779">
    <p class='ocr_par' dir='ltr' id='par_1_7' title="bbox 250 698 1817 779">
     <span class='ocr_line' id='line_1_7' title="bbox 250 698 1817 779; baseline -0.009 -12"><span class='ocrx_word' id='word_1_40' title='bbox 250 716 312 767; x_wconf 85' lang='lat' dir='ltr'><strong>ad</strong></span> <span class='ocrx_word' id='word_1_41' title='bbox 335 714 475 767; x_wconf 88' lang='lat' dir='ltr'><strong>hunc</strong></span> <span class='ocrx_word' id='word_1_42' title='bbox 494 711 694 765; x_wconf 89' lang='lat' dir='ltr'><strong>cultum</strong></span> <span class='ocrx_word' id='word_1_43' title='bbox 712 710 976 779; x_wconf 88' lang='lat' dir='ltr'><strong>pertineat</strong></span> <span class='ocrx_word' id='word_1_44' title='bbox 995 708 1191 764; x_wconf 88' lang='lat' dir='ltr'><strong>oblatio</strong></span> <span class='ocrx_word' id='word_1_45' title='bbox 1208 705 1476 767; x_wconf 90' lang='lat' dir='ltr'><strong>sacriﬁcii,</strong></span> <span class='ocrx_word' id='word_1_46' title='bbox 1495 702 1631 756; x_wconf 91' lang='lat' dir='ltr'><strong>unde</strong></span> <span class='ocrx_word' id='word_1_47' title='bbox 1652 698 1817 754; x_wconf 89' lang='lat' dir='ltr'><strong>idolo-</strong></span> 
     </span>
    </p>
   </div>
   <div class='ocr_carea' id='block_1_8' title="bbox 250 792 1813 870">
    <p class='ocr_par' dir='ltr' id='par_1_8' title="bbox 250 792 1813 870">
     <span class='ocr_line' id='line_1_8' title="bbox 250 792 1813 870; baseline -0.009 -13"><span class='ocrx_word' id='word_1_48' title='bbox 250 803 401 859; x_wconf 88' lang='lat' dir='ltr'><strong>latria</strong></span> <span class='ocrx_word' id='word_1_49' title='bbox 429 801 622 856; x_wconf 89' lang='lat' dir='ltr'><strong>dicitur</strong></span> <span class='ocrx_word' id='word_1_50' title='bbox 650 816 854 864; x_wconf 89' lang='lat' dir='ltr'><strong>eorum,</strong></span> <span class='ocrx_word' id='word_1_51' title='bbox 888 800 975 870; x_wconf 87' lang='lat' dir='ltr'><strong>qui</strong></span> <span class='ocrx_word' id='word_1_52' title='bbox 1010 800 1113 856; x_wconf 90' lang='lat' dir='ltr'><strong>hoc</strong></span> <span class='ocrx_word' id='word_1_53' title='bbox 1157 799 1316 853; x_wconf 90' lang='lat' dir='ltr'><strong>etiam</strong></span> <span class='ocrx_word' id='word_1_54' title='bbox 1360 794 1512 849; x_wconf 80' lang='lat' dir='ltr'><strong>idolis</strong></span> <span class='ocrx_word' id='word_1_55' title='bbox 1539 792 1813 853; x_wconf 80' lang='lat' dir='ltr'><strong>exhibent,</strong></span> 
     </span>
    </p>
   </div>
   <div class='ocr_carea' id='block_1_9' title="bbox 253 884 1816 973">
    <p class='ocr_par' dir='ltr' id='par_1_9' title="bbox 253 884 1816 973">
     <span class='ocr_line' id='line_1_9' title="bbox 253 884 1816 973; baseline -0.008 -25"><span class='ocrx_word' id='word_1_56' title='bbox 253 894 395 949; x_wconf 87' lang='lat' dir='ltr'><strong>nullo</strong></span> <span class='ocrx_word' id='word_1_57' title='bbox 438 892 597 947; x_wconf 91' lang='lat' dir='ltr'><strong>modo</strong></span> <span class='ocrx_word' id='word_1_58' title='bbox 646 892 841 962; x_wconf 84' lang='lat' dir='ltr'><strong>aliquid</strong></span> <span class='ocrx_word' id='word_1_59' title='bbox 889 894 993 946; x_wconf 89' lang='lat' dir='ltr'><strong>tale</strong></span> <span class='ocrx_word' id='word_1_60' title='bbox 1034 891 1307 946; x_wconf 78' lang='lat' dir='ltr'><strong>oﬁ‘crimus</strong></span> <span class='ocrx_word' id='word_1_61' title='bbox 1359 895 1466 973; x_wconf 35' lang='lat' dir='ltr'><strong>aut.</strong></span> <span class='ocrx_word' id='word_1_62' title='bbox 1488 884 1816 940; x_wconf 70' lang='lat' dir='ltr'><strong>offerendum</strong></span> 
     </span>
    </p>
   </div>
   <div class='ocr_carea' id='block_1_10' title="bbox 251 978 1818 1052">
    <p class='ocr_par' dir='ltr' id='par_1_10' title="bbox 251 978 1818 1052">
     <span class='ocr_line' id='line_1_10' title="bbox 251 978 1818 1052; baseline -0.004 -17"><span class='ocrx_word' id='word_1_63' title='bbox 251 982 604 1052; x_wconf 72' lang='lat' dir='ltr'><strong>prmeipimns,</strong></span> <span class='ocrx_word' id='word_1_64' title='bbox 621 982 701 1037; x_wconf 90' lang='lat' dir='ltr'><strong>vel</strong></span> <span class='ocrx_word' id='word_1_65' title='bbox 724 984 970 1051; x_wconf 86' lang='lat' dir='ltr'><strong>cuiquam</strong></span> <span class='ocrx_word' id='word_1_66' title='bbox 989 980 1230 1051; x_wconf 79' lang='lat' dir='ltr'><strong>martyri,</strong></span> <span class='ocrx_word' id='word_1_67' title='bbox 1245 979 1328 1033; x_wconf 94' lang='lat' dir='ltr'><strong>vel</strong></span> <span class='ocrx_word' id='word_1_68' title='bbox 1351 978 1597 1047; x_wconf 87' lang='lat' dir='ltr'><strong>cuiquam</strong></span> <span class='ocrx_word' id='word_1_69' title='bbox 1620 983 1818 1029; x_wconf 74' lang='lat' dir='ltr'><strong>sancta:</strong></span> 
     </span>
    </p>
   </div>
   <div class='ocr_carea' id='block_1_11' title="bbox 251 1065 1818 1143">
    <p class='ocr_par' dir='ltr' id='par_1_11' title="bbox 251 1065 1818 1143">
     <span class='ocr_line' id='line_1_11' title="bbox 251 1065 1818 1143; baseline -0.005 -17"><span class='ocrx_word' id='word_1_70' title='bbox 251 1072 460 1135; x_wconf 64' lang='lat' dir='ltr'><strong>anima},</strong></span> <span class='ocrx_word' id='word_1_71' title='bbox 487 1072 569 1126; x_wconf 85' lang='lat' dir='ltr'><strong>vel</strong></span> <span class='ocrx_word' id='word_1_72' title='bbox 591 1073 838 1142; x_wconf 86' lang='lat' dir='ltr'><strong>cuiquam</strong></span> <span class='ocrx_word' id='word_1_73' title='bbox 866 1065 1073 1143; x_wconf 78' lang='lat' dir='ltr'><strong>angelo,</strong></span> <span class='ocrx_word' id='word_1_74' title='bbox 1096 1079 1149 1123; x_wconf 84' lang='lat' dir='ltr'><strong>et</strong></span> <span class='ocrx_word' id='word_1_75' title='bbox 1169 1068 1411 1138; x_wconf 88' lang='lat' dir='ltr'><strong>quisquis</strong></span> <span class='ocrx_word' id='word_1_76' title='bbox 1436 1068 1487 1119; x_wconf 87' lang='lat' dir='ltr'><strong>itt</strong></span> <span class='ocrx_word' id='word_1_77' title='bbox 1510 1066 1649 1119; x_wconf 87' lang='lat' dir='ltr'><strong>hunc</strong></span> <span class='ocrx_word' id='word_1_78' title='bbox 1670 1079 1818 1118; x_wconf 81' lang='lat' dir='ltr'><strong>erro—</strong></span> 
     </span>
    </p>
   </div>
   <div class='ocr_carea' id='block_1_12' title="bbox 252 1154 1817 1232">
    <p class='ocr_par' dir='ltr' id='par_1_12' title="bbox 252 1154 1817 1232">
     <span class='ocr_line' id='line_1_12' title="bbox 252 1154 1817 1232; baseline -0.006 -16"><span class='ocrx_word' id='word_1_79' title='bbox 252 1179 361 1217; x_wconf 90' lang='lat' dir='ltr'><strong>rem</strong></span> <span class='ocrx_word' id='word_1_80' title='bbox 386 1162 660 1228; x_wconf 84' lang='lat' dir='ltr'><strong>dilabitur,</strong></span> <span class='ocrx_word' id='word_1_81' title='bbox 691 1162 1010 1232; x_wconf 83' lang='lat' dir='ltr'><strong>cerripiatur</strong></span> <span class='ocrx_word' id='word_1_82' title='bbox 1029 1176 1125 1228; x_wconf 90' lang='lat' dir='ltr'><strong>per</strong></span> <span class='ocrx_word' id='word_1_83' title='bbox 1160 1173 1341 1212; x_wconf 73' lang='lat' dir='ltr'><strong>sanam</strong></span> <span class='ocrx_word' id='word_1_84' title='bbox 1368 1155 1682 1216; x_wconf 86' lang='lat' dir='ltr'><strong>doctrinam,</strong></span> <span class='ocrx_word' id='word_1_85' title='bbox 1706 1154 1817 1208; x_wconf 87' lang='lat' dir='ltr'><strong>sive</strong></span> 
     </span>
    </p>
   </div>
   <div class='ocr_carea' id='block_1_13' title="bbox 251 1242 1814 1323">
    <p class='ocr_par' dir='ltr' id='par_1_13' title="bbox 251 1242 1814 1323">
     <span class='ocr_line' id='line_1_13' title="bbox 251 1242 1814 1323; baseline -0.006 -18"><span class='ocrx_word' id='word_1_86' title='bbox 251 1261 307 1305; x_wconf 83' lang='grc' dir='ltr'><strong>ιιι</strong></span> <span class='ocrx_word' id='word_1_87' title='bbox 328 1253 645 1323; x_wconf 79' lang='lat' dir='ltr'><strong>corrigatur,</strong></span> <span class='ocrx_word' id='word_1_88' title='bbox 672 1252 783 1306; x_wconf 88' lang='lat' dir='ltr'><strong>sive</strong></span> <span class='ocrx_word' id='word_1_89' title='bbox 821 1259 879 1305; x_wconf 91' lang='lat' dir='ltr'><strong>ut</strong></span> <span class='ocrx_word' id='word_1_90' title='bbox 903 1260 1160 1305; x_wconf 82' lang='lat' dir='ltr'><strong>caveatur</strong></span> <span class='ocrx_word' id='word_1_91' title='bbox 1192 1248 1317 1301; x_wconf 88' lang='lat' dir='ltr'><strong>dum</strong></span> <span class='ocrx_word' id='word_1_92' title='bbox 1339 1246 1500 1300; x_wconf 89' lang='lat' dir='ltr'><strong>etiam</strong></span> <span class='ocrx_word' id='word_1_93' title='bbox 1529 1244 1626 1315; x_wconf 89' lang='lat' dir='ltr'><strong>ipsi</strong></span> <span class='ocrx_word' id='word_1_94' title='bbox 1648 1242 1814 1298; x_wconf 79' lang='lat' dir='ltr'><strong>sancti</strong></span> 
     </span>
    </p>
   </div>
   <div class='ocr_carea' id='block_1_14' title="bbox 252 1324 1815 1415">
    <p class='ocr_par' dir='ltr' id='par_1_14' title="bbox 252 1324 1815 1415">
     <span class='ocr_line' id='line_1_14' title="bbox 252 1324 1815 1415; baseline -0.003 -22"><span class='ocrx_word' id='word_1_95' title='bbox 252 1342 331 1396; x_wconf 89' lang='lat' dir='ltr'><strong>vel</strong></span> <span class='ocrx_word' id='word_1_96' title='bbox 356 1342 599 1398; x_wconf 80' lang='lat' dir='ltr'><strong>homines</strong></span> <span class='ocrx_word' id='word_1_97' title='bbox 621 1341 702 1395; x_wconf 83' lang='lat' dir='ltr'><strong>vel</strong></span> <span class='ocrx_word' id='word_1_98' title='bbox 733 1341 904 1410; x_wconf 78' lang='lat' dir='ltr'><strong>angeli</strong></span> <span class='ocrx_word' id='word_1_99' title='bbox 931 1324 1166 1394; x_wconf 82' lang='lat' dir='ltr'><strong>exhiberi</strong></span> <span class='ocrx_word' id='word_1_100' title='bbox 1197 1338 1298 1393; x_wconf 85' lang='lat' dir='ltr'><strong>sibi</strong></span> <span class='ocrx_word' id='word_1_101' title='bbox 1328 1336 1517 1415; x_wconf 79' lang='lat' dir='ltr'><strong>nolint,</strong></span> <span class='ocrx_word' id='word_1_102' title='bbox 1545 1335 1687 1405; x_wconf 92' lang='lat' dir='ltr'><strong>quod</strong></span> <span class='ocrx_word' id='word_1_103' title='bbox 1725 1337 1815 1389; x_wconf 92' lang='lat' dir='ltr'><strong>uni</strong></span> 
     </span>
    </p>
   </div>
   <div class='ocr_carea' id='block_1_15' title="bbox 238 1425 1814 1499">
    <p class='ocr_par' dir='ltr' id='par_1_15' title="bbox 238 1425 1814 1499">
     <span class='ocr_line' id='line_1_15' title="bbox 238 1425 1814 1499; baseline -0.004 -14"><span class='ocrx_word' id='word_1_104' title='bbox 238 1430 359 1485; x_wconf 79' lang='lat' dir='ltr'><strong>‘Deo</strong></span> <span class='ocrx_word' id='word_1_105' title='bbox 389 1430 570 1484; x_wconf 85' lang='lat' dir='ltr'><strong>deberi</strong></span> <span class='ocrx_word' id='word_1_106' title='bbox 602 1431 800 1484; x_wconf 90' lang='lat' dir='ltr'><strong>norint.</strong></span> <span class='ocrx_word' id='word_1_107' title='bbox 824 1429 1083 1499; x_wconf 83' lang='lat' dir='ltr'><strong>Apparuit</strong></span> <span class='ocrx_word' id='word_1_108' title='bbox 1106 1425 1208 1484; x_wconf 79' lang='lat' dir='ltr'><strong>hoc</strong></span> <span class='ocrx_word' id='word_1_109' title='bbox 1230 1428 1283 1481; x_wconf 94' lang='lat' dir='ltr'><strong>in</strong></span> <span class='ocrx_word' id='word_1_110' title='bbox 1304 1428 1469 1483; x_wconf 83' lang='lat' dir='ltr'><strong>Paulo</strong></span> <span class='ocrx_word' id='word_1_111' title='bbox 1498 1435 1553 1481; x_wconf 91' lang='lat' dir='ltr'><strong>et</strong></span> <span class='ocrx_word' id='word_1_112' title='bbox 1574 1427 1814 1480; x_wconf 85' lang='lat' dir='ltr'><strong>Barnaba</strong></span> 
     </span>
    </p>
   </div>
   <div class='ocr_carea' id='block_1_16' title="bbox 250 1517 1813 1588">
    <p class='ocr_par' dir='ltr' id='par_1_16' title="bbox 250 1517 1813 1588">
     <span class='ocr_line' id='line_1_16' title="bbox 250 1517 1813 1588; baseline -0.002 -15"><span class='ocrx_word' id='word_1_113' title='bbox 250 1535 367 1573; x_wconf 88' lang='lat' dir='ltr'><strong>cum</strong></span> <span class='ocrx_word' id='word_1_114' title='bbox 395 1560 409 1584; x_wconf 95' lang='lat'><strong>,</strong></span> <span class='ocrx_word' id='word_1_115' title='bbox 443 1520 691 1575; x_wconf 89' lang='lat' dir='ltr'><strong>commoti</strong></span> <span class='ocrx_word' id='word_1_116' title='bbox 742 1518 1011 1573; x_wconf 75' lang='lat' dir='ltr'><strong>miraculis</strong></span> <span class='ocrx_word' id='word_1_117' title='bbox 1034 1559 1048 1583; x_wconf 96' lang='lat'><strong>,</strong></span> <span class='ocrx_word' id='word_1_118' title='bbox 1078 1532 1197 1588; x_wconf 70' lang='lat' dir='ltr'><strong>qua:</strong></span> <span class='ocrx_word' id='word_1_119' title='bbox 1230 1533 1325 1586; x_wconf 89' lang='lat' dir='ltr'><strong>per</strong></span> <span class='ocrx_word' id='word_1_120' title='bbox 1369 1532 1461 1573; x_wconf 90' lang='lat' dir='ltr'><strong>eos</strong></span> <span class='ocrx_word' id='word_1_121' title='bbox 1503 1517 1644 1572; x_wconf 87' lang='lat' dir='ltr'><strong>facta</strong></span> <span class='ocrx_word' id='word_1_122' title='bbox 1671 1525 1813 1579; x_wconf 85' lang='lat' dir='ltr'><strong>sunt,</strong></span> 
     </span>
    </p>
   </div>
   <div class='ocr_carea' id='block_1_17' title="bbox 216 1590 1811 1694">
    <p class='ocr_par' dir='ltr' id='par_1_17' title="bbox 216 1590 1811 1694">
     <span class='ocr_line' id='line_1_17' title="bbox 216 1590 1811 1694; baseline -0.001 -35"><span class='ocrx_word' id='word_1_123' title='bbox 216 1614 219 1615; x_wconf 70' lang='lat'><strong><em>&#39;</em></strong></span> <span class='ocrx_word' id='word_1_124' title='bbox 251 1605 522 1694; x_wconf 80' lang='lat' dir='ltr'><strong>Lycaonii,</strong></span> <span class='ocrx_word' id='word_1_125' title='bbox 544 1615 793 1678; x_wconf 89' lang='lat' dir='ltr'><strong>tanquam</strong></span> <span class='ocrx_word' id='word_1_126' title='bbox 810 1607 909 1694; x_wconf 63' lang='lat' dir='ltr'><strong>diis</strong></span> <span class='ocrx_word' id='word_1_127' title='bbox 926 1606 1201 1662; x_wconf 88' lang='lat' dir='ltr'><strong>immolare</strong></span> <span class='ocrx_word' id='word_1_128' title='bbox 1220 1605 1501 1660; x_wconf 90' lang='lat' dir='ltr'><strong>voluerunt</strong></span> <span class='ocrx_word' id='word_1_129' title='bbox 1521 1590 1655 1676; x_wconf 68' lang='grc' dir='ltr'><strong>(Αἱι.</strong></span> <span class='ocrx_word' id='word_1_130' title='bbox 1681 1606 1811 1674; x_wconf 67' lang='grc' dir='ltr'><strong>χιτ).</strong></span> 
     </span>
    </p>
   </div>
   <div class='ocr_carea' id='block_1_18' title="bbox 249 1685 1814 1766">
    <p class='ocr_par' dir='ltr' id='par_1_18' title="bbox 249 1685 1814 1766">
     <span class='ocr_line' id='line_1_18' title="bbox 249 1685 1814 1766; baseline -0.004 -15"><span class='ocrx_word' id='word_1_131' title='bbox 249 1685 546 1751; x_wconf 73' lang='lat' dir='ltr'><strong>(Ionscissis</strong></span> <span class='ocrx_word' id='word_1_132' title='bbox 564 1698 705 1750; x_wconf 90' lang='lat' dir='ltr'><strong>enim</strong></span> <span class='ocrx_word' id='word_1_133' title='bbox 735 1685 1063 1766; x_wconf 73' lang='lat' dir='ltr'><strong>vestimentis</strong></span> <span class='ocrx_word' id='word_1_134' title='bbox 1084 1696 1212 1760; x_wconf 89' lang='lat' dir='ltr'><strong>suis,</strong></span> <span class='ocrx_word' id='word_1_135' title='bbox 1244 1695 1558 1749; x_wconf 88' lang='lat' dir='ltr'><strong>conﬁtentes</strong></span> <span class='ocrx_word' id='word_1_136' title='bbox 1598 1704 1651 1748; x_wconf 88' lang='lat' dir='ltr'><strong>et</strong></span> <span class='ocrx_word' id='word_1_137' title='bbox 1691 1703 1814 1763; x_wconf 68' lang='lat' dir='ltr'><strong>prr-</strong></span> 
     </span>
    </p>
   </div>
   <div class='ocr_carea' id='block_1_19' title="bbox 1920 508 3474 590">
    <p class='ocr_par' dir='ltr' id='par_1_19' title="bbox 1920 508 3474 590">
     <span class='ocr_line' id='line_1_19' title="bbox 1920 508 3474 590; baseline -0.001 -15"><span class='ocrx_word' id='word_1_138' title='bbox 1920 523 2035 575; x_wconf 89' lang='lat' dir='ltr'><strong>sine</strong></span> <span class='ocrx_word' id='word_1_139' title='bbox 2079 508 2237 575; x_wconf 75' lang='lat' dir='ltr'><strong>dubio</strong></span> <span class='ocrx_word' id='word_1_140' title='bbox 2270 521 2466 590; x_wconf 88' lang='lat' dir='ltr'><strong>pietate</strong></span> <span class='ocrx_word' id='word_1_141' title='bbox 2498 534 2718 573; x_wconf 90' lang='lat' dir='ltr'><strong>suorum</strong></span> <span class='ocrx_word' id='word_1_142' title='bbox 2753 520 3040 572; x_wconf 75' lang='lat' dir='ltr'><strong>viventium</strong></span> <span class='ocrx_word' id='word_1_143' title='bbox 3078 519 3320 584; x_wconf 87' lang='lat' dir='ltr'><strong>relevari,</strong></span> <span class='ocrx_word' id='word_1_144' title='bbox 3352 536 3474 581; x_wconf 75' lang='lat' dir='ltr'><strong>cum</strong></span> 
     </span>
    </p>
   </div>
   <div class='ocr_carea' id='block_1_20' title="bbox 1917 609 3475 683">
    <p class='ocr_par' dir='ltr' id='par_1_20' title="bbox 1917 609 3475 683">
     <span class='ocr_line' id='line_1_20' title="bbox 1917 609 3475 683; baseline -0.001 -19"><span class='ocrx_word' id='word_1_145' title='bbox 1917 626 2013 679; x_wconf 74' lang='lat' dir='ltr'><strong>pro</strong></span> <span class='ocrx_word' id='word_1_146' title='bbox 2044 611 2144 666; x_wconf 89' lang='lat' dir='ltr'><strong>illis</strong></span> <span class='ocrx_word' id='word_1_147' title='bbox 2174 610 2495 665; x_wconf 87' lang='lat' dir='ltr'><strong>sacriﬁcium</strong></span> <span class='ocrx_word' id='word_1_148' title='bbox 2542 609 2783 671; x_wconf 72' lang='lat' dir='ltr'><strong>oll‘crtur,</strong></span> <span class='ocrx_word' id='word_1_149' title='bbox 2812 609 2893 661; x_wconf 85' lang='lat' dir='ltr'><strong>vel</strong></span> <span class='ocrx_word' id='word_1_150' title='bbox 2931 609 3279 683; x_wconf 70' lang='lat' dir='ltr'><strong>eleemosynie</strong></span> <span class='ocrx_word' id='word_1_151' title='bbox 3320 610 3475 682; x_wconf 68' lang='lat' dir='ltr'><strong>ﬁunt,</strong></span> 
     </span>
    </p>
   </div>
   <div class='ocr_carea' id='block_1_21' title="bbox 1915 700 3477 770">
    <p class='ocr_par' dir='ltr' id='par_1_21' title="bbox 1915 700 3477 770">
     <span class='ocr_line' id='line_1_21' title="bbox 1915 700 3477 770; baseline 0.001 -15"><span class='ocrx_word' id='word_1_152' title='bbox 1915 701 1960 755; x_wconf 87' lang='lat' dir='ltr'><strong>si</strong></span> <span class='ocrx_word' id='word_1_153' title='bbox 1989 708 2166 755; x_wconf 88' lang='lat' dir='ltr'><strong>tamen</strong></span> <span class='ocrx_word' id='word_1_154' title='bbox 2216 700 2429 769; x_wconf 83' lang='lat' dir='ltr'><strong>aliquod</strong></span> <span class='ocrx_word' id='word_1_155' title='bbox 2452 702 2677 769; x_wconf 87' lang='lat' dir='ltr'><strong>quisque</strong></span> <span class='ocrx_word' id='word_1_156' title='bbox 2700 700 2800 756; x_wconf 84' lang='lat' dir='ltr'><strong>sibi</strong></span> <span class='ocrx_word' id='word_1_157' title='bbox 2839 700 3085 754; x_wconf 87' lang='lat' dir='ltr'><strong>meritum</strong></span> <span class='ocrx_word' id='word_1_158' title='bbox 3136 705 3477 770; x_wconf 75' lang='lat' dir='ltr'><strong>praeparavit,</strong></span> 
     </span>
    </p>
   </div>
   <div class='ocr_carea' id='block_1_22' title="bbox 1917 790 3473 859">
    <p class='ocr_par' dir='ltr' id='par_1_22' title="bbox 1917 790 3473 859">
     <span class='ocr_line' id='line_1_22' title="bbox 1917 790 3473 859; baseline 0.001 -16"><span class='ocrx_word' id='word_1_159' title='bbox 1917 791 2043 844; x_wconf 90' lang='lat' dir='ltr'><strong>dum</strong></span> <span class='ocrx_word' id='word_1_160' title='bbox 2074 790 2249 844; x_wconf 92' lang='lat' dir='ltr'><strong>adhuc</strong></span> <span class='ocrx_word' id='word_1_161' title='bbox 2274 790 2325 843; x_wconf 91' lang='lat' dir='ltr'><strong>in</strong></span> <span class='ocrx_word' id='word_1_162' title='bbox 2356 805 2585 858; x_wconf 89' lang='lat' dir='ltr'><strong>corpore</strong></span> <span class='ocrx_word' id='word_1_163' title='bbox 2619 790 2840 849; x_wconf 82' lang='lat' dir='ltr'><strong>viveret,</strong></span> <span class='ocrx_word' id='word_1_164' title='bbox 2876 806 2971 858; x_wconf 92' lang='lat' dir='ltr'><strong>pro</strong></span> <span class='ocrx_word' id='word_1_165' title='bbox 2999 805 3102 859; x_wconf 90' lang='lat' dir='ltr'><strong>qua</strong></span> <span class='ocrx_word' id='word_1_166' title='bbox 3128 790 3225 843; x_wconf 90' lang='lat' dir='ltr'><strong>ista</strong></span> <span class='ocrx_word' id='word_1_167' title='bbox 3246 792 3473 859; x_wconf 86' lang='lat' dir='ltr'><strong>prosint,</strong></span> 
     </span>
    </p>
   </div>
   <div class='ocr_carea' id='block_1_23' title="bbox 1916 879 3474 951">
    <p class='ocr_par' dir='ltr' id='par_1_23' title="bbox 1916 879 3474 951">
     <span class='ocr_line' id='line_1_23' title="bbox 1916 879 3474 951; baseline 0.001 -18"><span class='ocrx_word' id='word_1_168' title='bbox 1916 894 2247 950; x_wconf 78' lang='lat' dir='ltr'><strong>quzecunque</strong></span> <span class='ocrx_word' id='word_1_169' title='bbox 2284 896 2377 949; x_wconf 88' lang='lat' dir='ltr'><strong>pro</strong></span> <span class='ocrx_word' id='word_1_170' title='bbox 2410 880 2500 933; x_wconf 90' lang='lat' dir='ltr'><strong>illo</strong></span> <span class='ocrx_word' id='word_1_171' title='bbox 2550 880 2701 932; x_wconf 89' lang='lat' dir='ltr'><strong>ﬁttnt.</strong></span> <span class='ocrx_word' id='word_1_172' title='bbox 2759 879 2892 932; x_wconf 89' lang='lat' dir='ltr'><strong>Nam</strong></span> <span class='ocrx_word' id='word_1_173' title='bbox 2922 896 3027 933; x_wconf 89' lang='lat' dir='ltr'><strong>non</strong></span> <span class='ocrx_word' id='word_1_174' title='bbox 3060 882 3309 935; x_wconf 90' lang='lat' dir='ltr'><strong>omnibus</strong></span> <span class='ocrx_word' id='word_1_175' title='bbox 3347 896 3474 951; x_wconf 80' lang='lat' dir='ltr'><strong>pro-</strong></span> 
     </span>
    </p>
   </div>
   <div class='ocr_carea' id='block_1_24' title="bbox 1917 968 3478 1039">
    <p class='ocr_par' dir='ltr' id='par_1_24' title="bbox 1917 968 3478 1039">
     <span class='ocr_line' id='line_1_24' title="bbox 1917 968 3478 1039; baseline 0.001 -16"><span class='ocrx_word' id='word_1_176' title='bbox 1917 978 2063 1031; x_wconf 89' lang='lat' dir='ltr'><strong>sunt,</strong></span> <span class='ocrx_word' id='word_1_177' title='bbox 2092 970 2192 1023; x_wconf 89' lang='lat' dir='ltr'><strong>nisi</strong></span> <span class='ocrx_word' id='word_1_178' title='bbox 2231 985 2329 1039; x_wconf 91' lang='lat' dir='ltr'><strong>pro</strong></span> <span class='ocrx_word' id='word_1_179' title='bbox 2374 969 2671 1024; x_wconf 70' lang='lat' dir='ltr'><strong>diderentia</strong></span> <span class='ocrx_word' id='word_1_180' title='bbox 2702 970 2842 1035; x_wconf 35' lang='lat' dir='ltr'><strong>Vl‘ltﬂ,</strong></span> <span class='ocrx_word' id='word_1_181' title='bbox 2877 984 2995 1038; x_wconf 71' lang='lat' dir='ltr'><strong>qua:</strong></span> <span class='ocrx_word' id='word_1_182' title='bbox 3045 968 3271 1039; x_wconf 89' lang='lat' dir='ltr'><strong>quisque</strong></span> <span class='ocrx_word' id='word_1_183' title='bbox 3313 972 3478 1039; x_wconf 82' lang='lat' dir='ltr'><strong>gessit</strong></span> 
     </span>
    </p>
   </div>
   <div class='ocr_carea' id='block_1_25' title="bbox 1917 1059 3481 1130">
    <p class='ocr_par' dir='ltr' id='par_1_25' title="bbox 1917 1059 3481 1130">
     <span class='ocr_line' id='line_1_25' title="bbox 1917 1059 3481 1130; baseline 0.003 -17"><span class='ocrx_word' id='word_1_184' title='bbox 1917 1061 1969 1113; x_wconf 88' lang='lat' dir='ltr'><strong>itt</strong></span> <span class='ocrx_word' id='word_1_185' title='bbox 1994 1074 2235 1129; x_wconf 82' lang='lat' dir='ltr'><strong>corpore.</strong></span> <span class='ocrx_word' id='word_1_186' title='bbox 2264 1059 2395 1113; x_wconf 81' lang='lat' dir='ltr'><strong>Nam</strong></span> <span class='ocrx_word' id='word_1_187' title='bbox 2426 1074 2524 1128; x_wconf 92' lang='lat' dir='ltr'><strong>pro</strong></span> <span class='ocrx_word' id='word_1_188' title='bbox 2558 1059 2711 1114; x_wconf 87' lang='lat' dir='ltr'><strong>valde</strong></span> <span class='ocrx_word' id='word_1_189' title='bbox 2733 1060 2887 1114; x_wconf 88' lang='lat' dir='ltr'><strong>bouis</strong></span> <span class='ocrx_word' id='word_1_190' title='bbox 2928 1062 3218 1130; x_wconf 79' lang='lat' dir='ltr'><strong>gratiarum</strong></span> <span class='ocrx_word' id='word_1_191' title='bbox 3242 1063 3481 1119; x_wconf 88' lang='lat' dir='ltr'><strong>actiones</strong></span> 
     </span>
    </p>
   </div>
   <div class='ocr_carea' id='block_1_26' title="bbox 1917 1151 3479 1222">
    <p class='ocr_par' dir='ltr' id='par_1_26' title="bbox 1917 1151 3479 1222">
     <span class='ocr_line' id='line_1_26' title="bbox 1917 1151 3479 1222; baseline 0.003 -17"><span class='ocrx_word' id='word_1_192' title='bbox 1917 1159 2061 1215; x_wconf 90' lang='lat' dir='ltr'><strong>sunt,</strong></span> <span class='ocrx_word' id='word_1_193' title='bbox 2096 1166 2193 1220; x_wconf 90' lang='lat' dir='ltr'><strong>pro</strong></span> <span class='ocrx_word' id='word_1_194' title='bbox 2222 1166 2328 1205; x_wconf 88' lang='lat' dir='ltr'><strong>non</strong></span> <span class='ocrx_word' id='word_1_195' title='bbox 2363 1151 2516 1205; x_wconf 87' lang='lat' dir='ltr'><strong>valde</strong></span> <span class='ocrx_word' id='word_1_196' title='bbox 2546 1152 2721 1216; x_wconf 91' lang='lat' dir='ltr'><strong>bouis,</strong></span> <span class='ocrx_word' id='word_1_197' title='bbox 2754 1159 2808 1205; x_wconf 91' lang='lat' dir='ltr'><strong>et</strong></span> <span class='ocrx_word' id='word_1_198' title='bbox 2844 1167 2949 1205; x_wconf 91' lang='lat' dir='ltr'><strong>non</strong></span> <span class='ocrx_word' id='word_1_199' title='bbox 2975 1152 3126 1205; x_wconf 87' lang='lat' dir='ltr'><strong>valde</strong></span> <span class='ocrx_word' id='word_1_200' title='bbox 3150 1153 3321 1216; x_wconf 89' lang='lat' dir='ltr'><strong>malis,</strong></span> <span class='ocrx_word' id='word_1_201' title='bbox 3351 1170 3479 1222; x_wconf 83' lang='lat' dir='ltr'><strong>pro-</strong></span> 
     </span>
    </p>
   </div>
   <div class='ocr_carea' id='block_1_27' title="bbox 1917 1240 3482 1309">
    <p class='ocr_par' dir='ltr' id='par_1_27' title="bbox 1917 1240 3482 1309">
     <span class='ocr_line' id='line_1_27' title="bbox 1917 1240 3482 1309; baseline 0.003 -17"><span class='ocrx_word' id='word_1_202' title='bbox 1917 1240 2224 1309; x_wconf 84' lang='lat' dir='ltr'><strong>pitiationes</strong></span> <span class='ocrx_word' id='word_1_203' title='bbox 2250 1248 2391 1303; x_wconf 89' lang='lat' dir='ltr'><strong>sunt,</strong></span> <span class='ocrx_word' id='word_1_204' title='bbox 2415 1255 2512 1308; x_wconf 89' lang='lat' dir='ltr'><strong>pro</strong></span> <span class='ocrx_word' id='word_1_205' title='bbox 2536 1240 2689 1294; x_wconf 90' lang='lat' dir='ltr'><strong>valde</strong></span> <span class='ocrx_word' id='word_1_206' title='bbox 2716 1240 2891 1305; x_wconf 89' lang='lat' dir='ltr'><strong>malis,</strong></span> <span class='ocrx_word' id='word_1_207' title='bbox 2930 1241 2974 1295; x_wconf 92' lang='lat' dir='ltr'><strong>si</strong></span> <span class='ocrx_word' id='word_1_208' title='bbox 3004 1242 3165 1296; x_wconf 89' lang='lat' dir='ltr'><strong>etiam</strong></span> <span class='ocrx_word' id='word_1_209' title='bbox 3192 1243 3334 1297; x_wconf 90' lang='lat' dir='ltr'><strong>nulla</strong></span> <span class='ocrx_word' id='word_1_210' title='bbox 3358 1253 3482 1297; x_wconf 89' lang='lat' dir='ltr'><strong>sunt</strong></span> 
     </span>
    </p>
   </div>
   <div class='ocr_carea' id='block_1_28' title="bbox 1916 1328 3477 1400">
    <p class='ocr_par' dir='ltr' id='par_1_28' title="bbox 1916 1328 3477 1400">
     <span class='ocr_line' id='line_1_28' title="bbox 1916 1328 3477 1400; baseline -0.001 -17"><span class='ocrx_word' id='word_1_211' title='bbox 1916 1328 2219 1396; x_wconf 76' lang='lat' dir='ltr'><strong>adiumenta</strong></span> <span class='ocrx_word' id='word_1_212' title='bbox 2257 1337 2611 1393; x_wconf 89' lang='lat' dir='ltr'><strong>mortuorum,</strong></span> <span class='ocrx_word' id='word_1_213' title='bbox 2659 1330 3058 1400; x_wconf 83' lang='lat' dir='ltr'><strong>qualescunque</strong></span> <span class='ocrx_word' id='word_1_214' title='bbox 3098 1339 3278 1387; x_wconf 89' lang='lat' dir='ltr'><strong>tamen</strong></span> <span class='ocrx_word' id='word_1_215' title='bbox 3329 1332 3477 1385; x_wconf 83' lang='lat' dir='ltr'><strong>vivo-</strong></span> 
     </span>
    </p>
   </div>
   <div class='ocr_carea' id='block_1_29' title="bbox 1922 1419 3481 1490">
    <p class='ocr_par' dir='ltr' id='par_1_29' title="bbox 1922 1419 3481 1490">
     <span class='ocr_line' id='line_1_29' title="bbox 1922 1419 3481 1490; baseline 0.001 -18"><span class='ocrx_word' id='word_1_216' title='bbox 1922 1432 2038 1473; x_wconf 90' lang='lat' dir='ltr'><strong>rum</strong></span> <span class='ocrx_word' id='word_1_217' title='bbox 2077 1419 2474 1473; x_wconf 86' lang='lat' dir='ltr'><strong>consolationes</strong></span> <span class='ocrx_word' id='word_1_218' title='bbox 2505 1426 2646 1472; x_wconf 89' lang='lat' dir='ltr'><strong>sunt.</strong></span> <span class='ocrx_word' id='word_1_219' title='bbox 2682 1419 2884 1485; x_wconf 85' lang='lat' dir='ltr'><strong>Quibus</strong></span> <span class='ocrx_word' id='word_1_220' title='bbox 2912 1430 3089 1485; x_wconf 86' lang='lat' dir='ltr'><strong>autem</strong></span> <span class='ocrx_word' id='word_1_221' title='bbox 3112 1431 3354 1490; x_wconf 89' lang='lat' dir='ltr'><strong>prosunt,</strong></span> <span class='ocrx_word' id='word_1_222' title='bbox 3388 1432 3481 1474; x_wconf 84' lang='lat' dir='ltr'><strong>aut</strong></span> 
     </span>
    </p>
   </div>
   <div class='ocr_carea' id='block_1_30' title="bbox 1916 1510 3521 1580">
    <p class='ocr_par' dir='ltr' id='par_1_30' title="bbox 1916 1510 3521 1580">
     <span class='ocr_line' id='line_1_30' title="bbox 1916 1510 3521 1580; baseline -0.001 -18"><span class='ocrx_word' id='word_1_223' title='bbox 1916 1511 1982 1564; x_wconf 89' lang='lat' dir='ltr'><strong>ad</strong></span> <span class='ocrx_word' id='word_1_224' title='bbox 2016 1511 2120 1565; x_wconf 91' lang='lat' dir='ltr'><strong>hoc</strong></span> <span class='ocrx_word' id='word_1_225' title='bbox 2147 1518 2391 1578; x_wconf 86' lang='lat' dir='ltr'><strong>prosunt,</strong></span> <span class='ocrx_word' id='word_1_226' title='bbox 2419 1518 2477 1562; x_wconf 92' lang='lat' dir='ltr'><strong>ut</strong></span> <span class='ocrx_word' id='word_1_227' title='bbox 2508 1510 2578 1564; x_wconf 87' lang='lat' dir='ltr'><strong>sit</strong></span> <span class='ocrx_word' id='word_1_228' title='bbox 2612 1510 2764 1580; x_wconf 89' lang='lat' dir='ltr'><strong>plena</strong></span> <span class='ocrx_word' id='word_1_229' title='bbox 2802 1511 3064 1574; x_wconf 87' lang='lat' dir='ltr'><strong>remissio,</strong></span> <span class='ocrx_word' id='word_1_230' title='bbox 3114 1520 3204 1564; x_wconf 90' lang='lat' dir='ltr'><strong>aut</strong></span> <span class='ocrx_word' id='word_1_231' title='bbox 3240 1519 3386 1566; x_wconf 90' lang='lat' dir='ltr'><strong>certe</strong></span> <span class='ocrx_word' id='word_1_232' title='bbox 3423 1519 3483 1565; x_wconf 93' lang='lat' dir='ltr'><strong>ut</strong></span> <span class='ocrx_word' id='word_1_233' title='bbox 3518 1560 3521 1561; x_wconf 30' lang='grc' dir='ltr'><em>ν</em></span> 
     </span>
    </p>
   </div>
   <div class='ocr_carea' id='block_1_31' title="bbox 1918 1599 2820 1671">
    <p class='ocr_par' dir='ltr' id='par_1_31' title="bbox 1918 1599 2820 1671">
     <span class='ocr_line' id='line_1_31' title="bbox 1918 1599 2820 1671; baseline -0.001 -16"><span class='ocrx_word' id='word_1_234' title='bbox 1918 1599 2247 1656; x_wconf 87' lang='lat' dir='ltr'><strong>tolerabilior</strong></span> <span class='ocrx_word' id='word_1_235' title='bbox 2269 1599 2362 1653; x_wconf 89' lang='lat' dir='ltr'><strong>ﬁat</strong></span> <span class='ocrx_word' id='word_1_236' title='bbox 2386 1602 2496 1671; x_wconf 89' lang='lat' dir='ltr'><strong>ipsa</strong></span> <span class='ocrx_word' id='word_1_237' title='bbox 2527 1601 2820 1654; x_wconf 89' lang='lat' dir='ltr'><strong>damnatio.</strong></span> 
     </span>
    </p>
   </div>
   <div class='ocr_carea' id='block_1_32' title="bbox 2466 1709 2883 1763">
    <p class='ocr_par' dir='ltr' id='par_1_32' title="bbox 2466 1709 2883 1763">
     <span class='ocr_line' id='line_1_32' title="bbox 2466 1709 2883 1763; baseline -0.007 0"><span class='ocrx_word' id='word_1_238' title='bbox 2466 1709 2692 1763; x_wconf 65' lang='lat' dir='ltr'>CAPUT</span> <span class='ocrx_word' id='word_1_239' title='bbox 2728 1709 2883 1761; x_wconf 77' lang='lat' dir='ltr'><strong>XLV.</strong></span> 
     </span>
    </p>
   </div>
   <div class='ocr_carea' id='block_1_33' title="bbox 250 1759 3481 1867">
    <p class='ocr_par' dir='ltr' id='par_1_33' title="bbox 250 1759 3481 1867">
     <span class='ocr_line' id='line_1_33' title="bbox 250 1759 3481 1867; baseline 0 -18"><span class='ocrx_word' id='word_1_240' title='bbox 250 1786 533 1849; x_wconf 77' lang='lat' dir='ltr'><strong>suadentes</strong></span> <span class='ocrx_word' id='word_1_241' title='bbox 566 1802 623 1841; x_wconf 77' lang='lat' dir='ltr'><strong>se</strong></span> <span class='ocrx_word' id='word_1_242' title='bbox 649 1787 774 1840; x_wconf 77' lang='lat' dir='ltr'><strong>deos</strong></span> <span class='ocrx_word' id='word_1_243' title='bbox 805 1802 906 1839; x_wconf 83' lang='lat' dir='ltr'><strong>non</strong></span> <span class='ocrx_word' id='word_1_244' title='bbox 934 1786 1202 1849; x_wconf 42' lang='lat' dir='ltr'><strong>csse,&#39;ista</strong></span> <span class='ocrx_word' id='word_1_245' title='bbox 1235 1786 1350 1845; x_wconf 57' lang='lat' dir='ltr'><strong>.sibi</strong></span> <span class='ocrx_word' id='word_1_246' title='bbox 1381 1793 1678 1839; x_wconf 84' lang='lat' dir='ltr'><strong>vetuerunt.</strong></span> <span class='ocrx_word' id='word_1_247' title='bbox 1704 1759 1888 1853; x_wconf 46' lang='lat' dir='ltr'><strong>Ap?B</strong></span> <span class='ocrx_word' id='word_1_248' title='bbox 1920 1796 1996 1848; x_wconf 84' lang='lat' dir='ltr'><strong>De</strong></span> <span class='ocrx_word' id='word_1_249' title='bbox 2034 1796 2317 1860; x_wconf 71' lang='lat' dir='ltr'><strong>Encarniis,</strong></span> <span class='ocrx_word' id='word_1_250' title='bbox 2351 1807 2396 1849; x_wconf 86' lang='lat' dir='ltr'><strong>et</strong></span> <span class='ocrx_word' id='word_1_251' title='bbox 2444 1798 2579 1849; x_wconf 83' lang='lat' dir='ltr'><strong>unde</strong></span> <span class='ocrx_word' id='word_1_252' title='bbox 2631 1798 2796 1849; x_wconf 83' lang='lat' dir='ltr'><strong>omnis</strong></span> <span class='ocrx_word' id='word_1_253' title='bbox 2833 1798 2959 1850; x_wconf 83' lang='lat' dir='ltr'><strong>ordo</strong></span> <span class='ocrx_word' id='word_1_254' title='bbox 2987 1796 3073 1850; x_wconf 87' lang='lat' dir='ltr'><strong>ille</strong></span> <span class='ocrx_word' id='word_1_255' title='bbox 3101 1798 3349 1867; x_wconf 76' lang='lat' dir='ltr'><strong>originem</strong></span> <span class='ocrx_word' id='word_1_256' title='bbox 3379 1800 3481 1850; x_wconf 85' lang='lat' dir='ltr'><strong>du-</strong></span> 
     </span>
    </p>
   </div>
   <div class='ocr_carea' id='block_1_34' title="bbox 254 1874 1819 1946">
    <p class='ocr_par' dir='ltr' id='par_1_34' title="bbox 254 1874 1819 1946">
     <span class='ocr_line' id='line_1_34' title="bbox 254 1874 1819 1946; baseline 0.002 -20"><span class='ocrx_word' id='word_1_257' title='bbox 254 1877 434 1943; x_wconf 76' lang='lat' dir='ltr'><strong>paruit</strong></span> <span class='ocrx_word' id='word_1_258' title='bbox 462 1876 592 1929; x_wconf 89' lang='lat' dir='ltr'><strong>etin</strong></span> <span class='ocrx_word' id='word_1_259' title='bbox 634 1875 857 1946; x_wconf 82' lang='lat' dir='ltr'><strong>angelis,</strong></span> <span class='ocrx_word' id='word_1_260' title='bbox 896 1876 1033 1931; x_wconf 89' lang='lat' dir='ltr'><strong>sicut</strong></span> <span class='ocrx_word' id='word_1_261' title='bbox 1061 1885 1115 1929; x_wconf 91' lang='lat' dir='ltr'><strong>et</strong></span> <span class='ocrx_word' id='word_1_262' title='bbox 1155 1880 1207 1929; x_wconf 88' lang='lat' dir='ltr'><strong>in</strong></span> <span class='ocrx_word' id='word_1_263' title='bbox 1250 1874 1563 1946; x_wconf 82' lang='lat' dir='ltr'><strong>Apocalypsi</strong></span> <span class='ocrx_word' id='word_1_264' title='bbox 1596 1876 1819 1945; x_wconf 79' lang='lat' dir='ltr'><strong>legimus</strong></span> 
     </span>
    </p>
   </div>
   <div class='ocr_carea' id='block_1_35' title="bbox 253 1964 1821 2034">
    <p class='ocr_par' dir='ltr' id='par_1_35' title="bbox 253 1964 1821 2034">
     <span class='ocr_line' id='line_1_35' title="bbox 253 1964 1821 2034; baseline 0 -18"><span class='ocrx_word' id='word_1_265' title='bbox 253 1965 497 2034; x_wconf 76' lang='lat' dir='ltr'><strong>angelum</strong></span> <span class='ocrx_word' id='word_1_266' title='bbox 523 1965 832 2034; x_wconf 86' lang='lat' dir='ltr'><strong>se_adorare</strong></span> <span class='ocrx_word' id='word_1_267' title='bbox 857 1964 1224 2033; x_wconf 84' lang='lat' dir='ltr'><strong>prohibentem</strong></span> <span class='ocrx_word' id='word_1_268' title='bbox 1255 1979 1319 2019; x_wconf 87' lang='lat' dir='ltr'><strong>ac</strong></span> <span class='ocrx_word' id='word_1_269' title='bbox 1338 1964 1604 2018; x_wconf 88' lang='lat' dir='ltr'><strong>dicentem</strong></span> <span class='ocrx_word' id='word_1_270' title='bbox 1634 1964 1821 2017; x_wconf 87' lang='lat' dir='ltr'><strong>adora-</strong></span> 
     </span>
    </p>
   </div>
   <div class='ocr_carea' id='block_1_36' title="bbox 254 2029 1813 2122">
    <p class='ocr_par' dir='ltr' id='par_1_36' title="bbox 254 2029 1813 2122">
     <span class='ocr_line' id='line_1_36' title="bbox 254 2029 1813 2122; baseline 0.001 -18"><span class='ocrx_word' id='word_1_271' title='bbox 254 2053 356 2105; x_wconf 90' lang='lat' dir='ltr'><strong>tori</strong></span> <span class='ocrx_word' id='word_1_272' title='bbox 380 2068 477 2107; x_wconf 89' lang='lat' dir='ltr'><strong>suo</strong></span> <span class='ocrx_word' id='word_1_273' title='bbox 526 2071 537 2105; x_wconf 92' lang='lat'>:</span> <span class='ocrx_word' id='word_1_274' title='bbox 584 2029 877 2107; x_wconf 58' lang='lat' dir='ltr'><strong>.Conservus</strong></span> <span class='ocrx_word' id='word_1_275' title='bbox 921 2062 1041 2107; x_wconf 85' lang='lat' dir='ltr'><strong>tuus</strong></span> <span class='ocrx_word' id='word_1_276' title='bbox 1082 2070 1196 2107; x_wconf 82' lang='lat' dir='ltr'><strong>sum</strong></span> <span class='ocrx_word' id='word_1_277' title='bbox 1238 2064 1284 2107; x_wconf 83' lang='lat' dir='ltr'><strong>et</strong></span> <span class='ocrx_word' id='word_1_278' title='bbox 1325 2054 1547 2122; x_wconf 78' lang='lat' dir='ltr'><strong>fratrum</strong></span> <span class='ocrx_word' id='word_1_279' title='bbox 1588 2065 1813 2114; x_wconf 85' lang='lat' dir='ltr'><strong>tuorum,</strong></span> 
     </span>
    </p>
   </div>
   <div class='ocr_carea' id='block_1_37' title="bbox 251 2142 1815 2214">
    <p class='ocr_par' dir='ltr' id='par_1_37' title="bbox 251 2142 1815 2214">
     <span class='ocr_line' id='line_1_37' title="bbox 251 2142 1815 2214; baseline 0.003 -19"><span class='ocrx_word' id='word_1_280' title='bbox 251 2142 414 2195; x_wconf 80' lang='lat' dir='ltr'><strong>Deum</strong></span> <span class='ocrx_word' id='word_1_281' title='bbox 445 2142 607 2196; x_wconf 75' lang='lat' dir='ltr'><strong>adora</strong></span> <span class='ocrx_word' id='word_1_282' title='bbox 639 2143 817 2213; x_wconf 82' lang='lat' dir='ltr'><strong>(Apoc.</strong></span> <span class='ocrx_word' id='word_1_283' title='bbox 847 2145 982 2213; x_wconf 83' lang='lat' dir='ltr'><strong>xix).</strong></span> <span class='ocrx_word' id='word_1_284' title='bbox 1018 2144 1180 2214; x_wconf 77' lang='lat' dir='ltr'><strong>Recte</strong></span> <span class='ocrx_word' id='word_1_285' title='bbox 1220 2145 1397 2214; x_wconf 88' lang='lat' dir='ltr'><strong>itaque</strong></span> <span class='ocrx_word' id='word_1_286' title='bbox 1434 2143 1688 2199; x_wconf 89' lang='lat' dir='ltr'><strong>scribitur</strong></span> <span class='ocrx_word' id='word_1_287' title='bbox 1717 2145 1815 2199; x_wconf 83' lang='lat' dir='ltr'><strong>h0-</strong></span> 
     </span>
    </p>
   </div>
   <div class='ocr_carea' id='block_1_38' title="bbox 252 2207 1816 2303">
    <p class='ocr_par' dir='ltr' id='par_1_38' title="bbox 252 2207 1816 2303">
     <span class='ocr_line' id='line_1_38' title="bbox 367 2207 1328 2243; baseline 0.003 0"><span class='ocrx_word' id='word_1_288' title='bbox 367 2232 379 2243; x_wconf 88' lang='lat'><strong>.</strong></span> <span class='ocrx_word' id='word_1_289' title='bbox 647 2207 656 2213; x_wconf 90' lang='grc'><strong><em>“</em></strong></span> <span class='ocrx_word' id='word_1_290' title='bbox 705 2207 745 2242; x_wconf 64' lang='grc' dir='ltr'><strong>’ί</strong></span> <span class='ocrx_word' id='word_1_291' title='bbox 943 2207 952 2213; x_wconf 94' lang='grc'><strong>’</strong></span> <span class='ocrx_word' id='word_1_292' title='bbox 1130 2207 1139 2231; x_wconf 78' lang='lat'>’</span> <span class='ocrx_word' id='word_1_293' title='bbox 1311 2207 1328 2214; x_wconf 84' lang='grc'><em>’</em></span> 
     </span>
     <span class='ocr_line' id='line_1_39' title="bbox 252 2233 1816 2303; baseline 0.003 -19"><span class='ocrx_word' id='word_1_294' title='bbox 252 2233 381 2285; x_wconf 73' lang='lat' dir='ltr'><strong>mini</strong></span> <span class='ocrx_word' id='word_1_295' title='bbox 412 2233 478 2287; x_wconf 83' lang='lat' dir='ltr'><strong>ab</strong></span> <span class='ocrx_word' id='word_1_296' title='bbox 504 2233 691 2303; x_wconf 80' lang='lat' dir='ltr'><strong>angelo</strong></span> <span class='ocrx_word' id='word_1_297' title='bbox 713 2234 1037 2303; x_wconf 86' lang='lat' dir='ltr'><strong>prohibitum</strong></span> <span class='ocrx_word' id='word_1_298' title='bbox 1059 2250 1178 2290; x_wconf 89' lang='lat' dir='ltr'><strong>esse</strong></span> <span class='ocrx_word' id='word_1_299' title='bbox 1194 2235 1427 2291; x_wconf 86' lang='lat' dir='ltr'><strong>adorare</strong></span> <span class='ocrx_word' id='word_1_300' title='bbox 1445 2248 1523 2299; x_wconf 85' lang='lat' dir='ltr'><strong>se,</strong></span> <span class='ocrx_word' id='word_1_301' title='bbox 1546 2234 1637 2289; x_wconf 88' lang='lat' dir='ltr'><strong>sed</strong></span> <span class='ocrx_word' id='word_1_302' title='bbox 1653 2249 1816 2289; x_wconf 88' lang='lat' dir='ltr'><strong>unum</strong></span> 
     </span>
    </p>
   </div>
   <div class='ocr_carea' id='block_1_39' title="bbox 188 2321 1817 2395">
    <p class='ocr_par' dir='ltr' id='par_1_39' title="bbox 188 2321 1817 2395">
     <span class='ocr_line' id='line_1_40' title="bbox 188 2321 1817 2395; baseline 0.003 -21"><span class='ocrx_word' id='word_1_303' title='bbox 188 2377 195 2381; x_wconf 94' lang='lat'>_</span> <span class='ocrx_word' id='word_1_304' title='bbox 251 2321 414 2376; x_wconf 89' lang='lat' dir='ltr'><strong>Deum</strong></span> <span class='ocrx_word' id='word_1_305' title='bbox 442 2321 541 2377; x_wconf 91' lang='lat' dir='ltr'><strong>sub</strong></span> <span class='ocrx_word' id='word_1_306' title='bbox 568 2338 674 2391; x_wconf 87' lang='lat' dir='ltr'><strong>quo</strong></span> <span class='ocrx_word' id='word_1_307' title='bbox 697 2324 746 2377; x_wconf 87' lang='lat' dir='ltr'><strong>ei</strong></span> <span class='ocrx_word' id='word_1_308' title='bbox 778 2334 917 2379; x_wconf 89' lang='lat' dir='ltr'><strong>esset</strong></span> <span class='ocrx_word' id='word_1_309' title='bbox 938 2334 993 2380; x_wconf 84' lang='lat' dir='ltr'><strong>et</strong></span> <span class='ocrx_word' id='word_1_310' title='bbox 1018 2325 1106 2379; x_wconf 88' lang='lat' dir='ltr'><strong>ille</strong></span> <span class='ocrx_word' id='word_1_311' title='bbox 1126 2340 1434 2379; x_wconf 89' lang='lat' dir='ltr'><strong>conservus.</strong></span> <span class='ocrx_word' id='word_1_312' title='bbox 1463 2323 1578 2378; x_wconf 86' lang='lat' dir='ltr'><strong>Non</strong></span> <span class='ocrx_word' id='word_1_313' title='bbox 1600 2336 1728 2395; x_wconf 85' lang='lat' dir='ltr'><strong>ergo</strong></span> <span class='ocrx_word' id='word_1_314' title='bbox 1748 2326 1817 2379; x_wconf 92' lang='lat' dir='ltr'><strong>sit</strong></span> 
     </span>
    </p>
   </div>
   <div class='ocr_carea' id='block_1_40' title="bbox 254 2403 1818 2486">
    <p class='ocr_par' dir='ltr' id='par_1_40' title="bbox 254 2403 1818 2479">
     <span class='ocr_line' id='line_1_41' title="bbox 254 2403 1818 2479; baseline 0.004 -23"><span class='ocrx_word' id='word_1_315' title='bbox 254 2404 406 2458; x_wconf 87' lang='lat' dir='ltr'><strong>nobis</strong></span> <span class='ocrx_word' id='word_1_316' title='bbox 432 2403 519 2459; x_wconf 91' lang='lat' dir='ltr'><strong>ille</strong></span> <span class='ocrx_word' id='word_1_317' title='bbox 549 2406 738 2459; x_wconf 72' lang='lat' dir='ltr'><strong>divina:</strong></span> <span class='ocrx_word' id='word_1_318' title='bbox 764 2407 1032 2479; x_wconf 81' lang='lat' dir='ltr'><strong>religionis</strong></span> <span class='ocrx_word' id='word_1_319' title='bbox 1054 2408 1226 2463; x_wconf 90' lang='lat' dir='ltr'><strong>cultus</strong></span> <span class='ocrx_word' id='word_1_320' title='bbox 1250 2409 1301 2462; x_wconf 90' lang='lat' dir='ltr'><strong>in</strong></span> <span class='ocrx_word' id='word_1_321' title='bbox 1333 2409 1546 2479; x_wconf 88' lang='lat' dir='ltr'><strong>angelos</strong></span> <span class='ocrx_word' id='word_1_322' title='bbox 1572 2418 1663 2464; x_wconf 89' lang='lat' dir='ltr'><strong>aut</strong></span> <span class='ocrx_word' id='word_1_323' title='bbox 1684 2425 1818 2464; x_wconf 84' lang='lat' dir='ltr'><strong>mar—</strong></span> 
     </span>
    </p>
   </div>
   <div class='ocr_carea' id='block_1_41' title="bbox 249 2495 1817 2566">
    <p class='ocr_par' dir='ltr' id='par_1_41' title="bbox 249 2495 1817 2566">
     <span class='ocr_line' id='line_1_42' title="bbox 249 2495 1817 2566; baseline 0.005 -21"><span class='ocrx_word' id='word_1_324' title='bbox 249 2501 410 2563; x_wconf 82' lang='lat' dir='ltr'><strong>tyres,</strong></span> <span class='ocrx_word' id='word_1_325' title='bbox 431 2495 553 2562; x_wconf 90' lang='lat' dir='ltr'><strong>quia</strong></span> <span class='ocrx_word' id='word_1_326' title='bbox 582 2510 684 2549; x_wconf 90' lang='lat' dir='ltr'><strong>non</strong></span> <span class='ocrx_word' id='word_1_327' title='bbox 702 2495 779 2549; x_wconf 90' lang='lat' dir='ltr'><strong>sic</strong></span> <span class='ocrx_word' id='word_1_328' title='bbox 810 2496 1074 2552; x_wconf 86' lang='lat' dir='ltr'><strong>habentur</strong></span> <span class='ocrx_word' id='word_1_329' title='bbox 1094 2508 1152 2551; x_wconf 90' lang='lat' dir='ltr'><strong>ut</strong></span> <span class='ocrx_word' id='word_1_330' title='bbox 1170 2498 1301 2552; x_wconf 86' lang='lat' dir='ltr'><strong>tales</strong></span> <span class='ocrx_word' id='word_1_331' title='bbox 1324 2508 1567 2566; x_wconf 66' lang='lat' dir='ltr'><strong>qumrant</strong></span> <span class='ocrx_word' id='word_1_332' title='bbox 1586 2499 1817 2554; x_wconf 87' lang='lat' dir='ltr'><strong>honores</strong></span> 
     </span>
    </p>
   </div>
   <div class='ocr_carea' id='block_1_42' title="bbox 250 2583 1813 2657">
    <p class='ocr_par' dir='ltr' id='par_1_42' title="bbox 250 2583 1813 2657">
     <span class='ocr_line' id='line_1_43' title="bbox 250 2583 1813 2657; baseline 0.005 -24"><span class='ocrx_word' id='word_1_333' title='bbox 250 2592 307 2635; x_wconf 81' lang='lat' dir='ltr'><strong>ut</strong></span> <span class='ocrx_word' id='word_1_334' title='bbox 336 2583 493 2647; x_wconf 87' lang='lat' dir='ltr'><strong>Deus,</strong></span> <span class='ocrx_word' id='word_1_335' title='bbox 523 2586 646 2653; x_wconf 87' lang='lat' dir='ltr'><strong>quia</strong></span> <span class='ocrx_word' id='word_1_336' title='bbox 694 2600 791 2639; x_wconf 90' lang='lat' dir='ltr'><strong>nec</strong></span> <span class='ocrx_word' id='word_1_337' title='bbox 817 2587 913 2654; x_wconf 85' lang='lat' dir='ltr'><strong>ipsi</strong></span> <span class='ocrx_word' id='word_1_338' title='bbox 958 2586 1140 2641; x_wconf 89' lang='lat' dir='ltr'><strong>volunt</strong></span> <span class='ocrx_word' id='word_1_339' title='bbox 1180 2602 1237 2641; x_wconf 85' lang='lat' dir='ltr'><strong>se</strong></span> <span class='ocrx_word' id='word_1_340' title='bbox 1278 2586 1377 2640; x_wconf 89' lang='lat' dir='ltr'><strong>coli</strong></span> <span class='ocrx_word' id='word_1_341' title='bbox 1421 2603 1516 2657; x_wconf 90' lang='lat' dir='ltr'><strong>pro</strong></span> <span class='ocrx_word' id='word_1_342' title='bbox 1557 2587 1694 2652; x_wconf 89' lang='lat' dir='ltr'><strong>Deo,</strong></span> <span class='ocrx_word' id='word_1_343' title='bbox 1723 2588 1813 2642; x_wconf 89' lang='lat' dir='ltr'><strong>sed</strong></span> 
     </span>
    </p>
   </div>
   <div class='ocr_carea' id='block_1_43' title="bbox 250 2668 1808 2743">
    <p class='ocr_par' dir='ltr' id='par_1_43' title="bbox 250 2668 1808 2743">
     <span class='ocr_line' id='line_1_44' title="bbox 250 2668 1808 2743; baseline 0.003 -22"><span class='ocrx_word' id='word_1_344' title='bbox 250 2669 397 2722; x_wconf 92' lang='lat' dir='ltr'><strong>illum</strong></span> <span class='ocrx_word' id='word_1_345' title='bbox 430 2686 456 2722; x_wconf 89' lang='lat' dir='ltr'><strong>a</strong></span> <span class='ocrx_word' id='word_1_346' title='bbox 493 2668 653 2726; x_wconf 84' lang='lat' dir='ltr'><strong>nobis</strong></span> <span class='ocrx_word' id='word_1_347' title='bbox 681 2673 778 2726; x_wconf 93' lang='lat' dir='ltr'><strong>coli</strong></span> <span class='ocrx_word' id='word_1_348' title='bbox 826 2674 1006 2727; x_wconf 87' lang='lat' dir='ltr'><strong>volunt</strong></span> <span class='ocrx_word' id='word_1_349' title='bbox 1041 2690 1145 2743; x_wconf 93' lang='lat' dir='ltr'><strong>quo</strong></span> <span class='ocrx_word' id='word_1_350' title='bbox 1184 2675 1515 2729; x_wconf 89' lang='lat' dir='ltr'><strong>illuminante</strong></span> <span class='ocrx_word' id='word_1_351' title='bbox 1544 2676 1808 2730; x_wconf 62' lang='lat' dir='ltr'><strong>laetantur.</strong></span> 
     </span>
    </p>
   </div>
   <div class='ocr_carea' id='block_1_44' title="bbox 251 2756 1810 2834">
    <p class='ocr_par' dir='ltr' id='par_1_44' title="bbox 251 2756 1810 2834">
     <span class='ocr_line' id='line_1_45' title="bbox 251 2756 1810 2834; baseline 0.004 -22"><span class='ocrx_word' id='word_1_352' title='bbox 251 2756 556 2813; x_wconf 79' lang='lat' dir='ltr'><strong>Honorandi</strong></span> <span class='ocrx_word' id='word_1_353' title='bbox 585 2775 711 2831; x_wconf 74' lang='lat' dir='ltr'><strong>ergo</strong></span> <span class='ocrx_word' id='word_1_354' title='bbox 741 2769 863 2816; x_wconf 88' lang='lat' dir='ltr'><strong>sunt</strong></span> <span class='ocrx_word' id='word_1_355' title='bbox 888 2772 1170 2834; x_wconf 84' lang='lat' dir='ltr'><strong>martyres,</strong></span> <span class='ocrx_word' id='word_1_356' title='bbox 1202 2772 1416 2833; x_wconf 82' lang='lat' dir='ltr'><strong>prepter</strong></span> <span class='ocrx_word' id='word_1_357' title='bbox 1444 2765 1810 2827; x_wconf 87' lang='lat' dir='ltr'><strong>imitationem,</strong></span> 
     </span>
    </p>
   </div>
   <div class='ocr_carea' id='block_1_45' title="bbox 251 2855 1816 2929">
    <p class='ocr_par' dir='ltr' id='par_1_45' title="bbox 251 2855 1816 2929">
     <span class='ocr_line' id='line_1_46' title="bbox 251 2855 1816 2929; baseline 0 -19"><span class='ocrx_word' id='word_1_358' title='bbox 251 2869 355 2910; x_wconf 81' lang='lat' dir='ltr'><strong>non</strong></span> <span class='ocrx_word' id='word_1_359' title='bbox 380 2855 633 2908; x_wconf 88' lang='lat' dir='ltr'><strong>adorandi</strong></span> <span class='ocrx_word' id='word_1_360' title='bbox 656 2864 871 2925; x_wconf 80' lang='lat' dir='ltr'><strong>propter</strong></span> <span class='ocrx_word' id='word_1_361' title='bbox 894 2856 1223 2929; x_wconf 88' lang='lat' dir='ltr'><strong>religionem,</strong></span> <span class='ocrx_word' id='word_1_362' title='bbox 1244 2858 1539 2912; x_wconf 88' lang='lat' dir='ltr'><strong>honorandi</strong></span> <span class='ocrx_word' id='word_1_363' title='bbox 1554 2857 1816 2911; x_wconf 88' lang='lat' dir='ltr'><strong>charitate</strong></span> 
     </span>
    </p>
   </div>
   <div class='ocr_carea' id='block_1_46' title="bbox 251 2934 1813 3015">
    <p class='ocr_par' dir='ltr' id='par_1_46' title="bbox 251 2934 1813 3015">
     <span class='ocr_line' id='line_1_47' title="bbox 251 2934 1813 3015; baseline 0.003 -20"><span class='ocrx_word' id='word_1_364' title='bbox 251 2959 355 2996; x_wconf 88' lang='lat' dir='ltr'><strong>non</strong></span> <span class='ocrx_word' id='word_1_365' title='bbox 398 2943 673 2998; x_wconf 86' lang='lat' dir='ltr'><strong>servitute.</strong></span> <span class='ocrx_word' id='word_1_366' title='bbox 712 2943 1011 2999; x_wconf 79' lang='lat' dir='ltr'><strong>Notandum</strong></span> <span class='ocrx_word' id='word_1_367' title='bbox 1034 2934 1161 3002; x_wconf 83' lang='lat' dir='ltr'><strong>vero</strong></span> <span class='ocrx_word' id='word_1_368' title='bbox 1182 2945 1339 3015; x_wconf 80' lang='lat' dir='ltr'><strong>quod&#39;</strong></span> <span class='ocrx_word' id='word_1_369' title='bbox 1356 2946 1523 3009; x_wconf 85' lang='lat' dir='ltr'><strong>Felix,</strong></span> <span class='ocrx_word' id='word_1_370' title='bbox 1546 2962 1680 3015; x_wconf 79' lang='lat' dir='ltr'><strong>papa</strong></span> <span class='ocrx_word' id='word_1_371' title='bbox 1705 2946 1813 3000; x_wconf 77' lang='lat' dir='ltr'><strong>Ro-</strong></span> 
     </span>
    </p>
   </div>
   <div class='ocr_carea' id='block_1_47' title="bbox 250 3035 1809 3106">
    <p class='ocr_par' dir='ltr' id='par_1_47' title="bbox 250 3035 1809 3106">
     <span class='ocr_line' id='line_1_48' title="bbox 250 3035 1809 3106; baseline 0.002 -20"><span class='ocrx_word' id='word_1_372' title='bbox 250 3049 457 3098; x_wconf 89' lang='lat' dir='ltr'><strong>manus,</strong></span> <span class='ocrx_word' id='word_1_373' title='bbox 485 3035 775 3106; x_wconf 86' lang='lat' dir='ltr'><strong>vigesimus</strong></span> <span class='ocrx_word' id='word_1_374' title='bbox 818 3037 1072 3105; x_wconf 88' lang='lat' dir='ltr'><strong>septimus</strong></span> <span class='ocrx_word' id='word_1_375' title='bbox 1120 3045 1240 3106; x_wconf 88' lang='lat' dir='ltr'><strong>post</strong></span> <span class='ocrx_word' id='word_1_376' title='bbox 1284 3048 1525 3091; x_wconf 88' lang='lat' dir='ltr'><strong>sanctum</strong></span> <span class='ocrx_word' id='word_1_377' title='bbox 1574 3036 1809 3101; x_wconf 89' lang='lat' dir='ltr'><strong>Petrum,</strong></span> 
     </span>
    </p>
   </div>
   <div class='ocr_carea' id='block_1_48' title="bbox 247 3124 1815 3196">
    <p class='ocr_par' dir='ltr' id='par_1_48' title="bbox 247 3124 1815 3196">
     <span class='ocr_line' id='line_1_49' title="bbox 247 3124 1815 3196; baseline 0.001 -18"><span class='ocrx_word' id='word_1_378' title='bbox 247 3124 442 3193; x_wconf 79' lang='lat' dir='ltr'><strong>lcgitur</strong></span> <span class='ocrx_word' id='word_1_379' title='bbox 467 3126 808 3180; x_wconf 83' lang='lat' dir='ltr'><strong>constituisse</strong></span> <span class='ocrx_word' id='word_1_380' title='bbox 827 3141 985 3195; x_wconf 87' lang='lat' dir='ltr'><strong>supra</strong></span> <span class='ocrx_word' id='word_1_381' title='bbox 1005 3127 1288 3181; x_wconf 87' lang='lat' dir='ltr'><strong>memorias</strong></span> <span class='ocrx_word' id='word_1_382' title='bbox 1316 3136 1609 3196; x_wconf 84' lang='lat' dir='ltr'><strong>martyrum</strong></span> <span class='ocrx_word' id='word_1_383' title='bbox 1625 3128 1815 3181; x_wconf 88' lang='lat' dir='ltr'><strong>missas</strong></span> 
     </span>
    </p>
   </div>
   <div class='ocr_carea' id='block_1_49' title="bbox 248 3212 1813 3287">
    <p class='ocr_par' dir='ltr' id='par_1_49' title="bbox 248 3212 1813 3287">
     <span class='ocr_line' id='line_1_50' title="bbox 248 3212 1813 3287; baseline 0.003 -22"><span class='ocrx_word' id='word_1_384' title='bbox 248 3212 529 3265; x_wconf 78' lang='lat' dir='ltr'><strong>celebrari.</strong></span> <span class='ocrx_word' id='word_1_385' title='bbox 568 3212 817 3267; x_wconf 81' lang='lat' dir='ltr'><strong>Attamen</strong></span> <span class='ocrx_word' id='word_1_386' title='bbox 852 3216 1039 3269; x_wconf 89' lang='lat' dir='ltr'><strong>beatus</strong></span> <span class='ocrx_word' id='word_1_387' title='bbox 1064 3215 1351 3284; x_wconf 85' lang='lat' dir='ltr'><strong>Gregorius</strong></span> <span class='ocrx_word' id='word_1_388' title='bbox 1374 3233 1508 3285; x_wconf 91' lang='lat' dir='ltr'><strong>papa</strong></span> <span class='ocrx_word' id='word_1_389' title='bbox 1541 3218 1813 3287; x_wconf 83' lang='lat' dir='ltr'><strong>sexagesi-</strong></span> 
     </span>
    </p>
   </div>
   <div class='ocr_carea' id='block_1_50' title="bbox 247 3300 1815 3382">
    <p class='ocr_par' dir='ltr' id='par_1_50' title="bbox 247 3300 1815 3382">
     <span class='ocr_line' id='line_1_51' title="bbox 247 3300 1815 3382; baseline 0.006 -32"><span class='ocrx_word' id='word_1_390' title='bbox 247 3313 371 3353; x_wconf 90' lang='lat' dir='ltr'><strong>mus</strong></span> <span class='ocrx_word' id='word_1_391' title='bbox 408 3308 595 3354; x_wconf 86' lang='lat' dir='ltr'><strong>sextus</strong></span> <span class='ocrx_word' id='word_1_392' title='bbox 611 3300 872 3382; x_wconf 38' lang='lat' dir='ltr'><strong>.Romana:</strong></span> <span class='ocrx_word' id='word_1_393' title='bbox 921 3302 1068 3357; x_wconf 87' lang='lat' dir='ltr'><strong>urbis</strong></span> <span class='ocrx_word' id='word_1_394' title='bbox 1107 3305 1383 3358; x_wconf 87' lang='lat' dir='ltr'><strong>constituit</strong></span> <span class='ocrx_word' id='word_1_395' title='bbox 1419 3321 1576 3374; x_wconf 89' lang='lat' dir='ltr'><strong>supra</strong></span> <span class='ocrx_word' id='word_1_396' title='bbox 1620 3320 1815 3373; x_wconf 89' lang='lat' dir='ltr'><strong>corpus</strong></span> 
     </span>
    </p>
   </div>
   <div class='ocr_carea' id='block_1_51' title="bbox 249 3388 1814 3464">
    <p class='ocr_par' dir='ltr' id='par_1_51' title="bbox 249 3388 1814 3464">
     <span class='ocr_line' id='line_1_52' title="bbox 249 3388 1814 3464; baseline 0.008 -24"><span class='ocrx_word' id='word_1_397' title='bbox 249 3388 443 3443; x_wconf 84' lang='lat' dir='ltr'><strong>missas</strong></span> <span class='ocrx_word' id='word_1_398' title='bbox 471 3389 746 3445; x_wconf 87' lang='lat' dir='ltr'><strong>celebrari.</strong></span> <span class='ocrx_word' id='word_1_399' title='bbox 778 3393 1035 3447; x_wconf 88' lang='lat' dir='ltr'><strong>Dicuntur</strong></span> <span class='ocrx_word' id='word_1_400' title='bbox 1053 3396 1294 3464; x_wconf 52' lang='lat' dir='ltr'><strong>quaedam</strong></span> <span class='ocrx_word' id='word_1_401' title='bbox 1324 3396 1637 3451; x_wconf 85' lang='lat' dir='ltr'><strong>festivitates</strong></span> <span class='ocrx_word' id='word_1_402' title='bbox 1663 3409 1814 3452; x_wconf 85' lang='lat' dir='ltr'><strong>nata-</strong></span> 
     </span>
    </p>
   </div>
   <div class='ocr_carea' id='block_1_52' title="bbox 245 3475 1809 3553">
    <p class='ocr_par' dir='ltr' id='par_1_52' title="bbox 245 3475 1809 3553">
     <span class='ocr_line' id='line_1_53' title="bbox 245 3475 1809 3553; baseline 0.009 -26"><span class='ocrx_word' id='word_1_403' title='bbox 245 3475 381 3535; x_wconf 88' lang='lat' dir='ltr'><strong>litia.</strong></span> <span class='ocrx_word' id='word_1_404' title='bbox 400 3486 454 3531; x_wconf 89' lang='lat' dir='ltr'><strong>et</strong></span> <span class='ocrx_word' id='word_1_405' title='bbox 470 3478 677 3533; x_wconf 91' lang='lat' dir='ltr'><strong>merito.</strong></span> <span class='ocrx_word' id='word_1_406' title='bbox 696 3478 969 3545; x_wconf 86' lang='lat' dir='ltr'><strong>Quomodo</strong></span> <span class='ocrx_word' id='word_1_407' title='bbox 991 3483 1133 3535; x_wconf 89' lang='lat' dir='ltr'><strong>enim</strong></span> <span class='ocrx_word' id='word_1_408' title='bbox 1156 3493 1409 3539; x_wconf 87' lang='lat' dir='ltr'><strong>consuete</strong></span> <span class='ocrx_word' id='word_1_409' title='bbox 1426 3486 1571 3539; x_wconf 90' lang='lat' dir='ltr'><strong>nasci</strong></span> <span class='ocrx_word' id='word_1_410' title='bbox 1595 3486 1809 3553; x_wconf 88' lang='lat' dir='ltr'><strong>dicitur,</strong></span> 
     </span>
    </p>
   </div>
   <div class='ocr_carea' id='block_1_53' title="bbox 251 3568 1811 3641">
    <p class='ocr_par' dir='ltr' id='par_1_53' title="bbox 251 3568 1811 3641">
     <span class='ocr_line' id='line_1_54' title="bbox 251 3568 1811 3641; baseline 0.005 -20"><span class='ocrx_word' id='word_1_411' title='bbox 251 3582 372 3621; x_wconf 87' lang='lat' dir='ltr'><strong>cum</strong></span> <span class='ocrx_word' id='word_1_412' title='bbox 406 3568 544 3635; x_wconf 90' lang='lat' dir='ltr'><strong>quis,</strong></span> <span class='ocrx_word' id='word_1_413' title='bbox 573 3570 638 3623; x_wconf 89' lang='lat' dir='ltr'><strong>de</strong></span> <span class='ocrx_word' id='word_1_414' title='bbox 666 3581 819 3624; x_wconf 88' lang='lat' dir='ltr'><strong>utero</strong></span> <span class='ocrx_word' id='word_1_415' title='bbox 849 3572 1036 3626; x_wconf 89' lang='lat' dir='ltr'><strong>matris</strong></span> <span class='ocrx_word' id='word_1_416' title='bbox 1064 3574 1373 3641; x_wconf 89' lang='lat' dir='ltr'><strong>procedens,</strong></span> <span class='ocrx_word' id='word_1_417' title='bbox 1406 3575 1543 3627; x_wconf 89' lang='lat' dir='ltr'><strong>hanc</strong></span> <span class='ocrx_word' id='word_1_418' title='bbox 1566 3575 1617 3628; x_wconf 91' lang='lat' dir='ltr'><strong>in</strong></span> <span class='ocrx_word' id='word_1_419' title='bbox 1642 3574 1811 3630; x_wconf 88' lang='lat' dir='ltr'><strong>lucem</strong></span> 
     </span>
    </p>
   </div>
   <div class='ocr_carea' id='block_1_54' title="bbox 243 3660 1813 3733">
    <p class='ocr_par' dir='ltr' id='par_1_54' title="bbox 243 3660 1813 3733">
     <span class='ocr_line' id='line_1_55' title="bbox 243 3660 1813 3733; baseline 0.004 -22"><span class='ocrx_word' id='word_1_420' title='bbox 243 3660 537 3729; x_wconf 81' lang='lat' dir='ltr'><strong>egreditur,</strong></span> <span class='ocrx_word' id='word_1_421' title='bbox 563 3661 635 3713; x_wconf 89' lang='lat' dir='ltr'><strong>ita</strong></span> <span class='ocrx_word' id='word_1_422' title='bbox 661 3662 955 3716; x_wconf 90' lang='lat' dir='ltr'><strong>rectissime</strong></span> <span class='ocrx_word' id='word_1_423' title='bbox 978 3672 1153 3733; x_wconf 87' lang='lat' dir='ltr'><strong>potest</strong></span> <span class='ocrx_word' id='word_1_424' title='bbox 1200 3673 1355 3718; x_wconf 90' lang='lat' dir='ltr'><strong>natus</strong></span> <span class='ocrx_word' id='word_1_425' title='bbox 1391 3664 1514 3729; x_wconf 92' lang='lat' dir='ltr'><strong>dici,</strong></span> <span class='ocrx_word' id='word_1_426' title='bbox 1549 3665 1672 3733; x_wconf 89' lang='lat' dir='ltr'><strong>quia</strong></span> <span class='ocrx_word' id='word_1_427' title='bbox 1697 3666 1813 3719; x_wconf 84' lang='lat' dir='ltr'><strong>vin-</strong></span> 
     </span>
    </p>
   </div>
   <div class='ocr_carea' id='block_1_55' title="bbox 243 3749 1813 3820">
    <p class='ocr_par' dir='ltr' id='par_1_55' title="bbox 243 3749 1813 3820">
     <span class='ocr_line' id='line_1_56' title="bbox 243 3749 1813 3820; baseline 0.004 -17"><span class='ocrx_word' id='word_1_428' title='bbox 243 3749 379 3803; x_wconf 75' lang='lat' dir='ltr'><strong>culis</strong></span> <span class='ocrx_word' id='word_1_429' title='bbox 407 3751 588 3804; x_wconf 87' lang='lat' dir='ltr'><strong>carnis</strong></span> <span class='ocrx_word' id='word_1_430' title='bbox 611 3750 833 3816; x_wconf 90' lang='lat' dir='ltr'><strong>solutus,</strong></span> <span class='ocrx_word' id='word_1_431' title='bbox 856 3754 922 3805; x_wconf 85' lang='lat' dir='ltr'><strong>ad</strong></span> <span class='ocrx_word' id='word_1_432' title='bbox 945 3753 1113 3807; x_wconf 86' lang='lat' dir='ltr'><strong>lucem</strong></span> <span class='ocrx_word' id='word_1_433' title='bbox 1131 3754 1446 3808; x_wconf 82' lang='lat' dir='ltr'><strong>stiblimatur</strong></span> <span class='ocrx_word' id='word_1_434' title='bbox 1465 3763 1739 3820; x_wconf 75' lang='lat' dir='ltr'><strong>:eternam,</strong></span> <span class='ocrx_word' id='word_1_435' title='bbox 1760 3765 1813 3810; x_wconf 90' lang='lat' dir='ltr'><strong>et</strong></span> 
     </span>
    </p>
   </div>
   <div class='ocr_carea' id='block_1_56' title="bbox 244 3832 1811 3906">
    <p class='ocr_par' dir='ltr' id='par_1_56' title="bbox 244 3832 1811 3906">
     <span class='ocr_line' id='line_1_57' title="bbox 244 3832 1811 3906; baseline 0.005 -17"><span class='ocrx_word' id='word_1_436' title='bbox 244 3839 369 3892; x_wconf 87' lang='lat' dir='ltr'><strong>inde</strong></span> <span class='ocrx_word' id='word_1_437' title='bbox 410 3852 528 3892; x_wconf 89' lang='lat' dir='ltr'><strong>mos</strong></span> <span class='ocrx_word' id='word_1_438' title='bbox 561 3832 789 3893; x_wconf 86' lang='lat' dir='ltr'><strong>obtinuit</strong></span> <span class='ocrx_word' id='word_1_439' title='bbox 831 3841 1223 3896; x_wconf 87' lang='lat' dir='ltr'><strong>ecclesiasticus</strong></span> <span class='ocrx_word' id='word_1_440' title='bbox 1251 3883 1264 3906; x_wconf 92' lang='lat'><strong>,</strong></span> <span class='ocrx_word' id='word_1_441' title='bbox 1296 3850 1354 3896; x_wconf 94' lang='lat' dir='ltr'><strong>ut</strong></span> <span class='ocrx_word' id='word_1_442' title='bbox 1385 3843 1497 3897; x_wconf 90' lang='lat' dir='ltr'><strong>dies</strong></span> <span class='ocrx_word' id='word_1_443' title='bbox 1534 3844 1811 3899; x_wconf 88' lang='lat' dir='ltr'><strong>beatorum</strong></span> 
     </span>
    </p>
   </div>
   <div class='ocr_carea' id='block_1_57' title="bbox 240 3930 1812 4000">
    <p class='ocr_par' dir='ltr' id='par_1_57' title="bbox 240 3930 1812 4000">
     <span class='ocr_line' id='line_1_58' title="bbox 240 3930 1812 4000; baseline 0.003 -19"><span class='ocrx_word' id='word_1_444' title='bbox 240 3938 562 3998; x_wconf 86' lang='lat' dir='ltr'><strong>martyrum,</strong></span> <span class='ocrx_word' id='word_1_445' title='bbox 597 3930 709 3983; x_wconf 91' lang='lat' dir='ltr'><strong>sive</strong></span> <span class='ocrx_word' id='word_1_446' title='bbox 740 3930 1103 3986; x_wconf 90' lang='lat' dir='ltr'><strong>confessorum</strong></span> <span class='ocrx_word' id='word_1_447' title='bbox 1130 3932 1349 3995; x_wconf 87' lang='lat' dir='ltr'><strong>Christi,</strong></span> <span class='ocrx_word' id='word_1_448' title='bbox 1390 3933 1480 4000; x_wconf 89' lang='lat' dir='ltr'><strong>qui</strong></span> <span class='ocrx_word' id='word_1_449' title='bbox 1525 3933 1588 3987; x_wconf 91' lang='lat' dir='ltr'><strong>de</strong></span> <span class='ocrx_word' id='word_1_450' title='bbox 1619 3933 1812 3987; x_wconf 76' lang='lat' dir='ltr'><strong>saeculo</strong></span> 
     </span>
    </p>
   </div>
   <div class='ocr_carea' id='block_1_58' title="bbox 242 4022 1807 4092">
    <p class='ocr_par' dir='ltr' id='par_1_58' title="bbox 242 4022 1807 4092">
     <span class='ocr_line' id='line_1_59' title="bbox 242 4022 1807 4092; baseline 0.003 -20"><span class='ocrx_word' id='word_1_451' title='bbox 242 4022 593 4087; x_wconf 84' lang='lat' dir='ltr'><strong>transierunt,</strong></span> <span class='ocrx_word' id='word_1_452' title='bbox 624 4024 828 4078; x_wconf 87' lang='lat' dir='ltr'><strong>natales</strong></span> <span class='ocrx_word' id='word_1_453' title='bbox 850 4025 1162 4087; x_wconf 90' lang='lat' dir='ltr'><strong>vocitemus,</strong></span> <span class='ocrx_word' id='word_1_454' title='bbox 1196 4038 1485 4092; x_wconf 89' lang='lat' dir='ltr'><strong>eorumque</strong></span> <span class='ocrx_word' id='word_1_455' title='bbox 1529 4025 1807 4087; x_wconf 89' lang='lat' dir='ltr'><strong>solemnia,</strong></span> 
     </span>
    </p>
   </div>
   <div class='ocr_carea' id='block_1_59' title="bbox 238 4109 1320 4175">
    <p class='ocr_par' dir='ltr' id='par_1_59' title="bbox 238 4109 1320 4175">
     <span class='ocr_line' id='line_1_60' title="bbox 238 4109 1320 4175; baseline 0.005 -15"><span class='ocrx_word' id='word_1_456' title='bbox 238 4124 343 4161; x_wconf 91' lang='lat' dir='ltr'><strong>non</strong></span> <span class='ocrx_word' id='word_1_457' title='bbox 380 4109 643 4175; x_wconf 78' lang='lat' dir='ltr'><strong>funebria,</strong></span> <span class='ocrx_word' id='word_1_458' title='bbox 677 4114 768 4167; x_wconf 79' lang='lat' dir='ltr'><strong>sed</strong></span> <span class='ocrx_word' id='word_1_459' title='bbox 793 4114 1031 4168; x_wconf 86' lang='lat' dir='ltr'><strong>natalitia</strong></span> <span class='ocrx_word' id='word_1_460' title='bbox 1060 4114 1320 4168; x_wconf 88' lang='lat' dir='ltr'><strong>dicantur.</strong></span> 
     </span>
    </p>
   </div>
   <div class='ocr_carea' id='block_1_60' title="bbox 792 4220 1223 4276">
    <p class='ocr_par' dir='ltr' id='par_1_60' title="bbox 792 4220 1223 4276">
     <span class='ocr_line' id='line_1_61' title="bbox 792 4220 1223 4276; baseline 0 -1"><span class='ocrx_word' id='word_1_461' title='bbox 792 4220 1016 4276; x_wconf 78' lang='lat' dir='ltr'>CAPUT</span> <span class='ocrx_word' id='word_1_462' title='bbox 1044 4221 1223 4275; x_wconf 75' lang='lat' dir='ltr'><strong>XLIV.</strong></span> 
     </span>
    </p>
   </div>
   <div class='ocr_carea' id='block_1_61' title="bbox 471 4288 1568 4359">
    <p class='ocr_par' dir='ltr' id='par_1_61' title="bbox 471 4288 1568 4359">
     <span class='ocr_line' id='line_1_62' title="bbox 471 4288 1568 4359; baseline 0.002 -17"><span class='ocrx_word' id='word_1_463' title='bbox 471 4288 547 4343; x_wconf 88' lang='lat' dir='ltr'><strong>De</strong></span> <span class='ocrx_word' id='word_1_464' title='bbox 570 4290 843 4358; x_wconf 74' lang='lat' dir='ltr'><strong>sacriﬁciis</strong></span> <span class='ocrx_word' id='word_1_465' title='bbox 871 4308 964 4359; x_wconf 84' lang='lat' dir='ltr'><strong>pro</strong></span> <span class='ocrx_word' id='word_1_466' title='bbox 986 4292 1241 4359; x_wconf 80' lang='lat' dir='ltr'><strong>defunctis</strong></span> <span class='ocrx_word' id='word_1_467' title='bbox 1270 4292 1568 4359; x_wconf 76' lang='lat' dir='ltr'><strong>afferendis.</strong></span> 
     </span>
    </p>
   </div>
   <div class='ocr_carea' id='block_1_62' title="bbox 2596 1876 2745 1918">
    <p class='ocr_par' dir='ltr' id='par_1_62' title="bbox 2596 1876 2745 1918">
     <span class='ocr_line' id='line_1_63' title="bbox 2596 1876 2745 1918; baseline 0.007 -1"><span class='ocrx_word' id='word_1_468' title='bbox 2596 1876 2725 1918; x_wconf 65' lang='lat' dir='ltr'><strong>xerit</strong></span> <span class='ocrx_word' id='word_1_469' title='bbox 2734 1906 2745 1918; x_wconf 89' lang='lat'><strong>.</strong></span> 
     </span>
    </p>
   </div>
   <div class='ocr_carea' id='block_1_63' title="bbox 1990 1955 3483 2033">
    <p class='ocr_par' dir='ltr' id='par_1_63' title="bbox 1990 1955 3483 2033">
     <span class='ocr_line' id='line_1_64' title="bbox 1990 1955 3483 2033; baseline 0 -23"><span class='ocrx_word' id='word_1_470' title='bbox 1990 1955 2333 2033; x_wconf 81' lang='lat' dir='ltr'><strong>Festivitates</strong></span> <span class='ocrx_word' id='word_1_471' title='bbox 2361 1973 2567 2011; x_wconf 87' lang='lat' dir='ltr'><strong>annuas</strong></span> <span class='ocrx_word' id='word_1_472' title='bbox 2613 1957 2964 2012; x_wconf 85' lang='lat' dir='ltr'><strong>dedicationis</strong></span> <span class='ocrx_word' id='word_1_473' title='bbox 3011 1957 3380 2021; x_wconf 76' lang='lat' dir='ltr'><strong>ecclesiarum,</strong></span> <span class='ocrx_word' id='word_1_474' title='bbox 3417 1973 3483 2010; x_wconf 81' lang='lat' dir='ltr'><strong>ex</strong></span> 
     </span>
    </p>
   </div>
   <div class='ocr_carea' id='block_1_64' title="bbox 1920 2048 3483 2118">
    <p class='ocr_par' dir='ltr' id='par_1_64' title="bbox 1920 2048 3483 2118">
     <span class='ocr_line' id='line_1_65' title="bbox 1920 2048 3483 2118; baseline 0.001 -16"><span class='ocrx_word' id='word_1_475' title='bbox 1920 2063 2069 2102; x_wconf 89' lang='lat' dir='ltr'><strong>more</strong></span> <span class='ocrx_word' id='word_1_476' title='bbox 2095 2057 2333 2103; x_wconf 80' lang='lat' dir='ltr'><strong>veterum</strong></span> <span class='ocrx_word' id='word_1_477' title='bbox 2364 2049 2645 2112; x_wconf 88' lang='lat' dir='ltr'><strong>celebrari,</strong></span> <span class='ocrx_word' id='word_1_478' title='bbox 2681 2049 2731 2102; x_wconf 92' lang='lat' dir='ltr'><strong>in</strong></span> <span class='ocrx_word' id='word_1_479' title='bbox 2783 2048 3068 2118; x_wconf 85' lang='lat' dir='ltr'><strong>Evangelio</strong></span> <span class='ocrx_word' id='word_1_480' title='bbox 3099 2048 3345 2117; x_wconf 88' lang='lat' dir='ltr'><strong>legimus,</strong></span> <span class='ocrx_word' id='word_1_481' title='bbox 3392 2049 3483 2103; x_wconf 83' lang='lat' dir='ltr'><strong>ubi</strong></span> 
     </span>
    </p>
   </div>
   <div class='ocr_carea' id='block_1_65' title="bbox 1890 2134 3494 2207">
    <p class='ocr_par' dir='ltr' id='par_1_65' title="bbox 1890 2134 3494 2207">
     <span class='ocr_line' id='line_1_66' title="bbox 1890 2134 3494 2207; baseline 0 -16"><span class='ocrx_word' id='word_1_482' title='bbox 1890 2139 2153 2193; x_wconf 70' lang='lat' dir='ltr'><strong>&#39;dicitur&#39;</strong></span> <span class='ocrx_word' id='word_1_483' title='bbox 2214 2137 2382 2192; x_wconf 86' lang='lat' dir='ltr'><strong>Facta</strong></span> <span class='ocrx_word' id='word_1_484' title='bbox 2435 2147 2553 2191; x_wconf 79' lang='lat' dir='ltr'><strong>sunt</strong></span> <span class='ocrx_word' id='word_1_485' title='bbox 2614 2134 2789 2191; x_wconf 81' lang='lat' dir='ltr'><strong>autem</strong></span> <span class='ocrx_word' id='word_1_486' title='bbox 2848 2139 3078 2191; x_wconf 77' lang='lat' dir='ltr'><strong>enctrnia</strong></span> <span class='ocrx_word' id='word_1_487' title='bbox 3124 2137 3494 2207; x_wconf 70' lang='lat' dir='ltr'><strong>Jerosolymis&#39;</strong></span> 
     </span>
    </p>
   </div>
   <div class='ocr_carea' id='block_1_66' title="bbox 1918 2218 3484 2303">
    <p class='ocr_par' dir='ltr' id='par_1_66' title="bbox 1918 2218 3484 2303">
     <span class='ocr_line' id='line_1_67' title="bbox 1918 2218 3484 2303; baseline -0.002 -19"><span class='ocrx_word' id='word_1_488' title='bbox 1918 2229 2099 2299; x_wconf 84' lang='lat' dir='ltr'><strong>(Joan.</strong></span> <span class='ocrx_word' id='word_1_489' title='bbox 2128 2229 2203 2301; x_wconf 78' lang='lat' dir='ltr'><strong>x).</strong></span> <span class='ocrx_word' id='word_1_490' title='bbox 2238 2230 2487 2283; x_wconf 77' lang='lat' dir='ltr'><strong>Enczeuia</strong></span> <span class='ocrx_word' id='word_1_491' title='bbox 2510 2229 2702 2303; x_wconf 88' lang='lat' dir='ltr'><strong>quippe</strong></span> <span class='ocrx_word' id='word_1_492' title='bbox 2726 2218 3042 2285; x_wconf 77' lang='lat' dir='ltr'><strong>festivitates</strong></span> <span class='ocrx_word' id='word_1_493' title='bbox 3079 2238 3231 2284; x_wconf 91' lang='lat' dir='ltr'><strong>erant</strong></span> <span class='ocrx_word' id='word_1_494' title='bbox 3270 2228 3484 2283; x_wconf 88' lang='lat' dir='ltr'><strong>dedica-</strong></span> 
     </span>
    </p>
   </div>
   <div class='ocr_carea' id='block_1_67' title="bbox 1920 2319 3478 2389">
    <p class='ocr_par' dir='ltr' id='par_1_67' title="bbox 1920 2319 3478 2389">
     <span class='ocr_line' id='line_1_68' title="bbox 1920 2319 3478 2389; baseline -0.001 -15"><span class='ocrx_word' id='word_1_495' title='bbox 1920 2323 2087 2375; x_wconf 81' lang='lat' dir='ltr'><strong>tiones</strong></span> <span class='ocrx_word' id='word_1_496' title='bbox 2121 2320 2321 2389; x_wconf 86' lang='lat' dir='ltr'><strong>templi.</strong></span> <span class='ocrx_word' id='word_1_497' title='bbox 2371 2319 2557 2374; x_wconf 65' lang='lat' dir='ltr'><strong>Graace</strong></span> <span class='ocrx_word' id='word_1_498' title='bbox 2613 2322 2753 2374; x_wconf 90' lang='lat' dir='ltr'><strong>enim</strong></span> <span class='ocrx_word' id='word_1_499' title='bbox 2807 2321 2966 2376; x_wconf 75' lang='grc' dir='ltr'><strong>καινὸν</strong></span> <span class='ocrx_word' id='word_1_500' title='bbox 3020 2319 3212 2383; x_wconf 82' lang='lat' dir='ltr'><strong>dicitur</strong></span> <span class='ocrx_word' id='word_1_501' title='bbox 3260 2334 3478 2373; x_wconf 88' lang='lat' dir='ltr'><strong>novum.</strong></span> 
     </span>
    </p>
   </div>
   <div class='ocr_carea' id='block_1_68' title="bbox 1918 2408 3479 2479">
    <p class='ocr_par' dir='ltr' id='par_1_68' title="bbox 1918 2408 3479 2479">
     <span class='ocr_line' id='line_1_69' title="bbox 1918 2408 3479 2479; baseline -0.001 -16"><span class='ocrx_word' id='word_1_502' title='bbox 1918 2409 2279 2479; x_wconf 85' lang='lat' dir='ltr'><strong>Quodcunque</strong></span> <span class='ocrx_word' id='word_1_503' title='bbox 2312 2410 2454 2464; x_wconf 92' lang='lat' dir='ltr'><strong>enim</strong></span> <span class='ocrx_word' id='word_1_504' title='bbox 2485 2409 2683 2478; x_wconf 83' lang='lat' dir='ltr'><strong>aliquid</strong></span> <span class='ocrx_word' id='word_1_505' title='bbox 2728 2425 2923 2463; x_wconf 87' lang='lat' dir='ltr'><strong>novum</strong></span> <span class='ocrx_word' id='word_1_506' title='bbox 2968 2408 3129 2463; x_wconf 89' lang='lat' dir='ltr'><strong>fuerit</strong></span> <span class='ocrx_word' id='word_1_507' title='bbox 3155 2409 3479 2473; x_wconf 89' lang='lat' dir='ltr'><strong>dedicatum,</strong></span> 
     </span>
    </p>
   </div>
   <div class='ocr_carea' id='block_1_69' title="bbox 1916 2501 3482 2570">
    <p class='ocr_par' dir='ltr' id='par_1_69' title="bbox 1916 2501 3482 2570">
     <span class='ocr_line' id='line_1_70' title="bbox 1916 2501 3482 2570; baseline 0 -15"><span class='ocrx_word' id='word_1_508' title='bbox 1916 2517 2081 2557; x_wconf 68' lang='lat' dir='ltr'><strong>encazt</strong></span> <span class='ocrx_word' id='word_1_509' title='bbox 2104 2504 2151 2556; x_wconf 90' lang='lat' dir='ltr'><strong>ia</strong></span> <span class='ocrx_word' id='word_1_510' title='bbox 2191 2510 2426 2556; x_wconf 82' lang='lat' dir='ltr'><strong>vocatur.</strong></span> <span class='ocrx_word' id='word_1_511' title='bbox 2472 2501 2621 2555; x_wconf 86' lang='lat' dir='ltr'><strong>Illum</strong></span> <span class='ocrx_word' id='word_1_512' title='bbox 2676 2504 2817 2556; x_wconf 85' lang='lat' dir='ltr'><strong>enim</strong></span> <span class='ocrx_word' id='word_1_513' title='bbox 2868 2502 3006 2556; x_wconf 90' lang='lat' dir='ltr'><strong>diem</strong></span> <span class='ocrx_word' id='word_1_514' title='bbox 3038 2516 3143 2570; x_wconf 92' lang='lat' dir='ltr'><strong>quo</strong></span> <span class='ocrx_word' id='word_1_515' title='bbox 3175 2502 3482 2555; x_wconf 89' lang='lat' dir='ltr'><strong>dedicatum</strong></span> 
     </span>
    </p>
   </div>
   <div class='ocr_carea' id='block_1_70' title="bbox 1916 2590 3479 2660">
    <p class='ocr_par' dir='ltr' id='par_1_70' title="bbox 1916 2590 3479 2660">
     <span class='ocr_line' id='line_1_71' title="bbox 1916 2590 3479 2660; baseline 0 -16"><span class='ocrx_word' id='word_1_516' title='bbox 1916 2602 1999 2647; x_wconf 76' lang='lat' dir='ltr'><strong>est</strong></span> <span class='ocrx_word' id='word_1_517' title='bbox 2012 2592 2273 2660; x_wconf 72' lang='lat' dir='ltr'><strong>templum</strong></span> <span class='ocrx_word' id='word_1_518' title='bbox 2306 2607 2337 2645; x_wconf 90' lang='lat' dir='ltr'><strong>a</strong></span> <span class='ocrx_word' id='word_1_519' title='bbox 2376 2591 2681 2656; x_wconf 88' lang='lat' dir='ltr'><strong>Salomone,</strong></span> <span class='ocrx_word' id='word_1_520' title='bbox 2714 2593 2854 2647; x_wconf 92' lang='lat' dir='ltr'><strong>sicut</strong></span> <span class='ocrx_word' id='word_1_521' title='bbox 2884 2591 3087 2660; x_wconf 81' lang='lat' dir='ltr'><strong>Regum</strong></span> <span class='ocrx_word' id='word_1_522' title='bbox 3121 2591 3255 2646; x_wconf 89' lang='lat' dir='ltr'><strong>liber</strong></span> <span class='ocrx_word' id='word_1_523' title='bbox 3294 2600 3349 2644; x_wconf 88' lang='lat' dir='ltr'><strong>et</strong></span> <span class='ocrx_word' id='word_1_524' title='bbox 3375 2590 3479 2644; x_wconf 85' lang='lat' dir='ltr'><strong>Pa-</strong></span> 
     </span>
    </p>
   </div>
   <div class='ocr_carea' id='block_1_71' title="bbox 1917 2681 3480 2751">
    <p class='ocr_par' dir='ltr' id='par_1_71' title="bbox 1917 2681 3480 2751">
     <span class='ocr_line' id='line_1_72' title="bbox 1917 2681 3480 2751; baseline -0.001 -16"><span class='ocrx_word' id='word_1_525' title='bbox 1917 2684 2283 2751; x_wconf 69' lang='lat' dir='ltr'><strong>ralipomenon:</strong></span> <span class='ocrx_word' id='word_1_526' title='bbox 2322 2693 2524 2742; x_wconf 88' lang='lat' dir='ltr'><strong>narrat,</strong></span> <span class='ocrx_word' id='word_1_527' title='bbox 2556 2681 2721 2736; x_wconf 69' lang='lat' dir='ltr'><strong>Judzei</strong></span> <span class='ocrx_word' id='word_1_528' title='bbox 2756 2682 3067 2737; x_wconf 89' lang='lat' dir='ltr'><strong>solemniter</strong></span> <span class='ocrx_word' id='word_1_529' title='bbox 3113 2682 3480 2745; x_wconf 81' lang='lat' dir='ltr'><strong>celebrabant,</strong></span> 
     </span>
    </p>
   </div>
   <div class='ocr_carea' id='block_1_72' title="bbox 1915 2772 3477 2842">
    <p class='ocr_par' dir='ltr' id='par_1_72' title="bbox 1915 2772 3477 2842">
     <span class='ocr_line' id='line_1_73' title="bbox 1915 2772 3477 2842; baseline 0.001 -17"><span class='ocrx_word' id='word_1_530' title='bbox 1915 2781 1968 2825; x_wconf 83' lang='lat' dir='ltr'><strong>et</strong></span> <span class='ocrx_word' id='word_1_531' title='bbox 2004 2773 2116 2839; x_wconf 90' lang='lat' dir='ltr'><strong>ipse</strong></span> <span class='ocrx_word' id='word_1_532' title='bbox 2164 2773 2277 2827; x_wconf 90' lang='lat' dir='ltr'><strong>dies</strong></span> <span class='ocrx_word' id='word_1_533' title='bbox 2326 2774 2464 2841; x_wconf 90' lang='lat' dir='ltr'><strong>apud</strong></span> <span class='ocrx_word' id='word_1_534' title='bbox 2499 2788 2592 2827; x_wconf 91' lang='lat' dir='ltr'><strong>eos</strong></span> <span class='ocrx_word' id='word_1_535' title='bbox 2636 2772 2805 2826; x_wconf 83' lang='lat' dir='ltr'><strong>festus</strong></span> <span class='ocrx_word' id='word_1_536' title='bbox 2852 2772 3183 2836; x_wconf 89' lang='lat' dir='ltr'><strong>habebatur;</strong></span> <span class='ocrx_word' id='word_1_537' title='bbox 3219 2772 3308 2842; x_wconf 87' lang='lat' dir='ltr'><strong>qui</strong></span> <span class='ocrx_word' id='word_1_538' title='bbox 3349 2786 3477 2826; x_wconf 75' lang='lat' dir='ltr'><strong>usus</strong></span> 
     </span>
    </p>
   </div>
   <div class='ocr_carea' id='block_1_73' title="bbox 1916 2861 3478 2930">
    <p class='ocr_par' dir='ltr' id='par_1_73' title="bbox 1916 2861 3478 2930">
     <span class='ocr_line' id='line_1_74' title="bbox 1916 2861 3478 2930; baseline 0.001 -17"><span class='ocrx_word' id='word_1_539' title='bbox 1916 2862 2160 2916; x_wconf 89' lang='lat' dir='ltr'><strong>videlicet</strong></span> <span class='ocrx_word' id='word_1_540' title='bbox 2186 2862 2238 2915; x_wconf 91' lang='lat' dir='ltr'><strong>in</strong></span> <span class='ocrx_word' id='word_1_541' title='bbox 2293 2862 2396 2916; x_wconf 89' lang='lat' dir='ltr'><strong>illis</strong></span> <span class='ocrx_word' id='word_1_542' title='bbox 2418 2863 2649 2916; x_wconf 87' lang='lat' dir='ltr'><strong>exolevit</strong></span> <span class='ocrx_word' id='word_1_543' title='bbox 2675 2863 2765 2930; x_wconf 92' lang='lat' dir='ltr'><strong>qui</strong></span> <span class='ocrx_word' id='word_1_544' title='bbox 2815 2870 3107 2917; x_wconf 88' lang='lat' dir='ltr'><strong>caruerunt</strong></span> <span class='ocrx_word' id='word_1_545' title='bbox 3152 2872 3206 2915; x_wconf 91' lang='lat' dir='ltr'><strong>et</strong></span> <span class='ocrx_word' id='word_1_546' title='bbox 3254 2861 3397 2915; x_wconf 88' lang='lat' dir='ltr'><strong>cultu</strong></span> <span class='ocrx_word' id='word_1_547' title='bbox 3422 2869 3478 2915; x_wconf 92' lang='lat' dir='ltr'><strong>et</strong></span> 
     </span>
    </p>
   </div>
   <div class='ocr_carea' id='block_1_74' title="bbox 1916 2952 3469 3023">
    <p class='ocr_par' dir='ltr' id='par_1_74' title="bbox 1916 2952 3469 3023">
     <span class='ocr_line' id='line_1_75' title="bbox 1916 2952 3469 3023; baseline -0.001 -17"><span class='ocrx_word' id='word_1_548' title='bbox 1916 2952 2448 3023; x_wconf 86' lang='lat' dir='ltr'><strong>templo.-Christiani</strong></span> <span class='ocrx_word' id='word_1_549' title='bbox 2478 2963 2652 3007; x_wconf 88' lang='lat' dir='ltr'><strong>autem</strong></span> <span class='ocrx_word' id='word_1_550' title='bbox 2682 2961 2893 3007; x_wconf 88' lang='lat' dir='ltr'><strong>servant</strong></span> <span class='ocrx_word' id='word_1_551' title='bbox 2930 2960 3145 3006; x_wconf 89' lang='lat' dir='ltr'><strong>morem</strong></span> <span class='ocrx_word' id='word_1_552' title='bbox 3196 2952 3341 3005; x_wconf 87' lang='lat' dir='ltr'><strong>illum</strong></span> <span class='ocrx_word' id='word_1_553' title='bbox 3371 2966 3469 3022; x_wconf 89' lang='lat' dir='ltr'><strong>pa-</strong></span> 
     </span>
    </p>
   </div>
   <div class='ocr_carea' id='block_1_75' title="bbox 1918 3040 3476 3110">
    <p class='ocr_par' dir='ltr' id='par_1_75' title="bbox 1918 3040 3476 3110">
     <span class='ocr_line' id='line_1_76' title="bbox 1918 3040 3476 3110; baseline -0.001 -15"><span class='ocrx_word' id='word_1_554' title='bbox 1918 3052 2080 3105; x_wconf 87' lang='lat' dir='ltr'><strong>trum,</strong></span> <span class='ocrx_word' id='word_1_555' title='bbox 2115 3042 2166 3095; x_wconf 90' lang='lat' dir='ltr'><strong>in</strong></span> <span class='ocrx_word' id='word_1_556' title='bbox 2192 3042 2386 3110; x_wconf 89' lang='lat' dir='ltr'><strong>quibus</strong></span> <span class='ocrx_word' id='word_1_557' title='bbox 2416 3042 2580 3109; x_wconf 77' lang='lat' dir='ltr'><strong>gloria</strong></span> <span class='ocrx_word' id='word_1_558' title='bbox 2633 3041 2887 3095; x_wconf 85' lang='lat' dir='ltr'><strong>translata</strong></span> <span class='ocrx_word' id='word_1_559' title='bbox 2917 3042 3146 3094; x_wconf 86' lang='lat' dir='ltr'><strong>videtur.</strong></span> <span class='ocrx_word' id='word_1_560' title='bbox 3178 3040 3307 3094; x_wconf 82' lang='lat' dir='ltr'><strong>Nam</strong></span> <span class='ocrx_word' id='word_1_561' title='bbox 3334 3041 3476 3108; x_wconf 88' lang='lat' dir='ltr'><strong>quod</strong></span> 
     </span>
    </p>
   </div>
   <div class='ocr_carea' id='block_1_76' title="bbox 1920 3128 3478 3200">
    <p class='ocr_par' dir='ltr' id='par_1_76' title="bbox 1920 3128 3478 3200">
     <span class='ocr_line' id='line_1_77' title="bbox 1920 3128 3478 3200; baseline -0.002 -15"><span class='ocrx_word' id='word_1_562' title='bbox 1920 3131 1971 3185; x_wconf 91' lang='lat' dir='ltr'><strong>in</strong></span> <span class='ocrx_word' id='word_1_563' title='bbox 1994 3131 2327 3185; x_wconf 84' lang='lat' dir='ltr'><strong>dedicatione</strong></span> <span class='ocrx_word' id='word_1_564' title='bbox 2352 3129 2552 3200; x_wconf 90' lang='lat' dir='ltr'><strong>templi,</strong></span> <span class='ocrx_word' id='word_1_565' title='bbox 2586 3131 2638 3183; x_wconf 91' lang='lat' dir='ltr'><strong>in</strong></span> <span class='ocrx_word' id='word_1_566' title='bbox 2668 3140 2825 3183; x_wconf 90' lang='lat' dir='ltr'><strong>nocte</strong></span> <span class='ocrx_word' id='word_1_567' title='bbox 2852 3130 3183 3199; x_wconf 74' lang='lat' dir='ltr'><strong>praecedente</strong></span> <span class='ocrx_word' id='word_1_568' title='bbox 3222 3128 3360 3182; x_wconf 88' lang='lat' dir='ltr'><strong>diem</strong></span> <span class='ocrx_word' id='word_1_569' title='bbox 3388 3130 3478 3182; x_wconf 86' lang='lat' dir='ltr'><strong>de-</strong></span> 
     </span>
    </p>
   </div>
   <div class='ocr_carea' id='block_1_77' title="bbox 1919 3204 3476 3290">
    <p class='ocr_par' dir='ltr' id='par_1_77' title="bbox 1919 3204 3476 3290">
     <span class='ocr_line' id='line_1_78' title="bbox 1919 3204 3476 3290; baseline -0.001 -15"><span class='ocrx_word' id='word_1_570' title='bbox 1919 3204 2223 3287; x_wconf 57' lang='lat' dir='ltr'><strong>dicationis,</strong></span> <span class='ocrx_word' id='word_1_571' title='bbox 2264 3222 2502 3290; x_wconf 75' lang='lat' dir='ltr'><strong>reliquize</strong></span> <span class='ocrx_word' id='word_1_572' title='bbox 2551 3230 2857 3275; x_wconf 87' lang='lat' dir='ltr'><strong>sanctorum</strong></span> <span class='ocrx_word' id='word_1_573' title='bbox 2903 3219 3102 3273; x_wconf 84' lang='lat' dir='ltr'><strong>feretro</strong></span> <span class='ocrx_word' id='word_1_574' title='bbox 3155 3219 3382 3274; x_wconf 65' lang='lat' dir='ltr'><strong>condita:</strong></span> <span class='ocrx_word' id='word_1_575' title='bbox 3422 3220 3476 3274; x_wconf 78' lang='lat' dir='ltr'><strong>in</strong></span> 
     </span>
    </p>
   </div>
   <div class='ocr_carea' id='block_1_78' title="bbox 1917 3308 3471 3381">
    <p class='ocr_par' dir='ltr' id='par_1_78' title="bbox 1917 3308 3471 3381">
     <span class='ocr_line' id='line_1_79' title="bbox 1917 3308 3471 3381; baseline -0.001 -18"><span class='ocrx_word' id='word_1_576' title='bbox 1917 3312 2146 3365; x_wconf 88' lang='lat' dir='ltr'><strong>tentorio</strong></span> <span class='ocrx_word' id='word_1_577' title='bbox 2168 3311 2362 3381; x_wconf 86' lang='lat' dir='ltr'><strong>vigiliis</strong></span> <span class='ocrx_word' id='word_1_578' title='bbox 2384 3311 2779 3371; x_wconf 86' lang='lat' dir='ltr'><strong>custodiuntur,</strong></span> <span class='ocrx_word' id='word_1_579' title='bbox 2806 3310 2929 3377; x_wconf 89' lang='lat' dir='ltr'><strong>quid</strong></span> <span class='ocrx_word' id='word_1_580' title='bbox 2958 3310 3097 3363; x_wconf 92' lang='lat' dir='ltr'><strong>aliud</strong></span> <span class='ocrx_word' id='word_1_581' title='bbox 3123 3308 3471 3371; x_wconf 82' lang='lat' dir='ltr'><strong>demonstrat,</strong></span> 
     </span>
    </p>
   </div>
   <div class='ocr_carea' id='block_1_79' title="bbox 1913 3401 3473 3471">
    <p class='ocr_par' dir='ltr' id='par_1_79' title="bbox 1913 3401 3473 3471">
     <span class='ocr_line' id='line_1_80' title="bbox 1913 3401 3473 3471; baseline -0.001 -16"><span class='ocrx_word' id='word_1_582' title='bbox 1913 3416 2073 3470; x_wconf 89' lang='lat' dir='ltr'><strong>quam</strong></span> <span class='ocrx_word' id='word_1_583' title='bbox 2121 3402 2260 3471; x_wconf 92' lang='lat' dir='ltr'><strong>quod</strong></span> <span class='ocrx_word' id='word_1_584' title='bbox 2288 3417 2411 3455; x_wconf 91' lang='lat' dir='ltr'><strong>arca</strong></span> <span class='ocrx_word' id='word_1_585' title='bbox 2454 3402 2754 3455; x_wconf 86' lang='lat' dir='ltr'><strong>testamenti</strong></span> <span class='ocrx_word' id='word_1_586' title='bbox 2790 3415 2908 3453; x_wconf 89' lang='lat' dir='ltr'><strong>cum</strong></span> <span class='ocrx_word' id='word_1_587' title='bbox 2961 3401 3159 3453; x_wconf 87' lang='lat' dir='ltr'><strong>sanctis</strong></span> <span class='ocrx_word' id='word_1_588' title='bbox 3188 3415 3306 3468; x_wconf 72' lang='lat' dir='ltr'><strong>qua:</strong></span> <span class='ocrx_word' id='word_1_589' title='bbox 3336 3401 3387 3453; x_wconf 74' lang='lat' dir='ltr'><strong>in</strong></span> <span class='ocrx_word' id='word_1_590' title='bbox 3412 3416 3473 3453; x_wconf 91' lang='lat' dir='ltr'><strong>ea</strong></span> 
     </span>
    </p>
   </div>
   <div class='ocr_carea' id='block_1_80' title="bbox 1912 3489 3471 3551">
    <p class='ocr_par' dir='ltr' id='par_1_80' title="bbox 1912 3489 3471 3551">
     <span class='ocr_line' id='line_1_81' title="bbox 1912 3489 3471 3551; baseline -0.001 -7"><span class='ocrx_word' id='word_1_591' title='bbox 1912 3500 2086 3551; x_wconf 82' lang='lat' dir='ltr'><strong>erant,</strong></span> <span class='ocrx_word' id='word_1_592' title='bbox 2120 3492 2173 3544; x_wconf 91' lang='lat' dir='ltr'><strong>in</strong></span> <span class='ocrx_word' id='word_1_593' title='bbox 2226 3490 2569 3544; x_wconf 88' lang='lat' dir='ltr'><strong>tabernaculo</strong></span> <span class='ocrx_word' id='word_1_594' title='bbox 2612 3489 2844 3543; x_wconf 84' lang='lat' dir='ltr'><strong>Mosaico</strong></span> <span class='ocrx_word' id='word_1_595' title='bbox 2892 3500 3016 3543; x_wconf 90' lang='lat' dir='ltr'><strong>ante</strong></span> <span class='ocrx_word' id='word_1_596' title='bbox 3065 3490 3471 3543; x_wconf 74' lang='lat' dir='ltr'><strong>:ediﬁcationem</strong></span> 
     </span>
    </p>
   </div>
   <div class='ocr_carea' id='block_1_81' title="bbox 1914 3579 3470 3650">
    <p class='ocr_par' dir='ltr' id='par_1_81' title="bbox 1914 3579 3470 3650">
     <span class='ocr_line' id='line_1_82' title="bbox 1914 3579 3470 3650; baseline -0.001 -15"><span class='ocrx_word' id='word_1_597' title='bbox 1914 3583 2092 3649; x_wconf 91' lang='lat' dir='ltr'><strong>templi</strong></span> <span class='ocrx_word' id='word_1_598' title='bbox 2119 3596 2213 3650; x_wconf 89' lang='lat' dir='ltr'><strong>per</strong></span> <span class='ocrx_word' id='word_1_599' title='bbox 2259 3581 2511 3635; x_wconf 78' lang='lat' dir='ltr'><strong>excubias</strong></span> <span class='ocrx_word' id='word_1_600' title='bbox 2539 3581 2844 3635; x_wconf 85' lang='lat' dir='ltr'><strong>Levitarum</strong></span> <span class='ocrx_word' id='word_1_601' title='bbox 2872 3579 3202 3634; x_wconf 86' lang='lat' dir='ltr'><strong>servabatur.</strong></span> <span class='ocrx_word' id='word_1_602' title='bbox 3236 3580 3301 3633; x_wconf 87' lang='lat' dir='ltr'><strong>Et</strong></span> <span class='ocrx_word' id='word_1_603' title='bbox 3329 3582 3470 3648; x_wconf 88' lang='lat' dir='ltr'><strong>quod</strong></span> 
     </span>
    </p>
   </div>
   <div class='ocr_carea' id='block_1_82' title="bbox 1914 3667 3470 3735">
    <p class='ocr_par' dir='ltr' id='par_1_82' title="bbox 1914 3667 3470 3735">
     <span class='ocr_line' id='line_1_83' title="bbox 1914 3667 3470 3735; baseline 0 -14"><span class='ocrx_word' id='word_1_604' title='bbox 1914 3669 1965 3721; x_wconf 91' lang='lat' dir='ltr'><strong>in</strong></span> <span class='ocrx_word' id='word_1_605' title='bbox 2005 3677 2240 3735; x_wconf 88' lang='lat' dir='ltr'><strong>tempore</strong></span> <span class='ocrx_word' id='word_1_606' title='bbox 2266 3668 2613 3722; x_wconf 86' lang='lat' dir='ltr'><strong>dedicationis</strong></span> <span class='ocrx_word' id='word_1_607' title='bbox 2657 3667 2989 3720; x_wconf 88' lang='lat' dir='ltr'><strong>multitudine</strong></span> <span class='ocrx_word' id='word_1_608' title='bbox 3015 3668 3247 3734; x_wconf 89' lang='lat' dir='ltr'><strong>nudique</strong></span> <span class='ocrx_word' id='word_1_609' title='bbox 3275 3682 3470 3721; x_wconf 86' lang='lat' dir='ltr'><strong>convo-</strong></span> 
     </span>
    </p>
   </div>
   <div class='ocr_carea' id='block_1_83' title="bbox 1914 3755 3471 3824">
    <p class='ocr_par' dir='ltr' id='par_1_83' title="bbox 1914 3755 3471 3824">
     <span class='ocr_line' id='line_1_84' title="bbox 1914 3755 3471 3824; baseline 0.001 -14"><span class='ocrx_word' id='word_1_610' title='bbox 1914 3770 2056 3821; x_wconf 85' lang='lat' dir='ltr'><strong>cata,</strong></span> <span class='ocrx_word' id='word_1_611' title='bbox 2088 3755 2343 3811; x_wconf 83' lang='lat' dir='ltr'><strong>feretrum</strong></span> <span class='ocrx_word' id='word_1_612' title='bbox 2379 3771 2499 3808; x_wconf 90' lang='lat' dir='ltr'><strong>cum</strong></span> <span class='ocrx_word' id='word_1_613' title='bbox 2553 3756 2793 3823; x_wconf 87' lang='lat' dir='ltr'><strong>reliquiis</strong></span> <span class='ocrx_word' id='word_1_614' title='bbox 2838 3764 3144 3809; x_wconf 89' lang='lat' dir='ltr'><strong>sanctorum</strong></span> <span class='ocrx_word' id='word_1_615' title='bbox 3171 3771 3264 3824; x_wconf 89' lang='lat' dir='ltr'><strong>per</strong></span> <span class='ocrx_word' id='word_1_616' title='bbox 3294 3771 3471 3814; x_wconf 83' lang='lat' dir='ltr'><strong>sacer-</strong></span> 
     </span>
    </p>
   </div>
   <div class='ocr_carea' id='block_1_84' title="bbox 1913 3843 3470 3914">
    <p class='ocr_par' dir='ltr' id='par_1_84' title="bbox 1913 3843 3470 3914">
     <span class='ocr_line' id='line_1_85' title="bbox 1913 3843 3470 3914; baseline 0 -14"><span class='ocrx_word' id='word_1_617' title='bbox 1913 3847 2063 3900; x_wconf 91' lang='lat' dir='ltr'><strong>dotes</strong></span> <span class='ocrx_word' id='word_1_618' title='bbox 2092 3846 2156 3900; x_wconf 91' lang='lat' dir='ltr'><strong>de</strong></span> <span class='ocrx_word' id='word_1_619' title='bbox 2188 3846 2412 3899; x_wconf 90' lang='lat' dir='ltr'><strong>tentorio</strong></span> <span class='ocrx_word' id='word_1_620' title='bbox 2441 3845 2504 3898; x_wconf 87' lang='lat' dir='ltr'><strong>ad</strong></span> <span class='ocrx_word' id='word_1_621' title='bbox 2537 3844 2787 3914; x_wconf 89' lang='lat' dir='ltr'><strong>templum</strong></span> <span class='ocrx_word' id='word_1_622' title='bbox 2822 3843 3008 3910; x_wconf 88' lang='lat' dir='ltr'><strong>fertur,</strong></span> <span class='ocrx_word' id='word_1_623' title='bbox 3058 3844 3183 3912; x_wconf 91' lang='lat' dir='ltr'><strong>quid</strong></span> <span class='ocrx_word' id='word_1_624' title='bbox 3212 3845 3353 3898; x_wconf 91' lang='lat' dir='ltr'><strong>aliud</strong></span> <span class='ocrx_word' id='word_1_625' title='bbox 3388 3846 3470 3900; x_wconf 85' lang='lat' dir='ltr'><strong>in-</strong></span> 
     </span>
    </p>
   </div>
   <div class='ocr_carea' id='block_1_85' title="bbox 1913 3921 3467 4004">
    <p class='ocr_par' dir='ltr' id='par_1_85' title="bbox 1913 3921 3467 4004">
     <span class='ocr_line' id='line_1_86' title="bbox 1913 3921 3467 4004; baseline 0.002 -19"><span class='ocrx_word' id='word_1_626' title='bbox 1913 3934 2081 3993; x_wconf 87' lang='lat' dir='ltr'><strong>timat,</strong></span> <span class='ocrx_word' id='word_1_627' title='bbox 2117 3948 2275 4002; x_wconf 87' lang='lat' dir='ltr'><strong>quam</strong></span> <span class='ocrx_word' id='word_1_628' title='bbox 2304 3921 2444 4000; x_wconf 72' lang='lat' dir='ltr'><strong>quod</strong></span> <span class='ocrx_word' id='word_1_629' title='bbox 2472 3932 2604 3986; x_wconf 82' lang='lat' dir='ltr'><strong>liber</strong></span> <span class='ocrx_word' id='word_1_630' title='bbox 2628 3931 3071 4000; x_wconf 89' lang='lat' dir='ltr'><strong>Paralipomenon</strong></span> <span class='ocrx_word' id='word_1_631' title='bbox 3098 3943 3299 3996; x_wconf 88' lang='lat' dir='ltr'><strong>narrat,</strong></span> <span class='ocrx_word' id='word_1_632' title='bbox 3326 3936 3467 4004; x_wconf 88' lang='lat' dir='ltr'><strong>quod</strong></span> 
     </span>
    </p>
   </div>
   <div class='ocr_carea' id='block_1_86' title="bbox 1911 4022 3467 4093">
    <p class='ocr_par' dir='ltr' id='par_1_86' title="bbox 1911 4022 3467 4093">
     <span class='ocr_line' id='line_1_87' title="bbox 1911 4022 3467 4093; baseline 0.001 -16"><span class='ocrx_word' id='word_1_633' title='bbox 1911 4034 2152 4077; x_wconf 74' lang='lat' dir='ltr'><strong>venerunt</strong></span> <span class='ocrx_word' id='word_1_634' title='bbox 2182 4040 2353 4077; x_wconf 75' lang='lat' dir='ltr'><strong>omnes</strong></span> <span class='ocrx_word' id='word_1_635' title='bbox 2402 4025 2496 4076; x_wconf 84' lang='lat' dir='ltr'><strong>viri</strong></span> <span class='ocrx_word' id='word_1_636' title='bbox 2536 4022 2705 4076; x_wconf 79' lang='lat' dir='ltr'><strong>Israel</strong></span> <span class='ocrx_word' id='word_1_637' title='bbox 2733 4022 2803 4075; x_wconf 87' lang='lat' dir='ltr'><strong>ad</strong></span> <span class='ocrx_word' id='word_1_638' title='bbox 2851 4039 3016 4093; x_wconf 82' lang='lat' dir='ltr'><strong>regem</strong></span> <span class='ocrx_word' id='word_1_639' title='bbox 3048 4022 3381 4080; x_wconf 86' lang='lat' dir='ltr'><strong>Salomonetn</strong></span> <span class='ocrx_word' id='word_1_640' title='bbox 3414 4028 3467 4079; x_wconf 88' lang='lat' dir='ltr'><strong>in</strong></span> 
     </span>
    </p>
   </div>
   <div class='ocr_carea' id='block_1_87' title="bbox 1910 4112 3457 4184">
    <p class='ocr_par' dir='ltr' id='par_1_87' title="bbox 1910 4112 3457 4184">
     <span class='ocr_line' id='line_1_88' title="bbox 1910 4112 3457 4184; baseline 0.004 -19"><span class='ocrx_word' id='word_1_641' title='bbox 1910 4114 1993 4168; x_wconf 83' lang='lat' dir='ltr'><strong>die</strong></span> <span class='ocrx_word' id='word_1_642' title='bbox 2041 4114 2277 4177; x_wconf 78' lang='lat' dir='ltr'><strong>solemni,</strong></span> <span class='ocrx_word' id='word_1_643' title='bbox 2336 4124 2381 4167; x_wconf 80' lang='lat' dir='ltr'><strong>et</strong></span> <span class='ocrx_word' id='word_1_644' title='bbox 2427 4123 2757 4182; x_wconf 82' lang='lat' dir='ltr'><strong>portaverant</strong></span> <span class='ocrx_word' id='word_1_645' title='bbox 2797 4112 2985 4167; x_wconf 80' lang='lat' dir='ltr'><strong>Levita:</strong></span> <span class='ocrx_word' id='word_1_646' title='bbox 3038 4131 3214 4169; x_wconf 83' lang='lat' dir='ltr'><strong>arcam</strong></span> <span class='ocrx_word' id='word_1_647' title='bbox 3248 4115 3457 4184; x_wconf 73' lang='lat' dir='ltr'><strong>[cedetis</strong></span> 
     </span>
    </p>
   </div>
   <div class='ocr_carea' id='block_1_88' title="bbox 1909 4203 3465 4271">
    <p class='ocr_par' dir='ltr' id='par_1_88' title="bbox 1909 4203 3465 4271">
     <span class='ocr_line' id='line_1_89' title="bbox 1909 4203 3465 4271; baseline 0.003 -15"><span class='ocrx_word' id='word_1_648' title='bbox 1909 4203 2119 4257; x_wconf 84' lang='lat' dir='ltr'><strong>Domini</strong></span> <span class='ocrx_word' id='word_1_649' title='bbox 2138 4218 2257 4257; x_wconf 90' lang='lat' dir='ltr'><strong>cum</strong></span> <span class='ocrx_word' id='word_1_650' title='bbox 2288 4205 2433 4257; x_wconf 89' lang='lat' dir='ltr'><strong>omni</strong></span> <span class='ocrx_word' id='word_1_651' title='bbox 2457 4212 2711 4271; x_wconf 86' lang='lat' dir='ltr'><strong>apparatu</strong></span> <span class='ocrx_word' id='word_1_652' title='bbox 2746 4204 3086 4268; x_wconf 80' lang='lat' dir='ltr'><strong>tabernaculi,</strong></span> <span class='ocrx_word' id='word_1_653' title='bbox 3113 4216 3158 4259; x_wconf 88' lang='lat' dir='ltr'><strong>et</strong></span> <span class='ocrx_word' id='word_1_654' title='bbox 3180 4206 3465 4261; x_wconf 86' lang='lat' dir='ltr'><strong>intulerunt</strong></span> 
     </span>
    </p>
   </div>
   <div class='ocr_carea' id='block_1_89' title="bbox 1906 4294 3457 4367">
    <p class='ocr_par' dir='ltr' id='par_1_89' title="bbox 1906 4294 3457 4367">
     <span class='ocr_line' id='line_1_90' title="bbox 1906 4294 3457 4367; baseline 0.003 -22"><span class='ocrx_word' id='word_1_655' title='bbox 1906 4310 2019 4354; x_wconf 82' lang='lat' dir='ltr'><strong>eam</strong></span> <span class='ocrx_word' id='word_1_656' title='bbox 2059 4294 2343 4347; x_wconf 73' lang='lat' dir='ltr'><strong>sacerdotes</strong></span> <span class='ocrx_word' id='word_1_657' title='bbox 2386 4296 2439 4346; x_wconf 85' lang='lat' dir='ltr'><strong>in</strong></span> <span class='ocrx_word' id='word_1_658' title='bbox 2468 4294 2637 4347; x_wconf 85' lang='lat' dir='ltr'><strong>locum</strong></span> <span class='ocrx_word' id='word_1_659' title='bbox 2687 4312 2837 4347; x_wconf 77' lang='lat' dir='ltr'><strong>suum</strong></span> <span class='ocrx_word' id='word_1_660' title='bbox 2868 4294 2952 4365; x_wconf 90' lang='lat' dir='ltr'><strong>(ll</strong></span> <span class='ocrx_word' id='word_1_661' title='bbox 2986 4296 3113 4348; x_wconf 90' lang='lat' dir='ltr'><strong>Par.</strong></span> <span class='ocrx_word' id='word_1_662' title='bbox 3144 4297 3255 4367; x_wconf 68' lang='lat' dir='ltr'><strong>v),~</strong></span> <span class='ocrx_word' id='word_1_663' title='bbox 3274 4299 3324 4352; x_wconf 90' lang='lat' dir='ltr'><strong>id</strong></span> <span class='ocrx_word' id='word_1_664' title='bbox 3354 4308 3457 4362; x_wconf 87' lang='lat' dir='ltr'><strong>est,</strong></span> 
     </span>
    </p>
   </div>
   <div class='ocr_carea' id='block_1_90' title="bbox 308 4372 3465 4470">
    <p class='ocr_par' dir='ltr' id='par_1_90' title="bbox 308 4372 3465 4470">
     <span class='ocr_line' id='line_1_91' title="bbox 308 4372 3465 4470; baseline 0.003 -39"><span class='ocrx_word' id='word_1_665' title='bbox 308 4377 644 4433; x_wconf 85' lang='lat' dir='ltr'><strong>Sacriﬁcium</strong></span> <span class='ocrx_word' id='word_1_666' title='bbox 682 4395 785 4448; x_wconf 88' lang='lat' dir='ltr'><strong>pro</strong></span> <span class='ocrx_word' id='word_1_667' title='bbox 822 4379 1186 4435; x_wconf 89' lang='lat' dir='ltr'><strong>defunctorum</strong></span> <span class='ocrx_word' id='word_1_668' title='bbox 1226 4381 1457 4436; x_wconf 89' lang='lat' dir='ltr'><strong>ﬁdelium</strong></span> <span class='ocrx_word' id='word_1_669' title='bbox 1499 4384 1681 4451; x_wconf 89' lang='lat' dir='ltr'><strong>requie</strong></span> <span class='ocrx_word' id='word_1_670' title='bbox 1720 4382 1799 4437; x_wconf 85' lang='lat' dir='ltr'><strong>ol-</strong></span> <span class='ocrx_word' id='word_1_671' title='bbox 1826 4412 1876 4470; x_wconf 70' lang='grc' dir='ltr'><strong>Β</strong></span> <span class='ocrx_word' id='word_1_672' title='bbox 1905 4382 2176 4435; x_wconf 90' lang='lat' dir='ltr'><strong>oraculum</strong></span> <span class='ocrx_word' id='word_1_673' title='bbox 2213 4383 2389 4451; x_wconf 88' lang='lat' dir='ltr'><strong>templi</strong></span> <span class='ocrx_word' id='word_1_674' title='bbox 2439 4384 2491 4436; x_wconf 89' lang='lat' dir='ltr'><strong>in</strong></span> <span class='ocrx_word' id='word_1_675' title='bbox 2543 4392 2726 4437; x_wconf 88' lang='lat' dir='ltr'><strong>sancta</strong></span> <span class='ocrx_word' id='word_1_676' title='bbox 2777 4372 3122 4439; x_wconf 84' lang='lat' dir='ltr'><strong>sanctorum?</strong></span> <span class='ocrx_word' id='word_1_677' title='bbox 3161 4386 3309 4453; x_wconf 84' lang='lat' dir='ltr'><strong>Quod</strong></span> <span class='ocrx_word' id='word_1_678' title='bbox 3334 4405 3465 4444; x_wconf 90' lang='lat' dir='ltr'><strong>vero</strong></span> 
     </span>
    </p>
   </div>
   <div class='ocr_carea' id='block_1_91' title="bbox 234 4469 1821 4541">
    <p class='ocr_par' dir='ltr' id='par_1_91' title="bbox 234 4469 1821 4541">
     <span class='ocr_line' id='line_1_92' title="bbox 234 4469 1821 4541; baseline 0.004 -20"><span class='ocrx_word' id='word_1_679' title='bbox 234 4469 401 4531; x_wconf 88' lang='lat' dir='ltr'><strong>ferre,</strong></span> <span class='ocrx_word' id='word_1_680' title='bbox 435 4469 517 4523; x_wconf 83' lang='lat' dir='ltr'><strong>vel</strong></span> <span class='ocrx_word' id='word_1_681' title='bbox 544 4486 640 4539; x_wconf 91' lang='lat' dir='ltr'><strong>pro</strong></span> <span class='ocrx_word' id='word_1_682' title='bbox 684 4471 762 4525; x_wconf 90' lang='lat' dir='ltr'><strong>eis</strong></span> <span class='ocrx_word' id='word_1_683' title='bbox 784 4485 960 4535; x_wconf 88' lang='lat' dir='ltr'><strong>orare,</strong></span> <span class='ocrx_word' id='word_1_684' title='bbox 991 4472 1116 4540; x_wconf 81' lang='lat' dir='ltr'><strong>quia</strong></span> <span class='ocrx_word' id='word_1_685' title='bbox 1142 4486 1235 4541; x_wconf 91' lang='lat' dir='ltr'><strong>per</strong></span> <span class='ocrx_word' id='word_1_686' title='bbox 1269 4481 1436 4526; x_wconf 90' lang='lat' dir='ltr'><strong>totum</strong></span> <span class='ocrx_word' id='word_1_687' title='bbox 1483 4473 1669 4527; x_wconf 92' lang='lat' dir='ltr'><strong>orbem</strong></span> <span class='ocrx_word' id='word_1_688' title='bbox 1698 4475 1821 4527; x_wconf 88' lang='lat' dir='ltr'><strong>hoc</strong></span> 
     </span>
    </p>
   </div>
   <div class='ocr_carea' id='block_1_92' title="bbox 230 4558 1797 4631">
    <p class='ocr_par' dir='ltr' id='par_1_92' title="bbox 230 4558 1797 4631">
     <span class='ocr_line' id='line_1_93' title="bbox 230 4558 1797 4631; baseline 0.003 -19"><span class='ocrx_word' id='word_1_689' title='bbox 230 4558 553 4631; x_wconf 70' lang='lat' dir='ltr'><strong>custoditur,</strong></span> <span class='ocrx_word' id='word_1_690' title='bbox 604 4560 870 4615; x_wconf 89' lang='lat' dir='ltr'><strong>credimus</strong></span> <span class='ocrx_word' id='word_1_691' title='bbox 902 4562 1042 4629; x_wconf 91' lang='lat' dir='ltr'><strong>quod</strong></span> <span class='ocrx_word' id='word_1_692' title='bbox 1070 4562 1137 4616; x_wconf 90' lang='lat' dir='ltr'><strong>ab</strong></span> <span class='ocrx_word' id='word_1_693' title='bbox 1188 4563 1314 4630; x_wconf 89' lang='lat' dir='ltr'><strong>ipsis</strong></span> <span class='ocrx_word' id='word_1_694' title='bbox 1349 4563 1603 4631; x_wconf 85' lang='lat' dir='ltr'><strong>apostolis</strong></span> <span class='ocrx_word' id='word_1_695' title='bbox 1630 4564 1797 4617; x_wconf 89' lang='lat' dir='ltr'><strong>tradi-</strong></span> 
     </span>
    </p>
   </div>
   <div class='ocr_carea' id='block_1_93' title="bbox 230 4646 1796 4716">
    <p class='ocr_par' dir='ltr' id='par_1_93' title="bbox 230 4646 1796 4716">
     <span class='ocr_line' id='line_1_94' title="bbox 230 4646 1796 4716; baseline 0.005 -19"><span class='ocrx_word' id='word_1_696' title='bbox 230 4656 343 4698; x_wconf 90' lang='lat' dir='ltr'><strong>tum</strong></span> <span class='ocrx_word' id='word_1_697' title='bbox 373 4647 462 4700; x_wconf 89' lang='lat' dir='ltr'><strong>sit.</strong></span> <span class='ocrx_word' id='word_1_698' title='bbox 502 4646 616 4701; x_wconf 82' lang='lat' dir='ltr'><strong>Hoc</strong></span> <span class='ocrx_word' id='word_1_699' title='bbox 653 4648 794 4701; x_wconf 90' lang='lat' dir='ltr'><strong>enim</strong></span> <span class='ocrx_word' id='word_1_700' title='bbox 827 4648 1022 4715; x_wconf 87' lang='lat' dir='ltr'><strong>ubique</strong></span> <span class='ocrx_word' id='word_1_701' title='bbox 1070 4650 1329 4703; x_wconf 87' lang='lat' dir='ltr'><strong>catholica</strong></span> <span class='ocrx_word' id='word_1_702' title='bbox 1362 4659 1506 4703; x_wconf 90' lang='lat' dir='ltr'><strong>tenet</strong></span> <span class='ocrx_word' id='word_1_703' title='bbox 1537 4650 1796 4716; x_wconf 90' lang='lat' dir='ltr'><strong>Ecclesia,</strong></span> 
     </span>
    </p>
   </div>
   <div class='ocr_carea' id='block_1_94' title="bbox 227 4734 1794 4807">
    <p class='ocr_par' dir='ltr' id='par_1_94' title="bbox 227 4734 1794 4807">
     <span class='ocr_line' id='line_1_95' title="bbox 227 4734 1794 4807; baseline 0.004 -21"><span class='ocrx_word' id='word_1_704' title='bbox 227 4748 349 4801; x_wconf 67' lang='lat' dir='ltr'><strong>qua:</strong></span> <span class='ocrx_word' id='word_1_705' title='bbox 372 4734 477 4788; x_wconf 89' lang='lat' dir='ltr'><strong>nisi</strong></span> <span class='ocrx_word' id='word_1_706' title='bbox 498 4735 740 4789; x_wconf 89' lang='lat' dir='ltr'><strong>crederet</strong></span> <span class='ocrx_word' id='word_1_707' title='bbox 764 4734 1006 4791; x_wconf 85' lang='lat' dir='ltr'><strong>ﬁdelibus</strong></span> <span class='ocrx_word' id='word_1_708' title='bbox 1032 4736 1293 4791; x_wconf 90' lang='lat' dir='ltr'><strong>defunctis</strong></span> <span class='ocrx_word' id='word_1_709' title='bbox 1336 4738 1527 4792; x_wconf 92' lang='lat' dir='ltr'><strong>dimitti</strong></span> <span class='ocrx_word' id='word_1_710' title='bbox 1555 4748 1794 4807; x_wconf 87' lang='lat' dir='ltr'><strong>peccata,</strong></span> 
     </span>
    </p>
   </div>
   <div class='ocr_carea' id='block_1_95' title="bbox 226 4826 1787 4898">
    <p class='ocr_par' dir='ltr' id='par_1_95' title="bbox 226 4826 1787 4898">
     <span class='ocr_line' id='line_1_96' title="bbox 226 4826 1787 4898; baseline 0.006 -23"><span class='ocrx_word' id='word_1_711' title='bbox 226 4836 333 4876; x_wconf 91' lang='lat' dir='ltr'><strong>non</strong></span> <span class='ocrx_word' id='word_1_712' title='bbox 359 4837 459 4892; x_wconf 91' lang='lat' dir='ltr'><strong>pro</strong></span> <span class='ocrx_word' id='word_1_713' title='bbox 484 4838 669 4879; x_wconf 91' lang='lat' dir='ltr'><strong>eorum</strong></span> <span class='ocrx_word' id='word_1_714' title='bbox 698 4826 1017 4893; x_wconf 87' lang='lat' dir='ltr'><strong>specialibus</strong></span> <span class='ocrx_word' id='word_1_715' title='bbox 1046 4827 1124 4880; x_wconf 91' lang='lat' dir='ltr'><strong>vel</strong></span> <span class='ocrx_word' id='word_1_716' title='bbox 1154 4828 1542 4898; x_wconf 86' lang='lat' dir='ltr'><strong>elecmosynam</strong></span> <span class='ocrx_word' id='word_1_717' title='bbox 1573 4829 1787 4893; x_wconf 89' lang='lat' dir='ltr'><strong>faceret,</strong></span> 
     </span>
    </p>
   </div>
   <div class='ocr_carea' id='block_1_96' title="bbox 226 4914 1788 4989">
    <p class='ocr_par' dir='ltr' id='par_1_96' title="bbox 226 4914 1788 4989">
     <span class='ocr_line' id='line_1_97' title="bbox 226 4914 1788 4989; baseline 0.005 -23"><span class='ocrx_word' id='word_1_718' title='bbox 226 4914 308 4967; x_wconf 89' lang='lat' dir='ltr'><strong>vel</strong></span> <span class='ocrx_word' id='word_1_719' title='bbox 342 4914 669 4969; x_wconf 88' lang='lat' dir='ltr'><strong>sacrificium</strong></span> <span class='ocrx_word' id='word_1_720' title='bbox 696 4914 931 4969; x_wconf 81' lang='lat' dir='ltr'><strong>offerret.</strong></span> <span class='ocrx_word' id='word_1_721' title='bbox 964 4916 1097 4970; x_wconf 84' lang='lat' dir='ltr'><strong>Nam</strong></span> <span class='ocrx_word' id='word_1_722' title='bbox 1135 4930 1186 4971; x_wconf 89' lang='lat' dir='ltr'><strong>et</strong></span> <span class='ocrx_word' id='word_1_723' title='bbox 1221 4934 1341 4971; x_wconf 91' lang='lat' dir='ltr'><strong>cum</strong></span> <span class='ocrx_word' id='word_1_724' title='bbox 1374 4920 1519 4984; x_wconf 90' lang='lat' dir='ltr'><strong>dicit,</strong></span> <span class='ocrx_word' id='word_1_725' title='bbox 1550 4921 1639 4989; x_wconf 84' lang='lat' dir='ltr'><strong>qui</strong></span> <span class='ocrx_word' id='word_1_726' title='bbox 1669 4939 1788 4989; x_wconf 88' lang='lat' dir='ltr'><strong>pec-</strong></span> 
     </span>
    </p>
   </div>
   <div class='ocr_carea' id='block_1_97' title="bbox 224 5003 1790 5075">
    <p class='ocr_par' dir='ltr' id='par_1_97' title="bbox 224 5003 1790 5075">
     <span class='ocr_line' id='line_1_98' title="bbox 224 5003 1790 5075; baseline 0.003 -18"><span class='ocrx_word' id='word_1_727' title='bbox 224 5006 416 5059; x_wconf 76' lang='lat' dir='ltr'><strong>caverit</strong></span> <span class='ocrx_word' id='word_1_728' title='bbox 447 5007 499 5058; x_wconf 84' lang='lat' dir='ltr'><strong>in</strong></span> <span class='ocrx_word' id='word_1_729' title='bbox 539 5003 789 5075; x_wconf 81' lang='lat' dir='ltr'><strong>Spiritum</strong></span> <span class='ocrx_word' id='word_1_730' title='bbox 814 5017 1070 5071; x_wconf 79' lang='lat' dir='ltr'><strong>sanctum,</strong></span> <span class='ocrx_word' id='word_1_731' title='bbox 1103 5023 1203 5059; x_wconf 87' lang='lat' dir='ltr'><strong>non</strong></span> <span class='ocrx_word' id='word_1_732' title='bbox 1231 5010 1516 5060; x_wconf 75' lang='lat' dir='ltr'><strong>remittetur</strong></span> <span class='ocrx_word' id='word_1_733' title='bbox 1542 5010 1589 5062; x_wconf 83' lang='lat' dir='ltr'><strong>ei</strong></span> <span class='ocrx_word' id='word_1_734' title='bbox 1620 5010 1672 5062; x_wconf 79' lang='lat' dir='ltr'><strong>in</strong></span> <span class='ocrx_word' id='word_1_735' title='bbox 1694 5010 1790 5062; x_wconf 84' lang='lat' dir='ltr'><strong>hoc</strong></span> 
     </span>
    </p>
   </div>
   <div class='ocr_carea' id='block_1_98' title="bbox 222 5096 1786 5167">
    <p class='ocr_par' dir='ltr' id='par_1_98' title="bbox 222 5096 1786 5167">
     <span class='ocr_line' id='line_1_99' title="bbox 222 5096 1786 5167; baseline 0.001 -18"><span class='ocrx_word' id='word_1_736' title='bbox 222 5096 439 5158; x_wconf 65' lang='lat' dir='ltr'><strong>circulo,</strong></span> <span class='ocrx_word' id='word_1_737' title='bbox 464 5113 624 5166; x_wconf 82' lang='lat' dir='ltr'><strong>neque</strong></span> <span class='ocrx_word' id='word_1_738' title='bbox 653 5097 705 5149; x_wconf 86' lang='lat' dir='ltr'><strong>in</strong></span> <span class='ocrx_word' id='word_1_739' title='bbox 734 5096 909 5163; x_wconf 79' lang='lat' dir='ltr'><strong>futuro</strong></span> <span class='ocrx_word' id='word_1_740' title='bbox 938 5096 1146 5167; x_wconf 73' lang='lat' dir='ltr'><strong>(Matth.</strong></span> <span class='ocrx_word' id='word_1_741' title='bbox 1176 5097 1293 5165; x_wconf 72' lang='grc' dir='ltr'>χιι),</span> <span class='ocrx_word' id='word_1_742' title='bbox 1318 5098 1649 5151; x_wconf 87' lang='lat' dir='ltr'><strong>demonstrat</strong></span> <span class='ocrx_word' id='word_1_743' title='bbox 1670 5102 1786 5167; x_wconf 84' lang='lat' dir='ltr'><strong>qui-</strong></span> 
     </span>
    </p>
   </div>
   <div class='ocr_carea' id='block_1_99' title="bbox 220 5186 1785 5257">
    <p class='ocr_par' dir='ltr' id='par_1_99' title="bbox 220 5186 1785 5257">
     <span class='ocr_line' id='line_1_100' title="bbox 220 5186 1785 5257; baseline 0 -17"><span class='ocrx_word' id='word_1_744' title='bbox 220 5186 449 5240; x_wconf 87' lang='lat' dir='ltr'><strong>busdam</strong></span> <span class='ocrx_word' id='word_1_745' title='bbox 487 5186 593 5240; x_wconf 92' lang='lat' dir='ltr'><strong>illic</strong></span> <span class='ocrx_word' id='word_1_746' title='bbox 622 5186 933 5253; x_wconf 90' lang='lat' dir='ltr'><strong>dimittenda</strong></span> <span class='ocrx_word' id='word_1_747' title='bbox 965 5194 1203 5256; x_wconf 89' lang='lat' dir='ltr'><strong>peccata,</strong></span> <span class='ocrx_word' id='word_1_748' title='bbox 1232 5194 1285 5240; x_wconf 93' lang='lat' dir='ltr'><strong>et</strong></span> <span class='ocrx_word' id='word_1_749' title='bbox 1311 5186 1553 5255; x_wconf 60' lang='lat' dir='ltr'><strong>quaedam</strong></span> <span class='ocrx_word' id='word_1_750' title='bbox 1587 5203 1785 5257; x_wconf 84' lang='lat' dir='ltr'><strong>purga-</strong></span> 
     </span>
    </p>
   </div>
   <div class='ocr_carea' id='block_1_100' title="bbox 223 5276 1783 5346">
    <p class='ocr_par' dir='ltr' id='par_1_100' title="bbox 223 5276 1783 5346">
     <span class='ocr_line' id='line_1_101' title="bbox 223 5276 1783 5346; baseline 0.001 -17"><span class='ocrx_word' id='word_1_751' title='bbox 223 5276 364 5330; x_wconf 88' lang='lat' dir='ltr'><strong>torio</strong></span> <span class='ocrx_word' id='word_1_752' title='bbox 393 5276 548 5345; x_wconf 86' lang='lat' dir='ltr'><strong>igne&quot;</strong></span> <span class='ocrx_word' id='word_1_753' title='bbox 566 5278 858 5346; x_wconf 88' lang='lat' dir='ltr'><strong>purganda.</strong></span> <span class='ocrx_word' id='word_1_754' title='bbox 898 5276 1036 5346; x_wconf 87' lang='lat' dir='ltr'><strong>Ergo</strong></span> <span class='ocrx_word' id='word_1_755' title='bbox 1068 5286 1126 5330; x_wconf 92' lang='lat' dir='ltr'><strong>ut</strong></span> <span class='ocrx_word' id='word_1_756' title='bbox 1162 5276 1214 5330; x_wconf 91' lang='lat' dir='ltr'><strong>in</strong></span> <span class='ocrx_word' id='word_1_757' title='bbox 1242 5276 1392 5329; x_wconf 90' lang='lat' dir='ltr'><strong>libris</strong></span> <span class='ocrx_word' id='word_1_758' title='bbox 1427 5276 1621 5345; x_wconf 88' lang='lat' dir='ltr'><strong>dialogi</strong></span> <span class='ocrx_word' id='word_1_759' title='bbox 1658 5292 1783 5330; x_wconf 90' lang='lat' dir='ltr'><strong>san-</strong></span> 
     </span>
    </p>
   </div>
   <div class='ocr_carea' id='block_1_101' title="bbox 220 5362 1786 5433">
    <p class='ocr_par' dir='ltr' id='par_1_101' title="bbox 220 5362 1786 5433">
     <span class='ocr_line' id='line_1_102' title="bbox 220 5362 1786 5433; baseline 0.003 -17"><span class='ocrx_word' id='word_1_760' title='bbox 220 5373 341 5416; x_wconf 90' lang='lat' dir='ltr'><strong>ctus</strong></span> <span class='ocrx_word' id='word_1_761' title='bbox 368 5362 661 5432; x_wconf 85' lang='lat' dir='ltr'><strong>Gregorius</strong></span> <span class='ocrx_word' id='word_1_762' title='bbox 719 5373 923 5427; x_wconf 87' lang='lat' dir='ltr'><strong>narrat,</strong></span> <span class='ocrx_word' id='word_1_763' title='bbox 976 5365 1193 5422; x_wconf 84' lang='lat' dir='ltr'><strong>etBeda</strong></span> <span class='ocrx_word' id='word_1_764' title='bbox 1244 5365 1497 5433; x_wconf 86' lang='lat' dir='ltr'><strong>magister</strong></span> <span class='ocrx_word' id='word_1_765' title='bbox 1530 5365 1580 5417; x_wconf 89' lang='lat' dir='ltr'><strong>in</strong></span> <span class='ocrx_word' id='word_1_766' title='bbox 1608 5364 1786 5420; x_wconf 88' lang='lat' dir='ltr'><strong>Gcstis</strong></span> 
     </span>
    </p>
   </div>
   <div class='ocr_carea' id='block_1_102' title="bbox 220 5451 1785 5522">
    <p class='ocr_par' dir='ltr' id='par_1_102' title="bbox 220 5451 1785 5522">
     <span class='ocr_line' id='line_1_103' title="bbox 220 5451 1785 5522; baseline 0.001 -16"><span class='ocrx_word' id='word_1_767' title='bbox 220 5452 553 5522; x_wconf 87' lang='lat' dir='ltr'><strong>angelorum,</strong></span> <span class='ocrx_word' id='word_1_768' title='bbox 599 5451 904 5521; x_wconf 87' lang='lat' dir='ltr'><strong>frequenter</strong></span> <span class='ocrx_word' id='word_1_769' title='bbox 927 5455 1169 5522; x_wconf 78' lang='lat' dir='ltr'><strong>exemplo</strong></span> <span class='ocrx_word' id='word_1_770' title='bbox 1192 5464 1461 5508; x_wconf 88' lang='lat' dir='ltr'><strong>ostensum</strong></span> <span class='ocrx_word' id='word_1_771' title='bbox 1492 5468 1586 5507; x_wconf 90' lang='lat' dir='ltr'><strong>seu</strong></span> <span class='ocrx_word' id='word_1_772' title='bbox 1620 5456 1785 5509; x_wconf 85' lang='lat' dir='ltr'><strong>visio-</strong></span> 
     </span>
    </p>
   </div>
   <div class='ocr_carea' id='block_1_103' title="bbox 220 5540 1781 5607">
    <p class='ocr_par' dir='ltr' id='par_1_103' title="bbox 220 5540 1781 5607">
     <span class='ocr_line' id='line_1_104' title="bbox 220 5540 1781 5607; baseline 0.002 -13"><span class='ocrx_word' id='word_1_773' title='bbox 220 5557 287 5595; x_wconf 86' lang='lat' dir='ltr'><strong>ne</strong></span> <span class='ocrx_word' id='word_1_774' title='bbox 331 5540 623 5601; x_wconf 71' lang='lat' dir='ltr'><strong>revelatum</strong></span> <span class='ocrx_word' id='word_1_775' title='bbox 669 5550 769 5607; x_wconf 91' lang='lat' dir='ltr'><strong>est,</strong></span> <span class='ocrx_word' id='word_1_776' title='bbox 824 5544 1100 5598; x_wconf 82' lang='lat' dir='ltr'><strong>animabus</strong></span> <span class='ocrx_word' id='word_1_777' title='bbox 1132 5542 1499 5598; x_wconf 86' lang='lat' dir='ltr'><strong>defunctorum</strong></span> <span class='ocrx_word' id='word_1_778' title='bbox 1554 5544 1781 5597; x_wconf 89' lang='lat' dir='ltr'><strong>multum</strong></span> 
     </span>
    </p>
   </div>
   <div class='ocr_carea' id='block_1_104' title="bbox 219 5634 1777 5701">
    <p class='ocr_par' dir='ltr' id='par_1_104' title="bbox 219 5634 1777 5701">
     <span class='ocr_line' id='line_1_105' title="bbox 219 5634 1777 5701; baseline 0.003 -17"><span class='ocrx_word' id='word_1_779' title='bbox 219 5636 473 5697; x_wconf 77' lang='lat' dir='ltr'><strong>prodesse</strong></span> <span class='ocrx_word' id='word_1_780' title='bbox 510 5643 623 5691; x_wconf 81' lang='lat' dir='ltr'><strong>nro&#39;</strong></span> <span class='ocrx_word' id='word_1_781' title='bbox 654 5634 733 5687; x_wconf 84' lang='lat' dir='ltr'><strong>eis</strong></span> <span class='ocrx_word' id='word_1_782' title='bbox 766 5635 1045 5688; x_wconf 87' lang='lat' dir='ltr'><strong>sacriﬁcia.</strong></span> <span class='ocrx_word' id='word_1_783' title='bbox 1083 5636 1147 5688; x_wconf 87' lang='lat' dir='ltr'><strong>Et</strong></span> <span class='ocrx_word' id='word_1_784' title='bbox 1178 5636 1228 5688; x_wconf 90' lang='lat' dir='ltr'><strong>in</strong></span> <span class='ocrx_word' id='word_1_785' title='bbox 1278 5636 1503 5701; x_wconf 87' lang='lat' dir='ltr'><strong>quodam</strong></span> <span class='ocrx_word' id='word_1_786' title='bbox 1538 5636 1651 5687; x_wconf 83' lang='lat' dir='ltr'><strong>loco</strong></span> <span class='ocrx_word' id='word_1_787' title='bbox 1695 5636 1777 5689; x_wconf 83' lang='lat' dir='ltr'><strong>di-</strong></span> 
     </span>
    </p>
   </div>
   <div class='ocr_carea' id='block_1_105' title="bbox 1901 4467 3465 4545">
    <p class='ocr_par' dir='ltr' id='par_1_105' title="bbox 1901 4467 3465 4545">
     <span class='ocr_line' id='line_1_106' title="bbox 1901 4467 3465 4545; baseline 0.004 -22"><span class='ocrx_word' id='word_1_788' title='bbox 1901 4471 2135 4540; x_wconf 82' lang='lat' dir='ltr'><strong>poutifex</strong></span> <span class='ocrx_word' id='word_1_789' title='bbox 2181 4472 2339 4525; x_wconf 88' lang='lat' dir='ltr'><strong>simul</strong></span> <span class='ocrx_word' id='word_1_790' title='bbox 2390 4488 2511 4526; x_wconf 88' lang='lat' dir='ltr'><strong>eum</strong></span> <span class='ocrx_word' id='word_1_791' title='bbox 2549 4467 2919 4527; x_wconf 82' lang='lat' dir='ltr'><strong>sacerdotibus</strong></span> <span class='ocrx_word' id='word_1_792' title='bbox 2961 4472 3216 4528; x_wconf 78' lang='lat' dir='ltr'><strong>feretrum</strong></span> <span class='ocrx_word' id='word_1_793' title='bbox 3243 4484 3465 4545; x_wconf 86' lang='lat' dir='ltr'><strong>portan-</strong></span> 
     </span>
    </p>
   </div>
   <div class='ocr_carea' id='block_1_106' title="bbox 1901 4561 3459 4633">
    <p class='ocr_par' dir='ltr' id='par_1_106' title="bbox 1901 4561 3459 4633">
     <span class='ocr_line' id='line_1_107' title="bbox 1901 4561 3459 4633; baseline 0.004 -19"><span class='ocrx_word' id='word_1_794' title='bbox 1901 4561 2062 4625; x_wconf 91' lang='lat' dir='ltr'><strong>tibus,</strong></span> <span class='ocrx_word' id='word_1_795' title='bbox 2099 4570 2153 4615; x_wconf 91' lang='lat' dir='ltr'><strong>et</strong></span> <span class='ocrx_word' id='word_1_796' title='bbox 2176 4563 2316 4616; x_wconf 86' lang='lat' dir='ltr'><strong>omni</strong></span> <span class='ocrx_word' id='word_1_797' title='bbox 2353 4562 2497 4617; x_wconf 89' lang='lat' dir='ltr'><strong>clero</strong></span> <span class='ocrx_word' id='word_1_798' title='bbox 2550 4578 2611 4617; x_wconf 89' lang='lat' dir='ltr'><strong>ac</strong></span> <span class='ocrx_word' id='word_1_799' title='bbox 2639 4573 2832 4617; x_wconf 70' lang='lat' dir='ltr'><strong>cmtero</strong></span> <span class='ocrx_word' id='word_1_800' title='bbox 2858 4565 3050 4633; x_wconf 88' lang='lat' dir='ltr'><strong>populo</strong></span> <span class='ocrx_word' id='word_1_801' title='bbox 3080 4565 3288 4619; x_wconf 87' lang='lat' dir='ltr'><strong>laudem</strong></span> <span class='ocrx_word' id='word_1_802' title='bbox 3316 4576 3369 4621; x_wconf 87' lang='lat' dir='ltr'><strong>et</strong></span> <span class='ocrx_word' id='word_1_803' title='bbox 3393 4568 3459 4621; x_wconf 67' lang='lat' dir='ltr'><strong>li~</strong></span> 
     </span>
    </p>
   </div>
   <div class='ocr_carea' id='block_1_107' title="bbox 1900 4650 3457 4722">
    <p class='ocr_par' dir='ltr' id='par_1_107' title="bbox 1900 4650 3457 4722">
     <span class='ocr_line' id='line_1_108' title="bbox 1900 4650 3457 4722; baseline 0.002 -19"><span class='ocrx_word' id='word_1_804' title='bbox 1900 4650 2076 4705; x_wconf 88' lang='lat' dir='ltr'><strong>tanias</strong></span> <span class='ocrx_word' id='word_1_805' title='bbox 2106 4652 2345 4717; x_wconf 83' lang='lat' dir='ltr'><strong>canendo</strong></span> <span class='ocrx_word' id='word_1_806' title='bbox 2378 4659 2662 4718; x_wconf 89' lang='lat' dir='ltr'><strong>antequam</strong></span> <span class='ocrx_word' id='word_1_807' title='bbox 2715 4652 3043 4721; x_wconf 87' lang='lat' dir='ltr'><strong>ingrediatur</strong></span> <span class='ocrx_word' id='word_1_808' title='bbox 3091 4653 3143 4705; x_wconf 89' lang='lat' dir='ltr'><strong>in</strong></span> <span class='ocrx_word' id='word_1_809' title='bbox 3179 4654 3457 4722; x_wconf 85' lang='lat' dir='ltr'><strong>templum,</strong></span> 
     </span>
    </p>
   </div>
   <div class='ocr_carea' id='block_1_108' title="bbox 1900 4739 3457 4812">
    <p class='ocr_par' dir='ltr' id='par_1_108' title="bbox 1900 4739 3457 4812">
     <span class='ocr_line' id='line_1_109' title="bbox 1900 4739 3457 4812; baseline 0.003 -19"><span class='ocrx_word' id='word_1_810' title='bbox 1900 4747 1983 4794; x_wconf 88' lang='lat' dir='ltr'><strong>ter</strong></span> <span class='ocrx_word' id='word_1_811' title='bbox 2018 4739 2145 4794; x_wconf 83' lang='lat' dir='ltr'><strong>foris</strong></span> <span class='ocrx_word' id='word_1_812' title='bbox 2197 4740 2322 4794; x_wconf 90' lang='lat' dir='ltr'><strong>illud</strong></span> <span class='ocrx_word' id='word_1_813' title='bbox 2382 4741 2591 4803; x_wconf 85' lang='lat' dir='ltr'><strong>circuit,</strong></span> <span class='ocrx_word' id='word_1_814' title='bbox 2625 4742 2751 4810; x_wconf 88' lang='lat' dir='ltr'><strong>quid</strong></span> <span class='ocrx_word' id='word_1_815' title='bbox 2792 4741 2932 4794; x_wconf 85' lang='lat' dir='ltr'><strong>aliud</strong></span> <span class='ocrx_word' id='word_1_816' title='bbox 2977 4742 3259 4811; x_wconf 89' lang='lat' dir='ltr'><strong>signiﬁcat,</strong></span> <span class='ocrx_word' id='word_1_817' title='bbox 3295 4760 3457 4812; x_wconf 87' lang='lat' dir='ltr'><strong>quam</strong></span> 
     </span>
    </p>
   </div>
   <div class='ocr_carea' id='block_1_109' title="bbox 1900 4831 3457 4901">
    <p class='ocr_par' dir='ltr' id='par_1_109' title="bbox 1900 4831 3457 4901">
     <span class='ocr_line' id='line_1_110' title="bbox 1900 4831 3457 4901; baseline 0.004 -19"><span class='ocrx_word' id='word_1_818' title='bbox 1900 4831 2039 4900; x_wconf 88' lang='lat' dir='ltr'><strong>quod</strong></span> <span class='ocrx_word' id='word_1_819' title='bbox 2066 4832 2117 4883; x_wconf 91' lang='lat' dir='ltr'><strong>in</strong></span> <span class='ocrx_word' id='word_1_820' title='bbox 2157 4832 2385 4884; x_wconf 85' lang='lat' dir='ltr'><strong>adventu</strong></span> <span class='ocrx_word' id='word_1_821' title='bbox 2415 4831 2621 4884; x_wconf 90' lang='lat' dir='ltr'><strong>Domini</strong></span> <span class='ocrx_word' id='word_1_822' title='bbox 2666 4839 2719 4883; x_wconf 89' lang='lat' dir='ltr'><strong>et</strong></span> <span class='ocrx_word' id='word_1_823' title='bbox 2751 4841 3057 4886; x_wconf 89' lang='lat' dir='ltr'><strong>sanctorum</strong></span> <span class='ocrx_word' id='word_1_824' title='bbox 3111 4831 3243 4899; x_wconf 87' lang='lat' dir='ltr'><strong>ejus,</strong></span> <span class='ocrx_word' id='word_1_825' title='bbox 3272 4834 3361 4901; x_wconf 89' lang='lat' dir='ltr'><strong>qui</strong></span> <span class='ocrx_word' id='word_1_826' title='bbox 3398 4834 3457 4889; x_wconf 87' lang='lat' dir='ltr'><strong>ﬁt</strong></span> 
     </span>
    </p>
   </div>
   <div class='ocr_carea' id='block_1_110' title="bbox 1898 4922 3454 4992">
    <p class='ocr_par' dir='ltr' id='par_1_110' title="bbox 1898 4922 3454 4992">
     <span class='ocr_line' id='line_1_111' title="bbox 1898 4922 3454 4992; baseline 0.001 -16"><span class='ocrx_word' id='word_1_827' title='bbox 1898 4938 1993 4992; x_wconf 91' lang='lat' dir='ltr'><strong>per</strong></span> <span class='ocrx_word' id='word_1_828' title='bbox 2029 4923 2417 4977; x_wconf 88' lang='lat' dir='ltr'><strong>invocationem</strong></span> <span class='ocrx_word' id='word_1_829' title='bbox 2460 4924 2574 4992; x_wconf 90' lang='lat' dir='ltr'><strong>ejus</strong></span> <span class='ocrx_word' id='word_1_830' title='bbox 2623 4923 2760 4975; x_wconf 92' lang='lat' dir='ltr'><strong>sicut</strong></span> <span class='ocrx_word' id='word_1_831' title='bbox 2806 4924 2919 4990; x_wconf 86' lang='lat' dir='ltr'><strong>ipse</strong></span> <span class='ocrx_word' id='word_1_832' title='bbox 2977 4923 3146 4975; x_wconf 82' lang='lat' dir='ltr'><strong>dixit:</strong></span> <span class='ocrx_word' id='word_1_833' title='bbox 3198 4922 3295 4975; x_wconf 86' lang='lat' dir='ltr'><strong>Ubi</strong></span> <span class='ocrx_word' id='word_1_834' title='bbox 3349 4924 3454 4977; x_wconf 84' lang='lat' dir='ltr'><strong>duo</strong></span> 
     </span>
    </p>
   </div>
   <div class='ocr_carea' id='block_1_111' title="bbox 1898 5004 3451 5079">
    <p class='ocr_par' dir='ltr' id='par_1_111' title="bbox 1898 5004 3451 5079">
     <span class='ocr_line' id='line_1_112' title="bbox 1898 5004 3451 5079; baseline 0.001 -16"><span class='ocrx_word' id='word_1_835' title='bbox 1898 5004 1981 5063; x_wconf 82' lang='lat' dir='ltr'><strong>vel</strong></span> <span class='ocrx_word' id='word_1_836' title='bbox 2003 5020 2104 5062; x_wconf 86' lang='lat' dir='ltr'><strong>tres</strong></span> <span class='ocrx_word' id='word_1_837' title='bbox 2134 5012 2425 5079; x_wconf 78' lang='lat' dir='ltr'><strong>congregati</strong></span> <span class='ocrx_word' id='word_1_838' title='bbox 2481 5011 2675 5062; x_wconf 84' lang='lat' dir='ltr'><strong>fuerint</strong></span> <span class='ocrx_word' id='word_1_839' title='bbox 2715 5011 2767 5063; x_wconf 84' lang='lat' dir='ltr'><strong>in</strong></span> <span class='ocrx_word' id='word_1_840' title='bbox 2805 5013 3008 5064; x_wconf 81' lang='lat' dir='ltr'><strong>nomine</strong></span> <span class='ocrx_word' id='word_1_841' title='bbox 3034 5028 3162 5075; x_wconf 85' lang='lat' dir='ltr'><strong>meo,</strong></span> <span class='ocrx_word' id='word_1_842' title='bbox 3199 5013 3250 5064; x_wconf 86' lang='lat' dir='ltr'><strong>in</strong></span> <span class='ocrx_word' id='word_1_843' title='bbox 3280 5013 3451 5065; x_wconf 85' lang='lat' dir='ltr'><strong>medio</strong></span> 
     </span>
    </p>
   </div>
   <div class='ocr_carea' id='block_1_112' title="bbox 1896 5100 3451 5171">
    <p class='ocr_par' dir='ltr' id='par_1_112' title="bbox 1896 5100 3451 5171">
     <span class='ocr_line' id='line_1_113' title="bbox 1896 5100 3451 5171; baseline 0.001 -18"><span class='ocrx_word' id='word_1_844' title='bbox 1896 5117 2072 5153; x_wconf 88' lang='lat' dir='ltr'><strong>eorum</strong></span> <span class='ocrx_word' id='word_1_845' title='bbox 2099 5118 2213 5154; x_wconf 78' lang='lat' dir='ltr'><strong>sum</strong></span> <span class='ocrx_word' id='word_1_846' title='bbox 2246 5100 2454 5171; x_wconf 78' lang='lat' dir='ltr'><strong>(Matth.</strong></span> <span class='ocrx_word' id='word_1_847' title='bbox 2481 5100 2654 5169; x_wconf 77' lang='lat' dir='ltr'><strong>xvnt),</strong></span> <span class='ocrx_word' id='word_1_848' title='bbox 2697 5102 2871 5153; x_wconf 90' lang='lat' dir='ltr'><strong>onmis</strong></span> <span class='ocrx_word' id='word_1_849' title='bbox 2922 5102 3169 5170; x_wconf 90' lang='lat' dir='ltr'><strong>superbia</strong></span> <span class='ocrx_word' id='word_1_850' title='bbox 3200 5111 3253 5154; x_wconf 90' lang='lat' dir='ltr'><strong>et</strong></span> <span class='ocrx_word' id='word_1_851' title='bbox 3282 5103 3451 5155; x_wconf 89' lang='lat' dir='ltr'><strong>virtus</strong></span> 
     </span>
    </p>
   </div>
   <div class='ocr_carea' id='block_1_113' title="bbox 1896 5189 3448 5257">
    <p class='ocr_par' dir='ltr' id='par_1_113' title="bbox 1896 5189 3448 5257">
     <span class='ocr_line' id='line_1_114' title="bbox 1896 5189 3448 5257; baseline -0.001 -13"><span class='ocrx_word' id='word_1_852' title='bbox 1896 5189 2109 5255; x_wconf 88' lang='lat' dir='ltr'><strong>diaboli,</strong></span> <span class='ocrx_word' id='word_1_853' title='bbox 2137 5190 2179 5242; x_wconf 89' lang='lat' dir='ltr'><strong>si</strong></span> <span class='ocrx_word' id='word_1_854' title='bbox 2220 5205 2335 5257; x_wconf 78' lang='lat' dir='ltr'><strong>qua:</strong></span> <span class='ocrx_word' id='word_1_855' title='bbox 2362 5190 2413 5242; x_wconf 89' lang='lat' dir='ltr'><strong>in</strong></span> <span class='ocrx_word' id='word_1_856' title='bbox 2446 5190 2601 5242; x_wconf 87' lang='lat' dir='ltr'><strong>domo</strong></span> <span class='ocrx_word' id='word_1_857' title='bbox 2630 5190 2936 5252; x_wconf 89' lang='lat' dir='ltr'><strong>latitaverit,</strong></span> <span class='ocrx_word' id='word_1_858' title='bbox 2970 5200 3183 5244; x_wconf 88' lang='lat' dir='ltr'><strong>corruat</strong></span> <span class='ocrx_word' id='word_1_859' title='bbox 3203 5200 3256 5244; x_wconf 91' lang='lat' dir='ltr'><strong>et</strong></span> <span class='ocrx_word' id='word_1_860' title='bbox 3292 5191 3448 5244; x_wconf 90' lang='lat' dir='ltr'><strong>dissi-</strong></span> 
     </span>
    </p>
   </div>
   <div class='ocr_carea' id='block_1_114' title="bbox 1893 5279 3452 5347">
    <p class='ocr_par' dir='ltr' id='par_1_114' title="bbox 1893 5279 3452 5347">
     <span class='ocr_line' id='line_1_115' title="bbox 1893 5279 3452 5347; baseline 0 -14"><span class='ocrx_word' id='word_1_861' title='bbox 1893 5288 2071 5347; x_wconf 88' lang='lat' dir='ltr'><strong>petur,</strong></span> <span class='ocrx_word' id='word_1_862' title='bbox 2120 5289 2175 5333; x_wconf 91' lang='lat' dir='ltr'><strong>et</strong></span> <span class='ocrx_word' id='word_1_863' title='bbox 2216 5279 2351 5346; x_wconf 91' lang='lat' dir='ltr'><strong>quod</strong></span> <span class='ocrx_word' id='word_1_864' title='bbox 2396 5280 2687 5332; x_wconf 88' lang='lat' dir='ltr'><strong>secundum</strong></span> <span class='ocrx_word' id='word_1_865' title='bbox 2739 5282 3050 5347; x_wconf 88' lang='lat' dir='ltr'><strong>prophetam</strong></span> <span class='ocrx_word' id='word_1_866' title='bbox 3078 5297 3089 5332; x_wconf 93' lang='lat'><strong>:</strong></span> <span class='ocrx_word' id='word_1_867' title='bbox 3117 5279 3452 5333; x_wconf 69' lang='lat' dir='ltr'><strong>Exaltabitur</strong></span> 
     </span>
    </p>
   </div>
   <div class='ocr_carea' id='block_1_115' title="bbox 1892 5369 3450 5438">
    <p class='ocr_par' dir='ltr' id='par_1_115' title="bbox 1892 5369 3450 5438">
     <span class='ocr_line' id='line_1_116' title="bbox 1892 5369 3450 5438; baseline -0.001 -15"><span class='ocrx_word' id='word_1_868' title='bbox 1892 5371 2142 5425; x_wconf 81' lang='lat' dir='ltr'><strong>Dominus</strong></span> <span class='ocrx_word' id='word_1_869' title='bbox 2181 5370 2320 5422; x_wconf 77' lang='lat' dir='ltr'><strong>solus</strong></span> <span class='ocrx_word' id='word_1_870' title='bbox 2350 5369 2513 5423; x_wconf 86' lang='lat' dir='ltr'><strong>indie</strong></span> <span class='ocrx_word' id='word_1_871' title='bbox 2558 5370 2670 5433; x_wconf 85' lang='lat' dir='ltr'><strong>illa,</strong></span> <span class='ocrx_word' id='word_1_872' title='bbox 2709 5381 2754 5423; x_wconf 89' lang='lat' dir='ltr'><strong>et</strong></span> <span class='ocrx_word' id='word_1_873' title='bbox 2795 5371 3058 5423; x_wconf 80' lang='lat' dir='ltr'><strong>vocabitur</strong></span> <span class='ocrx_word' id='word_1_874' title='bbox 3089 5371 3319 5438; x_wconf 72' lang='lat' dir='ltr'><strong>deinceps</strong></span> <span class='ocrx_word' id='word_1_875' title='bbox 3355 5384 3450 5423; x_wconf 77' lang='lat' dir='ltr'><strong>no—</strong></span> 
     </span>
    </p>
   </div>
   <div class='ocr_carea' id='block_1_116' title="bbox 1891 5459 3448 5529">
    <p class='ocr_par' dir='ltr' id='par_1_116' title="bbox 1891 5459 3448 5529">
     <span class='ocr_line' id='line_1_117' title="bbox 1891 5459 3448 5529; baseline 0.001 -16"><span class='ocrx_word' id='word_1_876' title='bbox 1891 5477 2005 5513; x_wconf 87' lang='lat' dir='ltr'><strong>men</strong></span> <span class='ocrx_word' id='word_1_877' title='bbox 2048 5460 2145 5512; x_wconf 73' lang='lat' dir='ltr'><strong>Iori</strong></span> <span class='ocrx_word' id='word_1_878' title='bbox 2193 5460 2333 5511; x_wconf 80' lang='lat' dir='ltr'><strong>illius</strong></span> <span class='ocrx_word' id='word_1_879' title='bbox 2393 5459 2643 5512; x_wconf 83' lang='lat' dir='ltr'><strong>Dominus</strong></span> <span class='ocrx_word' id='word_1_880' title='bbox 2686 5459 2892 5529; x_wconf 87' lang='lat' dir='ltr'><strong>(Ibid.).</strong></span> <span class='ocrx_word' id='word_1_881' title='bbox 2924 5459 3170 5528; x_wconf 86' lang='lat' dir='ltr'><strong>Legimus</strong></span> <span class='ocrx_word' id='word_1_882' title='bbox 3200 5459 3448 5514; x_wconf 83' lang='lat' dir='ltr'><strong>etiamin</strong></span> 
     </span>
    </p>
   </div>
   <div class='ocr_carea' id='block_1_117' title="bbox 1886 5548 3444 5619">
    <p class='ocr_par' dir='ltr' id='par_1_117' title="bbox 1886 5548 3444 5619">
     <span class='ocr_line' id='line_1_118' title="bbox 1886 5548 3444 5619; baseline -0.002 -14"><span class='ocrx_word' id='word_1_883' title='bbox 1886 5552 2009 5606; x_wconf 87' lang='lat' dir='ltr'><strong>Jesu</strong></span> <span class='ocrx_word' id='word_1_884' title='bbox 2050 5551 2211 5615; x_wconf 78' lang='lat' dir='ltr'><strong>Nave,</strong></span> <span class='ocrx_word' id='word_1_885' title='bbox 2270 5552 2409 5618; x_wconf 87' lang='lat' dir='ltr'><strong>quod</strong></span> <span class='ocrx_word' id='word_1_886' title='bbox 2442 5551 2745 5605; x_wconf 88' lang='lat' dir='ltr'><strong>sacerdotes</strong></span> <span class='ocrx_word' id='word_1_887' title='bbox 2793 5560 2847 5603; x_wconf 92' lang='lat' dir='ltr'><strong>et</strong></span> <span class='ocrx_word' id='word_1_888' title='bbox 2871 5550 3087 5612; x_wconf 56' lang='lat' dir='ltr'><strong>Levita},</strong></span> <span class='ocrx_word' id='word_1_889' title='bbox 3124 5558 3282 5619; x_wconf 87' lang='lat' dir='ltr'><strong>atque</strong></span> <span class='ocrx_word' id='word_1_890' title='bbox 3321 5548 3444 5602; x_wconf 88' lang='lat' dir='ltr'><strong>uni-</strong></span> 
     </span>
    </p>
   </div>
   <div class='ocr_carea' id='block_1_118' title="bbox 1888 5637 3444 5694">
    <p class='ocr_par' dir='ltr' id='par_1_118' title="bbox 1888 5637 3444 5694">
     <span class='ocr_line' id='line_1_119' title="bbox 1888 5637 3444 5694; baseline -0.001 -3"><span class='ocrx_word' id='word_1_891' title='bbox 1888 5654 2071 5694; x_wconf 85' lang='lat' dir='ltr'><strong>versus</strong></span> <span class='ocrx_word' id='word_1_892' title='bbox 2115 5639 2271 5691; x_wconf 86' lang='lat' dir='ltr'><strong>Israel</strong></span> <span class='ocrx_word' id='word_1_893' title='bbox 2316 5639 2473 5691; x_wconf 86' lang='lat' dir='ltr'><strong>simul</strong></span> <span class='ocrx_word' id='word_1_894' title='bbox 2504 5654 2622 5693; x_wconf 89' lang='lat' dir='ltr'><strong>cum</strong></span> <span class='ocrx_word' id='word_1_895' title='bbox 2669 5653 2791 5691; x_wconf 86' lang='lat' dir='ltr'><strong>arca</strong></span> <span class='ocrx_word' id='word_1_896' title='bbox 2843 5638 3048 5691; x_wconf 89' lang='lat' dir='ltr'><strong>Domini</strong></span> <span class='ocrx_word' id='word_1_897' title='bbox 3100 5637 3444 5692; x_wconf 84' lang='lat' dir='ltr'><strong>circumirent</strong></span> 
     </span>
    </p>
   </div>
  </div>
