3958 6342
483 252 588 309 859

1014 286 1019 293 .
1112 248 1174 303 Β.
1214 242 1464 304 MBAN!
1503 238 1718 297 suum
1758 234 2071 293 ARCHIEP.
2114 211 2416 292 uocun'r.
2457 232 2738 291 orsum
2779 230 2954 287 PARS
2990 231 3030 284 ι.

3588 229 3689 283 360

481 350 926 422 urbemJericno,
959 365 1013 412 et
1047 354 1414 411 sacerdotibus
1458 348 1829 420 clangeuliibus
1850 345 2033 401 bucci—
2062 345 2245 418 Atius
2280 351 2363 399 est
2384 344 2547 398 veteri
2590 344 2665 397 illi
2702 343 3043 409 dedicationi,
3078 342 3217 413 quod
3255 342 3361 397 illic
3386 343 3693 398 mactaban-

456 450 570 527 gis
590 457 646 515 et
664 447 1034 503 conclamante
1062 445 1313 501 universo
1341 441 1565 512 populor
1582 438 1771 527 subito
1809 450 2037 527 corrue-
2066 516 2067 519 η

420 547 425 553 ’
460 523 615 605 ίηηι
646 535 785 590 muri
810 529 1071 597 civitatis,
1090 531 1230 605 quod
1256 530 1438 598 utique
1462 525 1725 596 signiﬁcat
1758 523 1825 578 ad
1848 538 2035 579 vocem

482 623 879 696 praedicationis
908 631 962 675 et
987 620 1156 674 laudis
1212 617 1421 673 Domini
1453 623 1573 685 post
1604 613 1902 668 Salvatoris
1938 614 2034 667 ad-

481 724 718 778 ventum,
745 706 1045 782 superbiam
1082 706 1402 765 mundanam
1426 707 1717 771 corruisse,
1738 714 1793 760 et
1817 720 2035 775 regnum

396 832 403 841 ι
440 782 677 858 diaboli
722 802 1052 863 destructum
1105 810 1251 852 esse.
1282 795 1435 863 Quod
1476 808 1605 848 vero
1643 787 1919 848 duodecim
1954 792 2036 845 lu—

448 909 652 949 cerna:
674 893 815 947 intus
836 890 985 959 juxta
1022 889 1261 959 parietes
1306 887 1487 956 templi
1524 892 1816 955 ponuntur,
1841 883 2039 939 duode-

466 986 688 1041 narium
720 998 1002 1039 numerum
1042 982 1299 1051 exprimit
1326 980 1690 1050 apostolorum
1734 986 1790 1030 et
1812 975 2039 1045 patriar-

478 1075 723 1138 charum,
750 1087 907 1141 quem
932 1071 1093 1125 etiam
1124 1068 1358 1123 Joannes
1399 1065 1672 1137 apostolus
1702 1065 1754 1117 in
1781 1062 2040 1139 Apocaly-

481 1165 565 1239 psi
600 1169 993 1239 commemorat
1012 1160 1064 1219 in
1091 1158 1316 1214 aedilicio
1344 1155 1579 1210 cmlestis
1599 1152 1890 1208 Jerusalem
1917 1166 2037 1205 esse

483 1238 767 1322 insignem.
809 1238 1133 1316 Quod'vero
1158 1246 1326 1299 altare
1366 1253 1485 1313 post
1508 1242 1867 1323 aspersionem
1886 1254 2039 1308 aquae

483 1338 773 1398 chrismate
818 1338 1147 1409 perungitur,
1208 1336 1275 1389 ad
1316 1334 1665 1412 imitationem
1723 1329 2039 1400 patriarcha:

480 1435 646 1492 Jacob
680 1433 877 1489 factum
908 1438 1029 1487 est:
1064 1431 1152 1498 qui
1186 1438 1305 1499 post
1340 1429 1602 1482 visionem
1651 1424 1793 1479 illam
1825 1422 2040 1477 terribi-

482 1529 607 1592 lem,
637 1527 798 1586 erexit
829 1522 1050 1594 lapidem
1091 1522 1145 1574 in
1164 1502 1415 1593 ‘qtitulunt,
1448 1506 1669 1589 fundens
1700 1501 1868 1570 oleum
1888 1515 2041 1569 desuo

480 1636 591 1690 per,
619 1631 816 1678 vocans
839 1615 1034 1679 locum,
1058 1614 1253 1673 ,domus
1288 1612 1399 1669 Dei
1436 1610 1591 1682 (Gen.
1618 1610 1834 1676 xxvnt).
1885 1608 2038 1679 Legi—

2138 442 2225 488 tur
2252 434 2412 491 boum
2440 441 2498 505 et
2525 432 2703 486 ovium
2732 432 2898 486 multa
2934 431 3117 495 millia,
3148 432 3235 487 hic
3282 447 3410 487 vero
3452 432 3696 489 immola-

2140 531 2225 577 tur
2260 522 2381 593 agni
2414 521 2554 575 illius
2592 536 2807 591 corpus.
2838 521 2928 591 qui
2958 506 3181 576 abstulit
3221 531 3439 593 peccata
3469 523 3693 589 mundi;

2138 612 2247 668 illic
2272 612 2632 682 concrepabat
2652 612 2932 666 multitudo
2966 613 3209 665 tubarum
3237 622 3292 667 et
3310 612 3696 683 cymbalorum.

2137 710 2191 755 et
2216 710 2406 756 caetera
2436 701 2791 755 instrumenta
2820 687 3166 771 musicorum,
3195 703 3282 756 hic
3336 711 3516 757 autem
3551 702 3699 771 lubi-

2138 788 2221 843 lus
2251 803 2315 843 ex
2348 789 2537 844 devoto
2577 799 2794 859 pectore
2840 790 3097 859 prolatus,
3144 793 3380 847 suaviter
3417 800 3575 847 sonat
3604 806 3703 865 per

2138 892 2299 932 voces
2328 878 2621 957 hominum.
2667 878 2934 945 Quantum
2986 888 3162 934 autem
3200 881 3360 935 distat
3407 883 3477 937 ab
3510 884 3703 938 umbra

2138 968 2358 1032 veritas,
2419 976 2621 1022 tantum
2644 968 2806 1029 distat
2831 984 2861 1022 a
2893 969 3047 1037 legali
3087 969 3302 1024 victima
3339 983 3585 1027 nostrum
3608 988 3706 1027 sa-

2139 1056 2421 1122 criﬁcium,
2448 1065 2501 1111 et
2528 1050 3031 1132 quantum‘prmsltat
3079 1060 3375 1115 insensibili
3423 1063 3705 1128 sensibile,

2142 1155 2351 1205 tantum
2400 1156 2617 1217 praestat
2654 1147 2770 1205 laus
2818 1148 2966 1203 vocis
2994 1148 3240 1208 humanae
3284 1166 3350 1204 ex
3377 1166 3511 1220 puro
3540 1153 3708 1207 corde

2137 1238 2370 1307 prolata,
2404 1238 2550 1293 inani
2580 1238 2707 1293 ﬂatu
2734 1240 2997 1304 tubarum,
3025 1250 3077 1295 et
3100 1243 3446 1311 percussione
3483 1246 3709 1313 cymba~

2138 1329 2331 1385 lorum.
2388 1330 2492 1385 Sed
2531 1331 2658 1400 quia
2708 1333 2888 1387 omnia
2937 1332 2990 1387 in
3043 1323 3267 1403 ﬁguram
3325 1336 3711 1406 contingebant

2140 1418 2263 1483 illis,
2294 1428 2348 1472 et
2374 1435 2471 1474 nos
2496 1420 2727 1475 revelata
2756 1420 2899 1477 facie
2942 1423 3165 1492 gloriam
3217 1425 3430 1480 Domini
3458 1433 3706 1482 contem-

2139 1506 2369 1579 plamur,
2408 1523 2613 1562 morem
2646 1509 2794 1563 illum
2824 1520 3062 1565 veterum
3089 1514 3407 1568 translatum
3440 1516 3491 1569 in
3516 1525 3705 1571 nostra

2141 1596 2394 1668 religibne
2440 1606 2587 1659 tanto
2629 1602 3012 1669 congruentius
3046 1612 3247 1672 quanto
3294 1604 3474 1659 verius
3512 1605 3712 1660 obser-

458 1685 677 1775 λυιηιλω
704 1704 755 1758 in
786 1704 987 1773 Exodo,
1029 1702 1169 1771 quod
1215 1700 1422 1771 Moysés
1444 1698 1644 1753 facere;
1676 1707 1917 1775 saucium
1940 1712 2037 1749 ιηι-
2068 1704 2113 1760 Β
2140 1702 2346 1741 vamus.
2376 1685 2574 1742 Omnes
2620 1699 2797 1743 autem
2832 1689 3156 1747 festivitates
3195 1707 3294 1762 pro
3328 1694 3591 1750 varietate
3617 1710 3706 1759 re-

486 1772 677 1848 ctionis
704 1772 900 1855 oleum,
951 1796 1279 1859 ungeretque
1322 1802 1387 1841 ex
1426 1802 1492 1842 eo
1529 1772 1927 1841 tabernaculum
1964 1792 2041 1837 te-

485 1868 738 1943 stimonii,
799 1888 853 1932 et
891 1893 1071 1931 arcam
1124 1875 1449 1937 testamenti,
1510 1866 1858 1943 mensamque
1920 1887 2040 1927 eum

484 1968 628 2023 vasis
677 1966 808 2030 suis,
851 1964 1229 2039 candelabrum
1284 1972 1338 2018 et
1392 1962 1640 2019 utensilia
1679 1962 1818 2032 ejus,
1876 1960 2043 2014 altare

490 2055 852 2125 thymiamatis
888 2061 941 2107 et
979 2052 1307 2115 liolocausti,
1355 2060 1410 2105 et
1453 2053 1758 2105 universam
1812 2049 2040 2119 supelle-

485 2145 662 2200 ctilem
680 2200 681 2203 η
698 2158 815 2213 qua:
839 2143 907 2197 ad
932 2142 1131 2197 cultum
1153 2157 1338 2197 eorum
1360 2142 1607 2211 pertinet.
1635 2140 1813 2194 Aaron
1833 2154 2045 2209 quoque

484 2242 539 2288 et
565 2233 702 2288 ﬁlios
738 2233 875 2304 ejus,
908 2240 967 2287 ut
988 2230 1287 2286 sacerdotio
1316 2224 1525 2297 Domini
1550 2228 1917 2298 fungerentur.
1948 2228 2020 2283 Be

487 2321 705 2386 nedicit,
738 2329 797 2374 ut
819 2335 907 2375 res
939 2319 1305 2375 sacriﬁcandaz
1328 2334 1484 2374 sacro
1518 2318 1829 2387 chrismatis
1854 2317 2046 2371 linian-

489 2420 579 2465 tur
600 2417 889 2480 unguento,
939 2418 996 2463 ut
1034 2408 1427 2463 demonstretur
1466 2406 1607 2477 quod
1648 2407 1823 2461 omnis
1847 2407 2047 2460 sancti-

491 2500 671 2554 ﬁcatio
696 2484 903 2554 constat
928 2498 982 2552 in
1033 2496 1234 2566 Spiritu
1282 2505 1490 2562 sancto,
1530 2486 1682 2563 cujus
1703 2495 1875 2549 virtus
1912 2494 2045 2548 invi-

490 2592 660 2648 sibilis
704 2600 889 2647 sancto
939 2590 1226 2645 chrismate
1258 2589 1325 2644 ad
1378 2589 1859 2661 sanctiﬁcationem
1912 2602 2049 2659 prae-

489 2661 717 2736 béndam
760 2680 1012 2751 permista
1058 2687 1157 2733 est.
1197 2678 1348 2746 Quod
1374 2694 1505 2733 vero
1554 2686 1683 2734 tunc
1712 2679 1987 2735 incensum
2017 2693 2047 2732 a

490 2770 743 2843 pontiﬁce
772 2785 930 2839 super
962 2768 1131 2823 altare
1174 2769 1425 2837 ponitur,-
1448 2768 1713 2838 signiﬁcat
1756 2766 2050 2833 sacerdotis

489 2875 680 2931 puram
705 2869 866 2929 super
892 2858 1022 2912 illud
1068 2858 1368 2913 orationem
1391 2844 1510 2912 esse
1536 2857 1754 2922 debere,
1781 2863 1842 2911 ut
1882 2857 2051 2927 possit

493 2952 674 3006 dicere
704 2950 927 3004 Domino
961 2964 1081 3004 cum
1110 2948 1377 3018 Propheta
1404 2966 1417 3001 :
1455 2947 1725 3017 Dirigatur
1744 2948 1911 3002 oratio
1930 2963 2050 3001 mea

2147 1777 2424 1847 ligionum,
2475 1778 2791 1850 diversaque
2822 1780 2875 1834 in
2925 1782 3181 1837 honorem
3228 1794 3530 1854 martyrum
3563 1794 3708 1841 tem-

2146 1882 2299 1936 pora,
2359 1868 2529 1922 ideoa
2559 1868 2688 1922 viris
2740 1855 3089 1938 prudentibus
3143 1872 3382 1927 instituta
3441 1885 3587 1939 sunt,
3638 1891 3712 1930 ne

2146 1955 2283 2011 forte
2306 1972 2424 2010 rara
2450 1960 2793 2027 congregatio
2813 1961 2989 2029 populi
3018 1961 3175 2015 ﬁdem
3202 1964 3465 2019 minueret
3485 1965 3536 2019 in
3557 1965 3713 2021 Chri-

2146 2044 2257 2098 sto.’
2278 2043 2567 2114 Propterea
2592 2060 2722 2115 ergo
2754 2046 2866 2101 dies
2894 2048 3056 2122 aliqui
3084 2053 3358 2105 constituti
3382 2064 3529 2116 sunt,
3558 2065 3617 2109 ut
3648 2055 3706 2109 in

2146 2154 2312 2192 unum
2341 2153 2530 2194 omnes
2562 2141 2767 2219 pariter
2818 2142 3191 2207 convenirent,
3224 2153 3277 2198 et
3311 2158 3377 2199 ex
3412 2156 3710 2215 conspectu

2148 2222 2355 2297 mutuo,
2383 2238 2437 2284 et
2460 2230 2590 2286 ﬁdes
2611 2240 2839 2297 crescat,
2867 2239 2925 2289 et
2954 2222 3135 2287 laetitia
3170 2234 3341 2303 major
3369 2237 3594 2291 oriatur.

2224 2334 2229 2337 '
2716 2318 2940 2375 CAPUT
2968 2322 3146 2376 XLVI.

2150 2405 2226 2461 De
2250 2408 2520 2477 festivitate
2564 2419 2811 2475 veterum,
2844 2420 2891 2464 et
2923 2411 3056 2465 unde
3084 2422 3129 2467 et
3156 2412 3288 2481 festa
3336 2414 3411 2469 uel
3434 2415 3581 2482 ferite
3607 2412 3737 2470 sint

2827 2498 3000 2571 dictis.
3170 2562 3173 2566 ,

2218 2585 2364 2639 resti
2398 2592 2574 2639 autem
2604 2584 2722 2640 dies
2751 2586 2806 2639 iu
2833 2587 3001 2641 veteri
3038 2571 3152 2658 lege
3182 2588 3271 2643 isti
3300 2587 3554 2645 fuerunt:
3596 2592 3718 2646 dies

2149 2672 2561 2744 Azymorum'et
2606 2675 2799 2740 Phase,
2828 2676 3065 2744 quando,
3090 2676 3215 2731 luna
3246 2678 3581 2747 plenissima,
3612 2680 3717 2734 ab-

2146 2762 2292 2833 jecto
2318 2761 2597 2837 fermento,
2644 2778 2814 2833 agnus
2867 2764 3262 2820 immolabatur.
3303 2767 3427 2822 Dies
3453 2767 3723 2824 Penteoor

2153 2862 2287 2920 stes,
2310 2868 2413 2922 qua
2440 2853 2498 2907 in
2520 2846 2724 2910 vertice
2746 2855 2962 2921 montis,
2995 2855 3122 2910 Sina
3147 2856 3233 2912 lex
3263 2859 3384 2914 data
3404 2867 3488 2913 est
3515 2858 3716 2930 Moysi,

2154 2946 2206 2999 in
2236 2960 2343 3015 quo
2369 2946 2434 3001 de
2483 2944 2725 3017 frugibus
2760 2948 2915 3017 primi
2948 2963 3115 3019 panes
3139 2947 3499 3004 offerebantur
3516 2964 3719 3019 propo-

492 3040 628 3093 sicut
669 3039 935 3092 incensum
981 3039 1033 3091 in
1064 3046 1335 3107 conspectu
1392 3046 1482 3090 tuo
1508 3034 1680 3106 (Psal.
1718 3036 1863 3108 οη).
1899 3036 2051 3103 Quod
2079 3040 2124 3103 (ζ
2155 3035 2383 3091 sitionis.
2424 3034 2548 3091 Dies
2586 3037 2949 3102 sabbatorum,
2988 3037 3041 3091 in
3068 3040 3172 3107 quo
3202 3038 3315 3093 otia
3356 3037 3717 3093 celebraban-

497 3136 676 3183 autem
723 3129 911 3183 subtus
957 3128 1186 3189 tabulam
1249 3128 1433 3182 altaris
1480 3128 1717 3197 reliquiae
1746 3136 2052 3183 sanctorum

494 3225 786 3288 ponuntur,
810 3215 1075 3287 signiﬁcat
1098 3216 1436 3281 sanctossub
1464 3218 1656 3270 throno
1692 3216 1785 3271 Dei
1820 3215 1975 3271 sedes
1998 3223 2053 3270 et

496 3305 735 3374 requiem
764 3305 979 3360 habere.
1007 3304 1257 3360 Testatur
1279 3306 1441 3359 etiam
1464 3304 1563 3359 hoc
1584 3304 1818 3371 Joannes
1838 3305 1891 3359 in
1912 3304 2052 3374 Apo—

496 3393 720 3464 calypsi,
753 3408 874 3449 cum
914 3394 1088 3448 dicit:
1136 3393 1255 3447 Vidi
1278 3393 1459 3447 subtus
1502 3393 1667 3447 altare
1720 3395 1922 3447 animas
1969 3394 2053 3447 in-

493 3484 822 3552 terfectorum
848 3494 1054 3555 propter
1080 3487 1288 3538 uerbum
1332 3483 1452 3549 Dei,
1490 3494 1539 3539 et
1565 3494 1772 3554 propter
1818 3485 2052 3538 testimo-

495 3573 641 3625 nium
666 3574 802 3642 quod
836 3573 1108 3639 habebant,
1133 3583 1179 3627 et
1207 3572 1499 3627 clamabant
1520 3591 1637 3628 voce
1657 3591 1846 3643 magna
1864 3574 2051 3627 dicen-

494 3670 566 3715 tes
592 3676 612 3713 :
657 3660 925 3732 Usquequo
952 3662 1166 3715 Domine
1186 3673 1393 3717 sanctus
1431 3662 1599 3728 'uerus;
1631 3680 1732 3717 non
1757 3664 1985 3718 vindicas
2007 3673 2055 3717 et

495 3748 707 3819 judicas
739 3749 1040 3818 sanguinem
1078 3749 1141 3803 de
1184 3750 1264 3803 his
1292 3751 1380 3821 qui
1414 3751 1645 3804 habitant
1676 3752 1728 3805 in
1760 3762 1899 3805 terra
1930 3752 1955 3805 ?
1986 3751 2055 3805 Et

499 3843 637 3896 datae
661 3853 777 3896 sunt
802 3842 882 3896 his
924 3840 1141 3911 singula:
1167 3842 1314 3897 stolw
1348 3842 1501 3909 alba',
1536 3853 1583 3897 et
1614 3844 1807 3897 dictum
1827 3853 1901 3898 est
1927 3843 2054 3908 illis,

498 3942 554 3985 ut
583 3934 953 4002 requiescerent
998 3938 1196 4003 tempus
1217 3933 1388 3987 adhuc
1434 3935 1717 3999 modicum,
1752 3935 1913 3989 donec
1956 3936 2053 3989 im-

498 4021 737 4096 pleantur
763 4024 991 4077 conservi
1017 4040 1193 4077 eorum
1211 4032 1256 4077 et
1282 4024 1469 4093 fratres
1502 4017 1708 4089 eorum,
1730 4027 1821 4096 qui
1853 4027 2054 4095 interﬁ-

501 4111 670 4163 ciendi
713 4120 831 4164 sunt
884 4112 1015 4165 sicut
1050 4122 1105 4166 et
1142 4112 1218 4165 illi
1262 4113 1443 4183 (Apoc.
1480 4114 1575 4184 γι).
1632 4114 1875 4170 Perfecta
1926 4131 2055 4169 vero

500 4201 833 4257 dedicatione
883 4202 1061 4272 templi
1088 4212 1141 4257 et
1165 4203 1370 4268 altaris,
1426 4204 1603 4258 induit
1640 4220 1698 4260 se
1731 4205 1969 4275 pontifex
2002 4215 2055 4260 et
2082 4256 2094 4269 ,

498 4290 676 4346 clerus
723 4292 1059 4346 vestimentis
1112 4293 1250 4357 aliis,
1306 4302 1360 4346 et
1415 4293 1692 4348 celebrant
1746 4294 2055 4350 solemniter

2154 3136 2258 3190 tur,
2287 3136 2341 3181 et
2362 3127 2414 3181 in
2440 3141 2545 3195 quo
2572 3140 2765 3181 manna
2787 3126 2840 3180 in
2867 3126 3077 3181 deserto
3093 3143 3198 3181 non
3222 3121 3416 3183 licebat
3436 3126 3712 3199 colligere.

2152 3223 2275 3303 Dies
2303 3222 2755 3286 Neomeniarum,
2777 3219 3070 3276 celebratio
3112 3233 3264 3272 nova:
3297 3217 3452 3270 lunae.
3485 3215 3720 3286 Semper

2150 3318 2329 3365 autem
2359 3308 2529 3375 Judaei
2567 3310 2621 3363 in
2672 3309 2937 3365 mensium
2969 3307 3247 3379 principio,
3279 3306 3380 3359 hoc
3405 3312 3490 3358 est
3536 3306 3718 3374 prima

2151 3398 2297 3463 luna,
2337 3398 2478 3452 diem
2503 3396 2695 3451 festum
2718 3397 2966 3468 agebant.
3000 3395 3106 3450 Sed
3128 3395 3329 3471 idcirco
3352 3394 3405 3447 in
3443 3392 3722 3462 principio

2152 3488 2353 3542 mensis
2377 3488 2480 3541 hoc
2501 3485 2788 3550 faciebant,
2828 3486 2953 3557 quia
2987 3484 3267 3540 deﬁciente
3318 3482 3463 3546 luna,
3503 3491 3724 3552 tempus

2154 3575 2358 3641 ﬁnitur,
2406 3583 2460 3630 et
2486 3575 2678 3629 iterum
2729 3572 3003 3640 nascente,
3062 3575 3334 3643 incipitur.
3375 3573 3501 3629 Dies
3532 3582 3722 3627 autem

2154 3664 2403 3718 tubarum
2432 3663 2641 3733 septimi
2678 3664 2877 3717 mensis
2907 3663 3225 3733 principium
3264 3672 3363 3724 est,
3387 3663 3600 3730 quando
3625 3660 3722 3715 Ju-

2154 3751 2254 3807 daei
2291 3751 2681 3807 solemnitatem
2720 3760 2939 3820 agentes
2972 3751 3198 3821 amplius
3244 3751 3379 3817 tuba
3422 3748 3716 3813 canebant,

2156 3848 2211 3896 et
2236 3840 2387 3909 plura
2414 3837 2707 3894 oﬁ'erebant
2744 3839 2797 3894 in
2829 3853 2894 3894 eo
2927 3838 3188 3893 sacriﬁcia
3215 3854 3378 3908 quam
3406 3852 3503 3907 per
3532 3837 3719 3907 singu-

2155 3933 2235 3989 los
2264 3948 2495 3988 menses.
2526 3932 2583 3987 In
2618 3934 2721 3989 hoc
2740 3948 2923 3989 mense
2946 3933 3138 4004 primo,
3169 3933 3378 3988 decimo
3401 3932 3487 3987 die
3510 3929 3721 3985 mensis

2154 4024 2330 4096 hujus,
2363 4025 2478 4080 dies
2534 4025 2968 4095 propitiationum
3016 4026 3127 4081 sive
3168 4025 3535 4095 expiatiouum
3570 4032 3714 4087 erat,

2155 4098 2367 4193 quando
2392 4111 2631 4183 pontifex
2658 4113 2820 4169 semel
2859 4114 2910 4167 in
2942 4129 3081 4169 anno
3136 4114 3391 4168 introibat
3436 4113 3489 4167 in
3523 4120 3716 4167 sancta

2155 4211 2481 4268 sanctorum,
2508 4212 2563 4257 et
2597 4203 2793 4273 p0pulo
2844 4203 2975 4257 foris
3001 4214 3211 4268 orante,
3241 4204 3354 4273 ipse
3391 4202 3535 4257 solus
3566 4203 3741 4269 intus,

2154 4291 2361 4355 orabat,
2386 4300 2495 4344 tam
2520 4307 2625 4361 pro.
2646 4305 2741 4346 sua
2777 4292 2935 4360 quam
2959 4276 3132 4361 populi
3160 4284 3456 4361 ignorantia
3483 4290 3721 4346 offerens

504 4388 811 4435 sanctarum
854 4381 1137 4435 missarum
1188 4381 1618 4436 celebrationem.
1658 4383 1723 4436 Et
1746 4384 1848 4437 hoc
1873 4399 1933 4438 ex
1962 4381 2053 4439 ‘ve-
2081 4374 2131 4432 D
2158 4380 2431 4433 incensum
2470 4380 2693 4434 Domino
2715 4379 3068 4449 snperaltare
3112 4380 3494 4451 thymiamatis.
3522 4379 3580 4434 In
3603 4395 3721 4449 quo

504 4470 605 4524 teri
626 4485 724 4524 usu
762 4480 1033 4536 servatum
1081 4480 1183 4533 est,
1220 4473 1343 4539 quia
1386 4471 1575 4542 legitur
1604 4473 1655 4526 in
1688 4471 2051 4543 Paralipome-

415 4616 419 4621 ,
508 4571 636 4621 non,
664 4559 802 4625 quod
832 4553 1110 4627 postquam
1133 4558 1323 4613 collata
1351 4560 1419 4613 sit
1474 4576 1599 4614 arca
1630 4561 1684 4615 in
1714 4560 1830 4616 loco
1855 4576 1972 4626 suo,
2000 4560 2054 4616 id

505 4652 609 4707 est,
640 4644 693 4698 in
730 4646 932 4698 sanctis
982 4653 1304 4710 sanctorum,
1340 4653 1395 4699 et
1441 4650 1655 4716 egressis
1703 4650 2055 4703 sacerdotibus

508 4731 573 4789 de
600 4734 921 4796 sanctuan'o,
956 4745 1137 4786 omnes"
1166 4734 1453 4788 sacerdotes
1504 4736 1814 4805 sanctiﬁcati
1847 4740 1971 4804 sint,
2002 4749 2057 4793 et

512 4827 618 4871 tam
644 4818 833 4873 Levita:
860 4836 1016 4893 quam
1066 4830 1319 4884 cantores,
1364 4830 1411 4874 et
1440 4822 1529 4891 qui
1556 4823 1647 4875 sub
1678 4825 1848 4893 Asaph
1886 4836 2052 4888 erant,

500 4918 553 4963 et
573 4910 659 4979 qui
692 4909 785 4963 sub
813 4892 1003 4976 Emori,
1032 4920 1079 4965 et
1124 4912 1212 4981 qui
1235 4910 1330 4964 sub
1365 4910 1605 4976 Iditltun,
1633 4911 1731 4979 ﬁlii
1762 4892 1823 4984 _et
1868 4904 2056 4984 fratres

442 5052 443 5055 η
507 4993 674 5045 vestiti
719 4992 960 5063 byssinis,
1018 4980 1263 5065 cymbalis
1330 5004 1376 5048 et
1422 4995 1681 5065 psalteriis
1732 4980 1780 5049 ei
1840 4980 2058 5051 citharis

511 5084 907 5153 concrepabant,
940 5094 1129 5138 stantes
1172 5089 1238 5138 ad
1291 5086 1591 5140 orientalem
1620 5085 1828 5160 plagam
1854 5086 2057 5151 altaris,

508 5176 567 5225 et
614 5169 817 5239 reliqua
845 5170 928 5242 (Il
955 5170 1081 5225 Par.
1106 5172 1180 5244 v).
1211 5172 1279 5227 Et
1302 5174 1428 5229 item
1457 5192 1470 5228 :
1516 5174 1628 5229 Rex
1656 5185 1833 5230 autem
1867 5184 1922 5230 et
1946 5192 2061 5231 om-

508 5260 596 5315 nis
628 5260 874 5331 populus,
917 5261 1261 5318 immolabant
1297 5264 1538 5319 victimas
1580 5280 1761 5320 coram
1811 5266 2052 5321 Domino.

513 5348 582 5406 Ει
602 5350 757 5419 paulo
780 5359 899 5421 post
929 5368 942 5404 :
977 5349 1043 5403 Et
1093 5353 1343 5406 dedicavit
1387 5354 1595 5408 domum
1626 5355 1720 5409 Dei
1754 5372 1845 5410 rex
1868 5366 1916 5410 et
1942 5358 2059 5409 uni-

518 5454 689 5493 versus
718 5436 957 5510 populus.
1008 5437 1305 5494 Sacerdotes
1336 5451 1506 5495 autem
1547 5443 1752 5497 stabant
1796 5444 1853 5498 in
1882 5445 2058 5513 Oﬁciis

518 5527 647 5592 suis,
670 5536 774 5584 etc.
814 5528 898 5599 (ll
927 5526 1054 5585 Par.
1080 5527 1196 5601 vn).
1228 5528 1283 5583 In
1310 5530 1411 5586 hoc
1439 5540 1615 5586 autem
1644 5534 1783 5588 istud
1804 5542 2059 5603 praestan-

2158 4486 2341 4527 mense
2363 4480 2417 4526 et
2447 4472 2561 4527 dies
2587 4482 2743 4527 erant
2770 4473 3103 4528 celeberrimi
3149 4474 3510 4545 Scenopegize,
3534 4474 3586 4528 id
3607 4482 3717 4540 est,

2146 4550 2671 4627 ‘Tabernaculorum,
2702 4562 2911 4632 quando
2955 4562 3352 4632 a'quindeeimo
3403 4563 3489 4633 die
3512 4564 3720 4618 mensis

2159 4647 2336 4717 hujus,
2367 4663 2461 4717 per
2510 4656 2714 4717 septem
2744 4649 2857 4705 dies
2898 4649 2951 4702 in
3005 4649 3333 4705 umbraculis
3377 4649 3718 4720 habitabant,

2160 4744 2435 4791 sumentes
2479 4736 2578 4789 sibi
2621 4735 2857 4805 Spatulas
2898 4737 3219 4806 palmarum,
3267 4749 3321 4793 et
3351 4753 3532 4793 ramos
3580 4738 3718 4811 ligni

2161 4826 2443 4880 densarum
2473 4816 2758 4891 frondium,
2809 4838 2863 4882 et
2891 4829 3077 4884 salices
3105 4829 3169 4883 de
3190 4838 3447 4895 torrente,
3495 4842 3550 4887 et
3571 4831 3715 4887 laeta.

2161 4917 2357 4970 bantur
2389 4916 2568 4971 caram
2601 4918 2827 4973 Domino
2854 4919 2964 4973 Deo
2995 4935 3110 4984 suo,
3157 4921 3209 4975 in
3251 4924 3719 4980 commemoratio-

2161 5020 2280 5059 nem
2310 5010 2486 5060 exitus
2516 5008 2723 5061 illorum
2754 5009 2819 5063 de
2858 5008 3107 5079 IEgypto,
3161 5012 3301 5080 quod
3338 5011 3590 5068 Dominus
3617 5028 3721 5069 eos

2162 5095 2213 5147 in
2243 5094 2602 5150 tabernaculis
2639 5097 2882 5159 habitare
2928 5096 3137 5166 fecerit,
3193 5114 3312 5155 cum
3343 5091 3585 5165 eduxerit
3619 5116 3721 5158 eos

2160 5184 2226 5239 de
2247 5181 2409 5237 terra
2436 5184 2671 5255 Aigypti.
2702 5184 2827 5239 Dies
2850 5185 3060 5254 jejunii,
3105 5187 3282 5257 primi,
3314 5190 3511 5259 quarti,
3549 5192 3718 5260 septi-

2161 5274 2235 5329 mi
2255 5283 2313 5328 et
2341 5274 2532 5335 decimi
2580 5274 2802 5338 mensis,
2858 5274 2927 5328 ob
2956 5290 3048 5333 eas
3074 5290 3262 5332 causas
3305 5279 3545 5334 celebres
3574 5277 3735 5347 apud

2161 5377 2253 5418 eos
2282 5362 2501 5416 fuerunt
2523 5363 2593 5417 ob
2624 5376 2757 5431 quas
2800 5377 2959 5432 supra
2990 5368 3544 5429 commemoravimus,
3586 5379 3715 5419 cum

2163 5451 2229 5505 de
2244 5450 2445 5520 jejunio
2472 5451 2892 5520 disputabamus.
2918 5450 3060 5507 Festi
3083 5461 3255 5508 autem
3277 5456 3397 5510 inde
3428 5461 3716 5517 vocantur,

2165 5539 2303 5608 quod
2330 5539 2418 5609 jus
2459 5541 2510 5596 in
2541 5541 2621 5597 eis
2673 5538 2840 5608 fatur,
2878 5541 2931 5596 id
2977 5552 3077 5611 est,
3118 5543 3329 5612 dicitur,
3386 5553 3440 5600 et
3494 5543 3717 5609 nefasti,
