3958 6370
253 350 356 405 εει

1038 341 1120 395 DE
1157 340 1597 397 CLERICORUM
1633 339 2136 403 lNSTlTUTIONE,
2179 340 2328 394 ETC.
2369 372 2433 380 —
2476 341 2599 394 LIB.
2635 342 2694 393 ll.

3378 348 3481 402 36?.

258 459 454 529 quibus
477 471 579 510 non
611 455 821 510 dicitur.
853 452 1110 508 Similiter
1146 463 1200 508 et
1228 453 1373 508 feria:
1399 469 1439 506 a.
1459 453 1617 506 fando
1639 452 1823 505 dicun-
1851 454 1902 512 Α
1925 458 1986 504 ut
2012 450 2221 504 modico
2252 448 2390 504 ﬂexu
2431 449 2578 502 vocis
2618 448 2818 501 faceret
2863 465 3116 506 resonare
3144 453 3474 521 psallentcm,

254 560 370 613 tur,
401 548 469 603 ob
497 561 657 618 quam
707 558 945 603 causam
968 542 1227 598 Silvester
1265 557 1398 612 papa
1450 542 1654 613 primus
1683 538 1822 608 apud

258 639 536 694 Romanos
590 637 868 690 constituit
914 643 973 690 ut
1016 636 1222 690 dierum
1277 635 1492 691 numina
1524 643 1642 703 quae
1667 643 1824 687 antea

257 715 559 784 secundum
591 727 809 784 nomina
837 727 1055 782 deorum
1083 742 1298 780 suorum
1329 725 1609 788 vocabant,
1639 723 1692 777 id
1722 731 1825 787 est,

262 819 427 886 Solis,
491 819 677 883 Lunat,
733 817 934 890 Martis,
977 816 1248 881 Mercurii,
1290 815 1531 879 Veneris,
1589 813 1825 877 Saturni,

264 910 397 967 feria
427 911 680 980 deinceps
707 919 976 976 vocarent,
1005 910 1055 964 id
1080 903 1181 974 est,
1211 909 1384 978 prima
1421 908 1573 971 feria,
1597 907 1828 984 secunda
1861 979 1863 981 ι

264 1000 418 1065 feria,
455 1001 613 1056 tertia
637 1000 792 1064 feria,
823 1009 1016 1071 quarta
1067 999 1222 1064 fer-ia,
1262 998 1449 1067 quinta
1497 996 1653 1061 feria,
1682 1005 1829 1049 sexta

265 1090 420 1156 feria,
456 1091 579 1160 quia
614 1092 666 1145 in
695 1091 953 1161 principio
1002 1090 1230 1146 Genesis
1271 1088 1529 1157 scriptum
1574 1097 1657 1143 est
1691 1087 1836 1156 quod

263 1182 408 1236 Deus
431 1197 532 1252 per
580 1182 815 1254 singulos
873 1185 986 1239 dies
1042 1183 1272 1238 dixerit:
1304 1183 1496 1251 prima,
1552 1179 1670 1246 Fiat
1700 1179 1832 1245 lux;

239 1273 526 1353 eseeunda,
577 1272 702 1329 Fiat
730 1274 1114 1348 firmamentum
1140 1290 1158 1337 ;
1192 1273 1373 1336 tertia,
1406 1269 1672 1324 Producat
1696 1280 1833 1324 terra

224 1416 226 1419 .
265 1363 479 1416 herbam
510 1365 775 1429 virentem,
804 1363 1067 1430 similiter,
1093 1372 1197 1417 etc.
1223 1361 1514 1415 Sabbatum
1541 1370 1716 1414 autem
1746 1377 1836 1417 an-
1875 1402 1878 1403 ν

269 1455 420 1523 tiquo
448 1454 584 1525 legis
610 1454 868 1515 vocabulo
894 1468 1090 1508 vocare
1122 1452 1393 1522 praecepit,
1426 1459 1479 1505 et
1503 1451 1731 1520 primam
1759 1449 1836 1504 fe-

268 1547 406 1601 riam
437 1532 595 1601 diem.
623 1545 975 1606 Dominicam,
1007 1559 1072 1599 eo
1107 1543 1248 1613 quod
1271 1543 1540 1624 Dominus
1567 1544 1625 1606 in
1643 1541 1731 1594 illa
1753 1556 1835 1595 re-

267 1639 526 1694 surrexit.
565 1634 770 1692 Statuit
799 1645 974 1714 autem
1004 1636 1314 1706 idem;_papa
1349 1644 1407 1689 ut
1430 1633 1835 1714 .otiumdsabbati

269 1726 443 1795 magis
467 1726 520 1790 in
550 1724 691 1784 diem
717 1711 1048 1780 Dominieam
1088 1723 1501 1796 transferretur,
1515 1730 1573 1775 ut
1601 1711 1664 1776 ea
1691 1721 1776 1775 die
1805 1735 1836 1772 a

1924 540 1999 593 ita
2030 549 2088 593 ut
2115 539 2482 609 pronuntianti
2509 539 2734 592 vicinior
2758 548 2901 592 esset
2925 555 3083 608 quam
3109 548 3338 600 canenti.
3360 547 3487 600 Pro-

1923 637 2048 697 pter
2067 628 2312 702 carnales
2342 637 2520 683 autem
2574 627 2626 680 in
2664 627 3037 689 Ecclesia,non
3069 641 3284 700 propter
3329 637 3484 704 spiri-

1928 717 2087 788 tales,
2105 718 2432 772 consuetudo
2458 717 2709 772 cantandi
2739 725 2820 771 est
2861 716 3124 784 instituta,
3149 732 3207 774 ut
3227 725 3346 792 quia
3367 741 3485 779 ver-

1930 807 2012 861 bis
2042 824 2146 862 non
2173 819 2626 879 compunguntur,
2663 808 2929 862 suavitate
2974 811 3348 875 modulamini’s
3377 831 3489 881 mo—

1929 905 2172 950 veantur.
2235 897 2323 950 Sic
2360 911 2592 967 namque
2622 909 2675 952 et
2710 898 3050 953 beatissimus
3078 888 3409 972 Augustinus"
3439 905 3493 963 in

1930 986 2078 1047 libro,
2097 985 2504 1042 Confessionum
2540 1003 2779 1053 suarum,
2804 983 3493 1062 consuetudinemcanenlli

1932 1078 2193 1147 approbat
2221 1078 2274 1132 in
2305 1078 2563 1150 Ecclesia,
2613 1090 2679 1146 ,ut
2707 1096 2802 1150 per
2846 1083 3256 1151 oblectamenta,
3302 1086 3496 1157 inquit,

1932 1168 2163 1231 aurium,
2206 1168 2469 1223 inﬁrmior
2494 1172 2704 1232 animus
2755 1173 2822 1226 ad
2846 1172 3091 1227 effectum
3131 1174 3345 1245 pietatis
3373 1194 3496 1233 sex—

1933 1265 2133 1326 surgat.
2163 1257 2296 1311 Nam
2385 1259 2513 1327 ipsis
2555 1262 2761 1315 sanctis
2789 1263 2963 1324 dictis,
2997 1264 3297 1333 religiosius
3324 1274 3374 1320 et
3404 1265 3494 1318 ar-
3531 1255 3537 1266 ’

1933 1349 2454 1404 dentius'moventur
2483 1351 2647 1407 animi
2695 1353 2863 1406 nostri
2892 1353 2960 1407 ad
2993 1352 3261 1408 ﬂammant
3287 1357 3501 1425 pietatis

1933 1454 2053 1493 cum
2092 1449 2361 1508 cantatur,
2384 1458 2548 1512 quam
2578 1442 2623 1498 si
2665 1459 2769 1498 non
2813 1442 3080 1499 cantetur.
3125 1444 3327 1500 Omnes
3346 1448 3499 1514 enim

1933 1529 2152 1587 aﬂ‘ectus
2180 1521 2363 1588 nostri
2390 1550 2501 1603 prae
2526 1525 2778 1589 sonorum
2804 1530 3115 1594 diverSitate
3135 1535 3218 1599 vel
3241 1534 3499 1600 novitate,

1934 1609 2116 1675 nescio
2146 1637 2254 1692 qua
2280 1622 2492 1677 occulta
2543 1617 2913 1688 familiaritate
2948 1612 3266 1684 excitantur
3313 1629 3500 1696 magis,

1935 1724 2059 1764 cum
2088 1712 2323 1784 suavinet
2346 1713 2637 1789 artiﬁciosa
2673 1729 2802 1768 voce
2843 1708 3110 1788 cantatur.
3162 1702 3504 1769 Psalmiswni

268 1793 501 1869 terrenis
547 1814 798 1883 operibus
838 1816 904 1870 ad
935 1806 1260 1879 laudandum
1302 1809 1472 1879 Deum
1495 1793 1834 1874 'vacaremus,
1870 1802 1913 1859 Β
1939 1806 2120 1886 θυῑβω
2153 1807 2208 1886 ei
2232 1803 2361 1886 Ῠοοθ
2394 1809 2449 1855 ει
2472 1802 2587 1856 πίε
2611 1802 2927 1871 Primum!“
2965 1793 3505 1886 ,ωυδιΐθωίῖυίῖ-θεεο

263 1903 419 1975 juxta
447 1903 576 1960 illud
603 1895 742 1972 quod
769 1903 1028 1972 scriptum
1053 1908 1136 1967 est
1160 1919 1171 1954 :
1224 1899 1410 1980 Yacate
1438 1909 1483 1954 et
1507 1899 1692 1965 videte,
1711 1913 1838 1968 quo—

270 1995 417 2047 niam
457 2008 550 2062 ego
601 2007 716 2046 sum
745 1989 885 2045 Deus
940 1988 1111 2061 (Psal.
1149 1988 1292 2062 xcv).
1337 1987 1642 2044 Secundum
1694 1987 1840 2045 hunc

270 2067 458 2138 autem.
487 2098 691 2138 morem
719 2083 772 2136 ln
796 2081 1056 2138 natalitiis
1084 2090 1390 2136 sanctorum
1417 2095 1626 2145 vacare,
1656 2080 1711 2134 id
1733 2078 1835 2145 est,

269 2172 341 2226 ad
370 2173 555 2254 laudes
587 2152 682 2227 Dei
701 2166 1091 2247 celebrandas,
1140 2178 1324 2225 sancta
1353 2185 1456 2225 nos
1475 2168 1841 2238 jubet'Eccle—

269 2263 670 2322 sia.,Czeterum
705 2263 796 2332 qui
822 2263 906 2317 his
940 2263 1130 2321 diebus
1154 2261 1232 2331 ad,
1264 2262 1367 2317 hoc
1413 2275 1607 2315 vacare
1629 2261 1744 2318 vult
1772 2260 1840 2320 ab

274 2352 394 2422 agri
428 2336 658 2415 cultura,
692 2351 751 2407 ut
784 2351 1018 2420 crapula:
1065 2357 1118 2404 et
1147 2350 1393 2405 ebrietati
1435 2349 1722 2426 deserviat,
1757 2333 1877 2414 vel:

266 2441 410 2510 joeis
440 2443 689 2511 inanibus
722 2455 938 2514 operam
973 2443 1081 2506 det,
1110 2448 1362 2512 agnoscat
1411 2455 1468 2495 se
1516 2439 1688 2510 magis
1711 2431 1844 2516 pec-

271 2548 404 2588 care
449 2548 545 2602 per
579 2532 687 2599 tale
715 2515 894 2606 otium,
913 2546 1075 2603 quam
1105 2531 1152 2586 si
1184 2521 1352 2587 alicui
1383 2530 1499 2601 utili
1525 2529 1674 2599 operi
1704 2519 1842 2614 insi-

271 2630 464 2686 steret,
499 2620 786 2683 Salomone
814 2629 972 2687 teste,
1013 2619 1105 2690 qui
1133 2620 1242 2680 ait:
1289 2618 1373 2675 Va:
1395 2620 1501 2674 illis
1528 2621 1616 2687 qui
1636 2614 1842 2674 meran-

271 2714 461 2768 tur'in
509 2715 652 2780 vino,
695 2719 744 2770 et
797 2714 1005 2772 student
1058 2712 1303 2770 calicibus
1340 2709 1606 2781 epot‘andis
1656 2709 1839 2784 ,(Prei).

276 2803 462 2874 xxxii),
485 2815 541 2858 et
563 2804 734 2865 item:
773 2806 1046 2874 Acceptus,
1078 2791 1409 2876 inqui-gregi
1431 2845 1446 2871 ,
1483 2806 1730 2860 minister
1771 2791 1850 2860 est

275 2893 592 2964 intelligens,
622 2895 954 2953 iracundiam
975 2897 1178 2972 inutilis
1201 2897 1471 2972 sustinebit
1501 2887 1680 2969 (Prov;
1708 2895 1841 2970 δην).

278 2985 395 3040 Sed
425 2982 547 3056 quia
579 2982 644 3042 de
673 2986 1051 3050 festivitatibus
1096 2987 1500 3065 celebrioribtis,
1548 2992 1615 3046 ad
1643 2991 1846 3046 instru—

277 3076 520 3136 ctionem
549 3093 734 3137 eorum
773 3079 944 3150 quiin
965 3079 1208 3140 Ecclesia
1233 3082 1346 3135 Deo
1382 3083 1642 3160 serviunt,
1673 3088 1725 3136 et
1744 3097 1842 3153 pov

1941 1883 2174 1958 oportet,
2199 1883 2280 1944 ita
2307 1898 2367 1943 ut
2403 1890 2796 1946 oblectamento
2833 1881 3129 1948 dulcedinis
3168 1882 3376 1950 animos
3419 1896 3502 1949 in-

1943 1981 2072 2035 citet
2097 1980 2422 2036 auditorum.
2449 1982 2563 2036 Vox
2595 1990 2771 2038 autem
2794 1980 2911 2050 eius
2939 1974 3049 2038 non
3077 1998 3236 2055 asper
3255 1981 3336 2039 vel
3380 1973 3506 2038 rau-

1942 2087 2024 2137 ca,
2059 2071 2141 2126 vel
2168 2073 2403 2137 dissona,
2428 2074 2521 2128 sed
2550 2088 2747 2127 canora
2773 2075 2903 2141 erit,
2927 2074 3125 2141 suavis,
3171 2073 3392 2146 liquida,
3421 2085 3504 2130 at-

1942 2176 2046 2230 que
2073 2172 2254 2228 acuta,
2279 2163 2485 2220 habens
2515 2177 2706 2218 sonum
2728 2172 2780 2217 et
2813 2163 3098 2224 melodiam
3119 2174 3346 2231 sancta:
3385 2167 3507 2222 reli-

1942 2252 2130 2327 gionis,
2163 2263 2735 2331 eongruentem,r‘non
2778 2272 2896 2327 quae
2948 2242 3507 2337 tragicam'exclarnet

1943 2343 2141 2409 artem,
2173 2346 2268 2400 sed
2318 2332 2439 2423 quae
2487 2346 2847 2419 Christianam
2882 2336 3278 2427 simplicitatem
3304 2352 3358 2410 in
3393 2332 3506 2423 ipsa
3539 2415 3546 2419 _

1944 2434 2308 2512 modulatitme
2335 2438 2682 2508 demonstret,
2714 2436 2911 2510 neque?
2934 2455 3068 2514 quae.
3101 2441 3306 2504 musico
3331 2453 3505 2512 gestu,

1945 2525 2028 2580 vel
2054 2526 2301 2602 theatrali
2335 2516 2751 2602 arteiredoleat,
2781 2529 2874 2597 sed
2900 2545 3016 2598 quae
3045 2535 3520 2602 compunctionem

1944 2610 2116 2686 magis
2169 2609 2509 2685 audientibus
2551 2617 2736 2674 faciat.
2791 2616 3032 2673 Perfecta
3063 2629 3240 2676 autem
3271 2637 3372 2676 vox
3404 2634 3505 2685 est,

1946 2702 2074 2767 alta,
2113 2703 2258 2767 clara
2301 2711 2358 2758 et
2380 2696 2599 2760 suavis:
2636 2706 2762 2772 alta,
2813 2714 2872 2766 ut
2897 2707 2951 2761 in
2984 2708 3210 2763 sublime
3239 2701 3502 2777 su‘ll'miat;
3552 2707 3560 2715 ’

1945 2786 2196 2872 οιδιῖιιηιιι
2217 2810 2373 2850 aures
2399 2795 2685 2867 adimpleat
2711 2814 2724 2863 ;
2767 2791 2965 2864 suavis,
2999 2807 3058 2854 ut
3078 2801 3270 2855 animis
3291 2804 3510 2858 audien-

1947 2876 2444 2958 tiumblandiatur.
2479 2875 2741 2958 siautem
2785 2902 2852 2942 ex
2897 2889 2980 2942 his
3028 2889 3226 2959 aliquid
3259 2885 3505 2957 defuerit,

1937 2973 2185 3044 perfecta
2220 2985 2338 3048 vos
2365 2971 2470 3030 non
2504 2977 2627 3030 erit.
2673 2977 2892 3047 Antiqui
2950 2981 3092 3047 enim
3135 2983 3306 3051 pridie
3348 3001 3505 3054 quant

1948 3065 2274 3138 cantandum
2317 3073 2452 3131 erat,
2504 3068 2639 3128 cibis
2690 3069 3059 3146 abstinebant,
3091 3054 3343 3141 pallentia
3388 3082 3507 3127 tan-

272 3168 411 3238 pulo
453 3177 706 3237 praesunt,
737 3149 1029 3242 secundum
1053 3186 1265 3230 sensum
1290 3193 1292 3197 λ
1314 3156 1706 3241 majorumjam
1746 3149 1847 3228 su—

1953 3163 2066 3211 tum
2087 3157 2354 3228 legumina
2381 3175 2542 3214 causa
2575 3161 2721 3216 vocis
2754 3159 3058 3228 sumebant,
3090 3164 3229 3219 unde
3278 3174 3332 3238 et
3356 3165 3510 3237 vulgo

276 3274 384 3329 pra
413 3259 662 3328 diximus,
714 3259 780 3314 de
819 3261 1028 3329 origine
1068 3276 1281 3331 quoque
1307 3271 1514 3326 cantus,
1562 3272 1615 3317 et
1663 3263 1848 3318 lectie-

278 3361 441 3412 num,
469 3360 526 3401 et
553 3349 869 3419 auctoritate
906 3339 1450 3423 Symboligadhuclin
1475 3351 1724 3427 praesenti
1770 3353 1857 3407 di-.

279 3450 506 3493 camus.-
1421 3430 1425 3433 ’

838 3525 1063 3597 CAPUT
1114 3529 1316 3600 XLVII.

780 3686 783 3687 ν
919 3605 1002 3672 Πέ
1024 3620 1250 3685 cantico,
1338 3625 1343 3629 ’

366 3696 662 3785 Canticum,
695 3709 837 3764 enim
884 3710 1092 3780 primus
1139 3710 1376 3791 omnium
1426 3710 1632 3783 Moyses
1664 3710 1855 3782 legitur

282 3799 613 3864 instituisse,
641 3801 854 3870 quando
881 3814 1135 3872 percussa
1171 3799 1404 3874 Egypto
1448 3803 1631 3878 decem
1661 3803 1854 3874 plagis,

278 3900 348 3947 et
396 3892 679 3959 Pharaone
725 3895 1036 3960 submerso,
1087 3911 1210 3951 cum
1268 3897 1463 3966 populo
1513 3880 1858 3968 pervinsueta

287 3981 466 4035 maris
501 3981 717 4045 itinera,
752 3982 814 4036 ad
857 3971 1577 4053 desertumgratulabundus
1611 4000 1858 4054 egressus

286 4078 401 4134 est,
438 4070 622 4144 dicens
649 4089 662 4124 :
695 4068 975 4125 Cantemus
1004 4070 1244 4147 Domino,
1269 4073 1493 4143 gloriose
1532 4076 1666 4128 enim
1691 4076 1857 4129 Itono-

290 4162 538 4230 riftcatus
570 4171 642 4216 est
675 4162 870 4232 (Exod.
895 4163 1375 4244 ,xv).nllem,idem
1425 4168 1688 4239 auctorin
1716 4167 1871 4222 Deu-'

289 4244 598 4307 teronomio
627 4255 896 4326 canticum
918 4243 1236 4328 praesagium
1267 4255 1570 4312 futurorum
1622 4243 1860 4314 conscri-

288 4344 425 4413 psit.
460 4342 658 4398 Deinde
692 4359 902 4415 quoque
931 4344 1175 4415 Debbora
1203 4360 1308 4405 non
1364 4337 1610 4417 ignobilis
1639 4347 1859 4414 femina,

289 4435 355 4488 in
413 4433 549 4511 libro
597 4420 857 4510 Iudicum
895 4437 995 4507 hoc
1045 4437 1306 4507 mYsterio
1345 4422 1525 4492 functa
1557 4437 1856 4507 reperitur;

290 4534 484 4599 postea
501 4524 708 4584 multos
740 4543 843 4580 non
882 4525 1049 4579 solum
1094 4528 1254 4590 viros,
1289 4528 1380 4582 sed
1432 4514 1609 4582 etiam'
1634 4528 1861 4584 feminas

293 4615 494 4684 spiritu
540 4615 719 4669 divino
771 4617 1086 4685 completas,
1147 4610 1241 4670 Dei
1273 4617 1533 4673 cecinisse
1579 4620 1856 4693 mysteria.

292 4707 582 4777 Canticum
610 4717 790 4763 autem
833 4723 936 4763 vox
958 4708 1193 4789 hamana
1225 4718 1340 4773 est;
1371 4709 1620 4779 psalmus
1657 4719 1860 4776 autem,

293 4799 396 4873 qui
425 4799 637 4855 canitur
655 4800 722 4857 ad
747 4799 1078 4870 psalterium.
1326 4859 1328 4861 _

843 4911 1068 4967 CAPUT
1111 4911 1334 4965 XLVIII.

918 4981 994 5042 De
1017 4981 1250 5051 psalmis.

380 5068 614 5126 Psallere
659 5079 838 5125 autem
869 5087 1022 5125 usum
1055 5085 1178 5126 esse
1225 5072 1456 5141 primum
1485 5071 1720 5142 Moysen,
1762 5073 1863 5126 Da-

299 5161 396 5215 vid
419 5163 738 5231 prophetam
769 5162 821 5216 in
860 5176 1052 5232 magno
1079 5162 1352 5232 mysterio,
1380 5154 1579 5231 prodit‘
1603 5162 1859 5232 Ecclesia.

297 5251 406 5315 Hic
440 5251 582 5304 enim
609 5268 639 5306 a
658 5252 891 5320 pueritia
918 5252 971 5304 in
1001 5252 1103 5306 hoc
1135 5267 1325 5306 munus
1352 5267 1380 5304 a
1407 5253 1629 5306 Domino
1653 5253 1863 5321 specia-

296 5339 430 5393 liter
464 5330 686 5405 eleetus,
718 5351 773 5394 et
809 5351 1086 5397 cantorum
1110 5342 1376 5409 princeps,
1429 5340 1866 5410 psalmorumth

301 5425 589 5482 thesaurus
615 5443 736 5482 esse
758 5431 1077 5498 promeruit.
1110 5429 1273 5498 Cujus
1320 5430 1865 5498 psalteriumidcirco

298 5533 430 5575 cum
451 5518 678 5591 melodia
704 5520 1094 5573 cantilenarum
1123 5521 1366 5574 suavium
1395 5521 1462 5574 ab
1493 5519 1733 5575 Ecclesia
1761 5519 1868 5574 fre-

298 5617 637 5678 quentatur,
688 5624 794 5677 quo
838 5609 1048 5664 facilius
1096 5611 1258 5664 animi
1307 5611 1371 5664 ad
1397 5612 1864 5680 compunctionem

298 5696 608 5751 ﬂectantur.
657 5693 932 5750 Primitiva
974 5706 1151 5751 autem
1185 5697 1418 5752 Ecclesia
1473 5699 1543 5753 ita
1581 5699 1858 5768 psallebat,

661 5785 930 5845 Parnm.
981 5785 1165 5848 CVII.

1950 3257 2204 3310 cantores
2232 3250 2575 3326 fabariidicti
2617 3262 2759 3308 sunt.
2792 3255 2846 3324 Si
2883 3270 3010 3326 ergo
3037 3258 3137 3311 hoc
3173 3259 3312 3328 apud
3343 3261 3513 3330 genti-

1950 3340 2027 3395 les
2047 3403 2049 3406 1
2071 3348 2279 3412 tantum
2323 3344 2600 3397 servandae
2625 3346 2773 3417 vocis
2803 3360 2962 3400 causa
2993 3345 3268 3417 agebatur,
3312 3359 3510 3417 quanto

1951 3432 2120 3501 magis
2147 3433 2285 3502 apud
2331 3431 2684 3500 Christianos,
2734 3451 2869 3504 quos
2896 3430 3000 3490 aen
3045 3446 3151 3491 tam
3183 3440 3326 3493 vocis
3354 3456 3512 3509 quam

1951 3509 2170 3598 virtutis
2197 3522 2366 3589 ipsius
2393 3530 2536 3576 tenét
2565 3540 2714 3589 cura,
2742 3524 2808 3601 ab
2830 3526 2976 3580 omni
3001 3525 3249 3582 illecebra
3279 3529 3510 3600 volupta-

1901 3608 1903 3610 ’
1955 3616 2066 3668 tum
2095 3609 2366 3666 abstinere
2394 3622 2623 3683 oportet.

2491 3703 2716 3758 CAPUT
2768 3691 2950 3774 thx.

2563 3793 2636 3846 De
2661 3794 2882 3863 hymnis.

2031 3880 2269 3961 Hymnos
2300 3883 2530 3952 primum
2562 3889 2805 3946 eumdem
2846 3887 3012 3963 David
3048 3895 3358 3963 prophetam
3389 3913 3518 3953 con-

1961 3970 2159 4027 didiSSe
2183 3987 2246 4028 ac
2272 3974 2552 4040 cecinisse,
2602 3961 2941 4047 manifestum
2965 3961 3068 4050 est,
3095 3961 3287 4041 deinde
3311 3995 3364 4042 et
3391 3989 3522 4044 alios

1965 4065 2274 4147 prophetas.
2303 4065 2497 4147 Postea
2544 4070 2762 4138 quidem
2797 4081 2990 4147 ettres
3014 4078 3163 4144 pueri
3218 4079 3272 4135 in
3307 4060 3523 4137 fornace

1961 4157 2141 4226 positi,
2194 4169 2488 4218 convocata
2515 4163 2754 4215 omnium
2812 4174 3082 4232 creatura,
3128 4171 3362 4240 creatori
3407 4187 3549 4239 omn

1963 4251 2110 4304 nium
2134 4251 2389 4322 hymnum
2418 4263 2674 4308 canentes
2699 4255 2970 4310 dixerunt.
3012 4260 3192 4329 Itaque
3218 4269 3270 4317 et
3295 4263 3347 4316 in
3371 4264 3522 4333 hym-

1963 4342 2046 4396 nis
2082 4351 2136 4396 et
2182 4342 2401 4411 psalmis
2426 4344 2700 4410 canendis,
2754 4362 2860 4400 non
2898 4349 3067 4404 solum
3116 4354 3521 4422 prophetarum,

1965 4433 2060 4487 sed
2094 4433 2703 4509 etiamipsiusDomini
2749 4444 2805 4489 et
2849 4439 3231 4508 apostolorum,
3266 4443 3525 4497 habemus

1966 4524 2290 4593 exemplum,
2317 4534 2371 4578 et
2398 4516 2662 4595 praecepta
2693 4528 2757 4581 de
2808 4529 2911 4584 hac
2942 4545 2999 4584 re
3032 4532 3179 4596 utilia
3209 4532 3273 4586 ad
3302 4549 3523 4590 moven-

1970 4614 2093 4668 dum
2108 4615 2192 4683 pie
2213 4615 2448 4669 animum
2476 4604 2982 4692 etinﬂammandum
3009 4621 3200 4677 divinae
3221 4621 3522 4678 dilectionis

1971 4697 2236 4760 allectum.
2267 4705 2405 4760 Sunt
2443 4708 2812 4771 autemdivini
2851 4711 3054 4781 hymni,
3087 4721 3208 4766 sunt
3232 4721 3285 4766 et
3317 4697 3524 4782 ingenio

1972 4798 2204 4868 humano
2225 4798 2525 4866 compositi.
2550 4798 2790 4874 Hilarius
2818 4811 2995 4854 autem
3018 4787 3197 4856 Gallus
3224 4805 3519 4871 episcopus,

1972 4886 2206 4942 Pictavis
2232 4889 2459 4957 genitus,
2493 4889 2793 4958 eloquentia
2826 4892 3164 4959 conspicuus,
3204 4894 3518 4963 hymnorum

1968 4978 2208 5034 carmine
2251 4977 2429 5032 ﬂoruit
2478 4979 2701 5048 primus,
2735 4989 2854 5048 post
2889 4997 3044 5050 quem
3071 4983 3384 5038 Ambrosius
3413 4986 3530 5053 epi-

1967 5085 2162 5138 scopus
2195 5071 2274 5123 vir
2303 5086 2508 5146 magna:
2535 5071 2715 5139 gloria:
2757 5071 2811 5124 in
2843 5071 3078 5137 Christo,
3104 5073 3241 5127 etin
3287 5066 3523 5128 Ecclesia

1967 5157 2299 5212 clarissimus
2327 5158 2532 5226 doctor,
2575 5159 2821 5228 copiosus
2856 5161 2909 5214 in
2935 5161 3234 5231 huiusmodi
3284 5165 3522 5217 carmine

1966 5233 2600 5316 ﬂoruissecognoscitur,
2631 5256 2793 5316 atque
2831 5249 2956 5306 inde
2993 5251 3173 5322 hymni
3198 5267 3261 5305 ex
3296 5254 3408 5320 ejus
3431 5269 3524 5307 nc-

1971 5338 2112 5390 mine
2137 5335 2476 5390 Ambrosiani
2516 5346 2800 5402 vocantur,
2827 5339 2950 5408 quia
2977 5339 3090 5407 ejus
3133 5349 3368 5410 tempore
3412 5344 3522 5409 pri-

1969 5440 2114 5478 mum
2147 5425 2198 5476 in
2233 5422 2470 5478 Ecclesia
2495 5424 2878 5482 Mediolanensi
2921 5428 3175 5491 celebrari
3221 5441 3521 5499 cmperunt,

1970 5517 2120 5586 cujus
2168 5515 2496 5570 celebritatis
2544 5517 2756 5571 devotio
2790 5519 2980 5573 dehinc
3025 5534 3117 5586 per
3175 5521 3334 5578 totius
3365 5521 3522 5576 Occi-

1970 5605 2143 5662 dentis
2188 5593 2457 5662 Ecclesias
2505 5608 2837 5662 observatur.
2890 5608 3136 5662 Carmina
3172 5619 3346 5663 autem
3374 5627 3523 5679 mia:-

1971 5714 2178 5768 cunque
2213 5699 2264 5751 in
2297 5697 2502 5752 laudem
2536 5697 2627 5752 Dei
2656 5697 2920 5762 dicuntur,
2955 5697 3134 5767 hymni
3163 5709 3436 5754 vocamur.

3024 5792 3094 5850 t2
