3958 6338
499 357 598 411 Ξιίὖ
1135 360 1192 412 Β.
1237 358 1484 413 RABANI
1526 356 1740 411 MAURI
1781 351 2092 406 AliClllEP.
2136 351 2441 407 MOGUNT.
2484 350 2766 406 OPERUM
2801 352 2977 407 PARS
3016 353 3053 408 1.

1097 474 1319 529 CAPUT
1360 474 1419 526 L.

1046 563 1137 617 -Dc
1178 562 1490 632 autipltouis.

554 660 893 729 Antiphonas
917 656 1088 718 Graeci
1125 656 1284 724 primi
1338 658 1783 722 composuerunt,
1850 650 2055 704 duobus

489 753 656 807 thoris
676 752 978 807 alternatim
1007 750 1432 813 concinentibus,
1460 748 1611 816 quasi
1634 748 1737 802 duo
1752 748 2051 817 seraphim,

487 846 703 911 duoque
720 842 1061 897 Testamenta
1087 840 1315 892 invicem
1340 838 1441 892 sibi
1470 837 1882 893 conclamantia.
1902 837 2055 907 Apud

488 934 705 986 Latinos
732 941 909 985 autem
938 929 1145 998 primus
1193 928 1333 981 idem
1374 928 1718 982 beatissimus
1740 928 2055 982 Ambrosius

487 1024 804 1091 antiphonas
828 1020 1075 1085 instituit,
1101 1018 1411 1073 ercorum
1443 1019 1748 1089 exemplum
1781 1019 2048 1085 imitatus;

483 1128 544 1163 ιηκ
588 1112 712 1165 hinc
754 1113 807 1164 in
843 1109 1052 1164 cunctis
1077 1108 1327 1166 Occiduis
1374 1108 1679 1180 regionibus
1696 1124 1894 1163 earnm
1923 1123 2054 1163 usus

484 1200 766 1255 incrcbuit.

1096 1286 1319 1343 CAPUT
1360 1286 1438 1340 LI.

1034 1381 1110 1433 De
1139 1380 1498 1449 respousoriis.

552 1472 909 1539 Responsoria
936 1472 1002 1524 ab
1032 1470 1177 1523 italis
1199 1469 1357 1539 longo
1386 1479 1625 1538 tempore
1653 1480 1777 1523 ante
1805 1477 1931 1523 sunt
1960 1485 2047 1533 res-

482 1570 650 1630 perta,
675 1569 728 1613 et
757 1570 941 1613 vocata
971 1560 1072 1613 hoc
1094 1559 1330 1620 nomine.
1364 1559 1504 1626 quod
1538 1574 1644 1613 uno
1668 1567 1893 1613 canente
1923 1559 2051 1613 cho-

481 1669 572 1707 rus
597 1652 1000 1706 reconsonando
1026 1650 1365 1719 respondeat.
1400 1651 1567 1704 Antea
1603 1660 1781 1705 autem
1811 1651 1863 1704 id
1904 1649 2049 1705 solus

480 1742 706 1811 quisque
736 1742 944 1812 agebat,
969 1757 1111 1796 nunc
1142 1741 1409 1793 interdum
1441 1756 1596 1803 unus,
1632 1726 1902 1795 interdum
1946 1741 2051 1806 duo

3623 355 3725 408 56$

2080 470 2125 526 Λ
2157 463 2207 519 iu
2234 468 2554 520 contrariam
2604 465 2857 519 recedunt
2899 464 3250 527 sententiam,
3310 473 3558 519 sreutest
3602 465 3726 521 illud

2155 557 2393 625 Apostoli
2426 576 2437 610 :
2476 556 2601 622 Quis
2641 554 2899 607 accusabit
2933 554 3178 607 adversus
3217 554 3402 609 electas
3435 554 3568 609 Dei?
3590 555 3726 609 Deus

2154 648 2242 715 qui
2265 647 2520 715 justi/ictu
2549 644 2718 716 (Rom.
2747 644 2883 713 vni).
2905 643 3056 708 Quod
3080 644 3121 695 si
3152 645 3304 712 quasi
3338 644 3723 709 inﬁrmitativc,

2157 751 2259 789 non
2295 745 2505 791 servato
2529 747 2721 803 genere
2738 732 3181 802 pronuntiationis
3208 748 3337 797 sum,
3361 734 3588 799 dicatur,
3614 751 3727 788 ma-

2155 844 2257 896 gna
2294 828 2617 897 perversitas
2654 826 2841 879 Oritur.
2868 824 2958 878 Sic
2983 838 3110 894 ergo
3144 825 3602 893 pronuntiandum
3623 837 3725 892 est,

2154 926 2213 969 ut
2243 919 2511 985 praecedat
2533 916 2892 985 percontatio,
2948 922 3204 982 sequatur
3233 916 3602 987 interrogatio.
3636 916 3723 971 ln-

2154 1016 2239 1060 ter
2269 1008 2727 1076 pcreoutationem
2756 1014 2933 1058 autem
2976 1012 3032 1058 et
3071 1004 3577 1075 interrogationem,
3625 1008 3730 1062 hoc

2154 1105 2361 1150 veteres
2386 1098 2646 1151 interesse
2688 1095 2950 1157 dixerunt,
2982 1095 3123 1162 quod
3167 1096 3233 1149 ad
3264 1100 3728 1165 percontationem

2155 1190 2318 1243 multa
2352 1190 2658 1259 responderi
2686 1196 2928 1259 possunt,
2960 1188 3023 1241 ad
3070 1188 3544 1258 interrogationem
3572 1206 3726 1255 vero,

2092 1276 2095 1281 ’
2154 1292 2248 1333 aut
2278 1296 2403 1346 non,
2429 1290 2520 1335 aut
2569 1282 2752 1336 etiam.
2787 1280 3223 1336 Pronuntiabitur
3247 1296 3374 1351 ergo
3397 1282 3493 1344 ita,
3526 1292 3583 1335 ut
3608 1291 3735 1352 post

2153 1374 2610 1441 percontationem
2638 1388 2744 1441 qua
2790 1373 3018 1428 dicimus
3044 1386 3058 1425 :
3091 1371 3220 1438 Quis
3251 1374 3513 1427 accusabit
3540 1374 3728 1427 adver-

2152 1466 2239 1516 s'us
2264 1463 2447 1516 electos
2471 1463 2607 1517 Dei?
2633 1464 2761 1518 lllud
2790 1465 2929 1533 quod
2957 1464 3219 1533 sequitur,
3244 1479 3376 1519 sono
3397 1464 3731 1534 interrogan-

2154 1555 2223 1608 tis
2254 1554 2599 1608 enuntietur:
2635 1555 2774 1608 Deus
2796 1556 2883 1625 qui
2925 1556 3207 1624 justi/icat,
3239 1564 3297 1609 ut
3322 1556 3482 1610 tacite
3507 1571 3730 1624 respou-

2153 1648 2359 1708 deatur,
2382 1649 2525 1700 non.‘
2546 1646 2610 1699 Et
2644 1662 2736 1715 per
2764 1647 2886 1699 item
2931 1655 3344 1717 percontemur:
3378 1646 3507 1711 Quis
3533 1658 3607 1701 est
3636 1650 3730 1717 qui

2155 1735 2479 1799 condemnat,
2507 1748 2794 1804 rursusque
2824 1738 3214 1804 interrogemus
3236 1777 3249 1801 ,
3303 1735 3538 1803 Christus
3568 1736 3729 1791 Iesus

480 1832 562 1886 vel
606 1841 717 1886 tres
760 1832 1118 1887 communiter
1146 1839 1359 1895 canent,
1389 1832 1555 1885 choro
1602 1831 1668 1884 in.
1683 1830 1929 1899 plurimis
1961 1846 2047 1889 re-
2080 1805 2125 1864 Β
2153 1826 2500 1896 quintarium
2523 1835 2613 1888 €81,
2638 1827 2813 1906 magis.
2832 1834 3001 1887 autem
3025 1827 3113 1895 qui
3144 1828 3441 1891 resurrexit,
3466 1829 3650 1897 quiest
3674 1828 3728 1880 in

481 1923 794 1991 spondente.

1083 2011 1306 2065 CAPUT
1326 2007 1449 2064 .Lll.

818 2164 819 2167 η
1047 2094 1123 2154 De
1152 2102 1473 2155 lectionibus.

546 2197 827 2252 Lectiones
859 2195 1226 2265 pronuntiare,
1262 2192 1496 2267 antiqua:
1525 2191 1877 2248 institutionis
1906 2206 2045 2255 esse,

476 2290 779 2344 .lndzeorum
817 2286 1033 2343 traditio
1064 2285 1239 2339 habet.
1269 2282 1402 2335 Nam
1425 2291 1479 2337 et
1500 2282 1601 2353 ipsi
1628 2282 1886 2353 legitimis
1914 2297 2051 2353 prae-

478 2382 746 2450 tinitisque
778 2379 985 2443 diebus,
1021 2364 1231 2445 ex'lege
1282 2384 1334 2429 et
1377 2374 1689 2443 prephetis,
1733 2374 2050 2429 lectionibus

477 2479 787 2535 utuntur,et
814 2470 916 2523 hoc
946 2469 1010 2522 de
1026 2466 1199 2520 veteri
1230 2465 1449 2519 Patrum
1476 2467 1810 2534 institutione
1829 2481 2051 2520 servan-

477 2570 572 2615 tes.
608 2559 702 2612 Est
726 2566 902 2612 autem
932 2556 1092 2610 lectio
1132 2572 1237 2609 nou
1269 2570 1433 2625 parva
1466 2555 1794 2611 audientium
1818 2555 2052 2609 :edifica-

478 2651 550 2704 tio
574 2664 586 2703 :
620 2648 758 2701 unde
786 2655 997 2716 Oportet
1022 2654 1081 2699 ut
1110 2646 1323 2715 quando
1353 2644 1598 2713 psallitur
1626 2685 1639 2709 ,
1693 2644 1953 2715 psallatur
1982 2644 2050 2697 ab

476 2740 754 2802 omnibus;
798 2753 917 2791 cum
948 2744 1155 2801 oratur,
1192 2744 1375 2789 oretur
1405 2736 1471 2789 ab
1506 2736 1787 2801 omnibus;
1821 2750 1946 2789 cum
1974 2734 2050 2787 le-

478 2830 586 2883 ctio
611 2828 825 2898 legitur,
865 2825 1003 2880 facto
1033 2824 1244 2880 silentio
1282 2839 1431 2893 :eque
1482 2824 1731 2880 audiatur
1760 2842 1790 2879 a
1818 2825 2047 2879 cunctis.

478 2920 611 2973 Nam
643 2928 695 2972 et
726 2918 769 2970 si
795 2928 919 2970 tunc
949 2916 1292 2984 superveniat
1319 2914 1547 2982 quisque
1575 2928 1696 2967 cum
1729 2913 1884 2991 lectio
1912 2914 2051 2967 cele-

479 3012 683 3070 bratur,
718 3008 903 3062 adoret
934 3015 1139 3059 tantum
1170 3005 1357 3069 Deum,
1388 3014 1459 3067 et,
1492 3006 1813 3076 praesignata
1855 3006 2048 3070 fronte,

479 3116 664 3155 aurem
714 3098 939 3153 sollicite
968 3096 1355 3152 accommodet.
1412 3096 1566 3149 Patet
1594 3106 1804 3164 tempus
1827 3095 2047 3159 orandi,

479 3206 600 3245 cum
626 3203 810 3242 omnes
840 3202 1084 3251 oramus;
1141 3194 1285 3255 patet
1328 3201 1447 3238 cum
1480 3185 1711 3239 voluerit
1738 3201 1897 3240 orare
1940 3187 2048 3255 pri-

477 3278 657 3340 vatim,
685 3278 902 3331 obtentu
944 3275 1222 3329 orationis.
1286 3274 1360 3327 Ne
1405 3275 1700 3343 perdideris
1737 3275 2045 3336 lectionem,

474 3369 601 3439 quia
634 3382 740 3421 non
794 3379 1005 3435 semper
1053 3364 1277 3433 quilibet
1307 3372 1549 3431 paratam
1600 3378 1719 3417 eam
1751 3371 1926 3433 potest
1951 3364 2049 3417 ha-

475 3459 619 3519 bere,
649 3471 770 3509 cum
792 3453 979 3507 orandi
1009 3461 1247 3521 potestas
1271 3453 1320 3505 in
1352 3461 1599 3521 promptu
1632 3453 1735 3517 sit;
1766 3461 1865 3507 nec
1892 3461 2047 3523 putes

472 3561 690 3615 parvam
721 3544 869 3597 nasci
896 3543 1182 3597 utilitatem
1226 3556 1289 3595 ex
1342 3542 1585 3595 lectionis
1626 3542 1811 3596 auditu
1838 3561 1851 3596 :
1883 3542 2050 3611 siqui-

474 3639 594 3691 dem
620 3636 793 3691 oratio
834 3636 947 3704 ipsa
986 3635 1042 3687 ﬁt
1072 3634 1337 3705 pinguior,
1368 3634 1492 3689 dum
1543 3649 1694 3688 mens
1727 3635 1931 3688 recenti
1975 3634 2047 3687 le-

475 3727 649 3781 ctione
678 3726 907 3794 signata,
932 3740 1027 3793 per
1049 3724 1346 3777 divinarum
1375 3738 1550 3776 rerum
1575 3724 1731 3792 (quas
1767 3739 1938 3792 nuper
1959 3738 2051 3776 au-

479 3815 630 3886 divit)
663 3814 922 3883 imagines
946 3813 1133 3866 currit.
1161 3811 1295 3865 Nam
1340 3820 1393 3865 et
1424 3810 1587 3863 Maria
1618 3826 1773 3865 soror
1802 3811 2049 3877 Marthre,

477 3925 595 3978 qua:
618 3906 807 3961 sedens
839 3906 902 3959 ad
925 3906 1087 3975 pedes
1108 3902 1255 3968 Jesu,
1288 3917 1473 3957 sorore
1503 3902 1742 3973 neglecta
1770 3943 1784 3967 ,
1829 3902 2049 3957 verbum

439 4008 443 4013 ’
478 3999 733 4054 intentius
784 3996 1060 4058 audiebat,
1100 3996 1291 4048 bonam
1320 4000 1528 4061 partem
1560 3993 1660 4046 sibi
1693 3992 1921 4064 elegisse
1949 3994 2050 4046 Du-

477 4088 607 4145 iuini
633 4102 763 4142 voce
792 4087 1035 4139 ﬁrmatur
1066 4083 1215 4156 (Luc.
1262 4084 1337 4153 χ).
1381 4082 1503 4137 Ideo
1532 4092 1586 4137 et
1612 4082 1871 4137 diaconus
1905 4081 2048 4136 clara

482 4195 610 4235 voce
639 4178 907 4233 silentium
938 4175 1206 4240 admonet,
1233 4183 1289 4228 ut
1315 4174 1426 4228 sive
1450 4174 1575 4228 dum
1614 4174 1887 4242 psallitur,
1939 4175 2052 4228 sive

484 4273 608 4326 dum
657 4269 812 4322 lectio
863 4266 1244 4336 pronuntiatur
1270 4305 1285 4328 ,
1328 4266 1393 4318 ab
1422 4266 1671 4319 omnibus
1713 4267 1891 4321 unitas
1928 4281 2053 4320 con-

480 4370 743 4424 servetur,
773 4368 829 4411 ut
869 4356 1009 4427 quod
1041 4356 1287 4410 erunibus
1313 4356 1652 4424 praedicatur,
1680 4355 1958 4425 aequaliter
1986 4355 2053 4411 ab

478 4451 725 4507 omnibus
754 4450 1019 4502 audiatur.
1056 4446 1367 4515 Quicunque
1408 4447 1548 4499 enim
1596 4445 1830 4500 ofﬁcium
1860 4447 2054 4500 decen-

481 4550 635 4596 teret
659 4542 757 4594 rite
781 4554 1036 4610 peragere
1064 4536 1196 4600 vult,
1222 4538 1463 4591 doctrina
1495 4545 1549 4591 et
1577 4538 1731 4591 libris
1756 4538 1913 4592 debet
1936 4554 2052 4593 esse

482 4633 1117 4696 imbutus,sensuumque
1148 4642 1210 4681 ac
1236 4628 1518 4682 verborum
1543 4628 1769 4683 scientia
1797 4643 2053 4698 perorna-

484 4735 590 4783 tus,
626 4723 697 4775 ita
728 4730 780 4775 ut
813 4722 863 4773 in
909 4719 1340 4773 disdnctionibus
1368 4720 1756 4773 sententiarum
1797 4719 2056 4788 intelligat

484 4814 571 4867 ubi
596 4813 812 4867 tiniatur
833 4812 1110 4881 jnnctura,
1128 4810 1218 4863 ubi
1238 4809 1411 4863 adhuc
1432 4811 1866 4878 peudeatoratio,
1886 4826 2053 4879 usque

486 4908 572 4961 ubi
599 4906 863 4959 sententia
896 4912 1135 4957 extrema
1166 4903 1445 4956 claudatur
1473 4942 1487 4966 ,
1533 4902 1715 4971 sicque
1741 4903 2052 4971 expeditus,

486 4998 591 5050 vim
606 4994 1050 5064 pronuntiationis
1070 4993 1350 5055 obtinebit,
1378 5002 1436 5045 ut
1460 4993 1523 5047 ad
1551 4993 1875 5047 intellectura
1900 5008 2053 5046 men—

491 5100 568 5141 tes
596 5086 832 5139 omnium
871 5098 1166 5153 sensusque
1216 5094 1541 5152 permoveat.
1576 5084 1938 5141 Discernendo
1964 5101 2057 5156 ge-

489 5193 617 5232 nera
641 5174 1133 5246 pronuntiationum
1158 5213 1171 5236 ,
1222 5184 1380 5242 atque
1427 5174 1776 5242 exprimendo
1810 5177 2055 5245 proprios

488 5266 874 5323 sententiarum
914 5263 1153 5327 aliectus,
1186 5265 1340 5317 modo
1365 5280 1493 5317 voce
1525 5264 1809 5318 indicantis
1845 5264 2053 5333 simpli-

489 5361 643 5423 citer,
679 5357 837 5411 modo
874 5355 1122 5417 dolentis,
1169 5354 1323 5407 modo
1356 5355 1716 5423 indignantis,
1758 5356 1919 5410 modo
1973 5356 2055 5408 in-

490 5450 779 5519 crepantis,
813 5444 970 5501 modo
992 5444 1345 5507 exhortantis,
1371 5446 1526 5497 modo
1554 5446 1880 5509 miserantis,
1904 5446 2059 5497 modo

492 5542 872 5612 percontantis,
903 5547 955 5592 et
989 5538 1072 5592 his
1100 5537 1292 5592 similia
1327 5538 1617 5591 secundum
1640 5553 1806 5609 genus
1835 5538 2061 5607 propri-.e

494 5630 959 5699 pronuntiationis,
995 5628 1354 5699 expromenda
1386 5637 1527 5680 sunt.
1556 5628 1716 5681 Multa
1764 5639 1889 5680 sunt
1917 5628 2059 5679 enim

496 5727 548 5776 in
576 5726 873 5790 scripturis,
916 5737 1034 5790 qua:
1068 5721 1165 5775 nisi
1203 5719 1420 5787 proprio
1450 5719 1604 5772 Inmlo
1630 5721 2059 5787 pronuntientm',

2151 1916 2363 1969 dextera
2405 1914 2502 1969 Dei
2526 1957 2539 1980 ,
2589 1917 2677 1985 qui
2706 1926 2753 1969 et
2780 1914 3067 1985 interpellat
3093 1928 3187 1985 pro
3233 1916 3418 1975 nobis?
3446 1926 3503 1970 ut
3528 1918 3729 1988 ubique

2154 2007 2314 2061 tacite
2346 2007 2750 2075 respondeatur,
2776 2020 2898 2058 non.
2916 2008 2985 2059 At
3004 2021 3128 2059 vero
3151 2007 3202 2060 in
3234 2005 3322 2061 illo
3352 1992 3470 2061 loco
3493 2007 3581 2061 ubi
3606 2008 3684 2061 ait
3712 2026 3726 2060 :

2152 2097 2291 2164 Quid
2317 2114 2436 2166 ergo
2460 2097 2726 2150 dicamus?
2767 2098 2888 2167 quia
2906 2101 3084 2165 ‘gentes
3110 2114 3224 2166 quia
3254 2108 3357 2151 non
3388 2099 3730 2152 sectabantur

2145 2188 2431 2256 justitiam,
2457 2186 2900 2257 apprehenderunt
2922 2172 3202 2254 justitiam,
3226 2185 3326 2239 nisi
3354 2194 3473 2254 post
3505 2201 3734 2255 percon-

2152 2276 2408 2331 tationem
2444 2291 2548 2345 qua
2572 2275 2773 2328 dictum
2806 2283 2924 2328 est:
2963 2272 3101 2339 Quid
3127 2290 3247 2344 ergo
3278 2274 3547 2327 dicemus?
3592 2274 3732 2329 Item

2152 2365 2431 2437 responsio
2461 2366 2795 2435 subjiciatur,
2834 2366 2955 2435 quia
2987 2374 3157 2434 gentes
3185 2381 3300 2434 quae
3324 2382 3425 2418 non
3463 2364 3734 2418 sectaban-

2151 2471 2237 2514 tur
2266 2460 2559 2530 justitiam,
2608 2457 3051 2527 apprehenderunt
3101 2456 3365 2524 justitiam
3402 2454 3573 2524 (Rom.
3610 2454 3731 2523 ix),

2148 2540 2718 2619 textus‘eonsequens
2766 2565 2871 2603 non
2925 2550 3237 2605 cohaerebit.
3293 2548 3358 2602 Et
3407 2547 3513 2601 alia
3560 2545 3735 2599 multa

2149 2653 2295 2708 sunt,
2328 2658 2445 2711 qua:
2496 2641 2769 2710 propriam
2818 2640 3067 2693 similiter
3114 2641 3218 2693 vim
3273 2637 3736 2708 pronuntiationis

2150 2742 2414 2802 quaerunt.
2433 2730 2697 2784 Praeterea
2714 2737 2766 2783 et
2781 2738 3093 2783 accentuum
3109 2728 3215 2781 vim
3237 2734 3447 2797 oportet
3473 2725 3736 2793 lectorem

2151 2822 2382 2884 scire,ut
2410 2820 2618 2873 noverit
2658 2820 2706 2876 in
2734 2834 2835 2886 qua
2858 2818 3055 2888 syllaba
3084 2833 3181 2871 vox
3218 2816 3573 2886 protendatur
3598 2828 3732 2882 pro-

2152 2912 2445 2964 nuntiantis
2474 2951 2487 2972 ,
2536 2902 2657 2978 quia
2692 2908 2867 2965 [inultae
2908 2917 3031 2962 sunt
3071 2908 3332 2962 dictiones
3377 2920 3496 2975 qua:
3532 2904 3739 2958 solum-

2154 3002 2310 3055 modo
2342 3010 2560 3055 accentu
2589 3001 2815 3053 discerni
2840 3000 3033 3053 debent
3060 3013 3089 3051 a
3126 2997 3530 3067 pronuntiante,
3562 3009 3629 3048 ne
3674 2994 3735 3047 in

2154 3103 2312 3146 sensu
2344 3094 2784 3145 eartim‘erretur.
2822 3088 2926 3143 Sed
2967 3091 3079 3142 hinc
3132 3103 3161 3140 a
3218 3085 3585 3156 grammaticis
3637 3081 3731 3138 di»

2154 3197 2305 3239 scere
2332 3192 2561 3251 'oportet.
2592 3181 2757 3235 Porro
2790 3197 2889 3233 vox
2914 3178 3128 3235 lectoris
3152 3178 3375 3248 simplex
3410 3186 3531 3232 esse
3572 3174 3739 3231 debet

2150 3284 2207 3330 et
2234 3272 2393 3335 clara,
2427 3282 2479 3327 et
2514 3271 2580 3327 ad
2609 3263 2766 3327 omne
2804 3264 3258 3339 pronuntiationis
3301 3284 3468 3341 genus
3517 3268 3739 3322 accom-

2151 3364 2387 3428 modata,
2411 3362 2566 3432 plena
2597 3374 2758 3415 succo
2784 3360 2947 3422 virili,
2980 3366 3246 3429 agrestem
3278 3365 3331 3411 et
3359 3356 3735 3410 subrusticum

2151 3455 2411 3522 cil‘ugieus
2450 3470 2656 3514 sonum,
2691 3468 2795 3505 non
2820 3452 3070 3513 humilis,
3127 3464 3227 3503 nec
3268 3448 3403 3502 adeo
3451 3446 3735 3509 sublimis;

2153 3562 2258 3600 non
2292 3544 2479 3607 fracta,
2504 3558 2607 3595 non
2652 3552 2851 3603 tenera,
2880 3541 3117 3608 nihilque
3170 3537 3457 3591 femineum
3493 3550 3733 3596 sonans;

2152 3649 2259 3687 non
2292 3632 2494 3686 habens
2525 3632 2704 3684 inﬂata
2738 3632 2817 3685 vel
2844 3630 3149 3684 auhelantia
3180 3627 3364 3692 verba,
3393 3642 3499 3683 non
3532 3628 3586 3681 in
3616 3624 3739 3680 fau-

2152 3726 2303 3779 cibus
2336 3723 2651 3785 frondentia,
2679 3737 2775 3776 nec
2802 3722 2910 3775 oris
2946 3720 3204 3773 inanitate
3246 3717 3582 3781 resonantia,
3632 3732 3743 3772 nec

2152 3831 2341 3885 aspera
2398 3814 2785 3875 frendentibus,
2823 3828 2926 3866 non
2964 3812 3239 3865 hiantibus
3281 3810 3448 3864 labris
3488 3809 3736 3879 prolata,

2153 3906 2245 3961 sed
2272 3905 2523 3975 pressim,
2554 3913 2606 3957 et
2642 3903 2937 3972 aequaliter,
2969 3910 3021 3956 et
3070 3901 3283 3966 leniter,
3318 3912 3373 3954 et
3416 3901 3561 3956 clare
3603 3916 3739 3969 pro—

2152 3997 2413 4059 nuntiata,
2459 4004 2516 4051 ut
2545 3996 2655 4050 suis
2682 4011 2905 4065 quicque
2940 3995 3131 4049 litterae
3170 3993 3321 4049 sonis
3346 3994 3698 4067 enuntientur
3720 4034 3739 4058 ,

2152 4095 2206 4141 et
2226 4087 2642 4155 unumquodque
2668 4087 2885 4141 verbum
2910 4084 3148 4156 legitimo
3172 4090 3393 4137 aeCentu
3424 4083 3742 4147 decoretur,

2152 4195 2252 4234 nec
2291 4179 2666 4234 ostentationis
2721 4193 2880 4232 causa
2925 4176 3202 4245 frangatur
3241 4174 3435 4228 oratio.
3478 4172 3744 4242 Corporis

2152 4286 2363 4341 quoque
2396 4280 2598 4325 motum
2627 4271 2992 4339 impudentem
3023 4269 3221 4321 habere
3265 4283 3369 4320 non
3396 4266 3585 4329 debet,
3640 4264 3743 4318 sed

2153 4362 2438 4434 gravitatis
2466 4361 2719 4429 speciem,
2750 4361 2969 4413 auribus
2998 4358 3140 4412 enim
3187 4365 3240 4412 et
3267 4356 3415 4411 cordi
3448 4354 3742 4411 consulere

2155 4456 2315 4508 debet
2346 4454 2542 4516 lector,
2583 4468 2685 4506 non
2710 4452 2897 4514 oculis,
2930 4466 2995 4504 ne
3024 4450 3200 4519 potius
3226 4464 3290 4502 ex
3316 4448 3494 4517 seipse
3518 4457 3740 4516 specta-

2160 4554 2303 4598 tores
2334 4543 2500 4612 magis
2520 4557 2679 4611 quam
2710 4541 2978 4595 auditores
3009 4540 3187 4593 faciat.
3222 4540 3387 4593 Vetus
3415 4538 3600 4606 opinio
3630 4547 3739 4601 est,

2156 4633 2383 4687 lectores
2415 4632 2789 4701 pronuntiandi
2812 4647 2992 4695 causa,
3021 4630 3343 4699 prmeipuam
3372 4644 3559 4682 curam
3586 4622 3744 4683 vocis

2155 4724 2426 4786 habuisse,
2459 4730 2515 4775 ut
2536 4723 2779 4777 exaudiri
2814 4724 2867 4775 in
2893 4722 3117 4775 tumultu
3148 4722 3373 4789 possint,
3399 4720 3541 4775 unde
3563 4728 3618 4774 et
3640 4720 3746 4775 du-

2156 4815 2280 4868 dum
2326 4815 2551 4870 lectores
2590 4830 2863 4883 praecones
2893 4814 2977 4868 vel
3008 4813 3427 4883 proclamatores
3464 4811 3742 4867 vocaban-

2158 4910 2265 4955 tur.

2741 4995 2965 5051 CAPUT
3005 4993 3131 5047 Llll.

2448 5088 2519 5143 De
2542 5089 2686 5143 libris
2728 5089 2947 5142 duorum
2985 5087 3446 5140 Testamentorum.

2232 5180 2651 5234 Pronuntimtur
2679 5188 2858 5234 autem
2881 5178 3137 5232 lectiones
3164 5177 3225 5229 in‘
3248 5174 3445 5230 Christi
3468 5174 3747 5240 ecclesiis,

2164 5271 2229 5325 de
2257 5270 2546 5341 Scripturis
2587 5272 2804 5324 sanctis.
2864 5269 3083 5323 Constat
3127 5275 3305 5320 autem
3337 5264 3524 5319 eadem
3578 5281 3749 5319 saera

2166 5359 2437 5430 Scriptura
2468 5378 2532 5415 ex
2564 5362 2727 5415 veteri
2760 5361 2871 5429 lege
2899 5368 2952 5414 et
2997 5372 3151 5411 nova.
3187 5357 3351 5409 Vetus
3402 5354 3488 5409 lex
3538 5354 3626 5407 illa
3660 5363 3751 5408 est

2163 5464 2279 5517 qua:
2306 5450 2430 5502 data
2458 5458 2539 5504 est
2566 5451 2795 5518 primum
2819 5448 3013 5503 Judaeis
3044 5462 3139 5516 per
3173 5446 3385 5515 Moysen
3417 5455 3472 5498 et
3506 5445 3751 5513 prophe-

2166 5550 2267 5604 tas,
2302 5557 2419 5609 quie
2453 5542 2646 5596 dicitur
2691 5540 2851 5595 Vetus
2879 5540 3303 5593 Testamentum.
3332 5538 3749 5590 Testamentum

2166 5642 2343 5684 autem
2370 5632 2579 5693 dicitur,
2610 5633 2732 5700 quia
2764 5632 2968 5686 idoneis
2998 5630 3218 5685 testibus
3250 5630 3434 5696 utique
3458 5644 3485 5678 a
3517 5624 3753 5693 prophe-

2170 5719 2234 5772 tis
2262 5721 2515 5788 scriptum
2550 5731 2627 5774 est
2660 5730 2819 5789 atque
2847 5722 3132 5791 signatum.
3189 5716 3331 5770 Nova
3386 5728 3513 5766 vero
3546 5712 3629 5765 lex
3663 5717 3749 5765 est
