3958 6334
170 409 272 465 565

943 405 1029 459 na
1068 401 1501 460 CLERICORUM
1541 401 2041 465 INS'I‘ITU'I'IONE,
2087 404 2235 459 ETC.
2278 436 2343 443 _
2385 368 2508 460 LIB.
2557 407 2619 459 ιι.

3298 413 3402 470 366

169 512 689 587 Evangelium,quod
711 512 903 566 dicitur
927 512 1128 569 Novum
1154 511 1732 582 Testamentum,quod
1764 514 1813 573 Α
1838 529 1965 570 vero
1991 516 2321 587 scripserunt
2352 518 2536 574 decem
2586 524 2877 590 prophetae,
2911 526 2960 578 id
3002 537 3113 591 est,
3168 528 3397 602 Moyses,

166 623 260 676 per
288 607 459 674 ipsum
492 602 685 656 Filium
712 602 801 656 Dei
830 602 1100 659 Christum
1127 612 1180 658 et
1203 618 1328 657 suos
1356 604 1625 674 apostolos
1646 605 1737 659 de.

167 695 261 748 dit.
297 692 387 747 Illa
415 691 497 746 lex
547 699 698 747 vetus
739 691 883 746 velut
934 693 1083 747 radix
1114 702 1229 757 est,
1282 693 1394 747 lisse
1430 707 1566 747 nova
1593 692 1737 747 velut

168 782 375 838 fructus
401 798 467 837 ex
499 782 700 837 radice.
746 783 820 836 Ex
853 782 965 853 lege
995 784 1135 837 enim
1169 784 1378 839 venitur
1404 783 1469 838 ad
1497 784 1736 855 Evange—

168 876 320 929 lium.
355 874 410 929 Si
443 874 655 944 quidem
686 873 934 929 Christus
966 874 1055 942 qui
1106 874 1193 928 hic
1221 874 1592 929 manil‘estatus
1617 882 1731 940 est,

173 975 297 1021 ante
318 966 369 1019 in
394 966 512 1034 lege
547 965 833 1035 praedictus
865 973 964 1019 est.
996 964 1108 1019 Imo
1137 966 1250 1035 ipse
1287 964 1494 1019 loeutus
1526 967 1577 1020 in
1610 981 1734 1036 pro-

164 1056 361 1125 phetis,
381 1056 518 1110 sicut
546 1056 800 1126 scriptum
821 1063 904 1110 est
930 1073 942 1107 :
973 1054 1076 1121 Qui
1096 1054 1359 1125 loquebar,
1387 1072 1499 1109 ecce
1524 1057 1730 1124 adsum,

167 1146 327 1215 legem
356 1146 671 1213 prmittens
698 1145 832 1199 velut
861 1144 1149 1214 infantibus
1169 1145 1532 1216 pcedagogum,
1556 1146 1730 1201 Evan-

166 1238 359 1308 gelium
392 1254 527 1303 vero,
565 1237 847 1307 perfectura
880 1237 996 1289 vita
1033 1236 1413 1306 magisterium,
1436 1238 1553 1307 jam
1584 1238 1734 1292 adqu

165 1331 230 1383 tis
262 1330 498 1383 omnibus
544 1336 815 1398 pra’stans.
846 1328 970 1381 Ideo
997 1326 1049 1380 in
1091 1326 1178 1380 illa
1206 1327 1548 1395 operantibus
1595 1327 1733 1383 bona

169 1433 326 1476 terra:
346 1420 818 1491 promittebantur,
849 1418 937 1472 hic
966 1434 1096 1473 vero
1118 1420 1215 1474 sub
1244 1420 1414 1490 gratia
1434 1435 1499 1474 ex
1530 1419 1631 1475 ﬁde
1659 1422 1733 1473 vi—

165 1498 417 1565 ventibus
444 1526 665 1580 regnum
703 1510 921 1564 caeleste
949 1511 1224 1564 tribuitur.
1257 1511 1605 1582 Evangelium
1631 1529 1727 1567 au-

168 1614 272 1656 tem
296 1602 492 1657 dicitur
518 1603 717 1671 homim
746 1602 1011 1664 nuntium,
1037 1610 1090 1655 et
1128 1616 1312 1656 revera
1351 1602 1549 1657 bonum
1590 1620 1727 1658 nun-

163 1691 320 1753 tium,
357 1697 414 1743 ut
442 1691 529 1759 qui
562 1690 922 1759 susceperint,
955 1690 1046 1743 ﬁlii
1084 1690 1177 1745 Dei
1214 1698 1487 1745 vocentur.

236 1782 298 1835 Ili
342 1790 467 1836 sunt
504 1796 631 1851 ergo
660 1781 780 1836 libri
820 1782 1026 1836 Veteris
1071 1782 1399 1836 Testamenti
1454 1798 1589 1851 quos
1632 1784 1729 1838 sub

1835 607 2021 674 David,
2052 608 2325 675 Salomon,
2354 610 2533 681 Asaph
2561 652 2575 676 ,
2624 612 2814 677 Ethan,
2857 613 3095 681 IJithun,
3138 619 3305 676 Eman
3344 636 3399 678 et

1834 698 1926 751 ﬁlii
1954 697 2112 765 Core,
2145 700 2197 754 id
2232 709 2334 764 est,
2378 701 2523 769 Asir,
2557 702 2775 767 Eleana,
2811 704 3099 773 Ephiasah.
3139 707 3275 764 Sunt
3309 714 3399 781 qui

1833 798 1889 844 et
1910 789 2153 857 Esdram,
2182 800 2237 846 et
2255 791 2529 862 Aggaeum,
2556 801 2609 846 et
2653 793 2969 849 Zachariam
3014 798 3294 866 scripsisse
3322 802 3402 853 di-

1833 886 1975 933 cant.
2006 878 2257 936 Salomon
2281 884 2495 951 scripsit
2532 884 2916 949 Proverbia,et
2936 886 3315 954 Ecclesiasten,
3347 897 3403 945 et

1832 968 2050 1026 Cantica
2099 974 2449 1029 canticorum.
2502 976 2662 1031 Isaias
2706 979 2919 1048 scripsit
2979 980 3171 1035 librum
3222 1000 3397 1049 suum,

1832 1060 2077 1116 similiter
2118 1073 2173 1117 et
2222 1062 2480 1119 Jeremias
2542 1082 2661 1121 cum
2717 1069 3214 1126 Lamentationibus
3264 1074 3399 1143 ejus.

1834 1150 1944 1209 Viri
2009 1150 2301 1223 Synagoga:
2349 1157 2616 1223 sapientes
2649 1160 2979 1228 scripserunt
3030 1162 3401 1228 Ezechielexn,

1834 1240 2127 1309 Danielem,
2156 1252 2210 1297 et
2238 1244 2703 1314 Paralipomenon,
2741 1258 2793 1302 et
2821 1250 3032 1305 Esther.
3065 1252 3234 1307 Esdra
3261 1254 3398 1307 scri-

1831 1332 1939 1402 psit
1961 1332 2159 1389 librum
2187 1350 2359 1390 suum.
2395 1335 2593 1391 Omnes
2620 1346 2799 1392 autem
2830 1340 2925 1393 hos
2954 1341 3115 1396 libros
3146 1342 3282 1395 idem
3308 1344 3402 1399 Es-

1829 1420 1926 1475 dra
1950 1432 2072 1489 post
2120 1422 2391 1478 incensam
2420 1425 2588 1495 legem
2618 1442 2647 1479 a
2673 1425 2958 1494 Chaldaeis,
2981 1430 3106 1483 dum
3129 1430 3291 1486 Judaei
3320 1434 3402 1486 in-

1831 1511 1999 1580 gressi
2027 1509 2250 1567 fuissent
2276 1513 2328 1567 in
2358 1514 2654 1570 Jerusalem
2678 1556 2691 1580 ,
2749 1518 2929 1572 divino
2956 1518 3162 1575 alllatus
3201 1522 3404 1591 Spiritu

1830 1603 2119 1670 reparavit,
2156 1615 2453 1674 cunctaque
2502 1608 2882 1675 prophetarum
2929 1610 3231 1677 volumina,
3286 1630 3404 1683 qua:

1831 1687 2044 1744 fuerant
2080 1708 2111 1746 a
2159 1693 2405 1763 gentibus
2450 1706 2699 1765 corrupta
2727 1738 2742 1761 ,
2801 1700 3063 1772 correxit;
3128 1710 3405 1772 totumque

1833 1779 2230 1841 Testamentum
2255 1784 2307 1836 in
2330 1785 2520 1855 viginti
2552 1786 2685 1840 duos
2708 1787 2870 1842 libros
2906 1770 3202 1856 constituit,
3237 1801 3295 1845 ut
3318 1770 3405 1848 tot

164 1886 351 1924 amore
372 1872 625 1925 doctrina:
654 1880 708 1924 et
734 1870 947 1939 pietatis
972 1871 1224 1941 legendos
1272 1873 1729 1942 recipiendosque,
1760 1864 1807 1923 B
1834 1868 1955 1923 libri
1981 1880 2159 1925 essent
2185 1872 2236 1926 in
2260 1873 2375 1943 lege
2408 1884 2536 1944 quot
2564 1875 2829 1930 habentur
2849 1886 2903 1931 et
2930 1878 3139 1934 litteras.
3164 1882 3403 1937 Primum

164 1960 523 2015 Eeclesiarum
568 1960 837 2029 principes
890 1961 1240 2015 tradiderunt.
1283 1960 1447 2015 Primi
1502 1976 1734 2031 namque

164 2051 297 2120 legis
321 2091 337 2115 ,
380 2050 430 2104 id
462 2060 575 2115 est,
612 2050 777 2121 Moysi
828 2051 949 2105 lihri
1005 2052 1239 2120 quinque
1296 2061 1442 2116 sunt,
1474 2050 1729 2118 Genesis,

163 2142 354 2205 Exodi,
386 2141 627 2206 Levitici,
654 2141 893 2207 Numeri,
922 2142 1336 2198 Deuteronomii.
1368 2142 1475 2199 llos
1500 2160 1731 2214 sequun-

163 2240 250 2283 tur
280 2230 520 2285 historici
552 2231 672 2285 libri
703 2231 1040 2301 quindecim,
1081 2230 1205 2287 Jesu
1252 2231 1397 2287 Nave
1424 2234 1647 2299 scilicet,
1677 2242 1732 2289 et

158 2320 407 2375 Judicu'm
428 2322 548 2376 libri
579 2323 793 2394 singuli,
830 2324 943 2377 sive
972 2322 1134 2377 Ruth.
1168 2324 1372 2396 Regum
1411 2326 1571 2380 etiam
1606 2326 1731 2382 libri

158 2423 407 2483 quatuor.
426 2415 863 2483 Paralipomenon
879 2415 1001 2469 duo.
1020 2416 1199 2470 Tobiaa
1217 2429 1429 2485 quoque
1442 2424 1497 2471 et
1515 2417 1727 2483 Esther,

157 2511 211 2555 et
234 2499 418 2556 Iudith
448 2503 662 2573 singuli.
692 2503 875 2558 Esdrre
915 2503 1041 2569 duo,
1064 2514 1118 2557 et
1144 2505 1248 2559 duo
1280 2505 1726 2561 Maehabaeorum.

159 2592 334 2661 Super
361 2594 459 2649 hos
488 2594 786 2664 prophetici
818 2594 939 2648 libri
984 2595 1213 2650 sedecim
1234 2606 1396 2660 ‘sunt,
1423 2596 1607 2663 Isaias,
1638 2574 1761 2749 1:3

159 2683 377 2749 remias,
408 2686 656 2740 Ezechiel
678 2695 737 2740 et
758 2686 979 2749 Daniel,
1032 2688 1153 2743 libri
1188 2689 1399 2749 singuli.
1444 2690 1671 2745 Duodeci

157 2683 377 2750 remias,
408 2686 656 2740 Ezechiel
678 2695 737 2740 et
758 2686 979 2752 Daniel,
1032 2688 1153 2743 libri
1188 2689 1399 2759 singuli.
1444 2690 1671 2745 Duodeci

154 2791 371 2846 quoque
399 2778 777 2846 prophetarum
809 2777 930 2833 libri
982 2778 1207 2849 singuli,
1267 2789 1323 2833 et
1355 2780 1469 2835 hmc
1513 2781 1728 2849 quidem

152 2867 464 2935 prophetica
495 2876 637 2921 sunt.
670 2866 795 2922 Post
814 2871 929 2921 ιιωο
958 2873 1206 2923 versuum
1241 2880 1364 2924 octo
1386 2870 1504 2923 libri
1531 2870 1729 2925 haben-

155 2966 282 3021 tur,
325 2958 415 3027 qui
458 2959 670 3013 diverso
727 2960 863 3027 apud
894 2958 1145 3014 llebrteos
1181 2962 1351 3014 nietro
1378 2959 1723 3015 scribuntur:

152 3050 207 3105 id
233 3058 336 3116 est,
360 3050 463 3105 Job
489 3051 642 3115 liber,
667 3059 722 3105 et
758 3051 891 3105 liber
910 3049 1242 3105 Psalmorum
1267 3091 1281 3115 ,
1325 3060 1379 3105 et
1413 3050 1728 3106 Proverbio-

155 3159 295 3207 rum,
322 3153 378 3200 et
407 3144 781 3212 Ecclesiastes,
812 3154 865 3200 et
887 3144 1104 3201 Cantica
1137 3147 1488 3211 canticorum,
1507 3146 1728 3215 Sapien-

1833 1966 1953 2027 post
1981 1960 2207 2014 Esdram
2252 1962 2544 2019 editionem
2582 1966 2648 2019 de
2700 1966 2925 2023 Hebraeo
2953 1970 3007 2023 in
3033 1968 3275 2026 Grtecum
3305 1972 3403 2029 Se-

1831 2050 2105 2120 ptuaginta
2135 2052 2453 2123 interpretes
2474 2056 2775 2124 ediderunt,
2797 2060 2895 2115 sub
2921 2060 3210 2118 Ptolemaeo
3238 2064 3403 2137 Aigy-

1830 2138 2061 2207 ptiorum
2086 2156 2228 2211 rege,
2260 2158 2573 2199 successum
2601 2146 2920 2228 Alexandri,
2967 2152 3058 2220 qui
3086 2152 3139 2207 in
3182 2154 3404 2225 legendo

1830 2228 2102 2283 studiosus
2146 2230 2264 2296 fuit,
2291 2234 2638 2304 omniumque
2668 2235 2833 2292 libros
2854 2241 3087 2309 gentium
3109 2257 3405 2314 congrega-

1829 2319 1924 2373 vit.
1950 2319 2056 2374 Iste
2080 2322 2222 2377 enim
2258 2325 2325 2378 ab
2356 2324 2633 2393 Eleazaro,
2662 2330 2756 2399 qui
2790 2340 2909 2386 erat
2946 2334 3193 2405 princeps
3221 2352 3399 2392 sacer-

1831 2410 2032 2475 dotum,
2066 2412 2230 2465 multa
2256 2412 2394 2467 dona
2426 2416 2642 2472 mittens
2672 2420 2737 2473 ad
2777 2422 3053 2490 templum,
3077 2426 3208 2493 petit
3232 2436 3289 2481 ut
3312 2443 3401 2482 se-

1831 2514 1927 2555 nes
1952 2501 2018 2555 de
2068 2502 2349 2557 duodecim
2384 2506 2624 2563 tribubus
2676 2507 2839 2564 Israel
2872 2513 3398 2581 transmitterentur,

1830 2594 1919 2661 qui
1944 2594 2427 2663 interpretarentur
2451 2613 2638 2654 omnes
2668 2600 2835 2657 libros
2854 2618 3059 2670 eorum,
3085 2614 3137 2658 et
3159 2615 3217 2659 ut
3241 2606 3398 2661 ﬁdem

1832 2682 2287 2752 interpretationis
2315 2687 2637 2755 adverteret,
2676 2692 2900 2763 singulis
2927 2710 3113 2750 eorum
3162 2698 3251 2765 qui
3286 2698 3397 2753 fue-

1832 2780 1955 2826 runt
1980 2774 2232 2829 destinati
2285 2777 2522 2848 singulas
2558 2780 2775 2837 cellulas
2804 2784 2989 2849 dedit,
3033 2795 3088 2839 et
3118 2788 3399 2859 assignans

1830 2865 2076 2919 omnibus
2096 2906 2109 2929 ,
2154 2882 2343 2922 omnes
2371 2868 2675 2939 Scripturas
2710 2873 2873 2943 jussit
2904 2876 3266 2947 interpretari.
3299 2880 3401 2947 Qui

1828 2968 1950 3008 cum
1992 2970 2088 3025 per
2112 2960 2446 3028 septuaginta
2490 2962 2605 3017 dies
2636 2963 2789 3019 istius
2817 2966 2892 3019 rei
2928 2962 3198 3037 negotium
3227 2971 3399 3024 adim-

1828 3045 2081 3113 plessent,
2114 3051 2353 3105 omnium
2390 3053 2545 3107 simul
2594 3055 3090 3126 interpretationes:
3131 3076 3263 3130 quas
3305 3078 3401 3133 per

1830 3134 2071 3215 diversas
2106 3138 2271 3195 cellas
2312 3145 2576 3213 segregati
2620 3146 2765 3201 nullo
2809 3149 2875 3202 ad
2932 3150 3133 3204 nullum
3177 3154 3397 3223 propin-

153 3233 224 3285 tia
267 3243 320 3287 et
361 3233 805 3311 Ecclesiasticus,
862 3235 1403 3306 Lamentationesque
1456 3234 1720 3291 Jeremiaz.

1826 3235 2027 3292 quante
2052 3226 2315 3296 fecerunt,
2342 3236 2685 3305 congregavit
2714 3237 2767 3291 in
2792 3254 2975 3304 unum,
3007 3218 3401 3311 atque—ita-om-

149 3320 243 3376 Sic
289 3322 629 3393 complentur
678 3323 797 3378 libri
863 3324 1071 3389 Veteris
1122 3323 1448 3380 Te'stamenti
1490 3325 1722 3394 quadra-

150 3413 295 3480 ginta
327 3413 579 3481 quinque.
608 3413 737 3467 Novi
768 3423 944 3470 autem
974 3414 1302 3469 Testamenti
1328 3416 1724 3484 primum,qua-

150 3513 273 3558 tuor
304 3505 590 3572 Evangelia
619 3515 778 3567 sunt,
824 3502 1087 3570 Matthxi,
1138 3505 1323 3570 Marci,
1348 3506 1525 3571 Lucae,
1556 3504 1719 3560 Joan-

149 3595 251 3649 nis.
304 3594 414 3651 Hos
443 3597 848 3665 quatuordecim
890 3595 1041 3651 Pauli
1079 3596 1304 3666 apostoli
1340 3596 1588 3665 Epistolas
1632 3613 1720 3651 se-

148 3695 388 3753 quuntur
417 3704 429 3739 :
459 3687 651 3755 quibus
676 3688 839 3741 etiam
866 3686 1160 3755 subiuncta:
1183 3695 1315 3742 sunt
1330 3696 1531 3756 septem
1562 3703 1721 3743 cano—

148 3775 281 3828 nica:
313 3775 581 3845 Epistolae,
603 3776 811 3841 Jacobi,
842 3776 1006 3841 Petri,
1030 3776 1252 3832 Joannis
1280 3786 1336 3832 et
1358 3776 1526 3832 Judze.
1556 3777 1720 3832 Actus

146 3880 361 3933 quoque
420 3867 699 3923 duodecim
754 3867 1412 3936 apostolorumzquorum
1482 3867 1719 3921 omnium

146 3949 479 4023 signaculum
525 3964 605 4009 est
643 3956 990 4026 Apocalypsis
1017 3956 1263 4022 Joannis,
1284 3958 1430 4026 quod
1458 3967 1541 4012 est
1570 3973 1720 4012 reve-

146 4045 273 4099 latio
301 4043 428 4100 Jesu
450 4047 670 4110 Christi,
699 4049 787 4116 qui
817 4064 1004 4103 omnes
1030 4050 1195 4106 libros
1234 4061 1288 4105 et
1320 4061 1555 4121 tempore
1586 4068 1717 4107 con-

142 4136 309 4189 cludit
339 4146 393 4190 et
422 4138 629 4191 ordine.
665 4137 728 4190 lli
759 4124 879 4192 sunt
918 4138 1038 4193 libri
1093 4132 1336 4195 canonici
1380 4144 1714 4211 septuaginta

144 4225 267 4286 duo,
295 4234 351 4280 et
375 4228 444 4282 ob
472 4227 573 4281 hoc
604 4227 813 4298 Moyses
837 4231 1171 4300 septuaginta
1196 4232 1353 4301 elegit
1379 4234 1717 4303 presbyteros

143 4317 233 4384 qui
263 4318 725 4386 prophetizarent;
756 4320 825 4372 ob
858 4319 958 4373 hoc
979 4326 1033 4374 et
1059 4319 1216 4375 Jesus
1247 4323 1503 4377 Dominus
1536 4333 1716 4377 noster

142 4407 481 4476 septuaginta
511 4408 645 4462 duos
695 4404 978 4477 discipulos
1006 4412 1299 4479 prazdieare
1328 4413 1617 4467 mandavit.
1647 4414 1713 4467 Et

141 4496 412 4563 quomodo
460 4498 793 4567 septuaginta
841 4499 959 4553 duae
988 4510 991 4515 '
1019 4500 1213 4571 lingua:
1258 4503 1315 4556 in
1352 4504 1468 4560 'hoc
1514 4507 1711 4561 mundo

138 4594 297 4639 erant
324 4585 550 4650 diffusae,
578 4603 812 4658 congrue
854 4591 1085 4659 providit
1134 4591 1364 4661 Spiritus
1409 4605 1631 4651 sanctus
1656 4606 1713 4651 ut

140 4673 366 4728 totlibri
390 4684 572 4729 essent
603 4686 734 4745 quot
786 4664 1049 4745 nationes,
1077 4683 1269 4751 quibus
1297 4684 1473 4754 populi
1502 4694 1555 4740 et
1585 4701 1710 4756 gen-

136 4773 218 4819 tes
244 4766 317 4820 ad
340 4766 722 4837 perﬁciendam
756 4769 873 4825 ﬁdei
901 4772 1126 4841 gratiam
1156 4773 1567 4831 mdiﬁea’rentur:

728 4882 953 4938 CAPUT
977 4865 1105 4939 'Ltv.

408 4948 480 5003 De
508 4951 843 5021 scriptoribus
876 4971 1141 5008 sacrorum
1168 4957 1436 5015 librorum.

201 5038 415 5095 Veteris
451 5053 635 5097 autem
676 5042 1001 5099 Testame'ntl
1043 5050 1333 5104 secundum
1363 5052 1727 5111 Hebraeorum

132 5132 476 5186 traditionem
507 5134 559 5187 bi
591 5135 881 5203 scriptores
912 5136 1193 5192 habentur.
1223 5139 1459 5197 Primum
1498 5146 1705 5219 Moyses

129 5221 353 5289 scripsit
404 5220 846 5279 Pentateuehum.
914 5224 1039 5281 Jesu
1089 5228 1234 5283 Nave
1302 5231 1470 5288 edidit
1509 5236 1699 5291 librum

130 5324 304 5363 suum.
334 5311 581 5368 Judicum
616 5325 815 5381 autem,
840 5325 894 5371 et
920 5317 1084 5383 Ruth,
1112 5329 1167 5373 et
1190 5319 1449 5378 Samuelis
1473 5328 1699 5394 primam

128 5413 339 5470 partem
394 5405 607 5473 scripsit
634 5406 880 5473 Samuel;
926 5411 1202 5477 sequentia
1234 5412 1496 5471 Samuelis
1534 5435 1701 5489 usque

134 5490 198 5544 ad
224 5490 466 5555 calcem,
523 5494 739 5562 scripsit
766 5495 953 5551 David.
1009 5497 1285 5554 Malachim
1318 5509 1485 5558 totum
1536 5508 1701 5563 edidit

134 5578 397 5635 Jeremias
429 5600 441 5634 :
480 5596 601 5637 nam
656 5592 779 5639 ante
816 5601 1033 5655 sparsus
1079 5597 1194 5643 erat
1234 5604 1327 5660 per
1371 5592 1697 5663 singulorum

134 5685 319 5741 regum
364 5671 631 5726 historias.
683 5671 782 5727 Job
826 5675 1019 5730 librum
1051 5676 1255 5733 Hebraai
1304 5680 1515 5750 Moysen
1564 5686 1698 5739 scri-

130 5760 300 5828 psisse
333 5768 552 5831 putant,
586 5760 674 5815 alii
732 5778 893 5819 unum
933 5780 995 5819 ex
1039 5768 1329 5836 prophetis.
1376 5770 1691 5829 Psalterium

1828 3331 1925 3370 nes
1948 3316 2069 3372 libri
2098 3318 2431 3390 interpretati
2460 3340 2557 3393 per
2594 3324 2848 3395 Spiritum
2898 3340 3145 3385 sanctum
3196 3332 3398 3387 inventi

1825 3416 1965 3470 sunt,
1996 3418 2055 3463 ut
2095 3427 2201 3466 non
2240 3413 2410 3467 solum
2466 3416 2775 3482 intellectu,
2827 3435 3011 3475 verum
3051 3424 3209 3477 etiam
3247 3404 3299 3477 et
3340 3425 3396 3478 in

1823 3500 2161 3557 sermonibus
2229 3513 2584 3561 consonantes
2654 3508 3037 3565 invenirentur.
3107 3512 3233 3569 Ilaec
3293 3512 3396 3567 fuit

1820 3590 1991 3657 prima
2022 3590 2395 3661 interpretatio
2425 3611 2552 3650 vera
2582 3613 2645 3655 ac
2676 3600 2872 3655 divina.
2918 3600 3024 3656 Hos
3068 3602 3234 3658 libros
3281 3618 3397 3659 me-

1822 3676 1980 3732 ditari
2011 3681 2247 3734 omnium
2277 3685 2512 3753 gentium
2546 3685 2799 3742 Ecclesia:
2828 3691 3058 3758 primum
3091 3703 3390 3762 creperum,

1821 3769 2144 3845 eosdemque
2199 3772 2264 3825 de
2306 3773 2492 3829 (ἕνα)εο
2545 3776 2595 3829 in
2650 3776 2899 3833 Latinum
2941 3781 3385 3852 interpretantes,

1822 3858 1977 3926 primi
2004 3858 2365 3917 Eeclesiarum
2410 3864 2717 3934 provisores
2745 3868 3095 3924 tradiderunt.
3129 3872 3255 3927 Post
3275 3875 3392 3931 haze

1820 3951 2109 4005 secundam
2149 3953 2440 4009 editionem
2489 3956 2718 4025 Aquila,
2771 3960 2983 4014 tertiam
3039 3971 3092 4016 et
3141 3973 3387 4033 quartam

1819 4041 2149 4097 Theodotion
2174 4051 2228 4097 et
2268 4043 2623 4114 Symmachus
2666 4047 2980 4114 ediderunt,
3014 4053 3170 4108 ambo
3221 4052 3387 4110 Judaai

1811 4131 2099 4200 proselyti;
2141 4134 2543 4201 quintam‘vero‘
2564 4144 2620 4191 et
2654 4146 2860 4192 sextam
2888 4138 3175 4196 editionem
3204 4142 3390 4215 Orige-

1815 4237 1910 4275 nes
1934 4224 2236 4292 reperit,-et
2278 4239 2400 4278 cum
2446 4228 2657 4281 caeteris
2703 4230 3024 4299 supradictis
3064 4231 3389 4290 editionibus

1810 4314 2161 4379 comparavit.
2214 4312 2277 4367 Hi
2324 4324 2449 4367 sunt
2493 4316 2673 4385 itaque
2702 4328 2929 4385 tantum,
2961 4324 3050 4389 qui
3082 4322 3388 4392 Scripturas

1814 4406 1997 4457 sacras
2020 4404 2091 4457 de
2122 4403 2344 4459 Hebraeo
2380 4404 2433 4458 in
2460 4404 2706 4461 Graecum
2743 4423 3043 4464 sermonem
3073 4420 3383 4477 verterunt,

1814 4494 2048 4561 quinque
2067 4494 2228 4546 etiam
2246 4501 2301 4547 et
2324 4503 2693 4549 numerantur.
2724 4496 2853 4550 Nam
2880 4499 3191 4553 Latinorum
3216 4502 3384 4555 inter-

1814 4591 2020 4650 pretum
2049 4583 2139 4649 qui
2170 4581 2237 4635 de
2257 4579 2445 4637 Graeco
2485 4583 2537 4636 in
2564 4593 2805 4639 nostrum
2834 4586 3100 4655 eloquium
3140 4596 3381 4643 transtu-

1812 4672 2026 4735 lerunt,
2075 4682 2135 4725 ut
2173 4672 2417 4749 meminit
2460 4681 2675 4730 sanctus
2712 4676 3039 4745 Augustinus
3066 4718 3080 4742 ,
3140 4678 3379 4737 inﬁnitus

1810 4781 2063 4821 numerus
2092 4776 2191 4827 est.
2223 4766 2281 4821 Si
2323 4769 2408 4823 cui
2451 4770 2616 4835 enim,
2647 4770 2835 4840 inquit,
2864 4770 3053 4841 primis
3090 4773 3211 4827 ﬁdei
3245 4784 3377 4829 tem—

1807 4856 2024 4925 poribus
2060 4844 2127 4911 ad
2160 4873 2355 4914 manus
2391 4861 2537 4914 venit
2564 4862 2731 4915 codex
2774 4859 2992 4917 Graecus
3019 4902 3033 4927 ,
3086 4872 3247 4932 atque
3278 4864 3377 4918 ali-

1807 4951 2120 5019 quantulum
2155 4967 2274 5006 esse
2302 4954 2403 5007 sibi
2432 4954 2707 5023 utriusque
2735 4953 2926 5024 lingua:
2968 4955 3214 5023 peritiam
3256 4972 3377 5010 sen-

1809 5042 1902 5108 sit,
1925 5058 2085 5097 ausus
2115 5052 2197 5097 est
2227 5044 2404 5098 statim
2436 5044 2796 5113 interpretari,
2826 5053 2987 5114 atque
3029 5046 3150 5100 inde
3178 5049 3374 5102 accidit

1809 5146 1919 5191 tam
1948 5136 2361 5191 innumerabiles
2390 5136 2527 5204 apud
2549 5133 2765 5191 Latinos
2795 5135 3066 5205 exstitisse
3105 5138 3371 5208 interpre-

1807 5233 1905 5279 tes.
1930 5224 2006 5278 De
2030 5222 2250 5278 Hebraao
2271 5233 2447 5277 autem
2476 5225 2528 5277 in
2560 5224 2807 5279 Latinum
2829 5226 3113 5294 eloquium,
3148 5234 3369 5280 tantum-

1805 5313 1962 5367 modo
1990 5312 2342 5381 Hieronymus
2370 5313 2651 5383 presbyter
2678 5327 2859 5367 sacras
2910 5312 3215 5383 Scripturas
3240 5329 3367 5366 con-

1806 5400 2002 5454 vertit:
2044 5398 2195 5467 cujus
2233 5400 2465 5454 editione
2509 5401 2829 5471 generaliter
2877 5416 3064 5456 omnes
3112 5400 3367 5454 Ecclesia!

1804 5504 2183 5560 usquequaque
2209 5496 2450 5554 utuntur,
2483 5504 2581 5558 pro
2606 5506 2669 5545 eo
2717 5489 2854 5559 quod
2883 5489 3186 5543 veneratior
3210 5489 3277 5543 sit
3310 5490 3361 5542 in

1802 5580 2101 5643 sententiis,
2141 5588 2195 5632 et
2227 5578 2423 5636 clarior
2472 5580 2524 5632 in
2558 5580 2750 5633 verbis.
2801 5578 3016 5631 Librum
3071 5575 3360 5645 Sapientia:

1802 5668 2049 5723 Salomon
2077 5668 2355 5737 scripsisse
2380 5670 2651 5736 probatur,
2684 5666 3002 5721 testimoniis
3035 5666 3138 5722 illis
3163 5667 3357 5737 quibus

1798 5757 1990 5825 legitur
2015 5775 2025 5810 :
2062 5756 2135 5809 Tu
2162 5773 2259 5821 me,
2293 5757 2485 5825 inquit,
2515 5757 2708 5825 elegiin
2734 5771 2897 5826 regem
2924 5754 3117 5827 populo,
3136 5767 3258 5825 tuo,
3304 5762 3357 5814 st
