  <div class='ocr_page' id='page_1' title='image "/cluster/home/n/w/nwhite01/storage/ocr_20150623/107/uva.x000827064/190.png"; bbox 0 0 3958 6330; ppageno 0'>
   <div class='ocr_carea' id='block_1_1' title="bbox 164 305 269 361">
    <p class='ocr_par' dir='ltr' id='par_1_1' title="bbox 164 305 269 361">
     <span class='ocr_line' id='line_1_1' title="bbox 164 305 269 361; baseline 0 0"><span class='ocrx_word' id='word_1_1' title='bbox 164 305 269 361; x_wconf 80' lang='lat'><strong>569</strong></span> 
     </span>
    </p>
   </div>
   <div class='ocr_carea' id='block_1_2' title="bbox 854 305 2616 399">
    <p class='ocr_par' dir='ltr' id='par_1_2' title="bbox 854 305 2616 399">
     <span class='ocr_line' id='line_1_2' title="bbox 854 305 2616 399; baseline 0.006 -35"><span class='ocrx_word' id='word_1_2' title='bbox 854 325 865 334; x_wconf 83' lang='lat'>&#39;</span> <span class='ocrx_word' id='word_1_3' title='bbox 934 307 1023 365; x_wconf 86' lang='lat' dir='ltr'><strong>DE</strong></span> <span class='ocrx_word' id='word_1_4' title='bbox 1060 305 1502 365; x_wconf 71' lang='lat' dir='ltr'><strong>CLERICOBUM</strong></span> <span class='ocrx_word' id='word_1_5' title='bbox 1539 305 2044 377; x_wconf 71' lang='lat' dir='ltr'><strong>INSTITUTIONE,</strong></span> <span class='ocrx_word' id='word_1_6' title='bbox 2084 311 2237 373; x_wconf 81' lang='lat' dir='ltr'><strong>ETC.</strong></span> <span class='ocrx_word' id='word_1_7' title='bbox 2273 343 2347 399; x_wconf 60' lang='grc' dir='ltr'><strong>-τ-</strong></span> <span class='ocrx_word' id='word_1_8' title='bbox 2384 308 2512 374; x_wconf 79' lang='lat' dir='ltr'><strong>LIB.</strong></span> <span class='ocrx_word' id='word_1_9' title='bbox 2551 315 2616 385; x_wconf 72' lang='lat' dir='ltr'><strong>II;</strong></span> 
     </span>
    </p>
   </div>
   <div class='ocr_carea' id='block_1_3' title="bbox 3295 328 3404 391">
    <p class='ocr_par' dir='ltr' id='par_1_3' title="bbox 3295 328 3404 391">
     <span class='ocr_line' id='line_1_3' title="bbox 3295 328 3404 391; baseline -0.092 0"><span class='ocrx_word' id='word_1_10' title='bbox 3295 328 3404 391; x_wconf 71' lang='lat'><strong>3.70</strong></span> 
     </span>
    </p>
   </div>
   <div class='ocr_carea' id='block_1_4' title="bbox 164 392 3401 515">
    <p class='ocr_par' dir='ltr' id='par_1_4' title="bbox 164 392 3401 515">
     <span class='ocr_line' id='line_1_4' title="bbox 164 392 3401 515; baseline 0.006 -43"><span class='ocrx_word' id='word_1_11' title='bbox 164 431 253 477; x_wconf 83' lang='lat' dir='ltr'><strong>cto</strong></span> <span class='ocrx_word' id='word_1_12' title='bbox 284 416 495 499; x_wconf 70' lang='lat' dir='ltr'><strong>repleti,</strong></span> <span class='ocrx_word' id='word_1_13' title='bbox 515 419 1230 505; x_wconf 67' lang='lat' dir='ltr'><strong>breve-sibiprredicationis</strong></span> <span class='ocrx_word' id='word_1_14' title='bbox 1261 420 1517 476; x_wconf 87' lang='lat' dir='ltr'><strong>indicium</strong></span> <span class='ocrx_word' id='word_1_15' title='bbox 1546 419 1726 475; x_wconf 87' lang='lat' dir='ltr'><strong>confe-</strong></span> <span class='ocrx_word' id='word_1_16' title='bbox 1753 422 1802 483; x_wconf 77' lang='grc' dir='ltr'><strong>Α</strong></span> <span class='ocrx_word' id='word_1_17' title='bbox 1830 430 1945 480; x_wconf 87' lang='lat' dir='ltr'><strong>tate</strong></span> <span class='ocrx_word' id='word_1_18' title='bbox 1976 393 2321 515; x_wconf 49' lang='lat' dir='ltr'><strong>dissentiam:</strong></span> <span class='ocrx_word' id='word_1_19' title='bbox 2368 428 2475 487; x_wconf 85' lang='lat' dir='ltr'><strong>Sed</strong></span> <span class='ocrx_word' id='word_1_20' title='bbox 2502 431 2562 486; x_wconf 88' lang='lat' dir='ltr'><strong>in</strong></span> <span class='ocrx_word' id='word_1_21' title='bbox 2580 439 2809 504; x_wconf 86' lang='lat' dir='ltr'><strong>utroque</strong></span> <span class='ocrx_word' id='word_1_22' title='bbox 2844 408 3401 507; x_wconf 58' lang='lat' dir='ltr'><strong>Icstamenudiiina</strong></span> 
     </span>
    </p>
   </div>
   <div class='ocr_carea' id='block_1_5' title="bbox 161 509 1737 585">
    <p class='ocr_par' dir='ltr' id='par_1_5' title="bbox 161 509 1737 585">
     <span class='ocr_line' id='line_1_5' title="bbox 161 509 1737 585; baseline 0.003 -22"><span class='ocrx_word' id='word_1_23' title='bbox 161 509 327 564; x_wconf 89' lang='lat' dir='ltr'><strong>rendo</strong></span> <span class='ocrx_word' id='word_1_24' title='bbox 352 548 368 575; x_wconf 95' lang='lat'><strong>,</strong></span> <span class='ocrx_word' id='word_1_25' title='bbox 400 509 453 563; x_wconf 89' lang='lat' dir='ltr'><strong>in</strong></span> <span class='ocrx_word' id='word_1_26' title='bbox 488 524 649 583; x_wconf 77' lang='lat' dir='ltr'><strong>unum</strong></span> <span class='ocrx_word' id='word_1_27' title='bbox 681 510 820 581; x_wconf 92' lang='lat' dir='ltr'><strong>quod</strong></span> <span class='ocrx_word' id='word_1_28' title='bbox 852 512 1151 567; x_wconf 92' lang='lat' dir='ltr'><strong>sentiebant</strong></span> <span class='ocrx_word' id='word_1_29' title='bbox 1180 517 1506 581; x_wconf 90' lang='lat' dir='ltr'><strong>componunt</strong></span> <span class='ocrx_word' id='word_1_30' title='bbox 1529 520 1737 585; x_wconf 32' lang='lat' dir='ltr'><strong>,Iatque</strong></span> 
     </span>
    </p>
   </div>
   <div class='ocr_carea' id='block_1_6' title="bbox 160 597 1736 675">
    <p class='ocr_par' dir='ltr' id='par_1_6' title="bbox 160 597 1736 675">
     <span class='ocr_line' id='line_1_6' title="bbox 160 597 1736 675; baseline 0.003 -22"><span class='ocrx_word' id='word_1_31' title='bbox 160 599 307 655; x_wconf 22' lang='lat' dir='ltr'><strong>hanc.</strong></span> <span class='ocrx_word' id='word_1_32' title='bbox 320 597 904 657; x_wconf 79' lang='lat' dir='ltr'><strong>eredentihusdandam</strong></span> <span class='ocrx_word' id='word_1_33' title='bbox 920 617 1038 658; x_wconf 91' lang='lat' dir='ltr'><strong>esse</strong></span> <span class='ocrx_word' id='word_1_34' title='bbox 1050 602 1287 673; x_wconf 88' lang='lat' dir='ltr'><strong>regulam</strong></span> <span class='ocrx_word' id='word_1_35' title='bbox 1305 610 1563 658; x_wconf 85' lang='lat' dir='ltr'><strong>statuunt.</strong></span> <span class='ocrx_word' id='word_1_36' title='bbox 1578 600 1736 675; x_wconf 82' lang='lat' dir='ltr'><strong>Sym-</strong></span> 
     </span>
    </p>
   </div>
   <div class='ocr_carea' id='block_1_7' title="bbox 161 686 1737 763">
    <p class='ocr_par' dir='ltr' id='par_1_7' title="bbox 161 686 1737 763">
     <span class='ocr_line' id='line_1_7' title="bbox 161 686 1737 763; baseline 0.004 -20"><span class='ocrx_word' id='word_1_37' title='bbox 161 686 344 743; x_wconf 83' lang='lat' dir='ltr'><strong>bolum</strong></span> <span class='ocrx_word' id='word_1_38' title='bbox 366 696 546 743; x_wconf 83' lang='lat' dir='ltr'><strong>autem</strong></span> <span class='ocrx_word' id='word_1_39' title='bbox 573 690 675 745; x_wconf 86' lang='lat' dir='ltr'><strong>hoc</strong></span> <span class='ocrx_word' id='word_1_40' title='bbox 694 691 877 747; x_wconf 87' lang='lat' dir='ltr'><strong>multis</strong></span> <span class='ocrx_word' id='word_1_41' title='bbox 890 700 943 746; x_wconf 92' lang='lat' dir='ltr'><strong>et</strong></span> <span class='ocrx_word' id='word_1_42' title='bbox 950 691 1263 759; x_wconf 72' lang='lat' dir='ltr'><strong>iustissimis</strong></span> <span class='ocrx_word' id='word_1_43' title='bbox 1276 692 1455 748; x_wconf 81' lang='lat' dir='ltr'><strong>causis</strong></span> <span class='ocrx_word' id='word_1_44' title='bbox 1466 692 1737 763; x_wconf 90' lang='lat' dir='ltr'><strong>appellare</strong></span> 
     </span>
    </p>
   </div>
   <div class='ocr_carea' id='block_1_8' title="bbox 157 776 1735 854">
    <p class='ocr_par' dir='ltr' id='par_1_8' title="bbox 157 776 1735 854">
     <span class='ocr_line' id='line_1_8' title="bbox 157 776 1735 854; baseline 0.003 -19"><span class='ocrx_word' id='word_1_45' title='bbox 157 776 463 835; x_wconf 65' lang='lat' dir='ltr'><strong>voluerunt.</strong></span> <span class='ocrx_word' id='word_1_46' title='bbox 504 777 811 851; x_wconf 83' lang='lat' dir='ltr'><strong>Symbolum</strong></span> <span class='ocrx_word' id='word_1_47' title='bbox 831 782 999 848; x_wconf 85' lang='lat' dir='ltr'><strong>enim,</strong></span> <span class='ocrx_word' id='word_1_48' title='bbox 1017 780 1202 837; x_wconf 60' lang='lat' dir='ltr'><strong>Graece</strong></span> <span class='ocrx_word' id='word_1_49' title='bbox 1226 781 1503 854; x_wconf 56' lang='lat' dir='ltr'><strong>tropea)”;</strong></span> <span class='ocrx_word' id='word_1_50' title='bbox 1524 792 1579 839; x_wconf 89' lang='lat' dir='ltr'><strong>et</strong></span> <span class='ocrx_word' id='word_1_51' title='bbox 1596 782 1735 839; x_wconf 86' lang='lat' dir='ltr'><strong>indi—</strong></span> 
     </span>
    </p>
   </div>
   <div class='ocr_carea' id='block_1_9' title="bbox 158 868 1730 951">
    <p class='ocr_par' dir='ltr' id='par_1_9' title="bbox 158 868 1730 951">
     <span class='ocr_line' id='line_1_9' title="bbox 158 868 1730 951; baseline 0.003 -27"><span class='ocrx_word' id='word_1_52' title='bbox 158 868 302 951; x_wconf 83' lang='lat' dir='ltr'><strong>cium</strong></span> <span class='ocrx_word' id='word_1_53' title='bbox 332 870 436 925; x_wconf 83' lang='lat' dir='ltr'><strong>dici</strong></span> <span class='ocrx_word' id='word_1_54' title='bbox 458 879 633 941; x_wconf 85' lang='lat' dir='ltr'><strong>potest</strong></span> <span class='ocrx_word' id='word_1_55' title='bbox 657 880 713 928; x_wconf 89' lang='lat' dir='ltr'><strong>et</strong></span> <span class='ocrx_word' id='word_1_56' title='bbox 738 872 979 939; x_wconf 76' lang='lat' dir='ltr'><strong>collatio,</strong></span> <span class='ocrx_word' id='word_1_57' title='bbox 1016 872 1118 927; x_wconf 91' lang='lat' dir='ltr'><strong>hoc</strong></span> <span class='ocrx_word' id='word_1_58' title='bbox 1156 880 1256 938; x_wconf 87' lang='lat' dir='ltr'><strong>est,</strong></span> <span class='ocrx_word' id='word_1_59' title='bbox 1293 874 1437 943; x_wconf 86' lang='lat' dir='ltr'><strong>quod</strong></span> <span class='ocrx_word' id='word_1_60' title='bbox 1462 872 1643 944; x_wconf 81' lang='lat' dir='ltr'><strong>plures</strong></span> <span class='ocrx_word' id='word_1_61' title='bbox 1676 874 1730 929; x_wconf 92' lang='lat' dir='ltr'><strong>in</strong></span> 
     </span>
    </p>
   </div>
   <div class='ocr_carea' id='block_1_10' title="bbox 124 962 1731 1042">
    <p class='ocr_par' dir='ltr' id='par_1_10' title="bbox 124 962 1731 1042">
     <span class='ocr_line' id='line_1_10' title="bbox 124 962 1731 1042; baseline 0.004 -28"><span class='ocrx_word' id='word_1_62' title='bbox 124 1038 127 1041; x_wconf 84' lang='lat'><em>_</em></span> <span class='ocrx_word' id='word_1_63' title='bbox 158 963 323 1015; x_wconf 81' lang='lat' dir='ltr'><strong>unum</strong></span> <span class='ocrx_word' id='word_1_64' title='bbox 349 962 653 1019; x_wconf 77' lang='lat' dir='ltr'><strong>conferunt.</strong></span> <span class='ocrx_word' id='word_1_65' title='bbox 694 963 750 1018; x_wconf 94' lang='lat' dir='ltr'><strong>Id</strong></span> <span class='ocrx_word' id='word_1_66' title='bbox 788 964 932 1020; x_wconf 90' lang='lat' dir='ltr'><strong>enim</strong></span> <span class='ocrx_word' id='word_1_67' title='bbox 970 964 1216 1042; x_wconf 70' lang='lat' dir='ltr'><strong>fecerunt</strong></span> <span class='ocrx_word' id='word_1_68' title='bbox 1262 964 1521 1034; x_wconf 48' lang='lat' dir='ltr'><strong>apostoli,»</strong></span> <span class='ocrx_word' id='word_1_69' title='bbox 1551 966 1604 1042; x_wconf 82' lang='lat' dir='ltr'><strong>iu</strong></span> <span class='ocrx_word' id='word_1_70' title='bbox 1645 965 1731 1021; x_wconf 90' lang='lat' dir='ltr'><strong>his</strong></span> 
     </span>
    </p>
   </div>
   <div class='ocr_carea' id='block_1_11' title="bbox 156 1053 1739 1131">
    <p class='ocr_par' dir='ltr' id='par_1_11' title="bbox 156 1053 1739 1131">
     <span class='ocr_line' id='line_1_11' title="bbox 156 1053 1739 1131; baseline 0.003 -23"><span class='ocrx_word' id='word_1_71' title='bbox 156 1053 494 1110; x_wconf 74' lang='lat' dir='ltr'><strong>sermonibus</strong></span> <span class='ocrx_word' id='word_1_72' title='bbox 539 1055 594 1110; x_wconf 91' lang='lat' dir='ltr'><strong>in</strong></span> <span class='ocrx_word' id='word_1_73' title='bbox 637 1070 803 1112; x_wconf 91' lang='lat' dir='ltr'><strong>unum</strong></span> <span class='ocrx_word' id='word_1_74' title='bbox 842 1055 1169 1112; x_wconf 89' lang='lat' dir='ltr'><strong>conferendo</strong></span> <span class='ocrx_word' id='word_1_75' title='bbox 1197 1055 1561 1127; x_wconf 85' lang='lat' dir='ltr'><strong>unusquisque</strong></span> <span class='ocrx_word' id='word_1_76' title='bbox 1587 1058 1739 1131; x_wconf 12' lang='lat' dir='ltr'><strong>quod.</strong></span> 
     </span>
    </p>
   </div>
   <div class='ocr_carea' id='block_1_12' title="bbox 1836 510 3403 603">
    <p class='ocr_par' dir='ltr' id='par_1_12' title="bbox 1836 510 3403 603">
     <span class='ocr_line' id='line_1_12' title="bbox 1836 510 3403 603; baseline 0.006 -29"><span class='ocrx_word' id='word_1_77' title='bbox 1836 510 2199 597; x_wconf 81' lang='lat' dir='ltr'><strong>protestantur</strong></span> <span class='ocrx_word' id='word_1_78' title='bbox 2237 510 2483 603; x_wconf 64' lang='lat' dir='ltr'><strong>eloquia,</strong></span> <span class='ocrx_word' id='word_1_79' title='bbox 2510 524 2613 580; x_wconf 91' lang='lat' dir='ltr'><strong>hoc</strong></span> <span class='ocrx_word' id='word_1_80' title='bbox 2646 527 3022 582; x_wconf 81' lang='lat' dir='ltr'><strong>tantummodo</strong></span> <span class='ocrx_word' id='word_1_81' title='bbox 3047 528 3403 603; x_wconf 63' lang='lat' dir='ltr'><strong>sentiendum,</strong></span> 
     </span>
    </p>
   </div>
   <div class='ocr_carea' id='block_1_13' title="bbox 1834 600 3401 687">
    <p class='ocr_par' dir='ltr' id='par_1_13' title="bbox 1834 600 3401 687">
     <span class='ocr_line' id='line_1_13' title="bbox 1834 600 3401 687; baseline 0.008 -24"><span class='ocrx_word' id='word_1_82' title='bbox 1834 611 1975 679; x_wconf 92' lang='lat' dir='ltr'><strong>quod</strong></span> <span class='ocrx_word' id='word_1_83' title='bbox 2002 611 2113 668; x_wconf 83' lang='lat' dir='ltr'><strong>sive</strong></span> <span class='ocrx_word' id='word_1_84' title='bbox 2135 613 2426 681; x_wconf 87' lang='lat' dir='ltr'><strong>hominem,</strong></span> <span class='ocrx_word' id='word_1_85' title='bbox 2449 600 2563 670; x_wconf 84' lang='lat' dir='ltr'><strong>sive</strong></span> <span class='ocrx_word' id='word_1_86' title='bbox 2583 616 2854 683; x_wconf 87' lang='lat' dir='ltr'><strong>universa,</strong></span> <span class='ocrx_word' id='word_1_87' title='bbox 2881 617 3029 687; x_wconf 73' lang='lat' dir='ltr'><strong>nulla</strong></span> <span class='ocrx_word' id='word_1_88' title='bbox 3047 615 3190 675; x_wconf 85' lang='lat' dir='ltr'><strong>Deus</strong></span> <span class='ocrx_word' id='word_1_89' title='bbox 3209 600 3401 675; x_wconf 77' lang='lat' dir='ltr'><strong>neces-</strong></span> 
     </span>
    </p>
   </div>
   <div class='ocr_carea' id='block_1_14' title="bbox 1835 699 3400 781">
    <p class='ocr_par' dir='ltr' id='par_1_14' title="bbox 1835 699 3400 781">
     <span class='ocr_line' id='line_1_14' title="bbox 1835 699 3400 781; baseline 0.009 -28"><span class='ocrx_word' id='word_1_90' title='bbox 1835 699 1992 756; x_wconf 85' lang='lat' dir='ltr'><strong>sitate</strong></span> <span class='ocrx_word' id='word_1_91' title='bbox 2041 706 2323 767; x_wconf 88' lang='lat' dir='ltr'><strong>creaverit,</strong></span> <span class='ocrx_word' id='word_1_92' title='bbox 2372 722 2472 781; x_wconf 87' lang='lat' dir='ltr'><strong>nec</strong></span> <span class='ocrx_word' id='word_1_93' title='bbox 2512 707 2674 767; x_wconf 83' lang='lat' dir='ltr'><strong>ullam</strong></span> <span class='ocrx_word' id='word_1_94' title='bbox 2704 722 2837 764; x_wconf 76' lang='lat' dir='ltr'><strong>esse</strong></span> <span class='ocrx_word' id='word_1_95' title='bbox 2878 709 3400 771; x_wconf 9' lang='lat' dir='ltr'><strong>omuiuonvisibilem</strong></span> 
     </span>
    </p>
   </div>
   <div class='ocr_carea' id='block_1_15' title="bbox 1834 788 3400 868">
    <p class='ocr_par' dir='ltr' id='par_1_15' title="bbox 1834 788 3400 868">
     <span class='ocr_line' id='line_1_15' title="bbox 1834 788 3400 868; baseline 0.007 -27"><span class='ocrx_word' id='word_1_96' title='bbox 1834 788 2261 863; x_wconf 78' lang='lat' dir='ltr'><strong>invisibilemque</strong></span> <span class='ocrx_word' id='word_1_97' title='bbox 2297 790 2821 864; x_wconf 37' lang='lat' dir='ltr'><strong>subatantiamknisi</strong></span> <span class='ocrx_word' id='word_1_98' title='bbox 2860 807 2951 852; x_wconf 90' lang='lat' dir='ltr'><strong>aut</strong></span> <span class='ocrx_word' id='word_1_99' title='bbox 2986 814 3104 868; x_wconf 67' lang='lat' dir='ltr'><strong>qua:</strong></span> <span class='ocrx_word' id='word_1_100' title='bbox 3142 799 3285 855; x_wconf 87' lang='lat' dir='ltr'><strong>Deus</strong></span> <span class='ocrx_word' id='word_1_101' title='bbox 3308 800 3400 864; x_wconf 87' lang='lat' dir='ltr'><strong>sit,</strong></span> 
     </span>
    </p>
   </div>
   <div class='ocr_carea' id='block_1_16' title="bbox 1834 878 3407 961">
    <p class='ocr_par' dir='ltr' id='par_1_16' title="bbox 1834 878 3407 961">
     <span class='ocr_line' id='line_1_16' title="bbox 1834 878 3407 961; baseline 0.008 -29"><span class='ocrx_word' id='word_1_102' title='bbox 1834 888 1926 933; x_wconf 90' lang='lat' dir='ltr'><strong>aut</strong></span> <span class='ocrx_word' id='word_1_103' title='bbox 1954 894 1986 933; x_wconf 91' lang='lat' dir='ltr'><strong>a</strong></span> <span class='ocrx_word' id='word_1_104' title='bbox 2008 881 2147 936; x_wconf 91' lang='lat' dir='ltr'><strong>bono</strong></span> <span class='ocrx_word' id='word_1_105' title='bbox 2183 878 2289 939; x_wconf 89' lang='lat' dir='ltr'><strong>Deo</strong></span> <span class='ocrx_word' id='word_1_106' title='bbox 2311 884 2452 939; x_wconf 89' lang='lat' dir='ltr'><strong>bona</strong></span> <span class='ocrx_word' id='word_1_107' title='bbox 2485 895 2665 941; x_wconf 88' lang='lat' dir='ltr'><strong>creata</strong></span> <span class='ocrx_word' id='word_1_108' title='bbox 2699 888 2802 955; x_wconf 90' lang='lat' dir='ltr'><strong>sit;</strong></span> <span class='ocrx_word' id='word_1_109' title='bbox 2830 889 2922 947; x_wconf 88' lang='lat' dir='ltr'><strong>sed</strong></span> <span class='ocrx_word' id='word_1_110' title='bbox 2954 888 3094 955; x_wconf 83' lang='lat' dir='ltr'><strong>Deus</strong></span> <span class='ocrx_word' id='word_1_111' title='bbox 3112 904 3321 945; x_wconf 69' lang='lat' dir='ltr'><strong>summe</strong></span> <span class='ocrx_word' id='word_1_112' title='bbox 3348 897 3407 961; x_wconf 74' lang='lat' dir='ltr'><strong>et</strong></span> 
     </span>
    </p>
   </div>
   <div class='ocr_carea' id='block_1_17' title="bbox 1833 970 3403 1045">
    <p class='ocr_par' dir='ltr' id='par_1_17' title="bbox 1833 970 3403 1045">
     <span class='ocr_line' id='line_1_17' title="bbox 1833 970 3403 1045; baseline 0.008 -20"><span class='ocrx_word' id='word_1_113' title='bbox 1833 970 2336 1029; x_wconf 82' lang='lat' dir='ltr'><strong>incommutabiliter</strong></span> <span class='ocrx_word' id='word_1_114' title='bbox 2380 978 2571 1041; x_wconf 88' lang='lat' dir='ltr'><strong>bonus,</strong></span> <span class='ocrx_word' id='word_1_115' title='bbox 2616 990 2861 1045; x_wconf 78' lang='lat' dir='ltr'><strong>creatura</strong></span> <span class='ocrx_word' id='word_1_116' title='bbox 2907 980 3403 1041; x_wconf 23' lang='lat' dir='ltr'><strong>vero’inferiuset</strong></span> 
     </span>
    </p>
   </div>
   <div class='ocr_carea' id='block_1_18' title="bbox 1778 1064 3397 1142">
    <p class='ocr_par' dir='ltr' id='par_1_18' title="bbox 1778 1064 3397 1142">
     <span class='ocr_line' id='line_1_18' title="bbox 1778 1064 3397 1142; baseline 0.009 -26"><span class='ocrx_word' id='word_1_117' title='bbox 1778 1070 1805 1142; x_wconf 58' lang='grc' dir='ltr'><strong>ί</strong></span> <span class='ocrx_word' id='word_1_118' title='bbox 1830 1064 2156 1120; x_wconf 86' lang='lat' dir='ltr'><strong>mutabiliter</strong></span> <span class='ocrx_word' id='word_1_119' title='bbox 2184 1066 2357 1131; x_wconf 75' lang='lat' dir='ltr'><strong>bona;</strong></span> <span class='ocrx_word' id='word_1_120' title='bbox 2394 1075 2447 1122; x_wconf 89' lang='lat' dir='ltr'><strong>et</strong></span> <span class='ocrx_word' id='word_1_121' title='bbox 2488 1069 2631 1138; x_wconf 91' lang='lat' dir='ltr'><strong>quod</strong></span> <span class='ocrx_word' id='word_1_122' title='bbox 2661 1070 2851 1130; x_wconf 70' lang='lat' dir='ltr'><strong>anima:</strong></span> <span class='ocrx_word' id='word_1_123' title='bbox 2882 1071 3037 1142; x_wconf 83' lang='lat' dir='ltr'><strong>origo.</strong></span> <span class='ocrx_word' id='word_1_124' title='bbox 3056 1071 3266 1138; x_wconf 73' lang='lat' dir='ltr'><strong>incerta</strong></span> <span class='ocrx_word' id='word_1_125' title='bbox 3292 1071 3397 1135; x_wconf 66' lang='lat' dir='ltr'><strong>sit;</strong></span> 
     </span>
    </p>
   </div>
   <div class='ocr_carea' id='block_1_19' title="bbox 154 1141 3401 1232">
    <p class='ocr_par' dir='ltr' id='par_1_19' title="bbox 154 1141 3401 1232">
     <span class='ocr_line' id='line_1_19' title="bbox 154 1141 3401 1232; baseline 0.005 -32"><span class='ocrx_word' id='word_1_126' title='bbox 154 1146 348 1201; x_wconf 85' lang='lat' dir='ltr'><strong>sensit.</strong></span> <span class='ocrx_word' id='word_1_127' title='bbox 398 1146 657 1204; x_wconf 88' lang='lat' dir='ltr'><strong>Indicium</strong></span> <span class='ocrx_word' id='word_1_128' title='bbox 694 1155 872 1203; x_wconf 88' lang='lat' dir='ltr'><strong>autem</strong></span> <span class='ocrx_word' id='word_1_129' title='bbox 906 1146 988 1200; x_wconf 86' lang='lat' dir='ltr'><strong>vel</strong></span> <span class='ocrx_word' id='word_1_130' title='bbox 1034 1148 1246 1217; x_wconf 82' lang='lat' dir='ltr'><strong>signum</strong></span> <span class='ocrx_word' id='word_1_131' title='bbox 1275 1147 1475 1225; x_wconf 84' lang='lat' dir='ltr'><strong>idcirco</strong></span> <span class='ocrx_word' id='word_1_132' title='bbox 1503 1146 1723 1214; x_wconf 87' lang='lat' dir='ltr'><strong>dicitur,</strong></span> <span class='ocrx_word' id='word_1_133' title='bbox 1796 1141 1885 1207; x_wconf 69' lang='lat' dir='ltr'><strong>&#39;et</strong></span> <span class='ocrx_word' id='word_1_134' title='bbox 1921 1154 2065 1223; x_wconf 91' lang='lat' dir='ltr'><strong>quod</strong></span> <span class='ocrx_word' id='word_1_135' title='bbox 2099 1149 2411 1228; x_wconf 78' lang='lat' dir='ltr'><strong>angelorum</strong></span> <span class='ocrx_word' id='word_1_136' title='bbox 2441 1166 2657 1225; x_wconf 85' lang='lat' dir='ltr'><strong>natura,</strong></span> <span class='ocrx_word' id='word_1_137' title='bbox 2683 1160 2767 1214; x_wconf 88' lang='lat' dir='ltr'><strong>vel</strong></span> <span class='ocrx_word' id='word_1_138' title='bbox 2801 1141 3012 1227; x_wconf 82' lang='lat' dir='ltr'><strong>animae,</strong></span> <span class='ocrx_word' id='word_1_139' title='bbox 3045 1177 3150 1215; x_wconf 91' lang='lat' dir='ltr'><strong>non</strong></span> <span class='ocrx_word' id='word_1_140' title='bbox 3179 1162 3251 1216; x_wconf 90' lang='lat' dir='ltr'><strong>sit</strong></span> <span class='ocrx_word' id='word_1_141' title='bbox 3274 1177 3401 1232; x_wconf 90' lang='lat' dir='ltr'><strong>pars</strong></span> 
     </span>
    </p>
   </div>
   <div class='ocr_carea' id='block_1_20' title="bbox 153 1235 3397 1316">
    <p class='ocr_par' dir='ltr' id='par_1_20' title="bbox 153 1235 3397 1316">
     <span class='ocr_line' id='line_1_20' title="bbox 153 1235 3397 1316; baseline 0.006 -28"><span class='ocrx_word' id='word_1_142' title='bbox 153 1235 292 1305; x_wconf 87' lang='lat' dir='ltr'><strong>quod</strong></span> <span class='ocrx_word' id='word_1_143' title='bbox 316 1235 413 1290; x_wconf 86' lang='lat' dir='ltr'><strong>illo</strong></span> <span class='ocrx_word' id='word_1_144' title='bbox 438 1237 504 1315; x_wconf 81' lang='lat' dir='ltr'><strong>in</strong></span> <span class='ocrx_word' id='word_1_145' title='bbox 545 1244 783 1307; x_wconf 84' lang='lat' dir='ltr'><strong>tempore</strong></span> <span class='ocrx_word' id='word_1_146' title='bbox 806 1237 950 1292; x_wconf 89' lang='lat' dir='ltr'><strong>sicut</strong></span> <span class='ocrx_word' id='word_1_147' title='bbox 974 1235 1173 1291; x_wconf 83' lang='lat' dir='ltr'><strong>Paulus</strong></span> <span class='ocrx_word' id='word_1_148' title='bbox 1192 1235 1465 1316; x_wconf 72' lang='lat' dir='ltr'><strong>apostolus</strong></span> <span class='ocrx_word' id='word_1_149' title='bbox 1492 1236 1645 1303; x_wconf 86' lang='lat' dir='ltr'><strong>dicit,</strong></span> <span class='ocrx_word' id='word_1_150' title='bbox 1669 1245 1725 1293; x_wconf 89' lang='lat' dir='ltr'><strong>et</strong></span> <span class='ocrx_word' id='word_1_151' title='bbox 1826 1242 2022 1299; x_wconf 68' lang='lat' dir='ltr'><strong>divina:</strong></span> <span class='ocrx_word' id='word_1_152' title='bbox 2067 1248 2402 1314; x_wconf 82' lang='lat' dir='ltr'><strong>substantiae,</strong></span> <span class='ocrx_word' id='word_1_153' title='bbox 2433 1249 2527 1304; x_wconf 89' lang='lat' dir='ltr'><strong>sed</strong></span> <span class='ocrx_word' id='word_1_154' title='bbox 2554 1249 2646 1304; x_wconf 87' lang='lat' dir='ltr'><strong>Dei</strong></span> <span class='ocrx_word' id='word_1_155' title='bbox 2676 1258 2930 1306; x_wconf 79' lang='lat' dir='ltr'><strong>creatura</strong></span> <span class='ocrx_word' id='word_1_156' title='bbox 2952 1266 3021 1307; x_wconf 79' lang='lat' dir='ltr'><strong>ex</strong></span> <span class='ocrx_word' id='word_1_157' title='bbox 3062 1251 3230 1307; x_wconf 87' lang='lat' dir='ltr'><strong>nihilo</strong></span> <span class='ocrx_word' id='word_1_158' title='bbox 3267 1267 3397 1306; x_wconf 81' lang='lat' dir='ltr'><strong>con-</strong></span> 
     </span>
    </p>
   </div>
   <div class='ocr_carea' id='block_1_21' title="bbox 155 1328 3397 1409">
    <p class='ocr_par' dir='ltr' id='par_1_21' title="bbox 155 1328 3397 1409">
     <span class='ocr_line' id='line_1_21' title="bbox 155 1328 3397 1409; baseline 0.003 -28"><span class='ocrx_word' id='word_1_159' title='bbox 155 1329 207 1382; x_wconf 92' lang='lat' dir='ltr'><strong>in</strong></span> <span class='ocrx_word' id='word_1_160' title='bbox 238 1328 463 1385; x_wconf 79' lang='lat' dir='ltr'><strong>Actibus</strong></span> <span class='ocrx_word' id='word_1_161' title='bbox 488 1330 854 1400; x_wconf 84' lang='lat' dir='ltr'><strong>apostolorum</strong></span> <span class='ocrx_word' id='word_1_162' title='bbox 900 1328 1175 1386; x_wconf 84' lang='lat' dir='ltr'><strong>refertur:</strong></span> <span class='ocrx_word' id='word_1_163' title='bbox 1206 1330 1353 1386; x_wconf 78' lang='lat' dir='ltr'><strong>Multi</strong></span> <span class='ocrx_word' id='word_1_164' title='bbox 1399 1331 1739 1395; x_wconf 84' lang='lat' dir='ltr'><strong>simulabant</strong></span> <span class='ocrx_word' id='word_1_165' title='bbox 1827 1332 1958 1401; x_wconf 78' lang='lat' dir='ltr'><strong>dita,</strong></span> <span class='ocrx_word' id='word_1_166' title='bbox 2003 1334 2231 1409; x_wconf 89' lang='lat' dir='ltr'><strong>ideoque</strong></span> <span class='ocrx_word' id='word_1_167' title='bbox 2270 1338 2612 1409; x_wconf 88' lang='lat' dir='ltr'><strong>incorporea,</strong></span> <span class='ocrx_word' id='word_1_168' title='bbox 2667 1340 2793 1408; x_wconf 87' lang='lat' dir='ltr'><strong>quia</strong></span> <span class='ocrx_word' id='word_1_169' title='bbox 2846 1339 2912 1393; x_wconf 86' lang='lat' dir='ltr'><strong>ad</strong></span> <span class='ocrx_word' id='word_1_170' title='bbox 2963 1339 3397 1409; x_wconf 46' lang='lat' dir='ltr'><strong>imaginem-.Dei</strong></span> 
     </span>
    </p>
   </div>
   <div class='ocr_carea' id='block_1_22' title="bbox 150 1422 1723 1495">
    <p class='ocr_par' dir='ltr' id='par_1_22' title="bbox 150 1422 1723 1495">
     <span class='ocr_line' id='line_1_22' title="bbox 150 1422 1723 1495; baseline 0.006 -20"><span class='ocrx_word' id='word_1_171' title='bbox 150 1434 207 1475; x_wconf 82' lang='lat' dir='ltr'><strong>se</strong></span> <span class='ocrx_word' id='word_1_172' title='bbox 228 1436 358 1477; x_wconf 86' lang='lat' dir='ltr'><strong>esse</strong></span> <span class='ocrx_word' id='word_1_173' title='bbox 388 1423 655 1494; x_wconf 76' lang='lat' dir='ltr'><strong>apostolos</strong></span> <span class='ocrx_word' id='word_1_174' title='bbox 682 1422 902 1489; x_wconf 81' lang='lat' dir='ltr'><strong>Christi,</strong></span> <span class='ocrx_word' id='word_1_175' title='bbox 932 1424 1272 1480; x_wconf 83' lang='lat' dir='ltr'><strong>nominantes</strong></span> <span class='ocrx_word' id='word_1_176' title='bbox 1310 1424 1523 1495; x_wconf 85' lang='lat' dir='ltr'><strong>quidem</strong></span> <span class='ocrx_word' id='word_1_177' title='bbox 1566 1426 1723 1484; x_wconf 83' lang='lat' dir='ltr'><strong>Chri-</strong></span> 
     </span>
    </p>
   </div>
   <div class='ocr_carea' id='block_1_23' title="bbox 149 1511 1718 1597">
    <p class='ocr_par' dir='ltr' id='par_1_23' title="bbox 149 1511 1718 1597">
     <span class='ocr_line' id='line_1_23' title="bbox 149 1511 1718 1597; baseline 0.006 -34"><span class='ocrx_word' id='word_1_178' title='bbox 149 1516 311 1577; x_wconf 84' lang='lat' dir='ltr'><strong>stum,</strong></span> <span class='ocrx_word' id='word_1_179' title='bbox 342 1511 437 1566; x_wconf 90' lang='lat' dir='ltr'><strong>sed</strong></span> <span class='ocrx_word' id='word_1_180' title='bbox 464 1527 570 1597; x_wconf 83' lang='lat' dir='ltr'><strong>non</strong></span> <span class='ocrx_word' id='word_1_181' title='bbox 598 1511 819 1581; x_wconf 74' lang='lat' dir='ltr'><strong>integris</strong></span> <span class='ocrx_word' id='word_1_182' title='bbox 834 1511 1185 1567; x_wconf 85' lang='lat' dir='ltr'><strong>traditionum</strong></span> <span class='ocrx_word' id='word_1_183' title='bbox 1211 1512 1367 1569; x_wconf 86' lang='lat' dir='ltr'><strong>lineis</strong></span> <span class='ocrx_word' id='word_1_184' title='bbox 1387 1516 1718 1574; x_wconf 82' lang='lat' dir='ltr'><strong>nuntiantes.</strong></span> 
     </span>
    </p>
   </div>
   <div class='ocr_carea' id='block_1_24' title="bbox 147 1599 1720 1675">
    <p class='ocr_par' dir='ltr' id='par_1_24' title="bbox 147 1599 1720 1675">
     <span class='ocr_line' id='line_1_24' title="bbox 147 1599 1720 1675; baseline 0.006 -21"><span class='ocrx_word' id='word_1_185' title='bbox 147 1599 354 1658; x_wconf 89' lang='lat' dir='ltr'><strong>Idcirco</strong></span> <span class='ocrx_word' id='word_1_186' title='bbox 394 1618 531 1674; x_wconf 87' lang='lat' dir='ltr'><strong>ergo</strong></span> <span class='ocrx_word' id='word_1_187' title='bbox 567 1602 709 1666; x_wconf 87' lang='lat' dir='ltr'><strong>istud</strong></span> <span class='ocrx_word' id='word_1_188' title='bbox 746 1601 1001 1671; x_wconf 73' lang='lat' dir='ltr'><strong>indicium</strong></span> <span class='ocrx_word' id='word_1_189' title='bbox 1043 1618 1289 1673; x_wconf 82' lang='lat' dir='ltr'><strong>posuere,</strong></span> <span class='ocrx_word' id='word_1_190' title='bbox 1335 1620 1433 1674; x_wconf 88' lang='lat' dir='ltr'><strong>per</strong></span> <span class='ocrx_word' id='word_1_191' title='bbox 1462 1607 1604 1675; x_wconf 90' lang='lat' dir='ltr'><strong>quod</strong></span> <span class='ocrx_word' id='word_1_192' title='bbox 1629 1623 1720 1665; x_wconf 89' lang='lat' dir='ltr'><strong>co-</strong></span> 
     </span>
    </p>
   </div>
   <div class='ocr_carea' id='block_1_25' title="bbox 1824 1422 3397 1505">
    <p class='ocr_par' dir='ltr' id='par_1_25' title="bbox 1824 1422 3397 1505">
     <span class='ocr_line' id='line_1_25' title="bbox 1824 1422 3397 1505; baseline 0.001 -22"><span class='ocrx_word' id='word_1_193' title='bbox 1824 1435 2006 1497; x_wconf 80' lang='lat' dir='ltr'><strong>creata</strong></span> <span class='ocrx_word' id='word_1_194' title='bbox 2033 1436 2135 1505; x_wconf 85' lang='lat' dir='ltr'><strong>est.</strong></span> <span class='ocrx_word' id='word_1_195' title='bbox 2186 1422 2265 1484; x_wconf 85' lang='lat' dir='ltr'><strong>De</strong></span> <span class='ocrx_word' id='word_1_196' title='bbox 2293 1430 2493 1499; x_wconf 87' lang='lat' dir='ltr'><strong>pietate</strong></span> <span class='ocrx_word' id='word_1_197' title='bbox 2528 1444 2737 1485; x_wconf 89' lang='lat' dir='ltr'><strong>morum</strong></span> <span class='ocrx_word' id='word_1_198' title='bbox 2761 1430 2891 1497; x_wconf 74' lang='lat' dir='ltr'><strong>sine</strong></span> <span class='ocrx_word' id='word_1_199' title='bbox 2926 1446 3031 1501; x_wconf 92' lang='lat' dir='ltr'><strong>qua</strong></span> <span class='ocrx_word' id='word_1_200' title='bbox 3063 1430 3195 1485; x_wconf 84' lang='lat' dir='ltr'><strong>fides</strong></span> <span class='ocrx_word' id='word_1_201' title='bbox 3228 1429 3397 1486; x_wconf 81' lang='lat' dir='ltr'><strong>divini</strong></span> 
     </span>
    </p>
   </div>
   <div class='ocr_carea' id='block_1_26' title="bbox 1824 1517 3405 1592">
    <p class='ocr_par' dir='ltr' id='par_1_26' title="bbox 1824 1517 3405 1592">
     <span class='ocr_line' id='line_1_26' title="bbox 1824 1517 3405 1592; baseline -0.001 -20"><span class='ocrx_word' id='word_1_202' title='bbox 1824 1517 2000 1589; x_wconf 68' lang='lat' dir='ltr'><strong>cultus</strong></span> <span class='ocrx_word' id='word_1_203' title='bbox 2024 1520 2196 1575; x_wconf 91' lang='lat' dir='ltr'><strong>otiosa</strong></span> <span class='ocrx_word' id='word_1_204' title='bbox 2223 1522 2499 1589; x_wconf 76' lang='lat' dir='ltr'><strong>torpescit,</strong></span> <span class='ocrx_word' id='word_1_205' title='bbox 2539 1530 2593 1576; x_wconf 90' lang='lat' dir='ltr'><strong>et</strong></span> <span class='ocrx_word' id='word_1_206' title='bbox 2627 1536 2749 1575; x_wconf 92' lang='lat' dir='ltr'><strong>cum</strong></span> <span class='ocrx_word' id='word_1_207' title='bbox 2778 1537 2884 1591; x_wconf 89' lang='lat' dir='ltr'><strong>qua</strong></span> <span class='ocrx_word' id='word_1_208' title='bbox 2922 1521 3202 1592; x_wconf 74' lang='lat' dir='ltr'><strong>integritas</strong></span> <span class='ocrx_word' id='word_1_209' title='bbox 3230 1520 3405 1576; x_wconf 85' lang='lat' dir='ltr'><strong>divini</strong></span> 
     </span>
    </p>
   </div>
   <div class='ocr_carea' id='block_1_27' title="bbox 1778 1606 3397 1685">
    <p class='ocr_par' dir='ltr' id='par_1_27' title="bbox 1778 1606 3397 1685">
     <span class='ocr_line' id='line_1_27' title="bbox 1778 1606 3397 1685; baseline 0.001 -23"><span class='ocrx_word' id='word_1_210' title='bbox 1778 1648 1783 1651; x_wconf 85' lang='grc'><strong>-</strong></span> <span class='ocrx_word' id='word_1_211' title='bbox 1823 1606 1999 1663; x_wconf 89' lang='lat' dir='ltr'><strong>cultus</strong></span> <span class='ocrx_word' id='word_1_212' title='bbox 2040 1608 2543 1679; x_wconf 76' lang='lat' dir='ltr'><strong>p_eriicitur;&#39;et-ut</strong></span> <span class='ocrx_word' id='word_1_213' title='bbox 2584 1612 2949 1681; x_wconf 83' lang='lat' dir='ltr'><strong>unusquisque</strong></span> <span class='ocrx_word' id='word_1_214' title='bbox 2974 1611 3147 1685; x_wconf 79' lang='lat' dir='ltr'><strong>Deum</strong></span> <span class='ocrx_word' id='word_1_215' title='bbox 3179 1616 3397 1680; x_wconf 85' lang='lat' dir='ltr'><strong>propter</strong></span> 
     </span>
    </p>
   </div>
   <div class='ocr_carea' id='block_1_28' title="bbox 147 1692 3398 1775">
    <p class='ocr_par' dir='ltr' id='par_1_28' title="bbox 147 1692 3398 1775">
     <span class='ocr_line' id='line_1_28' title="bbox 147 1692 3398 1775; baseline 0.002 -29"><span class='ocrx_word' id='word_1_216' title='bbox 147 1692 498 1763; x_wconf 78' lang='lat' dir='ltr'><strong>guosceretur</strong></span> <span class='ocrx_word' id='word_1_217' title='bbox 538 1695 582 1748; x_wconf 90' lang='lat' dir='ltr'><strong>is</strong></span> <span class='ocrx_word' id='word_1_218' title='bbox 621 1695 715 1763; x_wconf 87' lang='lat' dir='ltr'><strong>qui</strong></span> <span class='ocrx_word' id='word_1_219' title='bbox 750 1693 1024 1750; x_wconf 83' lang='lat' dir='ltr'><strong>Christum</strong></span> <span class='ocrx_word' id='word_1_220' title='bbox 1067 1709 1249 1749; x_wconf 87' lang='lat' dir='ltr'><strong>verum</strong></span> <span class='ocrx_word' id='word_1_221' title='bbox 1276 1694 1566 1751; x_wconf 82' lang='lat' dir='ltr'><strong>secundum</strong></span> <span class='ocrx_word' id='word_1_222' title='bbox 1592 1712 1719 1767; x_wconf 86' lang='lat' dir='ltr'><strong>apo-</strong></span> <span class='ocrx_word' id='word_1_223' title='bbox 1748 1767 1789 1775; x_wconf 80' lang='lat'><strong>__</strong></span> <span class='ocrx_word' id='word_1_224' title='bbox 1826 1696 2013 1763; x_wconf 79' lang='lat' dir='ltr'><strong>Deum,</strong></span> <span class='ocrx_word' id='word_1_225' title='bbox 2059 1707 2116 1775; x_wconf 76' lang='lat' dir='ltr'><strong>et</strong></span> <span class='ocrx_word' id='word_1_226' title='bbox 2154 1700 2457 1770; x_wconf 68' lang='lat' dir='ltr'><strong>prosimum</strong></span> <span class='ocrx_word' id='word_1_227' title='bbox 2499 1700 2553 1754; x_wconf 87' lang='lat' dir='ltr'><strong>in</strong></span> <span class='ocrx_word' id='word_1_228' title='bbox 2600 1700 2709 1754; x_wconf 89' lang='lat' dir='ltr'><strong>Deo</strong></span> <span class='ocrx_word' id='word_1_229' title='bbox 2753 1700 3046 1773; x_wconf 75' lang='lat' dir='ltr'><strong>diligat,ut</strong></span> <span class='ocrx_word' id='word_1_230' title='bbox 3068 1698 3398 1770; x_wconf 81' lang='lat' dir='ltr'><strong>perficiendo</strong></span> 
     </span>
    </p>
   </div>
   <div class='ocr_carea' id='block_1_29' title="bbox 144 1767 3396 1866">
    <p class='ocr_par' dir='ltr' id='par_1_29' title="bbox 144 1767 3396 1866">
     <span class='ocr_line' id='line_1_29' title="bbox 144 1767 3396 1866; baseline 0.002 -26"><span class='ocrx_word' id='word_1_231' title='bbox 144 1785 362 1841; x_wconf 86' lang='lat' dir='ltr'><strong>stolicas</strong></span> <span class='ocrx_word' id='word_1_232' title='bbox 416 1786 622 1849; x_wconf 82' lang='lat' dir='ltr'><strong>litteras</strong></span> <span class='ocrx_word' id='word_1_233' title='bbox 667 1788 1027 1856; x_wconf 55' lang='lat' dir='ltr'><strong>praedicaret-</strong></span> <span class='ocrx_word' id='word_1_234' title='bbox 1061 1788 1156 1843; x_wconf 87' lang='lat' dir='ltr'><strong>Est</strong></span> <span class='ocrx_word' id='word_1_235' title='bbox 1194 1797 1375 1844; x_wconf 87' lang='lat' dir='ltr'><strong>autem</strong></span> <span class='ocrx_word' id='word_1_236' title='bbox 1399 1785 1718 1863; x_wconf 76' lang='lat' dir='ltr'><strong>Symbolum</strong></span> <span class='ocrx_word' id='word_1_237' title='bbox 1748 1767 2117 1866; x_wconf 17' lang='lat' dir='ltr'><strong>B‘pervenia&#39;t.</strong></span> <span class='ocrx_word' id='word_1_238' title='bbox 2156 1767 2411 1844; x_wconf 18' lang='lat' dir='ltr'><strong>iAlterum</strong></span> <span class='ocrx_word' id='word_1_239' title='bbox 2432 1803 2645 1858; x_wconf 71' lang='lat' dir='ltr'><strong>Quoque</strong></span> <span class='ocrx_word' id='word_1_240' title='bbox 2676 1767 2895 1843; x_wconf 69' lang='lat' dir='ltr'><strong>alterius</strong></span> <span class='ocrx_word' id='word_1_241' title='bbox 2916 1767 3021 1844; x_wconf 79' lang='lat' dir='ltr'><strong>non</strong></span> <span class='ocrx_word' id='word_1_242' title='bbox 3050 1767 3214 1862; x_wconf 66' lang='lat' dir='ltr'><strong>pollui</strong></span> <span class='ocrx_word' id='word_1_243' title='bbox 3238 1800 3396 1857; x_wconf 77' lang='lat' dir='ltr'><strong>posse</strong></span> 
     </span>
    </p>
   </div>
   <div class='ocr_carea' id='block_1_30' title="bbox 142 1876 1720 1954">
    <p class='ocr_par' dir='ltr' id='par_1_30' title="bbox 142 1876 1720 1954">
     <span class='ocr_line' id='line_1_30' title="bbox 142 1876 1720 1954; baseline 0.007 -23"><span class='ocrx_word' id='word_1_244' title='bbox 142 1876 378 1947; x_wconf 83' lang='lat' dir='ltr'><strong>signum,</strong></span> <span class='ocrx_word' id='word_1_245' title='bbox 400 1893 497 1947; x_wconf 92' lang='lat' dir='ltr'><strong>per</strong></span> <span class='ocrx_word' id='word_1_246' title='bbox 516 1878 656 1947; x_wconf 89' lang='lat' dir='ltr'><strong>quod</strong></span> <span class='ocrx_word' id='word_1_247' title='bbox 685 1879 992 1949; x_wconf 77' lang='lat' dir='ltr'><strong>agnoscitur</strong></span> <span class='ocrx_word' id='word_1_248' title='bbox 1019 1880 1190 1947; x_wconf 90' lang='lat' dir='ltr'><strong>Deus;</strong></span> <span class='ocrx_word' id='word_1_249' title='bbox 1224 1883 1472 1953; x_wconf 86' lang='lat' dir='ltr'><strong>quodque</strong></span> <span class='ocrx_word' id='word_1_250' title='bbox 1498 1885 1720 1954; x_wconf 87' lang='lat' dir='ltr'><strong>proinde</strong></span> 
     </span>
    </p>
   </div>
   <div class='ocr_carea' id='block_1_31' title="bbox 144 1956 1717 2049">
    <p class='ocr_par' dir='ltr' id='par_1_31' title="bbox 144 1956 1717 2049">
     <span class='ocr_line' id='line_1_31' title="bbox 144 1956 1717 2049; baseline 0.005 -24"><span class='ocrx_word' id='word_1_251' title='bbox 144 1970 426 2025; x_wconf 71' lang='lat' dir='ltr'><strong>credentes</strong></span> <span class='ocrx_word' id='word_1_252' title='bbox 453 1964 737 2040; x_wconf 78' lang='lat' dir='ltr'><strong>aec&#39;piunt,</strong></span> <span class='ocrx_word' id='word_1_253' title='bbox 767 1980 825 2025; x_wconf 94' lang='lat' dir='ltr'><strong>ut</strong></span> <span class='ocrx_word' id='word_1_254' title='bbox 840 1972 1101 2049; x_wconf 46' lang='lat' dir='ltr'><strong>(noverint</strong></span> <span class='ocrx_word' id='word_1_255' title='bbox 1130 1956 1366 2044; x_wconf 87' lang='lat' dir='ltr'><strong>qualiter</strong></span> <span class='ocrx_word' id='word_1_256' title='bbox 1392 1984 1578 2031; x_wconf 91' lang='lat' dir='ltr'><strong>contra</strong></span> <span class='ocrx_word' id='word_1_257' title='bbox 1604 1978 1717 2033; x_wconf 90' lang='lat' dir='ltr'><strong>dia-</strong></span> 
     </span>
    </p>
   </div>
   <div class='ocr_carea' id='block_1_32' title="bbox 142 2058 1716 2136">
    <p class='ocr_par' dir='ltr' id='par_1_32' title="bbox 142 2058 1716 2136">
     <span class='ocr_line' id='line_1_32' title="bbox 142 2058 1716 2136; baseline 0.005 -22"><span class='ocrx_word' id='word_1_258' title='bbox 142 2058 322 2115; x_wconf 87' lang='lat' dir='ltr'><strong>bolum</strong></span> <span class='ocrx_word' id='word_1_259' title='bbox 363 2059 483 2115; x_wconf 85' lang='lat' dir='ltr'><strong>fidei</strong></span> <span class='ocrx_word' id='word_1_260' title='bbox 527 2058 820 2115; x_wconf 83' lang='lat' dir='ltr'><strong>certamina</strong></span> <span class='ocrx_word' id='word_1_261' title='bbox 863 2064 1201 2132; x_wconf 64' lang='lat' dir='ltr'><strong>praeparent;</strong></span> <span class='ocrx_word' id='word_1_262' title='bbox 1242 2063 1301 2118; x_wconf 90' lang='lat' dir='ltr'><strong>in</strong></span> <span class='ocrx_word' id='word_1_263' title='bbox 1342 2079 1456 2133; x_wconf 83' lang='lat' dir='ltr'><strong>quo</strong></span> <span class='ocrx_word' id='word_1_264' title='bbox 1496 2066 1716 2136; x_wconf 72' lang='lat' dir='ltr'><strong>quidem</strong></span> 
     </span>
    </p>
   </div>
   <div class='ocr_carea' id='block_1_33' title="bbox 140 2152 1711 2220">
    <p class='ocr_par' dir='ltr' id='par_1_33' title="bbox 140 2152 1711 2220">
     <span class='ocr_line' id='line_1_33' title="bbox 140 2152 1711 2220; baseline 0.004 -15"><span class='ocrx_word' id='word_1_265' title='bbox 140 2165 310 2220; x_wconf 88' lang='lat' dir='ltr'><strong>pauca</strong></span> <span class='ocrx_word' id='word_1_266' title='bbox 334 2160 458 2206; x_wconf 89' lang='lat' dir='ltr'><strong>sunt</strong></span> <span class='ocrx_word' id='word_1_267' title='bbox 478 2152 663 2217; x_wconf 86' lang='lat' dir='ltr'><strong>verba,</strong></span> <span class='ocrx_word' id='word_1_268' title='bbox 687 2152 779 2207; x_wconf 92' lang='lat' dir='ltr'><strong>sed</strong></span> <span class='ocrx_word' id='word_1_269' title='bbox 796 2152 974 2211; x_wconf 87' lang='lat' dir='ltr'><strong>omnia</strong></span> <span class='ocrx_word' id='word_1_270' title='bbox 995 2153 1337 2217; x_wconf 76' lang='lat' dir='ltr'><strong>continentur</strong></span> <span class='ocrx_word' id='word_1_271' title='bbox 1357 2156 1711 2211; x_wconf 86' lang='lat' dir='ltr'><strong>sacramenta.</strong></span> 
     </span>
    </p>
   </div>
   <div class='ocr_carea' id='block_1_34' title="bbox 140 2240 1716 2315">
    <p class='ocr_par' dir='ltr' id='par_1_34' title="bbox 140 2240 1716 2315">
     <span class='ocr_line' id='line_1_34' title="bbox 140 2240 1716 2315; baseline 0.004 -20"><span class='ocrx_word' id='word_1_272' title='bbox 140 2240 215 2295; x_wconf 87' lang='lat' dir='ltr'><strong>De</strong></span> <span class='ocrx_word' id='word_1_273' title='bbox 244 2242 369 2297; x_wconf 91' lang='lat' dir='ltr'><strong>totis</strong></span> <span class='ocrx_word' id='word_1_274' title='bbox 402 2242 544 2296; x_wconf 91' lang='lat' dir='ltr'><strong>enim</strong></span> <span class='ocrx_word' id='word_1_275' title='bbox 572 2242 886 2311; x_wconf 84' lang='lat' dir='ltr'><strong>Scripturis,</strong></span> <span class='ocrx_word' id='word_1_276' title='bbox 912 2242 1026 2298; x_wconf 71' lang='lat' dir='ltr'><strong>haec</strong></span> <span class='ocrx_word' id='word_1_277' title='bbox 1057 2242 1569 2315; x_wconf 27' lang='lat' dir='ltr'><strong>breviatim‘collata,</strong></span> <span class='ocrx_word' id='word_1_278' title='bbox 1591 2255 1716 2301; x_wconf 91' lang='lat' dir='ltr'><strong>sunt</strong></span> 
     </span>
    </p>
   </div>
   <div class='ocr_carea' id='block_1_35' title="bbox 140 2331 1715 2403">
    <p class='ocr_par' dir='ltr' id='par_1_35' title="bbox 140 2331 1715 2403">
     <span class='ocr_line' id='line_1_35' title="bbox 140 2331 1715 2403; baseline 0.003 -16"><span class='ocrx_word' id='word_1_279' title='bbox 140 2332 209 2387; x_wconf 87' lang='lat' dir='ltr'><strong>ab</strong></span> <span class='ocrx_word' id='word_1_280' title='bbox 234 2331 492 2401; x_wconf 86' lang='lat' dir='ltr'><strong>apostolis</strong></span> <span class='ocrx_word' id='word_1_281' title='bbox 521 2350 533 2386; x_wconf 90' lang='lat'><strong>:</strong></span> <span class='ocrx_word' id='word_1_282' title='bbox 564 2342 623 2387; x_wconf 94' lang='lat' dir='ltr'><strong>ut</strong></span> <span class='ocrx_word' id='word_1_283' title='bbox 656 2334 908 2402; x_wconf 79' lang='lat' dir='ltr'><strong>quoniam</strong></span> <span class='ocrx_word' id='word_1_284' title='bbox 932 2332 1113 2403; x_wconf 86' lang='lat' dir='ltr'><strong>plures</strong></span> <span class='ocrx_word' id='word_1_285' title='bbox 1138 2334 1471 2388; x_wconf 85' lang='lat' dir='ltr'><strong>credentium</strong></span> <span class='ocrx_word' id='word_1_286' title='bbox 1508 2334 1715 2392; x_wconf 89' lang='lat' dir='ltr'><strong>litteras</strong></span> 
     </span>
    </p>
   </div>
   <div class='ocr_carea' id='block_1_36' title="bbox 139 2408 1711 2503">
    <p class='ocr_par' dir='ltr' id='par_1_36' title="bbox 139 2408 1711 2503">
     <span class='ocr_line' id='line_1_36' title="bbox 139 2408 1711 2503; baseline 0.001 -27"><span class='ocrx_word' id='word_1_287' title='bbox 139 2422 429 2503; x_wconf 71' lang='lat' dir='ltr'><strong>nesciunt,</strong></span> <span class='ocrx_word' id='word_1_288' title='bbox 478 2421 563 2476; x_wconf 90' lang='lat' dir='ltr'><strong>vel</strong></span> <span class='ocrx_word' id='word_1_289' title='bbox 603 2422 695 2492; x_wconf 90' lang='lat' dir='ltr'><strong>qui</strong></span> <span class='ocrx_word' id='word_1_290' title='bbox 731 2422 958 2486; x_wconf 80' lang='lat' dir='ltr'><strong>sciunt,</strong></span> <span class='ocrx_word' id='word_1_291' title='bbox 1005 2422 1477 2491; x_wconf 65' lang='lat' dir='ltr'><strong>praeoccupatione.</strong></span> <span class='ocrx_word' id='word_1_292' title='bbox 1512 2408 1711 2489; x_wconf 68' lang='lat' dir='ltr'><strong>saeculi,</strong></span> 
     </span>
    </p>
   </div>
   <div class='ocr_carea' id='block_1_37' title="bbox 140 2502 1710 2584">
    <p class='ocr_par' dir='ltr' id='par_1_37' title="bbox 140 2502 1710 2584">
     <span class='ocr_line' id='line_1_37' title="bbox 140 2502 1710 2584; baseline 0.002 -14"><span class='ocrx_word' id='word_1_293' title='bbox 140 2502 447 2583; x_wconf 81' lang='lat' dir='ltr'><strong>Scripturas</strong></span> <span class='ocrx_word' id='word_1_294' title='bbox 476 2514 671 2584; x_wconf 29' lang='lat' dir='ltr'><strong>legere.</strong></span> <span class='ocrx_word' id='word_1_295' title='bbox 687 2502 790 2579; x_wconf 81' lang='lat' dir='ltr'><strong>non</strong></span> <span class='ocrx_word' id='word_1_296' title='bbox 816 2521 1059 2583; x_wconf 90' lang='lat' dir='ltr'><strong>possunt,</strong></span> <span class='ocrx_word' id='word_1_297' title='bbox 1086 2514 1200 2569; x_wconf 68' lang='lat' dir='ltr'><strong>haec</strong></span> <span class='ocrx_word' id='word_1_298' title='bbox 1216 2516 1377 2570; x_wconf 87' lang='lat' dir='ltr'><strong>corde</strong></span> <span class='ocrx_word' id='word_1_299' title='bbox 1398 2516 1710 2581; x_wconf 83' lang='lat' dir='ltr'><strong>retinentes,</strong></span> 
     </span>
    </p>
   </div>
   <div class='ocr_carea' id='block_1_38' title="bbox 137 2586 1736 2683">
    <p class='ocr_par' dir='ltr' id='par_1_38' title="bbox 137 2586 1736 2683">
     <span class='ocr_line' id='line_1_38' title="bbox 137 2586 1736 2683; baseline 0.003 -24"><span class='ocrx_word' id='word_1_300' title='bbox 137 2604 374 2659; x_wconf 86' lang='lat' dir='ltr'><strong>habeant</strong></span> <span class='ocrx_word' id='word_1_301' title='bbox 410 2602 761 2660; x_wconf 84' lang='lat' dir='ltr'><strong>sufﬁcientem</strong></span> <span class='ocrx_word' id='word_1_302' title='bbox 808 2604 908 2683; x_wconf 83' lang='lat' dir='ltr'><strong>sibi</strong></span> <span class='ocrx_word' id='word_1_303' title='bbox 946 2605 1223 2660; x_wconf 83' lang='lat' dir='ltr'><strong>scientiam</strong></span> <span class='ocrx_word' id='word_1_304' title='bbox 1264 2594 1570 2671; x_wconf 71' lang='lat' dir='ltr'><strong>salutarem.</strong></span> <span class='ocrx_word' id='word_1_305' title='bbox 1619 2586 1736 2664; x_wconf 39' lang='lat' dir='ltr'><strong>Est,</strong></span> 
     </span>
    </p>
   </div>
   <div class='ocr_carea' id='block_1_39' title="bbox 134 2684 1709 2769">
    <p class='ocr_par' dir='ltr' id='par_1_39' title="bbox 134 2684 1709 2769">
     <span class='ocr_line' id='line_1_39' title="bbox 134 2684 1709 2769; baseline 0.004 -21"><span class='ocrx_word' id='word_1_306' title='bbox 134 2687 281 2749; x_wconf 82' lang='lat' dir='ltr'><strong>enim</strong></span> <span class='ocrx_word' id='word_1_307' title='bbox 305 2695 467 2751; x_wconf 86' lang='lat' dir='ltr'><strong>breve</strong></span> <span class='ocrx_word' id='word_1_308' title='bbox 502 2684 629 2751; x_wconf 82' lang='lat' dir='ltr'><strong>ﬁdei</strong></span> <span class='ocrx_word' id='word_1_309' title='bbox 660 2696 898 2757; x_wconf 88' lang='lat' dir='ltr'><strong>verbum,</strong></span> <span class='ocrx_word' id='word_1_310' title='bbox 926 2704 981 2751; x_wconf 90' lang='lat' dir='ltr'><strong>et</strong></span> <span class='ocrx_word' id='word_1_311' title='bbox 1001 2696 1127 2751; x_wconf 91' lang='lat' dir='ltr'><strong>olim</strong></span> <span class='ocrx_word' id='word_1_312' title='bbox 1164 2711 1193 2751; x_wconf 89' lang='lat' dir='ltr'><strong>a</strong></span> <span class='ocrx_word' id='word_1_313' title='bbox 1230 2698 1489 2767; x_wconf 83' lang='lat' dir='ltr'><strong>propheta</strong></span> <span class='ocrx_word' id='word_1_314' title='bbox 1516 2700 1709 2769; x_wconf 65' lang='lat' dir='ltr'><strong>praedi-</strong></span> 
     </span>
    </p>
   </div>
   <div class='ocr_carea' id='block_1_40' title="bbox 135 2772 1711 2854">
    <p class='ocr_par' dir='ltr' id='par_1_40' title="bbox 135 2772 1711 2854">
     <span class='ocr_line' id='line_1_40' title="bbox 135 2772 1711 2854; baseline 0.005 -18"><span class='ocrx_word' id='word_1_315' title='bbox 135 2791 284 2837; x_wconf 89' lang='lat' dir='ltr'><strong>ctum</strong></span> <span class='ocrx_word' id='word_1_316' title='bbox 319 2802 331 2837; x_wconf 90' lang='lat'><strong>:</strong></span> <span class='ocrx_word' id='word_1_317' title='bbox 366 2783 627 2850; x_wconf 78' lang='lat' dir='ltr'><strong>Quoniam</strong></span> <span class='ocrx_word' id='word_1_318' title='bbox 654 2772 872 2840; x_wconf 56' lang='lat' dir='ltr'><strong>uerbum</strong></span> <span class='ocrx_word' id='word_1_319' title='bbox 917 2776 1200 2839; x_wconf 83' lang='lat' dir='ltr'><strong>breviatum</strong></span> <span class='ocrx_word' id='word_1_320' title='bbox 1252 2784 1407 2854; x_wconf 80' lang='lat' dir='ltr'><strong>faciet</strong></span> <span class='ocrx_word' id='word_1_321' title='bbox 1457 2784 1711 2844; x_wconf 89' lang='lat' dir='ltr'><strong>Dominus</strong></span> 
     </span>
    </p>
   </div>
   <div class='ocr_carea' id='block_1_41' title="bbox 138 2858 1566 2945">
    <p class='ocr_par' dir='ltr' id='par_1_41' title="bbox 138 2858 1566 2945">
     <span class='ocr_line' id='line_1_41' title="bbox 138 2858 1566 2945; baseline 0.004 -18"><span class='ocrx_word' id='word_1_322' title='bbox 138 2891 293 2945; x_wconf 83' lang='lat' dir='ltr'><strong>super</strong></span> <span class='ocrx_word' id='word_1_323' title='bbox 318 2884 530 2930; x_wconf 84' lang='lat' dir='ltr'><strong>terram.</strong></span> <span class='ocrx_word' id='word_1_324' title='bbox 657 2913 679 2922; x_wconf 59' lang='grc' dir='ltr'>η</span> <span class='ocrx_word' id='word_1_325' title='bbox 972 2938 975 2943; x_wconf 89' lang='lat'><em>_</em></span> <span class='ocrx_word' id='word_1_326' title='bbox 1556 2858 1566 2862; x_wconf 37' lang='lat'><strong><em>-</em></strong></span> 
     </span>
    </p>
   </div>
   <div class='ocr_carea' id='block_1_42' title="bbox 698 2966 1141 3035">
    <p class='ocr_par' dir='ltr' id='par_1_42' title="bbox 698 2966 1141 3035">
     <span class='ocr_line' id='line_1_42' title="bbox 698 2966 1141 3035; baseline 0 -11"><span class='ocrx_word' id='word_1_327' title='bbox 698 2967 926 3035; x_wconf 82' lang='lat' dir='ltr'><strong>CAPUT</strong></span> <span class='ocrx_word' id='word_1_328' title='bbox 986 2966 1141 3024; x_wconf 74' lang='lat' dir='ltr'><strong>LVII.</strong></span> 
     </span>
    </p>
   </div>
   <div class='ocr_carea' id='block_1_43' title="bbox 678 3057 1158 3132">
    <p class='ocr_par' dir='ltr' id='par_1_43' title="bbox 678 3057 1158 3132">
     <span class='ocr_line' id='line_1_43' title="bbox 678 3057 1158 3132; baseline 0.013 -21"><span class='ocrx_word' id='word_1_329' title='bbox 678 3057 755 3120; x_wconf 87' lang='lat' dir='ltr'><strong>De</strong></span> <span class='ocrx_word' id='word_1_330' title='bbox 796 3061 973 3130; x_wconf 84' lang='lat' dir='ltr'><strong>regula</strong></span> <span class='ocrx_word' id='word_1_331' title='bbox 1014 3064 1158 3132; x_wconf 80' lang='lat' dir='ltr'><strong>ﬁdei.</strong></span> 
     </span>
    </p>
   </div>
   <div class='ocr_carea' id='block_1_44' title="bbox 205 3140 1710 3227">
    <p class='ocr_par' dir='ltr' id='par_1_44' title="bbox 205 3140 1710 3227">
     <span class='ocr_line' id='line_1_44' title="bbox 205 3140 1710 3227; baseline 0.012 -29"><span class='ocrx_word' id='word_1_332' title='bbox 205 3145 331 3200; x_wconf 69' lang='lat' dir='ltr'><strong>Haec</strong></span> <span class='ocrx_word' id='word_1_333' title='bbox 354 3155 435 3219; x_wconf 83' lang='lat' dir='ltr'><strong>est</strong></span> <span class='ocrx_word' id='word_1_334' title='bbox 464 3154 642 3202; x_wconf 86' lang='lat' dir='ltr'><strong>autem</strong></span> <span class='ocrx_word' id='word_1_335' title='bbox 680 3154 802 3218; x_wconf 85' lang='lat' dir='ltr'><strong>post</strong></span> <span class='ocrx_word' id='word_1_336' title='bbox 847 3153 1193 3220; x_wconf 89' lang='lat' dir='ltr'><strong>apostolicum</strong></span> <span class='ocrx_word' id='word_1_337' title='bbox 1232 3140 1543 3227; x_wconf 85' lang='lat' dir='ltr'><strong>Symbolum</strong></span> <span class='ocrx_word' id='word_1_338' title='bbox 1580 3176 1710 3227; x_wconf 68' lang='lat' dir='ltr'><strong>,cer-</strong></span> 
     </span>
    </p>
   </div>
   <div class='ocr_carea' id='block_1_45' title="bbox 136 3232 1706 3313">
    <p class='ocr_par' dir='ltr' id='par_1_45' title="bbox 136 3232 1706 3313">
     <span class='ocr_line' id='line_1_45' title="bbox 136 3232 1706 3313; baseline 0.011 -27"><span class='ocrx_word' id='word_1_339' title='bbox 136 3232 342 3288; x_wconf 86' lang='lat' dir='ltr'><strong>tissima</strong></span> <span class='ocrx_word' id='word_1_340' title='bbox 386 3233 537 3301; x_wconf 83' lang='lat' dir='ltr'><strong>ﬁdes,</strong></span> <span class='ocrx_word' id='word_1_341' title='bbox 586 3251 749 3306; x_wconf 87' lang='lat' dir='ltr'><strong>quam</strong></span> <span class='ocrx_word' id='word_1_342' title='bbox 788 3237 1035 3294; x_wconf 90' lang='lat' dir='ltr'><strong>doctores</strong></span> <span class='ocrx_word' id='word_1_343' title='bbox 1061 3242 1231 3295; x_wconf 85' lang='lat' dir='ltr'><strong>nostri</strong></span> <span class='ocrx_word' id='word_1_344' title='bbox 1261 3244 1615 3313; x_wconf 85' lang='lat' dir='ltr'><strong>tradiderunt,</strong></span> <span class='ocrx_word' id='word_1_345' title='bbox 1644 3258 1706 3304; x_wconf 92' lang='lat' dir='ltr'><strong>ut</strong></span> 
     </span>
    </p>
   </div>
   <div class='ocr_carea' id='block_1_46' title="bbox 1818 1870 3497 1950">
    <p class='ocr_par' dir='ltr' id='par_1_46' title="bbox 1818 1870 3497 1950">
     <span class='ocr_line' id='line_1_46' title="bbox 1818 1870 3497 1950; baseline 0.001 -17"><span class='ocrx_word' id='word_1_346' title='bbox 1818 1886 2063 1949; x_wconf 84' lang='lat' dir='ltr'><strong>peccato,</strong></span> <span class='ocrx_word' id='word_1_347' title='bbox 2097 1870 2187 1936; x_wconf 87' lang='lat' dir='ltr'><strong>ubi</strong></span> <span class='ocrx_word' id='word_1_348' title='bbox 2223 1895 2320 1950; x_wconf 89' lang='lat' dir='ltr'><strong>par</strong></span> <span class='ocrx_word' id='word_1_349' title='bbox 2366 1881 2651 1939; x_wconf 84' lang='lat' dir='ltr'><strong>voluntatis</strong></span> <span class='ocrx_word' id='word_1_350' title='bbox 2688 1897 2799 1937; x_wconf 87' lang='lat' dir='ltr'><strong>non</strong></span> <span class='ocrx_word' id='word_1_351' title='bbox 2843 1888 3054 1936; x_wconf 83' lang='lat' dir='ltr'><strong>tenetur</strong></span> <span class='ocrx_word' id='word_1_352' title='bbox 3090 1880 3395 1937; x_wconf 77' lang='lat' dir='ltr'><strong>censensio.</strong></span> <span class='ocrx_word' id='word_1_353' title='bbox 3496 1906 3497 1909; x_wconf 54' lang='grc' dir='ltr'><strong>η</strong></span> 
     </span>
    </p>
   </div>
   <div class='ocr_carea' id='block_1_47' title="bbox 1816 1968 3402 2039">
    <p class='ocr_par' dir='ltr' id='par_1_47' title="bbox 1816 1968 3402 2039">
     <span class='ocr_line' id='line_1_47' title="bbox 1816 1968 3402 2039; baseline 0.001 -16"><span class='ocrx_word' id='word_1_354' title='bbox 1816 1968 2108 2039; x_wconf 82' lang='lat' dir='ltr'><strong>Legitimas</strong></span> <span class='ocrx_word' id='word_1_355' title='bbox 2134 1972 2347 2039; x_wconf 85' lang='lat' dir='ltr'><strong>nuptias</strong></span> <span class='ocrx_word' id='word_1_356' title='bbox 2376 1985 2485 2026; x_wconf 90' lang='lat' dir='ltr'><strong>non</strong></span> <span class='ocrx_word' id='word_1_357' title='bbox 2520 1970 2663 2025; x_wconf 89' lang='lat' dir='ltr'><strong>credi</strong></span> <span class='ocrx_word' id='word_1_358' title='bbox 2693 1970 3042 2036; x_wconf 76' lang='lat' dir='ltr'><strong>damnandus,</strong></span> <span class='ocrx_word' id='word_1_359' title='bbox 3068 1970 3193 2031; x_wconf 81' lang='lat' dir='ltr'><strong>licet</strong></span> <span class='ocrx_word' id='word_1_360' title='bbox 3215 1985 3280 2025; x_wconf 79' lang='lat' dir='ltr'><strong>ex</strong></span> <span class='ocrx_word' id='word_1_361' title='bbox 3313 1970 3402 2025; x_wconf 88' lang='lat' dir='ltr'><strong>eis.</strong></span> 
     </span>
    </p>
   </div>
   <div class='ocr_carea' id='block_1_48' title="bbox 1817 2056 3393 2141">
    <p class='ocr_par' dir='ltr' id='par_1_48' title="bbox 1817 2056 3393 2141">
     <span class='ocr_line' id='line_1_48' title="bbox 1817 2056 3393 2141; baseline 0.001 -27"><span class='ocrx_word' id='word_1_362' title='bbox 1817 2074 2031 2141; x_wconf 79' lang='lat' dir='ltr'><strong>quoque</strong></span> <span class='ocrx_word' id='word_1_363' title='bbox 2056 2061 2299 2132; x_wconf 77' lang='lat' dir='ltr'><strong>originali</strong></span> <span class='ocrx_word' id='word_1_364' title='bbox 2331 2056 2552 2131; x_wconf 85' lang='lat' dir='ltr'><strong>peccato</strong></span> <span class='ocrx_word' id='word_1_365' title='bbox 2581 2060 2813 2115; x_wconf 77' lang='lat' dir='ltr'><strong>obnoxia</strong></span> <span class='ocrx_word' id='word_1_366' title='bbox 2844 2060 3099 2115; x_wconf 85' lang='lat' dir='ltr'><strong>credatur</strong></span> <span class='ocrx_word' id='word_1_367' title='bbox 3122 2060 3273 2115; x_wconf 84' lang='lat' dir='ltr'><strong>nasci</strong></span> <span class='ocrx_word' id='word_1_368' title='bbox 3302 2076 3393 2131; x_wconf 85' lang='lat' dir='ltr'><strong>po-</strong></span> 
     </span>
    </p>
   </div>
   <div class='ocr_carea' id='block_1_49' title="bbox 1816 2151 3389 2222">
    <p class='ocr_par' dir='ltr' id='par_1_49' title="bbox 1816 2151 3389 2222">
     <span class='ocr_line' id='line_1_49' title="bbox 1816 2151 3389 2222; baseline 0 -17"><span class='ocrx_word' id='word_1_369' title='bbox 1816 2152 2073 2218; x_wconf 80' lang='lat' dir='ltr'><strong>steritas;</strong></span> <span class='ocrx_word' id='word_1_370' title='bbox 2097 2152 2282 2221; x_wconf 83' lang='lat' dir='ltr'><strong>eisque</strong></span> <span class='ocrx_word' id='word_1_371' title='bbox 2313 2152 2436 2222; x_wconf 90' lang='lat' dir='ltr'><strong>jure</strong></span> <span class='ocrx_word' id='word_1_372' title='bbox 2474 2151 3003 2221; x_wconf 84' lang='lat' dir='ltr'><strong>ﬁdelium-virginum</strong></span> <span class='ocrx_word' id='word_1_373' title='bbox 3029 2151 3389 2205; x_wconf 72' lang='lat' dir='ltr'><strong>etcontinen-</strong></span> 
     </span>
    </p>
   </div>
   <div class='ocr_carea' id='block_1_50' title="bbox 1815 2240 3389 2311">
    <p class='ocr_par' dir='ltr' id='par_1_50' title="bbox 1815 2240 3389 2311">
     <span class='ocr_line' id='line_1_50' title="bbox 1815 2240 3389 2311; baseline 0.001 -18"><span class='ocrx_word' id='word_1_374' title='bbox 1815 2242 1950 2295; x_wconf 89' lang='lat' dir='ltr'><strong>tium</strong></span> <span class='ocrx_word' id='word_1_375' title='bbox 1984 2241 2319 2309; x_wconf 67' lang='lat' dir='ltr'><strong>praeferenda</strong></span> <span class='ocrx_word' id='word_1_376' title='bbox 2347 2242 2603 2299; x_wconf 87' lang='lat' dir='ltr'><strong>doceatur</strong></span> <span class='ocrx_word' id='word_1_377' title='bbox 2630 2242 2927 2311; x_wconf 79' lang='lat' dir='ltr'><strong>integritas.</strong></span> <span class='ocrx_word' id='word_1_378' title='bbox 2974 2240 3254 2296; x_wconf 73' lang='lat' dir='ltr'><strong>Ne&#39;unum</strong></span> <span class='ocrx_word' id='word_1_379' title='bbox 3294 2242 3389 2299; x_wconf 87' lang='lat' dir='ltr'><strong>ba-</strong></span> 
     </span>
    </p>
   </div>
   <div class='ocr_carea' id='block_1_51' title="bbox 1814 2330 3389 2404">
    <p class='ocr_par' dir='ltr' id='par_1_51' title="bbox 1814 2330 3389 2404">
     <span class='ocr_line' id='line_1_51' title="bbox 1814 2330 3389 2404; baseline 0.003 -20"><span class='ocrx_word' id='word_1_380' title='bbox 1814 2330 2070 2399; x_wconf 89' lang='lat' dir='ltr'><strong>ptismum</strong></span> <span class='ocrx_word' id='word_1_381' title='bbox 2102 2330 2382 2387; x_wconf 87' lang='lat' dir='ltr'><strong>Trinitatis</strong></span> <span class='ocrx_word' id='word_1_382' title='bbox 2410 2330 2572 2402; x_wconf 82' lang='lat' dir='ltr'><strong>(quod</strong></span> <span class='ocrx_word' id='word_1_383' title='bbox 2600 2332 2752 2396; x_wconf 72' lang='lat' dir='ltr'><strong>nefas</strong></span> <span class='ocrx_word' id='word_1_384' title='bbox 2777 2333 2880 2403; x_wconf 87' lang='lat' dir='ltr'><strong>est)</strong></span> <span class='ocrx_word' id='word_1_385' title='bbox 2920 2332 3183 2397; x_wconf 75' lang='lat' dir='ltr'><strong>itcretur;</strong></span> <span class='ocrx_word' id='word_1_386' title='bbox 3214 2348 3389 2404; x_wconf 84' lang='lat' dir='ltr'><strong>neque</strong></span> 
     </span>
    </p>
   </div>
   <div class='ocr_carea' id='block_1_52' title="bbox 1813 2420 3389 2495">
    <p class='ocr_par' dir='ltr' id='par_1_52' title="bbox 1813 2420 3389 2495">
     <span class='ocr_line' id='line_1_52' title="bbox 1813 2420 3389 2495; baseline 0.003 -21"><span class='ocrx_word' id='word_1_387' title='bbox 1813 2435 1912 2489; x_wconf 91' lang='lat' dir='ltr'><strong>pro</strong></span> <span class='ocrx_word' id='word_1_388' title='bbox 1939 2420 2248 2489; x_wconf 88' lang='lat' dir='ltr'><strong>diversitate</strong></span> <span class='ocrx_word' id='word_1_389' title='bbox 2276 2423 2597 2478; x_wconf 90' lang='lat' dir='ltr'><strong>tradentium</strong></span> <span class='ocrx_word' id='word_1_390' title='bbox 2634 2424 3001 2480; x_wconf 90' lang='lat' dir='ltr'><strong>ministrorum</strong></span> <span class='ocrx_word' id='word_1_391' title='bbox 3032 2422 3256 2495; x_wconf 73' lang='lat' dir='ltr'><strong>singulis</strong></span> <span class='ocrx_word' id='word_1_392' title='bbox 3290 2439 3389 2495; x_wconf 87' lang='lat' dir='ltr'><strong>pu-</strong></span> 
     </span>
    </p>
   </div>
   <div class='ocr_carea' id='block_1_53' title="bbox 1816 2500 3387 2588">
    <p class='ocr_par' dir='ltr' id='par_1_53' title="bbox 1816 2500 3387 2588">
     <span class='ocr_line' id='line_1_53' title="bbox 1816 2500 3387 2588; baseline 0.003 -23"><span class='ocrx_word' id='word_1_393' title='bbox 1816 2515 1959 2588; x_wconf 79' lang='lat' dir='ltr'><strong>tetur</strong></span> <span class='ocrx_word' id='word_1_394' title='bbox 1986 2500 2285 2585; x_wconf 82' lang='lat' dir='ltr'><strong>quibusque</strong></span> <span class='ocrx_word' id='word_1_395' title='bbox 2333 2512 2596 2577; x_wconf 81' lang='lat' dir='ltr'><strong>conﬁteri,</strong></span> <span class='ocrx_word' id='word_1_396' title='bbox 2642 2514 2732 2586; x_wconf 86' lang='lat' dir='ltr'><strong>sed</strong></span> <span class='ocrx_word' id='word_1_397' title='bbox 2758 2512 2839 2573; x_wconf 79' lang='lat' dir='ltr'><strong>ab</strong></span> <span class='ocrx_word' id='word_1_398' title='bbox 2864 2527 2928 2567; x_wconf 92' lang='lat' dir='ltr'><strong>eo</strong></span> <span class='ocrx_word' id='word_1_399' title='bbox 2955 2513 3210 2587; x_wconf 88' lang='lat' dir='ltr'><strong>singulari</strong></span> <span class='ocrx_word' id='word_1_400' title='bbox 3234 2523 3387 2584; x_wconf 83' lang='lat' dir='ltr'><strong>pote-</strong></span> 
     </span>
    </p>
   </div>
   <div class='ocr_carea' id='block_1_54' title="bbox 1814 2590 3383 2679">
    <p class='ocr_par' dir='ltr' id='par_1_54' title="bbox 1814 2590 3383 2679">
     <span class='ocr_line' id='line_1_54' title="bbox 1814 2590 3383 2679; baseline 0.001 -21"><span class='ocrx_word' id='word_1_401' title='bbox 1814 2606 1950 2677; x_wconf 83' lang='lat' dir='ltr'><strong>state</strong></span> <span class='ocrx_word' id='word_1_402' title='bbox 1988 2590 2199 2679; x_wconf 77' lang='lat' dir='ltr'><strong>donari,</strong></span> <span class='ocrx_word' id='word_1_403' title='bbox 2246 2605 2313 2663; x_wconf 91' lang='lat' dir='ltr'><strong>de</strong></span> <span class='ocrx_word' id='word_1_404' title='bbox 2346 2618 2453 2676; x_wconf 91' lang='lat' dir='ltr'><strong>quo</strong></span> <span class='ocrx_word' id='word_1_405' title='bbox 2487 2606 2689 2661; x_wconf 87' lang='lat' dir='ltr'><strong>dictum</strong></span> <span class='ocrx_word' id='word_1_406' title='bbox 2734 2604 2998 2677; x_wconf 85' lang='lat' dir='ltr'><strong>legimus:</strong></span> <span class='ocrx_word' id='word_1_407' title='bbox 3033 2600 3383 2677; x_wconf 53' lang='lat' dir='ltr'><strong>Super&#39;quem</strong></span> 
     </span>
    </p>
   </div>
   <div class='ocr_carea' id='block_1_55' title="bbox 1811 2695 3387 2774">
    <p class='ocr_par' dir='ltr' id='par_1_55' title="bbox 1811 2695 3387 2774">
     <span class='ocr_line' id='line_1_55' title="bbox 1811 2695 3387 2774; baseline 0 -23"><span class='ocrx_word' id='word_1_408' title='bbox 1811 2697 2001 2759; x_wconf 64' lang='lat' dir='ltr'><strong>uideris</strong></span> <span class='ocrx_word' id='word_1_409' title='bbox 2048 2695 2304 2768; x_wconf 77' lang='lat' dir='ltr'><strong>Spiritum</strong></span> <span class='ocrx_word' id='word_1_410' title='bbox 2340 2698 2741 2774; x_wconf 69' lang='lat' dir='ltr'><strong>descendentem</strong></span> <span class='ocrx_word' id='word_1_411' title='bbox 2782 2708 2837 2758; x_wconf 70' lang='lat' dir='ltr'><strong>et</strong></span> <span class='ocrx_word' id='word_1_412' title='bbox 2890 2708 3179 2753; x_wconf 85' lang='lat' dir='ltr'><strong>manentem</strong></span> <span class='ocrx_word' id='word_1_413' title='bbox 3230 2715 3387 2768; x_wconf 86' lang='lat' dir='ltr'><strong>super</strong></span> 
     </span>
    </p>
   </div>
   <div class='ocr_carea' id='block_1_56' title="bbox 1810 2786 3382 2869">
    <p class='ocr_par' dir='ltr' id='par_1_56' title="bbox 1810 2786 3382 2869">
     <span class='ocr_line' id='line_1_56' title="bbox 1810 2786 3382 2869; baseline 0.002 -29"><span class='ocrx_word' id='word_1_414' title='bbox 1810 2802 1949 2852; x_wconf 89' lang='lat' dir='ltr'><strong>eum,</strong></span> <span class='ocrx_word' id='word_1_415' title='bbox 1966 2786 2142 2861; x_wconf 5' lang='lat' dir='ltr'><strong>hicqest</strong></span> <span class='ocrx_word' id='word_1_416' title='bbox 2164 2788 2254 2858; x_wconf 86' lang='lat' dir='ltr'><strong>qui</strong></span> <span class='ocrx_word' id='word_1_417' title='bbox 2272 2786 2507 2869; x_wconf 32' lang='lat' dir='ltr'><strong>‘baptiaat</strong></span> <span class='ocrx_word' id='word_1_418' title='bbox 2532 2788 2585 2841; x_wconf 88' lang='lat' dir='ltr'><strong>in</strong></span> <span class='ocrx_word' id='word_1_419' title='bbox 2611 2786 2810 2857; x_wconf 81' lang='lat' dir='ltr'><strong>Spiritu</strong></span> <span class='ocrx_word' id='word_1_420' title='bbox 2834 2797 3048 2851; x_wconf 87' lang='lat' dir='ltr'><strong>sancto;</strong></span> <span class='ocrx_word' id='word_1_421' title='bbox 3070 2797 3116 2841; x_wconf 84' lang='lat' dir='ltr'><strong>et</strong></span> <span class='ocrx_word' id='word_1_422' title='bbox 3135 2803 3227 2865; x_wconf 84' lang='lat' dir='ltr'><strong>ego</strong></span> <span class='ocrx_word' id='word_1_423' title='bbox 3256 2786 3382 2852; x_wconf 78' lang='lat' dir='ltr'><strong>uidi,</strong></span> 
     </span>
    </p>
   </div>
   <div class='ocr_carea' id='block_1_57' title="bbox 1788 2862 3377 2953">
    <p class='ocr_par' dir='ltr' id='par_1_57' title="bbox 1788 2862 3377 2953">
     <span class='ocr_line' id='line_1_57' title="bbox 1788 2862 3377 2953; baseline 0 -18"><span class='ocrx_word' id='word_1_424' title='bbox 1788 2890 1858 2935; x_wconf 79' lang='lat' dir='ltr'><strong>et</strong></span> <span class='ocrx_word' id='word_1_425' title='bbox 1888 2862 2495 2951; x_wconf 68' lang='lat' dir='ltr'><strong>testimoniumperhibui</strong></span> <span class='ocrx_word' id='word_1_426' title='bbox 2515 2883 2636 2953; x_wconf 88' lang='lat' dir='ltr'><strong>quia</strong></span> <span class='ocrx_word' id='word_1_427' title='bbox 2662 2882 2744 2936; x_wconf 74' lang='lat' dir='ltr'><strong>hic</strong></span> <span class='ocrx_word' id='word_1_428' title='bbox 2771 2890 2845 2935; x_wconf 80' lang='lat' dir='ltr'><strong>est</strong></span> <span class='ocrx_word' id='word_1_429' title='bbox 2873 2879 2920 2933; x_wconf 84' lang='lat' dir='ltr'><em>F</em></span> <span class='ocrx_word' id='word_1_430' title='bbox 2923 2880 3046 2937; x_wconf 82' lang='lat' dir='ltr'><strong>ilius</strong></span> <span class='ocrx_word' id='word_1_431' title='bbox 3073 2880 3170 2937; x_wconf 86' lang='lat' dir='ltr'><strong>Dei</strong></span> <span class='ocrx_word' id='word_1_432' title='bbox 3194 2862 3377 2951; x_wconf 68' lang='lat' dir='ltr'><strong>(Joan.</strong></span> 
     </span>
    </p>
   </div>
   <div class='ocr_carea' id='block_1_58' title="bbox 1812 2971 3382 3046">
    <p class='ocr_par' dir='ltr' id='par_1_58' title="bbox 1812 2971 3382 3046">
     <span class='ocr_line' id='line_1_58' title="bbox 1812 2971 3382 3046; baseline -0.001 -21"><span class='ocrx_word' id='word_1_433' title='bbox 1812 2971 1872 3046; x_wconf 76' lang='lat'><strong>1).</strong></span> <span class='ocrx_word' id='word_1_434' title='bbox 1920 2972 1987 3027; x_wconf 82' lang='lat' dir='ltr'><strong>Et</strong></span> <span class='ocrx_word' id='word_1_435' title='bbox 2028 2986 2097 3026; x_wconf 91' lang='lat' dir='ltr'><strong>ne</strong></span> <span class='ocrx_word' id='word_1_436' title='bbox 2130 2972 2459 3042; x_wconf 69' lang='lat' dir='ltr'><strong>pmnitentizc</strong></span> <span class='ocrx_word' id='word_1_437' title='bbox 2488 2972 2737 3027; x_wconf 89' lang='lat' dir='ltr'><strong>remediis</strong></span> <span class='ocrx_word' id='word_1_438' title='bbox 2773 2986 2879 3040; x_wconf 84' lang='lat' dir='ltr'><strong>non</strong></span> <span class='ocrx_word' id='word_1_439' title='bbox 2915 2985 3073 3043; x_wconf 89' lang='lat' dir='ltr'><strong>egere</strong></span> <span class='ocrx_word' id='word_1_440' title='bbox 3110 2978 3382 3040; x_wconf 78' lang='lat' dir='ltr'><strong>putemus.</strong></span> 
     </span>
    </p>
   </div>
   <div class='ocr_carea' id='block_1_59' title="bbox 1810 3058 3381 3137">
    <p class='ocr_par' dir='ltr' id='par_1_59' title="bbox 1810 3058 3381 3137">
     <span class='ocr_line' id='line_1_59' title="bbox 1810 3058 3381 3137; baseline -0.001 -22"><span class='ocrx_word' id='word_1_441' title='bbox 1810 3075 1911 3130; x_wconf 91' lang='lat' dir='ltr'><strong>pro</strong></span> <span class='ocrx_word' id='word_1_442' title='bbox 1942 3062 2270 3131; x_wconf 88' lang='lat' dir='ltr'><strong>quotidianis</strong></span> <span class='ocrx_word' id='word_1_443' title='bbox 2298 3062 2543 3137; x_wconf 67' lang='lat' dir='ltr'><strong>humana:</strong></span> <span class='ocrx_word' id='word_1_444' title='bbox 2566 3060 2874 3132; x_wconf 83' lang='lat' dir='ltr'><strong>fragilitatis</strong></span> <span class='ocrx_word' id='word_1_445' title='bbox 2898 3060 3228 3124; x_wconf 76' lang='lat' dir='ltr'><strong>excessibus,</strong></span> <span class='ocrx_word' id='word_1_446' title='bbox 3250 3058 3381 3113; x_wconf 83' lang='lat' dir='ltr'><strong>sine</strong></span> 
     </span>
    </p>
   </div>
   <div class='ocr_carea' id='block_1_60' title="bbox 1808 3148 3381 3225">
    <p class='ocr_par' dir='ltr' id='par_1_60' title="bbox 1808 3148 3381 3225">
     <span class='ocr_line' id='line_1_60' title="bbox 1808 3148 3381 3225; baseline -0.003 -19"><span class='ocrx_word' id='word_1_447' title='bbox 1808 3153 2102 3223; x_wconf 87' lang='lat' dir='ltr'><strong>quibusin</strong></span> <span class='ocrx_word' id='word_1_448' title='bbox 2130 3153 2232 3207; x_wconf 90' lang='lat' dir='ltr'><strong>hac</strong></span> <span class='ocrx_word' id='word_1_449' title='bbox 2260 3152 2366 3225; x_wconf 89' lang='lat' dir='ltr'><strong>vita</strong></span> <span class='ocrx_word' id='word_1_450' title='bbox 2395 3166 2513 3206; x_wconf 87' lang='lat' dir='ltr'><strong>esse</strong></span> <span class='ocrx_word' id='word_1_451' title='bbox 2532 3167 2653 3206; x_wconf 89' lang='lat' dir='ltr'><strong>.nou</strong></span> <span class='ocrx_word' id='word_1_452' title='bbox 2678 3166 2981 3222; x_wconf 90' lang='lat' dir='ltr'><strong>possumus,</strong></span> <span class='ocrx_word' id='word_1_453' title='bbox 3024 3150 3099 3206; x_wconf 90' lang='lat' dir='ltr'><strong>ita</strong></span> <span class='ocrx_word' id='word_1_454' title='bbox 3128 3156 3186 3205; x_wconf 91' lang='lat' dir='ltr'><strong>ut</strong></span> <span class='ocrx_word' id='word_1_455' title='bbox 3210 3148 3381 3219; x_wconf 77' lang='grc' dir='ltr'><strong>ι)ωηὶ-</strong></span> 
     </span>
    </p>
   </div>
   <div class='ocr_carea' id='block_1_61' title="bbox 1808 3238 3379 3321">
    <p class='ocr_par' dir='ltr' id='par_1_61' title="bbox 1808 3238 3379 3321">
     <span class='ocr_line' id='line_1_61' title="bbox 1808 3238 3379 3321; baseline -0.004 -24"><span class='ocrx_word' id='word_1_456' title='bbox 1808 3244 1985 3299; x_wconf 66' lang='grc' dir='ltr'><strong>ιοηιίω</strong></span> <span class='ocrx_word' id='word_1_457' title='bbox 2040 3243 2448 3321; x_wconf 85' lang='lat' dir='ltr'><strong>compunctione</strong></span> <span class='ocrx_word' id='word_1_458' title='bbox 2495 3241 2771 3300; x_wconf 84' lang='lat' dir='ltr'><strong>fructuosa</strong></span> <span class='ocrx_word' id='word_1_459' title='bbox 2802 3242 3061 3319; x_wconf 85' lang='lat' dir='ltr'><strong>universa</strong></span> <span class='ocrx_word' id='word_1_460' title='bbox 3113 3238 3379 3293; x_wconf 72' lang='lat' dir='ltr'><strong>fateamur</strong></span> 
     </span>
    </p>
   </div>
   <div class='ocr_carea' id='block_1_62' title="bbox 130 3324 3375 3408">
    <p class='ocr_par' dir='ltr' id='par_1_62' title="bbox 130 3324 3375 3408">
     <span class='ocr_line' id='line_1_62' title="bbox 130 3324 3375 3408; baseline 0.001 -29"><span class='ocrx_word' id='word_1_461' title='bbox 130 3324 482 3393; x_wconf 85' lang='lat' dir='ltr'><strong>profiteamur</strong></span> <span class='ocrx_word' id='word_1_462' title='bbox 504 3325 743 3393; x_wconf 60' lang='lat' dir='ltr'><strong>Patrem,</strong></span> <span class='ocrx_word' id='word_1_463' title='bbox 768 3336 824 3383; x_wconf 93' lang='lat' dir='ltr'><strong>et</strong></span> <span class='ocrx_word' id='word_1_464' title='bbox 843 3328 1057 3395; x_wconf 84' lang='lat' dir='ltr'><strong>Filium,</strong></span> <span class='ocrx_word' id='word_1_465' title='bbox 1097 3339 1150 3385; x_wconf 91' lang='lat' dir='ltr'><strong>et</strong></span> <span class='ocrx_word' id='word_1_466' title='bbox 1179 3330 1438 3402; x_wconf 86' lang='lat' dir='ltr'><strong>Spiritum</strong></span> <span class='ocrx_word' id='word_1_467' title='bbox 1461 3345 1725 3392; x_wconf 19' lang='lat' dir='ltr'><strong>sanctum.</strong></span> <span class='ocrx_word' id='word_1_468' title='bbox 1804 3336 1970 3391; x_wconf 90' lang='lat' dir='ltr'><strong>deleri</strong></span> <span class='ocrx_word' id='word_1_469' title='bbox 1990 3346 2234 3408; x_wconf 82' lang='lat' dir='ltr'><strong>peccata,</strong></span> <span class='ocrx_word' id='word_1_470' title='bbox 2264 3335 2402 3389; x_wconf 90' lang='lat' dir='ltr'><strong>sicut</strong></span> <span class='ocrx_word' id='word_1_471' title='bbox 2431 3333 2691 3402; x_wconf 86' lang='lat' dir='ltr'><strong>scriptum</strong></span> <span class='ocrx_word' id='word_1_472' title='bbox 2711 3338 2794 3386; x_wconf 89' lang='lat' dir='ltr'><strong>est</strong></span> <span class='ocrx_word' id='word_1_473' title='bbox 2818 3349 2829 3384; x_wconf 94' lang='lat'>:</span> <span class='ocrx_word' id='word_1_474' title='bbox 2860 3329 3011 3384; x_wconf 83' lang='lat' dir='ltr'><strong>Beati</strong></span> <span class='ocrx_word' id='word_1_475' title='bbox 3038 3344 3259 3401; x_wconf 84' lang='lat' dir='ltr'><strong>quorum</strong></span> <span class='ocrx_word' id='word_1_476' title='bbox 3292 3344 3375 3381; x_wconf 81' lang='lat' dir='ltr'><strong>re-</strong></span> 
     </span>
    </p>
   </div>
   <div class='ocr_carea' id='block_1_63' title="bbox 130 3415 3371 3500">
    <p class='ocr_par' dir='ltr' id='par_1_63' title="bbox 130 3415 3371 3500">
     <span class='ocr_line' id='line_1_63' title="bbox 130 3415 3371 3500; baseline 0.001 -30"><span class='ocrx_word' id='word_1_477' title='bbox 130 3415 290 3470; x_wconf 90' lang='lat' dir='ltr'><strong>unius</strong></span> <span class='ocrx_word' id='word_1_478' title='bbox 327 3418 593 3483; x_wconf 71' lang='lat' dir='ltr'><strong>essentite,</strong></span> <span class='ocrx_word' id='word_1_479' title='bbox 623 3417 861 3487; x_wconf 84' lang='lat' dir='ltr'><strong>ejusdem</strong></span> <span class='ocrx_word' id='word_1_480' title='bbox 898 3422 1183 3488; x_wconf 89' lang='lat' dir='ltr'><strong>potestatis</strong></span> <span class='ocrx_word' id='word_1_481' title='bbox 1220 3431 1275 3477; x_wconf 92' lang='lat' dir='ltr'><strong>et</strong></span> <span class='ocrx_word' id='word_1_482' title='bbox 1314 3426 1708 3495; x_wconf 89' lang='lat' dir='ltr'><strong>sempiternita-</strong></span> <span class='ocrx_word' id='word_1_483' title='bbox 1793 3428 1976 3493; x_wconf 57' lang='lat' dir='ltr'><strong>inissa:</strong></span> <span class='ocrx_word' id='word_1_484' title='bbox 2001 3436 2122 3481; x_wconf 81' lang='lat' dir='ltr'><strong>sunt</strong></span> <span class='ocrx_word' id='word_1_485' title='bbox 2144 3426 2458 3495; x_wconf 77' lang='lat' dir='ltr'><strong>iniquitates,</strong></span> <span class='ocrx_word' id='word_1_486' title='bbox 2488 3434 2535 3478; x_wconf 84' lang='lat' dir='ltr'><strong>et</strong></span> <span class='ocrx_word' id='word_1_487' title='bbox 2557 3438 2781 3500; x_wconf 74' lang='lat' dir='ltr'><strong>gumum</strong></span> <span class='ocrx_word' id='word_1_488' title='bbox 2813 3429 2944 3474; x_wconf 84' lang='lat' dir='ltr'><strong>tecta</strong></span> <span class='ocrx_word' id='word_1_489' title='bbox 2983 3418 3101 3475; x_wconf 76' lang='lat' dir='ltr'><strong>sunt</strong></span> <span class='ocrx_word' id='word_1_490' title='bbox 3140 3427 3371 3489; x_wconf 78' lang='lat' dir='ltr'><strong>peceata.</strong></span> 
     </span>
    </p>
   </div>
   <div class='ocr_carea' id='block_1_64' title="bbox 134 3508 3369 3587">
    <p class='ocr_par' dir='ltr' id='par_1_64' title="bbox 134 3508 3369 3587">
     <span class='ocr_line' id='line_1_64' title="bbox 134 3508 3369 3587; baseline 0 -26"><span class='ocrx_word' id='word_1_491' title='bbox 134 3509 219 3573; x_wconf 89' lang='lat' dir='ltr'><strong>lis,</strong></span> <span class='ocrx_word' id='word_1_492' title='bbox 258 3524 425 3563; x_wconf 92' lang='lat' dir='ltr'><strong>unum</strong></span> <span class='ocrx_word' id='word_1_493' title='bbox 464 3510 806 3577; x_wconf 84' lang='lat' dir='ltr'><strong>invisibilem,</strong></span> <span class='ocrx_word' id='word_1_494' title='bbox 836 3512 907 3565; x_wconf 86' lang='lat' dir='ltr'><strong>ita</strong></span> <span class='ocrx_word' id='word_1_495' title='bbox 933 3520 993 3567; x_wconf 92' lang='lat' dir='ltr'><strong>ut</strong></span> <span class='ocrx_word' id='word_1_496' title='bbox 1017 3513 1070 3566; x_wconf 92' lang='lat' dir='ltr'><strong>in</strong></span> <span class='ocrx_word' id='word_1_497' title='bbox 1096 3513 1320 3583; x_wconf 89' lang='lat' dir='ltr'><strong>singulis</strong></span> <span class='ocrx_word' id='word_1_498' title='bbox 1347 3532 1702 3587; x_wconf 90' lang='lat' dir='ltr'><strong>personarum</strong></span> <span class='ocrx_word' id='word_1_499' title='bbox 1802 3515 1998 3572; x_wconf 81' lang='lat' dir='ltr'><strong>Beatus</strong></span> <span class='ocrx_word' id='word_1_500' title='bbox 2022 3516 2098 3585; x_wconf 67' lang='lat' dir='ltr'><strong>uir</strong></span> <span class='ocrx_word' id='word_1_501' title='bbox 2121 3514 2207 3571; x_wconf 75' lang='lat' dir='ltr'><strong>cui</strong></span> <span class='ocrx_word' id='word_1_502' title='bbox 2225 3528 2331 3569; x_wconf 79' lang='lat' dir='ltr'><strong>non</strong></span> <span class='ocrx_word' id='word_1_503' title='bbox 2350 3513 2618 3584; x_wconf 64' lang='lat' dir='ltr'><strong>inputauit</strong></span> <span class='ocrx_word' id='word_1_504' title='bbox 2641 3511 2896 3567; x_wconf 87' lang='lat' dir='ltr'><strong>Dominus</strong></span> <span class='ocrx_word' id='word_1_505' title='bbox 2910 3520 3174 3582; x_wconf 81' lang='lat' dir='ltr'><strong>peccatum</strong></span> <span class='ocrx_word' id='word_1_506' title='bbox 3196 3508 3369 3579; x_wconf 80' lang='lat' dir='ltr'><strong>(Psal.</strong></span> 
     </span>
    </p>
   </div>
   <div class='ocr_carea' id='block_1_65' title="bbox 129 3594 3374 3685">
    <p class='ocr_par' dir='ltr' id='par_1_65' title="bbox 129 3594 3374 3685">
     <span class='ocr_line' id='line_1_65' title="bbox 129 3594 3374 3685; baseline 0 -32"><span class='ocrx_word' id='word_1_507' title='bbox 129 3594 459 3668; x_wconf 72' lang='lat' dir='ltr'><strong>propriétate</strong></span> <span class='ocrx_word' id='word_1_508' title='bbox 497 3610 727 3677; x_wconf 78' lang='lat' dir='ltr'><strong>servata,</strong></span> <span class='ocrx_word' id='word_1_509' title='bbox 773 3615 875 3657; x_wconf 91' lang='lat' dir='ltr'><strong>nec</strong></span> <span class='ocrx_word' id='word_1_510' title='bbox 916 3603 1340 3667; x_wconf 87' lang='lat' dir='ltr'><strong>substantialiter</strong></span> <span class='ocrx_word' id='word_1_511' title='bbox 1373 3608 1605 3683; x_wconf 78' lang='lat' dir='ltr'><strong>trinitas</strong></span> <span class='ocrx_word' id='word_1_512' title='bbox 1620 3609 1704 3663; x_wconf 59' lang='lat' dir='ltr'><strong>di-</strong></span> <span class='ocrx_word' id='word_1_513' title='bbox 1801 3603 1977 3679; x_wconf 76' lang='lat' dir='ltr'><strong>xm).</strong></span> <span class='ocrx_word' id='word_1_514' title='bbox 2024 3604 2238 3662; x_wconf 79' lang='lat' dir='ltr'><strong>Nullum</strong></span> <span class='ocrx_word' id='word_1_515' title='bbox 2266 3620 2479 3677; x_wconf 85' lang='lat' dir='ltr'><strong>quoque</strong></span> <span class='ocrx_word' id='word_1_516' title='bbox 2512 3605 2625 3661; x_wconf 89' lang='lat' dir='ltr'><strong>suis</strong></span> <span class='ocrx_word' id='word_1_517' title='bbox 2649 3603 2873 3685; x_wconf 65' lang='lat' dir='ltr'><strong>viribus,</strong></span> <span class='ocrx_word' id='word_1_518' title='bbox 2898 3601 2992 3659; x_wconf 84' lang='lat' dir='ltr'><strong>sed</strong></span> <span class='ocrx_word' id='word_1_519' title='bbox 3015 3616 3112 3672; x_wconf 82' lang='lat' dir='ltr'><strong>per</strong></span> <span class='ocrx_word' id='word_1_520' title='bbox 3137 3601 3374 3661; x_wconf 82' lang='lat' dir='ltr'><strong>divinam</strong></span> 
     </span>
    </p>
   </div>
   <div class='ocr_carea' id='block_1_66' title="bbox 128 3689 3373 3767">
    <p class='ocr_par' dir='ltr' id='par_1_66' title="bbox 128 3689 3373 3767">
     <span class='ocr_line' id='line_1_66' title="bbox 128 3689 3373 3767; baseline 0.001 -25"><span class='ocrx_word' id='word_1_521' title='bbox 128 3690 260 3752; x_wconf 90' lang='lat' dir='ltr'><strong>vidi,</strong></span> <span class='ocrx_word' id='word_1_522' title='bbox 293 3705 394 3745; x_wconf 91' lang='lat' dir='ltr'><strong>nec</strong></span> <span class='ocrx_word' id='word_1_523' title='bbox 416 3691 769 3761; x_wconf 80' lang='lat' dir='ltr'><strong>personaliter</strong></span> <span class='ocrx_word' id='word_1_524' title='bbox 799 3691 990 3748; x_wconf 90' lang='lat' dir='ltr'><strong>debeat</strong></span> <span class='ocrx_word' id='word_1_525' title='bbox 1020 3696 1239 3753; x_wconf 90' lang='lat' dir='ltr'><strong>omnino</strong></span> <span class='ocrx_word' id='word_1_526' title='bbox 1276 3698 1564 3765; x_wconf 88' lang='lat' dir='ltr'><strong>confundi;</strong></span> <span class='ocrx_word' id='word_1_527' title='bbox 1606 3700 1707 3755; x_wconf 87' lang='lat' dir='ltr'><strong>Pa-</strong></span> <span class='ocrx_word' id='word_1_528' title='bbox 1805 3696 2036 3767; x_wconf 84' lang='lat' dir='ltr'><strong>gratiam</strong></span> <span class='ocrx_word' id='word_1_529' title='bbox 2063 3696 2224 3763; x_wconf 86' lang='lat' dir='ltr'><strong>capiti</strong></span> <span class='ocrx_word' id='word_1_530' title='bbox 2251 3694 2467 3753; x_wconf 82' lang='lat' dir='ltr'><strong>Christo</strong></span> <span class='ocrx_word' id='word_1_531' title='bbox 2484 3692 2755 3764; x_wconf 84' lang='lat' dir='ltr'><strong>subjungi,</strong></span> <span class='ocrx_word' id='word_1_532' title='bbox 2787 3700 2947 3762; x_wconf 86' lang='lat' dir='ltr'><strong>atque</strong></span> <span class='ocrx_word' id='word_1_533' title='bbox 2971 3689 3252 3760; x_wconf 74' lang='lat' dir='ltr'><strong>indiruptm</strong></span> <span class='ocrx_word' id='word_1_534' title='bbox 3277 3706 3373 3760; x_wconf 86' lang='lat' dir='ltr'><strong>pa-</strong></span> 
     </span>
    </p>
   </div>
   <div class='ocr_carea' id='block_1_67' title="bbox 132 3776 3369 3862">
    <p class='ocr_par' dir='ltr' id='par_1_67' title="bbox 132 3776 3369 3862">
     <span class='ocr_line' id='line_1_67' title="bbox 132 3776 3369 3862; baseline 0.001 -27"><span class='ocrx_word' id='word_1_535' title='bbox 132 3792 264 3836; x_wconf 90' lang='lat' dir='ltr'><strong>trem</strong></span> <span class='ocrx_word' id='word_1_536' title='bbox 288 3798 502 3852; x_wconf 89' lang='lat' dir='ltr'><strong>quoque</strong></span> <span class='ocrx_word' id='word_1_537' title='bbox 526 3784 767 3839; x_wconf 74' lang='lat' dir='ltr'><strong>confiteri</strong></span> <span class='ocrx_word' id='word_1_538' title='bbox 791 3785 1109 3856; x_wconf 89' lang='lat' dir='ltr'><strong>ingenitum,</strong></span> <span class='ocrx_word' id='word_1_539' title='bbox 1129 3788 1326 3844; x_wconf 89' lang='lat' dir='ltr'><strong>Filium</strong></span> <span class='ocrx_word' id='word_1_540' title='bbox 1350 3786 1701 3862; x_wconf 84' lang='lat' dir='ltr'><strong>unigenitum,</strong></span> <span class='ocrx_word' id='word_1_541' title='bbox 1804 3786 1882 3842; x_wconf 83' lang='lat' dir='ltr'><strong>eis</strong></span> <span class='ocrx_word' id='word_1_542' title='bbox 1910 3776 2305 3857; x_wconf 83' lang='lat' dir='ltr'><strong>perseverantia</strong></span> <span class='ocrx_word' id='word_1_543' title='bbox 2345 3784 2399 3841; x_wconf 90' lang='lat' dir='ltr'><strong>in</strong></span> <span class='ocrx_word' id='word_1_544' title='bbox 2426 3784 2631 3839; x_wconf 84' lang='lat' dir='ltr'><strong>unitate</strong></span> <span class='ocrx_word' id='word_1_545' title='bbox 2666 3782 2919 3847; x_wconf 71' lang='lat' dir='ltr'><strong>Ecclesiae</strong></span> <span class='ocrx_word' id='word_1_546' title='bbox 2937 3781 3104 3850; x_wconf 87' lang='lat' dir='ltr'><strong>ipsius</strong></span> <span class='ocrx_word' id='word_1_547' title='bbox 3129 3779 3369 3837; x_wconf 87' lang='lat' dir='ltr'><strong>solidari.</strong></span> 
     </span>
    </p>
   </div>
   <div class='ocr_carea' id='block_1_68' title="bbox 129 3862 3375 3955">
    <p class='ocr_par' dir='ltr' id='par_1_68' title="bbox 129 3862 3375 3955">
     <span class='ocr_line' id='line_1_68' title="bbox 129 3862 3375 3955; baseline 0 -30"><span class='ocrx_word' id='word_1_548' title='bbox 129 3872 390 3942; x_wconf 86' lang='lat' dir='ltr'><strong>Spiritum</strong></span> <span class='ocrx_word' id='word_1_549' title='bbox 435 3881 612 3928; x_wconf 88' lang='lat' dir='ltr'><strong>autem</strong></span> <span class='ocrx_word' id='word_1_550' title='bbox 643 3862 895 3955; x_wconf 15' lang='lat' dir='ltr'><strong>sanctum.</strong></span> <span class='ocrx_word' id='word_1_551' title='bbox 938 3891 1037 3937; x_wconf 87' lang='lat' dir='ltr'><strong>nec</strong></span> <span class='ocrx_word' id='word_1_552' title='bbox 1077 3878 1315 3945; x_wconf 86' lang='lat' dir='ltr'><strong>genitum</strong></span> <span class='ocrx_word' id='word_1_553' title='bbox 1362 3896 1463 3935; x_wconf 85' lang='lat' dir='ltr'><strong>nec</strong></span> <span class='ocrx_word' id='word_1_554' title='bbox 1502 3870 1707 3953; x_wconf 73' lang='lat' dir='ltr'><strong>ingeni-</strong></span> <span class='ocrx_word' id='word_1_555' title='bbox 1804 3876 1912 3941; x_wconf 83' lang='lat' dir='ltr'><strong>Nec</strong></span> <span class='ocrx_word' id='word_1_556' title='bbox 1936 3864 2184 3933; x_wconf 63' lang='lat' dir='ltr'><strong>humanm</strong></span> <span class='ocrx_word' id='word_1_557' title='bbox 2205 3876 2491 3931; x_wconf 88' lang='lat' dir='ltr'><strong>voluntatis</strong></span> <span class='ocrx_word' id='word_1_558' title='bbox 2514 3875 2734 3932; x_wconf 85' lang='lat' dir='ltr'><strong>arbitrio</strong></span> <span class='ocrx_word' id='word_1_559' title='bbox 2761 3875 2886 3930; x_wconf 91' lang='lat' dir='ltr'><strong>boni</strong></span> <span class='ocrx_word' id='word_1_560' title='bbox 2923 3862 3173 3943; x_wconf 82' lang='lat' dir='ltr'><strong>quiddam</strong></span> <span class='ocrx_word' id='word_1_561' title='bbox 3211 3874 3375 3940; x_wconf 81' lang='lat' dir='ltr'><strong>depu-</strong></span> 
     </span>
    </p>
   </div>
   <div class='ocr_carea' id='block_1_69' title="bbox 129 3963 3375 4042">
    <p class='ocr_par' dir='ltr' id='par_1_69' title="bbox 129 3963 3375 4042">
     <span class='ocr_line' id='line_1_69' title="bbox 129 3963 3375 4042; baseline 0 -26"><span class='ocrx_word' id='word_1_562' title='bbox 129 3972 276 4029; x_wconf 88' lang='lat' dir='ltr'><strong>tnm,</strong></span> <span class='ocrx_word' id='word_1_563' title='bbox 314 3964 409 4018; x_wconf 92' lang='lat' dir='ltr'><strong>sed</strong></span> <span class='ocrx_word' id='word_1_564' title='bbox 449 3979 515 4018; x_wconf 79' lang='lat' dir='ltr'><strong>ex</strong></span> <span class='ocrx_word' id='word_1_565' title='bbox 544 3963 706 4019; x_wconf 87' lang='lat' dir='ltr'><strong>Patre</strong></span> <span class='ocrx_word' id='word_1_566' title='bbox 738 3972 792 4020; x_wconf 92' lang='lat' dir='ltr'><strong>et</strong></span> <span class='ocrx_word' id='word_1_567' title='bbox 828 3966 966 4031; x_wconf 82' lang='lat' dir='ltr'><strong>Filio</strong></span> <span class='ocrx_word' id='word_1_568' title='bbox 993 3970 1409 4037; x_wconf 87' lang='lat' dir='ltr'><strong>procedentem;</strong></span> <span class='ocrx_word' id='word_1_569' title='bbox 1440 3972 1703 4042; x_wconf 33' lang='lat' dir='ltr'><strong>Filium2a</strong></span> <span class='ocrx_word' id='word_1_570' title='bbox 1803 3968 2022 4022; x_wconf 87' lang='lat' dir='ltr'><strong>tandam</strong></span> <span class='ocrx_word' id='word_1_571' title='bbox 2058 3965 2392 4030; x_wconf 82' lang='lat' dir='ltr'><strong>existimari,</strong></span> <span class='ocrx_word' id='word_1_572' title='bbox 2436 3966 2529 4021; x_wconf 89' lang='lat' dir='ltr'><strong>sed</strong></span> <span class='ocrx_word' id='word_1_573' title='bbox 2562 3965 2853 4035; x_wconf 85' lang='lat' dir='ltr'><strong>secundum</strong></span> <span class='ocrx_word' id='word_1_574' title='bbox 2908 3964 3237 4033; x_wconf 82' lang='lat' dir='ltr'><strong>prepositum</strong></span> <span class='ocrx_word' id='word_1_575' title='bbox 3279 3976 3375 4017; x_wconf 89' lang='lat' dir='ltr'><strong>vo-</strong></span> 
     </span>
    </p>
   </div>
   <div class='ocr_carea' id='block_1_70' title="bbox 127 4052 3366 4127">
    <p class='ocr_par' dir='ltr' id='par_1_70' title="bbox 127 4052 3366 4127">
     <span class='ocr_line' id='line_1_70' title="bbox 127 4052 3366 4127; baseline 0.001 -22"><span class='ocrx_word' id='word_1_576' title='bbox 127 4053 285 4107; x_wconf 85' lang='lat' dir='ltr'><strong>Patre</strong></span> <span class='ocrx_word' id='word_1_577' title='bbox 326 4055 595 4109; x_wconf 88' lang='lat' dir='ltr'><strong>nascendo</strong></span> <span class='ocrx_word' id='word_1_578' title='bbox 637 4056 949 4124; x_wconf 82' lang='lat' dir='ltr'><strong>procedere,</strong></span> <span class='ocrx_word' id='word_1_579' title='bbox 991 4054 1249 4127; x_wconf 92' lang='lat' dir='ltr'><strong>Spiritum</strong></span> <span class='ocrx_word' id='word_1_580' title='bbox 1295 4074 1423 4115; x_wconf 83' lang='lat' dir='ltr'><strong>vero</strong></span> <span class='ocrx_word' id='word_1_581' title='bbox 1459 4072 1703 4118; x_wconf 89' lang='lat' dir='ltr'><strong>sanctum</strong></span> <span class='ocrx_word' id='word_1_582' title='bbox 1803 4057 2029 4113; x_wconf 82' lang='lat' dir='ltr'><strong>Iuntatis</strong></span> <span class='ocrx_word' id='word_1_583' title='bbox 2062 4057 2155 4113; x_wconf 87' lang='lat' dir='ltr'><strong>Dei</strong></span> <span class='ocrx_word' id='word_1_584' title='bbox 2200 4070 2415 4112; x_wconf 91' lang='lat' dir='ltr'><strong>omnem</strong></span> <span class='ocrx_word' id='word_1_585' title='bbox 2460 4070 2744 4113; x_wconf 91' lang='lat' dir='ltr'><strong>numerum</strong></span> <span class='ocrx_word' id='word_1_586' title='bbox 2794 4053 3086 4109; x_wconf 87' lang='lat' dir='ltr'><strong>electorum</strong></span> <span class='ocrx_word' id='word_1_587' title='bbox 3140 4052 3366 4121; x_wconf 88' lang='lat' dir='ltr'><strong>acquiri.</strong></span> 
     </span>
    </p>
   </div>
   <div class='ocr_carea' id='block_1_71' title="bbox 124 4143 1704 4219">
    <p class='ocr_par' dir='ltr' id='par_1_71' title="bbox 124 4143 1704 4219">
     <span class='ocr_line' id='line_1_71' title="bbox 124 4143 1704 4219; baseline 0.005 -22"><span class='ocrx_word' id='word_1_588' title='bbox 124 4143 464 4214; x_wconf 82' lang='lat' dir='ltr'><strong>procedendo</strong></span> <span class='ocrx_word' id='word_1_589' title='bbox 497 4159 604 4199; x_wconf 91' lang='lat' dir='ltr'><strong>non</strong></span> <span class='ocrx_word' id='word_1_590' title='bbox 633 4144 811 4209; x_wconf 89' lang='lat' dir='ltr'><strong>nasci;</strong></span> <span class='ocrx_word' id='word_1_591' title='bbox 842 4145 1019 4213; x_wconf 87' lang='lat' dir='ltr'><strong>ipsum</strong></span> <span class='ocrx_word' id='word_1_592' title='bbox 1052 4160 1262 4215; x_wconf 91' lang='lat' dir='ltr'><strong>quoque</strong></span> <span class='ocrx_word' id='word_1_593' title='bbox 1290 4144 1483 4203; x_wconf 90' lang='lat' dir='ltr'><strong>Filium</strong></span> <span class='ocrx_word' id='word_1_594' title='bbox 1528 4151 1704 4219; x_wconf 87' lang='lat' dir='ltr'><strong>perfe-</strong></span> 
     </span>
    </p>
   </div>
   <div class='ocr_carea' id='block_1_72' title="bbox 125 4229 1697 4305">
    <p class='ocr_par' dir='ltr' id='par_1_72' title="bbox 125 4229 1697 4305">
     <span class='ocr_line' id='line_1_72' title="bbox 125 4229 1697 4305; baseline 0.004 -20"><span class='ocrx_word' id='word_1_595' title='bbox 125 4241 269 4286; x_wconf 86' lang='lat' dir='ltr'><strong>ctum</strong></span> <span class='ocrx_word' id='word_1_596' title='bbox 304 4246 370 4285; x_wconf 79' lang='lat' dir='ltr'><strong>ex</strong></span> <span class='ocrx_word' id='word_1_597' title='bbox 399 4229 633 4300; x_wconf 81' lang='lat' dir='ltr'><strong>Virgine,</strong></span> <span class='ocrx_word' id='word_1_598' title='bbox 672 4232 787 4285; x_wconf 90' lang='lat' dir='ltr'><strong>sine</strong></span> <span class='ocrx_word' id='word_1_599' title='bbox 804 4239 1054 4301; x_wconf 87' lang='lat' dir='ltr'><strong>peccato,</strong></span> <span class='ocrx_word' id='word_1_600' title='bbox 1084 4232 1354 4287; x_wconf 91' lang='lat' dir='ltr'><strong>hominem</strong></span> <span class='ocrx_word' id='word_1_601' title='bbox 1381 4237 1697 4305; x_wconf 88' lang='lat' dir='ltr'><strong>suscepisse,</strong></span> 
     </span>
    </p>
   </div>
   <div class='ocr_carea' id='block_1_73' title="bbox 126 4321 1703 4397">
    <p class='ocr_par' dir='ltr' id='par_1_73' title="bbox 126 4321 1703 4397">
     <span class='ocr_line' id='line_1_73' title="bbox 126 4321 1703 4397; baseline 0.005 -22"><span class='ocrx_word' id='word_1_602' title='bbox 126 4332 183 4375; x_wconf 92' lang='lat' dir='ltr'><strong>ut</strong></span> <span class='ocrx_word' id='word_1_603' title='bbox 220 4337 387 4392; x_wconf 87' lang='lat' dir='ltr'><strong>quem</strong></span> <span class='ocrx_word' id='word_1_604' title='bbox 414 4321 525 4375; x_wconf 90' lang='lat' dir='ltr'><strong>sola</strong></span> <span class='ocrx_word' id='word_1_605' title='bbox 553 4322 790 4376; x_wconf 86' lang='lat' dir='ltr'><strong>bonitate</strong></span> <span class='ocrx_word' id='word_1_606' title='bbox 828 4331 1128 4388; x_wconf 89' lang='lat' dir='ltr'><strong>creaverat,</strong></span> <span class='ocrx_word' id='word_1_607' title='bbox 1156 4334 1344 4393; x_wconf 89' lang='lat' dir='ltr'><strong>sponte</strong></span> <span class='ocrx_word' id='word_1_608' title='bbox 1368 4326 1572 4397; x_wconf 89' lang='lat' dir='ltr'><strong>lapsum</strong></span> <span class='ocrx_word' id='word_1_609' title='bbox 1607 4330 1703 4383; x_wconf 88' lang='lat' dir='ltr'><strong>mi-</strong></span> 
     </span>
    </p>
   </div>
   <div class='ocr_carea' id='block_1_74' title="bbox 1803 4142 3370 4221">
    <p class='ocr_par' dir='ltr' id='par_1_74' title="bbox 1803 4142 3370 4221">
     <span class='ocr_line' id='line_1_74' title="bbox 1803 4142 3370 4221; baseline -0.002 -19"><span class='ocrx_word' id='word_1_610' title='bbox 1803 4146 1948 4202; x_wconf 89' lang='lat' dir='ltr'><strong>Bona</strong></span> <span class='ocrx_word' id='word_1_611' title='bbox 1977 4161 2189 4221; x_wconf 85' lang='lat' dir='ltr'><strong>quoque</strong></span> <span class='ocrx_word' id='word_1_612' title='bbox 2217 4144 2547 4214; x_wconf 87' lang='lat' dir='ltr'><strong>temporalia</strong></span> <span class='ocrx_word' id='word_1_613' title='bbox 2569 4145 2723 4199; x_wconf 88' lang='lat' dir='ltr'><strong>bonis</strong></span> <span class='ocrx_word' id='word_1_614' title='bbox 2763 4143 3023 4213; x_wconf 80' lang='lat' dir='ltr'><strong>malisque</strong></span> <span class='ocrx_word' id='word_1_615' title='bbox 3064 4142 3370 4200; x_wconf 82' lang='lat' dir='ltr'><strong>communia</strong></span> 
     </span>
    </p>
   </div>
   <div class='ocr_carea' id='block_1_75' title="bbox 1805 4232 3368 4305">
    <p class='ocr_par' dir='ltr' id='par_1_75' title="bbox 1805 4232 3368 4305">
     <span class='ocr_line' id='line_1_75' title="bbox 1805 4232 3368 4305; baseline -0.003 -13"><span class='ocrx_word' id='word_1_616' title='bbox 1805 4253 1835 4292; x_wconf 88' lang='lat' dir='ltr'><strong>a</strong></span> <span class='ocrx_word' id='word_1_617' title='bbox 1860 4235 1970 4291; x_wconf 90' lang='lat' dir='ltr'><strong>Deo</strong></span> <span class='ocrx_word' id='word_1_618' title='bbox 1998 4237 2193 4297; x_wconf 87' lang='lat' dir='ltr'><strong>creari,</strong></span> <span class='ocrx_word' id='word_1_619' title='bbox 2225 4234 2443 4303; x_wconf 84' lang='lat' dir='ltr'><strong>ejusque</strong></span> <span class='ocrx_word' id='word_1_620' title='bbox 2471 4234 2867 4305; x_wconf 89' lang='lat' dir='ltr'><strong>dispensatione</strong></span> <span class='ocrx_word' id='word_1_621' title='bbox 2893 4232 3116 4302; x_wconf 88' lang='lat' dir='ltr'><strong>singulis</strong></span> <span class='ocrx_word' id='word_1_622' title='bbox 3148 4233 3368 4300; x_wconf 84' lang='lat' dir='ltr'><strong>quihus-</strong></span> 
     </span>
    </p>
   </div>
   <div class='ocr_carea' id='block_1_76' title="bbox 1743 4312 3371 4395">
    <p class='ocr_par' dir='ltr' id='par_1_76' title="bbox 1743 4312 3371 4395">
     <span class='ocr_line' id='line_1_76' title="bbox 1743 4312 3371 4395; baseline -0.002 -16"><span class='ocrx_word' id='word_1_623' title='bbox 1743 4317 1747 4320; x_wconf 62' lang='grc'><em>’</em></span> <span class='ocrx_word' id='word_1_624' title='bbox 1802 4340 1907 4394; x_wconf 91' lang='lat' dir='ltr'><strong>que</strong></span> <span class='ocrx_word' id='word_1_625' title='bbox 1928 4324 2011 4381; x_wconf 90' lang='lat' dir='ltr'><strong>vel</strong></span> <span class='ocrx_word' id='word_1_626' title='bbox 2041 4324 2200 4381; x_wconf 89' lang='lat' dir='ltr'><strong>tribui</strong></span> <span class='ocrx_word' id='word_1_627' title='bbox 2234 4323 2313 4377; x_wconf 87' lang='lat' dir='ltr'><strong>vel</strong></span> <span class='ocrx_word' id='word_1_628' title='bbox 2348 4322 2533 4393; x_wconf 83' lang='lat' dir='ltr'><strong>negari</strong></span> <span class='ocrx_word' id='word_1_629' title='bbox 2560 4340 2572 4375; x_wconf 91' lang='lat'>:</span> <span class='ocrx_word' id='word_1_630' title='bbox 2601 4336 2828 4391; x_wconf 89' lang='lat' dir='ltr'><strong>quorum</strong></span> <span class='ocrx_word' id='word_1_631' title='bbox 2852 4312 3125 4395; x_wconf 81' lang='lat' dir='ltr'><strong>bonorum</strong></span> <span class='ocrx_word' id='word_1_632' title='bbox 3154 4322 3205 4374; x_wconf 91' lang='lat' dir='ltr'><strong>in</strong></span> <span class='ocrx_word' id='word_1_633' title='bbox 3238 4336 3371 4375; x_wconf 88' lang='lat' dir='ltr'><strong>uno-</strong></span> 
     </span>
    </p>
   </div>
   <div class='ocr_carea' id='block_1_77' title="bbox 126 4410 3421 4507">
    <p class='ocr_par' dir='ltr' id='par_1_77' title="bbox 126 4410 3421 4507">
     <span class='ocr_line' id='line_1_77' title="bbox 126 4410 3421 4507; baseline -0.001 -40"><span class='ocrx_word' id='word_1_634' title='bbox 126 4413 475 4467; x_wconf 86' lang='lat' dir='ltr'><strong>scricorditer</strong></span> <span class='ocrx_word' id='word_1_635' title='bbox 507 4420 812 4482; x_wconf 88' lang='lat' dir='ltr'><strong>repararet;</strong></span> <span class='ocrx_word' id='word_1_636' title='bbox 854 4429 1013 4483; x_wconf 88' lang='lat' dir='ltr'><strong>quem</strong></span> <span class='ocrx_word' id='word_1_637' title='bbox 1056 4417 1321 4499; x_wconf 75' lang='lat' dir='ltr'><strong>veraciter</strong></span> <span class='ocrx_word' id='word_1_638' title='bbox 1362 4418 1697 4485; x_wconf 79' lang='lat' dir='ltr'><strong>crucifixum,</strong></span> <span class='ocrx_word' id='word_1_639' title='bbox 1727 4448 1779 4507; x_wconf 75' lang='grc' dir='ltr'><strong>Ι)</strong></span> <span class='ocrx_word' id='word_1_640' title='bbox 1804 4429 2015 4485; x_wconf 89' lang='lat' dir='ltr'><strong>quoque</strong></span> <span class='ocrx_word' id='word_1_641' title='bbox 2059 4412 2290 4467; x_wconf 82' lang='lat' dir='ltr'><strong>fidelium</strong></span> <span class='ocrx_word' id='word_1_642' title='bbox 2325 4424 2433 4466; x_wconf 86' lang='lat' dir='ltr'><strong>non</strong></span> <span class='ocrx_word' id='word_1_643' title='bbox 2464 4411 2695 4473; x_wconf 89' lang='lat' dir='ltr'><strong>habitus,</strong></span> <span class='ocrx_word' id='word_1_644' title='bbox 2750 4413 2843 4465; x_wconf 90' lang='lat' dir='ltr'><strong>sed</strong></span> <span class='ocrx_word' id='word_1_645' title='bbox 2884 4426 3012 4464; x_wconf 88' lang='lat' dir='ltr'><strong>usus</strong></span> <span class='ocrx_word' id='word_1_646' title='bbox 3049 4412 3141 4463; x_wconf 88' lang='lat' dir='ltr'><strong>aut</strong></span> <span class='ocrx_word' id='word_1_647' title='bbox 3175 4410 3370 4479; x_wconf 88' lang='lat' dir='ltr'><strong>impro-</strong></span> <span class='ocrx_word' id='word_1_648' title='bbox 3415 4461 3421 4469; x_wconf 90' lang='grc'><em>,</em></span> 
     </span>
    </p>
   </div>
   <div class='ocr_carea' id='block_1_78' title="bbox 124 4500 3364 4579">
    <p class='ocr_par' dir='ltr' id='par_1_78' title="bbox 124 4500 3364 4579">
     <span class='ocr_line' id='line_1_78' title="bbox 124 4500 3364 4579; baseline 0.001 -20"><span class='ocrx_word' id='word_1_649' title='bbox 124 4514 177 4559; x_wconf 88' lang='lat' dir='ltr'><strong>et</strong></span> <span class='ocrx_word' id='word_1_650' title='bbox 219 4505 383 4559; x_wconf 88' lang='lat' dir='ltr'><strong>tertia</strong></span> <span class='ocrx_word' id='word_1_651' title='bbox 419 4504 504 4559; x_wconf 90' lang='lat' dir='ltr'><strong>die</strong></span> <span class='ocrx_word' id='word_1_652' title='bbox 536 4505 914 4571; x_wconf 80' lang='lat' dir='ltr'><strong>resurrexisse,</strong></span> <span class='ocrx_word' id='word_1_653' title='bbox 946 4513 997 4559; x_wconf 91' lang='lat' dir='ltr'><strong>et</strong></span> <span class='ocrx_word' id='word_1_654' title='bbox 1023 4521 1143 4560; x_wconf 88' lang='lat' dir='ltr'><strong>cum</strong></span> <span class='ocrx_word' id='word_1_655' title='bbox 1171 4508 1357 4562; x_wconf 89' lang='lat' dir='ltr'><strong>eadem</strong></span> <span class='ocrx_word' id='word_1_656' title='bbox 1392 4510 1508 4579; x_wconf 87' lang='lat' dir='ltr'><strong>ipsa</strong></span> <span class='ocrx_word' id='word_1_657' title='bbox 1538 4527 1700 4567; x_wconf 88' lang='lat' dir='ltr'><strong>carne</strong></span> <span class='ocrx_word' id='word_1_658' title='bbox 1728 4500 1769 4507; x_wconf 66' lang='grc'><strong>”</strong></span> <span class='ocrx_word' id='word_1_659' title='bbox 1802 4505 2029 4568; x_wconf 73' lang='lat' dir='ltr'><strong>balldus,</strong></span> <span class='ocrx_word' id='word_1_660' title='bbox 2052 4502 2487 4572; x_wconf 75' lang='lat' dir='ltr'><strong>aulprobandus-</strong></span> <span class='ocrx_word' id='word_1_661' title='bbox 2534 4500 2691 4555; x_wconf 61' lang='lat' dir='ltr'><strong>Certa</strong></span> <span class='ocrx_word' id='word_1_662' title='bbox 2716 4514 2843 4555; x_wconf 70' lang='lat' dir='ltr'><strong>Vero</strong></span> <span class='ocrx_word' id='word_1_663' title='bbox 2862 4509 3171 4569; x_wconf 74' lang='lat' dir='ltr'><strong>aeternaque</strong></span> <span class='ocrx_word' id='word_1_664' title='bbox 3204 4500 3364 4567; x_wconf 72' lang='lat' dir='ltr'><strong>bona.</strong></span> 
     </span>
    </p>
   </div>
   <div class='ocr_carea' id='block_1_79' title="bbox 122 4594 1707 4677">
    <p class='ocr_par' dir='ltr' id='par_1_79' title="bbox 122 4594 1707 4677">
     <span class='ocr_line' id='line_1_79' title="bbox 122 4594 1707 4677; baseline 0 -28"><span class='ocrx_word' id='word_1_665' title='bbox 122 4597 426 4668; x_wconf 85' lang='lat' dir='ltr'><strong>glorificata</strong></span> <span class='ocrx_word' id='word_1_666' title='bbox 458 4597 763 4652; x_wconf 87' lang='lat' dir='ltr'><strong>ascendisse</strong></span> <span class='ocrx_word' id='word_1_667' title='bbox 802 4598 852 4650; x_wconf 91' lang='lat' dir='ltr'><strong>in</strong></span> <span class='ocrx_word' id='word_1_668' title='bbox 899 4598 1092 4652; x_wconf 83' lang='lat' dir='ltr'><strong>coelum</strong></span> <span class='ocrx_word' id='word_1_669' title='bbox 1113 4640 1127 4664; x_wconf 92' lang='lat'><strong>,</strong></span> <span class='ocrx_word' id='word_1_670' title='bbox 1161 4600 1211 4652; x_wconf 90' lang='lat' dir='ltr'><strong>in</strong></span> <span class='ocrx_word' id='word_1_671' title='bbox 1241 4615 1346 4673; x_wconf 87' lang='lat' dir='ltr'><strong>qua</strong></span> <span class='ocrx_word' id='word_1_672' title='bbox 1385 4609 1439 4656; x_wconf 90' lang='lat' dir='ltr'><strong>et</strong></span> <span class='ocrx_word' id='word_1_673' title='bbox 1472 4601 1535 4656; x_wconf 87' lang='lat' dir='ltr'><strong>ad</strong></span> <span class='ocrx_word' id='word_1_674' title='bbox 1561 4594 1707 4677; x_wconf 58' lang='lat' dir='ltr'><strong>judij.</strong></span> 
     </span>
    </p>
   </div>
   <div class='ocr_carea' id='block_1_80' title="bbox 124 4690 1695 4760">
    <p class='ocr_par' dir='ltr' id='par_1_80' title="bbox 124 4690 1695 4760">
     <span class='ocr_line' id='line_1_80' title="bbox 124 4690 1695 4760; baseline 0.004 -17"><span class='ocrx_word' id='word_1_675' title='bbox 124 4692 265 4745; x_wconf 86' lang='lat' dir='ltr'><strong>cium</strong></span> <span class='ocrx_word' id='word_1_676' title='bbox 304 4690 547 4745; x_wconf 85' lang='lat' dir='ltr'><strong>vivorum</strong></span> <span class='ocrx_word' id='word_1_677' title='bbox 576 4698 629 4743; x_wconf 90' lang='lat' dir='ltr'><strong>et</strong></span> <span class='ocrx_word' id='word_1_678' title='bbox 664 4699 995 4749; x_wconf 88' lang='lat' dir='ltr'><strong>mortuorum</strong></span> <span class='ocrx_word' id='word_1_679' title='bbox 1043 4700 1384 4759; x_wconf 76' lang='lat' dir='ltr'><strong>exspectatur</strong></span> <span class='ocrx_word' id='word_1_680' title='bbox 1410 4702 1695 4760; x_wconf 86' lang='lat' dir='ltr'><strong>venturus;</strong></span> 
     </span>
    </p>
   </div>
   <div class='ocr_carea' id='block_1_81' title="bbox 123 4780 1762 4854">
    <p class='ocr_par' dir='ltr' id='par_1_81' title="bbox 123 4780 1762 4854">
     <span class='ocr_line' id='line_1_81' title="bbox 123 4780 1762 4854; baseline 0.002 -17"><span class='ocrx_word' id='word_1_681' title='bbox 123 4794 175 4837; x_wconf 89' lang='lat' dir='ltr'><strong>et</strong></span> <span class='ocrx_word' id='word_1_682' title='bbox 203 4784 363 4854; x_wconf 79' lang='lat' dir='ltr'><strong>quod</strong></span> <span class='ocrx_word' id='word_1_683' title='bbox 381 4782 613 4837; x_wconf 80' lang='lat' dir='ltr'><strong>divinam</strong></span> <span class='ocrx_word' id='word_1_684' title='bbox 639 4780 1036 4853; x_wconf 78' lang='lat' dir='ltr'><strong>humanamque</strong></span> <span class='ocrx_word' id='word_1_685' title='bbox 1068 4782 1418 4839; x_wconf 87' lang='lat' dir='ltr'><strong>substantiam</strong></span> <span class='ocrx_word' id='word_1_686' title='bbox 1460 4786 1513 4839; x_wconf 92' lang='lat' dir='ltr'><strong>in</strong></span> <span class='ocrx_word' id='word_1_687' title='bbox 1545 4796 1696 4841; x_wconf 54' lang='lat' dir='ltr'><strong>utro-</strong></span> <span class='ocrx_word' id='word_1_688' title='bbox 1756 4827 1762 4832; x_wconf 85' lang='lat'><strong>.</strong></span> 
     </span>
    </p>
   </div>
   <div class='ocr_carea' id='block_1_82' title="bbox 123 4868 1692 4946">
    <p class='ocr_par' dir='ltr' id='par_1_82' title="bbox 123 4868 1692 4946">
     <span class='ocr_line' id='line_1_82' title="bbox 123 4868 1692 4946; baseline -0.001 -17"><span class='ocrx_word' id='word_1_689' title='bbox 123 4892 223 4945; x_wconf 91' lang='lat' dir='ltr'><strong>que</strong></span> <span class='ocrx_word' id='word_1_690' title='bbox 248 4874 525 4946; x_wconf 86' lang='lat' dir='ltr'><strong>perfectus</strong></span> <span class='ocrx_word' id='word_1_691' title='bbox 552 4868 654 4928; x_wconf 87' lang='lat' dir='ltr'><strong>una</strong></span> <span class='ocrx_word' id='word_1_692' title='bbox 681 4874 927 4929; x_wconf 87' lang='lat' dir='ltr'><strong>Christus</strong></span> <span class='ocrx_word' id='word_1_693' title='bbox 959 4888 1183 4943; x_wconf 86' lang='lat' dir='ltr'><strong>persona</strong></span> <span class='ocrx_word' id='word_1_694' title='bbox 1210 4882 1528 4943; x_wconf 82' lang='lat' dir='ltr'><strong>gestaverat,</strong></span> <span class='ocrx_word' id='word_1_695' title='bbox 1569 4877 1692 4944; x_wconf 89' lang='lat' dir='ltr'><strong>quia</strong></span> 
     </span>
    </p>
   </div>
   <div class='ocr_carea' id='block_1_83' title="bbox 122 4962 1694 5045">
    <p class='ocr_par' dir='ltr' id='par_1_83' title="bbox 122 4962 1694 5045">
     <span class='ocr_line' id='line_1_83' title="bbox 122 4962 1694 5045; baseline -0.001 -24"><span class='ocrx_word' id='word_1_696' title='bbox 122 4982 217 5021; x_wconf 90' lang='lat' dir='ltr'><strong>nec</strong></span> <span class='ocrx_word' id='word_1_697' title='bbox 252 4965 551 5037; x_wconf 83' lang='lat' dir='ltr'><strong>geminavit</strong></span> <span class='ocrx_word' id='word_1_698' title='bbox 571 4965 848 5033; x_wconf 87' lang='lat' dir='ltr'><strong>utriusque</strong></span> <span class='ocrx_word' id='word_1_699' title='bbox 874 4962 1182 5045; x_wconf 39' lang='lat' dir='ltr'><strong>s‘ubstantim</strong></span> <span class='ocrx_word' id='word_1_700' title='bbox 1211 4964 1490 5034; x_wconf 80' lang='lat' dir='ltr'><strong>integritas</strong></span> <span class='ocrx_word' id='word_1_701' title='bbox 1512 4980 1694 5033; x_wconf 86' lang='lat' dir='ltr'><strong>perso-</strong></span> 
     </span>
    </p>
   </div>
   <div class='ocr_carea' id='block_1_84' title="bbox 124 5054 1693 5125">
    <p class='ocr_par' dir='ltr' id='par_1_84' title="bbox 124 5054 1693 5125">
     <span class='ocr_line' id='line_1_84' title="bbox 124 5054 1693 5125; baseline -0.001 -16"><span class='ocrx_word' id='word_1_702' title='bbox 124 5073 268 5121; x_wconf 84' lang='lat' dir='ltr'><strong>nam,</strong></span> <span class='ocrx_word' id='word_1_703' title='bbox 300 5072 405 5110; x_wconf 90' lang='lat' dir='ltr'><strong>nec</strong></span> <span class='ocrx_word' id='word_1_704' title='bbox 429 5054 949 5125; x_wconf 84' lang='lat' dir='ltr'><strong>confuditgeminam</strong></span> <span class='ocrx_word' id='word_1_705' title='bbox 981 5055 1156 5107; x_wconf 85' lang='lat' dir='ltr'><strong>unitas</strong></span> <span class='ocrx_word' id='word_1_706' title='bbox 1185 5069 1423 5123; x_wconf 62' lang='lat' dir='ltr'><strong>persona:</strong></span> <span class='ocrx_word' id='word_1_707' title='bbox 1448 5056 1693 5109; x_wconf 82' lang='lat' dir='ltr'><strong>substan-</strong></span> 
     </span>
    </p>
   </div>
   <div class='ocr_carea' id='block_1_85' title="bbox 123 5130 1692 5215">
    <p class='ocr_par' dir='ltr' id='par_1_85' title="bbox 123 5130 1692 5215">
     <span class='ocr_line' id='line_1_85' title="bbox 123 5130 1692 5215; baseline -0.002 -13"><span class='ocrx_word' id='word_1_708' title='bbox 123 5147 247 5202; x_wconf 71' lang='lat' dir='ltr'><strong>tiam</strong></span> <span class='ocrx_word' id='word_1_709' title='bbox 284 5146 489 5201; x_wconf 85' lang='lat' dir='ltr'><strong>:altero</strong></span> <span class='ocrx_word' id='word_1_710' title='bbox 533 5146 727 5215; x_wconf 88' lang='lat' dir='ltr'><strong>quippe</strong></span> <span class='ocrx_word' id='word_1_711' title='bbox 770 5149 1019 5198; x_wconf 85' lang='lat' dir='ltr'><strong>neutrum</strong></span> <span class='ocrx_word' id='word_1_712' title='bbox 1064 5144 1306 5205; x_wconf 83' lang='lat' dir='ltr'><strong>exclusit,</strong></span> <span class='ocrx_word' id='word_1_713' title='bbox 1339 5130 1692 5214; x_wconf 84' lang='lat' dir='ltr'><strong>quia_utrum-</strong></span> 
     </span>
    </p>
   </div>
   <div class='ocr_carea' id='block_1_86' title="bbox 119 5228 1689 5306">
    <p class='ocr_par' dir='ltr' id='par_1_86' title="bbox 119 5228 1689 5306">
     <span class='ocr_line' id='line_1_86' title="bbox 119 5228 1689 5306; baseline 0.002 -19"><span class='ocrx_word' id='word_1_714' title='bbox 119 5254 219 5306; x_wconf 82' lang='lat' dir='ltr'><strong>que</strong></span> <span class='ocrx_word' id='word_1_715' title='bbox 267 5236 636 5304; x_wconf 88' lang='lat' dir='ltr'><strong>unusquisque</strong></span> <span class='ocrx_word' id='word_1_716' title='bbox 691 5228 1007 5291; x_wconf 83' lang='lat' dir='ltr'><strong>intemerato</strong></span> <span class='ocrx_word' id='word_1_717' title='bbox 1048 5234 1169 5303; x_wconf 91' lang='lat' dir='ltr'><strong>jure</strong></span> <span class='ocrx_word' id='word_1_718' title='bbox 1226 5235 1476 5289; x_wconf 86' lang='lat' dir='ltr'><strong>servavit.</strong></span> <span class='ocrx_word' id='word_1_719' title='bbox 1540 5234 1689 5301; x_wconf 86' lang='lat' dir='ltr'><strong>Quod</strong></span> 
     </span>
    </p>
   </div>
   <div class='ocr_carea' id='block_1_87' title="bbox 122 5324 1691 5382">
    <p class='ocr_par' dir='ltr' id='par_1_87' title="bbox 122 5324 1691 5382">
     <span class='ocr_line' id='line_1_87' title="bbox 122 5324 1691 5382; baseline -0.003 -1"><span class='ocrx_word' id='word_1_720' title='bbox 122 5328 247 5382; x_wconf 69' lang='lat' dir='ltr'><strong>Novi</strong></span> <span class='ocrx_word' id='word_1_721' title='bbox 289 5336 347 5382; x_wconf 88' lang='lat' dir='ltr'><strong>et</strong></span> <span class='ocrx_word' id='word_1_722' title='bbox 376 5325 583 5379; x_wconf 73' lang='lat' dir='ltr'><strong>Veteris</strong></span> <span class='ocrx_word' id='word_1_723' title='bbox 615 5324 941 5378; x_wconf 89' lang='lat' dir='ltr'><strong>Testamenti</strong></span> <span class='ocrx_word' id='word_1_724' title='bbox 966 5324 1195 5377; x_wconf 90' lang='lat' dir='ltr'><strong>salubris</strong></span> <span class='ocrx_word' id='word_1_725' title='bbox 1235 5325 1571 5378; x_wconf 89' lang='lat' dir='ltr'><strong>commendat</strong></span> <span class='ocrx_word' id='word_1_726' title='bbox 1597 5340 1691 5377; x_wconf 89' lang='lat' dir='ltr'><strong>au-</strong></span> 
     </span>
    </p>
   </div>
   <div class='ocr_carea' id='block_1_88' title="bbox 121 5414 1690 5483">
    <p class='ocr_par' dir='ltr' id='par_1_88' title="bbox 121 5414 1690 5483">
     <span class='ocr_line' id='line_1_88' title="bbox 121 5414 1690 5483; baseline -0.003 -11"><span class='ocrx_word' id='word_1_727' title='bbox 121 5418 363 5480; x_wconf 85' lang='lat' dir='ltr'><strong>ctoritas,</strong></span> <span class='ocrx_word' id='word_1_728' title='bbox 394 5414 480 5469; x_wconf 84' lang='lat' dir='ltr'><strong>illa</strong></span> <span class='ocrx_word' id='word_1_729' title='bbox 512 5428 607 5483; x_wconf 89' lang='lat' dir='ltr'><strong>per</strong></span> <span class='ocrx_word' id='word_1_730' title='bbox 637 5414 991 5482; x_wconf 88' lang='lat' dir='ltr'><strong>prophetiam,</strong></span> <span class='ocrx_word' id='word_1_731' title='bbox 1020 5416 1117 5468; x_wconf 89' lang='lat' dir='ltr'><strong>ista</strong></span> <span class='ocrx_word' id='word_1_732' title='bbox 1149 5427 1244 5483; x_wconf 88' lang='lat' dir='ltr'><strong>per</strong></span> <span class='ocrx_word' id='word_1_733' title='bbox 1272 5414 1550 5467; x_wconf 87' lang='lat' dir='ltr'><strong>historiam</strong></span> <span class='ocrx_word' id='word_1_734' title='bbox 1600 5430 1690 5469; x_wconf 88' lang='lat' dir='ltr'><strong>ve-</strong></span> 
     </span>
    </p>
   </div>
   <div class='ocr_carea' id='block_1_89' title="bbox 122 5505 1689 5578">
    <p class='ocr_par' dir='ltr' id='par_1_89' title="bbox 122 5505 1689 5578">
     <span class='ocr_line' id='line_1_89' title="bbox 122 5505 1689 5578; baseline -0.001 -16"><span class='ocrx_word' id='word_1_735' title='bbox 122 5512 318 5565; x_wconf 60' lang='lat' dir='ltr'><strong>raciter</strong></span> <span class='ocrx_word' id='word_1_736' title='bbox 346 5506 646 5578; x_wconf 73' lang='lat' dir='ltr'><strong>persoluta;</strong></span> <span class='ocrx_word' id='word_1_737' title='bbox 679 5513 732 5558; x_wconf 91' lang='lat' dir='ltr'><strong>et</strong></span> <span class='ocrx_word' id='word_1_738' title='bbox 756 5506 895 5573; x_wconf 85' lang='lat' dir='ltr'><strong>quod</strong></span> <span class='ocrx_word' id='word_1_739' title='bbox 923 5521 1093 5572; x_wconf 88' lang='lat' dir='ltr'><strong>neque</strong></span> <span class='ocrx_word' id='word_1_740' title='bbox 1137 5506 1200 5559; x_wconf 88' lang='lat' dir='ltr'><strong>de</strong></span> <span class='ocrx_word' id='word_1_741' title='bbox 1240 5505 1367 5569; x_wconf 80' lang='lat' dir='ltr'><strong>Deo,</strong></span> <span class='ocrx_word' id='word_1_742' title='bbox 1414 5520 1585 5575; x_wconf 90' lang='lat' dir='ltr'><strong>neque</strong></span> <span class='ocrx_word' id='word_1_743' title='bbox 1624 5506 1689 5561; x_wconf 91' lang='lat' dir='ltr'><strong>de</strong></span> 
     </span>
    </p>
   </div>
   <div class='ocr_carea' id='block_1_90' title="bbox 120 5594 1689 5669">
    <p class='ocr_par' dir='ltr' id='par_1_90' title="bbox 120 5594 1689 5669">
     <span class='ocr_line' id='line_1_90' title="bbox 120 5594 1689 5669; baseline -0.004 -13"><span class='ocrx_word' id='word_1_744' title='bbox 120 5611 367 5656; x_wconf 82' lang='lat' dir='ltr'><strong>creatura</strong></span> <span class='ocrx_word' id='word_1_745' title='bbox 406 5596 585 5653; x_wconf 71' lang='lat' dir='ltr'><strong>smeuli</strong></span> <span class='ocrx_word' id='word_1_746' title='bbox 626 5596 694 5648; x_wconf 87' lang='lat' dir='ltr'><strong>sit</strong></span> <span class='ocrx_word' id='word_1_747' title='bbox 738 5610 857 5648; x_wconf 91' lang='lat' dir='ltr'><strong>cum</strong></span> <span class='ocrx_word' id='word_1_748' title='bbox 896 5594 1116 5663; x_wconf 82' lang='lat' dir='ltr'><strong>paganis</strong></span> <span class='ocrx_word' id='word_1_749' title='bbox 1152 5604 1243 5647; x_wconf 92' lang='lat' dir='ltr'><strong>aut</strong></span> <span class='ocrx_word' id='word_1_750' title='bbox 1274 5610 1396 5648; x_wconf 90' lang='lat' dir='ltr'><strong>cum</strong></span> <span class='ocrx_word' id='word_1_751' title='bbox 1426 5595 1689 5669; x_wconf 69' lang='lat' dir='ltr'><strong>Inmrcticis</strong></span> 
     </span>
    </p>
   </div>
   <div class='ocr_carea' id='block_1_91' title="bbox 121 5682 1687 5763">
    <p class='ocr_par' dir='ltr' id='par_1_91' title="bbox 121 5682 1687 5763">
     <span class='ocr_line' id='line_1_91' title="bbox 121 5682 1687 5763; baseline -0.004 -17"><span class='ocrx_word' id='word_1_752' title='bbox 121 5690 317 5763; x_wconf 78' lang='lat' dir='ltr'><strong>aliquid</strong></span> <span class='ocrx_word' id='word_1_753' title='bbox 350 5686 684 5745; x_wconf 80' lang='lat' dir='ltr'><strong>sentiendum</strong></span> <span class='ocrx_word' id='word_1_754' title='bbox 726 5684 777 5739; x_wconf 88' lang='lat' dir='ltr'><strong>in</strong></span> <span class='ocrx_word' id='word_1_755' title='bbox 818 5683 900 5738; x_wconf 78' lang='lat' dir='ltr'><strong>his</strong></span> <span class='ocrx_word' id='word_1_756' title='bbox 932 5684 1107 5748; x_wconf 84' lang='lat' dir='ltr'><strong>rebus,</strong></span> <span class='ocrx_word' id='word_1_757' title='bbox 1164 5682 1213 5735; x_wconf 88' lang='lat' dir='ltr'><strong>in</strong></span> <span class='ocrx_word' id='word_1_758' title='bbox 1256 5683 1450 5756; x_wconf 84' lang='lat' dir='ltr'><strong>quibus</strong></span> <span class='ocrx_word' id='word_1_759' title='bbox 1484 5700 1512 5737; x_wconf 92' lang='lat' dir='ltr'><strong>a</strong></span> <span class='ocrx_word' id='word_1_760' title='bbox 1550 5682 1687 5740; x_wconf 78' lang='lat' dir='ltr'><strong>veri-</strong></span> 
     </span>
    </p>
   </div>
   <div class='ocr_carea' id='block_1_92' title="bbox 1802 4586 3364 4661">
    <p class='ocr_par' dir='ltr' id='par_1_92' title="bbox 1802 4586 3364 4661">
     <span class='ocr_line' id='line_1_92' title="bbox 1802 4586 3364 4661; baseline -0.001 -14"><span class='ocrx_word' id='word_1_761' title='bbox 1802 4592 1943 4647; x_wconf 88' lang='lat' dir='ltr'><strong>solos</strong></span> <span class='ocrx_word' id='word_1_762' title='bbox 1978 4606 2135 4661; x_wconf 80' lang='lat' dir='ltr'><strong>posse</strong></span> <span class='ocrx_word' id='word_1_763' title='bbox 2171 4590 2340 4644; x_wconf 85' lang='lat' dir='ltr'><strong>boues</strong></span> <span class='ocrx_word' id='word_1_764' title='bbox 2366 4589 2419 4643; x_wconf 91' lang='lat' dir='ltr'><strong>in</strong></span> <span class='ocrx_word' id='word_1_765' title='bbox 2450 4586 2631 4643; x_wconf 80' lang='lat' dir='ltr'><strong>futuro</strong></span> <span class='ocrx_word' id='word_1_766' title='bbox 2677 4587 2951 4658; x_wconf 90' lang='lat' dir='ltr'><strong>consequi,</strong></span> <span class='ocrx_word' id='word_1_767' title='bbox 3001 4602 3229 4660; x_wconf 87' lang='lat' dir='ltr'><strong>quorum</strong></span> <span class='ocrx_word' id='word_1_768' title='bbox 3279 4589 3364 4659; x_wconf 86' lang='lat' dir='ltr'><strong>pi-</strong></span> 
     </span>
    </p>
   </div>
   <div class='ocr_carea' id='block_1_93' title="bbox 1801 4677 3368 4753">
    <p class='ocr_par' dir='ltr' id='par_1_93' title="bbox 1801 4677 3368 4753">
     <span class='ocr_line' id='line_1_93' title="bbox 1801 4677 3368 4753; baseline -0.003 -18"><span class='ocrx_word' id='word_1_769' title='bbox 1801 4696 1967 4753; x_wconf 85' lang='lat' dir='ltr'><strong>gnore</strong></span> <span class='ocrx_word' id='word_1_770' title='bbox 2019 4680 2310 4735; x_wconf 84' lang='lat' dir='ltr'><strong>Ecclesiam</strong></span> <span class='ocrx_word' id='word_1_771' title='bbox 2360 4693 2505 4733; x_wconf 92' lang='lat' dir='ltr'><strong>nunc</strong></span> <span class='ocrx_word' id='word_1_772' title='bbox 2547 4677 2889 4734; x_wconf 86' lang='lat' dir='ltr'><strong>informatam</strong></span> <span class='ocrx_word' id='word_1_773' title='bbox 2926 4678 3195 4753; x_wconf 87' lang='lat' dir='ltr'><strong>credimus</strong></span> <span class='ocrx_word' id='word_1_774' title='bbox 3234 4678 3368 4733; x_wconf 89' lang='lat' dir='ltr'><strong>deti-</strong></span> 
     </span>
    </p>
   </div>
   <div class='ocr_carea' id='block_1_94' title="bbox 1800 4766 3366 4837">
    <p class='ocr_par' dir='ltr' id='par_1_94' title="bbox 1800 4766 3366 4837">
     <span class='ocr_line' id='line_1_94' title="bbox 1800 4766 3366 4837; baseline -0.002 -12"><span class='ocrx_word' id='word_1_775' title='bbox 1800 4773 1938 4835; x_wconf 90' lang='lat' dir='ltr'><strong>neri,</strong></span> <span class='ocrx_word' id='word_1_776' title='bbox 1964 4772 2053 4826; x_wconf 92' lang='lat' dir='ltr'><strong>bic</strong></span> <span class='ocrx_word' id='word_1_777' title='bbox 2081 4770 2365 4825; x_wconf 87' lang='lat' dir='ltr'><strong>habentem</strong></span> <span class='ocrx_word' id='word_1_778' title='bbox 2400 4769 2663 4837; x_wconf 86' lang='lat' dir='ltr'><strong>primitias</strong></span> <span class='ocrx_word' id='word_1_779' title='bbox 2686 4766 2931 4837; x_wconf 84' lang='lat' dir='ltr'><strong>Spiritus,</strong></span> <span class='ocrx_word' id='word_1_780' title='bbox 2958 4767 3011 4819; x_wconf 91' lang='lat' dir='ltr'><strong>in</strong></span> <span class='ocrx_word' id='word_1_781' title='bbox 3043 4766 3221 4821; x_wconf 88' lang='lat' dir='ltr'><strong>futuro</strong></span> <span class='ocrx_word' id='word_1_782' title='bbox 3249 4783 3366 4837; x_wconf 90' lang='lat' dir='ltr'><strong>per-</strong></span> 
     </span>
    </p>
   </div>
   <div class='ocr_carea' id='block_1_95' title="bbox 1798 4858 3361 4928">
    <p class='ocr_par' dir='ltr' id='par_1_95' title="bbox 1798 4858 3361 4928">
     <span class='ocr_line' id='line_1_95' title="bbox 1798 4858 3361 4928; baseline -0.003 -9"><span class='ocrx_word' id='word_1_783' title='bbox 1798 4864 2114 4928; x_wconf 88' lang='lat' dir='ltr'><strong>fectionem;</strong></span> <span class='ocrx_word' id='word_1_784' title='bbox 2156 4864 2243 4917; x_wconf 89' lang='lat' dir='ltr'><strong>hic</strong></span> <span class='ocrx_word' id='word_1_785' title='bbox 2278 4861 2564 4916; x_wconf 89' lang='lat' dir='ltr'><strong>sustentari</strong></span> <span class='ocrx_word' id='word_1_786' title='bbox 2590 4860 2643 4912; x_wconf 93' lang='lat' dir='ltr'><strong>in</strong></span> <span class='ocrx_word' id='word_1_787' title='bbox 2671 4873 2783 4927; x_wconf 90' lang='lat' dir='ltr'><strong>spe,</strong></span> <span class='ocrx_word' id='word_1_788' title='bbox 2812 4866 2993 4927; x_wconf 88' lang='lat' dir='ltr'><strong>postea</strong></span> <span class='ocrx_word' id='word_1_789' title='bbox 3018 4858 3162 4925; x_wconf 85' lang='lat' dir='ltr'><strong>pasci</strong></span> <span class='ocrx_word' id='word_1_790' title='bbox 3191 4860 3243 4912; x_wconf 92' lang='lat' dir='ltr'><strong>in</strong></span> <span class='ocrx_word' id='word_1_791' title='bbox 3273 4875 3361 4925; x_wconf 89' lang='lat' dir='ltr'><strong>re;</strong></span> 
     </span>
    </p>
   </div>
   <div class='ocr_carea' id='block_1_96' title="bbox 1799 4947 3365 5021">
    <p class='ocr_par' dir='ltr' id='par_1_96' title="bbox 1799 4947 3365 5021">
     <span class='ocr_line' id='line_1_96' title="bbox 1799 4947 3365 5021; baseline -0.003 -14"><span class='ocrx_word' id='word_1_792' title='bbox 1799 4954 1886 5007; x_wconf 89' lang='lat' dir='ltr'><strong>hic</strong></span> <span class='ocrx_word' id='word_1_793' title='bbox 1926 4952 2093 5009; x_wconf 90' lang='lat' dir='ltr'><strong>videri</strong></span> <span class='ocrx_word' id='word_1_794' title='bbox 2138 4967 2234 5019; x_wconf 91' lang='lat' dir='ltr'><strong>per</strong></span> <span class='ocrx_word' id='word_1_795' title='bbox 2272 4950 2544 5021; x_wconf 87' lang='lat' dir='ltr'><strong>speculum</strong></span> <span class='ocrx_word' id='word_1_796' title='bbox 2574 4949 2629 5001; x_wconf 93' lang='lat' dir='ltr'><strong>in</strong></span> <span class='ocrx_word' id='word_1_797' title='bbox 2652 4948 2957 5019; x_wconf 53' lang='lat' dir='ltr'><strong>aenigmate,</strong></span> <span class='ocrx_word' id='word_1_798' title='bbox 2987 4949 3038 5002; x_wconf 91' lang='lat' dir='ltr'><strong>in</strong></span> <span class='ocrx_word' id='word_1_799' title='bbox 3062 4947 3240 5004; x_wconf 90' lang='lat' dir='ltr'><strong>futuro</strong></span> <span class='ocrx_word' id='word_1_800' title='bbox 3271 4966 3365 5004; x_wconf 87' lang='lat' dir='ltr'><strong>au-</strong></span> 
     </span>
    </p>
   </div>
   <div class='ocr_carea' id='block_1_97' title="bbox 1802 5026 3390 5110">
    <p class='ocr_par' dir='ltr' id='par_1_97' title="bbox 1802 5026 3390 5110">
     <span class='ocr_line' id='line_1_97' title="bbox 1802 5026 3390 5110; baseline -0.001 -14"><span class='ocrx_word' id='word_1_801' title='bbox 1802 5051 1902 5098; x_wconf 88' lang='lat' dir='ltr'><strong>tem</strong></span> <span class='ocrx_word' id='word_1_802' title='bbox 1951 5042 2087 5095; x_wconf 88' lang='lat' dir='ltr'><strong>facie</strong></span> <span class='ocrx_word' id='word_1_803' title='bbox 2114 5042 2179 5095; x_wconf 91' lang='lat' dir='ltr'><strong>ad</strong></span> <span class='ocrx_word' id='word_1_804' title='bbox 2207 5040 2416 5103; x_wconf 86' lang='lat' dir='ltr'><strong>faciem,</strong></span> <span class='ocrx_word' id='word_1_805' title='bbox 2456 5055 2580 5093; x_wconf 91' lang='lat' dir='ltr'><strong>cum</strong></span> <span class='ocrx_word' id='word_1_806' title='bbox 2615 5039 2682 5093; x_wconf 83' lang='lat' dir='ltr'><strong>ad</strong></span> <span class='ocrx_word' id='word_1_807' title='bbox 2715 5026 2945 5108; x_wconf 87' lang='lat' dir='ltr'><strong>speciem</strong></span> <span class='ocrx_word' id='word_1_808' title='bbox 2977 5038 3135 5094; x_wconf 89' lang='lat' dir='ltr'><strong>fuerit</strong></span> <span class='ocrx_word' id='word_1_809' title='bbox 3168 5037 3390 5110; x_wconf 48' lang='grc' dir='ltr'><strong>ρει-(ἰαί</strong></span> 
     </span>
    </p>
   </div>
   <div class='ocr_carea' id='block_1_98' title="bbox 1796 5130 3360 5202">
    <p class='ocr_par' dir='ltr' id='par_1_98' title="bbox 1796 5130 3360 5202">
     <span class='ocr_line' id='line_1_98' title="bbox 1796 5130 3360 5202; baseline -0.001 -14"><span class='ocrx_word' id='word_1_810' title='bbox 1796 5143 1879 5188; x_wconf 88' lang='lat' dir='ltr'><strong>cta</strong></span> <span class='ocrx_word' id='word_1_811' title='bbox 1929 5149 2025 5202; x_wconf 93' lang='lat' dir='ltr'><strong>per</strong></span> <span class='ocrx_word' id='word_1_812' title='bbox 2071 5132 2247 5186; x_wconf 84' lang='lat' dir='ltr'><strong>ﬁdem.</strong></span> <span class='ocrx_word' id='word_1_813' title='bbox 2297 5130 2448 5198; x_wconf 86' lang='lat' dir='ltr'><strong>Quod</strong></span> <span class='ocrx_word' id='word_1_814' title='bbox 2495 5131 2664 5185; x_wconf 91' lang='lat' dir='ltr'><strong>donec</strong></span> <span class='ocrx_word' id='word_1_815' title='bbox 2711 5130 3039 5201; x_wconf 86' lang='lat' dir='ltr'><strong>perficiatur,</strong></span> <span class='ocrx_word' id='word_1_816' title='bbox 3072 5140 3130 5187; x_wconf 92' lang='lat' dir='ltr'><strong>ut</strong></span> <span class='ocrx_word' id='word_1_817' title='bbox 3168 5148 3360 5187; x_wconf 85' lang='lat' dir='ltr'><strong>summt</strong></span> 
     </span>
    </p>
   </div>
   <div class='ocr_carea' id='block_1_99' title="bbox 1795 5210 3359 5288">
    <p class='ocr_par' dir='ltr' id='par_1_99' title="bbox 1795 5210 3359 5288">
     <span class='ocr_line' id='line_1_99' title="bbox 1795 5210 3359 5288; baseline -0.002 -9"><span class='ocrx_word' id='word_1_818' title='bbox 1795 5225 1889 5279; x_wconf 90' lang='lat' dir='ltr'><strong>Dei</strong></span> <span class='ocrx_word' id='word_1_819' title='bbox 1913 5224 2067 5278; x_wconf 89' lang='lat' dir='ltr'><strong>bonis</strong></span> <span class='ocrx_word' id='word_1_820' title='bbox 2093 5221 2336 5277; x_wconf 80' lang='lat' dir='ltr'><strong>fruamur</strong></span> <span class='ocrx_word' id='word_1_821' title='bbox 2354 5222 2589 5286; x_wconf 64' lang='lat' dir='ltr'><strong>aeternis,</strong></span> <span class='ocrx_word' id='word_1_822' title='bbox 2618 5210 2923 5288; x_wconf 87' lang='lat' dir='ltr'><strong>fruendum,</strong></span> <span class='ocrx_word' id='word_1_823' title='bbox 2954 5222 3074 5276; x_wconf 90' lang='lat' dir='ltr'><strong>inde</strong></span> <span class='ocrx_word' id='word_1_824' title='bbox 3103 5237 3206 5275; x_wconf 93' lang='lat' dir='ltr'><strong>non</strong></span> <span class='ocrx_word' id='word_1_825' title='bbox 3233 5222 3359 5283; x_wconf 81' lang='lat' dir='ltr'><strong>obe-</strong></span> 
     </span>
    </p>
   </div>
   <div class='ocr_carea' id='block_1_100' title="bbox 1799 5306 3359 5384">
    <p class='ocr_par' dir='ltr' id='par_1_100' title="bbox 1799 5306 3359 5384">
     <span class='ocr_line' id='line_1_100' title="bbox 1799 5306 3359 5384; baseline -0.001 -13"><span class='ocrx_word' id='word_1_826' title='bbox 1799 5317 1966 5371; x_wconf 89' lang='lat' dir='ltr'><strong>rimus</strong></span> <span class='ocrx_word' id='word_1_827' title='bbox 1991 5306 2371 5384; x_wconf 43' lang='lat' dir='ltr'><strong>et‘proximis.&#39;</strong></span> <span class='ocrx_word' id='word_1_828' title='bbox 2400 5314 2528 5368; x_wconf 87' lang='lat' dir='ltr'><strong>Eam</strong></span> <span class='ocrx_word' id='word_1_829' title='bbox 2554 5329 2766 5384; x_wconf 90' lang='lat' dir='ltr'><strong>quoque</strong></span> <span class='ocrx_word' id='word_1_830' title='bbox 2796 5329 2893 5367; x_wconf 91' lang='lat' dir='ltr'><strong>nos</strong></span> <span class='ocrx_word' id='word_1_831' title='bbox 2922 5328 3068 5381; x_wconf 89' lang='lat' dir='ltr'><strong>spem</strong></span> <span class='ocrx_word' id='word_1_832' title='bbox 3116 5328 3359 5369; x_wconf 81' lang='lat' dir='ltr'><strong>resurre-</strong></span> 
     </span>
    </p>
   </div>
   <div class='ocr_carea' id='block_1_101' title="bbox 1796 5404 3355 5473">
    <p class='ocr_par' dir='ltr' id='par_1_101' title="bbox 1796 5404 3355 5473">
     <span class='ocr_line' id='line_1_101' title="bbox 1796 5404 3355 5473; baseline -0.002 -10"><span class='ocrx_word' id='word_1_833' title='bbox 1796 5409 1985 5465; x_wconf 90' lang='lat' dir='ltr'><strong>ctionis</strong></span> <span class='ocrx_word' id='word_1_834' title='bbox 2027 5406 2247 5471; x_wconf 85' lang='lat' dir='ltr'><strong>habere,</strong></span> <span class='ocrx_word' id='word_1_835' title='bbox 2295 5414 2350 5459; x_wconf 91' lang='lat' dir='ltr'><strong>ut</strong></span> <span class='ocrx_word' id='word_1_836' title='bbox 2401 5405 2588 5461; x_wconf 91' lang='lat' dir='ltr'><strong>eodem</strong></span> <span class='ocrx_word' id='word_1_837' title='bbox 2635 5406 2822 5459; x_wconf 87' lang='lat' dir='ltr'><strong>ordine</strong></span> <span class='ocrx_word' id='word_1_838' title='bbox 2865 5406 3155 5473; x_wconf 89' lang='lat' dir='ltr'><strong>eademque</strong></span> <span class='ocrx_word' id='word_1_839' title='bbox 3184 5404 3355 5466; x_wconf 84' lang='lat' dir='ltr'><strong>forma</strong></span> 
     </span>
    </p>
   </div>
   <div class='ocr_carea' id='block_1_102' title="bbox 1794 5495 3358 5571">
    <p class='ocr_par' dir='ltr' id='par_1_102' title="bbox 1794 5495 3358 5571">
     <span class='ocr_line' id='line_1_102' title="bbox 1794 5495 3358 5571; baseline -0.001 -20"><span class='ocrx_word' id='word_1_840' title='bbox 1794 5514 1897 5567; x_wconf 91' lang='lat' dir='ltr'><strong>qua</strong></span> <span class='ocrx_word' id='word_1_841' title='bbox 1927 5498 2037 5566; x_wconf 89' lang='lat' dir='ltr'><strong>ipse</strong></span> <span class='ocrx_word' id='word_1_842' title='bbox 2068 5496 2325 5551; x_wconf 88' lang='lat' dir='ltr'><strong>Dominus</strong></span> <span class='ocrx_word' id='word_1_843' title='bbox 2364 5496 2656 5551; x_wconf 79' lang='lat' dir='ltr'><strong>resurrexit</strong></span> <span class='ocrx_word' id='word_1_844' title='bbox 2682 5511 2710 5549; x_wconf 91' lang='lat' dir='ltr'><strong>a</strong></span> <span class='ocrx_word' id='word_1_845' title='bbox 2741 5495 2983 5558; x_wconf 88' lang='lat' dir='ltr'><strong>mortuis.</strong></span> <span class='ocrx_word' id='word_1_846' title='bbox 3022 5510 3118 5549; x_wconf 91' lang='lat' dir='ltr'><strong>nos</strong></span> <span class='ocrx_word' id='word_1_847' title='bbox 3146 5511 3358 5571; x_wconf 70' lang='lat' dir='ltr'><strong>quoque</strong></span> 
     </span>
    </p>
   </div>
   <div class='ocr_carea' id='block_1_103' title="bbox 1795 5587 3360 5657">
    <p class='ocr_par' dir='ltr' id='par_1_103' title="bbox 1795 5587 3360 5657">
     <span class='ocr_line' id='line_1_103' title="bbox 1795 5587 3360 5657; baseline 0.003 -17"><span class='ocrx_word' id='word_1_848' title='bbox 1795 5595 2190 5642; x_wconf 88' lang='lat' dir='ltr'><strong>resurrecturos</strong></span> <span class='ocrx_word' id='word_1_849' title='bbox 2218 5602 2337 5641; x_wconf 89' lang='lat' dir='ltr'><strong>esse</strong></span> <span class='ocrx_word' id='word_1_850' title='bbox 2363 5588 2661 5648; x_wconf 89' lang='lat' dir='ltr'><strong>credamus,</strong></span> <span class='ocrx_word' id='word_1_851' title='bbox 2705 5587 2755 5639; x_wconf 88' lang='lat' dir='ltr'><strong>iu</strong></span> <span class='ocrx_word' id='word_1_852' title='bbox 2796 5587 2983 5640; x_wconf 80' lang='lat' dir='ltr'><strong>eodem</strong></span> <span class='ocrx_word' id='word_1_853' title='bbox 3032 5601 3255 5657; x_wconf 88' lang='lat' dir='ltr'><strong>corpore</strong></span> <span class='ocrx_word' id='word_1_854' title='bbox 3305 5588 3360 5645; x_wconf 87' lang='lat' dir='ltr'><strong>in</strong></span> 
     </span>
    </p>
   </div>
   <div class='ocr_carea' id='block_1_104' title="bbox 1794 5676 3357 5751">
    <p class='ocr_par' dir='ltr' id='par_1_104' title="bbox 1794 5676 3357 5751">
     <span class='ocr_line' id='line_1_104' title="bbox 1794 5676 3357 5751; baseline -0.004 -17"><span class='ocrx_word' id='word_1_855' title='bbox 1794 5686 1898 5751; x_wconf 77' lang='lat' dir='ltr'><strong>quo</strong></span> <span class='ocrx_word' id='word_1_856' title='bbox 1946 5693 2129 5733; x_wconf 90' lang='lat' dir='ltr'><strong>sumus</strong></span> <span class='ocrx_word' id='word_1_857' title='bbox 2175 5676 2258 5732; x_wconf 86' lang='lat' dir='ltr'><strong>vel</strong></span> <span class='ocrx_word' id='word_1_858' title='bbox 2308 5676 2554 5742; x_wconf 86' lang='lat' dir='ltr'><strong>vivimus,</strong></span> <span class='ocrx_word' id='word_1_859' title='bbox 2604 5691 2707 5730; x_wconf 89' lang='lat' dir='ltr'><strong>non</strong></span> <span class='ocrx_word' id='word_1_860' title='bbox 2752 5684 2996 5729; x_wconf 86' lang='lat' dir='ltr'><strong>naturam</strong></span> <span class='ocrx_word' id='word_1_861' title='bbox 3040 5686 3131 5731; x_wconf 85' lang='lat' dir='ltr'><strong>aut</strong></span> <span class='ocrx_word' id='word_1_862' title='bbox 3170 5693 3357 5740; x_wconf 67' lang='lat' dir='ltr'><strong>sexum</strong></span> 
     </span>
    </p>
   </div>
  </div>
