3958 6338
502 220 596 277 ττι

1140 208 1203 271 Β.
1242 209 1493 269 RABANI
1528 212 1744 269 ωυλιι
1778 208 2071 266 ARCillEP

2195 210 2441 268 OGUNT.
2481 210 2761 267 OPERUM
2819 202 2999 268 PARS
3037 213 3076 267 1.

3621 210 3728 268 3.72

499 344 768 394 mutantes
790 376 803 399 ,
835 334 927 390 sed
960 343 1163 388 tantum
1188 332 1535 404 fragilitatem
1559 338 1615 385 et
1641 329 1763 383 vitia
1796 327 2063 396 deponen-
2090 327 2140 385 A
2236 326 2505 383 Esnieista:
2518 327 2699 382 dicunt
2726 327 2894 396 ipsum
2920 342 3037 381 esse
3059 326 3329 383 Christum
3346 332 3440 399 qui
3459 327 3642 384 docuit
3665 329 3724 382 il—

500 434 601 480 tes.
641 424 817 494 Ipsum
857 438 1068 493 quoque
1097 421 1350 477 Satanam
1381 435 1504 475 cum
1540 418 1743 488 angelis
1770 417 1879 471 suis
1899 424 2064 485 atque

500 514 796 572 cultoribus
826 525 1026 571 aeterno
1061 514 1304 568 incendio
1336 506 1821 574 condemnandum,
1866 523 2057 577 neque,

468 605 793 670 secundum
838 605 1187 674 quorumdam
1228 603 1542 673 sacrilegam
1588 600 2063 671 dispensationem,

504 696 571 750 ad
616 696 914 766 pristinam,
964 694 1016 749 id
1065 702 1147 748 est
1178 693 1469 765 angelicam
1494 692 1827 762 dignitatem,
1857 707 1925 747 ex
1959 704 2062 760 qua

502 785 718 852 propria
755 782 1085 853 malignitate
1116 782 1346 849 cecidit,
1392 782 1773 838 reducendum.
1821 781 1946 837 Haec
1984 790 2068 837 est

503 872 779 927 catholicae
805 872 1108 928 traditionis
1129 862 1250 927 hdei
1279 872 1581 944 integritas,
1613 873 1679 927 de
1702 888 1807 942 qua
1829 873 1872 927 si
1900 884 2064 945 unum

502 962 773 1032 quodlibet
806 970 1107 1032 respuatur,
1143 971 1251 1018 tota
1295 963 1417 1018 ﬁdei
1454 962 1743 1019 credulitas
1780 962 2061 1017 amittitur.

1067 1052 1292 1110 CAPUT
1338 1053 1515 1108 LViIl.
1668 1048 1671 1050 ’
1708 1076 1737 1103 ι

996 1142 1073 1199 De
1094 1142 1374 1199 ‘hwrcsibus
1396 1144 1573 1198 variis.

571 1232 683 1289 Hoc
703 1248 830 1304 ergo
849 1234 1142 1289 cavendum
1160 1242 1243 1289 est
1265 1234 1412 1288 οῖηηί
1437 1234 1631 1289 animm
1650 1234 1854 1289 timenti
1877 1233 2065 1312 Deum,

504 1333 561 1380 ut
585 1341 689 1381 non
717 1342 748 1381 a
777 1326 881 1380 ﬁde
909 1326 1172 1382 catholica
1197 1326 1467 1389 decidens,
1516 1334 1573 1381 et
1617 1326 1927 1397 relinquens
1968 1329 2065 1383 do-

503 1416 730 1472 ctrinam
775 1416 1017 1472 veritatis
1041 1456 1056 1482 ,
1109 1417 1180 1471 in'
1206 1430 1422 1472 errores
1467 1417 1843 1473 haereticorum
1892 1417 2065 1483 cadat,

503 1506 629 1575 quia
656 1506 761 1560 hoc
784 1506 1143 1569 certissimum
1172 1506 1361 1562 mortis
1387 1513 1471 1561 est
1497 1521 1684 1577 genus.
1726 1505 1834 1561 Sed
1868 1516 1928 1561 ut
1967 1507 2069 1562 hoc

504 1594 714 1651 facilius
739 1596 911 1665 possit
932 1611 1258 1666 praecavere,
1281 1611 1633 1668 quascunque
1668 1606 1843 1655 sectas
1883 1598 1951 1655 de
1984 1612 2068 1653 er-

2160 414 2243 472 los
2270 432 2481 471 omnem
2508 417 2901 471 abstinentiam.

2229 507 2511 564 Marbonzei
2533 508 2717 563 dicunt
2753 511 2923 577 ipsum
2970 524 3087 564 esse
3124 507 3394 566 Christum
3427 512 3518 583 qui
3549 512 3729 568 docuit

2160 596 2279 653 illos
2303 600 2356 651 in
2381 598 2523 653 omni
2549 614 2604 654 re
2632 598 2981 653 sabbatizare.

2230 684 2463 745 Genistae
2485 689 2629 753 dicti,
2654 704 2719 745 eo
2742 690 2883 758 quod
2912 689 2979 745 de
3005 703 3200 759 genere
3219 689 3448 745 Abrahae
3472 705 3590 745 esse
3619 688 3730 761 glo-

2162 780 2390 835 riantur.
2432 781 2564 836 Nam
2604 796 2724 837 eum
2760 781 2811 835 in
2846 780 3190 850 Babyloniam
3226 781 3461 835 venisset
3506 794 3734 851 populus

2162 872 2280 938 Dei,
2321 873 2559 943 plerique
2599 874 2960 945 relinquentes
2992 887 3187 932 uxores
3214 889 3359 938 suas,
3388 873 3734 945 Babylonicis

2162 963 2476 1019 mulieribus
2515 965 2890 1030 adhaeserunt;
2936 962 3148 1034 quidam
3186 963 3495 1019 lsraeliticis
3522 970 3733 1017 tantum

2164 1051 2477 1123 conjugibus
2502 1055 2758 1120 contenti,
2795 1054 2878 1110 vel
2910 1070 2976 1109 ex
3000 1053 3080 1110 eis
3124 1052 3311 1125 geniti,
3367 1053 3487 1107 ium
3531 1051 3737 1106 reversi

2163 1152 2343 1199 essent
2370 1145 2436 1200 de
2469 1144 2775 1216 Babylonia,
2817 1145 3113 1201 diviserunt
3150 1157 3208 1199 se
3245 1144 3313 1198 ab
3353 1140 3501 1198 omni
3540 1137 3739 1211 populo

2164 1242 2218 1289 et
2244 1244 2648 1305 assumpserunt
2673 1236 2772 1290 sibi
2803 1235 2903 1290 hoc
2931 1250 3127 1290 nomen
3141 1233 3438 1306 jactantiaa.

2234 1321 2482 1383 Meristaei
2524 1325 2790 1395 appellati,
2838 1339 2903 1380 eo
2932 1325 3079 1394 ’quod
3118 1330 3373 1393 separant
3403 1320 3737 1392 Scripturas,

2166 1431 2271 1471 non
2302 1416 2579 1472 credentes
2608 1415 2854 1471 omnibus
2889 1415 3187 1486 prophetis,
3226 1413 3466 1468 dicentes
3516 1410 3639 1465 aliis
3683 1418 3740 1463 ct

2166 1508 2286 1564 aliis
2305 1507 2577 1578 spiritibus
2592 1509 2958 1580 prophetasse.
2982 1507 3156 1563 δίει-οε
3174 1504 3339 1573 enim,
3360 1505 3507 1584 μέρος
3524 1503 3736 1568 ϐακε,

2167 1597 2354 1653 Latine
2387 1613 2513 1667 pars
2538 1598 2751 1653 dicitur.

502 1688 714 1743 roribus
758 1688 1131 1743 haereticorum
1172 1698 1333 1758 atque
1372 1690 1857 1757 schismaticorum,
1905 1691 2067 1746 deno-
2094 1668 2142 1727 Β
2239 1688 2517 1744 Samaritae
2532 1690 2680 1755 dicti,
2707 1688 2849 1758 quod
2870 1687 3042 1759 legem
3066 1686 3237 1743 solam
3260 1683 3583 1747 custodiunt,
3612 1696 3738 1737 nam

506 1785 647 1831 tatas
683 1791 712 1829 a
757 1776 1034 1831 catholicis
1079 1777 1387 1832 doctoribus
1408 1778 1729 1845 invenimus,
1760 1779 1915 1835 simul
1946 1795 2095 1842 cum,

503 1880 687 1921 carum
724 1866 1067 1932 auctoribus,
1109 1866 1222 1922 sive
1262 1864 1645 1935 sectatoribus,
1691 1870 1747 1924 in
1790 1869 1892 1924 hoc
1932 1867 2069 1924 libro

504 1955 939 2009 determinamus.

574 2047 822 2115 liaeresis,
846 2050 1039 2127 αἵρεσις
1064 2046 1356 2115 Graecc,ab
1380 2050 1640 2108 electione
1662 2060 1901 2120 vocatur,
1925 2054 2068 2125 quod

504 2136 708 2193 scilicet
745 2137 1110 2208 unusquisque
1145 2138 1205 2193 id
1234 2139 1335 2195 sibi
1382 2140 1545 2212 eligat
1583 2144 1727 2213 quod
1762 2132 1956 2202 melius
1993 2147 2079 2203 illi

504 2245 621 2285 esse
647 2230 872 2294 videtur,
903 2237 963 2284 ut
985 2230 1305 2301 philosophi,
1333 2230 1696 2303 Peripatetici,
1737 2234 2067 2304 Academici,

506 2328 771 2399 Epicurei,
800 2336 855 2384 et
879 2327 1068 2395 Stoici,
1097 2329 1180 2384 vel
1207 2329 1345 2385 sicut
1370 2331 1483 2397 alii,
1509 2335 1599 2402 qui
1630 2348 1944 2404 perversum
1970 2337 2067 2393 do-

505 2434 626 2489 gma
648 2419 961 2488 cogitantes,
992 2420 1213 2475 arbitrio
1232 2434 1328 2476 suo
1347 2421 1414 2490 de
1438 2422 1678 2479 Ecclesia
1708 2424 2065 2482 recesserunt.

508 2510 631 2565 lude
664 2525 793 2582 ergo
819 2511 1054 2565 haereses
1078 2511 1386 2567 suntdicta:
1413 2512 1599 2568 Graeca
1634 2529 1766 2570 voce
1800 2531 1869 2571 ex
1908 2516 2070 2571 inter-

466 2643 468 2645 .
505 2600 811 2669 pretatione‘
830 2599 1129 2666 electionis,
1161 2614 1295 2668 quas
1322 2601 1547 2672 quisque
1584 2604 1811 2660 arbitrio
1848 2622 1965 2672 suo,
2001 2607 2071 2662 ad

505 2691 831 2748 instituenda
864 2690 976 2747 sive
1004 2690 1071 2746 ad
1100 2690 1436 2761 suscipienda
1459 2693 1729 2763 quaelibet,
1754 2695 1868 2765 ipse
1891 2696 2067 2767 elegit.

506 2782 670 2839 Nobis
698 2796 826 2836 vero
851 2780 991 2836 nihil
1030 2794 1099 2835 ex
1141 2788 1326 2835 nostro
1370 2782 1594 2839 arbitrio
1630 2784 1883 2842 inducere
1925 2787 2069 2854 licet,

494 2873 600 2929 sed
630 2888 730 2928 nec
752 2866 957 2943 'eligere
993 2874 1137 2943 quod
1162 2875 1352 2945 aliquis
1384 2877 1448 2931 de
1482 2876 1706 2932 arbitrio
1733 2892 1831 2933 suo
1852 2877 2075 2935 induxe-

507 2962 596 3016 rit.
638 2961 921 3032 Apostolus
957 2961 1052 3017 Dei
1103 2964 1361 3021 habemus
1403 2973 1689 3022 auctores:
1721 2967 1811 3038 qui
1837 2984 1937 3024 nec
1972 2969 2071 3039 ipsi

507 3052 793 3123 quidquam
823 3067 889 3107 ex
917 3068 1014 3108 suo
1034 3054 1257 3109 arbitrio
1280 3055 1422 3125 quod
1444 3055 1757 3111 inducerent
1778 3051 2070 3128 elegerunt,

508 3145 601 3201 sed
624 3155 897 3216 acceptam
924 3160 956 3200 a
988 3145 1209 3202 Christo.
1254 3146 1591 3219 disciplinam
1638 3148 1867 3204 fideliter
1903 3151 2075 3205 natio-

509 3234 666 3292 nibus
706 3236 1132 3308 assignaverunt.
1170 3236 1327 3293 Secta
1370 3254 1401 3292 a
1434 3239 1692 3296 sectanda
1743 3248 1798 3296 et
1845 3241 2078 3297 tenendo

509 3326 812 3391 nominata;
835 3342 957 3381 nam
984 3335 1158 3383 sectas
1184 3328 1410 3384 dicimus
1437 3330 1653 3386 habitus
1685 3331 1986 3386 animorum
2014 3347 2079 3387 ac

509 3416 767 3482 instituta,
797 3416 940 3471 circa
966 3416 1296 3486 disciplinam
1324 3418 1552 3475 ﬁdeliter
1574 3421 1930 3490 propositam,
1960 3437 2079 3492 quae

508 3506 737 3562 tenendo
762 3513 1075 3575 sequuntur,
1108 3507 1261 3577 longe
1286 3509 1389 3563 alia
1419 3510 1473 3563 in
1493 3510 1767 3578 religionis
1792 3512 1937 3567 cuitu
1960 3516 2077 3584 opi-

509 3605 699 3652 nantes
728 3610 886 3666 quam
927 3598 1126 3676 caeteri.
1181 3597 1425 3654 Schisma
1457 3615 1488 3654 a
1519 3601 1753 3657 scissura
1780 3603 2078 3665 animorum

513 3703 704 3745 nomen
745 3689 989 3758 accepit;
1031 3690 1219 3746 eodem
1248 3691 1394 3747 enim
1423 3692 1594 3759 cuitu,
1634 3694 1928 3764 eodemque
1973 3696 2078 3751 ritu

511 3779 681 3835 credit
703 3787 762 3834 ut
786 3780 988 3847 caeteri,
1018 3780 1131 3836 solo
1155 3784 1582 3855 congregationis
1606 3784 1903 3841 delectatur
1924 3788 2081 3843 dissi-

510 3870 618 3924 dio.
675 3868 762 3923 Fit
802 3878 976 3925 autem
1014 3871 1244 3926 schisma
1280 3887 1401 3927 cum
1441 3872 1627 3929 dicunt
1655 3892 1667 3928 :
1691 3873 1947 3933 Homines
1982 3892 2079 3933 nos

505 3960 633 4031 justi
659 3975 861 4025 sumus,
899 3975 995 4015 nos
1032 3961 1425 4018 sanctiﬁcamus
1452 3963 1775 4029 immundos,
1803 3974 1859 4020 et
1884 3976 2078 4022 caetera

510 4049 724 4104 similia.
774 4048 1093 4120 Superstitio
1117 4051 1277 4116 dicta,
1311 4066 1376 4107 eo
1402 4052 1542 4122 quod
1574 4053 1645 4108 sit
1679 4052 1946 4124 superﬂua
1986 4062 2079 4110 aut

511 4136 914 4209 superinstituta
937 4140 1255 4196 observatio.
1295 4141 1395 4196 Alii
1423 4141 1609 4197 dicunt
1630 4160 1660 4198 a
1688 4144 1935 4210 senibus,
1953 4146 2078 4215 quia

510 4230 690 4286 multis
719 4231 874 4286 annis
908 4232 1242 4301 superstites,
1279 4248 1373 4303 per
1396 4241 1610 4288 aetatem
1644 4234 1872 4289 delirant
1897 4244 1953 4290 et
1987 4251 2074 4290 er-

514 4331 651 4378 rant.

578 4417 728 4488 Apud
765 4417 977 4471 JlltltCOS
1006 4426 1185 4471 autem
1223 4417 1306 4472 ha:
1340 4416 1556 4474 fuerunt
1586 4419 1817 4475 haereses
1841 4438 1853 4473 :
1880 4419 2070 4475 Phari-

511 4524 757 4573 s;eorum,
809 4506 1257 4573 Sadducaaorum,
1301 4508 1713 4576 Esnteistarum,
1762 4510 2077 4566 Marbouen-

511 4599 665 4661 sium,
701 4597 1065 4662 Genistarum,
1103 4598 1507 4653 Meristmorum.

579 4686 830 4740 l’harismi
856 4703 982 4757 ergo
1004 4695 1059 4741 et
1088 4686 1367 4741 Sadduczei
1392 4687 1535 4742 inter
1561 4702 1618 4742 se
1641 4691 1897 4744 contrarii
1926 4700 2071 4751 sunt.

509 4779 640 4831 Nam
670 4777 919 4832 Pharisaei
950 4771 1013 4833 ex
1051 4778 1273 4835 Hebraeo
1302 4778 1355 4833 in
1382 4778 1631 4834 Latinum
1658 4781 2075 4851 interpretantur

507 4870 686 4935 divisi,
726 4884 789 4924 eo
816 4870 958 4938 quod
1002 4870 1344 4926 traditionum
1378 4880 1434 4927 et
1469 4873 1902 4927 Observationum
1941 4890 2075 4943 quas

506 4960 580 5014 illi
627 4959 877 5013 deuteras
927 4967 1121 5014 vocant
1161 4960 1426 5030 justitiam
1464 4963 1776 5033 przeferunt.
1828 4961 1978 5018 Unde
2022 4969 2079 5017 et

504 5050 661 5104 divisi
687 5057 947 5104 vocantur
973 5064 1002 5102 a
1032 5050 1225 5120 populo
1251 5052 1402 5119 quasi
1440 5066 1537 5122 per
1558 5050 1843 5121 justitiam.

573 5138 849 5193 Sadducaei
879 5138 1298 5207 interpretantur
1322 5138 1481 5210 justi;
1509 5141 1780 5198 vindicant
1806 5140 1948 5195 enim
1976 5139 2076 5195 sibi

506 5229 645 5299 quod
683 5244 786 5283 non
827 5235 970 5294 sunt,
1021 5229 1262 5298 corporis
1298 5233 1740 5286 resurrectionem
1773 5239 1988 5301 negant,
2018 5239 2071 5285 et

2166 1782 2455 1861 prophetas
2485 1796 2592 1836 non
2620 1780 2901 1850 recipiunt.

2238 1871 2738 1941 Hemerobaptisue,
2761 1884 2826 1926 eo
2859 1869 3000 1938 quod
3029 1866 3266 1938 quotidie
3298 1865 3617 1922 vestimenta
3646 1878 3746 1919 sua

2166 1974 2222 2023 et
2241 1958 2467 2035 carpora
2492 1962 2691 2017 lavent.

2237 2058 2463 2126 Quidam
2503 2053 2742 2112 haeretici
2778 2052 2868 2123 qui
2904 2053 2970 2107 de
2996 2050 3236 2113 Ecclesia
3278 2055 3641 2110 recesserunt,
3674 2060 3748 2101 ex

2168 2148 2473 2205 nominibus
2507 2159 2727 2201 suorum
2768 2150 3047 2198 auctorum
3084 2147 3483 2210 nuneupantur,
3518 2137 3746 2207 quidam

2168 2257 2295 2298 vero
2322 2256 2387 2296 ex
2413 2238 2588 2293 causis
2608 2251 2743 2307 quas
2770 2235 3027 2306 eligentes
3053 2232 3417 2287 instituerunt.

2241 2329 2531 2386 Simoniani
2569 2327 2696 2383 dicti
2733 2342 2762 2381 a
2802 2324 3019 2380 Simone
3043 2364 3058 2390 ,
3087 2323 3310 2394 magicae
3334 2320 3628 2392 disciplima
3652 2334 3750 2389 pe-

2171 2423 2293 2488 rito,
2331 2422 2415 2477 cui
2451 2421 2643 2475 Petrus
2681 2418 2736 2473 in
2766 2416 2987 2472 Actibus
3033 2414 3395 2486 apostolorum
3439 2411 3747 2473 maledixit,

2168 2526 2267 2582 pro
2290 2527 2354 2567 eo
2374 2511 2517 2582 quod
2541 2510 2608 2564 ab
2631 2506 2886 2580 apostolis
2909 2506 3140 2577 Spiritus
3168 2504 3341 2583 sancti
3378 2503 3607 2574 gratiam
3647 2516 3752 2571 pe-

2170 2601 2327 2658 cunia
2354 2613 2533 2656 emere
2557 2597 2828 2665 voluisset.
2879 2594 2947 2649 lli
2989 2595 3172 2650 dicunt
3213 2600 3514 2648 creaturam
3560 2605 3669 2647 non
3719 2605 3753 2645 a

2136 2772 2137 2775 η
2172 2697 2303 2760 Deo,
2333 2696 2425 2751 sed
2457 2710 2486 2748 a
2512 2693 2711 2747 virtute
2729 2692 2958 2762 quadam
2986 2704 3213 2760 superna
3242 2692 3503 2743 creatam.

2242 2783 2607 2839 Menandriani
2632 2797 2662 2836 a
2692 2780 2983 2837 Menandro
3003 2794 3182 2849 mago,
3209 2777 3470 2848 discipulo
3506 2775 3754 2832 Simonis

2174 2874 2483 2943 nuncupati,
2531 2871 2621 2941 qui
2667 2871 2922 2926 mundum
2956 2884 3061 2925 non
3094 2884 3124 2923 a
3153 2869 3283 2934 Deo,
3311 2867 3404 2923 sed
3442 2867 3512 2921 ab
3540 2865 3755 2935 angelis

2174 2964 2373 3021 factum
2399 2978 2517 3018 esse
2545 2970 2809 3017 asserunt.

2246 3049 2559 3107 Basilidiaui
2585 3064 2615 3103 a
2637 3048 2867 3103 Basilide
2892 3046 3163 3118 appellati,
3195 3046 3285 3117 qui
3332 3046 3475 3102 inter
3510 3044 3757 3114 reliquas

2176 3141 2552 3213 blasphemias,
2580 3154 2796 3211 passum
2821 3137 3003 3194 Iesum
3029 3139 3314 3209 abnegant.

2245 3235 2518 3291 Nicolaitaa
2553 3231 2680 3288 dicti
2709 3247 2740 3286 a
2762 3230 2980 3287 Nicolao
3017 3232 3241 3287 diacono
3270 3231 3522 3287 Ecclesiae
3558 3230 3757 3286 Hiero-

2177 3327 2524 3398 solymorum,
2565 3323 2655 3394 qui
2685 3338 2807 3379 eum
2833 3321 3106 3393 Stephano
3137 3330 3193 3378 et
3235 3323 3446 3378 caneris
3483 3324 3758 3378 constitu-

2178 3430 2265 3476 tus
2293 3427 2377 3474 est
2403 3433 2435 3471 a
2464 3417 2779 3485 Petrozqui
2825 3423 3045 3486 propter
3092 3414 3542 3485 pulchritudinem
3588 3413 3759 3468 relin-

2179 3525 2350 3582 quens
2385 3521 2625 3571 uxorem,
2671 3505 2878 3561 dixerat
2919 3513 2979 3560 ut
3015 3506 3105 3574 qui
3148 3505 3329 3570 vellet,
3378 3519 3443 3558 ea
3481 3512 3753 3559 uteretur.

2179 3601 2453 3670 Versaque
2495 3604 2576 3653 est
2619 3597 2673 3652 in
2714 3606 2956 3666 stuprum
2994 3596 3117 3651 talis
3147 3594 3495 3661 consuetudo,
3526 3602 3587 3648 ut
3615 3592 3759 3647 iuvi-

2178 3706 2294 3747 ecm
2323 3687 2565 3760 coniugia
2585 3694 3064 3743 commutarentur.

2246 3780 2484 3837 Gnostici
2507 3786 2725 3852 prepter
2752 3778 3122 3835 excellentiam
3144 3777 3383 3833 scientia:
3427 3791 3487 3831 se
3512 3776 3608 3830 ita
3654 3788 3761 3844 ap-

2176 3874 2374 3947 pellare
2402 3872 2712 3938 voluerunt;
2739 3870 2972 3926 animam
2993 3879 3238 3925 naturam
3258 3869 3351 3923 Dei
3376 3880 3497 3923 esse
3521 3867 3712 3922 dicunt
3738 3884 3759 3931 ;

2176 3966 2374 4021 bonum
2403 3971 2455 4018 et
2491 3960 2688 4017 malum
2724 3960 2893 4014 Deum
2931 3959 3042 4013 suis
3078 3957 3413 4027 dogmatibus
3450 3956 3677 4027 ﬁngunt.

2246 4055 2644 4126 Carpocratiani
2669 4068 2700 4107 a
2726 4053 3049 4123 Carpocrate
3085 4052 3315 4125 quodam
3345 4060 3624 4114 vocantur,
3656 4051 3762 4120 qui

2177 4146 2312 4203 dixit
2329 4144 2599 4201 Christum
2620 4142 2888 4199 hominem
2919 4140 3081 4197 fuisse
3106 4148 3335 4207 tantum,
3359 4150 3416 4197 et
3434 4142 3500 4196 de
3520 4149 3760 4210 utroque

2178 4251 2305 4292 sexu
2334 4234 2690 4306 progenitum.

2100 4350 2151 4411 D
2245 4342 2573 4399 Cerinthiani
2603 4358 2634 4397 a
2666 4340 2920 4397 Cerintho
2947 4340 3175 4410 quodam
3202 4339 3515 4410 nuncupati.
3567 4339 3635 4394 Hi
3671 4341 3758 4394 in—

2178 4445 2262 4496 ter
2303 4444 2493 4503 caetera
2536 4434 3001 4490 circumeisionem
3043 4433 3348 4499 observant,
3393 4432 3541 4488 mille
3578 4447 3760 4489 annos

2175 4535 2296 4597 post
2328 4527 2770 4581 resurrectionem
2795 4526 2849 4580 in
2879 4525 3149 4595 voluptate
3167 4526 3345 4580 carnis
3374 4524 3585 4579 futuros
3610 4540 3757 4593 pra:-

2176 4616 2374 4671 dicant.
2417 4614 2568 4671 Unde
2604 4626 2658 4671 et
2699 4614 2888 4671 Gnece
2924 4615 3183 4671 chiliastte
3224 4617 3517 4687 χιλιασταί,
3556 4614 3760 4671 Latine

2177 4707 2409 4762 milliasti
2440 4716 2563 4762 sunt
2589 4706 2858 4777 appellati.

2248 4817 2482 4873 Νυκτιτωὶ
2510 4819 2656 4883 dicti,
2687 4819 2778 4888 qui
2808 4820 2934 4873 dum
2958 4818 3253 4884 Christum,
3289 4819 3379 4887 qui
3412 4833 3442 4871 a
3478 4818 3593 4873 vico
3638 4817 3755 4873 Nae

2177 4926 2381 4967 aaraeus
2404 4919 2487 4967 est
2507 4912 2822 4981 appellatus,
2853 4910 3049 4965 Filium
3082 4911 3176 4967 Dei
3199 4909 3579 4976 conﬁteantur,
3627 4926 3750 4966 om-

2176 5003 2264 5056 nia
2290 5010 2466 5057 tamen
2495 5002 2689 5058 veteris
2713 5001 2844 5072 legis
2866 5001 3190 5057 custodiunt.

2246 5116 2451 5187 Ophitaa
2493 5131 2527 5171 a
2562 5116 2783 5172 colubro
2822 5117 3080 5171 nominati
3130 5124 3273 5172 sunt.
3331 5115 3561 5172 Coluber
3598 5116 3753 5169 enim

2176 5204 2359 5260 (ἔτειρε
2384 5210 2490 5278 ὄφις
2516 5206 2729 5260 dicitur.
2774 5205 2967 5260 Colunt
3001 5206 3144 5260 enim
3177 5214 3519 5292 serpentem,
3564 5204 3753 5257 dicen-

505 5298 735 5373 ,nimam
778 5320 998 5376 interire
1036 5337 1158 5376 cum
1200 5336 1422 5392 corpore
1463 5322 1771 5390 pradicant.
1828 5298 1933 5378 S'cd
1972 5338 2070 5377 nec
2172 5310 2252 5355 tes
2280 5300 2452 5370 ipsum
2482 5301 2533 5354 in
2557 5299 2803 5370 paradiso
2831 5300 3100 5356 induxisse
3122 5301 3334 5355 virtutis
3357 5298 3747 5367 cognitionem.

505 5412 723 5478 spiritus
747 5425 884 5477 esse,
910 5426 1007 5467 nec
1031 5413 1248 5483 angelos
1274 5413 1518 5467 credunt.
1565 5413 1631 5467 lii
1669 5415 1906 5484 quinque
1950 5422 2068 5467 tan-

507 5511 616 5555 tum
658 5501 821 5557 libros
866 5504 996 5575 legis
1046 5504 1342 5574 recipiunt,
1391 5504 1771 5573 prophetarum
1820 5503 2066 5559 vaticinia

513 5603 780 5657 respuunt.
799 5599 821 5607 "

2245 5388 2538 5464 Valentiani
2569 5427 2597 5463 a
2633 5409 2909 5464 Valentino
2931 5411 3158 5481 quodam
3181 5410 3453 5469 Platonico
3475 5415 3749 5462 sectatorc

2172 5498 2343 5554 vocati
2377 5514 2389 5551 :
2418 5500 2507 5569 qui
2535 5499 2735 5562 αἷῖωνας,
2772 5500 2821 5554 id
2851 5511 2931 5553 est
2959 5501 3149 5555 suaeuia
3194 5499 3437 5569 quaedam
3484 5497 3536 5551 iu
3580 5497 3750 5566 origi-

2171 5606 2291 5644 nem
2352 5589 2443 5642 Dei
2499 5590 2759 5643 creatoris
2804 5590 3024 5643 induxit.
3094 5590 3363 5643 Christum
3416 5600 3628 5656 quoque
3677 5587 3749 5641 de
