3958 6322
213 217 315 272 573
1002 217 1087 272 DE
1119 209 1553 272 CLEBICORUM
1593 209 2089 276 INSTITUTIONE,
2127 211 2274 266 ETC.
2319 245 2384 254 -—-
2423 213 2544 268 LIB.
2587 216 2646 269 ll.

3319 231 3420 284 574

219 332 426 402 Virgine
477 329 604 383 nihil
653 331 888 399 corporis
931 334 1303 402 assumpsisse,
1355 331 1446 386 sed
1500 343 1594 399 per
1642 341 1759 380 eam
1789 330 1840 389 Α
1931 328 2800 402 ilermogcniani,~abHermogene
2831 337 3057 403 quodam
3087 343 3254 395 vocati
3286 360 3298 396 :
3329 351 3418 414 qui

211 421 362 488 quasi
395 435 489 487 per
519 419 745 472 iistuiam
779 422 1030 475 transisse
1065 423 1309 476 asseruit.

283 510 623 578 Apellilarum
669 528 878 580 quoque
929 513 1135 582 Apelles
1183 515 1427 582 princeps
1481 513 1574 566 fuit
1619 530 1630 564 :
1674 511 1764 580 qui

211 610 526 663 creatorem,
559 601 798 670 angelum
827 605 1003 657 nescio
1025 619 1179 671 quem
1206 602 1490 673 gloriosum
1524 603 1763 670 superio-

213 693 284 744 ris
313 689 402 745 Dei
428 682 639 752 faciens,
675 694 834 746 Deum
858 694 987 764 legis
1015 695 1191 759 Israel,
1219 695 1363 748 illum
1391 695 1598 764 igneum
1628 691 1766 746 aliir-

213 798 383 836 mans.
436 782 671 850 Apellita:
716 799 938 852 quorum
987 793 1171 838 auctor
1210 785 1448 854 Apelles,
1491 784 1580 852 qui
1633 783 1766 836 dixit

210 873 481 926 Christum
533 889 634 927 non
688 873 849 927 Deum
899 875 948 927 in
1005 876 1247 940 veritate,
1285 875 1376 929 sed
1413 875 1674 928 hominem
1711 873 1763 926 in

211 962 490 1028 phantasia
516 963 844 1032 apparuisse.

282 1051 622 1106 Archontiaci
666 1068 694 1105 a
738 1053 1062 1121 principibus
1115 1053 1443 1122 appellantur
1473 1073 1484 1106 :
1514 1053 1601 1122 qui
1651 1053 1766 1106 uni-

209 1141 520 1195 versitatem
560 1156 715 1210 quam
749 1140 888 1194 Deus
915 1140 1147 1194 condidit
1171 1181 1184 1204 ,
1212 1157 1372 1210 opera
1401 1157 1518 1197 esse
1542 1141 1764 1196 archan-

211 1230 448 1298 gclorum
478 1229 786 1284 defendunt.

283 1321 558 1374 Adamiani
600 1321 791 1385 vocati,
829 1322 967 1390 quod
994 1322 1119 1377 Ada:
1147 1323 1423 1376 imitantur
1451 1323 1760 1388 nuditatem,

210 1403 350 1465 unde
378 1419 431 1465 ct
458 1412 581 1466 nudi
608 1420 788 1477 erant,
825 1421 877 1469 et
905 1413 1026 1468 nudi
1056 1413 1107 1468 in
1143 1428 1199 1469 se
1236 1429 1412 1468 mares
1452 1414 1764 1483 feminaeque

210 1501 548 1555 conveniunt.

280 1591 500 1646 Cainani
542 1593 761 1662 proinde
785 1595 861 1649 sic
890 1594 1153 1663 appellati,
1195 1597 1440 1663 quoniam
1471 1595 1601 1649 Cain
1636 1595 1764 1649 ado-

211 1691 353 1736 rant.

282 1772 520 1827 Sethiani
551 1788 741 1828 nomen
771 1781 1088 1842 acceperunt
1107 1789 1136 1827 a
1160 1771 1265 1828 ﬁlio
1291 1773 1478 1839 Adam,
1504 1775 1591 1844 qui
1611 1791 1766 1830 voca-

211 1873 298 1915 tus
324 1872 405 1915 est
426 1862 574 1927 Seth,
599 1864 836 1918 dicentes
856 1879 975 1918 eum
1005 1879 1123 1919 esse
1145 1862 1434 1919 Christum.

282 1949 774 2006 Melchisedechiani
801 1951 970 2006 vocati
996 1967 1093 2022 pro
1120 1967 1182 2007 eo
1213 1954 1352 2021 quod
1387 1951 1765 2009 Melchisedech

211 2038 540 2092 sacerdotem
572 2039 686 2104 Dei,
719 2055 821 2094 non
852 2040 1122 2095 hominem
1151 2039 1332 2107 fuisse,
1375 2043 1467 2097 sed
1515 2043 1767 2097 virtutem

214 2125 303 2179 Dei
334 2127 676 2180 arbitrantur.

281 2214 466 2284 Angeh’
491 2227 746 2269 vocantur
772 2216 860 2285 qui
893 2215 1106 2286 angelos
1133 2216 1334 2271 colunt.

278 2302 564 2371 Apostolici
603 2305 704 2359 hoc
740 2305 838 2376 sibi
876 2321 1064 2360 nomen
1092 2306 1210 2360 ideo
1238 2319 1594 2376 sumpserunt,
1626 2310 1768 2379 quod

211 2393 342 2446 nihil
364 2394 698 2462 possidentes
722 2397 1015 2465 proprium,
1039 2411 1373 2466 nequaquam
1397 2401 1654 2469 rccipiunt
1677 2415 1770 2456 eos

211 2482 302 2548 qui
331 2481 508 2550 aliquo
531 2482 580 2535 in
611 2482 711 2538 hoc
733 2483 930 2538 mundo
959 2491 1196 2539 utuntur.
1522 2536 1527 2542 .

279 2571 598 2626 Cerdonlani
626 2581 655 2627 a‘
681 2571 917 2628 Cerdone
944 2575 1178 2643 quodam
1212 2576 1469 2633 nominati
1500 2597 1512 2633 :
1544 2581 1634 2649 qui
1661 2580 1768 2638 duo

151 2674 153 2676 ‘
210 2663 479 2716 contraria
509 2665 763 2735 principia
788 2667 1036 2721 asseruit.

280 2749 633 2806 Marcionista:
665 2769 706 2810 a_
727 2753 992 2809 Marcione
1033 2753 1212 2812 Stoico
1249 2757 1560 2830 phil050pho
1586 2762 1766 2832 appel-

211 2839 302 2892 lati
338 2857 350 2892 :
383 2841 471 2910 qui
507 2841 763 2898 Cerdonis
793 2845 982 2915 dogma
1014 2856 1248 2913 secutus,
1287 2849 1512 2904 alterum
1545 2851 1766 2918 bonum,

212 2931 436 2985 alterum
456 2932 658 3000 justum
685 2936 848 2989 Deum
875 2940 1132 3004 asseruit;
1163 2949 1415 3011 tanquam
1440 2943 1543 2999 duo
1570 2945 1764 3014 princi-

212 3023 297 3090 pia
324 3025 581 3079 creatoris
607 3035 662 3079 et
686 3023 956 3082 bonitatis.

282 3111 589 3167 Arroteritaa
632 3115 699 3168 ab
738 3115 1005 3171 oblatione
1047 3121 1252 3184 vocati;
1297 3136 1488 3189 panem
1533 3123 1769 3177 enimet

212 3215 424 3254 caseum
453 3201 678 3256 oil‘erunt
714 3203 948 3263 dicentes
979 3207 1163 3274 primis
1199 3210 1499 3265 hominibus
1536 3211 1765 3267 oblatio-

211 3306 337 3344 nem
379 3305 408 3344 a
454 3284 898 3349 fructibusterrze
937 3305 991 3351 et
1029 3312 1058 3352 a
1101 3297 1359 3354 fructibus
1387 3302 1564 3356 ovium
1603 3300 1767 3358 fuisse

211 3370 552 3435 Celebratam.

278 3467 499 3537 Aquarii
529 3471 803 3541 appellati,
841 3488 904 3529 eo
932 3476 1073 3544 quod
1112 3490 1303 3546 aquam
1334 3478 1503 3534 solam”
1537 3480 1770 3536 offerunt

210 3557 262 3610 iu
291 3559 457 3613 calice
482 3563 823 3616 sacramenti.

280 3648 580 3717 Severiani,
611 3667 641 3705 a
675 3652 870 3708 Severo
907 3657 1098 3720 exorti,
1130 3657 1310 3710 vinum
1336 3674 1441 3712 non
1476 3660 1684 3727 bibunt,
1715 3671 1769 3717 et

207 3740 379 3794 Vetus
391 3740 874 3808 Testamentum,et
894 3747 1337 3801 resurrectionem
1359 3764 1462 3802 non
1485 3751 1764 3818 recipiunt.

278 3831 488 3884 Tatiaui
509 3871 524 3897 ,
555 3847 584 3885 a
613 3831 837 3888 Tatiano
864 3837 1091 3903 quodam
1117 3838 1322 3902 vocati,
1354 3841 1442 3908 qui
1478 3849 1531 3894 et
1565 3842 1768 3896 Encra-

209 3923 322 3975 titas
347 3923 494 3987 dicti,
524 3923 645 3992 quia
673 3939 862 3978 carnes
892 3926 1280 3981 abominantur.

272 4009 452 4080 Alogii
482 4019 736 4064 vocantur
770 4019 1017 4080 tanquam
1045 4013 1157 4069 sine
1192 4017 1381 4081 verbo;
1419 4018 1567 4088 logos
1597 4020 1762 4086 enim,

202 4101 349 4174 λόγος
377 4099 582 4166 Grmce,
624 4104 842 4156 verbum
885 4103 1106 4169 dicitur;
1156 4106 1320 4160 Deum
1362 4109 1502 4162 enim
1543 4111 1765 4165 verbum

204 4207 311 4247 non
337 4194 587 4259 credunt,
612 4205 918 4264 rcspuentes
942 4194 1158 4251 Joannis
1185 4198 1524 4269 Evangelium
1548 4211 1602 4256 et
1625 4202 1764 4274 Apo-

202 4282 468 4351 calypsin.

272 4369 629 4440 Cataphrygis
656 4385 845 4426 nomen
887 4374 1155 4441 provincia
1183 4374 1404 4446 Phrygis
1434 4378 1574 4433 dedit
1596 4418 1612 4443 ,
1641 4380 1764 4449 quia

201 4458 272 4512 ibi
300 4459 624 4512 exstiterunt
653 4470 897 4514 auctores
925 4474 1126 4516 eorum.
1419 4512 1425 4518 .

272 4548 583 4613 Montanus,
614 4549 794 4603 Prisca
824 4561 878 4604 et
909 4550 1192 4605 Maximilla
1221 4551 1434 4608 fuerunt
1460 4574 1471 4608 :
1504 4555 1542 4610 ii
1569 4559 1765 4612 adven-

113 4633 117 4635 ’
200 4647 314 4691 tum
345 4637 579 4706 Spiritus
603 4639 772 4692 sancti
798 4654 901 4693 non
926 4640 979 4693 in
1005 4641 1290 4709 apostolos,
1315 4641 1408 4696 sed
1435 4644 1486 4697 in
1516 4660 1574 4700 se
1599 4649 1764 4702 tradi-

201 4736 313 4781 tum
344 4737 616 4782 asserunt.

267 4817 496 4872 Cathari
528 4826 746 4888 propter
774 4819 1084 4875 munditiam
1113 4821 1184 4875 ita
1229 4836 1286 4876 se
1319 4823 1759 4901 nominaverunt;

199 4907 498 4976 gloriantes
525 4909 668 4963 enim
693 4909 758 4964 de
782 4910 892 4964 suis
918 4911 1141 4976 meritis,
1165 4920 1358 4981 negant
1380 4915 1760 4982 pmnitentibus

199 4999 416 5053 veniam
455 5009 826 5067 peccatorum;
868 5002 1052 5057 viduas
1086 5003 1131 5056 si
1160 5005 1464 5071 nupserim,
1504 4991 1773 5074 tanquam

197 5087 476 5144 adulteras
498 5087 779 5154 damnant;
807 5090 1109 5146 mundiores
1130 5106 1188 5145 se
1206 5091 1413 5146 caeteris
1435 5093 1750 5161 praedicant;

197 5178 287 5246 qui
318 5189 520 5231 nomen
549 5191 700 5230 suum
727 5178 770 5231 si
800 5193 1120 5246 cognoscere
1143 5179 1356 5245 vellent,
1381 5180 1674 5235 mundanos
1700 5198 1759 5236 se

196 5265 379 5335 potius
411 5279 571 5332 quam
601 5265 824 5318 mundos
853 5274 1121 5320 vocarent.

265 5354 513 5408 Pauliani
535 5394 549 5419 ,
579 5370 610 5407 a
637 5353 799 5409 Paulo
830 5354 1176 5411 Samosateno
1203 5356 1373 5411 exorti
1400 5364 1541 5421 sunt,
1567 5357 1654 5425 qui
1680 5357 1758 5412 di-

198 5445 276 5497 xit
313 5459 425 5497 non
461 5457 673 5514 semper
703 5442 866 5500 fuisse
890 5443 1188 5513 Christum,
1225 5446 1317 5502 sed
1355 5461 1385 5500 a
1421 5445 1583 5500 Maria
1613 5461 1754 5501 sum-

198 5534 370 5602 |.sissc
395 5533 627 5589 initium.

1790 4326 1844 4385 D

1866 418 2144 471 materiam
2194 433 2298 471 non
2349 427 2528 471 natam
2576 419 2934 488 introducens,
2984 425 3091 478 Deo
3138 445 3240 482 non
3295 446 3419 488 natu

1865 520 1983 560 eam
2018 508 2377 575 comparavit,
2420 517 2752 576 matremque
2781 511 3158 567 elementorum
3185 527 3236 571 et
3267 520 3417 574 deum

1864 599 2114 664 asseruit,
2170 615 2304 668 quos
2349 601 2635 670 Apostolus
2680 600 2942 669 improbat
2989 605 3263 662 elementis
3307 627 3418 665 ser-

1865 689 2086 743 vicntes.

1935 777 2206 831 Mauichmi
2238 794 2264 830 a
2290 780 2516 847 quodam
2540 779 2702 832 Persa
2729 781 3070 848 exstiterunt,
3093 785 3182 852 qui
3208 798 3422 844 vocatus

1863 874 1946 918 est
1975 864 2171 919 Manes.
2207 865 2301 920 Hic
2330 868 2460 922 duas
2501 876 2721 922 naturas
2755 876 2806 922 et
2838 871 3161 926 substantias
3189 873 3422 928 introdu-

1865 955 1957 1017 xit,
1993 955 2042 1008 id
2071 965 2152 1010 est
2177 956 2370 1011 bonam
2397 966 2450 1011 et
2476 957 2669 1010 malam
2688 997 2702 1020 ,
2730 966 2784 1011 et
2811 960 3016 1014 animas
3045 976 3111 1014 ex
3138 962 3246 1016 Deo
3275 965 3422 1031 quasi

1863 1060 1928 1098 ex
1951 1044 2129 1114 aliquo
2152 1045 2294 1098 fonte
2317 1061 2533 1100 manare
2559 1048 2816 1111 asseruit;
2845 1049 3007 1104 Vetus
3029 1048 3422 1106 Testamentum

1865 1134 2085 1203 respuit,
2119 1134 2320 1188 Novum
2349 1149 2414 1188 ex
2440 1144 2594 1204 parte
2619 1136 2824 1204 recipit.

1931 1226 2221 1280 Canoniani
2251 1227 2439 1282 Latine
2468 1229 2582 1283 sine
2608 1229 2723 1299 lege
2751 1229 3016 1285 dicuntur.

1930 1316 2493 1388 Anthropomorphitae
2520 1322 2682 1388 dicti,
2710 1329 2805 1392 pro
2833 1340 2896 1379 eo
2920 1327 3059 1395 quod
3089 1328 3425 1397 simplicitate

1863 1407 2059 1461 rustica
2089 1408 2254 1463 Deum
2283 1411 2511 1465 humana
2548 1415 2786 1468 membra
2815 1416 3033 1482 habere,
3061 1433 3179 1486 quae
3211 1418 3263 1470 in
3292 1418 3425 1473 divi-

1863 1500 1946 1554 nis
1971 1501 2167 1570 seripta
2189 1512 2331 1568 sunt,
2354 1505 2710 1569 arbitrantur;
2737 1509 3028 1576 anthropos
3052 1510 3213 1572 enim,
3242 1510 3424 1564 Graece

1865 1587 2154 1663 ἄνθρωπος,
2207 1591 2394 1646 Latine
2446 1594 2604 1647 homo
2622 1595 3070 1663 sinterprctatur;
3125 1598 3426 1667 ignorantes

1800 1657 1840 1716 Β
1866 1657 2052 1736 vocem
2077 1683 2317 1748 Domini,
2353 1684 2443 1753 qui
2471 1686 2546 1738 ait
2570 1703 2581 1736 :
2614 1684 2840 1754 Spiritus
2869 1685 3007 1740 Deus
3044 1657 3428 1757 est.vlnc0rpo-

1867 1787 1992 1840 reus
2017 1780 2099 1826 est
2125 1774 2288 1838 enim,
2313 1789 2412 1828 nec
2438 1774 2694 1830 membris
2720 1775 3086 1847 distinguitur,
3120 1793 3217 1834 nec
3241 1793 3429 1848 corpo-

1867 1860 1942 1915 ris
1966 1861 2103 1915 mole
2127 1871 2394 1917 censetur.
3502 1860 3504 1863 ’

1937 1948 2218 2005 lleraclitze
2252 1953 2321 2006 ab
2355 1951 2622 2008 Heraclito
2644 1963 2862 2010 anetore
2888 1956 3093 2020 exorti,
3138 1958 3439 2012 monachos-

1867 2044 2073 2090 tantum
2099 2039 2383 2109 recipiunt,
2412 2041 2654 2111 conjugis
2679 2051 2953 2113 respuunt,
2982 2059 3143 2114 regna
3169 2045 3426 2100 omlorum

1865 2126 2118 2195 parvulos
2146 2129 2345 2184 habere
2370 2145 2474 2183 non
2505 2131 2745 2188 credunt.
3243 2185 3250 2191 .

1937 2216 2216 2272 Novatiani
2243 2234 2274 2272 a
2296 2218 2500 2276 Novato
2521 2220 2701 2275 Roma:
2722 2221 2870 2276 urbis
2893 2203 3204 2292 presbytero
3230 2222 3428 2286 exorti,

1868 2307 1957 2376 qui
1986 2307 2240 2362 adversus
2263 2307 2570 2363 Cornelium
2594 2311 2905 2365 cathedram
2928 2312 3308 2366 sacerdotalem
3333 2327 3426 2366 co-

1869 2403 2030 2450 natus
2053 2395 2302 2452 invadere
2349 2399 2591 2453 haeresim
2635 2400 2879 2470 instituit,
2929 2401 3113 2457 nolens
3159 2411 3429 2472 apostatas

1868 2485 2160 2555 suscipere,
2190 2495 2244 2542 et
2272 2486 2610 2557 rebaptizans
2633 2489 2951 2558 baptizatos.

1938 2570 2170 2628 Montani
2204 2574 2440 2630 hmretici
2467 2577 2627 2639 dicti,
2661 2578 2801 2647 quod
2831 2586 3068 2648 tempore
3103 2581 3428 2649 persecutio-

1868 2666 1952 2720 nis
1995 2666 2048 2732 in
2090 2667 2356 2721 montibus
2380 2668 2680 2733 latuerunt,
2717 2685 2821 2738 qua
2851 2671 3130 2725 occasione
3161 2686 3219 2725 se
3245 2687 3274 2726 a
3304 2687 3424 2726 cor-

1866 2770 1998 2827 pore
2021 2757 2294 2813 eatholicaa
2317 2758 2569 2814 Ecclesia:
2597 2760 2910 2830 diviserunt.
3231 2801 3242 2809 κ

1937 2847 2198 2902 Ebionitzn
2227 2848 2294 2902 ab
2323 2846 2524 2903 Ebione
2553 2849 2700 2913 dicti,
2727 2849 2839 2904 sive
2864 2868 2892 2904 a
2923 2860 3251 2921 paupertate.
3275 2852 3446 2908 Chri-.

1866 2946 2008 2992 stum
2036 2940 2179 2992 enim
2207 2952 2304 3008 per
2332 2949 2641 3010 provectum
2667 2941 2837 2996 solum
2857 2943 3059 3012 justum
3097 2953 3282 3012 putant
3308 2945 3430 2999 eil‘c-

1869 3037 2034 3082 ctum.
2069 3028 2218 3083 Unde
2250 3041 2615 3099 competenter
2638 3031 2858 3086 Ebionei
2887 3047 2983 3100 pro
3016 3044 3324 3102 paupertate
3351 3035 3430 3086 in-

1868 3115 2173 3185 telligentia:
2197 3115 2444 3185 appellati
2473 3125 2613 3171 sunt.
2655 3117 2720 3170 ili
2765 3118 3052 3185 semijudcei
3082 3129 3234 3183 sunt.
3271 3130 3324 3175 et
3356 3122 3428 3176 ita

1867 3212 2049 3258 tenent
2076 3204 2440 3273 Evangelium,
2474 3213 2533 3259 ut
2567 3206 2734 3276 legem
2760 3207 3046 3262 carnaliter
3068 3219 3301 3273 servent,
3331 3209 3426 3263 ad-

1866 3308 2052 3347 versus
2076 3294 2300 3361 quos‘ad
2321 3291 2539 3348 Galatas
2566 3294 2850 3364 Apostolus
2877 3298 3118 3352 scribens
3143 3300 3425 3354 invenitur.

1935 3381 2236 3436 Photiniani
2281 3398 2310 3434 a
2354 3382 2584 3435 Photino
2613 3382 3015 3439 Gallo-Graecia:
3064 3384 3286 3455 Syrmiae
3315 3388 3429 3455 epi-

1868 3487 2029 3541 scopo
2051 3473 2361 3541 nuncupati,
2380 3473 2469 3540 qui
2485 3473 2852 3528 Ebionitarum
2877 3475 3120 3529 haeresim
3144 3479 3425 3540 suscitans,

1867 3565 2096 3619 asseruit
2123 3563 2394 3618 Christum
2425 3579 2454 3616 a
2491 3563 2658 3619 Maria
2685 3579 2781 3634 per
2807 3564 3002 3635 Ioseph
3038 3568 3262 3635 nuptiali
3286 3571 3430 3624 coitu
3527 3638 3534 3641 1

1867 3653 2033 3709 fuisse
2059 3662 2398 3724 conceptum.

1936 3745 2147 3800 ΛΕνὶθυί
2169 3747 2236 3800 ab
2256 3745 2406 3800 Erio
2427 3745 2656 3813 quodam
2677 3746 2964 3813 nuncupati
2987 3747 3141 3800 sunt:
3165 3747 3218 3800 hi
3241 3745 3432 3802 oii‘crre

1867 3835 2187 3891 sacriﬁcium
2217 3849 2314 3903 pro
2347 3835 2610 3888 defunctis
2639 3844 2912 3902 spernunt.

1936 3924 2150 3978 Ethiani
2179 3915 2246 3977 ab
2272 3923 2429 3978 Ethio
2458 3932 2583 3978 sunt
2609 3924 2804 3987 vocati,
2843 3924 3088 3991 idemque
3114 3923 3430 3978 Eunomiaui

1865 4018 1932 4071 ab
1967 4016 2225 4070 Eunomio
2263 4014 2492 4083 quodam
2515 4015 2817 4078 dialectico,
2860 4014 3002 4067 Ethii
3050 4015 3330 4083 discipulo,
3362 4027 3428 4069 ex

1865 4106 2013 4174 cujus
2044 4106 2256 4161 nomine
2289 4105 2459 4175 magis
2499 4105 2878 4165 innatuerunt,
2929 4105 3240 4158 dissimilem
3285 4104 3430 4157 Patri

1865 4203 2166 4251 asserentes
2188 4195 2401 4259 Filium,
2435 4201 2490 4248 et
2516 4195 2652 4248 Filio
2674 4194 2931 4262 Spiritum
2960 4204 3224 4259 sanctum,
3247 4195 3429 4249 dicunt

1867 4268 2028 4339 etiam
2059 4285 2260 4352 nullum
2285 4284 2537 4353 imputari
2560 4292 2840 4356 peccatum
2871 4283 2921 4336 in
2945 4284 3046 4337 (ide
3078 4285 3424 4338 manentium.

1936 4374 2243 4450 Origeniani
2281 4373 2346 4426 ab
2372 4373 2601 4442 Origene
2627 4381 2848 4426 auctore
2877 4372 3047 4425 exorti
3071 4380 3216 4436 sunt,
3245 4372 3428 4426 dicen-

1845 4475 1951 4540 .tes
1975 4463 2112 4533 quod
2142 4478 2245 4517 non
2271 4462 2443 4532 possit
2469 4462 2634 4517 Filius
2661 4462 2841 4516 videre
2864 4461 3097 4524 Patrem,
3129 4477 3227 4516 nec
3256 4461 3426 4529 Spiri-

1837 4541 1952 4608 itus
1980 4559 2195 4607 sanctus
2224 4551 2446 4617 Filium;
2480 4553 2688 4605 animas
2706 4565 2918 4620 quoque
2944 4551 2995 4603 in
3023 4550 3201 4604 mundi
3223 4550 3422 4618 princi-

1865 4643 1953 4713 pio
1980 4642 2159 4696 dicunt
2181 4655 2454 4710 peccasse,
2480 4650 2545 4694 ‘et
2571 4655 2666 4709 pro
2695 4640 3001 4694 diversitate
3030 4646 3365 4707 peccatorum
3395 4653 3426 4691 e

1866 4731 2015 4786 caelis
2032 4729 2207 4798 iisque
2234 4731 2299 4784 ad
2325 4740 2523 4784 terram
2552 4731 2758 4783 diversa
2785 4744 3006 4797 corpora
3033 4728 3185 4798 quasi
3215 4729 3424 4784 vincula

1864 4821 2141 4884 meruisse,
2172 4834 2340 4889 eaque
2367 4820 2432 4876 de
2455 4835 2615 4874 causa
2644 4819 2844 4872 factum
2875 4818 3039 4873 fuisse
3064 4819 3338 4873 mundum.

1932 4907 2175 4962 Noetiani
2220 4922 2250 4961 a
2304 4908 2535 4976 quodam
2582 4906 2766 4961 Noetio
2805 4909 3012 4972 vocati,
3044 4907 3134 4976 qui
3175 4907 3425 4962 dicebant

1861 4998 2132 5053 Christum
2148 4999 2392 5052 eumdem
2413 5011 2530 5052 esse
2550 4996 2764 5051 Patrem
2788 5006 2841 5051 et
2868 4996 3124 5063 Spiritum
3153 5006 3417 5058 sanctum.

1861 5090 2136 5160 ipsamque
2156 5089 2469 5142 Trinitatem
2500 5088 2550 5141 in
2567 5087 2858 5142 ofﬁciorum
2876 5089 3202 5154 nominibus,
3229 5103 3335 5142 non
3365 5088 3418 5141 in

1860 5180 2131 5250 personis,
2174 5179 2443 5246 accipiunt
2484 5196 2496 5232 :
2533 5179 2671 5232 unde
2714 5187 2769 5232 et
2812 5177 3193 5248 Patripassiani
3226 5192 3416 5230 vocan-

1865 5276 1968 5330 tur,
1997 5268 2120 5336 quia
2147 5267 2361 5320 Patrem
2383 5281 2598 5335 passum
2628 5267 2830 5320 dicunt.

1932 5355 2217 5411 Sabelliani
2246 5353 2313 5408 ab
2352 5354 2539 5408 eodem
2582 5353 2770 5409 Noetio
2811 5355 3099 5424 pullulasse
3140 5352 3414 5417 dicuntur,

1863 5447 2014 5516 cujus
2047 5444 2360 5512 discipulum
2386 5444 2666 5512 perhibent
2696 5443 2856 5498 fuisse
2885 5443 3192 5508 Sabellium,
3228 5458 3292 5498 ex
3324 5459 3416 5498 cu-

1858 5535 1945 5603 jus
1978 5534 2188 5590 nomine
2217 5533 2444 5588 maxime
2467 5533 2819 5602 jnnotuerunt
2837 5574 2851 5601 ,
2885 5534 3024 5590 unde
3048 5541 3102 5589 et
3129 5532 3413 5589 Sabelliani
