3958 6340
511 240 621 296 575

1056 194 1057 197 γ
1148 238 1210 293 Β.
1250 232 1501 292 assam
1540 230 1755 287 usum
1791 218 2453 287 ancmnrsnocuur.
2490 228 2772 288 OPERUM
2808 229 2987 288 rans
3024 232 3067 286 ι.

3624 235 3729 293 376

505 336 680 409 vocati
722 362 845 409 sunt
886 374 899 407 :
939 354 995 409 hi
1037 366 1198 408 unam
1232 361 1512 420 personam
1554 344 1727 399 Patris
1765 352 1819 399 et
1862 342 1981 398 Filii
2017 349 2070 398 et
2096 343 2143 403 A
2173 350 2285 397 tum
2331 342 2599 399 Christum
2646 341 2777 399 alios
2824 343 3043 398 Mariam
3091 343 3227 401 filios
3269 347 3337 403 de
3374 347 3491 402 viro
3534 346 3732 418 Ioseph

507 443 739 512 Spiritus
768 442 937 498 sancti
969 448 1234 497 astruunt.

575 534 759 587 Ariani
792 533 859 586 ab
894 532 1023 585 Ario
1062 528 1422 583 Alexandrino
1449 524 1896 596 presbyteroorti
1922 531 2064 589 sunt,
2140 579 2144 583 p

502 624 593 692 qui
622 632 946 678 cozetcrnum
970 620 1113 675 Patri
1142 618 1332 673 Filium
1361 632 1464 671 non
1492 630 1805 686 agnoscens,
1828 612 2068 669 diversas

504 714 553 766 in
590 713 851 765 Trinitate
890 708 1218 768 substantias
1258 707 1518 771 asseruit,
1553 713 1742 760 contra
1770 704 1899 759 illud
1927 704 2066 774 quod

502 806 576 859 ait
602 804 857 858 Dominus
881 820 895 855 :
919 800 1033 871 Ego
1056 810 1107 854 et
1135 797 1297 853 Pater
1314 813 1476 851 unum
1504 813 1682 853 sumus
1712 794 1891 866 (Jaan.
1913 794 1991 866 ι).

542 875 937 946 .Macedoniani
965 905 995 943 a
1020 886 1329 942 Macedonio
1350 883 1936 953 Constantinopolitano
1953 882 2065 952 epi-

497 997 657 1051 scopo
685 982 812 1037 dicti
848 987 988 1043 sunt,
1028 986 1285 1049 negantes
1313 977 1479 1032 Deum
1505 990 1624 1031 esse
1659 973 1914 1044 Spiritum
1941 988 2064 1028 san-

496 1084 960 1235 cyfhﬂpollinarislm
994 1163 1060 1216 ab
1098 1158 1390 1230 Apollinari
1424 1157 1596 1213 vocati
1636 1162 1792 1221 sunt,
1824 1155 2061 1210 dicentes

495 1257 767 1311 Christum
797 1268 989 1323 corpus
1011 1250 1376 1306 tantummodo
1395 1249 1512 1303 sine
1536 1248 1714 1302 anima
1739 1245 2055 1315 suscepisse.

560 1343 1013 1399 Antidicomaritte
1036 1338 1284 1418 appellati
1309 1346 1452 1403 sunt,
1498 1352 1599 1408 pro
1623 1350 1690 1392 eo
1712 1336 1853 1407 quod
1878 1334 2059 1390 Mariae

404 1490 407 1493 ,
490 1436 785 1508 virginitati
817 1432 1223 1498 contradicunt,
1266 1437 1570 1486 asserentes
1597 1442 1721 1484 eam
1746 1435 1866 1498 post
1898 1426 2056 1483 Chri—

490 1536 628 1582 stum
656 1512 841 1581 natum
867 1527 984 1580 viro
1008 1539 1105 1579 suo
1131 1522 1295 1578 fuisse
1322 1521 1688 1586 commistam.

2169 447 2456 503 peperisse.
3720 495 3725 499 .

2234 522 2541 579 Paterniani
2565 538 2594 578 a
2618 523 2847 579 Paterno
2869 525 3098 593 quodam
3121 529 3314 594 exorti,
3337 530 3427 600 qui
3450 526 3737 586 inferiores

2167 614 2406 683 corporis
2433 624 2614 684 partes
2635 630 2665 669 a
2694 615 2906 673 diabolo
2932 614 3100 671 factas
3126 617 3426 687 Opinantur.

2235 702 2451 758 Arabici
2485 704 2793 773 nuncupati,
2824 718 2889 759 eo
2913 704 3055 774 quod
3082 706 3135 759 in
3161 706 3357 762 Arabia
3381 709 3555 763 exorti
3584 718 3733 774 sunt,

2165 791 2405 847 dicentes
2428 793 2661 847 animam
2689 808 2807 847 cum
2836 807 3060 863 corpore
3088 795 3245 861 mori,
3275 805 3435 866 atque
3463 792 3518 853 in
3550 799 3732 853 novis-

2164 881 2300 936 simo
2323 890 2608 953 utrumque
2630 897 2926 954 resurgere.

2234 971 2643 1027 Tertullianistaa
2670 972 2795 1028 dicti
2823 988 2853 1027 a
2874 973 3221 1036 Tertulliano,
3254 975 3570 1046 presbytero
3588 975 3734 1029 Afri.

2161 1075 2308 1116 cana:
2342 1063 2627 1132 provincias
2647 1072 2701 1118 et
2738 1062 2976 1118 civitatis
2996 1062 3454 1135 Carthaginensis,
3491 1066 3732 1120 animam

2160 1148 2519 1206 immortalem
2548 1147 2698 1218 esse,
2747 1152 2841 1207 sed
2882 1165 3194 1223 corpoream
3234 1152 3625 1224 praedicantes,
3673 1162 3732 1208 et

2160 1237 2368 1292 animas
2399 1238 2673 1293 hominum
2709 1248 3240 1312 peccatorum,post
3280 1249 3507 1297 mortem
3532 1242 3589 1299 in
3619 1241 3730 1297 da!-

2158 1342 2344 1383 mones
2366 1330 2604 1395 converti
2633 1339 2905 1400 putantes.
3558 1372 3566 1382 ε

2228 1411 2712 1472 Tcssarodecaditae
2747 1418 2909 1485 dicti,
2950 1420 3091 1490 quod
3128 1429 3319 1491 quarta
3349 1420 3556 1477 decima
3596 1421 3728 1478 luna

2155 1506 2353 1575 pascha
2390 1521 2510 1561 cum
2543 1505 2740 1563 Judaeis
2774 1509 3161 1565 observandum
3191 1513 3567 1577 contendunt;
3595 1526 3725 1566 nam

559 1616 1034 1687 Metangismonitac
1057 1615 1177 1670 ideo
1204 1612 1310 1668 tale
1334 1626 1529 1687 nomen
1555 1610 1907 1682 acceperunt,
1934 1610 2046 1679 quia

2162 1604 2363 1650 tessara
2388 1604 2638 1665 quatuor,
2670 1598 2801 1653 deca
2826 1599 3009 1656 decem
3038 1598 3320 1671 signiﬁcat.

487 1723 673 1779 angos,
712 1682 864 1781 ἄῘν-νος
900 1706 1108 1771 Graece,
1140 1720 1237 1759 vas
1264 1703 1478 1757 dicitur.
1512 1685 1773 1757 Asserunt
1802 1701 1943 1755 enim
1971 1700 2046 1756 sic

2222 1682 2481 1756 Nyctares
2511 1702 2542 1741 a
2572 1702 2760 1744 somno
2785 1690 3106 1759 nuncupati,
3135 1691 3276 1761 quod
3304 1692 3513 1765 vigilias
3546 1693 3727 1749 noctis

486 1816 603 1855 esse
631 1801 683 1854 in
712 1807 865 1868 patre
892 1797 1083 1851 Filium
1103 1835 1117 1859 ,
1157 1804 1411 1863 tanquam
1439 1807 1533 1848 vas
1569 1792 1746 1847 minus
1788 1792 1928 1845 intra
1957 1806 2054 1845 vas

487 1890 677 1959 majus.
1084 1952 1087 1955 Α

552 1977 837 2032 Patriciani
865 1992 894 2031 a
924 1975 1154 2045 quodam
1182 1959 1417 2029 Patricio
1450 1973 1744 2043 nuncupati
1774 1980 1929 2039 sunt,
1958 1974 2051 2044 qui

482 2068 835 2123 substantiam
862 2068 1107 2121 humana:
1130 2064 1319 2121 carnis
1337 2079 1368 2117 a
1395 2062 1608 2119 diabolo
1634 2063 1902 2119 conditam
1928 2078 2050 2120 esse

460 2216 461 2219 η
480 2158 680 2213 dicunt.
1342 2219 1347 2224 ,
1392 2164 1395 2197 ῑ

547 2247 871 2303 Colinthiani
906 2262 936 2301 a
964 2248 1195 2317 quodam
1229 2246 1477 2302 Colintho
1509 2247 1801 2313 nominati,
1844 2248 1935 2317 qui
1970 2248 2049 2303 di-

479 2345 605 2390 cunt
640 2337 815 2405 Deum
858 2350 964 2390 non
1007 2334 1187 2390 facere
1232 2335 1463 2400 malum,
1513 2344 1708 2391 contra
1743 2336 1869 2391 illud
1906 2337 2047 2406 quod

437 2468 448 2477 .
478 2408 733 2496 scriptum
753 2433 835 2493 est
854 2443 865 2479 :
892 2424 1005 2495 Ego
1026 2423 1281 2479 Dominus
1304 2441 1485 2479 creans
1508 2425 1703 2479 malum
1725 2425 1877 2497 (lsai.
1898 2428 2042 2498 XLV).

550 2518 785 2573 Floriani
830 2534 860 2572 a
901 2516 1138 2581 Florino,
1174 2517 1264 2586 qui
1296 2532 1326 2572 e
1353 2517 1626 2591 contrario
1658 2519 1841 2573 dicunt
1878 2519 2047 2574 Deum

477 2618 688 2663 creasse
719 2606 888 2673 mala,
925 2614 1112 2665 contra
1149 2606 1204 2661 id
1242 2607 1390 2677 quod
1428 2608 1686 2678 scriptum
1722 2616 1806 2664 est
1846 2628 1859 2664 :
1892 2608 2047 2665 Fecit

482 2698 615 2752 Deus
643 2686 815 2751 omnia
840 2696 993 2751 bona.
1396 2714 1405 2721 ‘

548 2787 842 2842 Donatistae
870 2802 901 2841 a
928 2787 1135 2842 Donato
1168 2786 1400 2857 quodam
1437 2786 1570 2843 Afro
1598 2790 1887 2860 nuncupati
1910 2831 1924 2856 ,
1954 2791 2046 2860 qui

476 2882 542 2933 de
576 2877 825 2933 Numidia
854 2877 1094 2943 veniens,
1127 2879 1295 2933 totam
1338 2893 1474 2948 pene
1503 2874 1739 2935 Africam
1784 2896 1881 2936 sua
1923 2897 2047 2952 per-

476 2962 726 3021 suasione
765 2967 1013 3036 decepit:
1048 2981 1298 3023 asserens
1325 2967 1587 3023 minOrem
1631 2969 1791 3025 Patre
1818 2971 2043 3037 Filium,

475 3066 530 3113 et
557 3059 815 3125 minorem
845 3056 982 3113 Filio
1011 3055 1271 3126 Spiritum
1297 3066 1544 3137 sanctum
1564 3102 1579 3128 ,
1614 3067 1669 3115 et
1704 3061 2045 3131 rebaptizaus

477 3150 785 3206 catholicos.
982 3195 984 3199 ,
1052 3210 1053 3213 η
1514 3196 1519 3202 .

544 3241 821 3297 Bonosaici
859 3257 889 3296 a
927 3241 1133 3297 Bonoso
1166 3235 1396 3311 quodam
1427 3240 1677 3313 episcopo
1706 3243 1879 3298 exorti
1914 3258 2041 3314 pro-

480 3333 698 3397 duntur,
741 3331 831 3401 qui
861 3328 1135 3397 Christum
1177 3330 1372 3386 Filium
1412 3330 1509 3387 Dei
1549 3332 1888 3402 adoptivum,
1934 3349 2041 3390 non

477 3421 748 3490 proprium
768 3460 783 3486 ,
814 3420 1078 3475 asserunt.
1724 3422 1725 3429 “

547 3509 1040 3576 Circumcelliones,
1062 3511 1189 3566 dicti
1219 3526 1284 3567 eo
1310 3512 1453 3580 quod
1483 3519 1721 3581 agrestes
1744 3522 1887 3581 sunt,
1908 3530 2044 3585 quos

477 3602 786 3670 (.Iothopitas
806 3609 1029 3665 vocant,
1061 3601 1380 3669 supradicta
1405 3602 1629 3657 hatresis
1656 3602 1917 3659 habentes
1944 3605 2042 3659 do-

485 3692 733 3746 ctrinam.
762 3690 826 3744 Hi
850 3704 1032 3744 amore
1062 3690 1305 3761 martyrii
1335 3691 1648 3760 semetipsos
1675 3692 1963 3761 perimunt,
1985 3701 2044 3748 ut

481 3783 737 3837 violenter
770 3781 835 3836 de
878 3781 981 3835 hac
1016 3780 1124 3835 vita
1157 3780 1525 3848 discedentes,
1570 3790 1837 3854 martyres
1872 3782 2044 3841 nomi-

480 3883 691 3927 ιωιιιιιτ.

546 3960 963 4016 Priscillianista:
988 3960 1379 4017 aPriscilliano
1408 3962 1577 4017 vocati
1598 4002 1612 4027 ,
1640 3963 1731 4033 qui
1761 3965 1815 4019 in
1850 3963 2042 4037 Hispa-

480 4055 565 4107 nia
596 4069 658 4107 cx
686 4068 867 4108 errore
896 4051 1271 4109 Gnosticorum
1317 4060 1372 4108 et
1399 4051 1812 4110 Manichaeorum
1843 4058 2040 4126 permi-

479 4155 617 4200 sunn
649 4146 837 4215 dogma
860 4144 1173 4215 composuit.
1931 4141 1933 4144 ⁴

547 4232 870 4288 Luciferiani
896 4248 925 4287 a
955 4231 1200 4288 Lucifero
1230 4230 1457 4304 Syrmiae
1483 4236 1732 4307 episcopo
1759 4236 1883 4291 orti.
1914 4236 2039 4306 Epi-

479 4343 664 4396 scopos
693 4327 1004 4393 catholicos,
1046 4327 1135 4397 qui
1170 4326 1467 4382 Constantii
1501 4330 1872 4398 persecutione
1916 4344 2039 4398 per—

484 4418 619 4471 ﬂdim
644 4416 961 4471 Arianorum
988 4416 1379 4473 consentientes
1406 4428 1587 4485 erant,
1619 4425 1674 4474 et
1702 4426 1884 4489 postea
1920 4434 2041 4474 cor-

483 4493 643 4571 recti,
687 4508 862 4563 redire
905 4506 958 4560 in
1004 4506 1295 4561 Ecclesiam
1338 4506 1652 4564 catholicam
1700 4510 2037 4583 delegerunt,

479 4601 793 4652 damnanles
822 4597 934 4652 sive
966 4597 1109 4666 quod
1144 4597 1510 4664 crediderant,
1551 4600 1671 4655 sive
1691 4602 1830 4671 quod
1868 4602 2041 4657 credi-

477 4688 619 4743 disse
661 4700 719 4741 se
762 4686 1168 4750 simulaverant,
1214 4686 1453 4742 Ecclesia
1495 4690 1754 4746 catholica
1795 4701 2038 4750 materno

478 4775 678 4845 recepit
704 4777 842 4842 sine,
864 4783 1114 4846 tanquam
1136 4775 1353 4831 Petrum
1374 4785 1494 4847 post
1514 4776 1694 4833 ﬂetum
1719 4768 2032 4852 negationis.

386 4884 387 4887 η
477 4866 625 4920 llanc
687 4866 761 4920 illi
806 4860 993 4921 maliis
1046 4867 1365 4922 charitatem
1414 4868 1644 4938 superbe
1684 4871 2033 4940 accipientes,

474 4968 673 5024 eosque
701 4954 937 5023 recipere
976 4955 1238 5021 nolentes,
1270 4957 1337 5011 ab
1370 4957 1624 5012 Ecclesiae
1665 4960 2035 5015 communione

474 5052 842 5110 recesserunt,
885 5052 939 5099 et
970 5061 1091 5099 cum
1131 5046 1246 5117 ipso
1278 5047 1524 5105 Lucifero
1551 5059 1770 5105 auctore
1798 5065 1912 5117 suo,
1944 5052 2035 5121 qui

474 5156 630 5197 tuane
659 5139 949 5203 oriebatur,
980 5140 1171 5194 cadere
1205 5150 1530 5196 meruerunt.

542 5226 907 5284 Jovinianistm
938 5244 968 5282 a
1003 5226 1281 5285 Joviniano
1312 5232 1541 5299 quodam
1585 5235 1851 5290 monacho
1880 5235 2029 5300 dicti,

472 5328 774 5374 asserentes
812 5318 1008 5373 nullam
1051 5320 1352 5389 nuptiarum
1396 5331 1451 5377 e‘t
1491 5324 1756 5395 virginum
1793 5341 1912 5380 esse
1955 5327 2033 5380 di-

477 5413 751 5477 stantiam,
781 5412 1088 5482 nullumque
1117 5413 1257 5468 inter
1285 5414 1610 5470 abstinentes
1636 5425 1689 5473 et
1724 5417 2035 5487 simpliciter

477 5501 747 5567 epulantes
771 5517 888 5555 esse
913 5503 1215 5576 discrimen.

549 5589 801 5647 Eluidiani
834 5595 898 5647 ab
924 5594 1129 5650 ΕΙνὶρίίο
1159 5597 1438 5663 nominati,
1469 5600 1557 5666 qui
1587 5600 1767 5655 dicunt
1795 5608 1912 5668 post
1946 5616 2033 5654 na-

2154 1783 2427 1843 respuant,
2451 1778 2884 1846 superstitionem
2906 1793 3025 1835 esse
3045 1780 3301 1847 dicentes,
3321 1781 3443 1852 jura
3466 1784 3727 1840 temerari

2152 1864 2271 1929 Dei,
2301 1866 2391 1935 qui
2420 1875 2628 1922 noctem
2657 1870 2723 1923 ad
2752 1873 2988 1941 requiem
3014 1872 3219 1930 tribuit.
3402 1876 3407 1881 ’

2221 1954 2490 2028 Pelagiani
2530 1973 2561 2013 a
2597 1958 2812 2031 Pelagio
2840 1964 3104 2019 monacho
3135 1965 3329 2028 exorti.
3376 1965 3442 2021 Hi
3484 1967 3725 2024 liberum

2103 2064 2110 2078 ι
2152 2048 2429 2104 arbitrium
2456 2049 2649 2107 divinxe
2673 2051 2855 2122 gratiae
2878 2074 2883 2079 ·
2904 2060 3266 2124 anteponunt,
3299 2054 3538 2114 dicentes
3570 2060 3727 2114 sum-

2150 2152 2273 2194 cere
2295 2138 2616 2195 voluntatem
2646 2141 2713 2196 ad
2737 2136 2999 2211 implenda
3028 2142 3204 2198 divina
3224 2143 3392 2214 jussu.
3777 2207 3781 2211 ,

2219 2226 2517 2288 Nestoriani
2540 2248 2570 2287 a
2596 2232 2840 2289 Nestorio
2859 2224 3445 2305 Constantinopolitano
3464 2238 3725 2310 eplscOpo

2148 2322 2457 2392 nuncupati,
2484 2322 2573 2392 qui
2602 2323 2812 2378 beatam
2832 2322 3329 2395 virginem'Mariam
3354 2340 3462 2382 non
3484 2324 3599 2392 Dei,
3617 2327 3725 2383 sed

2149 2411 2383 2468 hominis
2414 2414 2780 2471 tantummodo
2806 2415 3038 2470 asseruit
3071 2415 3383 2486 genitricem
3403 2457 3418 2484 ,
3458 2425 3517 2472 ut
3551 2417 3724 2473 aliain

2058 2508 2069 2519 “
2146 2516 2434 2571 personam
2454 2503 2665 2584 carnis,
2704 2502 2862 2559 aliam
2900 2502 3105 2559 faceret
3134 2504 3380 2572 deitatis;
3417 2520 3519 2562 nec
3544 2521 3723 2562 unum

2147 2586 2419 2645 Christum
2456 2589 2510 2645 in
2540 2590 2717 2646 Verbo
2744 2590 2841 2646 Dei
2873 2598 2928 2646 ct
2955 2604 3116 2647 carne
3142 2591 3404 2658 credidit,
3437 2593 3530 2649 sed
3559 2608 3725 2664 sepa-

2149 2680 2307 2736 ratim
2335 2684 2493 2751 atque
2526 2679 2829 2751 seiunctim,
2857 2679 3306 2738 alterumFilium
3334 2683 3450 2752 Dei,
3480 2684 3723 2741 alterum

2149 2769 2316 2826 illium
2343 2771 2577 2829 hominis
2602 2772 2928 2843 praedicavit.

2218 2863 2533 2935 Eutychiani
2554 2865 2622 2920 ab
2640 2864 2879 2936 Eutyche
2894 2861 3480 2935 Constantinopolitano
3497 2865 3719 2933 abbate,

2148 2955 2240 3025 qui
2264 2953 2535 3010 Christum
2561 2964 2681 3025 post
2723 2954 3010 3009 humanam
3038 2955 3454 3024 assumptionem
3498 2956 3722 3027 negavit

2072 3028 2116 3091 Ο
2147 3046 2379 3101 existere
2401 3046 2465 3102 de
2487 3046 2692 3102 duabus
2715 3045 2949 3113 naturis,
2985 3045 3078 3102 sed
3104 3044 3275 3115 solum
3302 3045 3357 3101 in
3381 3061 3449 3103 eo
3474 3046 3722 3103 divinam

2146 3138 2377 3193 asseruit
2399 3153 2519 3194 esse
2542 3146 2809 3193 naturam.

2213 3217 2470 3298 Acephali
2496 3226 2657 3296 dicti,
2688 3228 2743 3283 id
2770 3236 2853 3285 est
2885 3229 3000 3284 sine
3021 3226 3194 3300 capite
3222 3227 3363 3299 quod
3395 3236 3717 3298 sequantur,

2144 3320 2412 3384 haeretici;
2445 3320 2622 3375 nullus
2659 3320 2799 3377 enim
2825 3335 3010 3376 eorum
3039 3320 3306 3390 reperitur
3331 3327 3520 3375 auctor
3547 3333 3580 3373 a
3605 3334 3723 3390 quo

2144 3410 2317 3465 exorti
2352 3410 2497 3465 sint:
2533 3410 2586 3465 hi
2622 3410 2783 3465 trium
2810 3409 3317 3466 Chalcedonensium
3353 3408 3719 3481 capitulon

2145 3499 2561 3570 impugnatores,
2584 3498 2806 3553 duarum
2834 3498 2888 3552 in
2907 3497 3123 3554 Christo
3143 3484 3564 3565 substantiamm
3584 3513 3719 3569 pro-

2143 3591 2421 3661 prietatem
2450 3596 2666 3659 negant,
2697 3574 2939 3645 et'unam
2969 3587 3023 3643 in
3057 3588 3174 3657 ejus
3205 3602 3432 3658 persona
3459 3596 3717 3643 naturam

2142 3682 2454 3752 praedicant.

2214 3771 2567 3828 Thcodosiani
2602 3780 2656 3828 et
2681 3769 2940 3827 Gaianita:
2969 3770 3216 3842 appellati
3260 3785 3292 3825 a
3318 3769 3621 3828 Theodosio
3654 3779 3716 3829 et

2142 3864 2366 3931 Gaiano,
2398 3866 2490 3934 qui
2528 3866 2852 3936 temporibus
2886 3863 3172 3939 Iustiniani
3206 3865 3555 3936 principis'in
3584 3864 3719 3921 Ale-

2141 3958 2385 4023 xandria,
2411 3958 2587 4028 populi
2615 3958 2854 4027 perversi
2884 3957 3141 4016 electione
3168 3973 3274 4013 uno
3301 3957 3388 4013 die
3412 3965 3539 4013 sunt
3565 3957 3722 4013 ordio

2141 4050 2253 4105 nati
2283 4050 2536 4120 episcopi.
2580 4049 2647 4104 Hi
2685 4065 2898 4107 errores
2926 4048 3234 4122 EutyChetis
3259 4060 3315 4106 et
3340 4050 3584 4107 Dioscuri
3624 4067 3717 4108 se—

2139 4148 2386 4211 quentes,
2410 4139 2841 4195 Chaleedonense
2864 4139 3145 4195 concilium
3165 4148 3457 4211 respuunt;
3486 4156 3552 4196 ex
3577 4141 3717 4196 dua-

2136 4232 2240 4287 bus
2267 4246 2427 4285 unam
2459 4230 2513 4284 in
2540 4228 2754 4285 Christo
2778 4236 3024 4284 naturam
3048 4238 3322 4295 asserunt,
3346 4244 3508 4300 quam
3533 4228 3717 4286 Theo-

2142 4320 2349 4377 dosiani
2362 4328 2665 4390 corruptam
2676 4360 2690 4386 ,
2702 4318 2960 4375 Gaianitae
2982 4319 3340 4391 incorruptam
3354 4321 3707 4378 contendunt.

2212 4409 2418 4466 Gnoitre
2438 4418 2493 4465 et
2517 4409 2754 4466 Tritoita:
2781 4425 2812 4465 a
2835 4408 3219 4467 Theodosianis
3242 4412 3413 4469 exorti
3443 4419 3601 4478 sunt,
3638 4427 3706 4469 ex

2140 4501 2332 4571 quibus
2359 4499 2563 4556 Gnoita:
2590 4504 2657 4557 ab
2699 4502 2998 4573 ignorantia
3026 4503 3174 4567 dicti,
3206 4504 3331 4573 quia
3358 4504 3710 4575 perversitati

2140 4609 2169 4649 a
2196 4610 2299 4665 qua
2325 4595 2497 4650 exorti
2524 4602 2665 4661 sunt,
2692 4594 2744 4649 id
2764 4594 3041 4666 adjiciunt,
3070 4594 3210 4665 quod
3228 4594 3429 4651 Christi
3450 4596 3710 4655 divinitas

2137 4687 2347 4758 ignoret
2386 4686 2565 4742 futura
2598 4701 2714 4756 quae
2752 4687 3109 4756 suntscripta
3143 4687 3209 4743 de
3236 4687 3322 4743 die
3347 4695 3403 4742 et
3436 4687 3569 4743 hora
3602 4705 3706 4745 no-

2136 4775 2384 4841 vissima;
2414 4791 2520 4831 non
2553 4776 2896 4831 recordantes
2923 4774 3123 4830 Christi
3150 4790 3433 4846 personam
3473 4777 3527 4831 in
3562 4776 3705 4833 Isaia

2133 4865 2399 4935 loquentis
2429 4884 2441 4920 :
2473 4866 2594 4921 Dios
2610 4866 2803 4937 judicii
2832 4868 2885 4919 in
2911 4866 3064 4920 corde
3091 4881 3204 4919 meo
3233 4865 3385 4938 (Isai.
3416 4865 3590 4938 um).

2205 4955 2446 5011 Tritoitae
2476 4970 2605 5010 vero
2630 4955 2839 5019 vocati,
2867 4956 3007 5025 quod
3049 4955 3188 5009 sicut
3220 4963 3329 5012 tres
3360 4972 3617 5027 personas
3648 4960 3706 5015 in

2137 5048 2417 5113 Trinitate,
2446 5049 2519 5102 ita
2554 5062 2764 5117 quoque
2790 5055 2897 5101 tres
2926 5054 3174 5102 astruunt
3194 5049 3321 5103 deos
3345 5062 3483 5113 esse,
3508 5060 3708 5105 contra

2135 5140 2263 5195 illud
2289 5141 2430 5211 quod
2459 5141 2714 5212 scriptum
2738 5148 2854 5196 est:
2882 5140 3042 5206 Audi,
3069 5138 3259 5208 Israel,
3284 5141 3535 5198 Dominus
3560 5140 3706 5198 Deus

2116 5240 2276 5298 "tuus,
2312 5232 2448 5287 Deus
2481 5249 2613 5287 unus
2640 5242 2734 5286 est.
2769 5231 2904 5287 Sunt
2938 5242 2993 5287 et
3026 5231 3407 5288 aliaethaerescs
3444 5235 3561 5289 sine
3597 5249 3705 5287 au-

2138 5330 2300 5387 ctore,
2331 5334 2385 5377 et
2425 5323 2539 5378 sine
2565 5322 2886 5388 nominibus,
2932 5337 2996 5377 ex
3021 5322 3215 5393 quibus
3239 5320 3357 5376 aliae
3396 5318 3705 5375 triformem

2136 5420 2326 5480 putant
2359 5412 2524 5467 Deum
2552 5428 2692 5478 esse,
2722 5413 2837 5467 aliae
2860 5412 3060 5468 Christi
3088 5411 3420 5467 divinitatem
3464 5411 3710 5478 passihiq

2141 5502 2242 5557 lem
2268 5518 2384 5559 esse
2417 5505 2619 5571 dicunt,
2657 5505 2771 5559 aliae
2801 5504 2997 5560 Christi
3024 5505 3089 5559 dc
3115 5504 3274 5558 Patre
3300 5496 3565 5557 nativitati
3593 5498 3707 5554 ini-

2141 5598 2272 5652 tium
2321 5598 2574 5669 temporis
2616 5598 2778 5666 dant,
2820 5598 2935 5653 aliae
2995 5598 3361 5677 liberationem
3415 5595 3711 5654 hominum
