3958 6350
272 298 380 356 377

1049 294 1135 349 DE
1169 291 1611 351 CLERICORUM
1650 284 2153 353 lNSTlTUTlONE,
2192 287 2347 344 ETC.
2378 321 2447 329 —
2484 291 2610 346 LIB.
2638 292 2737 354 ,lli.

3407 301 3511 356 578

273 408 416 482 apud
462 405 662 463 inferos
704 404 900 460 factam
945 404 1144 461 Christi
1188 404 1537 476 descensione
1570 419 1675 457 non
1721 418 1842 457 cre-
1871 407 1920 466 Α
1946 407 2000 453 et
2028 399 2096 454 ab
2124 400 2377 469 apostolis
2397 411 2450 456 ct
2478 405 2678 458 sanctis
2706 403 2973 469 Patribus,
3005 406 3084 460 vel
3115 409 3349 465 conciliis
3373 425 3511 481 pm:-

274 503 436 565 dunt,
467 499 585 553 alia:
609 498 842 552 animam
871 497 1153 569 imaginem
1189 497 1282 551 Dei
1312 505 1537 568 negant,
1578 494 1695 550 alia:
1724 494 1839 548 ani-

272 604 391 644 mas
416 586 655 642 converti
684 586 738 640 in
761 585 1050 651 daemones,
1075 595 1130 640 et
1154 586 1207 639 in
1236 599 1566 655 quaecunque
1594 583 1843 639 animalia

269 679 603 742 existimant,
649 676 768 732 aliae
808 677 873 732 de
918 676 1101 731 mundi
1143 683 1285 731 statu
1334 674 1675 740 dissentiunt,
1725 672 1844 729 alia:

270 765 693 821 innumerabiles.
727 766 953 820 mundos
990 764 1298 835 opinantur,
1343 762 1461 818 alia:
1494 778 1686 833 aquam
1734 763 1843 818 Deo

268 867 593 914 coaeteruam
635 858 864 924 faciunt,
913 856 1032 911 alia:
1076 855 1234 910 nudis
1279 854 1501 925 pedibus
1547 853 1842 922 ambulant,

267 948 391 1002 alia:
419 962 539 1002 cum
569 946 873 1002 hominibus
899 960 1004 1001 non
1034 944 1376 999 manducaut.

341 1034 436 1095 ne
450 1047 576 1096 sunt
588 1029 821 1097 haereses
836 1040 1091 1094 adversus
1105 1036 1428 1092 catholicam
1445 1034 1601 1093 ﬁdem
1619 1043 1841 1104 exortze,

1948 492 2231 559 damnatae,
2262 495 2503 564 quaedam
2536 496 2588 550 in
2618 497 2800 559 multis
2825 499 3096 552 erroribus
3124 500 3345 557 diversa:
3376 504 3512 558 invi-

1947 596 2063 637 cem
2086 583 2186 638 sibi
2212 585 2548 653 dissentiunt,
2577 590 2847 643 communi
2871 577 3052 643 tamen
3081 591 3293 647 nomine
3323 594 3513 649 adver-

1947 689 2038 729 sus
2069 673 2361 730 Ecclesium
2382 677 2478 733 Dei
2508 680 2836 748 conspirant.
2874 678 2979 734 Sed
3014 690 3067 734 et
3091 681 3390 751 quicumque
3419 684 3516 737 ali-

1946 774 2029 822 ter
2056 767 2393 839 Scripturam
2416 786 2624 826 sacram
2652 772 2918 843 intelligit,
2944 789 3104 843 quam
3131 788 3322 829 sensus
3350 772 3515 842 Spiri-

1945 866 2035 914 tus
2080 860 2250 915 sancti
2294 860 2526 932 ﬂagitat,
2572 879 2601 917 a
2646 879 2752 935 quo
2796 867 3095 935 conscripta
3139 876 3249 933 est,
3288 867 3411 939 licet
3452 867 3516 923 de

1952 946 2187 1007 Ecclesia
2226 968 2331 1008 non
2373 955 2686 1021 recesserit,
2729 965 2908 1011 tamen
2940 958 3223 1012 haereticus
3263 957 3515 1027 appellari

1945 1047 2142 1111 potest.

268 1172 3481 1206 *ΨΜ-

1453 1272 1752 1351 LIBER
1825 1273 2305 1355 TERTIUS.

1726 1435 2046 1454 ἡ

779 1487 1006 1547 CAPUT
1040 1486 1326 1545 PRIMUM.

266 1582 410 1652 Quid
448 1598 535 1638 eos
571 1580 703 1636 scire
741 1588 804 1652 et,
830 1579 1017 1634 habere
1058 1580 1351 1652 conveniat,
1394 1582 1483 1651 qui
1520 1580 1590 1635 ad
1629 1597 1837 1637 sacrum

403 1685 406 1689 -
693 1650 927 1704 ordinem
955 1649 1197 1703 accedere
1224 1648 1420 1703 volunt.

326 1746 603 1821 institutio
635 1776 764 1831 ergo
795 1759 1181 1824 ecclesiastica,
1220 1759 1453 1829 qualiter
1490 1761 1559 1817 ad
1602 1761 1841 1817 divinum

263 1853 497 1911 omcium
529 1851 718 1907 instrui
751 1858 998 1921 oporteat
1026 1851 1424 1932 sanctissirnum
1455 1852 1699 1909 ordinem
1728 1853 1839 1911 cle-

261 1946 540 2010 ricorum,
581 1940 895 1998 multimoda
942 1928 1252 1997 narratione
1294 1928 1563 2008 declarat,
1614 1942 1741 2016 quia
1785 1951 1843 1999 et

261 2025 503 2091 scientiae
530 2031 943 2103 plenitudinem,
971 2038 1025 2085 et
1058 2031 1181 2086 vitae
1206 2031 1604 2099 rectitudinem,
1635 2041 1691 2089 et
1716 2048 1841 2089 eru-

262 2126 486 2182 ditionis
510 2122 890 2195 perfectionem
911 2110 1151 2178 maxime
1177 2138 1270 2179 eos
1297 2124 1497 2180 habere
1523 2125 1710 2193 decet,
1747 2128 1840 2198 qui

260 2219 325 2274 in
355 2217 583 2287 quodam
621 2215 851 2271 culmine
892 2215 1202 2279 constituti,
1240 2216 1658 2286 gubernaculum
1701 2218 1841 2289 regi-
1878 2215 1883 2220 ’

264 2308 431 2364 minis
457 2308 510 2361 in
536 2305 772 2361 Ecclesia
802 2312 1004 2360 tenent.
1043 2303 1151 2359 Nec
1177 2305 1319 2359 enim
1345 2306 1423 2361 eis
1451 2305 1626 2375 aliqua
1653 2320 1842 2363 eorum

260 2398 516 2470 ignorare
547 2396 703 2460 licet,
736 2409 859 2450 cum
888 2394 1086 2463 quibus
1111 2393 1193 2449 vel
1227 2409 1316 2460 se,
1346 2395 1427 2455 vel
1458 2394 1725 2465 subjectos
1753 2396 1839 2452 in-

260 2493 474 2543 struere
512 2488 738 2551 debent,
770 2485 825 2541 id
857 2493 974 2551 est,
1025 2484 1648 2557 scientiam‘sanctarum
1689 2483 1861 2542 Scri-

258 2591 565 2651 ptnrarum,
593 2594 780 2650 puram
807 2578 1092 2633 veritatem
1120 2576 1482 2644 historiarum,
1512 2577 1699 2635 modos
1726 2582 1840 2635 tro-

259 2672 507 2745 picarnm
539 2672 882 2735 locutionum,
910 2669 1355 2742 signiﬁcationem
1382 2669 1562 2726 rerum
1584 2661 1860 2744 mystica?

260 2778 384 2818 rum
403 2805 417 2829 ,
447 2759 728 2821 utilitatem
759 2761 1001 2816 omnium
1033 2760 1465 2831 disciplinarum,
1504 2762 1841 2818 honestatem

260 2855 387 2909 vitae
421 2855 473 2908 in
517 2854 783 2925 probitate
827 2868 1068 2919 morum,
1115 2844 1435 2923 eleg'antiam
1465 2853 1519 2933 in
1546 2845 1841 2925 prolatione

260 2959 596 3009 sermonum,
629 2944 1005 3007 discretionem
1045 2945 1099 2999 in
1134 2944 1470 3001 exhibitione
1510 2946 1834 3017 dogmatum,

262 3038 620 3095 differentiam
653 3037 1087 3101 medicaminum,
1118 3046 1307 3125 contra
1335 3037 1656 3093 varietatem
1683 3038 1840 3108 aegri-
1864 3072 1909 3137 Ο

265 3128 531 3184 tudinum.
562 3127 687 3182 Haec
706 3141 833 3196 ergo
854 3126 943 3196 qui
974 3114 1163 3192 nescit,
1192 3141 1299 3180 non
1324 3127 1444 3181 dico
1466 3124 1716 3191 aliorum,
1742 3124 1837 3183 sed

261 3235 364 3277 nec
399 3235 549 3275 suam
583 3220 720 3275 bene
748 3226 925 3291 potest
954 3218 1236 3289 disponere
1264 3216 1582 3285 utilitatem;
1622 3232 1686 3291 ac
1716 3218 1837 3277 ideo

126 3310 133 3315 ’
224 3366 230 3372 ,
260 3320 484 3366 ueCesse
505 3298 667 3364 estut
694 3307 903 3364 futurus
927 3308 1104 3380 populi
1133 3318 1333 3375 rector,
1348 3310 1473 3364 dum
1496 3318 1669 3373 vacat,
1685 3316 1840 3379 paret

261 3402 517 3460 sibiante
542 3416 712 3465 arma,
743 3400 796 3454 in
817 3392 1011 3469 quibus
1036 3409 1159 3471 post
1180 3402 1393 3457 modum
1422 3401 1606 3457 hostes
1630 3398 1840 3455 fortiter

261 3502 513 3564 superet,
553 3502 608 3548 et
650 3508 863 3565 gregem
905 3492 1006 3548 sibi
1036 3492 1381 3548 commissum
1412 3500 1709 3563 opportune
1747 3490 1840 3547 de-

261 3584 464 3641 fendat.
494 3576 672 3655 Turpe
712 3593 794 3640 est
818 3585 960 3640 enim
982 3591 1111 3640 tunc
1131 3581 1360 3655 primum
1384 3582 1677 3655 quemlibet
1705 3581 1841 3638 velle

262 3678 503 3740 discere,
536 3676 662 3743 dum
691 3676 847 3731 debet
882 3676 1099 3748 (pastor
1133 3668 1491 3746 constitutus)
1529 3675 1755 3738 docere,
1786 3682 1841 3728 et

260 3768 621 3838 periculosum
649 3774 733 3821 est
772 3781 891 3821 eum
928 3764 1221 3835 magisterii
1266 3764 1474 3834 pondus
1504 3763 1703 3843 subire,
1749 3761 1839 3831 qui

261 3872 404 3922 non,
445 3856 682 3911 scientiae
726 3855 976 3925 praesidio
1016 3853 1290 3919 suffultus,
1342 3861 1533 3925 potens
1579 3852 1663 3909 est
1709 3852 1839 3907 illud

260 3946 509 4004 suﬁ‘erre.
542 3944 693 4000 Nulla
727 3961 815 4001 ars
844 3945 1023 4002 doceri
1048 3936 1424 4015 praesumatur,
1451 3944 1732 4021 nisiprius
1758 3943 1840 3999 in-

260 4045 411 4095 tenta
441 4036 784 4092 meditatione
812 4036 1066 4091 discatur.
1093 4034 1177 4093 Ab
1211 4034 1472 4104 imperitis
1506 4048 1635 4105 ergo
1657 4039 1838 4108 pasto-

261 4130 379 4187 rale
408 4116 769 4200 magisterium
808 4142 911 4197 qua
944 4126 1248 4182 temeritate
1292 4125 1599 4197 suscipitur,
1626 4125 1838 4197 quando

262 4236 358 4277 ars
383 4229 463 4275 est
492 4220 686 4274 artium
723 4217 961 4290 regimen
992 4218 1327 4274 animarum?
1373 4218 1504 4286 Quis
1533 4226 1714 4273 autem
1741 4233 1834 4273 co-

260 4313 580 4386 gitationum
602 4310 820 4365 vulnera
840 4310 1133 4366 occultiora
1157 4325 1277 4366 esse
1303 4310 1509 4366 nesciat
1530 4308 1837 4365 vulneribus

1943 1497 2062 1562 bus,
2093 1512 2428 1569 nequaquam
2459 1498 2713 1556 divinitus
2743 1502 2940 1568 vocati,
2969 1504 3061 1559 sed
3100 1520 3195 1581 sua
3218 1508 3512 1579 cupiditate

1943 1588 2177 1655 accensi,
2198 1588 2408 1645 culmen
2435 1590 2710 1660 regiminis
2735 1593 2950 1661 rapiunt
2973 1596 3148 1664 potius
3173 1613 3331 1667 quam
3358 1614 3508 1655 asse-

1942 1684 2201 1744 quuntur,
2226 1693 2361 1747 quos
2382 1687 2562 1733 tamen
2587 1672 2831 1759 iutei'nus
2849 1678 3009 1748 iudex
3042 1687 3306 1753 provehit,
3334 1696 3387 1743 et
3412 1702 3479 1743 ne
3496 1718 3510 1729 -

1932 1766 2047 1839 scit
2070 1766 2193 1836 quia
2218 1782 2352 1837 quos
2374 1760 2730 1839 permittendo
2752 1769 2960 1833 tolerat,
2992 1772 3229 1842 profecto
3253 1791 3349 1845 per
3368 1777 3511 1847 judi-

1942 1856 2085 1941 cium
2113 1859 2506 1929 reprobationis
2528 1859 2757 1931 ignorat.
2786 1859 3068 1919 Pastorum
3095 1879 3224 1937 ergo
3247 1868 3512 1936 imperitia

1940 1929 2072 2003 voce
2101 1944 2359 2005 Veritatis
2388 1929 2715 2021 increpatur,
2748 1966 2870 2008 cum
2897 1968 3007 2023 .per
3034 1929 3348 2029 prophetam
3388 1958 3517 2015 dici-

1942 2047 2029 2093 tu‘r
2052 2058 2064 2093 :
2091 2037 2201 2109 Ipsi
2218 2049 2450 2112 pastores
2472 2041 2833 2112 ignoraverunt
2853 2043 3265 2117 intelligentiam.
3288 2058 3514 2104 tenentes

1940 2129 2099 2201 legem
2123 2133 2412 2188 nescierunt
2441 2150 2520 2188 me
2548 2133 2681 2205 (lsa.
2712 2135 2842 2208 Lvr).
2873 2137 3076 2193 Nesciri
3100 2154 3227 2211 ergo
3255 2156 3315 2198 se
3339 2142 3407 2197 ab
3434 2142 3516 2199 eis

1941 2220 2184 2290 queritur
2207 2221 2439 2288 Veritas,
2482 2231 2538 2278 et
2563 2224 2771 2304 nescire
2798 2240 2856 2281 se
2884 2226 3238 2297 principatum
3267 2230 3516 2285 nescien-

1942 2313 2075 2368 tium
2109 2324 2459 2384 protestatur,
2485 2316 2611 2385 quia
2656 2304 2899 2386 profecto
2929 2319 2984 2374 hi
3020 2321 3109 2391 qui
3148 2338 3211 2376 ea
3248 2337 3366 2391 qua).
3393 2331 3516 2377 sunt

1940 2402 2154 2482 Domini
2194 2406 2440 2461 nesciunt
2476 2420 2507 2460 a
2544 2407 2773 2463 Domino
2812 2410 3139 2474 nesciuntur,
3183 2411 3348 2469 Paulo
3377 2422 3513 2468 atte—

1942 2502 2133 2561 stanle,
2167 2496 2259 2567 qui
2284 2495 2362 2551 ait
2397 2515 2410 2551 :
2455 2494 2516 2555 Si
2554 2498 2669 2568 quis
2709 2509 2883 2553 autem
2917 2501 3147 2571 ignorat,
3180 2492 3516 2573 ignorabitur

1942 2583 1996 2657 (Ι
2021 2582 2144 2641 Cor.
2184 2585 2279 2657 ιν).
2331 2586 2461 2655 Quae
2504 2589 2729 2644 nimium
2768 2599 3043 2661 pastorrtm
3075 2606 3217 2663 saepe
3249 2593 3515 2665 imperitia

1940 2678 2153 2755 meritis
2190 2681 2437 2752 congruit
2474 2680 2872 2752 subiectorum,
2920 2684 3010 2754 qui
3049 2687 3293 2755 quamvis
3337 2686 3516 2743 lumen

1940 2770 2178 2826 scientiae
2207 2786 2304 2827 sua
2347 2771 2501 2846 culpa
2546 2774 2791 2846 exigente
2834 2791 2939 2847 non
2975 2776 3234 2845 habeant,
3271 2779 3515 2835 districto

1941 2867 2121 2917 tamen
2153 2860 2358 2931 judicio
2397 2863 2575 2936 agitur
2616 2872 2675 2920 ut
2715 2855 2813 2937 per
2840 2882 3026 2922 eorum
3058 2868 3425 2938 «ignorantiam
3459 2868 3514 2925 hi

1939 2953 2104 3008 etiam
2157 2954 2248 3024 qui
2302 2962 2599 3027 sequuntur
2639 2956 2929 3014 olfendant.
2994 2957 3131 3017 Hinc
3162 2970 3409 3031 namque
3458 2962 3515 3017 in

1940 3042 2227 3115 Evangelia
2265 3060 2362 3117 per
2385 3047 2746 3117 ,semetipsam
2788 3046 3000 3105 Veritas
3038 3050 3167 3105 dicit
3196 3068 3209 3105 :
3242 3048 3301 3105 Si
3346 3068 3513 3106 δαῖσαι

1938 3152 2076 3191 cwco
2128 3137 2378 3193 ducatum
2430 3150 2685 3210 prastat,
2740 3141 2892 3196 ambo
2952 3144 3007 3196 in
3058 3142 3256 3213 foveam
3318 3143 3511 3209 cadunt

1940 3225 2155 3297 (Matth.
2180 3227 2293 3299 xv).
2326 3229 2394 3283 Et
2423 3240 2549 3287 sunt
2572 3230 2814 3287 nonnulli
2838 3231 2930 3302 qui
2972 3231 3153 3287 solerti
3191 3247 3319 3287 cura
3357 3232 3512 3302 spiri-

1938 3317 2065 3372 talia
2113 3330 2378 3389 praecepta
2410 3329 2845 3390 perscrutautur,
2889 3321 2981 3379 sed
3006 3336 3125 3391 quae
3169 3321 3511 3391 intelligendo

1935 3416 2241 3478 penetrant,
2277 3411 2505 3467 vivendo
2533 3412 2884 3477 conculcant,
2932 3419 3150 3483 repente
3176 3411 3369 3467 docent
3392 3427 3511 3481 quae

1939 3513 2045 3553 non
2092 3488 2292 3570 opere,
2343 3501 2438 3556 sed
2485 3502 2851 3577 meditatione,
2894 3501 3227 3567 didicerunt,
3272 3510 3327 3557 et
3368 3501 3511 3572 quod

1938 3591 2118 3646 verbis
2168 3592 2498 3661 praedicant,
2558 3592 2797 3647 moribus
2852 3592 3183 3661 impugnant.
3248 3591 3399 3647 Unde
3452 3590 3513 3645 ﬁt

1938 3687 1999 3734 ut
2048 3694 2169 3736 cum
2220 3689 2406 3751 pastor
2460 3695 2556 3752 per
2602 3681 2829 3751 abrupta
2878 3681 3149 3751 graditur,
3205 3681 3273 3736 ad
3320 3680 3509 3751 pracci-

1938 3771 2127 3843 pitium
2181 3786 2310 3844 grex
2356 3782 2628 3841 sequatur.
2676 3770 2812 3826 Hinc
2859 3786 3091 3841 namque
3140 3784 3236 3841 per
3284 3769 3512 3839 prophe-

1940 3868 2047 3915 tam
2071 3860 2329 3915 Dominus
2354 3870 2542 3916 contra
2587 3860 3042 3932 contemptibilem
3072 3868 3345 3930 pastorum
3385 3872 3510 3913 sen-

1938 3950 2157 4006 tentiam
2216 3951 2462 4026 queritur
2516 3951 2702 4019 dicens
2759 3968 2772 4005 :
2846 3948 2977 4005 Cum
3042 3951 3141 4020 ipsi
3206 3948 3509 4019 limpidissi-

1935 4056 2075 4093 mam
2110 4056 2302 4109 aquam
2332 4038 2585 4103 biberitis,
2630 4038 2881 4110 reliquam
2920 4039 3133 4109 pedibus
3179 4038 3359 4093 vestris
3394 4046 3509 4090 tur-

1936 4129 2167 4196 babatis,
2205 4139 2253 4183 et
2280 4145 2396 4187 oves
2433 4145 2560 4183 mea:
2606 4144 2724 4198 qua:
2754 4128 3057 4183 conculcata
3085 4127 3302 4199 pedibus
3330 4127 3509 4181 vestris

1936 4220 2171 4291 fuerant,
2194 4221 2565 4292 pascebantur,
2579 4230 2627 4275 et
2646 4236 2763 4290 qua:
2785 4219 2939 4289 pedes
2969 4222 3116 4274 vestri
3138 4218 3498 4282 turbaverant,

1934 4312 2043 4366 haec
2067 4309 2528 4383 bibebant(Ezech.
2548 4307 2754 4380 xxxrv).
2775 4308 2982 4378 Aquam
2994 4308 3189 4378 quippe
3202 4306 3508 4375 limpidissi-

258 4401 566 4458 viscerum?
592 4401 659 4454 Et
686 4407 864 4455 tamen
888 4414 1027 4470 saepe
1052 4398 1142 4470 qui
1173 4415 1509 4471 nequaquam
1539 4396 1837 4469 spiritualia
1861 4415 1913 4475 D
1938 4415 2080 4455 mam
2095 4402 2337 4471 pastOres
2358 4400 2702 4466 bibunt,cum
2727 4397 2923 4453 ﬂuenta
2942 4398 3181 4453 veritatis
3199 4397 3509 4471 recteintel-

258 4498 526 4564 praecepta
558 4498 950 4560 cognoverunt,
992 4489 1173 4551 cordis
1218 4503 1276 4553 se
1324 4489 1560 4544 medicos
1598 4487 1838 4559 proﬁteri

259 4595 371 4636 non
401 4586 672 4643 metuunt,
702 4578 829 4632 dum
868 4577 959 4647 qui
998 4578 1391 4649 pigmentorum
1419 4579 1527 4633 vim
1572 4578 1848 4643 nesciunt,

258 4669 433 4725 videri
476 4668 666 4724 medici
693 4668 874 4724 carnis
899 4669 1241 4745 erubescunt.
1288 4668 1421 4723 Nam
1449 4676 1573 4723 sunt
1599 4667 1840 4739 nonnulli

257 4758 356 4828 qui
396 4758 533 4812 intra
561 4766 797 4812 sanctam
836 4756 1127 4813 Ecclesiam
1153 4755 1264 4811 sola
1296 4757 1588 4812 ambitione
1619 4756 1839 4811 honoris

259 4848 473 4903 culmen
509 4855 783 4917 appetunt,
835 4855 995 4916 atque
1033 4854 1327 4902 attestante
1367 4848 1591 4903 veritate
1635 4848 1839 4917 primas

259 4938 613 4995 Salutationes
644 4939 697 4993 in
726 4937 863 5005 foro,
890 4938 1093 5012 primos
1122 4938 1174 4992 in
1204 4938 1375 4994 coenis'
1404 4940 1700 5005 recubitus,
1730 4939 1840 5009 pri-

259 5044 382 5083 mas
408 5030 458 5083 in
486 5030 928 5085 conventiouibus
966 5029 1248 5084 cathedras
1282 5040 1561 5100 qumrunt;
1600 5030 1692 5101 qui
1717 5044 1837 5084 sus-

257 5125 475 5188 wptum
523 5134 666 5174 cura:
714 5118 1001 5189 pastoralis
1059 5116 1289 5175 oﬂicium
1333 5118 1641 5177 ministrare
1681 5119 1840 5189 digne

259 5218 414 5265 tanto
449 5212 620 5282 magis
651 5220 954 5281 nequeunt,
982 5222 1184 5289 quanto
1219 5211 1286 5271 ad
1315 5211 1632 5266 humilitatis
1666 5211 1837 5282 magi-

255 5301 482 5357 sterium
521 5316 590 5356 ex
633 5303 745 5357 sola
782 5304 1013 5358 elatione
1051 5311 1431 5375 pervenerunt.
1475 5303 1619 5371 Quos
1652 5312 1840 5359 contra

255 5391 519 5448 Dominus
562 5407 662 5463 per
698 5392 1011 5463 prophetam
1044 5395 1306 5464 queritur,
1346 5394 1529 5448 dicens
1560 5412 1573 5447 :
1606 5392 1715 5464 Ipsi
1760 5411 1840 5449 re-

252 5491 544 5553 gnaverunt
571 5490 620 5534 et
664 5498 765 5535 non
792 5498 856 5536 ea:
890 5499 989 5549 me,
1019 5483 1273 5552 principes
1300 5484 1645 5547 exstiterunt,
1668 5493 1715 5537 et
1748 5500 1838 5554 ego

250 5573 489 5645 ignorari
523 5572 698 5645 (Osca:
724 5572 863 5641 vru).
894 5572 974 5627 Ex
1018 5588 1078 5628 se
1116 5588 1349 5643 namque
1375 5580 1431 5627 et
1464 5559 1575 5627 non.
1598 5588 1665 5627 ex
1692 5575 1837 5629 arbi-

252 5664 353 5719 trio
383 5662 591 5719 summi
621 5660 846 5717 rectoris
872 5671 1120 5733 regnant,
1148 5663 1258 5733 qui,
1289 5662 1445 5717 nullis
1476 5660 1593 5717 fulti
1623 5661 1833 5717 virtuti-

1940 4492 2163 4563 ligentes
2186 4491 2470 4561 hauriunt;
2495 4491 2589 4547 sed
2607 4491 2847 4546 eamdem
2873 4504 3065 4559 aquam
3080 4488 3303 4558 pedibus
3325 4488 3509 4543 turba-

1938 4597 2018 4647 re,
2050 4590 2133 4637 est
2160 4587 2359 4636 sanctas
2384 4579 2750 4635 meditationis
2771 4578 2945 4634 studia
2972 4578 3108 4632 male
3130 4578 3356 4633 vivendo
3380 4592 3503 4631 cor-

1938 4684 2206 4740 rumpere.
2257 4669 2466 4739 Aquam
2514 4668 2721 4724 scilicet
2755 4684 2941 4724 eorum
2965 4668 3195 4739 pedibus
3228 4668 3509 4722 turbatam.

1938 4777 2066 4817 oves
2109 4762 2327 4827 bibunt,
2377 4775 2500 4815 cum
2551 4759 2782 4831 subjecti
2828 4760 3026 4831 quique
3072 4772 3177 4812 non
3227 4765 3506 4814 sectantur.

1938 4854 2100 4908 verba
2141 4867 2259 4922 quae
2302 4852 2547 4916 audiunt,
2600 4851 2695 4906 sed
2738 4864 2809 4925 ea
2848 4848 2960 4905 sola
3003 4863 3123 4918 quae
3166 4847 3505 4918 conspiciunt

1937 4942 2180 5012 exempla
2207 4942 2508 5011 pravitatis,
2538 4940 2832 4995 imitantur.
2865 4937 3001 4994 Hinc
3026 4953 3216 4995 rursus
3242 4936 3513 4994 Dominus

1936 5046 2033 5102 per
2071 5033 2388 5103 prophetam
2444 5030 2575 5085 dicit
2615 5046 2629 5084 :
2664 5027 2820 5083 Facti
2858 5036 2979 5083 sunt
3027 5027 3204 5082 domui
3230 5026 3402 5085 Israel
3446 5027 3502 5081 in

1938 5121 2310 5192 o/fendiculum
2344 5120 2632 5191 iniquitatis
2659 5116 2875 5195 (Eaeclt.
2904 5121 3071 5191 xuv).
3101 5116 3285 5175 Nemo-
3305 5114 3504 5187 quippe

1937 5211 2165 5280 amplius
2189 5210 2241 5264 in
2267 5209 2501 5265 Ecclesia
2528 5216 2709 5275 nocet,
2739 5224 2905 5279 quam
2926 5207 3017 5278 qui
3042 5219 3290 5287 perverse
3314 5219 3499 5274 agens,
3562 5242 3567 5249 .

1938 5310 2131 5356 nomen
2180 5301 2262 5355 vel
2303 5300 2547 5357 ordinem
2596 5298 2902 5355 sanctitatis
2947 5297 3123 5353 habet.
3176 5293 3504 5363 Refugerent

1939 5401 2115 5448 autem
2143 5393 2344 5464 indigni
2374 5392 2572 5463 quique
2606 5391 2740 5446 tanti
2768 5399 2950 5447 reatus
2993 5388 3246 5458 pondera,
3278 5385 3323 5439 si
3352 5385 3495 5439 veri-

1940 5482 2063 5537 tatis
2088 5483 2406 5538 sententiam
2439 5481 2665 5537 sollicita
2697 5481 2873 5536 cordis
2898 5493 3028 5533 aure
3054 5482 3372 5547 pensarent,
3405 5474 3497 5544 qui

1940 5574 2012 5628 ait
2040 5592 2052 5627 :
2085 5572 2188 5640 Qui
2212 5572 2640 5627 scandalizaverit
2664 5587 2821 5625 unum
2843 5570 2905 5623 de
2926 5574 3130 5638 pusulis
3156 5565 3288 5630 istis,
3313 5564 3510 5619 melius.

1940 5673 2048 5718 erat
2090 5664 2137 5717 ei
2170 5674 2223 5717 ut
2265 5662 2515 5733 ligaretur
2543 5661 2678 5716 mola
2726 5660 2957 5714 asinaria
2998 5659 3051 5713 in
3099 5656 3230 5712 collo
3259 5656 3411 5722 eius,
3449 5664 3505 5710 cs
