3958 6336
433 232 537 289 579

1097 227 1157 283 Β.
1195 222 1445 282 MBAN]
1480 223 1696 280 MAURl
1736 220 2047 278 AllClllEP.
2091 221 2393 277 MOGUN't‘.
2434 222 2714 281 OPERUM
2754 224 2928 281 PARS
2964 226 3038 297 [._

3535 230 3640 285 5ζο

434 347 774 416 proficeretur
798 346 855 397 in
883 338 1198 416 profundum
1225 340 1385 392 maris
1430 336 1640 404 (Matth.
1672 334 1846 407 xviii).
1893 334 1997 390 Per
2023 338 2067 395 Λ
2098 332 2312 401 quando
2363 333 2456 389 Dei
2485 334 2794 391 elarilieatio
2828 336 2930 391 erit
2976 353 3201 392 summa.
3246 338 3347 393 Sed
3389 340 3534 408 prius
3566 342 3652 394 hic

437 432 636 488 molam
666 428 862 501 quippe
887 428 1204 493 asinariam,
1232 425 1501 482 sacularis
1524 426 1647 481 vita
1668 426 1924 481 circuitus
1946 432 2002 478 et

417 520 979 591 .labor'exprimitur,
1030 527 1084 574 et
1128 514 1449 588 prefundum
1500 517 1705 581 maris,
1759 524 2001 571 extrema

416 611 712 685 damnatio
764 610 1093 681 designatur.
1150 605 1252 674 Qui
1298 621 1427 677 ergo
1472 607 1773 662 sanctitatis
1827 605 2002 675 specie

441 702 724 765 deductus,
756 698 840 754 vel
888 698 1048 752 verbo
1067 737 1082 761 ,
1109 696 1195 751 vel
1220 695 1466 766 exemplo
1492 704 1715 751 cateros
1743 693 1999 758 destruit,

442 788 633 843 melius
666 786 907 857 profecto
930 784 1138 850 fuerat,
1169 793 1230 838 ut
1251 786 1393 840 hunc
1424 784 1492 838 ad
1518 793 1743 839 mortem
1770 784 1867 837 sub
1905 798 2000 836 ex-

443 881 626 935 teriori
679 881 862 935 habitu
905 889 1117 934 terrena
1164 885 1285 933 acta
1322 876 1782 947 constringerent,
1843 889 2004 943 quam

442 970 588 1025 hunc
617 984 770 1024 sacra
815 967 987 1023 ollicia
1017 969 1071 1022 in
1114 959 1271 1038 culpa
1311 966 1521 1022 eateris
1559 963 1870 1019 imitabilem
1915 963 2007 1017 de-

444 1068 833 1124 monstrarent,
856 1059 982 1129 quia
1000 1060 1251 1113 nimirum
1269 1059 1313 1114 si
1331 1058 1476 1113 Solus
1493 1058 1724 1119 caderet,
1743 1064 2008 1123 utcunque

446 1152 590 1205 hunc
637 1149 963 1204 tolerabilior
987 1148 1191 1203 inferna
1229 1160 1387 1218 pana
1427 1148 1710 1202 cruciaret.
1747 1144 1853 1199 Sed
1882 1144 2006 1212 quia

416 1228 741 1315 utrumque
770 1259 989 1299 necesse
1035 1251 1155 1308 est,
1201 1251 1261 1296 ut
1299 1243 1493 1297 bonam
1537 1241 1703 1294 vitam
1746 1239 2006 1307 sapientia

451 1333 703 1399 illustret,
725 1341 780 1387 et
800 1333 1112 1402 sapientiam
1134 1332 1271 1385 bona
1292 1331 1400 1383 vita
1423 1329 1778 1392 commendet,
1802 1336 2009 1381 utrum-

449 1434 557 1489 que
580 1420 633 1474 in
658 1420 758 1475 hoc
785 1420 923 1474 libro
952 1420 1019 1490 (si
1041 1418 1295 1473 Dominus
1317 1417 1583 1488 annuerit)
1612 1416 1931 1485 digeremus,
1956 1416 2010 1470 id

448 1517 555 1573 εει,
605 1515 664 1560 ιιι
696 1507 869 1561 sciant
900 1506 954 1559 hi
999 1507 1091 1576 qui
1119 1504 1173 1560 in
1205 1505 1374 1561 sacris
1420 1505 1696 1559 ordinibus
1725 1504 1973 1559 Ecclesia
1994 1546 2009 1571 ,

452 1606 547 1652 aut
566 1595 679 1667 jam
709 1596 934 1665 Domino
980 1598 1323 1663 deserviunt,
1355 1603 1445 1651 aut
1486 1597 1803 1652 descrvituri
1832 1604 2007 1661 erunt,

451 1697 668 1758 quanta
692 1687 1003 1743 eruditionis
1021 1688 1098 1742 eis
1113 1702 1246 1757 opus
1266 1687 1337 1749 sit
1353 1688 1406 1741 in
1436 1686 1635 1751 animo,
1656 1695 1712 1742 et
1730 1702 1889 1757 quam
1928 1701 2014 1741 so-

434 1775 586 1832 bria
603 1778 727 1831 vita
738 1777 999 1847 exemplo,
1022 1784 1339 1846 quantaque
1360 1777 1575 1831 virtutis
1599 1785 1653 1831 et
1679 1777 2016 1831 discretionis

457 1856 802 1930 in'docendo,
833 1876 893 1921 ut
920 1882 1019 1922 nec
1047 1866 1315 1922 discordet
1351 1865 1459 1921 vita
1486 1866 1810 1936 prudentiae,
1842 1881 2015 1937 neque

458 1971 636 2012 sermo
663 1957 942 2013 dissentiat
980 1957 1295 2027 disciplina.

1069 2064 1295 2120 CAPUT
1334 2065 1396 2119 ll.

458 2150 535 2207 De
579 2154 854 2208 eminentia
907 2170 1197 2227 sacrarunt;
1224 2152 1644 2227 Seripturarum,
1690 2164 1737 2210 et
1779 2156 1847 2209 ad
1891 2157 2013 2227 quid

829 2172 854 2207 α
907 2172 1175 2224 sacrarum
1224 2172 1337 2208 acri
1375 2172 1639 2220 (urorum,

829 2225 994 2278 omnis
1018 2225 1233 2278 scientia
1263 2172 1530 2291 regrenda
1552 2226 1639 2278 sit.

522 2311 944 2367 Fundamentum
972 2321 1171 2378 autem,
1202 2320 1371 2368 status
1400 2321 1454 2368 et
1498 2312 1756 2383 perfectio
1784 2313 2014 2383 pruden-

455 2404 541 2457 tia
560 2442 574 2467 ,
603 2404 826 2458 scientia
853 2414 937 2458 est
973 2411 1278 2458 sanctarum
1308 2402 1703 2473 Seripturarum
1739 2422 1751 2456 :
1800 2419 1917 2473 qua
1948 2404 2014 2458 ab

456 2492 544 2546 illa
589 2492 1007 2547 ineommutabili
1054 2498 1361 2563 atemaque
1403 2492 1663 2562 sapientia
1710 2490 2011 2561 profluens,

456 2599 575 2653 qua
614 2599 678 2639 ex
721 2599 816 2639 ore
850 2584 1109 2639 Altissimi
1144 2585 1373 2653 prodiit,
1415 2586 1769 2655 primogenita
1812 2584 2015 2640 scilicet

461 2682 583 2729 ante
620 2688 833 2729 omnem
871 2684 1170 2729 creaturam
1214 2673 1447 2745 Spiritus
1474 2676 1643 2730 sancti
1686 2664 2037 2730 distributio;

460 2765 616 2818 uibus
636 2804 649 2828 ,
679 2780 773 2833 per
797 2780 921 2819 vasa
952 2764 1239 2833 Scriptura
1264 2764 1442 2818 lumen
1471 2763 1780 2819 indeficiens
1806 2804 1821 2829 ,
1864 2764 2015 2833 quasi

459 2868 556 2921 per
589 2853 821 2907 laternas
868 2853 984 2907 orbi
1010 2852 1151 2907 lucet
1200 2853 1451 2907 universo
1475 2892 1490 2917 ,
1536 2866 1601 2906 ac
1627 2851 1673 2906 si
1714 2852 1840 2921 quid
1874 2853 2015 2907 aliud

460 2951 563 3007 est,
593 2940 733 3011 quod
762 2943 1035 3013 sapientia
1067 2944 1283 2999 nomine
1315 2943 1418 2999 rite
1450 2943 1660 3007 censeri
1701 2944 1902 3014 possit,
1949 2945 2016 2999 ab

460 3049 568 3089 uno
596 3033 952 3104 Eeelesiaqne
975 3035 1249 3103 sapientia
1276 3034 1423 3090 fonte
1451 3035 1770 3101 derivatum,
1807 3036 1873 3088 ad
1901 3035 2017 3105 ejus

462 3133 731 3195 respectat
752 3125 1032 3196 originem.
1059 3124 1325 3193 Quidquid
1346 3124 1489 3178 enim
1513 3124 1626 3179 veri
1648 3139 1678 3177 a
1701 3138 2020 3194 quocunque

461 3216 742 3285 reperitur,
766 3228 796 3269 a
823 3214 1050 3270 veritate
1073 3229 1259 3269 verum
1283 3228 1403 3269 esse
1426 3229 1523 3283 per
1545 3214 1715 3283 ipsam
1736 3214 1904 3268 verita
1914 3221 2019 3267 tem

462 3306 829 3377 dignoscitur;
872 3313 931 3359 et
978 3304 1235 3375 quidquid
1266 3305 1463 3375 ubique
1505 3304 1629 3359 boni
1660 3304 1954 3369 invenitur,
1987 3319 2018 3358 a

462 3396 696 3449 bonitate
721 3394 919 3449 bonum
947 3410 1065 3449 esse
1091 3394 1535 3465 deprehenditur;
1568 3395 1645 3449 sic
1668 3402 1723 3448 et
1764 3395 2019 3464 quidquid

464 3484 733 3555 sapientia
773 3500 804 3538 a
838 3499 1105 3555 quoquam
1140 3486 1508 3555 investigatur,
1556 3500 1587 3538 a
1626 3484 1887 3555 sapientia
1929 3500 2017 3540 sa-

462 3576 617 3642 piens
638 3588 757 3629 esse
801 3575 1134 3642 intelligitur.
1165 3574 1275 3629 Nec
1310 3575 1453 3629 enim
1496 3573 1583 3628 illa
1618 3590 1736 3642 qua
1772 3575 1826 3628 in
1869 3574 2020 3629 libris

464 3665 801 3734 prudentium
828 3664 986 3733 hujus
1014 3664 1190 3718 saeuli
1214 3678 1341 3731 vera
1368 3672 1424 3719 et
1456 3664 1716 3733 sapientia
1747 3666 2022 3734 reperiun-

467 3763 554 3807 tur
583 3753 675 3807 alii
707 3768 865 3822 quam
893 3753 1105 3807 veritati
1130 3761 1182 3808 et
1208 3753 1482 3822 sapientia
1503 3753 1841 3809 attribuenda
1876 3763 2020 3821 sunt,

465 3842 589 3911 quia
614 3847 721 3895 no‘n
743 3844 810 3897 ab
832 3842 937 3896 illis
960 3844 1073 3897 hac
1096 3842 1327 3912 primum
1348 3848 1545 3896 statuta
1567 3850 1692 3897 sunt
1715 3843 1769 3896 in
1790 3856 2019 3912 quorum

463 3931 623 3985 dictis
654 3931 768 3985 hac
796 3931 1062 4001 leguntur,
1102 3931 1195 3986 sed
1244 3930 1312 3984 ab
1344 3938 1543 3985 aterno
1570 3932 1843 3985 manentia
1868 3924 2020 3987 inve-

424 4040 429 4045 ν
466 4021 655 4089 stigata
701 4029 856 4083 sunt,
903 4026 1161 4089 quantum
1196 4019 1309 4087 ipsa
1356 4019 1565 4073 doctrix
1592 4027 1648 4073 et
1674 4018 2021 4077 illuminatrix

466 4110 703 4164 omnium
726 4109 924 4163 veritas
942 4117 996 4162 et
1007 4108 1270 4177 sapientia
1289 4108 1369 4163 eis
1384 4107 1708 4177 investigare
1722 4122 1878 4177 posse
1893 4122 2022 4165 con-

463 4200 653 4265 cessit;
682 4215 745 4254 ac
772 4199 891 4254 ideo
914 4201 982 4255 ad
1006 4215 1169 4253 unum
1197 4198 1481 4254 terminum
1509 4208 1697 4254 cuneta
1743 4199 2021 4256 referenda

466 4298 609 4354 sunt,
646 4296 700 4343 et
743 4304 863 4360 qua
905 4290 957 4342 in
998 4289 1151 4380 libris
1196 4289 1479 4380 gentilium“
1518 4289 1688 4355 utilia,
1721 4299 1776 4345 et
1802 4306 1919 4360 qua
1962 4291 2017 4346 in
2041 4320 2094 4380 D

466 4380 756 4451 Scripturis
784 4380 951 4435 sacris
994 4379 1224 4433 salubria
1260 4379 1605 4434 inveniuntur
1629 4390 1688 4435 ut
1730 4380 1797 4434 ad
1831 4380 2015 4450 cogni-

465 4471 661 4524 tionem
707 4452 1000 4537 perfectam
1045 4466 1288 4520 veritatis
1340 4474 1395 4520 et
1444 4468 1717 4536 sapientia:
1740 4467 2018 4537 pervenia-

467 4576 622 4623 mus,
674 4574 779 4628 qua
828 4558 1066 4613 cernitur
1114 4565 1169 4612 et
1193 4564 1432 4620 tenetur,
1482 4573 1747 4613 summum
1797 4560 2013 4613 bonum.

466 4650 687 4704 Summo
714 4656 891 4703 autem
920 4648 1061 4702 bono
1087 4655 1331 4702 assecuto
1361 4656 1415 4701 et
1437 4649 1647 4716 adepto,
1672 4664 1801 4703 vere
1829 4650 2018 4704 beatus

396 4796 403 4805 ,
465 4740 690 4808 quisque
731 4738 819 4804 lt,
858 4752 978 4793 cum
1003 4752 1209 4793 summa
1236 4737 1496 4806 sapientia
1523 4738 1678 4806 plene
1706 4748 1760 4794 et
1785 4740 2016 4809 perfecte

466 4830 519 4882 in
542 4837 799 4882 aeternum
824 4826 1116 4895 perfruitur
1140 4846 1153 4880 :
1177 4827 1301 4895 quia
1324 4826 1440 4881 sine
1460 4827 1561 4881 hac
1580 4828 1837 4897 sapientia
1863 4842 2020 4883 nemo

468 4918 581 4971 fieri
630 4918 820 4971 beatus
859 4923 1063 4984 potest,
1106 4917 1245 4971 sicut
1291 4917 1407 4986 ipsa
1437 4917 1638 4973 veritas
1678 4926 1732 4973 et
1759 4918 2020 4987 sapientia

468 5008 711 5062 Christus
726 5007 792 5061 ad
811 5007 1023 5060 Patrem
1048 5006 1270 5076 loquens
1293 5014 1520 5063 testatur
1546 5025 1557 5060 :
1585 5004 1714 5061 Hac
1733 5016 1807 5061 est
1825 5016 2018 5070 autem,

469 5096 692 5164 inquit,
724 5096 831 5148 vita
855 5104 1068 5159 (eterna,
1102 5104 1158 5148 ut
1202 5104 1515 5165 cognoscant
1560 5108 1609 5149 te
1644 5096 1809 5149 solum
1847 5109 2020 5149 verum

468 5185 657 5249 Deum,
685 5192 902 5253 atquein
929 5184 1111 5237 misisti
1140 5182 1319 5237 Iesum
1358 5183 1622 5239 Christum
1650 5183 1828 5255 (Joan.
1864 5183 2019 5255 xvii).

470 5271 871 5341 Censequcuter
891 5279 1068 5326 autem
1087 5272 1175 5326 hic
1197 5273 1510 5343 intelligitur
1529 5272 1765 5342 Spiritus
1785 5280 2019 5337 sanctus,

472 5362 561 5430 qui
586 5372 669 5417 est
688 5364 864 5418 Patris
889 5362 1117 5432 Filiique
1139 5372 1387 5435 tanquam
1415 5367 1648 5421 Charitas
1671 5368 2020 5421 consubstan-

474 5454 613 5507 tialis
639 5456 936 5511 amborum.
962 5456 1109 5511 Tunc
1138 5471 1265 5526 ergo
1290 5457 1522 5526 cognitio
1546 5458 1640 5511 Dei
1661 5458 1765 5511 erit
1789 5456 2040 5527 perfecta.

476 5544 684 5609 quando
705 5559 847 5599 mors
865 5546 968 5601 erit
993 5546 1155 5601 nulla.
1181 5545 1327 5601 Tunc
1353 5555 1406 5601 et
1425 5545 1697 5603 beatitudo
1718 5547 1827 5602 erit
1844 5548 2017 5627 plena,

2099 423 2487 491 quodammodo
2533 423 2859 479 clarificatur
2881 423 3042 487 Deus,
3076 427 3195 481 dum
3236 444 3330 497 per
3356 427 3509 482 fidem
3536 445 3649 483 creo

2100 513 2337 568 dentium
2390 522 2445 570 et
2487 524 2794 570 sanctarum
2826 514 3218 585 Seripturarum
3262 517 3649 573 manifestatio—

2101 621 2225 661 nem
2248 606 2300 658 in
2333 612 2444 658 tota
2472 604 2651 658 mundi
2683 604 2959 660 latitudine
2977 606 3315 675 pradieatur.
3348 606 3501 663 Nunc
3521 610 3653 661 enim

2102 695 2331 751 videmus
2359 710 2477 747 eum
2518 710 2609 763 per
2643 694 2902 764 speculum
2938 695 2992 748 in
3018 697 3307 766 wnigmate,
3339 708 3459 752 tunc
3483 709 3654 751 autem

2104 786 2235 857 facie
2282 786 2349 839 ad
2392 786 2612 855 faciem;
2661 801 2795 839 nunc
2842 788 3193 857 cognoscimus
3238 805 3301 841 ex
3329 799 3501 858 parte,
3534 799 3653 842 tunc

2102 889 2273 933 autem
2314 896 2671 950 cognoscemus
2699 879 2830 932 sicut
2859 887 2906 933 et
2947 880 3135 949 cogniti
3158 896 3356 935 sumus.

2717 988 2939 1045 CAPUT
2976 989 3061 1044 HI.

2105 1074 2305 1141 Quibus
2334 1077 2725 1159 obscuritatibus
2758 1077 3029 1159 Scriptura
3055 1094 3203 1131 sacra
3233 1078 3578 1159 sit'involuta,
3608 1091 3652 1134 et

2295 1148 2433 1217 quod
2457 1164 2567 1200 eam
2591 1158 2777 1201 temere
2811 1147 2968 1201 alicui
2988 1148 3150 1217 legere
3174 1164 3274 1201 non
3301 1147 3470 1201 liceat.

2175 1235 2339 1305 igitur
2364 1234 2641 1305 Scriptura
2671 1235 2869 1303 divina,
2899 1251 3001 1306 qua
3036 1236 3197 1291 tantis
3224 1236 3423 1289 morbis
3464 1235 3654 1289 buma-

2108 1338 2298 1377 narum
2346 1323 2676 1377 voluntatum
2707 1324 3036 1389 subvenitur,
3086 1324 3151 1378 ab
3192 1337 3296 1377 una
3326 1322 3502 1393 lingua
3536 1338 3657 1391 per.

2110 1412 2269 1477 fecta,
2294 1428 2398 1481 qua
2428 1423 2725 1483 opportune
2748 1414 2920 1482 potuit
2940 1430 3034 1484 per
3058 1414 3239 1468 orbem
3266 1423 3526 1468 terrarum
3555 1414 3665 1467 dis-

2110 1504 2408 1568 seminari,
2476 1518 2572 1573 per
2620 1505 2796 1559 varias
2845 1505 3194 1575 interpretum
3246 1505 3454 1576 linguas
3509 1504 3665 1573 longe

2113 1593 2323 1663 lateque
2354 1592 2541 1648 diffusa
2568 1604 2679 1660 est,
2723 1603 2782 1650 ut
2810 1595 3165 1651 innotesceret
3206 1596 3449 1664 gentibus
3484 1596 3550 1649 ad
3580 1611 3668 1649 sa-

2042 1664 2086 1724 B
2115 1684 2298 1738 lutem.
2351 1685 2520 1751 Quam
2547 1686 2783 1755 legentes
2831 1686 2961 1740 nihil
2996 1694 3251 1756 appetunt
3283 1685 3455 1751 aliud,
3501 1701 3666 1755 quam

2113 1775 2460 1845 cogitationes
2485 1775 2916 1845 voluntatemque
2968 1776 3198 1841 illorum,
3231 1791 3259 1830 a
3303 1776 3497 1846 quibus
3531 1790 3687 1834 co,n-.

2114 1867 2311 1935 scripta
2337 1875 2417 1921 est
2459 1866 2723 1933 invenire,
2761 1876 2815 1924 et
2841 1883 2939 1937 per
2964 1869 3081 1923 illas
3105 1869 3430 1924 voluntatem
3458 1869 3552 1924 Dei
3581 1884 3669 1923 se-

2113 1955 2341 2009 cundum
2391 1971 2549 2026 quam
2583 1955 2717 2012 tales
2741 1956 2984 2013 homines
3005 1958 3209 2015 locutos
3233 1960 3518 2014 credimus.
3561 1959 3668 2012 Sed

2112 2045 2293 2100 multis
2318 2054 2373 2099 et
2396 2044 2776 2118 multiplicibus
2796 2047 3208 2103 obscuritatibus
3230 2057 3284 2101 et
3305 2046 3672 2117 ambiguitati:

2110 2133 2211 2188 bus
2256 2133 2610 2203 decipiuntur,
2666 2136 2755 2204 qui
2784 2143 2980 2191 temere
3008 2135 3220 2206 legunt,
3262 2136 3402 2189 aliud
3430 2151 3529 2205 pro
3561 2135 3669 2189 alio

2111 2222 2425 2285 sentientes,
2476 2222 2789 2292 quibusdam
2831 2229 3008 2276 autem
3062 2222 3192 2277 locis
3234 2223 3360 2292 quid
3398 2223 3483 2276 vel
3532 2222 3673 2276 falso

2111 2312 2469 2385 suspicentur,
2518 2328 2638 2367 eum
2683 2328 2788 2367 non
2816 2312 3133 2377 inveniunt,
3175 2313 3248 2367 ita
3277 2312 3501 2367 obscure
3523 2311 3670 2366 dicta

2111 2404 2377 2473 quadam,
2424 2402 2794 2458 densissimam
2850 2405 3127 2473 caliginem
3171 2404 3461 2459 obducunt.
3514 2404 3670 2471 Quod

2112 2500 2281 2547 totum
2306 2494 2577 2563 provisum
2614 2508 2734 2549 esse
2773 2493 3027 2549 divinitus
3056 2509 3158 2547 non
3199 2494 3414 2557 dubito,
3444 2494 3508 2547 ad
3536 2494 3671 2548 edo.

2111 2582 2357 2636 mandam
2384 2582 2567 2637 labore
2595 2582 2899 2651 superbiam
2920 2622 2935 2647 ,
2964 2590 3017 2636 et
3044 2581 3367 2637 intellectum
3396 2598 3426 2635 a
3454 2581 3674 2637 fastidio

2112 2674 2495 2737 renovandum,
2534 2674 2619 2730 cui
2656 2674 2809 2729 facile
2839 2675 3154 2744 investigata
3198 2674 3510 2745 plerumque
3534 2675 3673 2728 vile-

2114 2771 2286 2816 scunt.
2309 2761 2444 2817 Sunt
2471 2763 2614 2817 enim
2643 2764 2697 2817 in
2719 2762 2915 2818 divinis
2940 2762 3091 2819 libris
3113 2763 3340 2834 plurima
3365 2765 3479 2819 loca
3506 2764 3675 2835 tropi-

2114 2852 2192 2907 eis
2219 2851 2573 2908 locutionibus
2608 2853 2863 2920 diﬂicnlia,
2894 2864 3016 2930 sunt
3038 2871 3249 2924 quoque
3289 2855 3454 2909 multa
3490 2870 3671 2909 rerum

2117 2943 2477 3012 magnitudine
2509 2943 2720 3007 eximia,
2773 2950 2931 3013 atque
2976 2944 3094 2999 ideo
3120 2958 3336 2999 necesse
3367 2952 3450 2999 est
3470 2985 3485 3009 ,
3516 2953 3575 2997 ut
3617 2953 3677 2999 et

2119 3048 2305 3089 sensus
2333 3041 2388 3088 et
2410 3033 2602 3104 ingenii
2632 3034 2920 3104 sagacitate
2953 3035 3355 3104 investigentur,
3387 3043 3442 3088 et
3467 3049 3565 3103 pro
3589 3034 3675 3087 sui

2118 3122 2373 3193 dignitate
2401 3122 2664 3177 intellecta
2688 3132 3026 3178 venerentur.
3070 3122 3237 3178 Nemo
3264 3124 3406 3178 enim
3452 3124 3676 3193 ambigit

2116 3227 2213 3282 per
2244 3212 2620 3267 similitudines
2647 3212 2897 3268 libentius
2921 3225 3145 3284 quaque
3170 3215 3447 3284 cognosci,
3474 3226 3527 3269 et
3552 3230 3675 3271 cum

2115 3298 2292 3369 aliqua
2343 3298 2649 3355 dillieultate
2683 3301 2907 3370 quasita
2953 3301 3120 3356 multo
3165 3302 3369 3373 gratius
3423 3303 3673 3357 inveniri.

2116 3388 2217 3456 Qui
2245 3390 2386 3444 enim
2406 3406 2625 3460 prorsus
2650 3406 2755 3445 non
2782 3391 3058 3446 inveniunt
3081 3392 3222 3460 quod
3242 3400 3507 3460 quarunt,
3535 3392 3676 3447 fame

2116 3477 2391 3545 laborant;
2427 3481 2520 3550 qui
2542 3489 2721 3537 autem
2748 3496 2853 3537 non
2875 3489 3150 3550 quarunt,
3174 3482 3298 3550 quia
3330 3481 3381 3535 in
3427 3492 3675 3551 promptu

2117 3570 2333 3637 habent,
2364 3571 2634 3627 fastidiose
2654 3580 3103 3643 permarceseunt.
3133 3572 3191 3625 ln
3223 3581 3452 3641 utroque
3496 3581 3675 3626 autem

2118 3659 2342 3729 languor
2384 3662 2652 3717 cavendus
2698 3672 2800 3717 est.
2830 3660 3108 3734 Magniﬁce
3146 3678 3271 3735 ergo
3306 3671 3362 3718 et
3390 3663 3677 3719 salubriter

2121 3752 2350 3823 Spiritus
2380 3764 2596 3811 sanctus
2618 3756 2691 3810 ita
2719 3754 3025 3826 Scripturas
3046 3764 3259 3811 sanctas
3282 3756 3587 3819 medicavit,
3618 3766 3678 3811 ut

2113 3841 2252 3897 locis
2293 3845 2643 3913 apertioribus
2702 3844 2838 3905 fami
2885 3852 3227 3910 occurreret,
3272 3845 3673 3901 obscurioribus

2120 3940 2296 3984 autem
2327 3930 2537 3986 fastidia
2564 3933 2879 4004 detergeret.
2914 3932 3054 3988 Nihil
3093 3939 3271 3987 autem
3304 3931 3417 3987 fere
3452 3934 3519 3989 de
3567 3934 3673 3989 illis

2118 4020 2530 4076 obscuritatibus
2556 4022 2784 4088 eruitur,
2811 4023 2950 4092 quod
2991 4015 3095 4077 non
3123 4020 3433 4094 planissime
3468 4023 3673 4079 dictum

2120 4108 2246 4164 alibi
2275 4111 2595 4180 reperiatur.
2970 4184 2975 4187 _

2712 4199 2937 4257 CAPUT
2975 4201 3060 4263 IV.

2359 4287 2438 4343 De
2472 4288 2716 4358 gradibus
2750 4290 3013 4359 sapientia:
3048 4298 3096 4343 et
3128 4290 3416 4343 charitatis.

2186 4378 2325 4431 Ante
2382 4376 2560 4431 omnia
2610 4377 2749 4431 enim
2784 4392 2916 4446 opus
2957 4386 3041 4431 est
3087 4377 3136 4432 ei
3163 4378 3254 4447 qui
3297 4375 3562 4432 desiderat
3603 4378 3672 4434 ad

2119 4466 2394 4536 sapientia
2413 4467 2691 4536 pervenire
2716 4458 2947 4531 culmen,
2980 4467 3070 4521 Dei
3100 4468 3288 4522 timore
3314 4468 3573 4533 converti,
3602 4469 3671 4523 ad

2119 4554 2541 4625 cognoscendum
2567 4554 2683 4624 ejus
2713 4555 3058 4621 voluntatem,
3082 4556 3208 4625 quid
3237 4556 3388 4611 nobis
3415 4565 3672 4625 appeten-

2121 4643 2245 4698 dum
2313 4639 2724 4715 fugiendumque
2767 4645 3054 4715 pracipiat.
3102 4645 3284 4701 Timor
3333 4655 3512 4700 autem
3564 4647 3671 4700 iste

2121 4734 2495 4804 cogitationem
2544 4736 2610 4791 de
2659 4745 2839 4791 nostra
2892 4737 3213 4792 mortalitate
3274 4746 3329 4792 et
3372 4738 3435 4792 de
3491 4738 3670 4791 futura

2121 4831 2294 4879 morte
2316 4838 2531 4881 necesse
2550 4834 2632 4880 est
2652 4826 2893 4891 incutiat,
2916 4836 2968 4881 et
2985 4828 3137 4897 quasi
3158 4826 3377 4883 clavatis
3391 4826 3669 4892 carnibus,

2121 4925 2307 4966 omnes
2333 4913 2592 4983 superbia
2630 4922 2804 4970 motus
2833 4914 2975 4984 ligno
3017 4914 3192 4969 crucis
3237 4913 3433 4984 alligat.
3465 4914 3672 4970 Deinde

2124 5000 2404 5055 mitescere
2448 5016 2582 5070 opus
2610 5010 2691 5056 est
2721 5002 2950 5072 pietate,
2984 5014 3155 5070 neque
3196 4999 3559 5057 contradicere
3587 5002 3669 5056 di-

2128 5088 2259 5143 vina
2280 5088 2583 5158 Scriptura,
2615 5092 2726 5145 sive
2747 5091 3026 5146 intellecta
3058 5091 3102 5144 si
3129 5090 3302 5161 aliqua
3328 5088 3457 5146 ‘vitia
3480 5101 3672 5149 nostra

2122 5180 2371 5248 percutit,
2398 5180 2509 5237 sive
2536 5196 2641 5234 non
2670 5180 2948 5235 intellecta
2974 5180 3123 5248 quasi
3151 5195 3247 5234 nos
3266 5179 3455 5236 melius
3478 5197 3672 5252 sapere

2122 5271 2413 5340 meliusque
2440 5272 2715 5342 percipere
2740 5272 3033 5342 possimus,
3084 5270 3176 5326 sed
3203 5272 3438 5340 cogitare
3462 5273 3670 5342 potius,

2118 5371 2175 5419 et
2198 5364 2412 5419 credere
2436 5364 2489 5418 id
2508 5379 2627 5419 esse
2656 5363 2842 5418 melius
2866 5372 2919 5417 et
2950 5363 3123 5417 verius
3150 5364 3290 5433 quod
3314 5362 3384 5417 ibi
3407 5364 3671 5432 scriptum

2119 5464 2223 5519 est,
2252 5456 2461 5509 etiamsi
2494 5455 2673 5520 lateat,
2715 5470 2873 5524 quam
2902 5453 2953 5508 id
2982 5453 3119 5522 quod
3151 5468 3248 5508 nos
3273 5467 3372 5523 per
3401 5467 3499 5506 nos
3520 5452 3673 5521 ipsos

2120 5562 2307 5617 sapere
2320 5562 2618 5616 possumus.
2636 5546 2759 5602 Post
2784 5548 2914 5601 istos
2934 5546 3061 5601 duos
3074 5545 3266 5615 gradus
3286 5544 3492 5601 timoris
3505 5551 3669 5612 atque
