3958 6332
245 264 339 318 581
403 306 406 307 ν

1007 259 1094 315 ns
1131 259 1567 337 cwmconun
1606 256 2106 314 INSTITUTIONE.
2152 226 2300 314 me.
2344 291 2411 299 —
2451 257 2574 314 un.
2614 260 2701 315 ιιι.

3362 271 3466 325 582

247 377 460 446 pictatis
488 417 501 439 ,
557 374 624 428 ad
681 373 896 428 tertium
940 377 1152 430 venitur
1180 375 1415 430 scientiae
1442 374 1695 444 gradum,
1741 374 1804 428 de
1834 375 1882 433 A
1908 374 2133 428 consilio
2168 375 2546 429 misericordize
2576 385 2768 446 purgat
2795 377 3024 431 animam
3057 381 3462 440 tumultuantem

247 484 354 537 quo
376 482 517 521 nunc
545 481 704 536 agere
728 466 997 520 constitui.
1034 466 1163 521 Nam
1198 469 1250 522 in
1278 483 1340 521 eo
1369 481 1426 521 se
1448 454 1662 520 exercet
1686 480 1804 519 om-

247 560 332 614 nis
372 545 669 618 divinarum
705 551 1105 626 Scripturarum
1138 559 1430 622 studiosus,
1460 557 1592 611 nihil
1637 558 1687 610 in
1727 558 1808 612 eis

245 651 389 705 aliud
413 650 584 708 inverl
596 659 680 703 tur
704 665 926 719 usquam
944 651 1262 721 diligendum
1278 663 1393 702 esse
1410 649 1571 702 Deum
1587 656 1807 717 propter

246 740 436 805 Deum,
464 749 517 794 et
532 741 831 808 proximum
847 749 1064 813 propter
1080 741 1263 803 Deum,
1280 746 1332 793 et
1346 739 1492 792 illum
1510 737 1722 806 quidem
1738 752 1805 792 ex

247 836 360 880 toto
389 827 571 891 corde,
594 841 657 880 ex
690 834 797 879 tota
824 828 1021 892 anima,
1051 842 1118 880 ex
1143 835 1253 880 tota
1277 833 1470 888 mente,
1501 825 1804 903 proximum

248 930 375 969 vero
389 924 636 982 tanquam
661 914 914 984 seipsum,
931 915 981 969 id
1001 923 1102 981 est,
1120 923 1179 968 ut
1196 914 1307 984 jam
1327 915 1554 983 proximi
1571 915 1805 980 dilectio,

248 1007 388 1060 sicut
409 1008 569 1060 etiam
607 1009 772 1062 nostri
803 1007 1068 1063 referatur
1098 1008 1151 1060 in
1176 1008 1360 1060 Deum.
1401 1006 1653 1076 Quisquis
1681 1022 1809 1078 ergo

250 1093 557 1162 Scripturas
580 1111 760 1150 sacras
782 1097 864 1152 vel
887 1095 1180 1164 quamlibet
1207 1104 1413 1164 partem
1441 1110 1625 1149 earum
1652 1095 1809 1149 intel-

251 1183 444 1240 lexisse
468 1185 567 1240 sibi
594 1187 823 1251 videtur,
857 1187 930 1239 ita
959 1193 1018 1238 ut
1044 1200 1109 1240 eo
1140 1184 1409 1239 intellectu
1439 1200 1545 1239 non
1585 1184 1810 1240 aedificet

252 1275 409 1330 istam
439 1278 705 1347 geminam
733 1277 1054 1331 cbaritatem
1095 1276 1187 1332 Dei
1213 1287 1268 1332 et
1294 1279 1542 1348 proximi,
1573 1281 1807 1333 nondum

252 1365 512 1420 intellexit
533 1366 977 1435 quemadmodum
999 1369 1278 1437 oportebat
1301 1384 1421 1423 eum
1444 1370 1602 1441 scire.
1625 1369 1810 1439 itaque

251 1456 353 1509 tria
385 1457 496 1512 haec
522 1466 664 1523 sunt,
693 1458 886 1528 quibus
912 1467 966 1513 et
989 1459 1210 1514 scientia
1231 1461 1424 1526 omnis,
1454 1469 1508 1514 et
1531 1462 1809 1531 prophetia

253 1546 465 1611 militat,
491 1547 639 1613 ﬁdes,
669 1563 811 1617 spes,
841 1549 1109 1615 charilas;
1137 1551 1227 1605 sed
1253 1550 1372 1605 ﬁdei
1403 1552 1638 1606 succedit
1665 1567 1809 1621 spes,

252 1648 308 1693 et
345 1642 455 1709 spei
509 1643 743 1696 succedit
786 1643 1092 1708 beatitudo;
1147 1642 1382 1696 cbaritas
1426 1651 1606 1698 autem
1648 1643 1808 1696 etiam

1907 463 2320 532 quodammodo,
2353 474 2511 534 atque
2554 467 2950 536 obstrepenlem
2983 470 3081 523 sibi
3131 472 3195 525 de
3231 476 3465 542 appetitu

1909 553 2217 608 inferiorum
2254 557 2526 625 conceptis
2562 557 2827 610 sordibus.
2870 557 2965 613 llic
3002 576 3128 612 vero
3173 576 3229 616 se
3258 562 3311 615 in
3339 564 3467 619 dile-

1907 645 2084 699 ctione
2112 645 2338 714 proximi
2371 662 2474 700 non
2515 647 2777 716 ignaviter
2806 659 3035 712 exercet,
3070 651 3121 703 in
3153 665 3322 720 eaque
3357 669 3470 722 per-

1910 733 2106 798 ficitur,
2135 744 2190 788 et
2213 749 2306 802 spe
2326 733 2436 801 jam
2466 735 2654 803 plenus
2680 745 2839 803 atque
2872 737 3076 808 integer
3101 741 3322 807 viribus,
3347 759 3469 797 cum

1908 827 2212 896 pervenerit
2251 841 2418 896 usque
2441 828 2505 881 ad
2535 828 2691 880 amici
2744 827 3079 885 dilectionem
3107 873 3120 896 ,
3151 837 3392 889 ascendit
3419 838 3470 890 iu

1909 925 2119 970 sextum
2149 916 2390 985 gradum,
2421 916 2512 969 ubi
2533 914 2644 983 jam
2677 916 2848 985 ipsum
2876 919 3084 972 oculum
3121 932 3333 991 purgat,
3366 940 3473 993 quo

1908 1007 2076 1061 videri
2118 1006 2261 1060 Deus
2278 1015 2456 1076 potest
2482 1007 2549 1060 ab
2578 1008 2687 1071 eis,
2718 1010 2806 1076 qui
2844 1009 2967 1064 huic
3006 1013 3198 1068 sacculo
3235 1016 3476 1068 moriun-

1911 1104 2016 1162 tur,
2050 1112 2173 1151 nam
2220 1097 2272 1149 in
2319 1105 2523 1150 tantum
2555 1096 2766 1161 vident,
2803 1099 2854 1151 in
2888 1109 3144 1168 quantum
3172 1103 3476 1157 moriuntur

1910 1188 2035 1242 huic
2082 1186 2312 1250 smculo;
2371 1187 2424 1240 in
2455 1195 2710 1256 quantum
2742 1197 2919 1242 autem
2970 1191 3093 1244 huic
3135 1191 3320 1245 vivunt
3371 1209 3475 1246 non

1909 1277 2110 1342 vident,
2138 1285 2193 1332 et
2218 1277 2338 1333 ideo
2377 1277 2622 1345 quamvis
2663 1277 2776 1345 jam
2816 1279 3033 1342 certior,
3067 1287 3120 1333 et
3168 1296 3273 1334 non
3302 1281 3475 1334 solum

1912 1368 2257 1434 tolerabilior,
2283 1369 2374 1423 sed
2401 1369 2562 1422 etiam
2585 1367 2874 1436 jucundior
2903 1371 3108 1439 species
3151 1370 3284 1425 lucis
3338 1372 3478 1426 illius

1912 1461 2100 1530 incipit
2152 1476 2442 1530 apparere,
2487 1462 2540 1516 in
2571 1463 2850 1532 aenigmate
2877 1463 3051 1518 adhuc
3078 1473 3254 1519 tamen
3287 1474 3340 1520 et
3385 1481 3479 1535 per

1916 1548 2192 1617 speculum
2219 1550 2385 1604 videri
2416 1551 2632 1615 dicitur,
2658 1551 2783 1620 quia
2814 1552 2981 1621 magis
3010 1568 3106 1622 per
3131 1552 3288 1608 ﬁdem
3316 1569 3477 1622 quam

1915 1655 2012 1710 per
2039 1640 2272 1708 speciem
2304 1641 2628 1706 ambulatur,
2658 1659 2780 1697 cum
2818 1643 2870 1696 iu
2908 1645 3009 1697 hac
3036 1645 3142 1697 vita
3171 1646 3480 1714 peregrina-

255 1732 372 1786 istis
409 1733 786 1786 decedentibus
821 1734 1102 1804 augebitur
1127 1734 1326 1802 potius.
1358 1732 1490 1788 Cum
1521 1749 1648 1804 ergo
1681 1748 1813 1802 qua-
1843 1715 1887 1774 Β
1916 1743 2068 1793 mur,
2125 1729 2369 1798 quamvis
2397 1730 2856 1784 conversationem
2886 1731 3178 1787 habeamus
3214 1731 3267 1785 in
3309 1733 3491 1787 caelis.

255 1831 379 1874 tuor
423 1821 686 1892 diligenda
740 1829 904 1887 sunt,
951 1838 1116 1877 unum
1137 1822 1278 1892 quod
1305 1837 1464 1892 super
1487 1838 1607 1887 nos,
1640 1821 1690 1875 id
1730 1829 1813 1876 est

256 1911 426 1976 Deus;
458 1912 682 1966 alterum
711 1912 850 1980 quod
876 1927 972 1967 nos
994 1928 1197 1977 sumus,
1221 1913 1274 1967 id
1298 1925 1378 1966 est
1398 1913 1573 1966 anima
1597 1913 1662 1967 ad
1685 1913 1813 1966 ima-

254 2004 430 2072 ginem
461 2005 552 2060 Dei
583 2013 792 2073 creata;
831 2004 1045 2059 tertium
1073 2004 1213 2074 quod
1241 2002 1390 2072 juxta
1418 2019 1518 2059 nos
1531 2012 1632 2068 est,
1654 2003 1704 2058 id
1731 2011 1813 2058 est

255 2092 391 2147 alter
419 2095 605 2159 homo;
637 2102 883 2164 quartum
910 2095 1053 2163 quod
1082 2093 1219 2148 infra
1247 2109 1364 2159 nos,
1395 2095 1446 2148 id
1472 2105 1555 2148 est
1584 2109 1808 2163 corpus;

156 2232 158 2234 ,
257 2184 323 2239 de
353 2183 604 2247 secundo,
653 2193 708 2238 et
753 2192 944 2252 quarto
969 2184 1110 2238 nulla
1140 2192 1404 2254 praecepta
1435 2183 1606 2238 danda
1636 2192 1812 2258 erant.

257 2272 660 2339 Quantumlibet
688 2273 829 2327 enim
855 2274 1014 2327 homo
1057 2274 1309 2329 excitata
1332 2274 1616 2338 charitate,
1644 2288 1818 2328 rema-

257 2372 349 2416 net
381 2363 456 2417 illi
505 2370 680 2417 tamen
709 2362 924 2418 dilectio
964 2365 1079 2430 sui,
1110 2374 1164 2420 et
1198 2365 1413 2420 dilectio
1442 2365 1682 2434 conioris
1713 2365 1815 2430 sui,

256 2453 496 2508 restabat
519 2462 577 2508 ut
603 2454 671 2508 de
697 2453 786 2509 illo
810 2455 936 2524 quid
959 2471 1121 2525 supra
1151 2471 1247 2510 nos
1266 2466 1367 2519 est,
1391 2464 1443 2508 et
1472 2455 1536 2509 de
1558 2454 1658 2530 illo
1679 2455 1820 2524 quod

255 2543 409 2613 juxta
433 2559 530 2598 nos
555 2552 668 2608 est,
696 2554 960 2614 przeeepta
993 2561 1346 2600 sumeremus.
1382 2545 1597 2615 Diliges,
1626 2545 1818 2615 inquit,

259 2632 541 2688 Dominum
566 2633 730 2688 Deum
760 2644 906 2688 tuum
948 2653 1012 2690 ea:
1041 2645 1144 2690 toto
1173 2638 1326 2691 corde
1357 2647 1462 2700 tuo,
1496 2645 1598 2691 etc.
1637 2635 1824 2694 Omnis

261 2723 460 2793 quippe
497 2725 658 2780 homo
682 2725 735 2779 in
772 2736 1027 2796 quantum
1061 2727 1222 2783 homo
1254 2737 1354 2794 est,
1399 2729 1696 2800 diligendus
1742 2738 1825 2785 est

260 2825 480 2884 propter
516 2816 682 2871 Deum
701 2858 715 2882 ,
741 2818 879 2872 Deus
909 2834 1035 2873 vero
1062 2828 1278 2889 propter
1302 2820 1554 2890 seipsum.
1582 2821 1825 2891 Amplius

262 2904 490 2973 quisque
520 2905 686 2960 Deum
720 2907 876 2961 debet
915 2907 1138 2978 diligere
1182 2924 1342 2978 quam
1375 2911 1641 2980 seipsum,
1694 2910 1821 2964 item

264 2995 493 3063 amplius
520 2995 654 3049 alius
686 2997 845 3050 homo
873 2997 1171 3066 diligendus
1212 3006 1295 3053 est
1328 3014 1484 3068 quam
1513 3015 1707 3068 corpus
1728 3013 1826 3053 no-

1915 1820 1973 1873 ln
2010 1819 2112 1873 hoc
2151 1826 2328 1874 autem
2381 1819 2547 1889 gradu
2577 1819 2650 1873 ita
2703 1817 2896 1891 purgat
2942 1821 3155 1875 oculum
3192 1823 3390 1888 cordis,
3425 1831 3490 1876 ut.

1915 1909 2128 1964 veritati
2186 1924 2285 1964 nec
2314 1909 2546 1979 seipsum
2579 1910 2791 1978 quidem
2839 1909 3110 1980 praeferat,
3157 1920 3216 1966 ut
3243 1912 3490 1966 conferat

1915 2000 2217 2069 proximum
2237 2040 2252 2066 ,
2291 2014 2418 2070 ergo
2445 2015 2546 2055 nec
2574 2001 2828 2070 seipsum,
2855 2001 2978 2070 quia
3010 2017 3107 2056 nec
3134 2002 3279 2056 illum
3325 2018 3488 2072 quem

1918 2090 2087 2160 diligit
2111 2091 2249 2145 sicut
2275 2091 2529 2160 seipsum.
2565 2092 2679 2146 Erit
2700 2107 2828 2162 ergo
2855 2094 2955 2147 iste
2981 2102 3196 2149 sanctus
3223 2102 3330 2148 tam
3353 2097 3486 2167 sim-

1917 2181 2041 2250 plici
2095 2183 2296 2246 corde,
2335 2190 2497 2250 atque
2540 2183 2814 2245 mundato,
2864 2192 2924 2237 ut
2949 2199 3120 2252 neque
3141 2184 3485 2250 hominibus,

1918 2270 2163 2340 placendi
2215 2271 2390 2325 studio
2435 2271 2818 2340 detorqucatur
2861 2287 2890 2325 a
2939 2287 3218 2336 vero,nec
3241 2284 3486 2345 reSpectu

1923 2360 2331 2416 devitandorum
2363 2355 2750 2430 quorumlibet
2775 2361 3230 2418 incommodorum
3265 2380 3486 2420 suorum

1923 2468 2041 2523 qua:
2063 2453 2414 2508 adversantur
2433 2453 2556 2510 huic
2577 2453 2716 2506 vitae.
2747 2447 2887 2507 Talis
2914 2453 3053 2508 ﬁlius
3076 2457 3142 2509 ad
3166 2456 3485 2525 sapientiam

1924 2545 2182 2610 ascendit,
2213 2559 2332 2614 qua:
2363 2543 2549 2598 ultima
2580 2551 2634 2598 et
2672 2544 2896 2613 septima
2941 2554 3052 2610 est,
3090 2560 3195 2615 qua
3244 2555 3487 2615 pacatur,

1925 2636 2365 2707 tranquillusque
2397 2634 2706 2705 perfruitur.
2760 2633 2973 2689 Initium
3026 2637 3169 2690 enim
3213 2637 3490 2706 sapientia:

1926 2728 2086 2782 timor
2115 2726 2347 2792 Domini,
2375 2726 2443 2780 ab
2469 2726 2561 2781 illo
2587 2725 2729 2780 enim
2760 2741 2928 2797 usque
2956 2727 3023 2782 ad
3048 2728 3215 2798 ipsam
3269 2745 3364 2800 per
3390 2730 3490 2785 hos

1926 2817 2124 2890 gradds
2145 2817 2454 2872 ascenditur
2481 2826 2535 2872 et
2554 2816 2787 2871 venitur.

2462 2931 2486 2998 ’.
2541 2947 2768 3006 CAPUT
2804 2950 2867 3006 ν.

262 3061 454 3151 strum,
480 3087 602 3155 quia
624 3095 843 3156 prepter
863 3061 1026 3142 Deum
1049 3089 1226 3143 omnia
1258 3061 1359 3150 ista
1385 3061 1649 3160 diligenda
1676 3097 1816 3150 sunt,
1850 3061 1894 3124 C
1928 3076 2083 3142 Ωαοά
2125 3078 2169 3133 ίε
2211 3080 2300 3167 qui
2345 3079 2413 3167 at!
2437 3081 2713 3167 sapientiae
2725 3082 3084 3162 integritatem
3114 3087 3376 3167 operveuit,
3425 3091 3493 3144 ad

263 3184 513 3245 etpotest
536 3177 816 3232 nobiscum
836 3176 971 3232 alius
993 3179 1154 3232 homo
1178 3178 1285 3233 Deo
1306 3179 1524 3248 perfrui,
1553 3179 1694 3249 quod
1717 3194 1819 3234 non

263 3275 440 3337 potest
464 3282 676 3336 corpus,
722 3268 845 3337 quia
890 3283 1082 3338 corpus
1109 3285 1204 3338 per
1232 3270 1462 3324 animam
1510 3271 1674 3335 vivit,
1719 3285 1823 3340 qua

266 3355 496 3410 fruimur
522 3356 650 3412 Deo.
684 3354 880 3412 Omnes
910 3367 1085 3413 autem
1115 3359 1358 3413 homines
1383 3374 1532 3428 teque
1568 3359 1823 3430 diligendi
1855 3384 1860 3389 η

265 3454 418 3511 sunt;
449 3446 540 3500 sed
562 3461 684 3501 cum
712 3447 960 3511 omnibus
988 3448 1242 3517 prodesse
1271 3464 1374 3504 non
1411 3450 1698 3518 possimus,
1738 3451 1823 3506 his

266 3537 602 3606 potissimum
632 3539 1014 3594 consulendum
1058 3547 1172 3605 est,
1203 3541 1293 3611 qui
1323 3541 1559 3596 locorum
1587 3550 1639 3594 et
1687 3549 1824 3595 tem-

263 3648 457 3702 porum
474 3633 555 3687 vel
584 3633 944 3703 quarumlibet
974 3649 1154 3689 rerum
1180 3634 1668 3704 opportunitatibus
1694 3648 1823 3688 con-

264 3724 507 3779 strictius
535 3725 688 3780 nobis
709 3766 724 3788 ,
748 3725 900 3794 quasi
925 3724 1155 3794 quadam
1178 3733 1323 3778 sorte
1345 3725 1657 3796 junguntur.
1678 3724 1825 3806 Velle

265 3823 447 3866 tamen
465 3813 734 3879 debemus,
758 3822 815 3867 ut
834 3809 1279 3870 omnes'homines
1294 3814 1569 3869 nobiscum
1583 3814 1822 3883 diligant,

258 3913 312 3954 et
350 3911 520 3955 totum
548 3904 687 3970 quod
713 3916 803 3957 eos
831 3902 913 3956 vel
940 3903 1272 3972 adjuvamus,
1306 3902 1388 3957 vel
1416 3902 1731 3971 adjuvamur
1754 3903 1825 3958 ab

259 3991 365 4054 cis,
403 3990 469 4044 ad
493 4006 657 4044 unum
682 3991 827 4046 illum
857 3990 1016 4045 ﬁnem
1043 3990 1378 4046 referendum
1403 3999 1502 4046 est.
1529 3990 1656 4046 Jure
1678 3992 1822 4046 enim

258 4081 608 4135 continuatur
668 4083 903 4137 scientiae
966 4083 1201 4138 charitas
1233 4125 1248 4146 ,
1300 4085 1424 4158 quia
1487 4085 1823 4141 solummodo

258 4171 500 4225 scientia:
532 4171 737 4226 fructus
767 4172 818 4226 in
847 4173 1111 4227 charitate
1153 4173 1415 4228 consistit.
1449 4172 1675 4229 Scienlia
1699 4215 1712 4240 ,
1749 4177 1826 4230 ait

257 4260 569 4329 Apostolus,
599 4262 764 4329 inﬂat,
795 4261 1023 4316 Charitas
1049 4278 1163 4315 vero
1193 4261 1415 4329 a’diﬁcat
1444 4262 1494 4334 (Ι
1524 4262 1644 4317 Cor.
1680 4263 1820 4333 vm).

259 4348 315 4403 Si
364 4364 496 4418 ergo
543 4351 892 4419 appetendum
935 4361 1018 4405 est
1059 4352 1200 4420 quod
1246 4351 1410 4418 inllat,
1444 4353 1612 4409 multo
1654 4356 1825 4426 magis

256 4440 399 4510 quod
427 4439 675 4503 aedificat,
713 4447 772 4494 ut
803 4454 923 4495 cum
962 4441 1163 4496 scimus
1191 4443 1514 4497 voluntatem
1559 4444 1673 4510 Dei,
1706 4445 1816 4499 dili-

256 4543 448 4599 gamus
475 4529 687 4583 obedire
713 4528 840 4595 Deo,
870 4538 927 4583 ut
952 4533 1329 4600 perveniamus
1360 4535 1425 4588 ad
1469 4534 1655 4588 Deum.
1688 4535 1820 4590 Nam

255 4619 359 4672 ista
387 4619 609 4673 scientia
650 4620 805 4674 bona:
844 4621 954 4690 spei
999 4622 1266 4677 hominem
1298 4641 1356 4679 se
1381 4640 1484 4679 non
1505 4625 1818 4695 jactantem,

255 4711 347 4764 sed
394 4709 773 4765 lamentantem
799 4711 944 4779 facit,
985 4729 1091 4782 quo
1130 4713 1322 4772 aﬁ'ectu
1354 4715 1599 4784 impetrat
1625 4717 1822 4772 sedulis

255 4801 510 4869 precibus
537 4801 950 4856 consolationem
981 4803 1145 4858 divini
1181 4805 1447 4872 adjutorii,
1482 4823 1548 4862 ne
1576 4809 1823 4877 despera-

256 4893 404 4946 tione
431 4891 734 4961 frangatur,
766 4902 821 4946 et
847 4906 964 4947 esse
988 4893 1173 4963 incipit
1201 4892 1253 4947 in
1282 4907 1472 4962 quarto
1508 4898 1698 4966 gradu,
1723 4898 1823 4952 hoc

253 4991 362 5042 est,
417 4981 763 5038 fortitudinis.
822 4982 1090 5050 Quaeritur
1132 4992 1186 5039 et
1230 4985 1406 5040 sititur
1437 4984 1676 5057 justitia;
1721 4989 1822 5043 hoc

255 5075 397 5127 enim
433 5072 627 5127 affectu
681 5076 748 5130 ab
775 5075 918 5130 omni
950 5076 1224 5132 mortifera
1262 5076 1598 5146 jucunditate
1641 5095 1820 5134 rerum

258 5165 656 5219 transeuntium
685 5181 825 5236 saepe
854 5169 1176 5234 extrahitur,
1215 5179 1267 5223 et
1295 5170 1422 5226 inde
1455 5186 1511 5224 se
1541 5179 1817 5237 avertens,

256 5257 526 5312 convertit
553 5256 621 5310 ad
668 5256 1006 5312 dilectionem
1053 5269 1373 5315 :eternorum
1393 5303 1406 5325 ,
1437 5262 1820 5317 immutabilem

257 5348 466 5403 scilicet
491 5347 772 5412 unitatem,
795 5348 1145 5418 eamdemque
1172 5349 1484 5405 Trinitatem
1503 5391 1518 5417 ,
1558 5367 1718 5421 quam
1747 5351 1818 5406 ibi

256 5439 561 5509 aspexerit,
587 5447 842 5509 quantum
879 5450 1072 5508 potest,
1110 5443 1161 5495 in
1191 5443 1474 5514 longinquo
1502 5445 1817 5509 radiantem,

259 5531 449 5598 suique
481 5538 728 5602 aspectus
759 5530 1068 5584 inﬁrmitate
1099 5532 1364 5588 sustinere
1393 5549 1450 5588 se
1477 5534 1620 5588 illam
1647 5535 1819 5590 lucem

260 5634 363 5674 non
392 5636 551 5690 posse
579 5619 921 5692 pcrsenserit,
970 5622 1020 5674 in
1051 5622 1234 5690 quinto
1279 5624 1466 5693 gradu,
1503 5626 1602 5680 hoc
1635 5635 1744 5689 est,
1770 5627 1822 5680 iu

2227 3150 2496 3203 charitatis
2521 3150 2888 3219 perfectionem
2921 3150 3202 3222 perveniat.

1997 3260 2310 3331 Quicunque
2353 3263 2513 3332 igitur
2541 3264 2607 3318 ad
2637 3265 2916 3334 sapientia:
2961 3266 3168 3322 culmen
3219 3271 3489 3337 pervenit,

1925 3354 1992 3406 ad
2019 3350 2291 3422 fastigium
2322 3352 2602 3408 charitatis
2635 3355 2912 3423 perveniat
2941 3371 3162 3413 necesse
3200 3367 3320 3424 est,
3365 3362 3493 3430 quia

1927 3461 2085 3518 nemo
2105 3444 2339 3516 perfecte
2368 3447 2526 3516 sapit,
2553 3447 2656 3502 nisi
2680 3447 2725 3502 is
2753 3449 2842 3517 qui
2873 3455 3017 3502 recte
3047 3449 3236 3520 diligit.
3266 3450 3497 3518 Quando

1926 3532 2070 3588 enim
2104 3534 2224 3604 quis
2252 3550 2347 3605 per
2373 3535 2569 3604 gradus
2597 3551 2758 3606 supra
2780 3538 2951 3591 dictos
2989 3538 3056 3592 ad
3079 3537 3356 3607 sapientiae
3382 3541 3494 3610 ple-

1929 3627 2225 3682 nitudinem
2249 3627 2426 3681 studet
2449 3627 2752 3696 pervenire,
2778 3627 2906 3681 nihil
2935 3628 3077 3682 aliud
3111 3629 3241 3698 agit,
3280 3629 3385 3685 nisi
3431 3638 3490 3685 ut

1929 3716 1995 3770 ad
2047 3715 2430 3786 perfectionem
2478 3714 2760 3769 charitatis
2791 3716 3096 3786 perveniat,
3143 3725 3199 3772 et
3236 3726 3493 3786 quantum

1927 3808 2136 3877 perlicit
2173 3808 2226 3861 in
2258 3806 2541 3876 sapientia,
2576 3815 2779 3860 tantum
2809 3807 2862 3860 in
2905 3807 3184 3862 charitate.
3233 3806 3492 3864 Praedixi-

1927 3916 2046 3954 mus
2085 3898 2228 3953 enim
2269 3899 2411 3967 quod
2439 3898 2492 3951 in
2540 3897 2862 3969 cogitatione
2892 3896 3129 3967 perfecta
3173 3899 3449 3969 sapientiae
3475 3941 3489 3965 ,

1925 3989 2197 4045 beatitudo
2234 4003 2360 4043 vera
2417 3989 2756 4052 consisteret,
2783 3989 2884 4044 hoc
2916 3989 3056 4042 idem
3085 3989 3313 4044 dicimus
3340 3999 3396 4045 et
3424 3990 3492 4046 de

1926 4083 2218 4146 charitate,
2297 4081 2421 4150 quia
2474 4079 2528 4134 in
2593 4079 2876 4135 dilectione
2924 4079 3158 4150 perfecta
3213 4081 3492 4137 charitatis

1925 4174 2199 4230 beatitudo
2252 4188 2458 4227 summa
2511 4172 2771 4228 consistit.
2822 4170 2954 4225 Nam
2998 4179 3208 4246 creator
3252 4175 3491 4228 omnium

1927 4265 2086 4330 Deus,
2116 4265 2210 4334 qui
2247 4264 2523 4319 beatitudo
2557 4272 2736 4318 nostra
2763 4272 2869 4329 est,
2901 4272 3250 4336 utrorumque
3275 4267 3496 4322 nomine

1926 4354 2204 4424 aqualiter
2232 4342 2591 4421 nuncupatur,
2615 4352 2752 4407 sicut
2772 4351 2825 4405 in
2856 4351 2993 4407 libro
3016 4351 3298 4422 Sapientia:
3326 4354 3392 4410 de
3422 4369 3492 4410 eo

1928 4443 2186 4512 scriptum
2215 4452 2298 4496 est
2336 4460 2349 4494 :
2403 4440 2682 4505 Omnium,
2732 4440 2918 4510 inquit,
2957 4441 3148 4510 artifex
3193 4442 3367 4496 docuit
3411 4460 3492 4498 me

1928 4535 2203 4603 sapientia.
2233 4532 2328 4586 Est
2368 4532 2503 4586 enim
2525 4531 2617 4584 illa
2646 4530 2869 4597 Spiritus
2901 4531 3184 4587 intellectus
3205 4573 3218 4598 ,
3249 4544 3496 4598 sanctus,

1929 4622 2138 4686 unicus,
2166 4630 2270 4677 etc.
2298 4620 2450 4690 (Sap.
2479 4621 2599 4691 vn).
2639 4619 2706 4674 Et
2738 4619 3008 4690 apostolus
3033 4619 3262 4674 Joannes
3289 4639 3300 4674 :
3328 4621 3491 4686 Deus,

1929 4714 2125 4784 inquit,
2153 4715 2379 4768 Charitas
2408 4722 2504 4778 est,
2535 4722 2582 4766 et
2609 4713 2698 4782 qui
2719 4721 2889 4766 manet
2920 4713 2972 4764 in
2995 4713 3265 4775 charitate,
3297 4714 3352 4766 in
3383 4712 3498 4766 Deo

1927 4815 2120 4870 manet,
2149 4814 2197 4858 et
2225 4803 2366 4856 Deus
2395 4804 2449 4856 in
2479 4818 2537 4859 eo
2577 4801 2628 4873 (I
2657 4800 2814 4855 Joan.
2857 4801 2952 4873 IV).
2993 4799 3124 4855 Nam
3165 4802 3408 4856 Salvator
3439 4804 3497 4858 in

1925 4893 2217 4964 Evangelio
2259 4892 2576 4961 sapientiam
2603 4899 2658 4945 et
2701 4889 3018 4945 charitatem
3066 4907 3232 4947 unum
3260 4907 3380 4947 esse
3407 4894 3494 4948 in-

1925 4985 2093 5054 telligi
2119 4984 2326 5049 volens,
2351 4983 2418 5037 ad
2445 4982 2659 5036 Patrem
2686 4981 2822 5035 dixit
2851 4995 2865 5035 :
2896 4977 3054 5036 Pater
3073 4984 3243 5052 justo,
3264 4985 3492 5040 mundus

1925 5088 1973 5132 te
2001 5094 2101 5131 non
2126 5076 2358 5145 cognovit
2375 5114 2389 5140 ,
2418 5090 2508 5144 ego
2534 5081 2709 5126 autem
2737 5083 2786 5128 te
2813 5085 3116 5144 cognom,et
3154 5076 3207 5129 hi
3250 5091 3494 5145 cognove-

1925 5179 2068 5233 runt,
2094 5167 2216 5237 quia
2242 5175 2298 5218 tu
2325 5181 2403 5218 me
2417 5165 2622 5228 misisti,
2646 5173 2694 5218 et
2710 5175 2885 5218 notum
2911 5164 3008 5230 feci
3030 5165 3104 5219 eis
3127 5181 3308 5219 nomen
3322 5153 3495 5230 iussin,

1923 5270 1973 5314 et
1996 5269 2170 5313 notum
2197 5258 2385 5327 faciam
2405 5298 2418 5322 ,
2443 5266 2498 5310 ut
2527 5257 2732 5311 dilectio
2759 5274 2862 5328 qua
2888 5256 3115 5311 dilexisti
3142 5274 3221 5312 me
3239 5298 3254 5321 ,
3283 5259 3336 5310 in
3366 5258 3496 5326 ipsis

1923 5351 2010 5417 sit,
2026 5359 2072 5402 et
2099 5364 2190 5418 ego
2221 5348 2274 5400 in
2309 5348 2432 5417 ipsis
2469 5347 2647 5418 (Joan.
2671 5347 2823 5414 xvn).
2847 5347 3095 5415 Quisquis
3117 5361 3243 5416 ergo
3265 5346 3494 5415 percipit

1926 5440 2139 5510 plenam
2163 5438 2404 5493 notitiam
2437 5438 2556 5503 Dei,
2585 5439 2744 5494 simul
2789 5439 2949 5493 habet
2993 5439 3045 5492 in
3095 5454 3150 5493 se
3201 5438 3492 5507 perfectam

1926 5531 2261 5588 dilectionem
2286 5530 2400 5595 Dei,
2419 5539 2471 5583 et
2497 5531 2580 5584 his
2605 5531 2862 5585 ambobus
2890 5527 3090 5590 fruens,
3108 5528 3473 5584 aetcruambea

1927 5623 2207 5678 titudinem
2238 5621 2430 5691 adepto
2461 5638 2669 5676 summo
2698 5623 2836 5676 bono
2867 5619 3084 5675 tenebit.
