3968 6332
414 272 521 335 383

522 412 531 417 ι
1030 384 1257 459 CAPUT
1292 382 1379 440 v1.

679 480 755 536 De
781 482 935 537 modo
961 479 1161 551 legendi
1194 494 1370 533 sacras
1397 474 1716 547 Scripturas.

486 568 599 628 Sed
619 586 718 626 nos
755 560 842 626 his
866 572 938 625 ita
966 568 1278 640 praalihatis,
1324 568 1391 635 ad
1422 567 1637 651 tertium
1680 566 1828 621 illum
1868 581 1991 638 gra-

414 663 657 730 dum,'id
710 673 796 720 est
839 665 1138 730 scientiam,
1160 662 1643 719 considerationem
1669 660 1985 728 referamus,

414 755 483 810 de
512 772 619 827 qua
660 756 924 812 disserere
965 755 1107 826 quod
1153 754 1411 825 Dominus
1454 752 1783 823 suggesserit
1828 738 1988 820 atque

416 839 654 905 tractare
694 849 1043 905 instituimus.
1076 846 1194 902 Erit
1223 847 1387 919 igitur
1415 845 1715 911 divinarum
1746 842 1988 925 Scriptu-

412 950 600 997 rarum
631 940 1013 999 solertissimus
1039 932 1336 1012 indagator,
1364 938 1455 1009 qui
1479 940 1655 1018 primo
1680 930 1825 993 totas
1845 937 1985 1009 lege-

414 1030 507 1096 rit,
534 1040 797 1100 notasque
825 1029 1089 1094 habuerit,
1130 1037 1185 1084 et
1213 1030 1257 1084 si
1287 1029 1523 1083 nondum
1546 1026 1819 1082 intellectu
1837 1067 1854 1093 ,
1872 1026 1987 1097 jam

414 1129 595 1177 tamen
626 1122 875 1187 lectione,
906 1123 1167 1177 duntaxat
1194 1136 1287 1176 eas
1314 1136 1433 1190 quae
1458 1119 1794 1188 appellantur
1822 1132 1987 1173 cano-

408 1212 583 1277 nicae,
623 1228 749 1267 nam
776 1218 998 1267 cmteras
1036 1226 1259 1266 securus
1282 1210 1424 1281 legat
1455 1208 1557 1264 ﬁde
1593 1208 1839 1264 veritatis
1898 1206 1983 1263 in-

412 1311 669 1367 structus,
721 1317 789 1357 ne
823 1309 1203 1372 prmoccupent
1257 1300 1581 1356 imbecillum
1624 1300 1882 1363 animum,
1928 1309 1984 1355 et

409 1391 733 1462 periculosis
754 1392 1048 1446 mendaciis
1082 1399 1244 1462 atque
1266 1390 1729 1461 phantasmatibus
1766 1389 1985 1445 eluden-

411 1489 492 1536 tes
528 1481 875 1549 prmjudicent
895 1481 1096 1550 aliquid
1119 1489 1306 1536 contra
1334 1497 1519 1536 sanam
1549 1480 1978 1552 intelligentiam.

408 1570 465 1625 In
492 1572 979 1627 canonicis‘autem
1016 1570 1343 1641 Scripturis,
1368 1562 1720 1627 ecclesiarum
1757 1571 1983 1626 catholi-

407 1660 597 1717 carum
630 1662 1078 1732 quamplurimam
1127 1661 1501 1716 auctoritatem
1539 1670 1815 1732 sequatur,
1842 1662 1984 1720 inter

1092 269 1155 326 Β.
1196 267 1447 326 MBAN]
1485 263 1703 325 MAURI
1735 262 2052 331 ARCHIEP.
2092 231 2403 339 MOCUNT.
2442 262 2725 322 OPERUBI
2762 264 2943 324 PARS
2979 267 3020 325 l.

2018 382 2068 441 Λ
2093 388 2319 450 quartus
2358 378 2613 437 Cohcleth
2636 422 2651 447 ,
2716 384 2807 453 qui
2865 393 2949 440 est
3003 385 3390 452 EcelesiaStes;
3439 387 3665 456 quintus

3552 271 3659 327 ΞΜ

2093 470 2428 535 Sirhasirim,
2465 473 2607 543 quod
2630 479 2715 527 est
2754 473 3035 531 Canticum
3070 477 3439 544 canticorum;
3472 488 3660 545 sextus

2090 562 2319 628 Daniel;
2372 563 2630 635 septimus
2678 562 3095 622 Dibrehaiomim
3120 609 3135 634 ,
3182 568 3324 639 quod
3366 579 3448 625 est
3480 568 3660 626 Verba

2089 653 2319 720 dierum,
2361 654 2414 710 id
2455 664 2571 722 εει,
2616 654 3105 727 Paralipomenon;
3152 668 3373 717 octavus
3414 643 3659 729 Esdras;

2087 759 2262 802 nouus
2288 752 2371 800 est
2392 745 2602 802 Esther.
2651 744 2753 813 Qui
2780 746 2938 827 simul
2980 763 3168 806 omnes
3192 767 3247 817 v,
3273 761 3328 807 et
3352 767 3467 818 vin,
3495 760 3551 808 ει
3578 767 3659 817 ix,

2087 837 2224 893 fiunt
2267 853 2413 905 xm,
2459 839 2883 909 sicut-superius
2923 850 3049 896 sunt
3091 845 3486 913 comprehensi.
3532 844 3663 913 Qui-

2087 934 2208 989 dam
2257 944 2438 989 autem
2482 928 2646 1000 Ruth,
2691 943 2746 991 et
2785 932 2999 999 Cinoth,
3048 940 3189 1008 quod
3228 940 3421 997 Latine
3463 941 3661 998 dicitur

2086 1024 2397 1081 lamentatio
2434 1025 2702 1092 Jeremize,
2752 1028 3137 1098 hagiographis
3177 1029 3456 1098 adjiciunt,
3498 1041 3555 1089 et
3582 1034 3667 1089 vi-

2086 1108 2219 1184 ginti
2263 1123 2494 1185 quatuor
2532 1116 2798 1182 volumina
2829 1118 3040 1172 Veteris
3065 1117 3394 1175 Testamenti
3423 1120 3661 1197 faciunt,

2076 1202 2231 1272 juxta
2273 1221 2401 1259 xxiv
2444 1208 2705 1273 seniOres,
2750 1207 2839 1278 qui
2887 1216 3013 1265 ante
3051 1217 3395 1279 conspectum
3438 1213 3531 1268 Dei
3572 1229 3665 1270 as-
3740 1250 3746 1257 -

2084 1296 2301 1353 sistunt.
2330 1297 2580 1355 lstisunt
2612 1300 2732 1356 libri
2772 1301 2862 1372 qui
2897 1301 3035 1372 apud
3058 1301 3311 1358 Hebraeos
3341 1307 3661 1363 canonicam

2084 1387 2460 1445 auctoritatem
2501 1388 2721 1444 habent.
2788 1390 3025 1459 Quartus
3074 1400 3159 1448 est
3205 1393 3345 1463 apud
3388 1408 3487 1449 nos
3525 1396 3663 1452 ordo

2083 1480 2294 1534 Veteris
2327 1479 2679 1547 Testamenti,
2714 1496 2899 1538 eorum
2933 1483 3192 1539 librorum
3231 1484 3323 1554 qui
3360 1484 3415 1538 in
3453 1499 3663 1542 canone

2078 1568 2347 1625 Hebraico
2386 1587 2492 1627 non
2535 1580 2679 1638 sunt,
2706 1588 2936 1642 quorum
2974 1575 3180 1645 primus
3209 1573 3663 1651 Sapientizeliber

2084 1668 2187 1727 est,
2225 1662 2494 1719 secundus
2526 1662 2956 1730 Ecclesiasticus,
2985 1661 3176 1733 tertius
3198 1662 3403 1729 Tobiae,
3430 1675 3661 1735 quartus

407 1768 546 1823 quas
571 1729 701 1811 sane
735 1729 837 1807 illae
861 1754 1132 1822 sunt’quze
1160 1752 1482 1823 apostolicas
1507 1729 1661 1808 sedes
1681 1754 1905 1819 habere,
1930 1763 1987 1810 et
2009 1729 2058 1789 Β
2084 1747 2288 1815 Judith,
2324 1752 2547 1822 quintus
2583 1761 2637 1809 et
2671 1761 2861 1816 sextus
2882 1730 3328 1819 Machabaaorum,
3370 1729 3507 1824 quos
3533 1753 3661 1812 licet

408 1842 959 1914 Epistolas‘accipere
997 1850 1333 1898 meruerunt.
1380 1843 1606 1898 Tenehit
1642 1843 1804 1914 igitur
1843 1844 1986 1900 hunc

407 1936 627 1989 modum
657 1930 711 1989 in
740 1934 1037 2004 S’cripturis
1066 1934 1360 1997 canonicis,
1392 1942 1452 1987 ut
1482 1946 1575 1988 eas
1598 1948 1719 2002 quae
1757 1933 1827 1987 ab
1869 1949 1987 1989 om-

406 2026 565 2097 nibus
596 2024 937 2093 accipiuntur
982 2023 1235 2101 Eccles‘iis
1266 2020 1551 2096 catholicis
1588 2029 1864 2093 praeponat
1905 2023 1984 2079 eis

404 2133 540 2188 quas
568 2119 784 2188 quidam
807 2132 914 2171 non
944 2116 1244 2188 accipiunt,
1263 2101 1327 2171 'in
1355 2107 1435 2171 eis
1460 2131 1588 2171 vero
1613 2132 1731 2186 quae
1760 2131 1864 2173 non
1892 2130 1982 2172 ac-

403 2210 675 2280 cipiuntur
724 2211 793 2267 ah
837 2210 1108 2275 omnibus,
1155 2219 1433 2279 praeponat
1476 2224 1571 2264 eas
1612 2223 1747 2279 quas
1800 2207 1981 2279 plures

400 2304 784 2373 gravioresque
804 2301 1191 2371 accipiunt,eis
1203 2317 1336 2371 quas
1359 2300 1628 2374 paucioris
1651 2300 1980 2369 minorisque

401 2393 738 2457 auctoritatis
760 2391 1013 2447 Ecclesia:
1038 2398 1242 2446 tenent.
1274 2389 1331 2444 Si
1355 2398 1535 2445 autem
1559 2389 1693 2443 alias
1715 2388 1980 2443 inVenerit

402 2503 432 2542 a
452 2487 713 2558 pluribus,
746 2486 878 2541 alias
902 2501 931 2539 a
953 2484 1286 2556 gravioribus
1308 2484 1513 2548 haberi,
1544 2496 1850 2553 quanquam
1877 2482 1981 2538 hoc

401 2578 643 2633 invenire
669 2593 774 2632 non
803 2576 1001 2648 possit,
1049 2576 1270 2646 mqualis
1299 2583 1477 2630 tamen
1518 2574 1857 2630 auctoritatis
1885 2588 1978 2630 eas

399 2668 675 2725 habendas
700 2675 849 2737 puto.
879 2666 1048 2722 Totus
1070 2676 1247 2721 autem
1272 2681 1444 2722 canon
1468 2664 1895 2736 Scripturarum,
1922 2665 1979 2724 in

402 2772 508 2826 quo
540 2757 695 2811 istam
723 2756 1213 2811 considerationem
1253 2755 1571 2809 versandam
1613 2755 1844 2809 dicimus
1893 2754 1979 2810 his

399 2846 554 2901 libris
579 2839 887 2901 continetur
929 2844 1012 2917 (ut
1041 2845 1277 2901 breviter
1318 2842 1516 2913 dicam)
1542 2838 1751 2899 Veteris
1776 2842 1979 2903 Testa-

400 2939 571 2993 menti
598 2954 722 3002 χεν,
773 2937 906 2993 Novi
945 2946 1125 3004 autem
1154 2952 1303 2991 xxvn
1326 2978 1339 3001 ,
1367 2936 1456 3005 qui
1476 2929 1609 3001 sunt
1636 2951 1802 2990 Lxxn.
1830 2933 1980 3001 Quo-

398 3044 522 3084 rum
545 3030 786 3083 omnium
813 3028 1029 3082 nomina
1051 3036 1105 3083 et
1131 3028 1348 3092 seriem,
1366 3036 1420 3081 et
1435 3026 1830 3089 auctoritatem,
1852 3025 1977 3095 quia

2083 1840 2251 1897 Judiei
2300 1843 2444 1898 inter
2485 1846 2788 1916 apocrypha
2840 1852 3132 1914 separent,
3189 1844 3426 1900 Ecclesia
3478 1853 3661 1903 tamen

2081 1933 2475 1990 Christi.inter
2530 1934 2740 1990 divinos
2801 1935 2965 1990 libros
3012 1936 3240 1995 honorat
3284 1943 3340 1990 et
3379 1935 3657 2006 praedicat.

2079 2023 2138 2078 In
2180 2020 2329 2078 Novo
2376 2032 2555 2078 autem
2595 2022 2940 2079 Testamento
2977 2024 3083 2079 duo
3120 2033 3245 2079 sunt
3275 2024 3516 2096 ordines,
3546 2024 3659 2094 pri-

2080 2129 2201 2168 mus
2237 2112 2613 2184 Evangelicus,
2655 2112 2707 2167 in
2753 2128 2859 2183 quo
2904 2120 3029 2167 sunt
3069 2112 3373 2177 Matthceus,
3424 2111 3654 2179 Marcus,

2079 2202 2277 2270 Lucas,
2312 2204 2578 2271 Joannes;
2624 2205 2891 2270 secundus
2929 2204 3286 2275 Apostolicus,
3316 2204 3369 2259 in
3397 2219 3505 2275 quo
3531 2212 3657 2259 sunt

2078 2293 2332 2364 Epistolas
2372 2295 2753 2368 apostolorum,
2781 2295 2944 2359 Petri,
2990 2295 3195 2364 Jacobi,
3231 2294 3477 2362 Joannis,
3503 2294 3655 2353 Juda:

2079 2394 2134 2442 et
2157 2384 2331 2453 Pauli,
2358 2394 2412 2443 et
2436 2386 2574 2445 liber
2600 2384 2764 2441 Actus
2790 2386 3172 2463 apostolorum,
3202 2395 3257 2441 et
3281 2386 3651 2458 Apocalypsis.

2078 2478 2135 2533 ln
2179 2478 2265 2536 his
2307 2479 2555 2534 omnibus
2608 2478 2761 2533 libris
2819 2479 3069 2535 timentes
3112 2479 3280 2541 Deum
3339 2485 3393 2533 et
3442 2478 3653 2547 pietate

2078 2570 2343 2627 mansueti
2391 2572 2638 2643 quierunt
2670 2572 2999 2628 voluntatem
3044 2571 3162 2636 Dei,
3197 2570 3351 2641 cujus
3384 2570 3568 2640 operis
3597 2580 3651 2626 et

2078 2656 2280 2715 laboris
2300 2659 2469 2731 prima
2511 2660 2816 2717 observatio
2841 2668 2943 2725 est,
2970 2669 3028 2719 ut
3053 2660 3304 2725 diximus,
3334 2675 3494 2716 nosse
3521 2660 3678 2723 istos,

2077 2748 2262 2815 libros,
2301 2758 2355 2804 et
2393 2750 2437 2805 si
2472 2750 2711 2805 nondum
2739 2750 2807 2806 ad
2831 2748 3179 2823 intellectum,
3218 2738 3443 2821 legendo
3469 2759 3648 2805 tamen

2078 2837 2164 2893 vel
2205 2839 2465 2894 mandare
2502 2840 2792 2907 memoriae,
2838 2839 2923 2895 vel
2956 2840 3176 2896 omnino
3210 2840 3513 2911 incognitos
3542 2855 3645 2895 non

2081 2928 2302 2984 habere.
2340 2928 2554 2997 Deinde
2590 2929 2681 2985 illa
2708 2946 2827 3001 qua:
2866 2930 2919 2984 in
2956 2932 3034 2986 eis
3068 2939 3251 2999 aperte
3284 2929 3459 3000 posita
3500 2938 3649 2993 sunt,

2079 3014 2164 3072 vel
2203 3026 2469 3088 prmcepta
2495 3019 2729 3086 vivendi,
2753 3019 2836 3074 vel
2871 3018 3063 3089 regulae
3098 3018 3371 3083 credendi,
3399 3017 3650 3072 solertius

402 3122 457 3176 in
488 3121 920 3201 superiorilibro
948 3129 1207 3190 quantum
1233 3113 1383 3190 potui
1432 3118 1717 3189 descripsi,
1741 3133 1846 3173 non
1882 3132 1976 3173 ne-
2004 3085 2048 3148 δ
2080 3106 2496 3178 diligentiusque
2528 3109 2897 3179 investiganda
2925 3117 3069 3174 sunt.
3094 3122 3214 3201 (111513
3236 3116 3391 3179 μυιῑο
3420 3108 3650 3178 quisque

400 3228 552 3269 casse
578 3214 849 3269 credimus
878 3209 1098 3282 iterare.

1001 3320 1228 3376 CAPUT
1268 3322 1374 3376 VII.

397 3411 475 3466 De
501 3426 696 3465 canone
728 3410 1089 3473 Hebrworum,
1122 3409 1380 3479 quomodo
1401 3409 1540 3476 apud
1563 3424 1649 3462 eos
1675 3410 1972 3478 tripertitus

673 3490 747 3535 est
781 3481 907 3533 ordo
947 3477 1241 3533 divinarum
1274 3477 1687 3548 Scripturarum.

465 3571 768 3628 Notandum
784 3580 959 3625 tamen
974 3571 1114 3639 quod
1136 3570 1343 3624 Hebraei
1359 3567 1528 3623 Vetus
1542 3566 1968 3632 Testamentum,

399 3664 568 3717 Esdra
598 3672 818 3716 auctore
841 3660 995 3727 juxta
1029 3674 1311 3713 numerum
1339 3658 1644 3712 litterarum
1669 3673 1888 3711 suarum
1918 3657 1973 3710 in

397 3772 512 3810 xxn
543 3756 709 3809 libros
730 3754 1023 3822 accipiunt,
1052 3752 1353 3805 dividentes
1378 3766 1471 3805 eos
1499 3751 1551 3803 in
1586 3758 1695 3805 tres
1725 3750 1971 3816 ordines,

396 3844 531 3914 legis
558 3843 782 3905 scilicet,
813 3842 1199 3911 prephetarum
1240 3848 1295 3895 et
1323 3840 1832 3910 hagiographorum.
1858 3837 1974 3897 Pri-

398 3947 518 3986 mus
548 3934 679 3985 ordo
708 3931 840 4002 legis
889 3931 943 3983 in
979 3930 1216 3999 quinque
1248 3929 1399 3983 libris
1426 3928 1707 3996 accipitur,
1744 3943 1972 3996 quorum

396 4024 603 4094 primus
632 4030 714 4076 εει
740 4020 977 4085 Bresith,
1000 4020 1091 4090 qui
1118 4028 1202 4075 est
1229 4018 1471 4074 Genesis.
1506 4017 1783 4072 Secundus
1808 4017 1974 4071 Ellcs-

396 4123 531 4176 mnt,
555 4113 657 4173 :ﬂili
689 4121 771 4165 est
800 4112 1031 4165 Exodus.
1065 4110 1279 4165 Tertius
1308 4109 1538 4173 Vaiicra,
1575 4108 1665 4177 qui
1702 4117 1785 4163 est
1812 4108 1973 4164 Levi-

384 4205 556 4267 ticus.
590 4202 824 4269 Quartus
848 4201 1203 4266 Vaiedabbet,
1255 4202 1343 4269 qui
1374 4209 1457 4255 est
1492 4200 1775 4255 Numerus.
1806 4199 1971 4267 Quin-

400 4302 486 4349 tus
538 4293 1007 4357 Ellebadabarim,
1063 4292 1205 4360 quod
1251 4299 1335 4345 cst
1384 4291 1877 4345 Deuteronomium.
1904 4289 1969 4343 Hi

398 4392 525 4437 sunt
568 4383 804 4452 quinque
858 4382 981 4435 libri
1026 4381 1233 4451 Moysi,
1262 4396 1398 4451 quos
1430 4380 1639 4435 Hebraei
1686 4380 1925 4435 Thorath
1953 4420 1967 4446 ,

397 4474 576 4530 Latini
606 4475 777 4543 legem
821 4473 1124 4542 appellant;
1157 4472 1374 4541 proprie
1421 4478 1599 4524 autem
1628 4470 1709 4524 lex
1741 4460 1971 4539 appella-

398 4574 505 4629 tur,
529 4581 647 4634 qucc
662 4580 756 4634 per
779 4563 993 4633 Moysen
1014 4563 1140 4617 data
1161 4571 1262 4617 est.
1291 4560 1571 4616 Secundus
1598 4561 1731 4615 ordo
1750 4560 1975 4630 prophe-

399 4664 598 4718 tarum,
632 4654 684 4706 in
711 4668 817 4722 quo
839 4653 1181 4706 continentur
1210 4651 1329 4705 libri
1353 4658 1495 4715 octo,
1521 4666 1749 4719 quorum
1770 4651 1981 4719 primus-

395 4746 556 4800 Josue
579 4746 821 4813 bennun,
850 4743 940 4811 qui
968 4742 1157 4796 Latine
1186 4741 1310 4796 Jesu
1340 4741 1483 4795 Nave
1519 4742 1731 4796 dicitur.
1769 4740 1976 4795 Secun—

402 4838 501 4891 dus
526 4837 833 4905 Soplithim,
861 4836 951 4904 qui
978 4842 1061 4889 est
1086 4833 1351 4888 Judicum.
1382 4832 1596 4887 Tertius
1622 4832 1857 4897 Samuel,
1882 4834 1972 4901 qui

401 4938 481 4983 est
498 4928 701 4998 Regum
732 4929 955 4996 primus.
978 4925 1214 4991 Quartus
1235 4922 1535 4987 Malacliim,
1557 4924 1645 4991 qui
1665 4931 1746 4977 est
1767 4921 1969 4993 Regum

400 5018 686 5071 secundus.
710 5015 938 5081 Quintus
958 5014 1143 5069 Isaias.
1170 5015 1366 5069 Sextus
1392 5013 1671 5067 Jeremias.
1701 5012 1972 5081 Septimus

402 5106 671 5161 Ezechiel.
706 5106 938 5160 Octavus
972 5105 1295 5167 Thereasar,
1342 5105 1433 5175 qui
1465 5104 1662 5158 dicitur
1691 5102 1968 5157 duodecim

396 5197 802 5266 prophetarum,
843 5195 935 5262 qui
977 5194 1095 5247 libri
1129 5194 1255 5263 quia
1294 5194 1393 5248 sibi
1434 5209 1533 5262 pro
1571 5194 1833 5264 parvitate
1874 5194 1970 5246 ad-

393 5287 566 5356 juncti
607 5294 750 5348 sunt,
779 5300 875 5353 pro
913 5300 1017 5337 uno
1055 5285 1410 5352 accipiuntur.
1456 5285 1668 5339 Tertius
1697 5285 1829 5339 ordo
1868 5283 1970 5336 lla—

400 5377 836 5448 giograpborum,
880 5375 930 5427 id
970 5383 1072 5439 est,
1118 5383 1299 5429 sancta
1338 5376 1717 5439 scribentium,
1766 5376 1816 5429 in
1864 5390 1969 5443 quo

400 5476 527 5522 sunt
568 5468 687 5521 libri
727 5480 955 5529 novem,
1004 5480 1230 5534 quorum
1276 5463 1487 5533 primus
1519 5464 1656 5529 Job;
1702 5466 1970 5520 secundus

403 5558 742 5622 Psalterium,
784 5556 873 5626 qui
916 5557 969 5610 in
1015 5557 1252 5626 quinque
1298 5557 1644 5611 incisionibus
1678 5558 1967 5622 dividitur;

404 5648 597 5704 tertius
638 5648 869 5703 Massoth
898 5689 911 5714 ,
962 5649 1102 5719 quod
1152 5657 1233 5702 cst
1284 5647 1572 5704 Proverbia
1625 5648 1965 5715 Salomonis;

2075 3199 2228 3269 plura
2268 3200 2489 3265 invenit,
2517 3210 2719 3280 quanto
2759 3209 2839 3255 est
2882 3197 3249 3273 intelligentia,
3272 3198 3542 3275 capacior.
3591 3198 3650 3254 ln

2076 3290 2162 3344 his
2196 3290 2339 3345 enim
2376 3306 2495 3360 qua:
2531 3302 2713 3361 aperte
2758 3292 2811 3345 in
2857 3290 3152 3361 Scripturis
3185 3288 3538 3371 positasunt,
3567 3289 3649 3343 in-

2074 3382 2361 3435 veniuntur
2403 3382 2488 3436 illa
2531 3371 2711 3437 Omnia
2756 3397 2875 3453 quae
2913 3370 3419 3463 continentiﬁdem,
3467 3393 3648 3435 mores

2073 3471 2307 3536 vivendi,
2335 3487 2483 3541 spem
2526 3472 2732 3528 scilicet
2770 3481 2930 3542 atque
2970 3472 3329 3544 charitatem;
3352 3485 3493 3547 ._cum
3520 3485 3647 3527 vero

2074 3560 2212 3615 facta
2236 3562 2463 3632 quadam
2487 3561 2845 3618 familiaritate
2866 3578 2985 3616 cum
3010 3562 3319 3639 ipsaolingna
3342 3562 3646 3617 divinarum

2076 3648 2500 3722 Scripturarum,
2548 3652 2599 3705 in
2642 3667 2706 3707 ca
2750 3667 2869 3722 qua:
2913 3652 3139 3713 obseuea
3176 3660 3301 3705 sunt
3357 3651 3647 3721 aperienda

2075 3750 2130 3796 et
2172 3741 2499 3796 discutienda
2525 3783 2539 3808 ,
2588 3743 2912 3812 pergendum
2960 3750 3144 3803 est-ut
3189 3744 3256 3795 ad
3302 3740 3647 3796 obscuriores

2074 3831 2369 3889 locutiones
2415 3833 2779 3897 illustrandas,
2822 3832 2887 3887 de
2933 3818 3394 3887 manifestioribus
3429 3845 3648 3886 suman-

2074 3933 2162 3979 tur
2199 3925 2481 3995 exempla,
2544 3933 2598 3979 et
2651 3924 2892 3994 qumdam
2938 3921 3209 3995 certarum
3255 3925 3645 3979 sententiarum

2076 4015 2395 4080 testimonia,
2426 4015 2811 4069 dubitationem
2847 4016 3011 4070 certis
3048 4014 3320 4079 auferant,
3357 4014 3556 4091 inqua
3586 4029 3647 4069 re

2074 4104 2330 4158 memoria
2350 4103 2493 4157 valet
2517 4104 2822 4174 plurimum,
2845 4118 2964 4172 quae
2988 4104 3032 4158 si
3058 4102 3306 4169 defuerit,
3332 4105 3443 4157 "non
3469 4111 3647 4175 potest

2072 4194 2157 4248 liis
2182 4194 2461 4265 praeceptis
2487 4193 2622 4248 dari.

2258 4286 2259 4289 “
2662 4284 2885 4341 CAPUT
2924 4283 3054 4340 Vlll.

2132 4374 2281 4430 Unde
2309 4376 2365 4444 ﬁt
2402 4376 2671 4447 quodnon
2699 4374 3060 4447 intelliguntur
3082 4391 3198 4446 qua:
3222 4375 3417 4450 scripto
3444 4383 3582 4428 sunt.

2146 4465 2359 4519 Duabus
2386 4475 2563 4520 autem
2586 4466 2763 4520 causis
2786 4481 2891 4519 non
2916 4465 3285 4536 intelliguntur
3304 4480 3423 4534 qum
3443 4465 3641 4534 scripta

2077 4564 2222 4618 sunt,
2255 4558 2296 4610 si
2328 4565 2419 4610 aut
2448 4558 2661 4627 ignotis,
2692 4565 2782 4611 aut
2811 4557 3073 4627 ambiguis
3100 4556 3267 4627 signis
3294 4556 3638 4624 obteguntur.

2078 4643 2214 4698 Sunt
2241 4655 2416 4699 autem
2450 4646 2597 4717 signa
2624 4647 2844 4720 propria
2877 4645 2959 4700 vel
2991 4645 3269 4701 translata.
3310 4644 3534 4713 Propria
3566 4644 3644 4697 di-

2076 4744 2287 4798 cuntur,
2318 4751 2437 4788 eum
2465 4736 2547 4790 his
2572 4737 2730 4790 rebus
2758 4736 3121 4806 significandis
3148 4735 3490 4798 adhibentur,
3519 4750 3643 4803 pro—

2076 4832 2195 4893 pter
2220 4840 2353 4893 quas
2383 4834 2505 4879 sunt
2544 4826 2784 4880 instituta
2804 4867 2817 4891 ,
2862 4828 3006 4881 sicut
3032 4826 3258 4881 dicimus
3286 4826 3477 4879 bovem
3517 4840 3640 4879 cum

2074 4904 2415 4985 intelligimus
2457 4932 2654 4985 pecus,
2711 4917 2851 4987 quod
2898 4933 3086 4971 omnes
3126 4914 3404 4969 nobiscum
3436 4914 3641 4970 Latina:

2070 5004 2263 5077 linguae
2293 5006 2531 5061 homines
2565 5008 2664 5061 hoc
2695 5007 2908 5063 nomine
2936 5016 3147 5061 vocant.
3183 5005 3461 5073 Translata
3492 5016 3639 5073 sunt,

2074 5108 2191 5146 cum
2231 5101 2285 5147 et
2320 5094 2445 5162 ipsze
2484 5110 2571 5149 res
2612 5112 2747 5164 quas
2778 5096 3007 5165 propriis
3037 5095 3217 5150 verbis
3247 5095 3637 5166 signiﬁcamus,

2074 5188 2139 5240 ad
2190 5187 2385 5257 aliquid
2434 5188 2575 5241 aliud
2626 5187 3032 5258 significandum
3084 5196 3443 5257 usurpantur,
3498 5188 3642 5243 sicut

2072 5276 2296 5331 dicimus
2348 5278 2535 5332 bovem
2567 5320 2580 5343 ,
2637 5286 2690 5331 et
2743 5293 2837 5347 per
2884 5277 2979 5332 has
3028 5277 3161 5332 duas
3205 5277 3434 5349 syllabas
3481 5278 3639 5332 intel-

2068 5373 2277 5443 ligimus
2319 5389 2507 5441 pecus,
2558 5371 2697 5441 quod
2745 5371 2847 5425 isto
2894 5373 3108 5440 nomine
3156 5372 3409 5441 appellari
3461 5371 3620 5433 solet;

2070 5465 2161 5519 sed
2208 5481 2394 5519 rursus
2444 5481 2540 5533 per
2587 5462 2712 5517 illud
2763 5479 2928 5531 pecus
2973 5464 3317 5533 intelligimus
3365 5460 3640 5530 evangeli~

2070 5569 2204 5611 stam
2231 5573 2385 5627 quem
2414 5556 2733 5626 signiﬁcavit
2763 5555 3059 5626 Scriptura,
3090 5557 3475 5624 interpretante
3499 5553 3640 5622 Apo-

2070 5648 2206 5703 stolo
2242 5657 2296 5703 ct
2327 5648 2573 5703 dicente:
2614 5646 2800 5701 Bovem
2841 5648 3169 5702 trilurautcm
3214 5661 3315 5699 non
3355 5639 3637 5711 iufrcnabia
