3968 6388
327 282 430 342 335
1090 279 1180 337 ne
1214 274 1659 336 CLERlCORUM
1692 273 2172 333 INSTITUTIONE
2233 278 2384 335 mc.
2426 310 2493 321 -
2530 246 2657 337 ιω.
2700 283 2788 339 Ill.
3456 286 3561 344 τ)εά

325 395 376 467 (ι
401 394 525 451 εον,
549 402 649 470 ιχ),
686 395 764 450 Ad
790 398 1007 464 propria
1038 399 1216 446 autem
1247 391 1394 459 signa
1424 389 1691 460 pertinent
1717 385 1902 450 verba,
1934 386 1981 446 Λ
2008 404 2168 457 quam
2205 389 2312 443 vim
2350 390 2573 458 habeat,
2616 394 2850 463 quidque
2880 396 3145 466 significet
3171 402 3311 468 quod
3346 404 3564 470 ignora-

323 502 445 558 qute
477 499 699 555 prorsus
728 484 868 537 inter
894 480 1138 536 homines
1168 480 1514 535 obtinuerunt
1540 479 1897 550 principatum
1997 494 2118 533 mus
2139 520 2153 544 ,
2198 478 2354 537 facile
2385 482 2671 552 adjuvante
2698 484 2958 537 memoria
2992 484 3259 554 possimus
3287 489 3567 545 advertere

323 572 694 647 significandi,
738 585 1059 642 quocunque
1090 570 1269 625 animo
1302 571 1696 642 concipiuntur,
1742 571 1787 625 si
1833 584 1897 624 ea
1946 643 1949 646 ν
1996 580 2052 625 et
2077 571 2300 626 discere.
2337 572 2503 628 Debet
2529 581 2705 629 autem
2744 574 2981 636 studere.
3011 575 3056 629 is
3099 574 3190 645 qui
3226 579 3566 646 propriorum

324 664 555 734 quisque
583 662 810 733 prodere
836 660 984 716 velit.
1022 652 1130 716 Sed
1158 660 1283 731 quia
1310 660 1592 716 verberato
1625 676 1750 717 aere
1781 670 1895 715 sta-
1994 661 2271 731 signorum
2301 664 2505 731 peritus
2533 678 2653 718 esse
2682 664 2818 729 vult,
2853 663 2905 718 id
2936 673 3041 739 est,
3071 673 3329 733 quantum
3359 667 3423 720 ad
3455 681 3571 721 ser-

326 754 424 810 tim
455 760 757 820 transeunt,
789 768 889 809 nec
916 753 1116 809 diutius
1142 759 1360 807 manent
1388 766 1547 821 quam
1574 761 1787 817 sonant,
1817 753 1900 807 in-
1996 770 2186 811 mones
2212 756 2446 825 pertinet
2467 797 2480 820 ,
2516 765 2575 810 ut
2604 765 2657 811 et
2685 765 2891 811 certam
2921 764 3209 827 cognoscat
3235 759 3343 811 vim
3375 758 3569 813 verbo-

326 848 517 903 stituta
544 855 670 901 sunt
696 858 791 916 per
813 843 1023 900 litteras
1050 844 1202 915 signa
1227 844 1517 898 verborum
1555 850 1610 897 et
1645 842 1715 896 ita
1743 858 1899 898 vocrs
1997 863 2137 912 rum,
2170 858 2224 901 et
2251 830 2527 917 proprium
2556 848 2693 901 sciat
2722 847 2939 901 modum
2970 846 3330 911 locutionum,
3367 848 3508 917 quod
3538 862 3569 900 a

326 940 501 997 oculis
537 939 909 1003 ostenduntur,
940 934 1057 993 non
1094 952 1192 1010 per
1228 936 1457 1006 seipsas,
1496 934 1589 990 sed
1625 946 1723 1004 per
1749 935 1899 1004 signa
1997 935 2365 1009 grammaticis
2406 947 2460 994 et
2498 940 2808 995 rhetoribus
2846 955 2953 995 non
2994 939 3335 996 mediocriter
3364 941 3573 996 discere

328 1033 576 1103 quaedam
612 1046 729 1087 sua.
778 1030 884 1085 ista
912 1030 1063 1102 signa
1093 1044 1221 1101 ergo
1270 1043 1377 1082 non
1425 1033 1727 1098 potuerunt
1754 1041 1901 1081 com-

310 1120 513 1176 .munia
552 1134 672 1176 esse
708 1118 956 1174 omnibus
984 1117 1247 1191 gentibus,
1279 1126 1502 1186 peccato
1530 1115 1761 1185 quodam
1796 1116 1902 1171 dis-

306 1206 600 1274 sensionis
627 1210 875 1267 humanae
895 1250 910 1275 ,
957 1216 1080 1264 cum
1112 1210 1179 1264 ad
1207 1223 1264 1264 se
1291 1209 1514 1278 quisque
1542 1208 1899 1278 principatum

304 1298 669 1373 .rapitgcujns
694 1299 1197 1369 superbire‘signum
1225 1306 1308 1353 est
1331 1307 1511 1355 erecta
1542 1298 1626 1352 illa
1654 1299 1818 1354 turris
1848 1300 1899 1353 in

1999 1030 2112 1101 (qui
2142 1031 2274 1103 vult)
2301 1031 2463 1087 valet.

2611 1120 2837 1177 CAPUT
2876 1120 2943 1176 Χ.

2470 1211 2545 1265 De
2579 1212 2851 1267 translatis
2891 1212 3100 1282 ignotis.

2069 1302 2125 1355 ln
2166 1304 2444 1358 translatis
2472 1319 2603 1358 vero
2630 1304 2831 1373 signis,
2865 1300 2915 1357 'si
2961 1318 3063 1372 qua
3096 1300 3233 1356 forte
3265 1302 3445 1372 ignota
3481 1318 3575 1358 co-

329 1391 526 1457 coelum
547 1426 563 1455 .
591 1389 697 1473 αξὴί
728 1389 973 1445 homines
999 1388 1150 1457 impii
1180 1403 1285 1443 non
1316 1388 1487 1444 solum
1519 1390 1762 1455 animos,
1808 1391 1901 1446 sed
2001 1404 2130 1462 gunt
2176 1396 2381 1450 hmrere
2430 1396 2719 1462 lectorem,
2768 1398 2968 1467 partim
3010 1396 3313 1466 linguarum
3349 1397 3537 1451 notitia
3559 1439 3574 1462 ,

329 1485 504 1542 etiam
521 1482 957 1547 vocesdissonas
986 1480 1186 1536 habere
1214 1490 1541 1537 meruerunt.
1586 1480 1690 1536 Sed
1732 1482 1900 1554 gratia
1978 1483 2196 1553 ~partim
2237 1500 2436 1551 rerum,
2483 1485 2851 1556 investiganda
2887 1494 3032 1541 sunt.
3072 1485 3289 1555 Aliquid
3326 1487 3467 1541 enim
3509 1488 3577 1541 ad

330 1572 425 1629 Dei
456 1564 880 1642 misericorditer
908 1572 1180 1643 provisum
1207 1581 1308 1638 est,
1340 1581 1397 1627 ut
1421 1572 1698 1642 Scriptura
1724 1574 1905 1630 divina
2002 1571 2405 1627 similitudinem
2433 1574 2604 1637 valet,
2634 1583 2688 1628 et
2716 1575 2901 1642 procul
2932 1574 3093 1629 dubio
3123 1584 3389 1629 secretum
3419 1577 3575 1647 quid-

330 1679 451 1734 qure
482 1665 538 1719 in
565 1665 737 1735 prima
766 1660 855 1719 illa
885 1664 1063 1733 lingua
1086 1687 1113 1729 ,ι
1137 1678 1240 1733 qua
1278 1662 1521 1718 homines
1548 1664 1707 1734 primi
1736 1663 1898 1719 locuti
1928 1731 1961 1735 _
2002 1663 2124 1717 dam
2154 1663 2389 1718 insinuat
2420 1663 2564 1719 Siloa
2593 1666 2822 1734 piscina,
2851 1666 2938 1719 ubi
2969 1664 3158 1719 faciem
3190 1666 3370 1720 lavare
3393 1666 3581 1733 jussus

332 1731 458 1809 sunt
490 1731 769 1826 'primitus'
787 1731 1092 1823 conscripta
1120 1731 1230 1820 est,
1272 1754 1341 1807 ab
1370 1754 1482 1823 ipsa
1510 1731 1607 1823 pi3r
1636 1754 1783 1809 varia
1812 1754 1898 1807 in-
1926 1731 1974 1791 Β
2001 1762 2083 1809 est
2108 1755 2195 1809 cui
2220 1756 2403 1810 oculos
2430 1731 2684 1812 Dominus
2711 1757 2822 1809 luto
2852 1758 2916 1811 de
2942 1766 3096 1826 sputo
3126 1756 3268 1811 facto
3290 1731 3577 1827 junierat;

331 1854 630 1916 terpretum
659 1844 830 1901 oﬁicia
874 1844 941 1899 ad
982 1843 1231 1899 notitiam
1267 1843 1542 1898 hominum
1580 1841 1900 1910 deferretur,
2002 1846 2144 1916 quod
2182 1854 2359 1900 tamen
2398 1862 2592 1901 nomen
2640 1845 2834 1916 linguae
2881 1833 3167 1917 incognitae
3210 1846 3311 1902 nisi
3350 1863 3581 1920 evange-

332 1953 401 1992 ne
440 1938 677 1993 humana
716 1928 934 1992 miseria
966 1934 1108 1992 fame
1135 1934 1285 1991 verbi
1323 1934 1417 1989 Dei
1455 1935 1737 2000 deficiens,
1789 1936 1905 1990 sine
2002 1935 2125 1991 lista‘
2157 1937 2537 2006 interpretatus
2566 1946 2746 2001 esset,
2797 1946 2973 1993 tamen
3014 1954 3237 2010 magnus
3274 1924 3581 1996 intellectus

333 2030 573 2085 remedio
602 2029 655 2084 in
692 2036 952 2084 :eternum
982 2027 1212 2098 periret,
1242 2034 1456 2080 servato
1486 2034 1661 2079 tamen
1691 2025 1911 2091 ordine,

331 2139 492 2194 quem
536 2125 768 2179 maxime
804 2137 974 2178 canon
1020 2122 1231 2177 invenit
1268 2121 1460 2175 harum
1503 2118 1902 2187 Scripturarum

333 2214 437 2269 illis
466 2215 638 2269 tribus
668 2214 886 2285 linguis,
905 2228 1032 2294 qua;
1057 2213 1111 2267 in
1138 2227 1299 2268 cruce
1328 2210 1683 2279 redemptoris
1709 2217 1763 2263 et
1790 2207 1905 2265 Sal-

331 2307 538 2361 vatoris
558 2306 727 2362 nostri
750 2306 1005 2361 dedicatae
1026 2313 1169 2371 sunt,
1192 2304 1414 2359 Hebrma
1436 2302 1701 2363 videlicet,
1718 2300 1903 2355 Grteca

330 2406 386 2454 et
413 2397 638 2462 Latina,
670 2396 736 2451 ad
768 2394 1145 2452 insinuandam
1174 2400 1374 2450 saneta:
1405 2391 1687 2446 Trinitatis
1712 2390 1899 2455 fidem,

332 2487 386 2543 in
428 2486 605 2556 tribus,
638 2485 825 2542 mundi
852 2483 1106 2555 partibus
1142 2482 1415 2553 tripartito
1451 2482 1687 2535 humano
1720 2478 1904 2550 generi

330 2576 701 2647 principaliter
720 2575 1110 2640 commendari,
1132 2582 1193 2629 ut
1217 2589 1278 2629 ex
1308 2574 1394 2629 his
1418 2587 1749 2642 unaquaeque
1773 2585 1904 2640 gens

330 2673 384 2719 et
410 2665 560 2719 natio
587 2666 817 2736 propria:
853 2664 1049 2734 linguae
1089 2662 1414 2719 adminiculo
1440 2660 1770 2717 intellectum
1801 2659 1904 2715 sibi

329 2753 600 2813 salubrem
633 2760 957 2823 attraheret,
1002 2756 1409 2828 interpretando
1452 2772 1515 2811 ac
1554 2754 1905 2825 colloquendo

329 2865 546 2905 sensum
601 2849 847 2905 eumdem
897 2849 1214 2905 canonicum
1264 2848 1496 2919 propriis
1540 2848 1741 2903 verbis.
1796 2845 1904 2903 Sed

329 2940 453 3009 quia
485 2938 855 3010 praediximus,
881 2940 1021 3009 quod
1066 2946 1161 2993 aut
1189 2939 1241 2993 in
1269 2938 1465 3009 ignotis
1492 2936 1688 3007 signis,
1716 2942 1809 2990 aut
1846 2935 1903 2989 in

329 3030 599 3099 ambiguis
624 3032 856 3085 haereret
885 3030 1207 3096 intellectus,
1236 3038 1295 3084 ut
1322 3045 1426 3084 non
1454 3027 1610 3084 facile
1634 3028 1903 3098 intellige-

330 3128 519 3177 rentur
544 3135 661 3189 qua:
690 3120 889 3189 scripta
918 3128 1060 3185 sunt,
1093 3120 1159 3176 de
1186 3119 1449 3191 ambiguis
1474 3119 1641 3189 signis
1670 3126 1789 3188 post
1819 3118 1897 3174 lo-

328 3223 577 3279 quemur,
625 3225 766 3271 nunc
808 3210 873 3277 de
914 3208 1199 3279 incognitis
1246 3207 1475 3279 agimus.
1527 3206 1701 3277 Agere
1747 3206 1893 3261 enim

328 3297 693 3363 decrevimus,
740 3307 801 3353 ut
848 3298 894 3353 si
938 3298 1195 3363 Dominus
1221 3295 1379 3355 vellet
1400 3338 1430 3367 ,ι
1464 3313 1797 3368 quaecunque
1838 3300 1893 3352 in

325 3388 597 3458 pnedictis
623 3387 830 3443 duobus
857 3388 1022 3459 signis
1051 3390 1353 3445 necessaria
1381 3402 1559 3445 essent
1585 3391 1653 3444 ad
1679 3391 1891 3445 discen-

327 3479 453 3534 dum
504 3480 678 3547 nobis,
727 3480 1017 3535 distributo
1062 3481 1249 3557 ordine
1296 3481 1562 3550 modoque
1610 3480 1890 3549 disposito,

326 3578 588 3638 quantum
617 3584 897 3639 possemus
924 3572 1407 3635 conscriberemus,
1427 3571 1569 3627 unde
1590 3568 1891 3640 Oportebat,

326 3666 388 3713 ut
415 3660 480 3715 de
508 3660 703 3730 ignotis
733 3660 963 3730 propriis
994 3661 1161 3732 signis
1187 3668 1305 3731 post
1335 3674 1646 3731 ageremus,
1685 3659 1739 3713 in
1772 3659 1892 3730 qui-

326 3750 428 3805 bus
456 3751 609 3805 radix
656 3760 712 3805 et
754 3752 968 3806 initium
1001 3750 1239 3813 discendi
1274 3751 1540 3806 consistit.
1592 3750 1795 3804 Deinde
1829 3750 1895 3805 de

326 3838 519 3915 ignolis
554 3841 824 3915 translatis
844 3881 857 3904 ,
902 3841 953 3894 in
984 3842 1177 3909 quibus
1205 3841 1471 3896 subtilitas
1503 3848 1556 3893 et
1583 3840 1785 3895 utilitas
1812 3838 1890 3894 le-

324 3934 519 3992 ctionis
544 3922 788 3999 habetur,
818 3937 997 4003 postea
1025 3944 1153 3983 vero
1178 3929 1242 3983 de
1266 3928 1530 3999 ambiguis
1553 3928 1741 3998 signis,
1760 3943 1894 3997 apro-

324 4024 458 4095 priis
487 4032 647 4095 atque
675 4023 983 4088 translatis,
1018 4018 1211 4092 quibus
1240 4020 1305 4073 ad
1335 4032 1527 4088 purum
1559 4017 1789 4080 elicitis,
1836 4023 1893 4071 et

324 4114 617 4185 secundum
643 4115 925 4171 veritatem
967 4114 1228 4180 inventis,
1256 4108 1493 4168 ﬁrmitas
1522 4116 1577 4169 et
1610 4107 1890 4179 integritas

324 4202 570 4261 lectionis
598 4213 905 4276 generatur.

928 4295 1155 4355 CAPUT
1174 4296 1282 4352 .lX.

840 4391 917 4447 De
952 4392 1143 4463 ignotis
1180 4392 1361 4464 signis.

1922 3072 1972 3137 C

1906 4421 1963 4483 D

2000 2028 2211 2083 lateret.
2261 2028 2351 2083 Sic
2378 2030 2538 2083 etiam
2570 2029 2736 2083 multa
2766 2046 2885 2099 qua:
2924 2030 3007 2083 ab:
3028 2030 3339 2086 auctoribus
3363 2047 3579 2087 eorum-

2001 2118 2123 2173 dem
2147 2118 2408 2173 librorum
2432 2120 2784 2189 interpretata
2808 2135 2913 2175 non
2938 2130 3062 2175 sunt
3084 2122 3302 2193 nomina
3331 2121 3575 2189 Hebrzea,

1973 2222 2108 2261 .non
2138 2216 2225 2262 est
2261 2208 2613 2263 dubitandum
2646 2210 2846 2264 habere
2882 2226 2987 2264 non
3018 2226 3241 2281 parvam
3273 2213 3377 2266 vim
3415 2216 3578 2284 atque

2002 2295 2324 2363 adjutorium
2356 2298 2421 2351 ad
2452 2298 2706 2352 solvenda
2741 2299 3025 2369 aenigmata
3053 2286 3457 2372 Scripturarum
3477 2344 3492 2370 ,
3532 2306 3579 2362 si

2002 2386 2124 2454 quis
2151 2402 2214 2441 ea
2244 2388 2416 2455 possit
2454 2389 2818 2457 interpretari.
2872 2390 3023 2457 Quod
3062 2393 3304 2447 nonnulli
3339 2396 3579 2466 ejusdem

1958 2550 1963 2557 ~
2002 2477 2206 2547 lingua:
2227 2478 2381 2547 periti
2413 2478 2548 2545 viri,
2590 2495 2693 2534 non
2716 2496 2856 2547 sane
2882 2497 3107 2552 parvum
3136 2484 3454 2540 beneficium
3480 2503 3577 2558 po-

2004 2567 2163 2622 steris
2188 2567 2552 2635 contulerunt,
2578 2570 2668 2638 qui
2696 2580 2943 2640 separata
2973 2572 3036 2627 de
3064 2571 3361 2643 Scripturis
3387 2576 3578 2630 eadem

2002 2660 2183 2714 omnia
2228 2659 2393 2715 verba
2442 2661 2782 2732 interpretati
2832 2672 2990 2729 sunt;
3031 2672 3086 2719 et
3113 2666 3241 2735 quid
3273 2666 3344 2721 sit
3370 2666 3538 2722 Adam
3564 2710 3578 2735 ,

2003 2751 2130 2819 quid
2159 2751 2269 2807 Eva
2291 2793 2307 2819 ,
2333 2754 2462 2822 quid
2486 2754 2758 2810 Abraham
2778 2797 2793 2820 ,
2829 2756 2958 2825 quid
2990 2755 3230 2827 Moyses;
3273 2759 3386 2813 sive
3414 2760 3578 2814 etiam

2003 2841 2242 2899 locorum
2271 2844 2523 2911 nomina;
2562 2845 2688 2914 quid
2719 2846 3179 2914 sit_Hierusalem,
3202 2848 3285 2904 vel
3320 2848 3471 2916 Sion,
3497 2850 3582 2905 vel

2001 2929 2236 2998 Iericho,
2269 2932 2354 2987 vel
2382 2932 2638 2999 Libanus,
2680 2935 2764 2990 vel
2802 2934 3090 3002 Iordanis,
3141 2946 3198 2993 et
3248 2953 3582 3010 quacunque

2003 3022 2107 3080 alia
2137 3023 2189 3077 in
2222 3022 2310 3078 illa
2338 3023 2518 3095 lingua
2548 3026 2703 3083 nobis
2732 3036 2856 3083 sunt
2886 3028 3155 3100 incognita
3183 3031 3427 3097 nomina;
3461 3032 3581 3101 qui-

2000 3110 2100 3166 bus
2143 3113 2345 3180 apertis
2392 3120 2447 3168 et
2495 3114 2903 3184 interpretatis,
2953 3117 3135 3173 multm
3180 3119 3235 3173 in
3281 3117 3578 3191 Scripturis

2000 3200 2241 3271 figurate
2291 3201 2592 3259 locutiones
2641 3205 3074 3263 manifestantur.
3132 3208 3345 3263 Rerum
3396 3218 3581 3272 autem

1996 3290 2298 3361 ignorantia
2346 3292 2475 3347 facit
2524 3294 2783 3351 obscuras
2815 3297 3076 3367 figuratas
3116 3299 3414 3357 locutiones
3451 3317 3580 3359 cum

1996 3379 2306 3450 ignoramus
2334 3381 2417 3437 vel
2446 3384 2756 3442 animalium
2777 3425 2791 3451 ,
2831 3387 2916 3441 vel
2952 3386 3218 3457 lapidum,
3264 3381 3345 3445 vel
3375 3391 3573 3446 herba-

1996 3485 2115 3533 rum
2144 3479 2396 3539 naturas,
2438 3473 2733 3529 aliarumve
2758 3471 2939 3531 rerum
2960 3517 2975 3543 ,
3015 3493 3134 3547 quae
3165 3480 3484 3553 plerumque
3516 3483 3577 3540 in

1997 3559 2293 3631 Scripturis
2345 3564 2710 3621 similitudinis
2766 3567 2992 3638 alicujus
3038 3572 3216 3641 gratia
3270 3574 3567 3643 ponuntur.

1995 3651 2127 3707 Nam
2159 3662 2213 3710 et
2241 3657 2307 3709 de
2336 3663 2605 3725 serpente,
2640 3657 2781 3741 quod
2810 3666 2993 3714 notum
3025 3671 3140 3728 est,
3171 3660 3341 3719 tntum
3371 3668 3571 3737 corpus

1994 3758 2116 3800 eum
2148 3746 2247 3816 pro
2275 3748 2451 3817 capite
2478 3749 2715 3820 objicere
2753 3749 3412 3824 ferientibusrquantum
3452 3758 3573 3813 illu-

1994 3841 2131 3888 strat
2166 3850 2385 3892 sensum
2415 3836 2565 3892 illum
2583 3878 2597 3901 ,
2640 3853 2747 3907 quo
2776 3838 3033 3896 Dominus
3055 3841 3209 3912 jubet
3238 3853 3446 3901 astutos
3474 3862 3573 3903 nos

1991 3939 2110 3979 esse
2138 3925 2279 3980 sicut
2306 3935 2584 3997 serpentes
2608 3967 2623 3990 ,
2675 3934 2735 3981 ut
2768 3927 2975 3982 scilicet
3009 3943 3108 3999 pro
3139 3931 3317 4001 capite
3358 3943 3567 4001 nostro,

1991 4014 2133 4081 quod
2178 4022 2265 4069 est
2305 4015 2587 4082 Christus,
2639 4020 2836 4087 corpus
2884 4018 3063 4087 potius
3097 4022 3567 4092 persequentibus

1990 4101 2302 4168 offeramus,
2324 4111 2415 4159 'ne
2458 4103 2591 4159 fides
2618 4105 2929 4161 Christiana
2966 4114 3224 4177 tanquam
3254 4107 3483 4165 necetur
3513 4111 3567 4165 in

1988 4190 2169 4254 nobis,
2197 4191 2245 4245 si
2272 4199 2555 4261 parcentes
2584 4194 2832 4262 corpori,
2869 4197 3344 4265 negemusDeum.
3381 4198 3474 4255 Vel
3506 4201 3574 4256 il~.

1988 4280 2078 4335 lud
2104 4282 2243 4351 quod
2266 4298 2634 4352 per-cavernae
2662 4285 2938 4355 angustias
2965 4297 3295 4354 coarctatus,
3322 4280 3567 4361 (ἱεροείιῇ

1990 4372 2159 4426 veteri
2184 4372 2382 4433 tunica,
2406 4380 2584 4429 vestes
2607 4388 2774 4429 novas
2798 4375 3040 4445 accipere
3064 4377 3281 4443 dicitur,
3304 4390 3566 4449 quantum

393 4476 699 4559 ignotorum
750 4489 928 4548 autem
975 4460 1253 4552 panormi.
1304 4480 1420 4536 δαῖε
1472 4479 1657 4537 forma,
1711 4489 1837 4536 sum
1867 4520 1881 4546 ,
1988 4460 2228 4559 concinit
2272 4461 2711 4559 adoimitandam
2751 4465 2922 4559 ipsam
2955 4468 3571 4559 serpentisastutiam-,'

320 4560 585 4638 quantum
626 4569 695 4625 ad
734 4570 898 4624 verba
925 4571 1194 4640 pertinet;
1243 4584 1475 4640 namque
1516 4580 1607 4625 aut
1643 4572 1881 4641 ignotum

311 4651 554 4736 verbum’
579 4657 710 4713 facit
740 4658 946 4713 haerere
975 4657 1230 4713 lectorem
1253 4698 1267 4723 ,
1313 4666 1407 4713 aut
1450 4659 1627 4728 ignota
1661 4660 1879 4715 locutio.

318 4745 451 4814 Qum
487 4746 536 4802 si
567 4762 633 4802 ex
661 4741 779 4802 aliis
806 4746 1009 4817 linguis,
1024 4747 1279 4811 veniunt,
1312 4755 1403 4801 aut
1434 4746 1720 4818 quaerentia
1758 4756 1883 4803 sunt

316 4837 384 4892 ab
413 4851 601 4891 earum
638 4837 937 4911 linguarum
974 4838 1300 4903 hominibus,
1330 4846 1423 4893 aut
1449 4838 1627 4907 lingua
1657 4840 1844 4895 eadem
1862 4878 1876 4902 ,

313 4927 363 4983 si
392 4937 449 4982 et
472 4927 640 4981 otium
666 4912 761 4983 est
774 4935 828 4982 et
855 4927 1125 4997 ingenium
1150 4927 1455 4993 ediscenda,
1478 4936 1569 4983 aut
1593 4928 1881 4998 plurimum

314 5018 676 5086 interpretum
721 5016 1043 5078 consulenda
1090 5017 1323 5073 collatio.
1380 5017 1438 5073 Si
1487 5028 1665 5075 autem
1716 5018 1921 5091 ipsius.

312 5105 516 5176 lingua:
545 5114 775 5173 nostrae,
802 5107 856 5162 id
881 5116 965 5162 cst
993 5107 1197 5163 Latinae
1216 5148 1231 5175 ,
1263 5108 1439 5178 aliqua
1469 5108 1883 5164 verba‘locutio-
1909 5122 1913 5125 λ

314 5208 526 5265 aesque
552 5194 858 5265 ignoramus
880 5234 899 5263 ,
942 5196 1149 5267 legendi
1187 5199 1572 5255 consuetudine
1602 5182 1880 5254 audiendi-

314 5299 423 5356 que
454 5284 814 5349 innotescunt.
863 5284 1017 5342 Nulla
1052 5303 1185 5344 sane
1216 5296 1341 5344 sunt
1377 5289 1546 5360 magis
1575 5287 1879 5343 mandanda

260 5372 263 5375 “
314 5373 611 5445 memoriae,
629 5388 791 5445 quam
817 5374 904 5429 illa
924 5377 1211 5433 verborum
1232 5377 1661 5447 locutionumque
1682 5393 1879 5450 genera

317 5476 441 5531 qua
471 5463 804 5533 ignoramus,
846 5470 904 5517 ut
931 5478 1051 5537 cum
1080 5464 1305 5532 peritior
1331 5467 1660 5532 occurrerit,
1710 5467 1775 5521 de
1813 5479 1879 5523 eo

319 5551 485 5620 quaeri
512 5544 698 5623 possit,
721 5552 804 5608 vel
827 5552 945 5607 talis
977 5551 1152 5623 lectio,
1184 5570 1301 5623 quae
1323 5553 1405 5610 vel
1433 5556 1874 5624 pieecedentibus,

317 5639 405 5713 vel
435 5643 898 5722 consequentibus,
926 5643 1160 5700 velocius
1184 5642 1289 5715 [vel
1319 5645 1577 5717 utrisque]
1605 5646 1875 5715 ostendat,

1988 4554 2401 4623 exuendumque
2433 4559 2665 4631 veterem
2697 4554 2969 4611 hominem
2999 4557 3140 4613 sicut
3164 4557 3456 4630 Apostolus
3484 4564 3565 4619 di-

1987 4643 2060 4699 cit
2083 4684 2113 4707 ,
2151 4653 2209 4697 ut
2252 4644 2540 4698 induamur
2574 4660 2703 4700 nouo
2733 4642 2877 4718 (Cal.
2898 4644 3014 4712 ml,
3039 4654 3093 4703 et
3124 4649 3430 4704 exeundum
3466 4667 3564 4722 per

1987 4736 2261 4807 angustias
2311 4736 2523 4793 dicente
2570 4728 2838 4803 Domino,
2893 4738 3097 4795 Intrate
3148 4757 3241 4809 per
3287 4753 3564 4812 angustam

1984 4837 2189 4895 portam
2218 4824 2430 4896 (Matth.
2451 4823 2577 4897 vn).
2602 4826 2674 4883 Ut
2694 4841 2823 4897 ergo
2848 4827 3036 4882 notitia
3062 4835 3270 4882 naturae
3297 4831 3564 4899 serpentis
3603 4854 3606 4857 ν

1988 4917 2222 4972 illustrat
2248 4914 2444 4970 multas
2459 4915 2863 4981 similitudines,
2896 4932 3033 4986 quas
3058 4916 3123 4971 de
3153 4917 3255 4972 hoc
3281 4918 3561 4975 animante

1989 4992 2269 5079 Scriptura
2309 5007 2435 5062 dare
2472 5006 2784 5071 consuevit,
2822 5005 2901 5061 sic
2938 5006 3240 5075 ignorantia
3268 5009 3569 5066 nonnullov,

1986 5118 2107 5159 rum
2138 5100 2478 5165 animalium,
2524 5114 2644 5169 qua:
2684 5113 2791 5154 non
2835 5098 3015 5154 minus
3051 5114 3150 5169 per
3184 5100 3562 5158 similitudines

1986 5182 2405 5255 commemorat,
2437 5188 2661 5257 impedit
2686 5187 2977 5257 plurimum
3007 5189 3419 5247 i'ntellectorem.
3466 5191 3559 5249 Sic

1984 5282 2243 5353 lapidum,
2271 5280 2349 5335 sic
2376 5280 2685 5345 herbarum,
2714 5279 2797 5335 vel
2822 5289 3331 5349 quasquetenentur
3357 5280 3559 5337 radici-

1981 5374 2102 5429 bus.
2148 5370 2281 5426 Nam
2320 5378 2377 5425 et
2411 5369 2725 5435 carbunculi
2758 5370 2947 5431 notitia
2975 5372 3118 5439 quod
3147 5370 3290 5426 lucet
3317 5370 3371 5427 in
3404 5378 3555 5426 tenet-1

1979 5466 2117 5530 bris,
2141 5464 2309 5523 multa
2340 5462 2608 5518 illuminat
2637 5472 2802 5517 etiam
2830 5461 3057 5517 obscura
3095 5462 3354 5519 librorum
3374 5502 3391 5528 ,
3429 5463 3561 5518 ubio‘

1980 5570 2192 5625 cunque
2218 5561 2438 5624 propter
2462 5552 2864 5607 similitudinem
2895 5553 3153 5621 ponitur;
3172 5559 3229 5605 et
3251 5551 3561 5621 ignorantia

1978 5648 2165 5719 berylli
2190 5645 2273 5703 vel
2299 5644 2599 5702 adamantis
2627 5644 2824 5701 claudit
2848 5643 3159 5714 plerumque
3188 5640 3554 5717 intelligentia
