3968 6342
388 414 491 472 387

1018 402 1077 455 ll.
1116 395 1365 458 RABANI
1404 392 1620 469 HAUPJ
1657 387 1952 447 AﬂCﬂlEP

2056 383 2319 443 [OGUNT.
2362 384 2643 439 OPERUM
2679 384 2857 439 PARS
2893 385 2933 439 Ι.

3502 387 3607 443 533

384 524 549 579 fores.
608 513 717 574 Nec
745 516 902 572 aliain
942 513 1011 568 ob
1053 524 1269 567 causam
1315 504 1471 561 facile
1517 510 1601 559 est
1647 500 1942 568 intelligere
1969 499 2016 557 Λ
2045 498 2333 553 videretur.
2363 494 2454 548 Sic
2473 510 2601 564 ergo
2622 495 3054 564 distinguendum
3078 502 3180 560 est,
3202 504 3250 549 et
3275 494 3400 565 quid
3424 496 3609 565 eligam

332 606 335 607 ⁷
377 624 573 684 pacem
611 612 921 678 perpetuam
959 598 1251 672 signiﬁcari
1294 595 1447 661 olivas
1490 590 1733 684 ramulo,
1784 604 1944 684 quem

381 673 907 759 iediens—ad—hrcam
933 692 1177 749 columba
1210 684 1463 758 pertulit,
1510 683 1613 738 nisi
1638 682 1769 750 quia
1794 673 1945 735 novi-

383 807 509 848 .mus
526 799 582 847 et
596 789 697 859 olei
714 788 891 843 lenem
906 790 1207 839 contactum
1225 792 1331 833 non
1351 774 1506 831 facile
1525 773 1700 829 alieno
1723 774 1946 827 humore

382 882 698 952 corrumpi,
741 889 796 936 et
843 878 1085 932 arborem
1134 872 1303 940 ipsam
1332 868 1582 922 frondere
1613 862 1942 934 perenniter.

392 974 540 1029 Multi
574 982 751 1027 autem
783 983 881 1039 per
918 962 1274 1035 ignorantiam
1300 958 1517 1031 hyssopi
1548 956 1672 1012 dum
1701 954 1949 1009 nesciunt

381 1080 551 1137 quam
580 1062 686 1116 vim
729 1059 955 1121 habeat,
999 1054 1084 1110 vel
1124 1054 1191 1109 ad
1233 1050 1564 1122 purgandum
1604 1046 1944 1137 pulmonem,

389 1132 473 1211 vel
506 1154 572 1209 ad
608 1168 733 1207 saxa
779 1149 1047 1204 radicibus
1092 1142 1422 1216 penetranda
1448 1181 1461 1205 ,
1516 1153 1637 1193 cum
1675 1136 1743 1191 sit
1780 1132 1946 1189 herba

385 1246 568 1301 brevis
593 1254 752 1313 atque
781 1235 1030 1305 humilis,
1076 1236 1294 1292 omnino
1324 1230 1561 1286 invenire
1591 1242 1695 1281 non
1723 1228 1947 1295 possunt

382 1351 556 1405 quare
585 1336 656 1391 sit
680 1334 915 1389 dictum:
945 1330 1193 1399 Asperges
1222 1341 1301 1378 me
1336 1324 1555 1392 hyssopo
1585 1327 1631 1372 et
1658 1314 1948 1370 mundabor

388 1423 565 1501 (Psal.
595 1426 669 1497 ι).
721 1424 1073 1485 Numerorum
1098 1417 1257 1473 etiam
1286 1411 1550 1482 imperitia
1572 1449 1587 1475 ,
1628 1414 1683 1463 et
1712 1407 1947 1501 mnsit-sap

392 1496 722 1574 rumrcrum
762 1510 1091 1584 ignorantia,
1140 1507 1305 1562 multa
1352 1503 1555 1585 faciunt
1584 1513 1688 1554 non
1725 1496 1948 1577 intelligi

389 1606 643 1666 translate
670 1620 733 1659 ac
761 1602 960 1658 musice
995 1599 1167 1669 posita
1205 1591 1271 1650 in'
1297 1591 1624 1662 Scripturis;
1656 1589 1723 1644 de
1752 1588 1949 1657 quibus

382 1672 601 1768 quando
630 1695 694 1750 de
718 1692 940 1764 singulis
963 1687 1253 1758 disciplinis
1279 1682 1687 1753 disputabimus,
1714 1678 1949 1750 apertius

388 1789 765 1851 disseremus,
794 1782 860 1839 tle
887 1780 1148 1850 ambiguis
1175 1793 1315 1832 nunc
1341 1774 1555 1829 dicturi.

985 1890 1207 1949 CAPUT
1246 1888 1335 1942 XI.

608 1968 684 2023 De
710 1964 963 2035 ambiguis
989 1963 1149 2032 signis
1176 1957 1432 2030 quomodo
1460 1964 1719 2011 constant.

456 2060 794 2130 Ambiguitas
828 2044 1003 2111 autem
1035 2053 1359 2121 Scriptum,
1399 2057 1489 2103 aut
1531 2049 1583 2102 in
1614 2049 1794 2103 verbis
1821 2063 1947 2118 pro-

388 2152 519 2224 priis
548 2158 660 2215 est,
700 2155 790 2203 aut
820 2147 872 2201 in
902 2143 1198 2199 translatis.
1247 2140 1352 2195 Sed
1380 2155 1503 2194 cum
1533 2140 1696 2194 verba
1732 2141 1949 2209 propria

388 2240 588 2296 faciunt
616 2238 915 2307 ambiguam
944 2232 1294 2303 Scripturam,
1326 2229 1500 2301 primo
1528 2228 1816 2282 videndum
1844 2238 1949 2291 est,

391 2346 459 2385 ne
489 2328 625 2383 male
652 2325 1052 2382 distinxerimus
1090 2331 1183 2377 aut
1214 2320 1763 2392 pmnuntiaverimus.
1816 2318 1948 2373 Cum

388 2437 517 2494 ergo
545 2420 778 2503 adhibita
808 2420 1030 2476 intentio
1057 2420 1318 2474 incertum
1345 2431 1467 2472 esse
1489 2416 1795 2487 prreviderit
1821 2431 1953 2503 quo-

392 2488 551 2571 modo
586 2488 1016 2584 distinguendum
1059 2520 1154 2567 aut
1193 2511 1459 2584 quomodo
1498 2488 1951 2580 pronuntiandum

390 2595 489 2671 sit,
532 2578 778 2659 consulal
802 2602 1040 2673 regulam
1075 2578 1228 2664 ﬁdei,
1268 2578 1431 2671 quam
1458 2578 1523 2654 de
1554 2598 1950 2669 Scripturaruin

390 2692 718 2761 planioribus
762 2692 895 2747 locis
942 2699 995 2745 et
1030 2691 1281 2746 Ecelesim
1326 2690 1645 2745 auctoritate
1689 2690 1949 2758 percepit.

390 2779 546 2847 Quod
572 2781 617 2835 si
647 2782 847 2843 ambas,
880 2777 960 2833 vel
1003 2780 1166 2835 etiam
1193 2795 1414 2844 omnes,
1450 2780 1496 2834 si
1527 2779 1709 2849 plures
1757 2778 1955 2833 fuerint

390 2873 979 2945 partesambiguitatis,
1005 2874 1297 2929 secundum
1332 2872 1487 2928 ﬁdem
1516 2873 1817 2938 sonuerint,
1846 2882 1958 2927 tex-

392 2974 480 3020 tus
504 2964 617 3034 ipse
640 2966 901 3020 sermonis
927 2980 956 3018 a
979 2964 1403 3035 praecedentibus
1426 2974 1481 3020 et
1504 2965 1958 3034 consequentibus

392 3055 667 3122 partibus,
704 3069 823 3121 quae
852 3054 1255 3124 ambiguitatem
1287 3053 1430 3107 illam
1469 3054 1523 3107 in
1556 3054 1735 3109 medio
1762 3068 1955 3123 posue-

394 3150 539 3207 runt,
557 3152 725 3197 restat
749 3143 1123 3209 consulendus,
1138 3153 1197 3197 ut
1217 3144 1491 3199 videamus
1510 3144 1722 3199 cuinam
1744 3152 1958 3200 senten-
1985 3184 2029 3247 Ο

390 3234 504 3299 sise,
532 3234 595 3288 de
622 3233 865 3304 pluribus
891 3249 1009 3303 quae
1036 3249 1093 3289 se
1121 3234 1427 3297 ostendunt,
1461 3234 1599 3289 {erat
1623 3234 1953 3305 suﬁ‘ragium,

388 3337 619 3393 eamque
650 3324 763 3378 sibi
815 3324 1029 3378 contexi
1072 3324 1326 3393 patiatur.
1386 3322 1503 3378 lam
1539 3340 1682 3379 nunc
1713 3325 1956 3395 exempla

386 3414 692 3471 considera.
729 3414 818 3468 Illa
848 3415 1093 3469 haeretica
1122 3414 1396 3469 distinctio
1429 3432 1441 3467 :
1468 3413 1536 3468 In
1563 3415 1819 3485 principio
1846 3423 1957 3469 erat

404 3505 623 3560 Verbum
644 3544 659 3570 ,
698 3514 745 3558 et
775 3503 995 3558 Verbum
1035 3514 1145 3558 erat
1186 3504 1342 3580 apud.
1356 3504 1521 3557 Deum
1543 3546 1557 3569 ,
1602 3513 1652 3558 et
1680 3505 1818 3559 Deus
1847 3514 1957 3558 erat

399 3595 625 3650 uVerbum
656 3594 836 3666 (Joan.
868 3595 938 3665 ι),
971 3602 1030 3649 ut
1068 3595 1203 3649 alius
1230 3595 1303 3649 sit
1330 3608 1519 3649 sensus
1550 3594 1811 3649 :Verbum
1846 3604 1959 3648 erat

390 3684 491 3738 hoc
515 3686 571 3738 in
591 3684 845 3753 principio
872 3683 1009 3753 apud
1037 3683 1226 3750 Deum,
1259 3700 1363 3738 non
1391 3684 1505 3739 vult
1533 3684 1766 3740 Verbum
1793 3686 1958 3740 Deum

388 3772 660 3829 conﬁteri.
698 3772 801 3828 Sed
830 3773 931 3827 hoc
961 3773 1141 3843 regula
1170 3772 1293 3828 ﬁdei
1331 3773 1675 3827 refellendum
1706 3782 1817 3838 est,
1859 3790 1961 3843 qua

392 3865 555 3942 nobis
584 3864 651 3918 de
678 3862 959 3918 Trinitatis
984 3864 1289 3931 mqualitate
1314 3864 1701 3933 praescribitur,
1733 3874 1792 3918 ut
1820 3866 1963 3920 dica-

395 3971 562 4012 mus:
594 3955 662 4009 Et
689 3955 827 4014 Deus
868 3964 976 4010 erat
1009 3954 1251 4009 Verbum.
1302 3956 1505 4011 Deinde
1541 3954 1959 4027 sulijungamus:

402 4045 517 4102 Hoc
547 4055 659 4100 erat
701 4046 755 4098 in
796 4045 1045 4115 principio
1086 4046 1226 4116 apud
1256 4045 1441 4100 Deum.
1495 4045 1587 4100 Illa
1614 4061 1744 4101 vero
1771 4047 1961 4101 distin-

399 4138 595 4193 ctionis
622 4136 956 4205 ambiguitas,
986 4145 1175 4189 neutra
1200 4144 1352 4206 parte
1374 4136 1578 4191 resistit
1599 4135 1744 4201 ﬁdei,
1767 4144 1821 4192 et
1842 4136 1965 4192 ideo

402 4234 553 4283 textu
582 4226 695 4294 ipso
723 4226 985 4281 semonis
1014 4223 1354 4292 dijudicanda
1386 4234 1487 4291 est,
1514 4226 1603 4280 ubi
1634 4225 1709 4281 ait
1734 4226 1963 4295 Aposto-

399 4316 487 4375 lus
514 4332 525 4367 :
562 4314 630 4367 Et
650 4314 775 4383 quid
800 4312 988 4381 eligam
1013 4314 1210 4383 ignoro.
1242 4312 1533 4384 Compellor
1552 4323 1725 4367 autem
1748 4330 1813 4367 ea;
1836 4314 1964 4368 duo-

403 4406 499 4459 bus
522 4418 539 4456 .'
574 4400 1037 4471 concupiscentiam
1072 4402 1260 4455 habens
1289 4402 1518 4467 dissolvi,
1546 4412 1592 4457 et
1619 4419 1735 4455 cum
1762 4400 1965 4457 Christo

2046 589 2228 659 ignoro
2251 600 2269 638 :
2298 586 2576 659 compellor
2600 594 2769 639 autem
2797 602 2861 638 ea:
2885 585 3106 650 duobus,
3132 601 3293 655 quam
3322 586 3611 641 dictionem

2048 658 2306 748 sequitur,
2342 676 2804 745 concupiscentiam
2832 675 3025 731 habens
3049 677 3258 731 dissolvi
3285 687 3334 731 et
3361 694 3469 731 esse
3494 693 3613 730 cum

2048 766 2271 822 Christo.
2312 765 2377 820 Et
2402 774 2654 835 tanquam
2681 775 3015 834 quazreretur
3042 783 3216 841 quare
3234 767 3392 837 hujus
3419 769 3493 822 rei
3518 784 3613 838 po-

2049 858 2155 912 tius
2179 857 2372 911 habeat
2396 856 2907 925 concupiscentiam,
2928 858 3092 912 multo
3120 860 3255 929 enim
3286 861 3451 929 magis
3480 861 3617 931 opti—

2047 964 2223 1011 mum,
2276 946 2465 1016 inquit.
2519 945 2627 1001 Cur
2669 953 2847 1000 autem
2896 961 2926 1001 e
2974 948 3180 1005 duobus
3229 950 3618 1019 compellitur?

2048 1037 2183 1104 Quia
2215 1037 2461 1091 manendi
2505 1045 2586 1092 est
2630 1039 2949 1104 necessitas,
3004 1056 3165 1110 quam
3218 1043 3289 1097 ita
3338 1042 3613 1110 subjecit:

2050 1129 2260 1184 Manere
2288 1129 2341 1183 in
2368 1146 2522 1184 carne
2552 1132 2894 1183 necessarium
2923 1142 3130 1201 prapter
3158 1151 3263 1189 vos.
3306 1135 3401 1190 Ubi
3441 1150 3621 1205 neque

2048 1223 2359 1292 praescripto
2390 1220 2539 1285 ﬁdei,
2570 1236 2742 1290 neque
2772 1220 2937 1290 ipsius
2968 1225 3230 1279 sermonis
3263 1234 3409 1282 textu
3438 1227 3617 1282 ambi-

2048 1317 2225 1383 guitas
2249 1315 2508 1385 explicari
2533 1323 2725 1385 potest,
2774 1314 2905 1369 nihil
2930 1319 3084 1373 obest
3108 1310 3399 1373 secundum
3427 1337 3619 1393 quam-

2049 1406 2179 1459 libet
2200 1420 2384 1459 earum
2408 1420 2525 1473 quae
2546 1404 2921 1469 ostenduntur,
2943 1408 3263 1462 sententiam
3286 1408 3621 1480 distinguere

2051 1503 2222 1549 curet.
2274 1494 2451 1549 Veluti
2496 1503 2578 1549 est
2623 1494 2710 1549 illa
2742 1496 2807 1550 ad
2836 1495 3181 1552 Corinthios:
3221 1496 3334 1551 Has
3363 1515 3486 1569 ergo
3521 1501 3620 1553 ha-

2051 1587 2222 1641 bentes
2264 1586 2647 1655 promissiones,
2695 1586 3013 1651 charissimi,
3065 1588 3369 1644 mandemus
3416 1606 3508 1643 nos
3550 1591 3618 1643 ab

2050 1677 2191 1731 omni
2233 1677 2647 1747 coinquinationis
2694 1678 2866 1730 carnis
2912 1688 2959 1731 et
3009 1678 3254 1748 spiritus,
3295 1681 3623 1749 perﬁcientes

2051 1769 2517 1836 sanctiﬁcationem
2548 1770 2601 1821 in
2631 1770 2813 1823 timore
2843 1769 2939 1823 Dei
2969 1769 3051 1839 (Il
3078 1768 3201 1825 Cor.
3225 1772 3343 1843 vri).
3386 1774 3619 1828 Dubium

1980 1839 2027 1898 Β
2054 1871 2139 1917 est
2176 1862 2401 1958 quippe,
2443 1868 2623 1915 utrum
2656 1860 2969 1917 Mundemus
2998 1879 3091 1916 nos
3120 1863 3183 1916 ab
3211 1839 3351 1917 omni
3385 1864 3621 1933 coinqui-

2055 1955 2263 2009 natione
2300 1956 2473 2009 carnis
2516 1964 2561 2007 et
2593 1955 2834 2024 spiritus,
2880 1956 3172 2009 secundum
3216 1955 3360 2009 illam
3402 1966 3619 2011 senten-

2046 2033 2211 2108 tiam,
2246 2044 2311 2097 Ut
2347 2047 2413 2098 sit
2442 2053 2620 2097 sancta
2650 2062 2862 2115 corpore
2889 2054 2936 2099 et
2966 2047 3173 2115 spiritu,
3198 2062 3273 2100 an
3306 2048 3620 2101 Mundemus

2021 2152 2145 2213 mos
2168 2135 2233 2189 ab
2255 2134 2397 2187 omni
2416 2134 2832 2203 coinquinatione
2859 2137 3054 2199 carnis,
3078 2146 3134 2189 ut
3150 2136 3286 2190 alius
3308 2138 3375 2189 sit
3404 2152 3615 2200 sensus,

2053 2225 2119 2279 Et
2142 2226 2361 2295 spiritus
2386 2224 2702 2293 perﬁcientes
2731 2225 3193 2292 sanctiﬁcationem
3219 2227 3271 2278 in
3311 2227 3491 2281 timore
3524 2227 3619 2281 Dei

2046 2318 2219 2387 capite
2250 2334 2341 2371 nos
2362 2316 2504 2389 (sic).
2525 2316 2679 2371 Tales
2707 2330 2835 2386 ergo
2862 2316 3266 2371 distinctionum
3297 2318 3617 2387 ambiguita-

2047 2416 2134 2463 tes
2166 2410 2217 2462 in
2244 2416 2511 2479 potestate
2540 2408 2763 2478 legentis
2792 2417 2935 2463 sunt.
2981 2407 3320 2477 Quaecunque
3343 2418 3522 2464 autem
3551 2410 3619 2464 de

2053 2500 2316 2570 ambiguis
2341 2500 2772 2555 distinctionibus
2797 2502 3045 2562 diximus,
3072 2502 3257 2555 eadem
3283 2504 3616 2558 observanda

2053 2601 2179 2647 sunt
2229 2600 2281 2646 et
2331 2592 2383 2645 in
2433 2592 2696 2661 ambiguis
2736 2592 3297 2661 pronuntiationlbus;
3352 2607 3469 2661 qua:
3512 2594 3618 2647 nisi

2052 2680 2271 2736 lectoris
2298 2682 2461 2734 nimia
2489 2682 2871 2750 perturbantur
2898 2681 3126 2745 incuria,
3153 2690 3241 2734 aut
3270 2682 3464 2753 regulis
3492 2684 3616 2737 ﬁdei

2054 2773 2422 2843 corriguntur,
2455 2780 2545 2826 aut
2574 2773 2925 2843 prrecedentis
2964 2772 3047 2827 vel
3084 2774 3463 2842 consequentis
3492 2789 3616 2828 con-

2056 2869 2271 2923 texione
2295 2864 2755 2935 sermonis.'Quod
2776 2868 2820 2922 si
2845 2875 3091 2922 neutrum
3121 2869 3311 2921 horum
3336 2868 3619 2923 adhibetur

2058 2960 2123 3011 ad
2168 2958 2589 3022 correctionem,
2641 2958 2985 3013 nihilominus
3012 2957 3185 3012 dubia;
3228 2959 3614 3021 remanebunt,

2057 3062 2115 3105 ut
2139 3051 2378 3120 quolibet
2405 3053 2561 3106 modo
2600 3050 2768 3106 lector
2794 3052 3251 3121 pronuntiaverit,
3300 3067 3404 3106 non
3448 3050 3533 3107 si?
3563 3055 3616 3106 in

2056 3141 2243 3210 culpa;
2286 3140 2439 3207 Quali
2481 3150 2659 3195 autem
2700 3156 2828 3195 voce
2874 3142 3253 3204 pronuntietur
3300 3142 3425 3197 illud
3476 3144 3617 3213 quod

2060 3232 2356 3287 Nathanael
2384 3233 2548 3296 dixit,
2579 3234 2619 3285 Α
2653 3232 2915 3285 Nasareth
2954 3243 3115 3301 potest
3145 3233 3343 3302 aliquid
3370 3232 3489 3286 boni
3510 3251 3618 3287 esse

2059 3322 2237 3392 (Joan.
2268 3321 2327 3392 ι),
2362 3322 2475 3377 sive
2504 3321 2844 3385 alllrmantis,
2893 3332 2950 3376 ut
2981 3323 3105 3377 illud
3134 3323 3305 3377 solum
3343 3325 3409 3378 ad
3451 3325 3615 3379 inter-

2056 3413 2387 3481 rogationem
2444 3413 2706 3480 pertineat
2750 3414 2892 3481 quod
2939 3414 3015 3467 ait
3060 3414 3101 3465 Α
3146 3414 3458 3468 Nazareth?
3508 3415 3619 3469 sive

2059 3511 2228 3557 totum
2255 3518 2377 3557 cum
2405 3503 2730 3557 dubitatione
2758 3504 3157 3573 interrogantis,
3185 3520 3287 3559 non
3310 3504 3466 3559 video
3489 3521 3621 3574 quo-

2059 3591 2217 3646 modo
2244 3592 2583 3646 discernatur
2608 3609 2620 3644 :
2656 3586 2879 3662 uterque
2907 3602 3085 3648 autem
3117 3608 3305 3648 sensus
3331 3593 3486 3648 ﬁdem
3515 3610 3619 3648 non

2059 3680 2299 3748 impedit.

2650 3770 2873 3825 CAPUT
2913 3771 3020 3825 XII.

2529 3860 2603 3915 De
2630 3861 2882 3930 ambiguis
2912 3862 3151 3931 prepriis.

2133 3950 2429 4005 Rarissime
2460 3965 2585 4021 ergo
2615 3959 2669 4005 et
2696 3950 3000 4005 tliﬁicillime
3042 3952 3265 4006 inveniri
3298 3962 3473 4023 potest
3503 3970 3623 4009 am-

2061 4039 2294 4109 biguitas
2346 4040 2401 4093 in
2455 4040 2686 4109 propriis
2736 4040 2954 4103 verbis,
3026 4050 3284 4110 quantum
3336 4042 3402 4097 ad
3457 4042 3625 4098 libros

2060 4132 2359 4187 divinarum
2410 4132 2809 4201 Scripturarum
2864 4142 3108 4199 spectat,
3163 4147 3319 4200 quam
3374 4148 3477 4187 non
3532 4141 3627 4187 aut

2057 4224 2463 4279 circumstantia
2499 4224 2610 4293 ipsa
2642 4222 2906 4277 sermonis
2953 4239 3057 4291 qua
3100 4224 3443 4293 cognoscitur
3484 4225 3623 4279 seri-

2062 4321 2274 4382 ptorum
2306 4312 2549 4375 intentio,
2587 4320 2680 4365 aut
2714 4311 3065 4379 interpretum
3095 4314 3330 4377 collatio,
3363 4322 3455 4367 aut
3480 4329 3623 4383 prte-

2063 4402 2303 4458 cedentis
2324 4402 2514 4473 linguae
2535 4400 2705 4457 solvat
2733 4402 3008 4471 inspectio.
3038 4402 3169 4455 Nam
3198 4405 3337 4471 quod
3363 4404 3624 4473 scriptum

406 4512 547 4560 esse;
583 4493 744 4549 multo
777 4493 911 4547 enim
952 4493 1113 4562 magis
1150 4495 1399 4562 optimum
1420 4512 1437 4546 :
1478 4510 1684 4547 manere
1718 4494 1772 4547 in
1810 4511 1964 4548 carne
1990 4516 2041 4574 Ι)
2066 4491 2311 4557 est,Non
2342 4502 2413 4546 est
2442 4493 2897 4573 absconditumate
2923 4508 2977 4547 os
3008 4495 3351 4563 meum,quod
3376 4494 3542 4562 fecisti
3567 4495 3625 4548 in

407 4585 752 4640 necessarium
798 4590 1001 4650 propter
1046 4598 1129 4634 vos
1177 4580 1343 4652 (Phil.
1390 4581 1449 4651 ι).
1506 4581 1771 4636 Incertum
1819 4582 1963 4635 enim

403 4683 587 4730 utrum
627 4688 691 4725 ex
726 4670 926 4723 duobus
965 4672 1426 4739 concupiscentiam
1455 4672 1677 4735 habens,
1722 4687 1789 4726 an
1826 4688 1963 4725 com-

407 4762 574 4837 pellor
607 4770 777 4815 autem
811 4777 873 4813 ea:
904 4760 1126 4824 duobus,
1157 4769 1217 4815 ut
1247 4762 1373 4816 illud
1403 4761 1745 4832 adiungatur,
1776 4780 1964 4817 concu-

406 4858 708 4931 piscentiam
737 4856 929 4910 habens
970 4856 1181 4909 dissolui
1220 4866 1269 4909 et
1302 4872 1410 4910 esse
1438 4873 1555 4909 cum
1581 4856 1804 4910 Christo.
1857 4856 1963 4911 Sed

409 4948 661 5019 quoniam
690 4948 760 4998 ita
792 4945 1054 5013 sequitur,
1084 4943 1245 4997 multo
1276 4945 1411 4998 enim
1440 4945 1709 5014 optimum,
1744 4954 1963 5014 apparet

411 5053 533 5094 eum
560 5037 675 5105 ejus
699 5034 883 5104 Optimi
916 5035 1094 5089 dicere
1132 5049 1189 5088 se
1227 5034 1424 5088 habere
1451 5034 1960 5103 concupiscentiam,

415 5134 474 5179 ut
500 5139 620 5177 cum
656 5139 717 5177 ex
752 5124 952 5176 duobus
989 5122 1353 5191 compellatur,
1396 5122 1615 5177 alterius
1652 5132 1829 5177 tamen
1868 5124 1964 5177 lia-

415 5214 536 5269 beat
565 5212 1061 5279 concupiscentiam,
1094 5212 1311 5267 alterius
1338 5214 1737 5279 necessitatem;
1768 5230 1963 5269 concu-

415 5302 729 5373 piscentiam
772 5300 973 5355 scilicet
1000 5316 1115 5355 esse
1148 5318 1267 5357 cum
1294 5303 1541 5369 Christo,
1586 5306 1962 5359 necessitatem

416 5405 637 5447 manere
670 5390 720 5443 in
752 5403 933 5443 carne.
980 5390 1109 5457 Quae
1140 5393 1457 5461 ambiguitas
1483 5409 1589 5447 uno
1619 5393 1966 5462 consequenti

414 5481 580 5535 verbo
617 5478 959 5547 dijudicatur,
998 5480 1137 5547 quod
1176 5483 1403 5549 positum
1431 5492 1545 5547 est,
1588 5485 1746 5537 enim.
1798 5482 1967 5549 Quam

416 5569 733 5638 particulam
763 5568 885 5637 quia
924 5568 1257 5623 abstulerunt
1294 5572 1633 5641 interpretes,
1676 5574 1763 5629 illa
1792 5575 1971 5645 potius

419 5655 682 5710 sententia
712 5655 856 5711 ducti
888 5665 1028 5719 sunt,
1058 5666 1114 5711 ut
1141 5672 1245 5711 non
1276 5660 1444 5713 solum
1473 5662 1717 5731 compelli
1747 5676 1809 5717 ex
1841 5663 1972 5718 duo-

422 5744 555 5811 bus,
608 5745 700 5802 sed
749 5749 906 5821 etiam
961 5749 1182 5804 duorum
1238 5750 1433 5806 habere
1482 5755 2001 5825 concupiscentiam,

2067 4585 2390 4648 abscondito,
2432 4598 2535 4637 non
2570 4582 2745 4638 elucet
2779 4583 3007 4654 legenti,
3042 4593 3219 4638 utrum
3250 4593 3497 4653 correpta
3534 4585 3624 4639 lit-

2060 4683 2183 4728 tera
2212 4690 2268 4727 os
2294 4675 2623 4743 pronuntiet,
2655 4689 2722 4728 an
2748 4674 3024 4745 producta.
3079 4676 3133 4729 Si
3164 4675 3307 4729 enim
3334 4677 3622 4745 corripiat,

2068 4762 2134 4815 ab
2163 4775 2229 4816 eo
2271 4762 2411 4831 quod
2444 4771 2567 4815 sunt
2601 4778 2753 4827 ossa;
2800 4763 2844 4817 si
2888 4773 3063 4817 autem
3108 4764 3403 4833 producat,
3448 4764 3515 4818 ab
3558 4780 3627 4819 eo

2069 4853 2208 4920 quod
2236 4861 2358 4906 sunt
2386 4868 2507 4916 ora,
2542 4852 2850 4923 intelligitur
2880 4868 3131 4907 numerus
3160 4852 3462 4921 singularis.
3515 4851 3625 4908 Sed

2070 4944 2197 4997 talia
2230 4943 2420 5012 linguas
2446 4944 2793 5013 praecedentis
2839 4943 3167 5011 inspectione
3189 4941 3245 4995 id
3274 4940 3582 5009 iudicantur
3600 4961 3621 4997 :

2070 5050 2192 5089 nam
2216 5036 2268 5089 in
2289 5036 2474 5090 Graeco
2491 5052 2592 5089 non
2612 5038 2802 5105 στόμα,
2818 5035 2911 5089 sed
2937 5036 3107 5089 ὀστέον
3130 5032 3359 5102 positum
3374 5043 3473 5089 cst.
3490 5033 3626 5092 Item

2069 5125 2197 5179 illud
2238 5126 2513 5195 Apostoli:
2564 5125 2692 5191 Qua:
2734 5125 2958 5194 pra'dico
3003 5124 3144 5177 vobis
3190 5124 3323 5177 sicut
3366 5125 3622 5193 pradiati,

2065 5218 2312 5287 quoniam
2337 5217 2423 5287 qui
2450 5216 2575 5269 talia
2603 5223 2783 5284 agunt,
2808 5230 3019 5283 regnum
3042 5213 3138 5268 Dei
3165 5230 3266 5267 non
3291 5214 3627 5283 possidebunt
3704 5284 3709 5289 ἡ

2069 5304 2151 5375 (Il
2182 5303 2304 5359 Cor.
2335 5304 2473 5374 xm).
2507 5303 2561 5357 Si
2594 5301 2958 5357 tantummodo
2982 5302 3226 5367 dixisset,
3255 5318 3369 5371 qua
3396 5303 3626 5372 praedico

2066 5395 2242 5459 vobis,
2268 5408 2468 5462 ,neque
2513 5392 2873 5461 subjunxisset
2916 5393 3165 5461 prcedixi,
3218 5393 3434 5448 dubium
3480 5400 3630 5447 esset

2066 5492 2242 5537 utrum
2289 5484 2342 5538 in
2387 5499 2451 5538 eo
2496 5484 2636 5551 quod
2683 5482 2837 5547 dixit,
2883 5484 3129 5553 praedico,
3177 5482 3514 5553 producenda
3555 5496 3627 5537 an

2066 5576 2399 5645 cerripienda
2429 5583 2572 5629 esset
2600 5574 2797 5644 syllaba
2827 5576 3033 5642 media;
3076 5592 3215 5631 nunc
3242 5583 3417 5629 autem
3453 5574 3627 5627 mani-

2070 5664 2259 5719 festum
2297 5675 2377 5720 est
2416 5664 2806 5734 producendam
2846 5680 2997 5731 esse;
3047 5681 3152 5720 non
3193 5666 3332 5720 enim
3377 5663 3452 5716 ait
3484 5662 3625 5720 sicut

2068 5754 2343 5826 praedicari
2362 5798 2375 5823 ,
2410 5756 2502 5811 sed
2532 5758 2661 5809 sicut
2692 5756 2931 5825 prmdixi.
2970 5756 3077 5811 Sed
3102 5756 3224 5825 quia
3250 5754 3359 5809 lucc
3390 5766 3533 5819 raro,
3566 5761 3628 5805 ut
