3968 6338
316 396 419 451 539
1091 390 1177 448 DE
1214 386 1655 448 CLBRICORUM
1691 385 2166 447 INSTITUTIONE
2228 393 2379 449 ETC.
2410 384 2488 435 ’-
2527 397 2650 450 LIB.
2694 396 2775 451 lll.
3442 406 3539 461 59)

312 508 678 580 praediximus,
723 506 882 558 verba
932 503 1295 568 inveniuntur,
1346 517 1465 573 quae
1513 516 1618 553 non
1670 499 1878 553 facilem
1910 502 1952 560 Λ
1982 500 2105 568 quia
2141 517 2296 557 nemo
2320 511 2493 572 potest
2522 519 2583 557 ex
2611 519 2675 558 eo
2701 507 2843 574 quod
2872 523 2973 561 non
3001 509 3159 572 habet
3187 518 3437 581 prodesse
3465 518 3531 571 al-

312 600 545 654 liabeant
572 597 912 661 solutionem,
941 597 1006 650 ad
1034 597 1316 650 verborum
1352 595 1729 649 translatorum
1761 609 1877 648 am-
1982 592 2101 645 teri.
2132 592 2339 657 Quanto
2362 601 2539 648 autem
2562 596 2729 665 magis
2751 611 2973 664 regnum
2993 601 3295 667 cupiditatis
3317 604 3541 661 destrui-

310 690 603 760 biguitates
652 686 849 757 stylum
895 697 1184 751 vertamus,
1235 701 1354 756 qua:
1401 700 1508 739 non
1554 684 1876 741 mediocrem
1979 686 2087 745 tur,
2129 689 2279 735 tanto
2322 683 2603 738 charitatis
2642 694 2885 754 augetur.
2931 686 3196 757 Quidquid
3227 705 3355 761 ergo
3380 710 3536 765 aspea

307 794 495 834 curam
528 760 951 847 industriamque
978 777 1305 833 desiderant.
1350 774 1483 829 Nam
1526 776 1579 830 in
1615 777 1878 847 principio
1977 785 2096 825 Tum
2125 779 2181 825 el
2207 773 2358 840 quasi
2389 789 2589 828 saevum
2618 774 2760 830 factu
2788 775 3041 846 dictuque
3083 779 3134 832 in
3165 783 3361 837 sanctis
3395 782 3534 839 Scri-

308 868 607 924 cavendum
636 876 745 931 est,
778 883 845 923 ne
875 868 1159 938 ﬁguratam
1190 866 1513 922 locutionem
1546 866 1612 920 ad
1641 866 1873 941 litteram
1973 864 2148 934 pluris
2192 862 2404 933 legitur,
2434 879 2501 918 ex
2542 879 2770 935 persona
2820 866 2912 921 Dei
2945 868 3026 921 vel
3056 878 3363 925 sanctorum
3399 872 3535 943 ejus,

306 960 564 1029 accipias.
601 960 684 1016 Ad
710 961 812 1016 hoc
840 962 981 1016 enim
1008 961 1243 1030 pertinet
1270 959 1413 1029 quod
1442 959 1517 1012 ait
1545 960 1869 1029 Apostolus:
1975 956 2041 1009 ad
2070 955 2378 1025 cupiditatis
2416 974 2638 1029 regnum
2685 960 3062 1016 destruendum
3100 962 3258 1018 valet.
3304 965 3454 1032 Quod
3490 970 3533 1023 si

305 1049 505 1104 Littera
534 1050 752 1115 occidit,
794 1051 1008 1121 spiritus
1045 1060 1219 1105 autem
1254 1049 1474 1118 viviﬁcat
1503 1048 1586 1119 (II
1617 1046 1738 1104 Cor.
1766 1049 1871 1122 tu).
1970 1048 2253 1117 perspicue
2276 1056 2453 1114 sonat,
2485 1065 2592 1104 non
2613 1058 2695 1105 est
2721 1051 2788 1105 ad
2817 1050 2958 1107 aliud
2993 1052 3351 1120 referendum,
3383 1060 3534 1126 quasi

304 1140 459 1196 Nulla
497 1157 641 1198 mors
686 1145 877 1199 anima:
920 1142 1301 1213 congruentius
1346 1142 1665 1212 appellatur,
1710 1160 1872 1213 quam
1972 1139 2197 1209 ﬁgurate
2243 1140 2447 1195 dictum
2483 1142 2573 1207 sit,
2608 1142 2766 1196 sicuti
2810 1152 2894 1198 est
2929 1140 3054 1198 illud
3092 1143 3369 1214 Apostoli:
3405 1144 3535 1204 Tlte-

304 1248 430 1286 cum
459 1232 511 1286 id
539 1234 698 1288 etiam
730 1236 869 1305 quod
902 1235 954 1288 in
984 1250 1047 1289 ea
1080 1234 1279 1289 bestias
1314 1232 1619 1297 antecellit,
1656 1234 1758 1289 hoc
1791 1244 1872 1291 est
1969 1231 2251 1284 saurizasti
2277 1230 2384 1294 tibi,
2421 1231 2610 1301 inquit,
2648 1232 2782 1285 iram
2811 1232 2865 1285 in
2889 1232 2972 1287 die
3003 1234 3095 1287 ira:
3132 1244 3179 1287 et
3211 1236 3531 1293 reuelationis

304 1323 673 1394 intelligentia;
694 1325 843 1379 carni
867 1323 1146 1393 subjicitur
1171 1323 1443 1391 sequendo
1472 1323 1867 1379 scilicet-solam

301 1413 556 1469 litteram.
596 1414 696 1480 Qui
722 1414 863 1469 enim
890 1415 1135 1482 sequitur
1158 1413 1395 1467 litteram
1423 1412 1681 1467 translata
1705 1415 1867 1468 verba

300 1504 441 1558 sicut
471 1506 689 1575 propria
715 1512 889 1570 tenet,
928 1519 1100 1573 neque
1132 1504 1260 1558 illud
1288 1505 1429 1573 quod
1456 1504 1675 1575 proprio
1701 1506 1866 1560 verbo

300 1596 652 1665 signiﬁcatur,
668 1594 835 1649 refert
857 1595 923 1649 ad
946 1595 1103 1672 aliam
1126 1596 1591 1667 significationem.
1614 1598 1681 1651 Et
1700 1612 1763 1652 ea
1783 1606 1865 1652 est

299 1685 621 1740 miserabilis
642 1685 833 1739 anima:
854 1686 1104 1750 servitus,
1126 1686 1275 1755 signa
1298 1701 1395 1755 pro
1418 1686 1576 1741 rebus
1598 1686 1860 1755 accipere,

295 1782 350 1827 et
386 1790 547 1844 supra
586 1783 887 1830 creaturam
922 1790 1271 1845 corpoream,
1311 1776 1523 1830 oculum
1560 1776 1758 1830 mentis
1796 1777 1861 1829 ad

1958 1320 2094 1389 justi
2132 1321 2324 1390 judicii
2374 1321 2501 1387 Dei,
2550 1324 2639 1391 qui
2692 1322 2868 1376 reddet
2920 1323 3193 1394 unicuique
3251 1329 3530 1382 secundant

1966 1428 2120 1481 opera
2146 1429 2274 1475 sua,
2314 1420 2369 1466 et
2406 1411 2634 1482 reliqua.
2668 1409 2842 1483 (Rom.
2872 1412 2964 1479 ιι.)
2992 1412 3131 1483 Ergo
3158 1415 3209 1468 in
3252 1414 3525 1471 locutioni-

1964 1502 2064 1557 bus
2090 1502 2331 1573 ﬁguratis
2358 1492 2538 1572 regula
2567 1504 2637 1557 sit
2658 1504 2978 1573 bujusmodi,
3014 1513 3069 1558 ut
3103 1514 3210 1561 tam
3233 1508 3322 1561 diu
3347 1524 3527 1563 verse-

1963 1600 2053 1646 tur
2081 1593 2318 1662 diligenti
2366 1594 2793 1649 consideratione
2819 1596 2959 1665 quod
3002 1596 3214 1667 legitur,
3244 1598 3414 1653 donec
3461 1600 3526 1653 ad

1966 1699 2187 1753 regnum
2220 1684 2502 1737 charitatis
2544 1684 2914 1752 interpretatio
2959 1687 3303 1753 perducatur.
3347 1686 3403 1742 Si
3435 1704 3523 1742 au-

1965 1780 2070 1825 tem
2098 1773 2199 1826 hoc
2236 1772 2344 1839 jam
2381 1774 2595 1841 proprie
2632 1782 2805 1839 sonat,
2850 1775 2991 1827 nulla
3041 1785 3257 1844 putetur
3302 1778 3526 1847 figurata

298 1866 655 1920 hauriendum
682 1875 942 1920 εειρτηυηι
975 1867 1155 1921 lumen
1182 1867 1362 1921 levare
1392 1882 1496 1920 ηοη
1529 1881 1705 1936 posse,
1736 1865 1864 1932 Qua;
1894 1870 1938 1929 Β
1966 1859 2181 1914 locutio.
2215 1859 2272 1913 Si
2299 1861 2618 1929 praeceptiva
2648 1861 2848 1916 locutio
2878 1872 2981 1926 est,
3015 1874 3107 1917 aut
3131 1863 3407 1933 ﬂagitium,
3437 1875 3529 1921 aut

299 1964 478 2011 tamen
510 1957 741 2011 servitus
773 1957 823 2010 in
852 1955 1032 2011 Judseo
1066 1956 1262 2027 populo
1298 1957 1453 2027 longe
1484 1973 1513 2011 a
1545 1966 1859 2013 exterarum

296 2049 540 2119 gentium
581 2064 729 2103 more
759 2048 1020 2114 distabat,
1063 2050 1493 2120 quandoquidem
1534 2050 1694 2104 rebus
1724 2057 1859 2103 tem-

293 2138 567 2207 poralibus
592 2140 665 2193 ita
692 2138 956 2209 subjugati
984 2148 1158 2205 erant,
1182 2147 1240 2193 ut
1265 2155 1401 2195 unus
1427 2140 1506 2195 eis
1534 2140 1587 2193 in
1614 2141 1860 2195 omnibus

294 2230 765 2283 commendaretur
791 2229 950 2284 Deus.
992 2229 1193 2285 Gentes
1222 2238 1401 2285 autem
1431 2230 1719 2285 simulacra
1746 2245 1861 2285 ma-

294 2318 510 2372 nut‘acta
555 2319 682 2374 deos
720 2320 1008 2386 habebant,
1053 2328 1108 2375 et
1143 2321 1189 2375 si
1228 2322 1440 2390 quando
1475 2323 1641 2391 aliqui
1673 2336 1860 2376 eorum

291 2410 381 2464 illa
415 2420 669 2481 tanquam
699 2413 846 2483 signa
878 2413 1223 2483 interpretari
1244 2413 1600 2477 conabantur,
1621 2415 1687 2467 ad
1710 2430 1862 2468 crea-

295 2513 469 2554 turam
518 2500 795 2557 colendam
842 2505 1310 2570 venerandamque
1356 2502 1681 2557 referebant.
1753 2504 1861 2559 Sed

292 2592 357 2643 ab
390 2590 491 2645 hac
529 2600 753 2660 utraque
788 2594 1064 2657 servitute,
1098 2592 1317 2647 veniens
1346 2591 1591 2647 Christus
1620 2594 1861 2649 veritatis

290 2695 401 2734 sua:
428 2679 548 2735 luce
576 2680 905 2749 illuminans,
928 2699 1115 2739 omnes
1141 2684 1193 2738 in
1217 2698 1275 2738 se
1296 2682 1577 2739 credentes
1596 2685 1860 2740 veraciter

294 2771 555 2827 liberavit.

861 2862 1086 2921 CAPUT
1140 2864 1275 2921 XIII.

291 2967 481 3023 Modus
508 2969 801 3027 inveniendi
830 2952 1233 3095 utrumllocutio
1260 2978 1473 3045 propria
1501 2978 1568 3031 sit
1590 2995 1659 3034 an
1682 2988 1856 3036 trans-

1033 3053 1142 3095 ata.

1033 3053 1142 3097 ata.

358 3127 492 3184 Huic
532 3138 710 3185 autem
751 3131 1109 3187 observationi
1147 3148 1250 3202 qua
1288 3148 1536 3191 cavemus
1575 3137 1854 3209 ﬁguratam

1962 1948 2170 2004 facinus
2197 1958 2407 2013 vetans,
2448 1961 2540 2004 aut
2581 1951 2865 2006 utilitatem
2900 1962 2992 2007 aut
3016 1954 3418 2010 beneﬁcentiam
3443 1955 3501 2024 ju

1960 2040 2109 2103 beas,
2148 2056 2252 2094 non
2298 2049 2379 2095 est
2411 2040 2655 2111 ﬁgurata.
2688 2042 2741 2096 Si
2772 2052 2957 2098 autem
2978 2043 3235 2115 ﬂagitium
3262 2056 3353 2102 aut
3398 2046 3530 2103 faci-

1958 2146 2061 2186 nus
2090 2131 2299 2185 videtur
2320 2130 2526 2199 jubere,
2576 2142 2668 2186 aut
2715 2135 3000 2189 utilitatem
3029 2146 3082 2191 et
3120 2137 3522 2192 beneficentiam

1958 2230 2170 2286 vetare,
2226 2221 2452 2292 ﬁgurata
2503 2231 2606 2277 est.
2657 2224 2779 2278 Nisi
2822 2228 3285 2294 manducaveritis,
3332 2230 3521 2298 inquit,

1960 2327 2165 2366 carnem
2195 2313 2293 2381 ﬁlii
2318 2314 2561 2379 hominis,
2586 2324 2634 2369 et
2660 2319 2962 2387 sanguinem
2992 2319 3104 2388 ejus
3134 2312 3380 2386 biberitis,
3424 2340 3523 2376 non

1961 2400 2211 2459 habebitis
2242 2404 2400 2455 vitam
2433 2406 2486 2458 in
2514 2405 2650 2458 vobis
2680 2406 2857 2475 (Joan.
2892 2407 2987 2475 γι).
3020 2408 3249 2465 Facinus
3272 2411 3350 2466 vel
3380 2410 3524 2482 ﬂagi-

1960 2488 2093 2542 tium
2119 2490 2329 2544 videtur
2372 2491 2575 2559 jubere.
2623 2494 2873 2564 Figurata
2902 2512 3029 2568 ergo
3062 2506 3167 2565 est,
3214 2502 3527 2570 prtecipiens

1958 2578 2196 2645 passioni
2247 2580 2455 2634 Domini
2488 2597 2607 2636 esse
2645 2586 3168 2653 communicandum,
3199 2598 3253 2643 et
3292 2592 3525 2646 suaviter

1960 2675 2119 2736 atque
2146 2670 2350 2723 utiliter
2376 2671 2717 2728 recolendum
2742 2675 2798 2729 in
2827 2679 3104 2744 memoria,
3130 2681 3272 2749 quod
3297 2698 3395 2751 pro
3432 2699 3525 2737 no-

1958 2757 2041 2811 bis
2082 2774 2207 2813 caro
2252 2756 2367 2829 ejus
2408 2763 2665 2818 cruciﬁxa
2710 2773 2764 2820 et
2800 2767 3076 2823 vulnerata
3121 2771 3207 2826 sit.
3256 2773 3347 2826 Ait
3384 2771 3527 2829 Scri—

1957 2856 2112 2917 ptura
2146 2868 2157 2902 :
2191 2849 2252 2905 Si
2277 2854 2513 2906 esurierit
2537 2855 2778 2912 inimicus
2806 2867 2945 2925 tuus,
2975 2862 3087 2915 ciba
3111 2863 3292 2929 illum;
3332 2867 3377 2919 si
3396 2866 3522 2931 sitit,

1955 2948 2131 3005 potum
2156 2942 2225 2995 da
2248 2942 2327 2995 illi
2357 2943 2533 3015 (Rom.
2567 2946 2687 3017 xu).
2725 2949 2820 3005 Hic
2851 2951 2994 3007 nullo
3029 2953 3301 3009 dubitante
3327 2957 3525 3012 beneﬁ-

1957 3034 2187 3087 centiam
2219 3038 2493 3106 praacipit;
2525 3040 2617 3094 sed
2652 3043 2793 3110 quod
2822 3044 3102 3113 sequitur:
3127 3046 3239 3101 Hoc
3284 3050 3420 3103 enim
3445 3049 3526 3115 fa—

1956 3125 2115 3190 ciens,
2145 3126 2393 3184 carbones
2419 3129 2552 3197 ignis
2577 3148 2816 3200 congeres
2852 3150 3005 3202 super
3023 3147 3175 3205 caput
3198 3137 3330 3205 ejus,
3366 3139 3529 3193 male-

286 3222 632 3289 locuuonem’
684 3224 736 3280 id
787 3232 869 3277 est
908 3224 1238 3290 translatam,
1274 3227 1426 3295 quasi
1472 3233 1742 3299 propriam
1770 3248 1854 3288 εδ,
1880 3231 1923 3293 C
1955 3214 2199 3269 volentia
2236 3215 2445 3272 facinus
2490 3228 2647 3287 putes
2683 3219 2881 3289 jubcri.
2933 3222 3007 3277 Ne
3054 3224 3213 3294 igitur
3253 3230 3530 3297 putaveris

288 3313 403 3383 qui,
442 3313 777 3384 adjungenda
823 3314 983 3368 etiam
1025 3315 1112 3369 illa
1139 3326 1241 3379 est,
1282 3331 1349 3370 ne
1386 3320 1659 3388 propriam
1702 3324 1855 3391 quasi

290 3401 568 3471 ﬁguratam
600 3402 825 3457 velimus
855 3404 1118 3473 accipere.
1164 3406 1621 3465 Demonstrandus
1648 3420 1730 3467 est
1758 3414 1855 3483 igi-

290 3500 374 3544 tur
394 3492 642 3561 prOprius
667 3493 855 3547 modus
891 3494 1219 3549 inveniendze
1244 3496 1545 3563 locutionis,
1567 3486 1853 3571 propriane

289 3595 356 3633 an
390 3579 612 3651 ﬁgurata
661 3581 751 3648 sit,
791 3589 847 3635 et
876 3583 977 3637 iste
1006 3586 1225 3643 omnino
1268 3588 1459 3643 modus
1492 3598 1592 3655 est,
1621 3601 1679 3644 ut
1702 3593 1858 3662 quid-

299 3670 430 3739 quid
463 3672 515 3725 in
554 3687 800 3727 sermone
837 3674 1017 3729 divino
1050 3690 1221 3745 neque
1258 3678 1323 3732 ad
1356 3694 1565 3735 morum
1606 3681 1858 3738 honesta-

290 3766 415 3821 tem,
450 3774 623 3829 neque
648 3761 715 3814 ad
753 3762 872 3816 ﬁdei
903 3764 1181 3820 veritatem
1206 3758 1418 3837 proprie
1442 3768 1633 3824 referri
1659 3782 1854 3842 potest,

286 3847 575 3917 ﬁguratum
598 3864 718 3905 esse
756 3865 1064 3923 cognoscas.
1090 3854 1294 3911 Moram
1341 3859 1593 3915 honestas
1628 3863 1695 3916 ad
1734 3863 1857 3918 dili-

285 3938 514 4006 gendum
547 3939 712 3993 Deum
752 3950 804 3995 et
829 3944 1150 4011 proximum,
1178 3946 1297 4001 ﬁdei
1339 3950 1536 4004 veritas
1566 3952 1631 4006 ad
1662 3968 1857 4025 cogno-

284 4026 539 4080 scendum
582 4028 747 4081 Deum
790 4037 845 4083 et
866 4032 1167 4099 proximum
1209 4036 1457 4103 pertinet.
1495 4038 1629 4107 Spes
1674 4050 1854 4096 autem

284 4132 381 4171 sua
407 4118 602 4188 cuique
637 4128 719 4173 est
763 4120 815 4174 in
858 4124 1184 4177 conscientia
1225 4128 1437 4195 prepria
1459 4168 1473 4192 ,
1508 4132 1854 4198 quemadmo-

286 4207 409 4261 dum
438 4222 497 4261 se
521 4209 688 4263 sensit
712 4210 779 4263 ad
813 4211 1148 4267 dilectionem
1186 4215 1279 4270 Dei
1324 4225 1380 4272 et
1418 4220 1643 4287 proximi
1674 4224 1858 4295 cogni-

289 4298 597 4368 tionemque
636 4302 914 4369 proﬁcere.
966 4303 1080 4359 Non
1116 4307 1258 4360 enim
1292 4311 1531 4379 praecipit
1576 4312 1852 4382 Scriptura

286 4385 388 4439 nisi
412 4387 751 4456 cbaritatem,
786 4405 885 4447 nec
914 4394 1092 4463 culpat
1133 4397 1236 4451 nisi
1278 4400 1657 4469 cupiditatem;
1702 4413 1756 4458 et
1790 4419 1855 4460 eo

286 4482 446 4536 modo
498 4482 753 4538 informat
800 4501 977 4542 mores
1018 4489 1309 4545 hominum.
1354 4491 1678 4550 Charilatem
1722 4513 1852 4553 voco

1959 3300 2184 3372 ﬁgurate
2232 3304 2450 3369 dictum,
2497 3315 2699 3361 etcum
2737 3311 2908 3377 possit
2940 3312 3221 3381 dupliciter
3265 3316 3524 3386 interpre-

1958 3392 2081 3457 tari,
2109 3410 2215 3449 uno
2237 3396 2395 3450 modo
2415 3397 2481 3451 ad
2508 3400 2826 3464 nocendum,
2859 3401 3029 3457 altero
3053 3405 3119 3457 ad
3140 3408 3521 3474 prmstandum,

1955 3487 2022 3539 ad
2049 3487 2455 3543 beneficentiam
2493 3499 2545 3545 te
2582 3492 2760 3559 potius
2797 3494 3031 3549 Charitas
3077 3508 3308 3563 revocet,
3351 3508 3409 3553 ut
3436 3500 3531 3554 in-

1957 3574 2163 3649 telligas
2185 3578 2446 3633 carbones
2477 3580 2615 3649 ignis
2641 3596 2760 3636 esse
2802 3592 3019 3639 urentes
3049 3586 3378 3654 poenitentiae
3427 3605 3522 3659 ge-

1955 3667 2137 3745 mitus,
2165 3670 2361 3738 quibus
2386 3672 2638 3739 superbia
2665 3682 2887 3729 sanatur
2909 3673 3022 3741 ejus
3050 3678 3139 3745 qui
3165 3678 3307 3733 dolet
3336 3693 3396 3733 se
3421 3679 3524 3733 ini.-

1956 3741 2153 3810 micmn
2191 3755 2357 3812 fuisse
2394 3760 2645 3823 hominis,
2674 3777 2701 3813 a
2726 3777 2834 3830 quo
2856 3762 2981 3831 ejus
3016 3764 3243 3819 miseriae
3283 3767 3526 3821 subveni-

1959 3845 2063 3899 tur.
2092 3846 2223 3900 Item
2249 3862 2372 3901 cum
2396 3848 2469 3901 ait
2492 3848 2783 3904 Dominus:
2805 3849 2905 3915 Qui
2932 3860 3072 3913 amat
3099 3854 3327 3907 animam
3351 3872 3521 3922 suam,

1956 3936 2139 4005 perdat
2163 3953 2277 3990 eam
2316 3937 2526 4009 (Matth.
2558 3941 2639 4009 χ),
2680 3957 2786 3996 non
2809 3942 3093 3997 utilitatem
3120 3954 3302 4000 vetare
3331 3954 3523 4014 putan-

1957 4025 2056 4080 dus
2103 4033 2223 4091 est,
2276 4043 2379 4097 qua
2433 4028 2590 4083 debet
2641 4031 2867 4099 quisque
2918 4048 3238 4088 conservare
3292 4037 3527 4092 animam

1956 4130 2129 4181 suam,
2180 4118 2273 4172 sed
2318 4118 2542 4188 ﬁgurate
2592 4121 2813 4187 dictum,
2845 4122 3026 4190 perdat
3057 4124 3307 4191 animam,
3340 4127 3392 4180 id
3420 4136 3522 4193 est,

1956 4206 2184 4276 perimat
2225 4216 2385 4278 atque
2428 4210 2639 4264 amittat
2669 4227 2822 4265 usum
2848 4211 2965 4281 ejus
2988 4228 3144 4283 quem
3171 4222 3317 4271 nunc
3342 4217 3522 4284 habet,

1954 4308 2264 4364 perversum
2296 4298 2500 4352 scilicet
2537 4310 2697 4369 atque
2724 4310 3131 4371 praeposterum,
3171 4319 3277 4373 quo
3305 4305 3525 4363 inclina-

1957 4396 2044 4441 tur
2071 4376 2450 4459 temporalibus
2473 4433 2486 4457 ,
2526 4399 2584 4445 ut
2615 4402 2815 4448 :eterna
2845 4411 2950 4450 non
2996 4406 3217 4465 quierat.
3252 4398 3521 4468 Scriptum

1957 4490 2079 4535 est:
2113 4481 2197 4535 Da
2254 4483 2609 4547 misericordi,
2655 4493 2703 4538 et
2761 4501 2823 4538 ne
2869 4486 3121 4555 suscipias
3179 4498 3520 4557 peccatorem.

286 4579 488 4625 motum
517 4573 679 4624 animi
708 4575 773 4628 ad
801 4573 1081 4630 fruendum
1107 4578 1215 4632 Deo
1245 4588 1461 4650 propter
1491 4584 1685 4652 ipsum,
1712 4594 1766 4640 ει
1796 4602 1854 4641 se
1878 4586 1930 4645 Β
1956 4571 2227 4627 Posterior
2260 4589 2381 4644 pars
2410 4573 2567 4642 hujus
2601 4576 2880 4631 sententiae
2919 4577 3129 4632 videtur
3150 4586 3331 4632 vetare
3361 4579 3522 4634 bene-

288 4669 450 4727 atque
499 4660 742 4727 proximo
768 4672 985 4732 propter
1036 4666 1224 4720 Deum.
1276 4667 1633 4739 Cupiditatem
1674 4685 1853 4730 autem

285 4760 490 4805 motum
522 4752 687 4805 animi
720 4753 785 4806 ad
822 4752 1104 4810 fruendum
1144 4772 1192 4811 2e
1228 4767 1281 4812 et
1314 4761 1579 4828 proximo,
1605 4772 1659 4818 et
1686 4766 1857 4834 quoli-

282 4840 375 4894 bet
400 4856 628 4911 corpore
650 4858 754 4896 non
782 4854 996 4914 propter
1022 4847 1207 4901 Deum.
1236 4847 1387 4915 Quod
1414 4862 1592 4907 autem
1621 4856 1731 4925 agit
1761 4857 1843 4911 in—
1898 4882 1901 4885 Α

285 4929 487 4984 domita
519 4930 783 5000 cupiditas
810 4935 875 4988 ad
912 4937 1357 5006 corrumpendum
1389 4941 1627 4996 animum
1661 4956 1716 5000 et
1740 4961 1856 5000 cor-

282 5036 384 5090 pus
431 5037 608 5087 suum,
663 5021 919 5093 ﬂagitium
949 5034 1208 5093 vocatur;
1239 5030 1382 5098 quod
1411 5039 1588 5086 autem
1638 5035 1746 5104 agit
1792 5043 1851 5090 ut

284 5114 441 5169 alteri
469 5124 681 5180 noceat,
730 5116 937 5174 facinus
964 5118 1176 5175 dicitur.
1226 5121 1292 5175 Et
1322 5123 1437 5177 haec
1471 5133 1595 5179 sunt
1631 5127 1734 5181 duo
1756 5142 1844 5197 ge-

285 5219 417 5257 nera
446 5207 684 5260 omnium
711 5216 1055 5275 peccatorum
1078 5251 1091 5276 ,
1125 5210 1217 5265 sed
1261 5209 1456 5281 ﬂagitia
1495 5214 1673 5282 priora
1705 5224 1849 5269 sunt.

286 5291 416 5359 Quae
460 5308 581 5347 cum
630 5297 1023 5353 exinaniverint
1065 5300 1331 5365 animum,
1368 5308 1422 5354 et
1457 5302 1523 5355 ad
1566 5304 1849 5370 quamdam

284 5390 579 5453 egestatem
603 5386 965 5454 perduxerint,
1002 5390 1053 5443 in
1078 5389 1313 5445 facinora
1336 5393 1632 5461 prosilitur,
1657 5394 1852 5461 quibus

284 5484 665 5529 removeantur
713 5477 1086 5546 impedimenta
1140 5481 1503 5551 ﬂagitiorum,
1560 5490 1653 5536 aut
1707 5482 1852 5550 adju-

284 5572 465 5618 menta
497 5572 821 5632 qmerantur.
864 5564 992 5619 Item
1021 5570 1160 5636 quod
1189 5570 1298 5638 agit
1326 5570 1561 5624 Charitas
1585 5570 1727 5639 quod
1749 5571 1852 5625 sibi

281 5654 476 5724 prosit,
496 5653 698 5707 utilitas
717 5663 827 5718 est;
849 5657 987 5724 quod
1003 5666 1178 5711 autem
1196 5660 1304 5728 agit
1326 5669 1380 5714 ut
1402 5662 1570 5730 prosit
1584 5662 1848 5731 proximo,

286 5742 645 5799 beneﬁcentia
693 5746 1012 5800 nominatur.
1062 5748 1125 5803 Et
1180 5749 1264 5803 liic
1297 5752 1548 5821 prmcedit
1602 5753 1846 5807 utilitas:

1956 4662 2243 4718 ﬁcentiam.
2285 4664 2553 4733 lntelligas
2575 4681 2700 4735 ergo
2727 4666 2951 4735 ﬁgurate
2976 4668 3229 4737 positum,
3270 4682 3367 4736 pro
3395 4682 3520 4737 pec-

1956 4762 2075 4808 cato
2102 4764 2444 4822 peccatorem,
2476 4763 2531 4808 ut
2565 4765 2842 4824 peccatum
2865 4755 2979 4824 ejus
3000 4772 3103 4812 non
3133 4758 3412 4826 suscipias.

2536 4863 2760 4919 CAPUT
2801 4863 2933 4918 XIV.

1919 4966 1921 4968 ·
1953 4950 2031 5005 De
2064 4954 2208 5007 varia
2229 4953 2605 5023 signiﬁcatione
2628 4955 2909 5018 verborum,
2954 4971 3067 5024 quae
3096 4966 3294 5010 constat
3318 4956 3371 5011 in
3398 4975 3521 5014 con-

2394 5025 2659 5076 trarietate
2677 5034 2724 5076 et
2751 5025 3063 5077 diversitate.

2026 5110 2129 5166 Sed
2162 5113 2411 5181 quoniam
2444 5112 2621 5166 multis
2656 5113 2825 5166 modis
2869 5127 2955 5167 res
2988 5113 3189 5169 similes
3238 5127 3515 5185 apparent,

1954 5218 2060 5256 non
2102 5211 2345 5271 putemus
2392 5202 2463 5254 ita
2492 5216 2611 5255 esse
2658 5202 2938 5270 scriptum,
2983 5211 3039 5258 ut
3066 5206 3207 5273 quod
3242 5206 3296 5259 in
3340 5207 3518 5275 aliquo

1955 5291 2070 5345 loco
2100 5306 2188 5344 res
2214 5291 2389 5358 aliqua
2420 5306 2515 5358 per
2540 5291 2941 5345 similitudinem
2983 5293 3380 5365 signiﬁcaverit,
3414 5296 3515 5349 hoc

1955 5398 2072 5437 eam
2099 5394 2310 5449 semper
2348 5381 2651 5450 signiﬁcare
2692 5383 2994 5437 credamus.
3025 5383 3159 5438 Nam
3198 5393 3252 5439 et
3298 5385 3353 5438 in
3382 5384 3517 5438 vita-

1950 5474 2225 5545 peratione
2263 5474 2434 5541 posuit
2474 5472 2797 5529 fermentum
2840 5476 3094 5531 Dominus
3119 5492 3237 5530 cum
3268 5477 3468 5530 diceret
3499 5492 3511 5529 :

1954 5565 2133 5620 Cavete
2154 5581 2185 5617 a
2209 5564 2459 5632 fermento
2484 5564 2875 5619 Pharisazorum
2900 5566 3046 5637 (Luc.
3069 5566 3187 5635 xu);
3208 5573 3263 5619 et
3282 5566 3335 5618 in
3359 5563 3515 5618 laude

1952 5670 2072 5711 cum
2120 5654 2365 5709 diceret:
2397 5652 2575 5709 Simile
2619 5666 2693 5709 est
2747 5672 2956 5725 regnum
3013 5654 3255 5708 cartorum
3308 5656 3515 5711 mulieri

1954 5763 2070 5817 qui?
2092 5745 2355 5799 abscondit
2398 5746 2704 5815 fermentum
2734 5748 2787 5800 in
2822 5746 2982 5798 tribus
3008 5746 3259 5799 mensuris
3301 5745 3511 5817 (crime,
