3968 6330
248 325 358 392 593

1040 322 1129 377 Dii
1169 322 1611 381 CLERICORUM
1650 322 2150 390 INSTITUTIONE,
2192 324 2343 381 ETC.
2386 357 2453 367 —
2492 327 2619 382 LIB.
2658 327 2744 383 Ill.

3400 328 3504 386 395

208 472 215 479 ι
252 451 368 503 tuta
394 455 543 505 sunt,
569 452 902 510 Quaecunque
924 438 977 492 in
1001 437 1087 491 ha!
1115 438 1191 491 tiu
1225 448 1279 492 et
1313 437 1458 503 cultu
1488 439 1732 508 corporis
1760 438 1826 493 ad
1856 444 1901 501 Α
1929 452 2048 506 quae
2067 438 2140 493 de
2180 438 2417 494 locorum
2464 440 2592 503 situ,
2626 439 2940 507 naturisque
2978 438 3312 507 animalium,
3344 440 3514 512 ligno—
3546 455 3552 461 ·

251 548 417 597 sexus
440 529 524 585 vel
563 529 795 584 honores
824 527 1213 582 discernendos
1255 526 1552 581 diﬁerentia
1590 527 1826 596 placuit;

253 636 313 682 et
346 620 758 680 innumerabilia
794 632 1001 689 genera
1050 616 1503 688 signiﬁcationum
1557 618 1674 672 sine
1706 617 1828 687 qui-

252 717 358 772 bus
392 714 626 769 humana
670 709 921 773 societas,
969 715 1059 761 aut
1094 721 1203 760 non
1226 707 1477 771 omnino,
1522 718 1614 761 aut
1658 708 1833 762 minus

253 803 539 857 commode
602 797 843 868 geritur;
896 809 1127 865 quaeque
1180 795 1235 847 in
1289 794 1614 863 ponderibus
1670 806 1832 866 atque

253 891 545 954 mensuris,
570 898 624 942 et
655 900 996 941 nummorum
1024 885 1095 941 im
1105 884 1475 953 pressionibus
1512 892 1568 942 et
1600 887 1829 939 aestima-

253 982 515 1044 tionibus,
545 990 659 1032 sua.
678 977 871 1046 cuique
910 973 1117 1029 civitati
1145 980 1198 1027 et
1218 974 1414 1044 populo
1440 985 1566 1030 sunt
1589 976 1828 1045 pmpria,

252 1080 313 1134 et
344 1079 541 1125 caetera
582 1066 906 1135 huiusmodi,
948 1078 1068 1134 quae
1116 1054 1539 1118 nisi'hominum
1588 1064 1829 1119 instituta

252 1169 457 1225 essent,
505 1172 610 1213 non
635 1172 732 1228 per
766 1157 1007 1212 diversos
1036 1154 1260 1227 pupulos
1299 1155 1459 1210 varia:
1501 1166 1701 1220 essent,
1734 1172 1832 1212 nec

152 1284 158 1289 .
254 1253 313 1310 in
340 1251 472 1320 ipsis
496 1248 703 1320 populis
738 1247 960 1318 singulis
988 1260 1088 1316 pro
1124 1244 1351 1302 arbitrio
1381 1262 1599 1302 suorum
1634 1249 1831 1319 princi-

253 1357 395 1413 pum
422 1346 785 1395 mutarentur.
831 1336 937 1394 Sed
976 1337 1095 1392 haze
1152 1342 1265 1391 tota
1304 1352 1429 1407 pars
1473 1338 1830 1393 humanorum

256 1434 659 1499 institutorum,
694 1444 814 1499 qua:
841 1429 907 1484 ad
929 1444 1084 1485 usum
1113 1430 1239 1483 vitae
1276 1429 1639 1484 necessarium
1667 1431 1832 1500 proti-

254 1523 441 1585 ciunt,
489 1503 826 1588 nequaquam
872 1525 956 1573 est
1008 1517 1256 1591 fugienda
1316 1516 1660 1585 Christiano;
1721 1519 1831 1574 imo

253 1612 448 1677 etiam,
475 1592 736 1679 quantum
762 1607 899 1676 satis
922 1615 1026 1673 est,
1051 1607 1326 1682 intuenda,
1350 1594 1717 1677 memoriaque
1747 1623 1833 1662 re-

256 1700 495 1759 tinenda.
524 1699 608 1755 Ad
638 1699 778 1762 hanc
797 1705 1007 1768 partem
1031 1698 1196 1753 etiam
1235 1697 1507 1767 pertinent
1528 1697 1829 1754 litterarum

1934 543 2072 592 rum,
2101 529 2411 595 herbarum,
2435 528 2694 598 lapidum,
2736 528 3033 585 aliorumve
3054 544 3347 599 corporum
3375 532 3509 587 serio

1930 630 2020 689 pta
2050 628 2191 675 sunt.
2240 621 2316 675 De
2357 636 2465 690 quo
2500 636 2699 692 genere
2738 621 2985 691 superius
3022 621 3249 692 egimus,
3281 635 3513 694 eamque

1930 713 2291 783 cegnitionem
2318 712 2499 769 valere
2544 714 2612 768 ad
2640 712 2927 782 (enigmata
2974 712 3376 784 Scripturarum
3404 713 3512 771 sol-

1931 803 2121 865 venda,
2172 802 2472 868 docuimus,
2505 818 2609 857 non
2644 812 2703 857 ut
2728 818 2827 873 pro
2856 803 3173 873 quibusdam
3207 804 3375 874 signis
3411 794 3523 858 adv

1930 892 2217 946 hibeantur
2247 899 2501 960 tanquam
2542 892 2609 957 ad
2634 893 2916 958 remedia,
2958 892 3041 947 vel
3080 893 3509 948 machinamenta

1930 984 2326 1054 superstitionis
2370 984 2617 1052 alicujus.
2666 985 2912 1041 Siderum
2956 995 3137 1042 autem
3185 1003 3514 1059 cognoscen-

1929 1074 2121 1129 dorum
2149 1090 2255 1129 non
2283 1075 2545 1135 narratio.
2577 1074 2669 1130 sed
2699 1076 3083 1133 demonstratio
3121 1086 3247 1133 est‘:
3280 1093 3510 1148 quorum

1929 1181 2196 1237 perpauca
2221 1165 2501 1236 Scriptura
2532 1164 2937 1222 commemorat.
2970 1169 3142 1225 Habet
3168 1179 3351 1227 autem
3374 1187 3512 1241 pra:-

1933 1265 2014 1311 ter
2067 1257 2580 1312 demonstrationem
2643 1259 3026 1327 praesentium,
3083 1261 3246 1315 etiam
3290 1273 3511 1332 praeter-

1932 1348 2131 1402 itorum
2180 1347 2479 1402 narrationi
2521 1348 2698 1403 simile
2726 1348 2947 1417 aliquid,
2988 1350 3134 1418 quod
3177 1365 3207 1405 a
3259 1354 3509 1422 praesenti

1929 1436 2214 1505 positione,
2233 1444 2487 1507 motuque
2503 1437 2766 1502 siderum,
2780 1439 2845 1493 ad
2865 1440 3137 1510 praeterita
3155 1456 3339 1497 eorum
3355 1446 3513 1499 vesti-

1928 1528 2015 1597 gia
2048 1527 2366 1598 regulariter
2396 1516 2522 1585 licet
2563 1542 2865 1585 recurrere.
2894 1528 3068 1585 Habet
3096 1531 3260 1587 etiam
3303 1531 3512 1589 futuro-

1930 1635 2049 1673 rum
2088 1618 2362 1689 regulares
2406 1620 2746 1689 conjecturas
2788 1636 2895 1677 non
2939 1624 3264 1694 suspiciosus
3290 1633 3347 1683 et
3373 1626 3512 1682 otio-

1929 1723 2041 1773 sas,
2078 1709 2173 1763 sed
2206 1723 2360 1764 raras
2384 1718 2439 1763 et
2457 1717 2674 1775 certas;
2707 1726 2812 1765 non
2851 1719 2909 1768 ut
2932 1727 2998 1768 ex
3034 1706 3129 1771 eis
3158 1716 3363 1785 aliquid
3403 1726 3511 1771 tra-

254 1791 462 1863 ﬁgurae,
511 1805 631 1860 Quae
671 1773 771 1860 pro
815 1788 968 1843 Iibitu
1012 1788 1289 1843 hominum
1334 1789 1639 1846 constituta:
1681 1800 1828 1856 sunt,
1859 1795 1905 1854 Β
1934 1800 2062 1855 here
2085 1799 2138 1854 in
2167 1811 2351 1873 nostra
2390 1799 2501 1855 fata
2530 1809 2588 1857 et
2605 1773 2797 1860 eventa
2828 1812 3117 1875 tentemus,
3149 1773 3327 1879 quaiia
3354 1826 3513 1882 gene-

254 1899 358 1950 nec
398 1892 577 1939 tamen
616 1881 865 1938 omnibus
893 1881 1157 1952 gentibus.
1179 1896 1511 1948 communes,
1554 1883 1651 1940 sed
1696 1884 1841 1949 alias

256 1973 505 2034 Hebraea.
552 1971 686 2027 alias
712 1970 932 2038 Cra-ca,
978 1970 1115 2049 alias
1143 1970 1334 2038 Latina
1366 1986 1502 2042 gens
1545 1972 1727 2045 habet,
1774 1982 1831 2029 et

248 2071 473 2119 autem
492 2061 734 2131 quaedam
747 2070 953 2132 gentes,
964 2060 1217 2117 similiter
1237 2061 1304 2115 ad
1326 2062 1707 2133 proprietatem
1730 2064 1830 2119 lin-

257 2166 376 2223 guae
386 2166 516 2217 suae,
531 2151 737 2205 litteras
750 2150 849 2204 sibi
867 2149 1161 2214 secundum
1175 2150 1431 2221 placitum
1443 2153 1826 2211 formaverunt.

812 2244 1064 2318 CAPUT
1089 2262 1247 2318 xvu.

460 2330 592 2397 Qum
620 2331 1134 2400 dioirtitusjnstt'tuta
1172 2333 1623 2406 investigaveratnt.

264 2468 295 2487 ,.
327 2423 453 2479 lam
470 2438 599 2487 vero
630 2422 718 2478 illa
742 2438 862 2494 quae
889 2438 997 2479 non
1025 2423 1372 2492 instituendo,
1412 2427 1508 2483 sed
1533 2437 1628 2482 aut
1654 2437 1830 2493 trans-

256 2524 379 2571 acta
424 2513 792 2585 temporibus,
838 2521 937 2568 aut
984 2513 1240 2571 divinitus
1296 2516 1543 2577 instituta
1603 2518 1827 2589 invesu-

257 2604 434 2677 gaude
479 2605 722 2660 homines
758 2604 1137 2673 prodiderunt,
1180 2598 1483 2676 ubicunque
1527 2607 1825 2675 discantur,

258 2710 365 2752 non
416 2703 543 2752 sunt
578 2695 853 2757 hominum
891 2695 1136 2763 instituta
1176 2697 1551 2753 existimanda.
1589 2699 1826 2769 Quorum

257 2794 390 2840 sunt
417 2784 521 2840 alia
547 2784 614 2839 ad
647 2798 836 2857 sensus
862 2785 1132 2855 corporis,
1175 2785 1278 2840 alia
1308 2802 1435 2842 vero
1471 2789 1537 2843 ad
1564 2790 1827 2846 rationem

257 2873 425 2929 animi
453 2872 797 2944 pertinentia.
836 2870 942 2942 Sed
979 2872 1068 2927 illa
1112 2889 1234 2943 quae
1262 2875 1329 2930 ad
1358 2890 1547 2947 sensus
1586 2880 1828 2954 corporis

257 2964 546 3034 attingunt,
602 2961 686 3016 vel
733 2971 950 3017 narrata
998 2962 1311 3037 credimus.L
1329 2964 1412 3020 vel
1454 2966 1825 3037 demonstrata

256 3051 545 3123 sentimus,
575 3050 658 3108 vel
683 3061 904 3123 experta
927 3050 1569 3130 conjieimus{Quidquid
1603 3074 1732 3130 ergo
1759 3059 1826 3116 de

256 3142 447 3197 ordine
476 3151 771 3211 temporum
814 3136 1204 3198 transactorum
1244 3136 1443 3202 indicat
1481 3160 1545 3204 ea
1572 3162 1694 3219 quae
1718 3143 1824 3221 ’ap-
1852 3140 1897 3203 C

256 3232 486 3301 pellatur
529 3233 773 3297 historia,
819 3232 1247 3305 plurimumnos
1288 3236 1503 3305 adjuvat
1546 3242 1612 3295 ad
1658 3240 1826 3297 libros

255 3334 473 3380 sanctos
519 3322 931 3395 intelligendos,
988 3324 1151 3378 etiam
1190 3325 1239 3379 si
1275 3336 1482 3401 ,prazter
1531 3328 1825 3386 Ecclesium

253 3416 455 3487 puerili
489 3417 789 3473 eruditione
810 3417 1066 3479 discatur.
1108 3419 1241 3476 Nam
1261 3430 1432 3490 etper
1457 3421 1844 3494 Olympiadas,

253 3516 311 3569 et
332 3523 428 3578 per
470 3508 749 3563 consulum
768 3510 1017 3575 nomina,
1058 3502 1232 3567 multa
1269 3528 1422 3583 βενε
1451 3525 1765 3584 (ιιιωι-ιιηωιν
1794 3534 1824 3572 a

255 3599 446 3664 nobis;
474 3608 529 3654 et
558 3600 858 3679 ignorantia
884 3602 1195 3659 consulatus
1225 3618 1332 3674 quo
1354 3614 1509 3662 natus
1543 3616 1631 3672 est
1649 3609 1826 3665 Domi-

256 3709 381 3759 nus,
414 3702 477 3748 et
503 3694 720 3763 quando
759 3710 950 3764 passus
975 3703 1077 3761 est,
1107 3696 1388 3761 nonnullos
1411 3700 1587 3771 coegit
1615 3715 1825 3769 errare,

255 3794 318 3841 ut
341 3793 597 3856 putarent
614 3786 1019 3857 quadragesima
1052 3797 1205 3845 sexta
1231 3803 1495 3847 annorum
1519 3799 1677 3847 atate
1704 3808 1827 3863 pas-

253 3889 377 3935 sum
404 3889 541 3931 esse
584 3875 886 3940 Dominum,
925 3876 1172 3947 quia‘per
1201 3886 1279 3934 tot
1308 3894 1476 3936 annos
1507 3882 1826 3948 aediﬁcatum

252 3967 515 4043 templum
552 3980 672 4022 esse
698 3967 900 4028 dictum
928 3972 1013 4023 est
1038 3982 1069 4021 a
1103 3967 1329 4034 Judzeis,
1353 3971 1496 4039 quod
1536 3971 1824 4040 imaginem

254 4056 521 4111 Detninici
559 4056 801 4124 corporis
835 4057 1084 4112 habebat.
1132 4056 1239 4113 Sed
1275 4073 1542 4123 annorum
1576 4057 1698 4127 Vtere
1729 4061 1826 4115 tri—

255 4148 408 4218 ginta
440 4147 764 4217 baptizatum
800 4162 927 4202 .esse
966 4148 1271 4204 retinemus
1304 4150 1625 4213 auctoritate
1666 4165 1828 4206 evan~

254 4236 462 4308 geliea;
517 4237 610 4291 sed
651 4245 837 4306 postea
884 4246 1013 4307 quot
1060 4240 1229 4313 annos
1259 4239 1314 4293 in
1342 4239 1453 4295 hac
1495 4240 1608 4311 vita
1654 4241 1826 4313 egerit

254 4340 565 4396 quanquam
610 4334 771 4380 textu
788 4325 905 4396 ipso
943 4326 1357 4396 actionumejus
1398 4328 1851 4393 animadvertere

253 4419 452 4487 possis,
486 4428 660 4472 tamen
687 4418 999 4486 netaJiundo
1030 4418 1201 4489 alligo
1222 4418 1574 4485 dubitationis
1595 4420 1819 4489 oriatur,

1932 1892 2262 1956 thliacorum
2280 1892 2636 1952 deliramenta
2664 1903 2788 1952 sunt
2806 1936 2823 1960 ,
2871 1896 2967 1952 sed
3002 1909 3267 1968 quantum
3294 1902 3363 1957 ad
3392 1902 3508 1973 ipsa

1930 1984 2170 2053 pertinet
2214 1984 2417 2043 sidera.
2453 1983 2586 2042 Nam
2631 1986 2771 2042 sicut
2812 1988 2862 2043 is
2886 1989 2978 2058 qui
3018 1999 3295 2063 camputat
3326 1992 3508 2049 lunam

1930 2079 2053 2129 eum
2098 2075 2257 2145 hodie
2292 2076 2587 2146 inspexerit
2636 2088 2798 2149 quota
2849 2081 2938 2144 sit,
2982 2090 3037 2136 et
3070 2091 3196 2140 ante
3238 2083 3510 2155 quoslibet

1931 2179 2101 2225 annos
2150 2174 2316 2234 quota
2366 2165 2549 2232 fuerit,
2595 2176 2651 2222 et
2684 2176 2805 2238 post
2822 2170 3092 2238 quoslibet
3134 2186 3307 2228 annos
3345 2183 3506 2244 quota

1929 2252 2109 2312 futura
2163 2265 2235 2311 sit
2286 2260 2465 2327 potest
2520 2259 2734 2321 dicere;
2807 2260 2885 2314 sic
2937 2260 3005 2316 de
3058 2276 3381 2333 unoquoque
3435 2264 3506 2319 si-

1928 2343 2149 2409 derum,
2203 2344 2295 2415 qui
2324 2360 2388 2401 ea
2430 2348 2599 2417 perite
2639 2355 2973 2419 computant,
3019 2351 3345 2421 respondere
3378 2366 3506 2406 cou-

1929 2445 2237 2501 sueverunt.
2284 2431 2498 2495 Artium
2538 2438 2682 2493 enim
2725 2447 3043 2497 exterarum
3081 2440 3277 2510 quibus
3303 2441 3504 2513 aliquid

1929 2518 2256 2591 fabricatur,
2318 2528 2402 2584 vel
2450 2528 2579 2597 quid
2638 2536 2915 2584 remaneat
2961 2537 3083 2598 post
3136 2531 3505 2601 operationem

1927 2616 2153 2675 artiﬁcis
2204 2620 2275 2676 ab
2315 2620 2416 2676 illo
2465 2620 2747 2686 electum,
2807 2622 2947 2678 sicut
2999 2623 3190 2679 domus
3232 2632 3287 2679 et
3332 2640 3506 2680 scam-

1930 2716 2088 2772 num;
2114 2706 2196 2763 vel
2230 2724 2352 2779 qua
2382 2710 2744 2767 ministerium
2785 2712 3054 2781 quatiam
3084 2712 3340 2769 exhibent
3378 2728 3507 2783 ope-

1928 2796 2069 2852 ranti
2108 2796 2250 2865 Deo,
2286 2799 2431 2856 sicut
2466 2802 2733 2857 medicina
2772 2808 2828 2859 et
2855 2802 3183 2882 agricultura
3224 2792 3280 2859 et
3315 2804 3506 2875 guber-

1926 2886 2077 2942 natio
2113 2905 2125 2938 :
2164 2886 2357 2947 barum
2389 2903 2520 2961 ergo
2558 2899 2878 2947 cunctarum
2907 2891 3102 2947 artium
3127 2892 3195 2948 de
3216 2893 3507 2964 praeteritis

1926 2975 2132 3033 faciunt
2157 2978 2550 3049 experimenta,
2588 2980 2753 3035 etiam
2779 2979 2957 3035 futura
2987 2979 3342 3050 conjicienda.
3374 2981 3504 3036 Nul-

1926 3066 2011 3122 lus
2028 3079 2216 3124 earnm
2236 3068 2436 3123 artium
2454 3069 2650 3127 artifex
2672 3068 3108 3129 membraimovet
3136 3070 3189 3126 in
3207 3071 3506 3142 operando,

1927 3158 2037 3214 nisi
2052 3158 2445 3228 prazteritorum
2475 3161 2794 3216 memoriam
2822 3172 2945 3217 cum
2968 3159 3272 3224 futurorum
3314 3176 3506 3234 exspe-

1925 3249 2161 3306 ctatione
2186 3257 2459 3305 conterat.
2496 3248 2604 3304 Sed
2634 3251 2751 3306 haec
2773 3264 2879 3309 non
2902 3250 2972 3307 ob
2997 3250 3143 3307 aliud
3179 3265 3506 3308 commemo-

1928 3337 2197 3403 ravimus;
2227 3337 2330 3393 nisi
2362 3325 2421 3397 ut
2449 3353 2560 3393 non
2590 3339 2812 3393 omnino
2839 3340 3140 3395 nesciamus
3180 3340 3312 3410 quid
3353 3339 3507 3396 Scri-

1926 3435 2082 3497 ptura
2132 3423 2597 3494 velitju'siuuare,
2641 3443 2763 3484 eunt
2801 3427 2869 3483 de
2916 3430 3003 3484 his
3044 3429 3253 3485 artibus
3297 3430 3506 3501 aliquas

1927 3514 2185 3586 ﬁguratas
2220 3515 2520 3572 locutiones
2564 3516 2771 3571 inserit.
2801 3515 3027 3571 Restant
3050 3531 3112 3571 ea
3154 3532 3274 3587 qua
3299 3532 3405 3573 non
3430 3519 3505 3577 'ad

1928 3605 2171 3675 corporis
2212 3619 2426 3671 sensus,
2477 3604 2572 3660 sed
2601 3606 2668 3660 ad
2700 3606 2968 3662 rationem
3005 3607 3167 3661 anitni
3212 3608 3503 3678 pertinent,

1927 3697 2017 3754 ubi
2045 3682 2566 3769 disciplina'regnat
2604 3690 2984 3769 disputatioiiis
3019 3708 3075 3754 et
3116 3700 3347 3759 numeri.
3399 3698 3505 3755 Sed

1926 3786 2304 3855 disputationis
2352 3786 2635 3857 disciplina
2682 3787 2753 3841 ad
2802 3789 2981 3844 omnia
3020 3800 3215 3860 genera
3254 3790 3504 3860 quaestio-

1928 3890 2054 3929 num
2097 3891 2218 3946 qua:
2242 3876 2297 3929 in
2327 3875 2521 3931 litteris
2550 3877 2754 3932 sanctis
2782 3884 2911 3931 sunt
2945 3879 3277 3948 penetranda
3310 3887 3370 3935 et
3390 3879 3504 3935 dis-

1928 3964 2180 4029 solvenda
2221 3964 2511 4033 plurimum
2554 3964 2724 4030 valet;
2769 3973 2979 4027 tantum
3024 3966 3096 4023 ibi
3147 3969 3387 4025 cavenda
3419 3980 3503 4023 est

1884 4088 1887 4091 ›
1928 4053 2091 4109 libido
2141 4054 2371 4118 rixandi,
2431 4062 2486 4108 et
2523 4056 2745 4125 puerilis
2782 4058 3027 4125 quaedam
3074 4058 3312 4113 ostensio
3357 4058 3504 4114 deei—

1925 4144 2107 4213 piendi
2157 4143 2544 4201 adversarium.
2579 4144 2696 4201 Sed
2742 4147 2808 4211 de
2853 4148 2957 4202 hoc
2996 4147 3208 4216 plenius
3261 4147 3504 4205 dicemus

1926 4251 2048 4300 eum
2099 4236 2167 4291 de
2219 4235 2502 4301 dialectica
2561 4247 2722 4307 atque
2770 4239 3039 4293 rhetorica
3087 4239 3497 4310 disputabimus.

1924 4326 2043 4389 lam
2070 4339 2197 4380 vero
2226 4326 2433 4380 numeri
2472 4326 2754 4395 disciplina
2781 4328 3003 4383 cuilibet
3045 4330 3355 4387 tardissimo
3391 4331 3499 4384 cla-
3566 4399 3571 4404 ‘

1927 4431 2049 4483 rum
2065 4425 2172 4480 est,
2219 4414 2363 4486 quod
2393 4431 2500 4471 non
2530 4417 2603 4472 sit
2646 4416 2715 4471 ab
2752 4417 3060 4473 hominibus
3096 4418 3359 4485 instituta,
3405 4423 3500 4475 sed

254 4510 324 4565 de
346 4509 566 4571 historia
591 4508 828 4577 gentium
852 4507 1047 4573 tenuata
1074 4522 1200 4563 mm
1224 4507 1531 4579 Evangelia,
1566 4496 1823 4579 liquidius
1850 4492 1899 4551 Ῑ)
1927 4497 2103 4578 potius
2144 4506 2395 4576 indagata
2420 4517 2475 4561 et
2502 4506 2739 4561 inventa.
2770 4506 2881 4560 Non
2908 4508 3051 4562 enim
3092 4509 3230 4564 sicut
3268 4510 3500 4580 primam

256 4601 565 4669 certiusque
592 4598 879 4671 colligitur.
914 4598 1063 4655 Tunc
1083 4598 1232 4653 enim
1272 4597 1542 4663 videbitur
1564 4613 1674 4659 non
1703 4597 1817 4653 fru-

257 4698 375 4745 stra
403 4705 523 4745 esse
557 4690 779 4754 dictum,
815 4688 961 4758 quod
984 4688 1333 4759 quadraginta
1374 4684 1822 4758 anuis'templnm

258 4778 581 4834 aediﬁcatum
605 4777 695 4841 sit,
729 4786 787 4831 ut
812 4791 937 4837 eum
967 4775 1155 4831 αξιθηὶ
1184 4777 1289 4831 iste
1312 4768 1571 4832 numerus
1597 4778 1666 4833 ad
1688 4786 1820 4845 teta-

250 4881 370 4925 ‘tetn
392 4868 603 4931 Domini
639 4882 746 4921 non
770 4866 1023 4936 potuerit,
1046 4866 1114 4920 ad
1149 4866 1496 4921 secretiorem
1516 4866 1821 4922 instructio—

256 4973 384 5012 nem
417 4956 634 5011 humani
662 4954 902 5024 eorporis
929 4952 1214 5018 referatur,
1257 4953 1397 5022 quod
1421 4954 1565 5017 indui
1603 4963 1819 5024 propter

254 5050 355 5101 nos
379 5062 484 5101 non
521 5045 836 5115 dedignatus
856 5053 939 5099 est
962 5045 1151 5100 unicus
1178 5044 1270 5099 Dei
1313 5043 1498 5109 Filius,
1535 5059 1634 5113 per
1658 5060 1817 5114 quem

256 5135 400 5190 facta
419 5142 544 5189 sunt
562 5116 781 5222 omnia
792 5134 948 5197 Aliud
970 5141 1055 5188 est
1081 5133 1224 5187 enim
1244 5132 1382 5188 facta
1409 5148 1649 5199 narrare,
1675 5135 1817 5188 aliud

258 5227 451 5282 docere
483 5225 745 5283 facienda.
792 5224 1028 5285 Historia
1076 5224 1217 5279 facta
1253 5233 1437 5279 narrat
1464 5224 1695 5280 ﬁdeliter
1736 5236 1815 5278 at-

254 5332 360 5387 que
386 5317 620 5381 utiliter;
639 5315 772 5373 .libri
799 5323 978 5369 autem
1005 5315 1310 5390 aruspicum
1335 5324 1389 5368 et
1415 5330 1638 5384 quinque
1667 5315 1813 5369 simi-

255 5406 333 5461 les
378 5405 590 5468 litterm,
632 5403 875 5471 facienda
925 5403 1007 5458 vel
1041 5403 1371 5459 observanda
1410 5404 1691 5459 intendunt
1726 5406 1817 5460 do-

252 5510 396 5560 cere,
421 5495 703 5549 monitoris
728 5494 968 5566 audacia,
1002 5481 1108 5547 uo'n
1146 5494 1335 5548 indicis
1374 5492 1494 5548 ﬁde.
1529 5494 1621 5549 Est
1651 5495 1813 5549 etiam

249 5585 487 5640 narratio
516 5583 708 5638 similis
750 5582 1208 5646 demonstrationi,
1257 5598 1360 5651 qua
1392 5598 1495 5636 non
1520 5584 1810 5652 praeterita,

248 5675 338 5731 sed
362 5672 653 5745 pnesentia
682 5670 986 5727 indicantur
1013 5672 1213 5742 ignaris
1262 5672 1312 5726 in
1343 5688 1445 5742 quo
1473 5688 1664 5743 genere
1686 5687 1811 5731 sunt

651 5762 922 5825 Parant.
964 5763 1147 5825 tiVll.

1921 4597 2181 4667 syllabam
2209 4596 2374 4658 Italia:
2404 4612 2565 4666 quam
2590 4598 2809 4653 brevem
2839 4600 3322 4667 pronuntiaverunt
3346 4610 3497 4655 vete-

1923 4704 2031 4753 res,
2060 4688 2229 4743 voluit
2255 4687 2509 4760 Virgilius
2537 4697 2591 4744 et
2622 4689 2778 4760 longa
2803 4689 2943 4745 facta
2974 4699 3075 4755 est,
3105 4692 3183 4747 ita
3209 4693 3495 4763 quisquam

1921 4777 2347 4849 potesteﬁicere
2383 4794 2507 4833 cum
2550 4780 2796 4847 voluerit,
2842 4792 2898 4837 ut
2928 4792 3009 4838 ter
3057 4791 3208 4837 terna
3249 4793 3343 4838 aut
3386 4800 3511 4843 nort

1921 4871 2275 4935 sint,noyem,
2307 4881 2401 4925 aut
2432 4887 2536 4925 non
2556 4872 2763 4941 possint
2788 4874 2998 4932 eﬁicere
3018 4875 3335 4943 quadratam
3362 4877 3496 4947 ﬁgu-

1926 4975 2062 5022 ram,
2088 4968 2182 5013 aut
2208 4975 2312 5015 non
2357 4961 2424 5013 ad
2450 4962 2743 5016 ternarium
2776 4978 3056 5017 numerum
3088 4964 3245 5034 tripla
3266 4967 3393 5029 sint,
3425 4968 3493 5023 ad

1924 5052 2191 5105 senarium
2221 5051 2486 5119 sescupla,
2531 5052 2597 5106 ad
2622 5052 2823 5106 nullout
2853 5052 3035 5123 dupla,
3078 5056 3203 5123 quia
3245 5056 3494 5127 intelligi-

1924 5138 2057 5192 biles
2109 5140 2317 5192 numeri
2357 5141 2635 5195 semissem
2688 5157 2792 5195 non
2832 5143 3048 5196 habent.
3092 5142 3217 5198 Sive
3262 5159 3392 5215 ergo
3436 5147 3489 5199 in

1922 5226 2113 5296 iseipsis
2133 5229 2562 5293 eousiderentur,
2610 5231 2721 5284 sive
2762 5230 2827 5283 ad
2858 5231 3168 5300 ﬁgurarum,
3201 5245 3292 5287 aut
3317 5236 3384 5290 ad
3412 5251 3493 5290 so-

1922 5332 2112 5371 norum
2141 5317 2365 5371 aliorum
2413 5320 2519 5388 vel.
2547 5323 2839 5376 motionum
2886 5324 3029 5393 leges
3078 5327 3285 5379 numeri
3338 5327 3493 5385 adhi-

1917 5407 2164 5471 beantur,
2197 5409 2662 5466 ineommutabiles
2692 5414 2903 5482 regulas
2935 5416 3149 5479 habent,
3177 5432 3351 5485 neque
3380 5418 3487 5471 ullo

1917 5499 2075 5551 modo
2120 5497 2188 5551 ab
2239 5498 2545 5555 hominibus
2598 5501 2901 5566 institutas,
2949 5504 3038 5557 sed
3087 5503 3484 5571 ingeniosorum

1916 5586 2205 5658 sagacitate
2250 5598 2571 5658 compertas.
2617 5590 2745 5655 Quae
2792 5603 2965 5646 tamen
3009 5593 3188 5647 omnia
3242 5595 3485 5662 quisquis

1918 5678 1988 5731 ita
2035 5677 2310 5741 dilexerit,
2357 5688 2414 5733 ut
2443 5679 2648 5749 jactare
2678 5696 2734 5737 se
2765 5682 2902 5735 inter
2932 5683 3208 5751 imperitos
3250 5683 3395 5748 velit,
3428 5694 3483 5738 et
