3968 6340
467 351 565 399 ετξ)
1113 345 1169 394 ιὶ.
1216 339 1462 396 ξιλΒΑΝι
1507 339 1719 393 MAlIRl
1764 337 2076 392 Alitillllll’.
2123 340 2424 396 MllGliNT.
2464 339 2743 395 OPERUM
2777 340 2954 396 PARS
2993 343 3030 395 Ι.
3595 345 3701 399 3TH:

462 477 562 513 non
617 450 789 528 potius.
829 471 1065 523 (pta-rere
1114 455 1255 508 unde
1308 455 1412 507 sint
1447 471 1584 512 vera,
1637 470 1752 521 quae.
1798 451 2025 506 tantnm-
2055 460 2099 515 Α
2130 453 2384 522 sapphico
2431 461 2618 514 ttnnet,
2666 468 2803 505 nunc
2832 453 3102 521 semipede
3142 454 3456 524 ingreditur.
3513 455 3710 509 Dente-

462 550 617 602 mudo
651 564 771 598 vera
816 561 933 597 case
984 545 1344 614 pt‘t‘st‘llSt‘t‘il‘;
1387 554 1438 595 et
1466 544 1602 596 unde
1641 544 1884 612 quaedam
1928 558 2032 596 non

460 639 629 694 solum
663 653 807 697 vera,
838 637 930 689 sed
958 637 1119 688 etiam
1162 631 1637 696 inronnuutahilia,
1686 648 1805 701 quze
1835 633 2034 686 incom-

465 729 738 780 mutabilia
781 742 898 779 esse.
955 723 1447 792 comprehenderit;
1512 738 1573 776 ac
1617 723 1695 776 sic
1737 725 1805 777 ab
1858 722 2034 792 specie

460 833 745 886 corporum
780 832 947 884 usque
994 815 1056 866 ad
1097 815 1379 866 lmmanam
1417 821 1648 866 mentem
1694 813 2034 882 perveniens,

461 925 582 961 eum
615 919 667 961 et
696 910 864 974 ipsam
891 903 1197 958 mutabilem
1228 903 1512 965 invenerit,
1537 903 1677 971 quod
1714 918 1853 955 nunc
1880 903 2034 956 docta

464 1015 604 1050 nunc
633 998 842 1050 indocta
882 996 971 1056 sit,
1021 995 1310 1048 constituta
1362 1003 1538 1046 tanien
1572 995 1710 1045 inter
1743 1001 2036 1045 commuta-

465 1090 623 1141 bilem
651 1102 806 1155 supra
838 1101 895 1138 se
919 1085 1235 1147 veritatem,
1268 1092 1320 1137 et
1351 1084 1626 1136 mutabilia
1659 1082 1799 1137 infra
1846 1097 1903 1137 se
1935 1098 2036 1137 ea:-

468 1189 597 1241 tera,
625 1178 689 1229 ad
715 1176 869 1228 unius
896 1175 985 1229 Dei
1038 1173 1246 1226 laudent
1278 1184 1436 1240 atque
1464 1173 1803 1228 dilectionem
1845 1184 2034 1228 cuncta

465 1276 793 1327 t‘Olth‘l‘lCl‘t‘,
848 1281 874 1317 a
929 1279 1033 1333 quo
1084 1274 1272 1317 cuncta
1327 1279 1446 1318 esse
1499 1265 1790 1334 cogitescit,
1849 1265 2034 1318 doctus

469 1357 630 1411 videri
663 1364 853 1423 potest,
899 1369 1017 1407 esse
1050 1365 1228 1407 autem
1270 1355 1484 1422 sapiens
1527 1353 1670 1406 nullo
1696 1353 1869 1405 modo.
1900 1352 2036 1405 lIuc-

466 1460 631 1514 usque
679 1443 998 1514 generaliter
1027 1452 1188 1512 atque
1217 1441 1519 1511 permixtim
1549 1441 1657 1494 dixi
1698 1441 1762 1493 de
1803 1440 2038 1509 discipli-

469 1535 551 1588 nis
571 1534 846 1605 gentilium
868 1548 882 1599 ;
907 1533 1161 1601 deinceps
1182 1546 1422 1585 seorsum
1441 1531 1504 1584 de
1525 1529 1750 1600 singulis
1771 1530 2032 1585 dicturus.
2069 1526 2077 1537 ’

1035 1641 1258 1696 CAPUT
1297 1640 1478 1694 XVIII.

650 1729 727 1784 De
771 1741 881 1784 arte
928 1730 1290 1800 grammatica,
1338 1739 1384 1783 et
1426 1728 1684 1797 speciebus
1732 1730 1864 1799 ejus.

2137 543 2435 597 rouomiusn
2475 559 2623 606 vero,
2671 552 2726 596 et
2763 542 2909 598 Isaia:
2942 544 3230 608 canticmn,
3281 530 3491 601 necnon
3529 557 3585 601 et
3615 548 3712 600 Sa-

2136 634 2310 689 lomon
2355 645 2408 688 et
2440 633 2561 699 Job,
2592 637 2917 690 hexametris
2958 645 3014 691 et
3058 641 3407 705 pentametris
3461 641 3710 694 versibus

2136 733 2217 798 (ut
2244 728 2506 794 JOSt'DIIUS
2550 738 2604 784 et
2632 728 2889 794 Origenes
2918 727 3181 798 scribunt)
3215 730 3354 798 apud
3392 745 3519 784 suos
3561 747 3710 785 com-

2135 821 2305 890 posita
2350 820 2658 874 decurrunt.
2724 819 3081 888 Quamobrem
3127 835 3230 874 non
3280 830 3364 875 est
3405 823 3708 890 spernenda

2136 910 2270 973 haec,
2297 911 2540 978 quamvis
2580 910 2865 980 gentilibus
2898 911 3193 965 communis
3225 913 3382 976 ratio,
3426 913 3520 966 sed
3543 927 3707 980 quan-

2138 1006 2248 1051 tum
2277 998 2408 1053 satis
2430 1007 2514 1053 est
2539 998 2908 1068 perdiscenda,
2958 1000 3081 1068 quia
3125 1001 3308 1070 utique
3349 1001 3508 1056 multi
3537 1017 3708 1057 evan-

2137 1088 2293 1157 gelici
2322 1088 2443 1153 viri,
2484 1089 2718 1158 insignes
2743 1087 2907 1143 libros
2955 1089 3056 1143 bac
3080 1098 3196 1144 arte
3225 1091 3605 1156 condiderunt,
3653 1098 3713 1148 et

2141 1178 2253 1233 Deo
2288 1178 2500 1248 placere
2521 1193 2616 1247 per
2647 1179 2700 1232 id
2726 1187 3059 1250 satagerunt,
3097 1189 3156 1233 ut
3175 1178 3273 1233 fuit
3294 1179 3583 1247 Juvencus,
3608 1182 3710 1237 Se-

2139 1269 2336 1334 dulius,
2368 1269 2584 1333 Arator,
2621 1267 2879 1332 Alcimus,
2908 1269 3175 1333 Clemens,
3203 1269 3460 1324 Paulinus
3501 1281 3558 1327 et
3580 1272 3713 1328 For-

2138 1370 2375 1424 tunatus,
2413 1368 2467 1414 et
2507 1360 2687 1415 caeteri
2722 1359 3190 1424 multiJPoemata
3224 1371 3404 1416 autem
3441 1373 3496 1416 et
3543 1363 3712 1419 libros

2138 1450 2414 1521 gentilium
2464 1451 2507 1504 si
2536 1450 2759 1504 velimus
2810 1449 3027 1519 propter
3067 1449 3250 1504 ﬂorem
3283 1453 3607 1523 eloquentia:
3637 1453 3713 1508 le-

2137 1555 2283 1610 gere,
2341 1551 2494 1612 typus
2537 1540 3050 1613 mulierisdcaptivte
3098 1543 3357 1598 tenendus
3399 1552 3505 1613 est,
3544 1558 3709 1613 quam

2139 1632 2611 1687 Deuteronomium
2650 1631 2935 1696 describit;
2965 1639 3020 1686 et
3054 1630 3335 1686 Dominum
3384 1633 3459 1687 ita
3504 1647 3710 1702 prece-

2138 1724 2282 1792 pisse
2306 1730 2708 1786 commemorat,
2741 1729 2799 1774 ut
2821 1721 2864 1776 si
2897 1720 3158 1776 Israelites
3186 1738 3304 1777 eam
3329 1723 3530 1778 habere
3551 1723 3713 1779 vellet

538 1820 713 1873 Prima
765 1834 891 1889 ergo
943 1818 1242 1873 liberalium
1294 1818 1489 1872 artium
1534 1827 1616 1873 est
1665 1820 2041 1889 grammatica,
2072 1803 2115 1862 Β
2145 1825 2388 1873 uxorem.
2431 1811 2705 1865 calvitium
2726 1811 2774 1864 ei
2802 1809 2983 1876 faciat.
3013 1825 3220 1882 ungues
3245 1824 3525 1882 praesecct.
3572 1811 3713 1884 pilbs

477 1909 708 1964 secunda
750 1909 1037 1971 rhetorica,
1108 1908 1266 1961 tertia
1307 1906 1605 1972 dialectica,
1647 1916 1838 1976 quarta
1879 1909 2044 1963 arith-

473 1999 728 2061 nicthica,
763 1998 948 2065 quinta
989 1997 1302 2065 geometria,
1356 2005 1508 2050 sexta
1545 2000 1769 2063 musica,
1817 1999 2039 2067 septima

468 2089 823 2150 astronomia;
854 2088 1203 2156 grammatica
1241 2087 1384 2140 enim
1423 2087 1679 2142 alitteris
1716 2103 1918 2142 nomen
1949 2104 2040 2143 ac—

467 2181 627 2248 cepit,
678 2179 816 2232 sicut
836 2175 1078 2232 vocabuli
1121 2177 1259 2230 illius
1292 2177 1566 2232 derivatus
1593 2192 1755 2232 sonus
1789 2171 2039 2233 ostendit.

470 2268 720 2322 Dillinitio
770 2279 946 2322 autem
999 2265 1114 2334 ejus
1175 2267 1299 2321 talis
1349 2275 1431 2321 est
1476 2285 1488 2319 :
1535 2264 1897 2322 Grannnatica
1960 2277 2044 2323 est

466 2359 687 2414 scientia
740 2357 1122 2428 interpretandi
1184 2366 1366 2427 poetas
1406 2367 1566 2428 atque
1619 2359 1926 2422 historicos,
1988 2367 2044 2415 et

466 2456 613 2503 recte
644 2450 909 2503 scribendi
963 2449 1318 2517 loquendique
1352 2449 1510 2503 ratio.
1566 2448 1691 2504 litec
1717 2460 1771 2505 et
1798 2451 1948 2520 origo
1988 2459 2045 2507 et

465 2538 871 2594 timdatnentunt
914 2548 996 2593 est
1034 2541 1230 2592 artium
1275 2539 1595 2593 liberalium.
1651 2538 1799 2594 Hanc
1864 2540 2043 2610 itaque

467 2629 704 2683 scholam
751 2629 1080 2683 Dominicam
1111 2628 1291 2700 legere
1331 2629 1601 2692 convenit,
1647 2630 1770 2697 quia
1816 2629 2040 2684 scientia

469 2729 612 2772 recte
642 2719 888 2788 loquendi
930 2726 984 2771 et
1031 2717 1297 2772 scribendi
1343 2717 1482 2771 ratio
1539 2717 1592 2769 in
1626 2717 1738 2785 ipsa
1774 2718 2037 2785 consistit.

467 2807 743 2871 Quomodo
778 2807 899 2880 quis
935 2807 1043 2860 vim
1073 2807 1221 2860 vocis
1254 2805 1549 2860 articulatm
1596 2821 1690 2860 seu
1738 2805 2040 2860 litterarum

466 2905 521 2949 et
539 2896 860 2966 syllabarum
889 2904 1206 2965 potestatem
1243 2896 1543 2964 cognoscit,
1567 2895 1612 2950 si
1639 2911 1743 2950 non
1767 2896 1917 2966 prius
1945 2911 2040 2966 per

467 3001 583 3040 cam
615 2986 665 3039 id
693 2986 918 3040 didicit?
944 2987 1049 3039 Aut
1078 2986 1345 3054 quomodo
1383 2986 1600 3058 pedum,
1626 2997 1946 3042 accentuum
1987 2997 2042 3042 et

468 3079 830 3147 positurarum
876 3077 1256 3131 discretionem
1304 3077 1425 3143 scit,
1495 3079 1539 3131 si
1585 3091 1688 3130 non
1741 3093 1839 3146 per
1901 3078 2038 3132 hanc

467 3168 802 3238 disciplinam
831 3167 946 3237 ejus
976 3167 1255 3221 scientiam
1280 3175 1407 3221 ante
1442 3168 1724 3238 percepit?
1762 3169 1868 3222 Aut
1904 3184 2035 3238 quo-

469 3260 625 3313 modo
665 3260 894 3328 partium
919 3261 1176 3314 orationis
1212 3259 1360 3328 jura,
1403 3261 1732 3317 schematum
1765 3262 2035 3330 decorem,

471 3361 746 3418 troporum
772 3349 1045 3415 virtutem,
1085 3349 1527 3420 etymologiarum
1549 3352 1832 3415 rationem,
1858 3361 1915 3406 et
1947 3366 2038 3406 or-

468 3441 800 3512 thographia:
833 3441 1205 3495 rectitudinem
1229 3442 1400 3505 novit,
1430 3442 1474 3496 si
1501 3457 1604 3497 non
1630 3444 2035 3512 grammaticam

466 3541 638 3586 artem
693 3539 816 3585 ante
863 3529 962 3584 sibi
1009 3540 1186 3584 notam
1227 3531 1394 3586 fecit?
1427 3530 1821 3601 Inculpabiliter
1869 3535 2036 3602 cnim,

466 3622 577 3678 imo
615 3621 950 3674 laudabiliter
998 3622 1135 3675 hanc
1162 3631 1332 3675 artem
1372 3621 1550 3686 discit,
1587 3623 1832 3690 quisquis
1879 3623 1931 3676 in
1972 3639 2035 3679 ea

468 3726 573 3765 non
611 3711 824 3763 inanem
870 3724 1098 3779 pugnam
1145 3709 1431 3764 verborum
1480 3709 1660 3765 facere
1701 3711 1888 3782 diligit,
1941 3715 2034 3768 sed

467 3807 628 3853 rectae
689 3797 974 3850 locutionis
1012 3795 1296 3850 scientiam
1372 3807 1425 3850 et
1469 3797 1736 3852 scribendi
1790 3800 2034 3868 peritiam

469 3889 666 3944 habere
693 3887 914 3957 appetit.
956 3885 1072 3955 Ipsa
1113 3894 1197 3940 est
1219 3887 1362 3941 enim
1398 3887 1636 3942 omnium
1663 3886 1828 3955 judex
1876 3889 2036 3945 libra-

470 3981 689 4043 riorum,
731 3978 853 4048 quia
899 3978 1206 4045 ubicunque
1251 3991 1490 4032 errorem
1541 3979 1892 4048 perspexerit,
1952 3997 2036 4036 rc-

472 4069 773 4139 prehendit,
823 4076 878 4121 ct
921 4067 1010 4121 ubi
1048 4067 1182 4121 bene
1206 4067 1346 4121 dicta
1372 4081 1516 4132 sunt,
1549 4083 1646 4124 suo
1664 4069 1866 4138 judicio
1890 4086 2034 4127 com-

468 4157 730 4228 probabit.
769 4156 1053 4212 Schemata
1078 4166 1255 4212 autem
1276 4158 1454 4212 omnia
1480 4168 1740 4228 quotquot
1763 4161 2033 4217 sweularis

469 4247 748 4318 disciplina
770 4247 1107 4319 conscripsit,
1169 4248 1221 4301 in
1247 4248 1449 4304 sanctis
1473 4249 1623 4303 libris
1647 4250 1841 4319 smpius
1861 4253 2032 4319 posita

470 4337 828 4406 reperiuntur.
844 4303 1102 4422 Eiet-non
1140 4337 1310 4405 trepis
1348 4347 1594 4392 auctores
1641 4349 1853 4393 nostros
1907 4355 2032 4396 usos

467 4429 648 4492 fuisse,
690 4437 744 4480 et
785 4427 1130 4497 multiplicius
1176 4437 1340 4498 atque
1365 4429 1631 4499 copiosius
1663 4446 1824 4500 quam
1863 4435 2032 4502 possit
2059 4463 2112 4522 D

465 4517 760 4572 existimari
793 4517 871 4568 vel
906 4517 1074 4580 credi,
1102 4517 1347 4586 quisquis
1373 4517 1537 4572 libros
1572 4519 1781 4572 divinos
1816 4521 2036 4591 diligen-

468 4621 547 4664 ter
589 4609 735 4679 legit,
786 4608 1036 4677 inveniet.
1088 4608 1312 4662 Istorum
1368 4617 1547 4663 autem
1605 4618 1876 4678 troporum
1929 4629 2034 4667 non

466 4701 634 4754 solum
662 4699 905 4769 exeiupla
936 4697 1074 4754 sicut
1093 4699 1352 4764 omnium,
1384 4701 1476 4754 sed
1495 4703 1848 4769 quorumdam
1870 4704 2032 4758 etiam

468 4793 681 4846 nomina
726 4793 776 4844 in
809 4791 1005 4845 divinis
1053 4789 1203 4844 libris
1259 4791 1525 4861 leguntur,
1577 4793 1717 4850 sicut
1758 4794 2026 4864 allegoria,

467 4885 714 4953 :rnigma,
761 4881 1032 4952 parabola.
1079 4880 1317 4946 Quorum
1355 4882 1590 4936 omnium
1635 4884 1870 4954 cognitio
1907 4901 2029 4955 pro-

466 4983 644 5040 pterea
674 4973 1070 5040 Scripturarum
1109 4971 1545 5040 ambiguitatibus
1568 4973 1919 5030 dissolvendis
1949 4986 2032 5032 est

467 5061 788 5123 necessaria,
832 5062 955 5129 quia
993 5075 1182 5115 sensus
1225 5059 1290 5113 ad
1328 5061 1710 5130 proprietatem
1749 5065 2028 5120 verborum

467 5152 511 5206 si
535 5151 844 5219 accipiatur,
895 5149 1154 5204 absurdus
1175 5158 1274 5204 est.
1316 5149 1671 5216 Quint-endam
1707 5162 1789 5206 est
1828 5156 2026 5223 utique,

469 5263 534 5300 ne
559 5244 693 5298 forte
723 5241 811 5296 illo
836 5242 915 5295 vel
945 5241 1033 5295 illo
1058 5253 1212 5314 tropo
1249 5245 1450 5299 dictum
1478 5247 1546 5299 sit
1572 5247 1712 5314 quod
1747 5262 1852 5300 non
1881 5248 2031 5300 intel-

464 5335 695 5405 ligimus,
749 5342 802 5387 et
837 5335 910 5387 sic
950 5333 1201 5403 pleraque
1225 5335 1438 5390 inventa
1476 5345 1600 5390 sunt
1630 5352 1746 5405 qum
1771 5338 2025 5392 latebant.

450 5432 739 5490 'Melricam
765 5439 943 5484 autem
982 5430 1240 5483 rationem
1280 5447 1397 5499 qua:
1443 5447 1537 5500 per
1567 5435 1736 5485 ar'tetn
1767 5447 2030 5501 gramma-

465 5527 625 5580 ticam
651 5524 889 5585 discitur,
926 5536 1027 5574 non
1059 5520 1287 5590 ignobile
1311 5532 1392 5574 est
1417 5523 1573 5585 seire,
1624 5523 1747 5591 quia
1772 5522 1906 5590 apud
1934 5521 2030 5576 lle-

467 5619 634 5670 !mcus
672 5615 983 5668 Psalterium
1035 5618 1114 5685 (ut
1162 5613 1345 5665 lit-alus
1383 5613 1735 5681 Hieronymus
1779 5615 2025 5670 testatur)

468 5721 601 5758 ματη*
654 5706 824 5759 iambo
868 5705 1052 5766 currit,
1109 5719 1249 5754 nunc
1297 5701 1532 5756 .‘lit'ittlltt'
1565 5707 1837 5770 petsonul,
1883 5713 2025 5753 ttuuc

2140 1902 2369 1968 auferat,
2416 1899 2617 1956 etcum
2639 1901 2834 1955 munda
2869 1900 2958 1956 fue
2989 1901 3029 1955 it
3061 1900 3271 1966 ell‘ecta,
3316 1911 3441 1958 tunc
3467 1913 3713 1960 transeat

2140 1995 2198 2051 in
2247 1994 2428 2049 uxoris
2458 1992 2750 2062 amplexus.
2793 1991 2917 2047 Ilaec
2955 1992 2999 2046 si
3030 1991 3322 2048 secundum
3351 1993 3586 2048 litteram
3624 1996 3713 2049 in-

2145 2085 2450 2157 telligimus,
2476 2098 2653 2139 nonne
2692 2083 2912 2138 ridicula
2949 2084 3119 2139 sunt?
3153 2083 3337 2156 Itaque
3373 2094 3428 2141 et
3473 2101 3572 2142 nos
3600 2088 3713 2144 hoc

2141 2179 2321 2234 facere
2353 2177 2603 2240 solemus,
2672 2175 2877 2246 hocque
2925 2174 3103 2232 facere
3148 2176 3427 2242 debemus,
3486 2179 3711 2248 quando

2137 2277 2322 2339 poetas
2363 2266 2586 2338 gentiles
2628 2265 2874 2338 legimus,
2917 2267 3132 2336 quando
3182 2268 3235 2322 in
3264 2282 3457 2324 manus
3489 2278 3712 2325 nostras

2138 2358 2261 2411 libri
2288 2357 2506 2412 veniunt
2547 2354 2821 2425 sapientiae
2847 2355 3136 2421 saecularis,
3170 2357 3212 2411 si
3232 2357 3360 2426 quid
3388 2358 3442 2411 in
3467 2358 3549 2413 eis
3575 2358 3714 2413 utile

2139 2447 2456 2516 reperimus,
2495 2445 2563 2499 ad
2586 2451 2825 2498 nostrum
2855 2443 3045 2514 dogma
3076 2447 3474 2512 convertimus;
3506 2447 3552 2502 si
3577 2447 3713 2516 quid

2140 2551 2268 2594 vero
2307 2535 2632 2606 superﬂuum
2658 2536 2724 2590 de
2746 2535 2922 2600 idolis,
2951 2536 3016 2590 de
3041 2549 3243 2601 amore,
3275 2537 3344 2592 de
3379 2552 3506 2592 cura
3537 2553 3716 2593 sarcu-

2137 2629 2338 2684 larium
2391 2641 2592 2691 rerum,
2638 2625 2755 2681 haec
2795 2623 3069 2690 radamus,
3108 2624 3191 2680 his
3222 2625 3495 2681 calvitium
3535 2627 3702 2683 indu-

2137 2733 2342 2784 camus,
2398 2717 2512 2772 hanc
2539 2717 2595 2771 in
2627 2716 2882 2786 unguium
2913 2729 3064 2770 more
3097 2714 3242 2770 ferro
3268 2717 3578 2772 acutissimo
3611 2720 3711 2775 de-

2138 2791 2403 2867 secemus:
2433 2807 2544 2864 Hoc
2575 2818 2752 2864 tamen
2789 2821 2903 2877 prae
2929 2805 3177 2861 omnibus
3208 2820 3397 2862 cavere
3424 2807 3712 2872 debemus,

2140 2914 2208 2954 ne
2237 2899 2352 2954 haec
2381 2897 2596 2953 licentia
2619 2903 2800 2950 nostra
2827 2893 3204 2950 oll‘endiculum
3227 2893 3321 2948 ﬁat
3339 2893 3603 2950 inﬁmis:
3637 2911 3715 2950 ne

2139 2999 2326 3064 pereat
2361 2989 2454 3060 qui
2506 2987 2760 3043 infirmus
2799 2995 2883 3042 est
2921 2987 2975 3040 in
3016 2985 3242 3040 scientia
3279 2993 3463 3041 nostra
3512 2985 3713 3050 frater,

2140 3088 2360 3152 propter
2394 3093 2552 3148 quem
2597 3076 2846 3132 Christus
2898 3084 3142 3132 mortuus
3174 3082 3280 3142 est,
3331 3075 3378 3130 si
3415 3075 3606 3132 viderit
3647 3075 3714 3132 in

2144 3170 2306 3226 idolio
2356 3183 2455 3224 nos
2501 3168 2895 3222 recumbentes.

2716 3257 2940 3314 CAPUT
2979 3255 3118 3313 XIX.

2707 3347 2785 3403 De
2828 3349 3103 3402 rhetorica.

2213 3439 2497 3495 Rhetorica
2525 3445 2607 3493 est
2635 3437 2797 3509 (sicut
2828 3435 3070 3506 magistri
3093 3435 3330 3506 tradunt)
3366 3434 3710 3492 saecula-ium

2141 3531 2442 3584 litterarum
2487 3527 2623 3582 bene
2649 3525 2858 3580 dicendi
2897 3524 3140 3588 scientia,
3193 3524 3246 3578 in
3273 3524 3517 3580 civilibus
3559 3539 3714 3593 qua:-

2139 3621 2419 3679 stionibus.
2464 3620 2570 3675 Sed
2593 3620 2706 3693 lucc
2725 3617 2968 3674 dillinitio
2993 3617 3119 3672 licet
3157 3619 3224 3672 ad
3251 3617 3574 3672 mundanam
3609 3632 3710 3673 sa-

2138 3711 2394 3783 pientiam
2415 3711 2658 3765 videatur
2682 3709 2970 3778 pertinere,
3013 3715 3187 3761 tamen
3211 3721 3316 3761 non
3339 3714 3425 3762 est
3444 3715 3713 3762 extranea

2139 3808 2207 3862 ab
2227 3806 2589 3862 ecclesiastica
2615 3802 2912 3874 disciplina.
2963 3801 3228 3870 Quidquid
3267 3801 3411 3856 enim
3431 3808 3620 3855 orator
3647 3809 3712 3855 et

2139 3880 2458 3969 praedicator
2486 3895 2681 3952 divinae
2717 3895 2849 3965 legis
2870 3887 3078 3949 diserte
3119 3900 3173 3944 et
3196 3891 3448 3946 decenter
3497 3889 3712 3960 profert

2089 4056 2101 4067 δ
2141 3991 2193 4043 in
2225 3988 2488 4052 docendo,
2519 3985 2602 4040 vel
2633 3984 2889 4055 quidquid
2918 3992 3041 4054 apte
3067 3991 3120 4037 et
3139 3981 3410 4053 eleganter
3435 3982 3710 4051 depromit

2140 4080 2192 4133 in
2232 4078 2503 4141 dictando,
2547 4075 2615 4130 ad
2653 4075 2810 4146 hujus
2843 4075 2977 4128 artis
3014 4072 3261 4143 congruit
3291 4072 3570 4142 peritiam;
3603 4085 3710 4126 nec

2138 4168 2321 4237 utique
2365 4179 2587 4236 peccare
2623 4163 2780 4217 debet
2820 4160 3086 4224 arbitrari,
3133 4161 3224 4229 qui
3252 4161 3388 4226 hanc
3417 4167 3591 4213 artem
3644 4159 3706 4212 in

2139 4271 2381 4331 congrua
2409 4263 2564 4310 atate
2595 4253 2739 4324 legit,
2810 4252 3006 4322 quique
3045 4249 3160 4320 ejus
3203 4257 3471 4319 prmeepta
3521 4257 3708 4302 servat

2137 4347 2191 4400 in
2223 4342 2490 4399 dictando.
2522 4357 2584 4397 ac
2611 4341 2971 4412 proloquendo
3000 4353 3332 4404 sermonem;
3362 4339 3472 4393 imo
3501 4338 3706 4392 bonum

2136 4451 2270 4505 opus
2304 4434 2450 4498 facit,
2497 4433 2585 4504 qui
2627 4448 2744 4487 eam
2787 4431 2855 4487 ad
2893 4433 2995 4486 hoc
3035 4431 3262 4501 pleniter
3312 4429 3492 4493 discit,
3529 4439 3590 4484 ut
3630 4430 3706 4486 ad

2137 4523 2532 4593 praedicandum
2579 4521 2798 4576 verbum
2849 4520 2940 4573 Dei
2989 4519 3209 4573 idoneus
3254 4518 3344 4572 sit.
3399 4517 3532 4571 Nam
3575 4534 3705 4574 cum

2135 4626 2232 4681 per
2268 4619 2439 4664 artem
2483 4609 2804 4664 rhetoricam
2837 4618 2892 4662 et
2924 4623 3052 4662 vera
3095 4607 3423 4661 suadeantur
3459 4614 3510 4660 et
3541 4605 3702 4673 falsa,

2134 4702 2254 4770 quis
2277 4700 2470 4755 audeat
2488 4699 2666 4754 dicere
2700 4699 2954 4752 adversus
2986 4697 3318 4750 mendacium
3371 4697 3423 4749 in
3453 4696 3705 4752 defenso-

2133 4794 2282 4849 ribus
2310 4794 2422 4848 suis
2461 4791 2719 4847 inermem
2746 4791 2938 4845 debere
2969 4789 3264 4844 consistere
3303 4790 3606 4854 veritatem,
3642 4801 3707 4844 ut

2133 4885 2379 4939 videlicet
2425 4884 2497 4937 illi
2521 4883 2610 4952 qni
2648 4897 2734 4934 res
2761 4880 2922 4936 falsas
2950 4881 3172 4934 suadere
3207 4889 3491 4944 conantur,
3542 4896 3708 4935 nove-

2134 4975 2241 5029 rint
2270 4975 2566 5028 auditorem
2600 4971 2679 5024 vel
2711 4971 3034 5034 benivohnn,
3079 4970 3162 5025 vel
3193 4971 3477 5034 intentum,
3506 4970 3594 5023 vel
3620 4970 3704 5024 fa-

2132 5082 2254 5122 cere
2283 5065 2505 5119 docilem
2541 5063 2820 5132 prommio.
2853 5063 2938 5116 isti
2968 5072 3146 5114 autem
3169 5077 3272 5114 non
3305 5061 3595 5116 noverint?
3624 5062 3702 5116 illi

2133 5155 2263 5209 falsa
2301 5155 2553 5216 breviter,
2595 5161 2796 5221 aperte,
2841 5151 3218 5215 verisimiliter,
3269 5161 3323 5204 et
3349 5151 3436 5204 isti
3459 5165 3586 5203 vera
3619 5152 3704 5204 sic

2132 5253 2354 5310 narrent
2401 5253 2457 5298 ut
2511 5245 2696 5298 audire
2737 5245 2944 5306 taedeat,
3005 5240 3300 5310 intelligere
3341 5255 3444 5292 non
3495 5249 3699 5307 pateat,

2132 5338 2351 5392 credere
2403 5345 2670 5404 postremo
2708 5351 2814 5387 non
2854 5334 3060 5387 libeat?
3098 5332 3170 5386 illi
3219 5331 3494 5384 fallacibus
3538 5345 3702 5398 argu-

2132 5431 2326 5485 mentis
2387 5430 2666 5482 veritatem
2701 5435 3027 5496 oppugnent,
3096 5433 3335 5477 asserant
3380 5421 3699 5484 falsitatem,

2133 5521 2216 5573 isti
2253 5536 2348 5573 nec
2374 5535 2496 5572 vera
2524 5516 2825 5578 defendere,
2884 5530 2981 5569 nec
3007 5513 3138 5567 falsa
3177 5513 3384 5564 valeant
3414 5511 3700 5564 refutare?

2131 5606 2201 5659 illi
2243 5608 2449 5659 animos
2475 5606 2796 5658 audientitun
2830 5605 2878 5658 in
2910 5616 3144 5655 errorem
3186 5609 3460 5653 tttoventes
3502 5598 3695 5667 impclv

2132 5701 2399 5767 lentusque
2430 5698 2649 5753 dicendo
2683 5706 2934 5761 lct't‘canl,
2985 5696 3320 5759 contristent,
3364 5690 3696 5754 exhiiarcnt,
