3968 6378
227 460 321 518 397

1005 445 1093 503 os
1129 438 1572 502 CLERlCOBL’lI
1611 434 2113 502 INSTlTUTlONE,
2155 419 2303 493 ere.
2352 463 2410 475 -
2454 432 2578 487 LIB.
2620 431 2704 484 ιιι.

3356 433 3458 488 598

226 553 584 635 exhorrentur
613 568 888 630 ardenter,
933 564 1021 619 isti
1046 578 1147 633 pro
1175 561 1402 615 veritate
1424 558 1575 620 lentu
1620 556 1794 627 frigidi
1826 562 1873 621 Α
1902 554 2330 626 syllogismorum
2353 551 2784 606 conclusionibus
2808 549 3103 605 confutare.
3154 547 3291 604 Sunt
3311 553 3456 607 enim

228 665 518 724 dormitent
544 661 567 714 ?
603 659 737 727 Quis
767 657 839 712 ita
867 655 1117 725 desipiat,
1177 660 1236 707 ut
1278 652 1380 706 hoc
1411 651 1629 705 saettt?
1659 648 1790 703 Cum

227 769 355 824 ergo
410 750 482 805 sit
516 748 569 803 lu
609 746 785 803 medio
826 744 997 816 posita
1027 740 1256 797 facultas
1294 738 1517 815 eloquii.
1561 753 1681 807 qua:
1724 736 1794 791 ad

225 841 598 923 persuadenda
632 856 726 895 seu
755 851 919 907 prava
965 850 1058 890 seu
1096 840 1241 895 recta
1282 830 1455 885 valeat
1482 826 1791 892 murimum,

227 921 335 991 cur
351 950 453 989 non
485 934 747 987 bonorum
777 928 955 991 studio
976 932 1339 995 comparatur,
1386 930 1446 976 ut
1473 921 1666 976 militet
1701 935 1795 975 νερΔ

225 1025 396 1089 ritati,
421 1024 464 1078 si
493 1036 612 1075 eam
640 1019 763 1073 mali
785 1018 850 1071 ad
872 1014 1191 1072 obtinendas
1210 1027 1795 1084 perversasvanasqne

226 1129 420 1170 causas
455 1113 516 1183 in
542 1126 670 1165 usus
693 1108 990 1179 iniquitatis
1019 1115 1074 1161 et
1099 1104 1307 1160 erroris
1338 1101 1643 1172 usurpant?
1686 1100 1792 1154 Sed

225 1218 557 1276 quacunque
588 1210 711 1255 sunt
734 1202 798 1254 de
824 1200 925 1253 hac
947 1213 1006 1251 re
1033 1194 1439 1257 observationes
1473 1200 1636 1262 atque
1660 1205 1796 1260 prce-

225 1301 405 1363 cepta,
455 1292 649 1361 quibus
674 1305 795 1345 cum
825 1287 1035 1343 accedit
1064 1287 1116 1340 in
1152 1284 1395 1355 pluribus
1417 1282 1595 1339 verbis
1635 1297 1795 1334 orna-

225 1383 529 1453 mentisque
563 1382 868 1443 verborum,
912 1377 1305 1434 exercitatioris
1333 1376 1525 1447 lingua:
1558 1373 1796 1429 solertis-

224 1474 361 1529 sima
382 1472 734 1536 consuetudo,
772 1472 830 1525 tit
856 1469 943 1523 illa
963 1483 1081 1538 qua:
1103 1466 1352 1522 facundia
1379 1464 1462 1519 vel
1490 1464 1796 1534 eloquentia

225 1563 555 1625 nominatur,
607 1561 721 1615 haec
768 1557 1001 1628 seposito
1029 1556 1096 1622 ad
1128 1555 1229 1623 hoc
1263 1569 1503 1625 congruo
1543 1554 1798 1624 temporis

225 1652 426 1726 spatio,
475 1658 599 1720 apta
637 1658 691 1703 et
712 1633 1065 1702 conveniente
1089 1651 1247 1698 :etate
1276 1643 1529 1699 discenda
1560 1652 1686 1697 sunt
1718 1642 1798 1697 eis

226 1741 327 1812 qui
362 1741 465 1795 hoc
504 1738 748 1794 celeriter
784 1744 1026 1805 possunt.
1072 1733 1207 1788 Nam
1253 1741 1310 1787 et
1361 1732 1506 1802 ipsos
1545 1733 1798 1787 Romanae

225 1828 501 1899 principes
533 1824 849 1894 eloquentiae
890 1839 993 1878 non
1023 1822 1195 1893 piguit
1224 1822 1425 1886 dicere,
1470 1821 1614 1890 quod
1660 1822 1799 1876 hanc

1897 643 2063 700 multa
2104 660 2223 713 qua:
2254 642 2583 713 appellantur
2615 642 2963 711 sophismata,
2997 639 3142 713 l'alsa:
3164 639 3455 700 conclusio-

1893 749 1990 791 nes
2020 735 2305 798 rationum,
2357 741 2413 787 et
2444 734 2755 803 plerumque
2784 733 2855 786 ita
2888 747 3045 787 veras
3088 732 3377 799 imitantes,
3406 742 3465 789 ut

1895 840 2001 881 non
2049 825 2219 881 solum
2263 825 2466 887 tardos,
2510 824 2602 877 sed
2631 822 2935 893 ingeniosos
2959 822 3120 875 etiam
3150 822 3324 875 minus
3379 822 3460 875 dt-

1897 915 2120 987 ligenter
2148 922 2382 968 attentos
2411 914 2697 981 decipiant.
2754 911 3037 980 Proposuit
3064 912 3205 965 enim
3244 912 3457 980 quidam

1894 1009 2078 1064 dicens
2111 1008 2159 1061 ei
2190 1022 2310 1061 cum
2351 1021 2457 1076 quo
2504 1006 2863 1074 loquebatur:
2899 1004 3049 1069 Quod
3088 1020 3177 1074 ego
3218 1022 3355 1070 sum,
3409 1016 3462 1059 tu

1898 1111 2096 1152 non’es.
2120 1098 2189 1151 At
2210 1097 2297 1151 ille
2320 1097 2610 1151 consensit.
2662 1094 2854 1149 Verum
2886 1094 3028 1148 enim
3059 1102 3176 1147 erat
3202 1109 3262 1147 ex
3293 1102 3462 1165 parte,

1897 1186 1977 1241 vel
2013 1201 2077 1242 eo
2105 1188 2222 1256 ipso
2251 1188 2390 1256 quod
2436 1188 2536 1241 iste
2562 1186 2885 1251 insidiosins,
2943 1184 3029 1239 ille
3074 1185 3294 1255 simplex
3325 1193 3461 1240 erat.

1898 1278 2032 1331 Tum
2072 1278 2184 1346 istc
2209 1277 2413 1332 addidit
2444 1296 2455 1330 :
2486 1276 2597 1346 Ego
2627 1285 2797 1329 autent
2826 1277 2976 1331 homo
3006 1293 3141 1329 sunt.
3198 1276 3309 1330 lloc
3335 1292 3468 1347 quo-

1894 1385 2001 1439 que
2021 1384 2144 1425 cum
2157 1370 2226 1425 ab
2253 1383 2319 1424 eo
2340 1369 2655 1439 accepisset,
2681 1350 2939 1423 conclusit
2962 1370 3144 1423 dicens
3166 1384 3180 1420 :
3207 1366 3281 1420 Tu
3308 1368 3471 1439 igitur

1899 1478 2004 1515 non
2031 1478 2083 1515 es
2105 1462 2279 1515 homo.
2310 1462 2459 1526 Quod
2480 1475 2646 1528 genus
2659 1462 3018 1530 captiosarum
3041 1461 3466 1525 conclusionum,

1899 1548 2179 1620 Scriptura
2199 1558 2457 1619 quantum
2487 1549 2738 1604 existimo
2760 1550 3077 1617 detestatur,
3117 1549 3205 1604 illo
3232 1550 3349 1605 loco
3374 1552 3464 1605 ubi

1898 1641 2099 1714 dictum
2118 1650 2222 1705 est,
2240 1640 2344 1706 Qui
2368 1640 2642 1710 sophistice
2675 1634 2906 1711 loquitur
2932 1641 3138 1697 adibitis
3165 1651 3238 1697 est
3269 1640 3460 1713 (Eccli.

1900 1728 2130 1799 xxxvn).
2157 1728 2474 1797 Quanquam
2500 1728 2661 1784 etiam
2691 1743 2869 1784 sermo
2898 1745 3003 1785 non
3032 1731 3317 1802 captiosus,
3370 1731 3466 1787 sed

1900 1828 2078 1875 tamen
2110 1821 2470 1876 abundantius
2514 1834 2676 1890 quam
2702 1822 3019 1891 gravitatem
3064 1822 3252 1887 decet,
3274 1823 3463 1881 verbo-

226 1929 400 1976 artem
432 1919 533 1974 nisi
556 1919 644 1987 qui
670 1918 777 1971 cito
804 1916 971 1985 possit
1000 1915 1326 1986 perdiscere,
1370 1917 1649 1983 nunquam
1685 1928 1800 1967 om-
1831 1921 1874 1981 Β
1903 1927 2019 1966 rum
2049 1919 2364 1967 ornamenta
2378 1920 2716 1977 consectans,
2743 1912 3063 1981 sophisticus
3077 1912 3302 1968 dicatur.
3331 1910 3470 1969 Sunt

225 2012 358 2065 nino
386 2010 572 2081 possit.
616 2002 721 2063 Sed
748 2018 850 2072 nos
886 2022 989 2062 non
1018 2022 1082 2062 ea
1120 2006 1253 2060 tanti
1283 2004 1586 2074 pendimus,
1634 2012 1692 2058 ut
1722 2004 1801 2059 eis
1900 2003 2065 2057 etiam
2108 2017 2249 2057 verae
2280 2002 2644 2057 connexiones
2684 2002 3111 2058 ratiocinationis
3155 2002 3327 2059 falsas
3368 2003 3467 2057 ha-

228 2102 505 2158 discendis
543 2099 658 2169 iam
700 2106 959 2172 maturas,
1012 2097 1094 2153 vel
1116 2099 1278 2153 etiam
1309 2112 1502 2168 graves
1526 2096 1803 2151 hominum
1900 2097 2088 2151 beutcs
2114 2095 2427 2161 sententias,
2468 2109 2588 2165 quae
2614 2104 3016 2165 consequuntur
3038 2109 3278 2152 errorem
3327 2094 3470 2150 illius

226 2202 416 2248 atates
439 2192 664 2247 velimus
693 2190 950 2260 impendi.
992 2188 1140 2245 Satis
1177 2198 1259 2244 est
1297 2197 1355 2244 ut
1384 2187 1805 2245 adolescentulo-

229 2297 355 2335 rum
396 2281 497 2335 ista
529 2281 599 2335 sit
632 2294 792 2345 cura;
829 2292 931 2337 nec
958 2278 1196 2348 Ipsorum
1241 2278 1486 2333 omnium
1529 2293 1666 2348 quos
1695 2276 1802 2333 uti-

229 2373 370 2429 litati
394 2367 770 2433 ecclesiastico!
792 2371 1038 2441 cupimus
1064 2368 1288 2434 erudiri,
1325 2370 1419 2425 sed
1452 2380 1641 2430 eorum
1670 2382 1808 2438 quos

229 2465 468 2520 nondum
507 2462 675 2533 magis
701 2474 923 2532 urgens,
959 2468 1014 2514 et
1048 2459 1174 2513 huic
1202 2458 1279 2514 rei
1310 2458 1427 2528 sine
1466 2456 1633 2514 dubio
1675 2472 1807 2527 pra:-

229 2554 481 2622 ponenda
512 2551 801 2611 necessitas
827 2547 1127 2622 occupavit.
1157 2545 1419 2620 Quoniam
1443 2544 1487 2601 si
1510 2553 1725 2600 acutum
1753 2551 1809 2601 et

230 2620 450 2696 fervens
486 2640 626 2697 absit
664 2639 956 2710 ingenium,
994 2620 1203 2707 l‘acilius
1239 2635 1480 2689 adbaaret
1502 2632 1808 2703 eloquentia

232 2734 552 2803 legentibus,
582 2728 995 2785 etaudientibus
1016 2726 1525 2797 cloquentes,quam
1554 2723 1809 2800 eloquen-

231 2824 327 2877 tia:
375 2830 638 2892 praecepta
690 2817 1041 2874 sectantibus.
1089 2814 1199 2871 Nec
1231 2815 1408 2870 desint
1434 2813 1811 2871 ecclesiastica!

234 2913 432 2967 litterze
479 2912 642 2965 etiam
690 2917 885 2979 praeter
914 2922 1175 2963 canonem
1225 2907 1279 2961 in
1313 2904 1652 2962 auctoritatis
1684 2918 1821 2973 arce,

231 3003 527 3059 salubriter
554 3002 851 3065 collocatae,
876 2998 1259 3070 qnaslegendo
1282 2999 1443 3059 homo
1468 2999 1665 3075 capiat,
1690 3007 1744 3055 et
1766 2998 1811 3055 si

235 3094 293 3148 id
321 3109 423 3152 non
449 3101 589 3162 agat,
631 3094 725 3147 sed
762 3090 1131 3146 tantummodo
1162 3092 1323 3145 rebus
1359 3104 1481 3159 qua:
1524 3090 1597 3146 ibi
1624 3091 1812 3145 dicun-

234 3191 329 3237 tur
363 3183 599 3238 intentus
628 3183 718 3246 sit,
759 3182 922 3235 etiam
963 3179 1175 3249 eloquio
1222 3194 1330 3249 quo
1362 3179 1633 3245 dicuntur,
1682 3177 1810 3233 dum

1903 2200 2023 2240 cum
2050 2199 2156 2254 quo
2202 2186 2394 2257 agitur.
2448 2184 2578 2253 Quae
2622 2193 2798 2240 tamen
2840 2183 2907 2238 ad
2947 2185 3050 2242 hoc
3099 2185 3405 2242 inferuntur
3438 2202 3467 2240 a

1904 2278 2045 2333 bono
2075 2287 2131 2332 ct
2153 2276 2311 2332 docto
2339 2277 2575 2341 homine,
2607 2284 2667 2330 ut
2707 2277 2791 2332 his
2814 2277 3139 2333 erubescens
3185 2277 3273 2333 ille
3313 2276 3467 2348 cujus

1904 2381 2141 2423 errorem
2184 2367 2447 2437 sequitur,
2498 2367 2745 2422 eumdem
2775 2366 3044 2437 relinquat
3071 2382 3331 2433 errorem,
3379 2369 3469 2439 qui

1905 2462 1952 2517 si
1982 2463 2035 2518 in
2061 2462 2249 2518 eodem
2302 2476 2520 2517 manere
2549 2460 2793 2524 voluerit,
2827 2474 3046 2515 necesse
3085 2468 3161 2513 est
3203 2468 3260 2513 ut
3307 2458 3471 2513 etiam

1908 2552 1995 2606 illa
2053 2567 2172 2618 qua:
2205 2551 2426 2606 damnat
2479 2560 2663 2606 tenere
2707 2558 2950 2621 cogatur.
3008 2547 3122 2603 Non
3164 2549 3308 2603 enim
3342 2562 3472 2603 vera

1908 2642 2171 2699 inferebat
2195 2642 2481 2718 Apostolus
2508 2656 2631 2701 cum
2657 2642 2860 2697 diceret
2886 2658 2899 2694 ε
2930 2639 3110 2711 Neque
3130 2637 3366 2695 Christus
3396 2656 3476 2695 re-

1910 2731 2155 2788 surrexit.
2186 2732 2253 2787 Et
2275 2733 2363 2787 illa
2395 2732 2503 2787 alia
2534 2751 2547 2786 :
2577 2731 2762 2787 Inanis
2797 2740 2872 2786 est
2892 2731 3023 2801 ﬁdes
3062 2740 3261 2798 nostra,
3299 2732 3471 2787 inanis

1910 2835 1985 2882 est
2013 2834 2061 2879 et
2105 2823 2409 2896 pra'dicatio
2460 2833 2638 2879 nostra
2692 2822 2744 2896 (I
2769 2821 2892 2878 Cor.
2926 2822 3038 2896 xv).
3090 2824 3219 2891 Qua
3260 2823 3479 2881 omnino

1910 2914 2045 2974 falsa
2075 2923 2221 2979 sunt,
2266 2914 2389 2983 quia
2427 2922 2484 2970 et
2515 2913 2760 2969 Christus
2793 2914 3106 2981 resurrexit,
3134 2922 3321 2970 etnon
3361 2925 3481 2971 erat

1914 3006 2091 3061 inanis
2119 3005 2427 3076 praedicatio
2450 3020 2637 3061 eorum
2672 3005 2764 3076 qui
2796 3006 2897 3063 hoc
2922 3007 3337 3075 annuutiabant,
3373 3023 3478 3063 nec

1914 3098 2045 3152 fides
2073 3110 2257 3152 eorum
2283 3098 2373 3166 qui
2403 3097 2507 3152 hoc
2530 3096 2884 3152 crediderant.
2920 3097 2989 3151 At
3024 3098 3148 3169 quia
3173 3097 3364 3153 falsum
3396 3106 3479 3155 est

1914 3187 2056 3257 quod
2079 3188 2340 3258 sequitur,
2368 3203 2589 3244 necesse
2616 3195 2784 3244 estut
2809 3186 3001 3243 falsum
3025 3189 3095 3244 sit
3114 3189 3255 3259 quod
3284 3178 3485 3260 prince-

234 3273 297 3328 in
352 3268 436 3346 his
485 3281 749 3334 versatur,
793 3271 1087 3337 imbuitur;
1126 3271 1426 3339 accedente
1461 3270 1545 3325 vel
1577 3270 1880 3335 maximeC
1912 3278 2009 3332 dit.
2062 3276 2323 3333 Praecedit
2353 3278 2495 3333 enim
2548 3286 2797 3333 non'esse
2842 3279 3295 3334 resurrectionem
3335 3293 3481 3335 mor-

232 3364 625 3429 exercitatigne
651 3363 765 3437 sive
782 3361 1087 3427 scribendi,
1117 3362 1231 3430 sive
1248 3359 1506 3426 dictandi,
1539 3368 1810 3443 postremo

233 3455 404 3510 etiam
447 3455 679 3519 dicendi,
728 3459 849 3525 quae
886 3453 1180 3510 secundum
1206 3454 1437 3524 pietatis
1464 3468 1529 3510 ac
1552 3453 1674 3508 lldei
1722 3446 1810 3509 re-

235 3546 421 3615 gulam
453 3546 635 3599 sentit.
667 3543 774 3599 Sed
797 3544 915 3601 inec
935 3542 1001 3598 de
1032 3544 1299 3599 rhetorica
1331 3557 1473 3598 nunc
1498 3543 1643 3599 dicta
1667 3542 1815 3607 suffi-

239 3629 414 3699 ciant,
449 3648 570 3687 cum
595 3648 934 3688 reservamus
968 3633 1129 3703 paulo
1154 3640 1275 3703 post
1318 3632 1447 3706 jura
1463 3632 1706 3705 ejusdem
1756 3633 1811 3687 in

235 3720 453 3775 dicundi
494 3718 938 3791 genere'planius
975 3720 1415 3777 demonstranda.

842 3826 1073 3899 carm
1110 3828 1229 3883 xx.

830 3916 908 3993 De
941 3917 1235 3974 dialectica.

316 4012 600 4070 Dialectica
646 4020 730 4066 est
756 4009 1037 4080 disciplina
1071 4011 1350 4066 rationalis
1376 4012 1669 4081 qurerendi,
1716 4011 1818 4067 dif-

241 4103 463 4158 finiendi
497 4113 550 4156 et
578 4100 895 4164 disserendi,
938 4100 1101 4162 etiam
1131 4115 1259 4155 vera
1300 4110 1363 4155 .ct
1386 4117 1416 4155 a
1439 4100 1589 4157 falsis
1616 4086 1820 4157 discer-

243 4194 406 4247 nendi
471 4202 677 4262 potens.
740 4191 863 4245 Haec
915 4204 1045 4259 ergo
1090 4191 1368 4261 disciplina
1415 4192 1817 4262 disciplinarum

244 4292 361 4347 est;
395 4284 508 4337 brec
529 4284 696 4344 docet
719 4282 937 4345 decere,
968 4281 1083 4335 hate
1110 4281 1269 4336 docet
1293 4282 1522 4348 discere,
1552 4282 1606 4335 in
1632 4282 1733 4337 hac
1761 4297 1821 4336 se

242 4376 362 4444 ipsa
405 4374 920 4431 ratio-demonstrat
962 4380 1125 4442 atque
1175 4374 1348 4441 aperit
1394 4388 1517 4442 quae
1551 4374 1644 4438 sit,
1694 4374 1819 4441 quid

242 4463 395 4526 velit,
427 4464 554 4531 quid
579 4463 774 4517 videat.
831 4463 946 4518 Scit
974 4464 1114 4520 scire
1148 4454 1362 4529 sola,'et
1389 4464 1623 4519 scientes
1644 4464 1822 4521 facere

243 4566 355 4605 non
380 4552 550 4607 solum
574 4550 822 4615 vult,'sed
854 4552 1017 4606 etiam
1046 4541 1240 4622 potest.
1291 4552 1345 4607 ln
1375 4553 1477 4608 hac
1502 4554 1823 4607 ratiocinan-

1908 3373 2144 3432 tuorum,
2191 3367 2335 3436 quod
2369 3360 2620 3423 dieebant
2670 3366 2767 3431 illi,
2812 3381 3042 3438 quorum
3098 3382 3338 3423 errorem
3390 3369 3482 3425 de-

1910 3466 2120 3512 struere
2171 3456 2341 3512 voluit
2385 3455 2695 3527 Apostolus.
2746 3455 2914 3511 [‘orro
2962 3456 3103 3519 illam
3152 3449 3478 3514 sententiam

1909 3548 2318 3620 praecedentem,
2355 3563 2459 3620 qua
2487 3548 2736 3604 dicebant
2757 3563 2862 3602 non
2885 3562 3004 3603 esse
3037 3549 3484 3605 resurrectionem

1912 3637 2265 3706 mortuorum,
2284 3640 2591 3697 necessario
2608 3641 2868 3709 sequitur,
2879 3640 3056 3710 Neque
3069 3639 3304 3695 Christus
3319 3653 3490 3695 mur.

1914 3732 2065 3787 rexit.
2091 3731 2204 3787 lloc
2220 3740 2400 3786 autem
2435 3727 2576 3801 quod
2597 3730 2860 3800 sequitur,
2891 3729 3081 3785 falsum
3100 3741 3212 3797 est;
3240 3730 3486 3788 Christus

1914 3825 2056 3879 enim
2105 3824 2400 3880 resurrexit
2440 3841 2453 3877 :
2500 3821 2693 3878 falsum
2721 3831 2804 3877 est
2846 3836 2979 3893 ergo
3017 3824 3157 3893 quod
3204 3824 3475 3895 prmeedit.

1917 3912 2177 3968 Prmoedit
2210 3921 2390 3967 autem
2443 3927 2549 3967 non
2594 3927 2712 3968 esse
2749 3914 3197 3969 resurrectionem
3248 3923 3485 3972 mortuo-

1918 4021 2036 4059 rum
2060 4022 2073 4057 :
2113 4012 2196 4083 es‘t
2221 4005 2383 4075 igitur
2410 4004 2732 4060 resurrectio
2755 4012 3107 4058 mortuorum.
3140 4003 3291 4072 Quod
3316 4013 3487 4060 totum

1918 4096 2156 4151 breviter
2176 4095 2248 4149 ita
2277 4095 2475 4149 dicitur
2520 4113 2533 4148 :
2575 4094 2633 4150 Si
2662 4110 2767 4150 non
2790 4101 2874 4150 est
2900 4097 3223 4151 resurrectio
3256 4107 3492 4155 mortuo-

1920 4200 2057 4251 rum,
2117 4200 2291 4255 neque
2344 4186 2591 4242 Christus
2643 4188 2979 4243 resurrexit:
3016 4187 3264 4244 Christus
3305 4198 3485 4245 autem

1922 4277 2254 4342 resurrexit;
2296 4286 2381 4332 est
2416 4278 2575 4349 igitur
2603 4276 2925 4333 resurrectio
2950 4286 3302 4333 mortuorum.
3356 4278 3491 4335 Cum

1920 4384 2049 4439 ergo
2069 4370 2178 4423 sint
2200 4379 2337 4424 vera:
2366 4370 2749 4435 connexiones,
2771 4384 2882 4424 non
2908 4351 3081 4425 siilum
3108 4384 3378 4437 verarum,
3400 4373 3492 4428 sed

1922 4461 2083 4513 etiam
2133 4458 2386 4520 falsarum
2429 4462 2838 4527 sententiarum,
2880 4460 3038 4517 facile
3077 4472 3161 4517 est
3210 4462 3492 4519 veritatem

1924 4552 2318 4607 connexionttm
2374 4552 2537 4605 etiam
2583 4551 2637 4605 in
2686 4551 2886 4607 scholis
2928 4552 3033 4607 illis
3085 4554 3313 4621 discere,
3373 4570 3493 4625 quae

247 4646 333 4692 tes
378 4638 749 4707 cognoscimus
782 4639 909 4707 quid
951 4654 1136 4693 sumus
1182 4648 1236 4692 et
1273 4640 1415 4694 unde
1448 4656 1632 4695 smnus
1663 4657 1678 4704 ;
1720 4656 1817 4709 per
1846 4639 1894 4697 Ι)
1920 4651 2113 4710 prreter
2134 4641 2422 4696 Ecclesium
2448 4650 2593 4707 sunt,
2617 4643 3005 4697 sententiarum
3026 4652 3207 4700 autem
3234 4647 3495 4701 veritates

246 4729 391 4782 hanc
444 4729 787 4798 intelligimus
813 4731 940 4798 quid
985 4732 1054 4785 sit
1096 4730 1298 4786 faciens
1322 4732 1546 4796 bonum,
1592 4743 1643 4786 et
1690 4733 1817 4802 quid

255 4820 456 4874 factum
485 4815 715 4885 bonum;
747 4821 873 4889 quid
908 4830 1135 4884 creator,
1192 4830 1246 4875 et
1269 4821 1392 4890 quid
1419 4832 1698 4888 creatura;
1725 4838 1822 4893 per

253 4912 398 4962 hanc
456 4910 841 4978 investigamns
893 4898 1212 4975 veritatem,
1270 4920 1324 4965 et
1373 4912 1822 4981 deprehendimus

252 4998 580 5063 lulsiizllelll;
622 5014 717 5067 per
761 4999 900 5052 hanc
943 5008 1482 5068 argumentamnr,et
1524 5003 1823 5057 invenimus

250 5088 382 5153 quid
411 5088 479 5139 sit
509 5101 868 5154 consequens,
910 5089 1037 5157 quid
1075 5073 1180 5143 noxi
1207 5104 1563 5158 consequens,
1612 5101 1667 5145 et
1694 5094 1821 5162 quid

252 5192 556 5245 u-pugnans
595 5178 647 5230 in
689 5194 865 5231 rerum
903 5188 1114 5244 natura,
1170 5180 1296 5248 quid
1322 5195 1530 5246 verum,
1576 5183 1702 5250 quid
1732 5199 1821 5236 ve-

261 5266 510 5328 risimile,
568 5276 618 5319 et
648 5268 773 5335 quid
806 5269 1019 5337 penitus
1048 5268 1238 5323 falsum
1266 5271 1317 5324 in
1348 5271 1815 5340 disputationibus.

252 5356 308 5407 in
344 5355 443 5407 bac
475 5356 616 5409 enim
639 5358 915 5426 disciplina
939 5375 1367 5428 unamquamque
1390 5377 1502 5415 rem
1534 5366 1822 5431 quaerimus

251 5448 543 5517 sagaciter,
621 5460 677 5502 et
724 5448 1015 5503 diﬂinimus
1070 5450 1359 5513 veraciter,
1407 5461 1472 5517 et
1512 5454 1823 5511 disserimus

249 5536 562 5606 prudenter.
614 5537 947 5607 Quapropter
991 5547 1201 5606 oportet
1222 5539 1444 5595 clericos
1482 5543 1618 5597 hanc
1652 5554 1819 5599 artem

255 5624 645 5681 nobilissimam
684 5627 838 5687 scire,
870 5626 1088 5695 ejusque
1112 5630 1233 5697 jura
1269 5630 1321 5682 in
1344 5632 1571 5686 assiduis
1606 5636 1821 5688 medita-

256 5715 491 5768 tionibus
514 5715 731 5780 liabere,
762 5725 820 5769 ut
846 5716 1112 5770 subtiliter
1133 5719 1505 5775 haareticorum
1527 5726 1816 5780 versutiam

253 5803 353 5857 hac
396 5804 603 5873 possint
628 5804 959 5873 dignoscere,
1010 5823 1298 5877 eorumque
1335 5811 1475 5865 dicta
1513 5814 1819 5869 vcneficatis

1928 4732 1978 4783 in
2035 4733 2235 4785 sanctis
2281 4732 2432 4786 libris
2478 4732 2856 4787 ecclesiasticis
2912 4733 3296 4807 investiganda:
3348 4746 3491 4791 sunt.

1926 4821 2041 4889 ipsa
2068 4831 2245 4876 tamen
2274 4824 2475 4877 veritas
2507 4824 2903 4879 connexionum
2953 4841 3057 4881 non
3088 4827 3348 4895 instituta,
3400 4818 3493 4885 scd

1929 4912 2300 4966 animadversa
2336 4921 2421 4967 est
2469 4913 2537 4967 ab
2576 4914 2880 4989 hominibus
2926 4925 2977 4971 et
3023 4925 3229 4983 notata,
3261 4926 3321 4972 ut
3368 4933 3490 4972 eam

1929 5002 2137 5070 possint
2158 5002 2241 5056 vel
2264 5003 2471 5057 discere
2493 5004 2574 5056 vel
2598 5005 2809 5059 docere.
2842 5004 2973 5061 Nam
3004 5013 3085 5063 est
3112 5009 3165 5062 in
3195 5023 3372 5064 rerum
3402 5025 3489 5063 ra-

1928 5095 2071 5148 tione
2094 5104 2342 5164 perpetua
2379 5105 2432 5149 et
2458 5096 2711 5152 divinitus
2741 5099 3006 5165 instituta,
3033 5115 3153 5169 qute
3179 5115 3209 5155 a
3234 5101 3341 5155 Deo
3370 5118 3485 5155 anc-

1928 5195 2039 5238 tore
2083 5197 2204 5239 sunt
2242 5187 2395 5239 facta.
2445 5186 2547 5241 Sed
2574 5190 2697 5257 quia
2732 5190 2796 5242 de
2829 5190 2998 5260 logica
3017 5189 3131 5259 jam
3152 5192 3403 5257 diximus,
3430 5196 3491 5249 de

1926 5275 2301 5331 mathematica
2350 5288 2739 5346 consequenter
2796 5282 3052 5338 dicemus.

2508 5387 2735 5445 CAPUT
2771 5392 2911 5449 XXI.

2456 5458 2534 5512 De
2576 5463 2955 5521 mathematica.

1998 5544 2371 5603 Mathematica
2416 5562 2499 5605 est
2542 5570 2700 5623 quam
2746 5557 2935 5615 Latine
2982 5576 3267 5633 possumus
3307 5568 3487 5625 dicere

1926 5636 2276 5695 doctrinalem
2312 5640 2613 5711 scientiam,
2650 5660 2768 5716 qua:
2809 5651 3131 5707 abstractam
3182 5657 3490 5714 considerat

1922 5732 2293 5796 quantitatem.
2317 5732 2607 5791 Abstracta
2632 5739 2771 5793 enim
2794 5742 3064 5809 quantitas
3086 5743 3298 5811 dicitur,
3328 5764 3487 5815 quam

1922 5823 2189 5886 intellectu
2224 5847 2252 5887 ε
2292 5831 2517 5891 materia
2541 5845 2870 5901 separamus,
2904 5834 2981 5889 vel
3008 5834 3075 5889 ab
3096 5835 3215 5893 aliis
3236 5840 3486 5893 acciden-
