3968 6356
464 424 570 483 399

1108 421 1169 475 Β.
1209 418 1461 476 BADANI
1501 420 1718 477 MAURI
1759 420 2075 476 ARClllEP.
2120 421 2424 479 MOGUNT.
2464 423 2748 481 OPERUM
2783 426 2961 483 PARS
2994 428 3068 483 l.<

3598 427 3703 483 £00

465 537 630 600 tibus,
682 543 740 588 ut
762 541 844 587 est
879 547 997 602 par,
1035 532 1240 601 'impar,
1294 530 1375 582 vel
1415 530 1481 583 ab
1514 529 1632 584 aliis
1670 527 2035 598 hujuscemodi
2065 535 2108 592 Α
2138 530 2268 587 facit
2318 551 2422 589 nou
2456 535 2697 608 intelligi,
2751 539 3007 595 translate
3058 554 3120 594 ac
3159 502 3400 611 mystice!
3420 542 3597 609 posita
3650 541 3712 597 in

464 641 585 695 qua:
606 624 658 677 in
688 622 797 676 sola
832 620 1241 674 ratiocinatione
1264 627 1576 673 tractamus.
1628 618 1751 673 Hae
1781 619 2033 673 dividitur
2088 628 2093 631 '

468 717 520 770 in
573 711 989 779 arithmeticam,
1038 710 1320 773 musicam,
1359 696 1730 782 geometriam,
1778 718 2031 763 astrono-

468 806 628 859 miam
660 819 673 855 :
710 800 776 855 de
813 800 1005 871 quibus
1037 799 1259 871 singulis
1304 799 1598 854 secundum
1639 788 1881 853 ordinem
1923 799 2034 854 dis—

467 908 729 949 seremus.

1032 981 1257 1038 CAPUT
1294 980 1455 1036 XXII.

1036 1072 1115 1128 De
1140 1072 1483 1126 arithmetica.

539 1168 893 1224 Arithmetica
920 1175 1005 1222 est
1030 1166 1312 1234 disciplina
1337 1163 2042 1233 quantitatis'numerabilis

470 1260 761 1315 secundum
789 1260 1043 1329 seipsam.
1088 1256 1186 1311 Est
1204 1250 1346 1308 enim
1372 1252 1649 1322 disciplina
1672 1264 2037 1308 numerorum.

473 1350 653 1407 Graeci
700 1346 864 1404 enim
925 1354 1222 1412 numerum
1275 1342 1509 1417 ἄριθμον,
1585 1345 1882 1411 arithmon,
1946 1362 2042 1401 vo.

471 1451 616 1509 cant,
652 1429 814 1513 quem
827 1441 1147 1510 ἀκήρωτα
1171 1437 1470 1492 litteramm
1499 1437 1860 1503 saecularium,
1906 1437 2046 1492 inter

472 1534 783 1603 disciplinas
813 1520 1219 1585 mathematicas
1262 1527 1385 1582 ideo
1425 1526 1656 1595 primam
1690 1536 1832 1595 esse.
1863 1522 2050 1583 voluc-

481 1634 623 1689 mut,
679 1624 931 1694 quoniam
958 1622 1071 1692 ipsa
1110 1616 1175 1675 Ut
1197 1618 1287 1684 ait,
1320 1616 1488 1673 nulla
1529 1617 1634 1672 alia
1660 1618 1862 1677 indicat
1890 1618 2049 1674 disci-

472 1717 636 1788 plina.
693 1714 890 1769 Musica
943 1720 1121 1766 autem
1162 1714 1250 1765 δικ
1274 1708 1567 1778 geometria
1616 1717 1671 1762 et
1715 1694 2055 1763 astronomia

472 1822 601 1881 quae"
621 1815 943 1878 sequuntur,
962 1812 1021 1857 ut
1040 1802 1148 1858 sint
1177 1810 1338 1871 atque
1363 1800 1682 1867 subsistant,
1708 1799 1865 1855 istius
1889 1807 2049 1871 egent

473 1899 692 1955 auxilio.
722 1897 875 1953 Scire
897 1903 1074 1953 autem
1102 1895 1357 1949 debemus
1385 1890 1675 1962 Josephum
1703 1890 2048 1948 Hebr-reorum
2076 1880 2124 1943 Β

476 1978 855 2049 doctissimum
903 1987 955 2041 in
1008 1985 1183 2055 primo
1222 1983 1362 2041 libro
1415 1982 1829 2052 Antiquitatum,
1898 1979 2050 2035 titulo

478 2089 639 2145 nono,
669 2079 849 2133 dicere
867 2072 1345 2130 arithmeticam'et
1366 2073 1751 2128 astronOmiam
1776 2072 2049 2127 Abraham

475 2172 706 2243 primum
757 2166 1022 2239 [Egyptlis
1075 2164 1400 2228 tradidisse;
1438 2163 1583 2218 unde
1632 2163 1837 2217 semina
1887 2161 2054 2216 susci—

472 2262 705 2332 pientes,
766 2266 826 2311 ut
862 2264 989 2311 sunt
1026 2255 1274 2310 homines
1323 2252 1574 2308 acerrimi
1612 2252 1834 2323 ingenii,
1890 2266 2053 2307 exeo-

477 2351 641 2407 luisso
685 2349 788 2405 sibi
826 2347 1061 2417 reliquas
1107 2344 1268 2398 latius
1311 2341 1642 2410 disciplinas.
1686 2340 1829 2408 Quas
1860 2341 2054 2395 merito

477 2443 654 2499 sancti
682 2448 866 2511 patres
897 2436 1066 2492 nostri
1096 2434 1349 2506 legendas
1395 2431 1801 2487 studiosissimis
1835 2442 2055 2501 persua-

479 2533 629 2597 dem,
658 2529 915 2599 quoniam
941 2542 1007 2581 ex
1039 2538 1231 2596 magna
1253 2530 1411 2593 parte
1426 2535 1536 2592 per
1562 2536 1657 2575 eas
1684 2535 1717 2574 a
1742 2519 2055 2575 carnalibus

479 2620 641 2676 rebus
679 2618 945 2688 appetitus
985 2612 1339 2677 abstrahitur,
1396 2619 1455 2665 et
1496 2608 1700 2664 faciunt
1746 2608 2055 2665 desiderare

477 2726 614 2780 quae,
671 2693 960 2780 praestante
987 2704 1233 2769 Domino,
1291 2700 1408 2757 solo
1453 2696 1721 2771 possimus
1766 2700 1929 2754 corde
1969 2714 2055 2755 re-

477 2803 704 2872 spicere.
750 2798 901 2855 Unde
943 2795 1081 2849 ratio
1125 2792 1335 2848 numeri
1366 2790 1757 2851 contemnenda
1794 2806 1901 2845 non
1949 2799 2054 2858 est,

476 2910 597 2965 quae
646 2894 698 2947 in
726 2890 911 2945 multis
940 2897 1245 2943 sanctarum
1275 2884 1679 2955 Scripturarum
1720 2883 1856 2938 locis
1892 2898 2055 2953 quam

478 2982 656 3053 magni
682 2977 1038 3035 existimanda
1069 2976 1160 3040 sit,
1210 2974 1352 3029 lucet
1372 2971 1657 3043 diligenter
1698 2972 2050 3027 intuentibus.

478 3073 589 3128 Nec.
636 3073 837 3125 frustra
883 3068 937 3121 in
975 3065 1220 3139 laudibus
1243 3063 1339 3119 Dei
1386 3062 1590 3117 dictum
1621 3069 1743 3116 est:
1776 3060 1968 3115 Omnia
1999 3062 2055 3114 in

477 3178 725 3217 mensura
773 3169 818 3213 et
843 3172 1055 3211 numero
1103 3164 1151 3209 et
1179 3154 1407 3226 pondere
1429 3152 1733 3222 disposuiati
1774 3150 1925 3224 (Sep.
1952 3151 2051 3221 XI).

2142 621 2455 692 Scripturis.
2521 625 2790 695 Ingenium
2832 629 3048 698 quippe,
3079 635 3137 683 ut
3160 629 3230 683 ita
3266 629 3513 695 dixerim,
3561 629 3712 701 inge—

2143 714 2297 769 nium
2335 731 2442 770 non
2478 726 2651 786 potest
2689 732 2794 773 non
2831 720 3033 775 moveri
3077 720 3204 790 quid
3230 720 3329 773 sibi
3372 721 3519 786 velit,
3566 720 3712 790 quod

2140 814 2195 860 et
2247 804 2455 877 Moyses
2500 817 2556 862 ct
2605 808 2751 865 Elias
2793 818 2849 864 et
2890 810 3003 881 ipse
3044 811 3301 865 Dominus
3356 811 3713 881 quadraginta

2140 897 2328 953 diebus
2348 896 2741 969 jejunaverunt.
2771 901 2934 971 Cujus
2954 902 3180 958 actionis
3210 903 3467 973 ﬁguratus
3493 905 3712 974 quidam

2143 990 2315 1045 nodus
2360 991 2479 1046 sine
2520 992 2679 1063 hujus
2718 993 2926 1048 numeri
2972 993 3273 1065 cognitione
3314 1003 3368 1049 et
3406 995 3709 1050 considera-

2029 1074 2047 1114 ’-
2145 1078 2289 1135 tione
2329 1095 2436 1135 non
2484 1072 2726 1137 solvitur.
2778 1074 2949 1138 Habet
2993 1084 3137 1138 enim
3187 1084 3468 1139 denarium
3499 1094 3714 1154 quater,

2147 1178 2399 1239 tanquam
2425 1168 2781 1241 cognitionem
2803 1173 3043 1228 «millium
3062 1188 3252 1238 rerum
3298 1173 3556 1228 intextam
3583 1182 3715 1229 tem-

2145 1259 2386 1342 poribus.
2421 1261 2778 1329 Quaternario
2806 1278 3036 1334 namque
3068 1279 3314 1330 numero,
3341 1275 3395 1320 et
3424 1265 3617 1319 diurna
3659 1275 3721 1319 et

2146 1365 2322 1404 annua
2350 1350 2618 1408 curricula
2646 1361 2975 1424 peraguntur
2998 1371 3011 1407 :
3037 1354 3233 1409 diurna
3276 1355 3573 1421 matutinis,
3602 1352 3720 1408 me—

2146 1440 2391 1507 ridianis,
2414 1443 2752 1513 vespertinis,
2781 1442 3161 1517 nocturnisque
3200 1444 3453 1498 horarum
3496 1444 3717 1513 spatiis;

2147 1540 2325 1586 annua
2355 1532 2554 1597 vernis,
2586 1533 2811 1600 azstivis',
2840 1533 3255 1600 autumnalibus,
3287 1536 3721 1606 hiemalibusque

2149 1623 2441 1679 mensibus.
2480 1623 2525 1677 Α
2556 1627 2857 1695 temperem
2896 1632 3077 1680 autem
3111 1623 3463 1681 delectatione
3491 1625 3621 1680 dum
3663 1627 3723 1681 in

2151 1706 2481 1781 temporibus
2520 1704 2782 1778 vivimus,
2822 1722 3046 1783 propter
3100 1712 3456 1785 aternitatem
3503 1715 3559 1769 in
3611 1729 3723 1785 qua

2151 1801 2332 1857 vivere
2374 1799 2644 1865 velamus,
2689 1801 3063 1858 abstinendum
3103 1810 3159 1858 et
3195 1800 3551 1873 ieiunandum
3602 1814 3724 1867 est,

2151 1890 2398 1967 quamvis
2446 1896 2746 1967 temporum
2789 1895 3038 1952 cursibus
3070 1896 3184 1965 ipsa
3224 1880 3532 1951 insinuetur
3566 1897 3729 1952 nobis

2155 1986 2395 2042 doctrina
2441 1987 2947 2042 contemnendorum
2988 1995 3309 2058 temporum,
3359 1996 3415 2043 et
3458 1999 3724 2060 appeten-

2153 2075 2343 2134 dOrum
2384 2087 2725 2134 aeternorum.
2754 2079 2922 2135 Porro
2949 2088 3129 2135 autem
3173 2080 3426 2136 denarius
3465 2097 3729 2136 numerus

2152 2169 2411 2224 creatoris
2450 2177 2610 2239 atque
2634 2177 2895 2236 creaturae
2934 2169 3200 2241 signiﬁcat
3242 2170 3561 2238 scientiam;
3595 2187 3725 2225 nam

2154 2261 2367 2315 trinitas
2412 2261 2676 2317 creatoris
2724 2248 3197 2333 cst,'sep_tenarius
3238 2271 3416 2318 autem
3465 2278 3731 2317 numerus

2154 2345 2455 2407 creaturam
2496 2353 2718 2417 iudicat,
2742 2360 2964 2421 propter
2988 2352 3154 2406 vitam
3178 2360 3234 2408 et
3257 2366 3472 2422 corpus.
3496 2350 3635 2407 Nam
3672 2354 3731 2407 in

2156 2441 2244 2495 illa
2267 2443 2370 2496 tria
2393 2442 2515 2497 sunt
2538 2461 2550 2495 :
2582 2441 2725 2496 unde
2752 2442 2913 2496 etiam
2934 2450 3051 2498 toto
3068 2442 3250 2508 corde,
3270 2452 3380 2497 tota
3399 2445 3599 2508 anima,
3615 2452 3731 2500 tota

2156 2518 2335 2585 mente
2378 2529 2676 2601 diligendus
2702 2537 2785 2585 est
2821 2529 2993 2595 Deus;
3022 2531 3074 2585 in
3104 2546 3326 2601 corpore
3354 2540 3531 2586 autem
3560 2533 3735 2586 mani-

2155 2618 2441 2677 festissima
2485 2630 2715 2692 quatuor
2759 2616 3052 2691 apparent,
3098 2621 3292 2691 quibus
3332 2628 3575 2684 constat,
3617 2620 3731 2675 elc-

2156 2722 2355 2769 menta.
2388 2713 2498 2768 lloc
2540 2728 2668 2783 ergo
2717 2713 2935 2768 denario
2982 2712 3109 2774 dum
3141 2695 3527 2783 jtemporaliter
3574 2712 3739 2766 nobis

2157 2801 2493 2868 insinuatur,
2518 2796 2583 2856 id.
2614 2810 2716 2866 est,
2763 2810 2955 2871 quater
3000 2801 3247 2867 ducatur,
3279 2812 3426 2857 caste
3453 2810 3508 2857 et
3548 2803 3735 2856 conti-

2156 2898 2348 2945 nenter
2367 2904 2398 2944 a
2423 2898 2729 2967 temporum
2747 2889 3098 2960 delectatione
3124 2890 3325 2957 vivere,
3354 2891 3459 2946 hoc
3485 2900 3572 2947 est
3599 2908 3739 2961 qua-

2156 2981 2403 3051 draginta
2431 2981 2616 3036 diebus
2637 2980 2897 3051 jejunare.
2926 2980 3040 3037 Hoc
3074 2989 3158 3037 est
3183 2981 3269 3035 lex
3304 2981 3459 3053 cujus
3500 2998 3736 3052 persona

2155 3080 2240 3126 est
2282 3072 2334 3125 in
2376 3068 2583 3140 Moyse;
2630 3070 2731 3126 hoc
2774 3078 2858 3125 est
2888 3070 3200 3141 prophetia,
3247 3069 3398 3140 cujus
3443 3088 3737 3141 personam
3805 3052 3823 3063 χ

2158 3160 2295 3233 gerit
2322 3160 2489 3225 Elias;
2533 3161 2637 3215 hoc
2662 3161 2791 3229 ipse
2832 3159 3088 3215 Dominus
3115 3169 3314 3226 monet,
3341 3161 3431 3230 qui
3469 3170 3739 3230 tanquam

475 3255 556 3307 ita
582 3266 710 3305 vero
737 3248 847 3304 suis
871 3246 1100 3316 quisque
1131 3246 1387 3297 numerus
1414 3240 1832 3310 proprietatibus
1878 3239 2056 3294 termi~

2162 3230 2526 3309 testimonium
2550 3250 2757 3304 habens
2778 3266 2808 3303 a
2828 3249 2944 3320 lege
2964 3258 3018 3304 et
3040 3249 3336 3320 prophetis,
3360 3251 3566 3304 medius
3590 3251 3741 3306 inter

481 3358 658 3405 uazur,
719 3350 775 3396 ut
826 3339 1001 3393 nullus
1050 3350 1236 3392 eorum
1286 3350 1381 3405 par
1423 3349 1546 3390 esse
1600 3334 1851 3402 cuiquam
1902 3333 2056 3407 alteri

478 3439 665 3508 possit.
718 3435 857 3504 Ergo
885 3441 939 3486 ct
966 3432 1205 3501 dispares
1227 3428 1373 3482 inter
1392 3442 1452 3482 se
1496 3435 1661 3496 atque
1689 3427 1887 3481 diversi
1910 3434 2054 3491 sunt,

479 3541 533 3585 et
556 3529 747 3599 singuli
780 3520 977 3595 quique
1006 3521 1211 3577 diversi
1240 3528 1382 3585 sunt,
1422 3527 1479 3574 et
1505 3518 1701 3588 singuli
1732 3518 1937 3588 quique
1994 3518 2055 3570 fi-

478 3623 575 3676 niti
604 3595 748 3682 sunt,
787 3627 840 3671 et
864 3629 1051 3669 omnes
1086 3613 1280 3667 infiniti
1310 3620 1455 3666 sunt.
1484 3603 1603 3666 Nec
1639 3611 1915 3666 audebunt
1970 3612 2056 3664 isti
2098 3595 2107 3599 θ

477 3721 823 3766 contemnere
869 3720 1144 3768 muueros,
1197 3710 1252 3757 et
1282 3716 1378 3756 eos
1414 3700 1481 3755 ad
1510 3700 1791 3755 scientiam
1818 3699 1913 3753 Dei
1949 3714 2055 3754 non

480 3802 770 3873 pertinere,
808 3796 945 3864 apud
974 3807 1111 3862 quos
1137 3792 1290 3846 Plato
1314 3792 1478 3845 Deum
1516 3805 1718 3859 magna
1737 3789 2059 3859 auctoritate

480 3886 822 3948 commendat
854 3884 1109 3938 mundum
1135 3880 1372 3953 numeris
1410 3879 1779 3934 fabricantem.
1824 3878 1892 3931 Et
1919 3878 2061 3947 apud

483 3998 581 4036 nos
626 3976 889 4045 Propheta
942 3973 1008 4026 de
1058 3971 1163 4025 Deo
1202 3968 1374 4024 dicit:
1407 3968 1510 4034 Qui
1555 3969 1750 4039 profert
1792 3984 2062 4021 numerose

478 4070 750 4124 su'rulum.
802 4066 866 4119 Et
894 4063 1143 4117 Salvator
1174 4060 1226 4114 in
1254 4058 1543 4129 Evangelio
1569 4077 1581 4112 :
1605 4057 1819 4128 Capilli,
1860 4056 2057 4126 inquit,

480 4160 820 4214 restriomnes
848 4151 1103 4207 numerati
1138 4160 1258 4203 sunt
1290 4147 1505 4221 (Matth.
1534 4147 1613 4219 κ).
1641 4146 1897 4214 Quamvis
1919 4146 2060 4200 enim

487 4272 545 4306 se
582 4251 852 4316 υιηρνινιιι
877 4246 1137 4315 aspectui,
1165 4240 1318 4313 quasi
1346 4243 1788 4312 corpusculorum
1818 4231 2063 4312 quaedam

481 4350 790 4409 simulacra,
822 4359 938 4397 cum
970 4341 1167 4396 senarii
1203 4340 1411 4393 numeri
1432 4338 1769 4409 compositio,
1796 4338 1880 4394 vel
1906 4339 2061 4405 ordo,

486 4444 563 4496 vel
593 4438 808 4510 partitio
835 4434 1124 4503 cogitatur,
1156 4440 1333 4484 tamen
1364 4431 1587 4484 validior
1604 4440 1661 4485 et
1678 4417 2064 4499 pmpotcntior

482 4522 709 4600 desuper
759 4529 891 4583 ratio
924 4541 1024 4579 non
1066 4526 1145 4579 eis
1175 4522 1363 4577 annuit
1390 4522 1631 4587 interius,
1676 4536 1796 4591 qua:
1819 4522 1923 4574 vim
1966 4537 2064 4574 uu-

485 4622 617 4676 mcri
657 4618 914 4679 continet,
962 4628 1058 4684 per
1086 4627 1245 4681 quem
1271 4612 1555 4665 circuitum
1596 4610 1822 4665 fideliter
1846 4610 1976 4664 dicit
2008 4610 2062 4665 id

482 4709 847 4780 tltltld_tiitjillll'
869 4720 1031 4756 unum
1064 4720 1113 4755 Ill
1142 4690 1399 4766 muneris,
1425 4702 1476 4755 iu
1501 4700 1673 4754 nullas
1697 4708 1877 4768 partes
1897 4700 2059 4753 dividi

484 4817 662 4873 posse,
710 4797 849 4851 nulla
894 4802 1071 4847 autem
1102 4806 1326 4860 corpora
1383 4791 1482 4845 nisi
1520 4791 1573 4843 in
1606 4798 1786 4858 partes
1816 4790 2061 4842 innume-

488 4894 681 4948 rabiles
721 4889 907 4949 dividi,
941 4894 994 4939 et
1022 4884 1233 4937 facilius
1260 4882 1455 4936 caelum
1486 4891 1537 4934 et
1576 4889 1775 4934 terram
1802 4880 2056 4941 transire,

400 5046 405 5049 _
485 5001 601 5053 qua:
644 4979 935 5035 secundum
966 4973 1235 5029 senarium
1282 4980 1564 5025 numerum
1622 4968 1879 5023 fabricata
1911 4976 2057 5031 sunt,

486 5089 645 5141 quam
672 5068 804 5123 allici
841 5079 997 5134 posse
1032 5074 1092 5116 ut
1115 5062 1357 5117 senarius
1387 5073 1642 5112 numerus
1669 5073 1773 5111 non
1802 5059 1912 5112 suis
1942 5072 2066 5126 par-

490 5166 633 5217 tibus
659 5158 1006 5226 compleatur.
1062 5152 1423 5219 Quamobrem
1449 5165 1554 5203 non
1579 5163 1865 5217 possumus
1889 5148 2066 5202 dicere

488 5258 769 5321 propterea
810 5244 1079 5299 senarium
1120 5255 1403 5294 numerum
1437 5253 1557 5293 esse
1581 5237 1878 5306 perfectum
1924 5238 2066 5305 quo]

488 5358 578 5397 ch
612 5338 802 5392 diebus
836 5332 1057 5403 perfecit
1084 5330 1223 5384 Deus
1252 5329 1431 5383 omnia
1458 5342 1622 5396 opera
1650 5343 1768 5389 sua,
1826 5328 1917 5381 sed
1943 5342 2064 5395 pro-

484 5443 671 5504 pterea
709 5426 873 5479 Deum
918 5437 1008 5474 sex
1040 5421 1225 5474 diebus
1252 5416 1541 5486 perfecisse
1582 5432 1747 5486 Opera
1770 5431 1886 5479 sua,
1941 5416 2063 5483 quia

487 5502 731 5576 senarius
782 5525 1036 5567 numerus
1090 5506 1358 5577 perfectus
1398 5515 1500 5561 est.
1568 5505 1756 5575 Itaque
1800 5502 1961 5558 ctiam
2021 5504 2063 5557 si

493 5618 590 5667 ista
620 5626 722 5663 non
778 5612 976 5669 essent,
1048 5598 1321 5669 perfectus
1370 5598 1458 5651 ille
1506 5607 1694 5660 esset;
1736 5596 1834 5648 nisi
1886 5603 2063 5648 autem

492 5703 578 5752 ille
630 5695 897 5767 perfectus
939 5700 1104 5754 esset,
1160 5689 1262 5742 ista
1312 5688 1604 5741 secundum
1647 5701 1769 5749 eum
1827 5677 2063 5752 perfeela

492 5805 595 5845 non
650 5795 822 5842 L‘SSL‘IlI
847 5824 858 5837 .

929 5782 1279 5836 Numerorum
1330 5779 1493 5833 etiam
1544 5776 1811 5846 itnperitia
1898 5776 2064 5829 multa

2120 3403 2122 3407 _
2160 3344 2279 3399 illos
2324 3345 2377 3397 in
2424 3352 2625 3409 monte,
2675 3342 2849 3397 tribus
2894 3340 3170 3410 discipulis
3215 3341 3518 3396 videntibus
3565 3352 3740 3412 atque

2156 3433 2513 3502 stupentibus,
2542 3432 2753 3486 claruit.
2782 3430 3003 3486 Deinde
3048 3432 3125 3485 ita
3168 3430 3427 3501 quaaritur
3455 3433 3734 3501 quomodo

2155 3520 2640 3597 quinquagenarius
2671 3524 2735 3578 de
2777 3518 3201 3594 quadragenario
3240 3538 3464 3579 numero
3502 3525 3734 3588 existat,

2157 3621 2247 3692 qui
2277 3636 2381 3673 non
2416 3619 2756 3675 mediocriter
2781 3618 2835 3671 in
2874 3626 3055 3671 nostra
3087 3602 3341 3687 religione
3367 3625 3609 3671 sacratus
3646 3628 3739 3673 est

2156 3718 2374 3782 prepter
2404 3708 2788 3772 Pentecosten;
2832 3715 2888 3762 et
2931 3706 3198 3776 quomodo
3245 3714 3329 3761 ter
3368 3706 3558 3761 ductus
3599 3722 3739 3775 pro-

2156 3811 2276 3873 pter
2317 3801 2417 3855 tria
2458 3810 2694 3869 tempora
2718 3806 2841 3852 ante
2872 3798 3061 3868 legem,
3088 3797 3187 3851 sub
3220 3797 3358 3867 lege,
3385 3797 3483 3851 sub
3518 3797 3735 3866 gratia;

2158 3893 2245 3947 vel
2287 3900 2506 3962 propter
2544 3905 2735 3945 nomen
2765 3888 2963 3952 Patris,
2990 3896 3044 3942 et
3075 3886 3222 3951 Filii,
3254 3896 3311 3941 et
3346 3885 3578 3956 Spiritus
3604 3902 3739 3940 san-

2161 3982 2263 4047 cti,
2302 3981 2549 4052 adjuncta
2578 3977 2902 4033 eminentius
2942 3979 3054 4047 ipsa
3100 3977 3385 4039 Trinitate,
3429 3978 3496 4030 ad
3535 3978 3744 4047 purga-

2162 4072 2383 4127 tissima:
2407 4070 2657 4125 Ecclesiae
2684 4069 2993 4139 mysterium
3040 4066 3321 4130 referatur,
3346 4067 3745 4136 perveniatque

2163 4164 2229 4216 ad
2258 4171 2471 4215 eentum
2508 4159 2589 4213 vel
2621 4168 2731 4213 tres
2756 4158 2953 4229 pisces,
2978 4173 3113 4227 quos
3153 4158 3289 4213 retia
3331 4164 3451 4226 post
3496 4160 3744 4211 resurre-

2162 4252 2393 4304 ctionem
2440 4247 2648 4301 Domini
2695 4247 2749 4300 in
2794 4246 3069 4300 dexteram
3116 4254 3321 4314 partem
3366 4244 3526 4298 missa
3565 4259 3739 4314 cepe-

2165 4349 2305 4395 runt.
2345 4339 2419 4392 Ita
2452 4338 2633 4392 multis
2660 4337 2778 4391 aliis
2812 4344 2971 4403 atque
3011 4334 3129 4389 aliis
3159 4349 3502 4389 numerorum
3542 4333 3744 4388 formis

2163 4430 2405 4501 quantum
2432 4437 2653 4498 propter
2696 4424 3100 4481 similitudinem
3148 4426 3200 4479 in
3245 4426 3445 4480 sanctis
3470 4425 3621 4479 libris
3650 4442 3744 4480 se-

2164 4528 2319 4575 creta
2335 4527 2623 4589 ponuntur,
2653 4531 2771 4585 qua:
2800 4526 3019 4586 propter
3043 4531 3381 4570 numerorum
3406 4515 3742 4585 imperitiam

2164 4609 2458 4678 legentibus
2486 4607 2667 4660 clausa
2714 4614 2855 4660 sunt.
2897 4606 3231 4675 Quapropter
3273 4620 3489 4660 necesse
3530 4613 3613 4660 est
3654 4606 3745 4661 eis

2163 4700 2252 4769 qui
2283 4697 2467 4751 volunt
2492 4697 2557 4750 ad
2598 4709 2766 4750 saera!
2808 4693 3099 4762 Scriptum
3134 4694 3377 4747 notitiam
3421 4693 3739 4763 pervenire,

2162 4801 2220 4842 ut
2258 4788 2394 4842 hanc
2423 4793 2594 4840 artem
2638 4785 2841 4841 intente
2882 4784 3121 4847 discant;
3169 4790 3223 4835 et
3263 4788 3384 4836 cum
3422 4783 3737 4847 didicerint,

2160 4877 2414 4948 mystieos
2441 4889 2696 4929 numeros
2738 4874 2789 4926 in
2826 4873 3019 4926 divinis
3058 4871 3208 4926 libris
3248 4856 3454 4925 facilius
3494 4872 3616 4926 hinc
3652 4873 3745 4926 in-

2164 4966 2414 5035 telligant.
2996 4982 2997 4985 η

2729 5054 2952 5109 CAPUT
2992 5052 3171 5106 XXIII.

2747 5144 2820 5196 De
2847 5144 3148 5212 geometria.

2236 5236 2387 5290 Nunc
2410 5233 2475 5288 ad
2503 5234 2849 5304 geometriam
2880 5234 3172 5293 veniamus,
3199 5247 3317 5300 quae
3338 5238 3419 5285 est
3443 5230 3746 5299 descriptio

2166 5322 2575 5391 contemplativa
2601 5320 2915 5384 formarum,
2950 5322 3325 5374 documentum
3356 5318 3520 5371 etiam
3552 5321 3747 5374 usuale

2169 5414 2275 5486 [AL
2298 5453 2312 5478 ,
2342 5409 2565 5481 visualc]
2608 5410 3038 5480 philosophorum
3065 5425 3100 5472 ;ο
3128 5408 3267 5477 quod
3288 5448 3302 5470 ,
3347 5415 3403 5460 ut
3450 5408 3747 5476 prieroniis

2166 5501 2531 5560 celeberrimis
2556 5499 2808 5561 referant,
2834 5498 3019 5553 Jovem
3051 5513 3204 5551 suum
3232 5498 3287 5549 iu
3314 5497 3569 5564 operibus
3602 5511 3739 5563 pro—

2110 5581 2132 5593 ’
2168 5594 2296 5661 priis
2351 5590 2701 5661 geometriam:
2760 5583 3042 5642 testantur.
3100 5587 3251 5653 Quod
3318 5588 3501 5640 nescio
3555 5598 3744 5640 utrum

2167 5683 2408 5735 laudibus
2434 5695 2499 5731 an
2524 5678 2992 5748 vituperationilnts
3014 5676 3324 5745 applicetur,
3352 5674 3567 5741 quando
3593 5674 3741 5741 quod

2165 5772 2238 5827 illi
2285 5768 2508 5840 pingunt
2554 5768 2602 5820 in
2626 5766 2848 5834 pulvere
2873 5766 3099 5830 coloret),
3136 5763 3318 5818 Jovem
3352 5764 3531 5817 facere
3573 5758 3762 5818 utch
