3968 6328
251 241 347 300 ιοι

1022 233 1111 289 οε
1146 231 1586 289 CLERICORUM
1627 185 2137 307 INSTITUﬂONE,
2166 224 2317 282 ETC.
2361 205 2572 279 eun
2631 218 2720 281 ut.

3384 230 3490 293 402

251 357 456 410 tiuntur
481 352 534 407 in
555 351 711 406 emlo.
735 349 885 417 Quod
914 351 957 404 si
983 365 1110 404 vero
1135 349 1364 402 creatori
1386 355 1439 400 et
1462 345 1814 414 omnipotenti
1844 347 1890 404 Α
1921 345 2113 408 bamur
2136 360 2349 427 semper
2376 359 2497 401 esse
2535 343 2754 409 sociati;
2787 344 2998 413 quando
3028 358 3152 398 vero
3180 344 3490 414 iniquitates

253 448 360 502 Deo
398 443 687 499 salubriter
722 441 1034 512 applicetur,
1083 447 1257 508 potest
1304 452 1370 495 ex
1399 437 1663 500 sententia
1708 435 1815 489 for-

252 534 389 588 sitan
430 532 718 587 convenire
751 531 996 584 veritate.
1029 527 1316 583 Gemnetra
1349 526 1513 590 enim,
1543 525 1595 580 si-
1618 524 1707 581 fas
1735 531 1818 578 est

253 623 454 688 dicere,
497 632 688 678 saneta
743 620 1014 683 divinitas,
1056 619 1308 687 quoniam
1363 627 1623 672 creatura:
1685 631 1815 680 suae,

252 703 618 786 quam'usque
655 709 815 766 hodie
860 709 991 763 facit
1035 708 1290 773 existere,
1325 707 1566 762 diversas
1610 706 1827 776 species

253 800 613 871 for-inuiasque
645 800 920 864 concedit;
961 798 1175 868 quando
1203 812 1392 853 cursus
1424 797 1694 853 stellarum
1726 811 1822 866 po-

253 893 418 947 tentia
449 891 752 946 veneranda
786 891 1089 959 distribuit,
1130 898 1184 945 et
1229 883 1447 967 staiutis
1489 888 1646 942 lineis
1693 887 1821 942 fecit

252 997 470 1038 currere
497 997 614 1052 quae
646 989 950 1046 moventur,
975 991 1231 1049 certaque
1256 979 1382 1035 sede
1409 994 1527 1048 qua:
1559 986 1683 1033 sunt
1715 976 1818 1033 lixa

253 1073 552 1128 constituit.
600 1071 885 1143 Quidquid.
923 1070 1068 1126 enim
1120 1071 1258 1125 bene
1318 1068 1618 1141 disponitur
1662 1075 1822 1135 atque

251 1160 610 1233 componitur,
637 1168 815 1235 potest
846 1158 1140 1230 disciplina:
1167 1156 1326 1226 hujus
1353 1156 1700 1227 qualitatibus
1729 1170 1824 1224 ap-

253 1250 458 1322 plicari.
496 1250 804 1306 Geometria
847 1249 1037 1305 Latine
1079 1240 1299 1314 dicitur.
1325 1256 1481 1302 terra:
1536 1245 1816 1310 dimensio,

250 1343 435 1411 sicque
478 1341 736 1396 dillinitur
771 1359 785 1394 :
821 1340 1131 1396 Geometria
1174 1347 1257 1394 est
1290 1337 1570 1409 disciplina
1613 1336 1823 1408 magni-

253 1431 453 1487 tudinis
499 1431 791 1492 immobilis
821 1439 877 1486 et
906 1430 1221 1485 formarum.
1259 1428 1414 1512 Quod
1447 1443 1543 1497 per
1584 1427 1845 1483 diversas

252 1521 454 1577 formas
477 1521 643 1590 ipsius
671 1521 983 1591 disciplinae,
1007 1527 1067 1574 ut
1094 1518 1331 1578 nonnulli
1359 1517 1562 1586 dicunt,
1589 1517 1824 1586 primum

251 1610 520 1683 Egyptus
547 1612 778 1667 dominis
808 1609 1039 1681 propriis
1067 1609 1239 1664 fertur
1281 1624 1402 1664 esse
1436 1608 1690 1678 partitus,
1730 1621 1823 1662 cu-

201 1775 204 1777 ,
251 1698 334 1766 ius
367 1686 661 1772 disciplina:
699 1700 968 1770 magistri,
1013 1713 1289 1775 mensores
1329 1706 1456 1753 ante
1484 1695 1815 1770 dicebantur.

254 1789 358 1851 Sed
392 1790 587 1858 Varro,
610 1792 968 1863 peritissimus
1017 1791 1348 1867 Latinorum,
1379 1786 1538 1858 hujus
1587 1779 1819 1843 nominis

251 1897 472 1938 causam
521 1884 601 1938 sic
646 1884 919 1955 exstitisse
967 1888 1385 1948 commemorat,
1412 1871 1640 1944 'dieens,
1675 1880 1823 1949 prius

254 1973 466 2042 quidem
495 1974 740 2030 homines
764 1989 861 2044 per
886 1973 1245 2029 dimenSi'ones
1272 1981 1536 2028 terrarum
1577 1970 1822 2028 terminis

254 2064 466 2135 positis,
510 2065 829 2134 vagantibus
855 2064 1068 2134 populis
1097 2063 1246 2132 pacis
1280 2049 1429 2117 utilia
1469 2061 1816 2132 praestitisse;

255 2154 448 2209 deinde
468 2156 632 2209 totius
653 2155 778 2214 anni
801 2154 1056 2210 circulum
1078 2154 1390 2209 menstruali
1413 2167 1637 2208 numero
1657 2147 1820 2208 fuisse

205 2285 208 2292 .
251 2249 509 2319 partitos;
531 2248 672 2317 unde
689 2257 744 2303 et
765 2248 862 2318 ipsi
882 2263 1096 2302 menses
1116 2247 1256 2319 quod
1284 2262 1480 2302 annum
1508 2246 1816 2308 metiantur,

254 2339 415 2414 edicti
447 2346 590 2394 sunt.
621 2339 818 2394 Verum
853 2347 1132 2409 postquam
1161 2340 1260 2394 ista
1290 2347 1502 2408 reperta
1526 2346 1669 2402 sunt,
1697 2353 1819 2407 pro-

255 2431 432 2486 vocati
461 2431 691 2486 studiosi
706 2431 773 2486 ad
799 2432 889 2486 illa
925 2430 1206 2485 invisibilia
1229 2430 1616 2500 cognoscenda,
1644 2443 1822 2498 cmpe-

255 2529 384 2574 runt
412 2536 650 2590 quaerere
677 2529 877 2593 quanto
910 2521 1083 2592 spatio
1113 2535 1144 2573 a
1179 2528 1320 2575 terra
1351 2519 1497 2586 luna,
1527 2534 1555 2572 a
1584 2519 1708 2572 luna
1741 2517 1820 2572 sol

247 2607 368 2680 ipse
413 2609 665 2670 distaret.
699 2618 754 2664 et
786 2625 954 2680 usque
983 2610 1049 2665 ad
1083 2609 1337 2664 verticem
1371 2609 1493 2665 caeli
1525 2617 1721 2678 quanta
1762 2625 1820 2664 se

256 2711 508 2753 mensura
551 2698 908 2764 distenderet;
955 2698 1096 2768 quod
1133 2699 1485 2768 peritissimos
1520 2707 1822 2769 geometras

255 2793 531 2841 assecutos
573 2795 979 2842 commemorat.
1005 2783 1155 2842 Tunc
1181 2795 1236 2846 et
1280 2789 1668 2844 dimensionem
1699 2789 1818 2842 uni-

255 2889 426 2929 versae
489 2884 646 2929 terra:
695 2874 954 2944 probabili
1012 2875 1180 2933 refert
1237 2878 1445 2931 ratione
1504 2877 1816 2941 collectam;

256 2965 483 3035 ideoque
507 2969 708 3029 factum
733 2979 790 3024 ut
830 2971 1110 3041 disciplina
1134 2972 1252 3043 ipsa
1286 2973 1592 3043 geometria:
1623 2986 1817 3027 nomen

1919 438 2175 506 gerimus,
2212 437 2471 492 musicam
2500 451 2607 491 non
2647 435 2926 497 habemus.
2960 433 3164 488 leum
3199 450 3408 504 quoque
3433 450 3491 494 et

1867 533 1871 535 ’
1920 538 2084 592 terra,
2120 528 2203 583 vel
2232 529 2409 582 omnia
2458 543 2577 596 quae
2622 527 2677 581 in
2712 527 2792 582 eis
2833 541 3059 596 superna
3093 527 3488 595 dispensatione

1850 1636 1897 1746 ὴ

1920 627 2270 689 peraguntur,
2303 634 2409 673 non
2456 624 2578 682 sunt
2614 617 2717 672 nisi
2766 617 2971 671 musica
3020 615 3319 685 disciplina,
3364 633 3485 671 eum

1920 708 2252 780 Pythagoras
2279 709 2423 764 hunc
2461 706 2715 762 mundum
2744 721 2840 776 per
2884 706 3142 762 musicam
3187 707 3487 770 conditum,

1921 806 1977 853 et
2003 813 2101 867 per
2121 813 2241 852 eam
2275 797 2561 868 gubernari
2593 809 2748 865 posse
2774 804 3018 849 testatur.
3056 795 3181 849 Hzec
3211 803 3262 850 et
3291 795 3344 848 in
3372 796 3489 864 ipsa

1921 901 2134 956 quoque
2177 887 2434 957 religione
2476 885 2777 942 Christiana
2806 885 2956 939 valde
2993 886 3248 954 permista
3288 895 3398 948 est;
3430 901 3494 942 ac

1922 972 2045 1028 inde
2089 974 2152 1026 fit
2192 983 2252 1029 ut
2279 989 2384 1028 non
2421 989 2591 1044 pauca
2631 973 2794 1027 etiam
2838 972 3049 1050 claudat
3083 983 3242 1043 atque
3270 975 3489 1045 obtegat

1922 1063 2298 1116 nonnullarum
2341 1078 2518 1118 rerum
2556 1063 2882 1137 musicarum
2927 1063 3243 1133 ignorantia.
3274 1063 3409 1119 Nam
3440 1074 3496 1119 et

1922 1151 1988 1205 de
2015 1153 2254 1221 psalterii
2299 1163 2354 1206 et
2386 1152 2607 1207 citharae
2643 1138 2972 1217 dili‘erentia,
3001 1152 3215 1221 quidam
3258 1169 3366 1206 non
3408 1155 3493 1208 in-

1923 1245 2185 1299 concinne
2233 1244 2443 1314 aliquas
2483 1260 2664 1299 rerum
2706 1245 2904 1315 ﬁguras
2943 1246 3181 1316 aperuit;
3226 1256 3282 1301 et
3311 1248 3493 1302 decem
3527 1250 3532 1255 ’

1924 1333 2204 1390 cordarum
2257 1333 2571 1404 psalterium
2619 1348 2723 1388 non
2768 1333 3075 1402 importune
3123 1336 3263 1389 inter
3309 1334 3494 1390 doctos

1923 1425 2199 1498 quaeritur,
2224 1432 2402 1480 utrum
2432 1425 2627 1480 habeat
2650 1425 2883 1494 aliquam
2911 1426 3126 1481 musicae
3151 1426 3341 1496 legem,
3372 1443 3492 1502 qua:

1923 1516 1993 1576 ad
2029 1522 2233 1574 tantum
2277 1530 2564 1570 nervorum
2614 1530 2895 1570 numerum
2927 1524 3112 1586 cogat;
3144 1533 3210 1571 an
3243 1525 3402 1583 'vero,
3448 1517 3493 1572 si

1923 1619 2042 1659 non
2079 1604 2272 1669 habet,
2302 1599 2367 1659 eo
2410 1605 2526 1674 ipso
2569 1605 2741 1675 magis
2784 1591 2994 1660 sacrate
3035 1607 3382 1676 accipiendas
3425 1607 3496 1662 sit

1924 1695 2038 1765 ipse
2070 1709 2343 1759 numerus,
2373 1694 2456 1749 vel
2499 1706 2718 1765 propter
2756 1695 3064 1767 decalogum
3097 1696 3347 1768 legis,_de
3388 1712 3494 1767 quo
3575 1741 3579 1746 .

1921 1784 2049 1840 item
2089 1798 2312 1839 numero
2357 1785 2403 1839 si
2439 1793 2734 1855 quaeratur,
2781 1803 2887 1841 non
2934 1789 3037 1843 nisi
3080 1788 3147 1843 ad
3189 1797 3494 1845 creatorem

1921 1884 2333 1946 creaturamque
2357 1865 2672 1935 referendus
2702 1888 2805 1946 est,
2836 1881 2918 1935 vel
2947 1891 3165 1952 propter
3194 1882 3522 1952 expositum.

1921 1967 2129 2042 ipsum,
2172 1968 2473 2024 denarium.
2530 1969 2599 2026 Et
2653 1969 2742 2025 ille
2795 1986 3052 2026 numerus
3125 1971 3494 2027 aedificationis

1919 2060 2103 2130 templi
2127 2060 2217 2129 qui
2243 2069 2694 2116 commemoratur
2721 2062 2772 2114 in
2801 2061 3111 2132 Evangelio,
3139 2062 3490 2132 quadraginta

1919 2150 2123 2205 scilicet
2149 2158 2203 2204 et
2224 2163 2317 2204 sex
2339 2165 2620 2215 annorum,
2645 2151 2827 2206 nescio
2857 2151 2982 2220 quid
3012 2153 3276 2222 musicum
3297 2161 3488 2216 sonat;

1920 2249 1975 2297 et
2021 2241 2222 2296 relatus
2262 2240 2328 2294 ad
2371 2240 2628 2297 fabricam
2675 2241 2936 2296 Dominici
2979 2241 3236 2312 corporis,
3278 2250 3496 2312 propter

1920 2347 2083 2402 quam
2120 2331 2302 2402 templi
2329 2332 2534 2388 mentio
2563 2331 2703 2387 facta
2745 2341 2849 2397 est,
2890 2333 3034 2401 cogit
3070 2331 3352 2387 nonnullos
3382 2333 3489 2387 ha:-

1922 2421 2120 2476 reticos
2148 2421 2394 2476 confiteri
2423 2420 2620 2475 Filium
2671 2423 2761 2477 Dei
2807 2437 2910 2476 non
2958 2421 3096 2477 falso
3130 2422 3224 2478 sed
3247 2470 3252 2475 .
3276 2438 3401 2477 vero
3439 2433 3493 2477 et

1921 2510 2157 2566 humano
2199 2526 2424 2583 corpore
2476 2513 2742 2567 indutum.
2792 2513 2976 2584 itaque
3018 2523 3074 2570 et
3115 2529 3396 2569 numerum
3439 2526 3493 2570 et

1858 2611 1876 2620 ‘
1921 2601 2181 2656 musicam
2217 2602 2485 2672 plerisque
2523 2603 2656 2659 locis
2683 2605 2738 2660 in
2764 2607 2962 2663 Sanctis
3001 2605 3296 2676 Seripturis
3324 2609 3493 2663 hono-

1918 2690 2161 2775 rabiliter
2198 2693 2365 2762 posita
2394 2694 2715 2750 invenimus.
2762 2694 2880 2750 Non
2912 2697 3056 2752 enim
3084 2698 3333 2757 audiendi
3364 2709 3493 2754 sunt

1919 2795 2132 2839 errores
2158 2783 2436 2854 gentilium
2460 2786 2924 2855 superstitionum,
2951 2789 3041 2857 qni
3071 2803 3263 2842 novem
3293 2789 3489 2856 Musas,

1920 2880 1974 2927 et
2001 2870 2149 2927 Jovis
2193 2872 2562 2940 etMemorize
2605 2875 2742 2930 tilias
2783 2889 2901 2931 esse
2941 2876 3227 2934 finxerunt.
3277 2878 3492 2933 Refellit

1922 2977 2015 3018 eos
2057 2964 2230 3029 Varro
2255 2981 2268 3015 :
2298 2979 2405 3033 quo
2454 2965 2633 3020 nescio
2677 2975 2854 3020 utrum
2893 2968 3032 3037 apud
3072 2983 3165 3023 eos
3207 2969 3490 3040 quisquam

257 3034 556 3125 acciperet,
607 3060 750 3129 quod
800 3075 896 3131 ρει-
942 3034 1136 3116 simula
1157 3034 1344 3133 “longa
1392 3064 1640 3118 ευειοςιίι,
1696 3062 1821 3117 Haec
1850 3034 1894 3095 (ἶ
1925 3049 2109 3105 talium
2137 3067 2315 3106 rerum
2345 3053 2551 3108 doctior
2581 3055 2660 3108 vel
2689 3034 2956 3113 curiosior
2981 3071 3102 3111 esse
3130 3034 3319 3126 possit.
3346 3034 3490 3114 bicit

257 3143 419 3212 igitur
471 3146 749 3218 disciplina
799 3150 852 3205 in
898 3151 1223 3212 tabernaculi
1260 3152 1545 3224 templique
1582 3153 1816 3209 aedifica-

257 3234 402 3288 tione
449 3246 661 3294 servata
706 3246 833 3304 est,
864 3239 953 3296 ubi
1003 3241 1212 3298 linealis
1247 3256 1512 3297 mensurae
1560 3243 1719 3296 unius
1766 3250 1820 3297 et

256 3326 444 3381 circuli
489 3343 553 3384 ac
602 3331 810 3400 spherae
860 3343 1019 3402 atque
1067 3334 1497 3409 hemispherion,
1547 3334 1819 3403 quadran-

256 3415 393 3482 gulze
420 3432 632 3488 quoque
679 3419 895 3490 formae,
931 3432 987 3476 et
1017 3431 1332 3480 eaeterarum
1368 3424 1658 3494 figurarum
1707 3425 1818 3480 dis-

255 3505 455 3572 positio
510 3507 690 3562 habita
745 3518 875 3565 est:
920 3526 1147 3581 quorum
1199 3513 1436 3567 omnium
1509 3513 1698 3570 notitia
1752 3512 1818 3568 ad

256 3596 552 3662 spiritalem
600 3599 926 3655 intellectum
973 3616 1078 3656 non
1121 3618 1311 3674 parum
1360 3602 1576 3672 adjuvat
1620 3611 1818 3660 tracta-

206 3712 208 3714 τ
257 3693 452 3741 torem.

811 3778 1036 3854 CAPUT
1073 3780 1258 3837 xxw.

871 3871 949 3936 De
986 3874 1214 3928 ηιιιδὶιεα.⁵

325 3957 526 4014 Musica
555 3969 636 4014 est
666 3959 944 4032 disciplina
970 3977 1087 4032 qua:
1110 3965 1178 4018 de
1201 3966 1441 4020 numeris
1469 3966 1702 4034 loquitur
1727 3966 1818 4036 qui
1858 3979 1862 3992 ’

253 4047 322 4102 ad
356 4048 558 4118 aliquid
603 4058 756 4113 sunt,
801 4051 855 4118 id
895 4059 999 4117 est,
1029 4053 1113 4107 his
1139 4054 1227 4123 qui
1270 4055 1618 4110 inveniuntur
1651 4055 1703 4117 in
1736 4071 1820 4109 so-

228 4139 339 4216 nis
365 4158 378 4192 :
408 4148 468 4192 ut
501 4140 735 4210 duplum,
767 4141 1003 4212 triplum,
1035 4145 1409 4214 quadruplum.
1434 4155 1498 4216 et,
1518 4147 1601 4202 his
1626 4147 1818 4202 similia

253 4241 374 4296 qua:
419 4227 667 4283 dicuntur
691 4230 760 4285 ad
803 4231 1021 4300 aliquid.
1053 4232 1178 4288 Hmc
1219 4244 1346 4304 ergo
1390 4235 1670 4303 disciplina
1711 4244 1820 4290 tam

254 4316 453 4372 nobilis
479 4325 584 4384 est,
616 4327 831 4389 tamque
873 4320 1043 4386 utilis,
1072 4330 1132 4376 ut
1156 4323 1247 4392 qui
1283 4338 1346 4380 ea
1374 4325 1630 4389 caruerit,
1656 4325 1820 4380 eccle-

252 4409 531 4463 siasticum
583 4409 821 4465 ofﬁcium
883 4427 1117 4484 congrue
1186 4414 1406 4484 implere
1471 4431 1577 4469 non
1629 4418 1814 4486 possit.

251 4496 522 4568 Quidquid
548 4501 689 4555 enim
716 4501 770 4555 in
803 4501 1119 4557 lectionibus
1146 4504 1396 4561 decenter
1419 4507 1817 4574 pronuntiatur,

250 4605 314 4644 ac
342 4589 607 4660 quidquid
631 4591 695 4646 de
727 4591 946 4662 psalmis
974 4593 1208 4648 suaviter
1235 4593 1287 4647 in
1327 4594 1549 4648 ecclesia
1581 4595 1817 4650 modula-

251 4688 357 4743 tur,
389 4678 549 4747 hujus
578 4680 868 4748 disciplina:
897 4681 1121 4736 scientia
1151 4673 1242 4736 ita'
1254 4691 1602 4751 temperatur,
1629 4693 1683 4738 et
1710 4699 1816 4739 nou

249 4769 428 4823 solum
476 4784 572 4838 per
614 4769 750 4825 hanc
794 4771 1018 4841 legimus
1063 4779 1116 4826 et
1160 4772 1434 4841 psallimus
1477 4773 1530 4826 in
1569 4773 1815 4837 ecclesia,

250 4860 358 4914 imo
383 4874 548 4914 omne
573 4861 849 4914 servitium
877 4862 970 4914 Dei
1003 4861 1102 4914 rite
1134 4861 1432 4930 implemus.
1466 4862 1665 4916 Musica
1693 4877 1820 4933 ergo

248 4951 536 5020 disciplina
570 4967 665 5020 per
697 4967 883 5008 omnes
912 4963 1065 5006 actus
1093 4952 1212 5006 vitze
1257 4962 1451 5008 nostrae
1479 4955 1582 5008 hac
1612 4955 1820 5008 ratione

248 5038 605 5105 diminditur:
643 5042 874 5110 primum
904 5043 947 5098 si
983 5043 1241 5098 creatoris
1273 5043 1520 5096 mandata
1558 5043 1820 5098 faciamus

248 5139 304 5186 et
327 5133 485 5201 puris
513 5135 802 5198 mentibus,
829 5135 1045 5188 statutis
1071 5135 1138 5188 ab
1161 5148 1224 5187 eo
1249 5135 1465 5203 regulis,
1495 5135 1814 5188 serviamus.

244 5219 522 5290 Quidquid
560 5223 701 5277 enim
749 5223 1036 5291 loquimur,
1067 5223 1148 5277 vel
1192 5224 1516 5277 intrinsecus
1562 5238 1816 5276 venarum

247 5311 495 5382 pulsibus
525 5326 944 5374 commovemur,
992 5327 1087 5381 per
1119 5313 1350 5366 musicos
1380 5313 1657 5382 rhythmos
1693 5312 1816 5364 har-

252 5402 448 5456 moniae
497 5401 781 5456 virtutibus
830 5403 1086 5470 probatur
1131 5417 1249 5456 esse
1296 5402 1572 5456 sociatum.
1618 5402 1814 5456 Musiea

252 5494 450 5562 quippe
494 5493 715 5548 scientia
764 5503 845 5546 est
889 5494 1020 5546 bene
1069 5493 1390 5546 modulandi.
1434 5492 1582 5556 Quod
1632 5492 1676 5543 si
1718 5507 1814 5544 nos

251 5587 389 5640 bona
426 5586 834 5640 conversatione
880 5580 1194 5648 tractamus,
1226 5586 1312 5640 tali
1355 5585 1648 5654 disciplina:
1693 5598 1814 5652 pro-

1919 3144 2063 3198 enim
2092 3145 2365 3200 civitatem
2402 3148 2582 3201 nescio
2609 3162 2766 3214 quam
2814 3148 2941 3216 (non
2971 3149 3113 3202 enim
3163 3165 3357 3204 nomen
3408 3165 3493 3219 re-

1919 3234 2056 3306 colo)
2097 3235 2301 3294 locasse
2355 3237 2494 3305 apud
2549 3246 2659 3290 tres
2709 3236 2944 3291 artifices
2990 3245 3141 3292 terna
3203 3239 3490 3294 simulacra

1920 3324 2209 3390 Musarum,
2237 3327 2377 3396 quod
2408 3328 2459 3380 in
2494 3327 2689 3398 templo
2725 3326 2983 3394 Apollinis
3011 3326 3206 3381 donum
3237 3337 3486 3398 poneret,

1918 3422 1979 3468 ut
2017 3415 2258 3485 quisquis
2293 3415 2559 3470 artificum
2597 3416 2903 3484 pulchriora
2951 3415 3263 3483 formasset,
3301 3419 3368 3472 ab
3402 3419 3490 3472 illo

1917 3505 2252 3578 potissimum
2299 3506 2468 3564 electa
2518 3514 2744 3560 emeret.
2785 3506 2860 3560 lta
2891 3508 3179 3576 contigisse
3226 3518 3282 3562 ut
3328 3525 3488 3579 opera

1918 3611 2013 3650 sua
2043 3595 2117 3650 illi
2133 3639 2142 3666 ί
2163 3610 2375 3665 quoque
2420 3595 2654 3651 artifices
2681 3611 2832 3664 teque
2879 3594 3100 3664 pulchre
3132 3597 3485 3664 explicarent,

1918 3693 1972 3739 et
2000 3684 2265 3760 placuisse
2294 3685 2498 3743 civitati
2525 3700 2711 3739 omnes
2738 3699 2926 3739 novem
2966 3693 3127 3753 atque
3155 3701 3340 3740 omnes
3370 3700 3490 3741 esse

1919 3782 2143 3844 emptas,
2175 3783 2233 3830 ut
2269 3774 2321 3840 in
2348 3774 2610 3844 Apollinis
2640 3775 2830 3844 templo
2862 3775 3267 3839 dedicarentur;
3296 3777 3488 3850 quibus

1918 3872 2100 3933 postea
2127 3865 2254 3920 dicit
2289 3858 2575 3921 Hesiodum
2612 3874 2826 3934 poetam
2863 3867 3179 3933 imposuisse
3209 3867 3485 3921 voeabula.

1919 3953 2035 4009 Non
2074 3969 2200 4025 ergo
2233 3953 2441 4024 Jupiter
2465 3971 2655 4020 novem
2697 3956 2874 4011 Musas
2903 3957 3108 4026 genuit,
3135 3958 3227 4011 sed
3257 3965 3366 4014 tres
3407 3957 3488 4012 fa-

1919 4043 2000 4096 bri
2050 4051 2233 4103 ternas
2280 4054 2613 4105 creaverunt.
2659 4045 2790 4100 Tres
2834 4055 3011 4099 autem
3054 4062 3158 4100 non
3205 4057 3487 4117 prepterea

1919 4133 2006 4188 illa
2053 4135 2245 4198 civitas
2288 4134 2576 4200 locaverat,
2608 4136 2730 4206 quia
2779 4136 2829 4189 in
2864 4137 3066 4192 somnis
3112 4152 3204 4190 eas
3245 4137 3482 4202 viderat,

1919 4233 2015 4283 aut
2056 4233 2137 4281 tot
2174 4240 2234 4280 se
2273 4224 2586 4296 cujusquam
2635 4225 2844 4298 illorum
2873 4226 3044 4281 oculis
3083 4226 3485 4283 demonstrave-

1922 4319 2076 4378 rant;
2123 4315 2219 4374 sed
2260 4315 2385 4384 quia
2434 4314 2588 4376 facile
2639 4323 2757 4369 erat
2802 4315 3226 4370 animadvertere
3269 4333 3483 4372 omnem

1922 4419 2135 4470 sonum,
2178 4419 2297 4475 qua:
2321 4407 2573 4461 materies
2609 4407 2996 4462 cantilenarum
3043 4416 3147 4469 est,
3188 4404 3483 4475 triformem

1917 4510 2038 4550 esse
2068 4507 2278 4550 natura.
2309 4497 2415 4556 Aut
2441 4499 2584 4562 enim
2612 4511 2740 4553 voce
2767 4497 2963 4561 editur,
2997 4497 3152 4550 sicuti
3183 4512 3366 4550 eorum
3405 4508 3487 4551 est

1921 4587 2010 4657 qui
2040 4573 2280 4642 faucibus
2326 4588 2438 4649 sive
2480 4603 2680 4657 organo
2714 4597 2945 4651 canunt;
2996 4595 3089 4639 aut
3135 4587 3290 4648 ﬂatu,
3341 4589 3480 4641 sicut

1921 4675 2169 4729 tubarum
2195 4685 2250 4730 et
2276 4677 2553 4741 tibiarum;
2587 4683 2679 4728 aut
2707 4674 2880 4743 pulsu,
2915 4673 3053 4727 sicut
3082 4674 3133 4726 in
3165 4675 3388 4727 citharis
3430 4684 3484 4728 et

1920 4766 2203 4836 tympanis,
2235 4773 2290 4818 et
2330 4765 2654 4846 quibuslibet
2680 4763 2814 4825 aliis,
2844 4778 2961 4832 qua:
3007 4765 3349 4832 percutienda
3392 4781 3480 4816 ea-

1923 4846 2051 4912 nora
2084 4865 2225 4912 sunt.
2256 4855 2360 4911 Sed
2385 4857 2497 4911 sive
2523 4871 2578 4910 se
2601 4857 2673 4912 ita
2705 4857 2896 4910 habeat
2923 4855 3064 4924 quod
3090 4856 3255 4908 Varro
3284 4855 3480 4916 retulit,
3555 4875 3558 4877 λ

1920 4949 2032 5002 sive
2079 4962 2182 5001 non
2219 4947 2316 5011 ita,
2347 4934 2444 4999 nos
2481 4955 2658 5004 tamen
2689 4960 2795 4999 non
2840 4945 3092 5004 debemus
3134 4954 3349 5013 propter
3390 4962 3481 4998 su-~

1919 5037 2287 5107 perstitioncm
2327 5034 2672 5103 profanorum
2718 5034 2973 5086 musicam
3020 5031 3221 5102 fugere,
3269 5035 3312 5086 si
3357 5035 3483 5101 quid

1921 5128 2042 5180 inde
2083 5125 2210 5179 utile
2247 5125 2313 5178 ad
2359 5124 2728 5194 intelligendas
2772 5134 2986 5177 sanctas
3036 5123 3342 5193 Scripturas
3389 5140 3473 5175 ra»

1920 5233 2045 5288 pere
2088 5220 2412 5287 poterimus;
2462 5234 2559 5273 nec
2605 5219 2670 5271 ad
2718 5218 2926 5271 illorum
2976 5217 3261 5270 thealricas
3310 5232 3475 5286 nugas

1920 5309 2190 5372 converti,
2235 5311 2278 5363 si
2309 5310 2506 5378 aliquid
2537 5310 2602 5362 de
2633 5308 2852 5363 citharis
2879 5315 2934 5361 et
2967 5308 3030 5360 de
3071 5306 3303 5375 organis,
3335 5308 3474 5373 quod

1920 5404 1985 5456 ad
2036 5402 2291 5469 spiritalia
2331 5401 2586 5470 capienda
2641 5399 2849 5463 valeat,
2899 5399 3243 5466 disputemus.
3299 5395 3480 5464 Neque

1917 5497 2060 5550 enim
2098 5502 2150 5547 et
2189 5493 2395 5546 litteras
2423 5494 2627 5548 discere
2671 5508 2774 5546 non
2807 5491 3099 5552 debuimus,
3132 5489 3255 5558 quia
3293 5503 3480 5541 eorum

1920 5586 2088 5640 Deum
2137 5583 2320 5637 dicunt
2373 5598 2492 5638 esse
2550 5582 2905 5638 Mercurium:
2948 5591 3039 5635 aut
3083 5580 3206 5649 quia
3251 5575 3477 5630 iustitia:
