3968 6336
436 278 535 331 ἇυὸ

1032 274 1094 329 n.
1135 242 1386 329 MBAN!
1423 272 1641 328 mum
1678 269 1991 325 ARCHIEP.
2035 266 2340 325 uocum.
2383 265 2666 324 omnem
2700 266 2878 322 rans
2916 268 2952 322 ι.

3558 268 3666 324 408

439 384 735 456 Virtutique
766 384 962 456 templa
987 385 1319 449 dedicarunt,
1347 394 1399 439 ct
1423 398 1541 451 quae
1565 381 1723 439 corde
1747 379 2000 434 vestanda
2030 381 2074 442 Α
2104 385 2269 447 utque
2294 376 2565 433 Paschalis
2594 375 2714 432 festi
2742 377 2980 441 exordia,
3010 384 3065 432 et
3092 386 3236 432 certa
3274 378 3391 433 loca
3421 377 3669 433 omnium

433 487 594 545 sunt,
647 480 698 534 in
754 480 1020 549 lapidibus
1069 478 1293 531 adorare
1348 476 1675 539 maluerunt,
1714 481 1994 542 propterea

434 573 592 629 nobis
613 571 823 640 justitia
853 572 1129 637 virtusque
1160 567 1406 634 fugienda
1432 574 1531 619 est.
1556 566 1665 620 lmo
1692 580 1818 619 vero
1845 566 1995 634 quis-

445 666 566 738 quis
594 664 771 729 bonus
814 676 1074 730 verusque
1108 658 1443 713 Christianus
1481 667 1594 721 est,
1643 659 1808 711 Deum
1843 672 1997 711 suum

440 770 560 809 esse
584 749 862 823 intelligat,
890 751 1189 817 ubicunque
1218 747 1483 802 invenerit
1512 749 1810 802 veritatem.

994 858 1218 914 CAPUT
1268 846 1434 912 x‘xv.

995 928 1071 983 De
1108 931 1444 982 astronomia.

506 1021 841 1077 Astronomia
870 1034 997 1088 ergo
1029 1015 1293 1087 superest,
1320 1033 1457 1087 quae,
1493 1025 1549 1070 ut
1583 1018 1799 1085 quidam
1842 1017 1999 1081 dixit,

439 1116 651 1185 dignum
684 1121 765 1168 est
808 1112 1069 1181 religiosis
1099 1118 1492 1180 argumentum,
1526 1123 1886 1178 magnumque
1909 1123 2002 1162 cu-

438 1206 595 1260 riosis
641 1212 983 1258 tormentum.
1017 1202 1163 1255 Hanc
1192 1214 1317 1269 ergo
1353 1199 1396 1252 si
1441 1206 1589 1253 casta
1627 1212 1689 1251 ac
1728 1197 1999 1251 moderata

440 1302 618 1349 mante
652 1294 1032 1364 perquirimus,
1080 1283 1266 1344 sensus
1321 1302 1532 1357 quoque
1574 1295 1803 1347 nostros.
1852 1293 1911 1340 ut
1950 1295 2006 1339 et

436 1393 651 1439 veteres
699 1384 909 1445 dicunt,
956 1395 1143 1449 magna
1193 1379 1456 1433 cbaritate
1498 1376 1783 1447 perfundit.
1837 1377 2005 1444 Quale

440 1483 520 1529 est
565 1476 705 1529 enim
752 1474 817 1527 ad
865 1473 1028 1526 cmlos
1074 1471 1252 1525 animo
1297 1470 1496 1534 subire,
1543 1478 1817 1539 totamque
1861 1469 2005 1523 illam

442 1566 745 1619 machinam
800 1576 1081 1631 supernam
1130 1561 1412 1630 indagabili
1460 1561 1666 1615 ratione
1714 1561 2004 1625 discutere,

2098 468 2491 522 solemnitatem
2537 475 2696 537 atque
2733 466 3175 530 celebrationum,
3223 468 3323 520 sibi
3363 467 3500 521 sciat
3539 466 3676 521 inti-

2099 569 2247 608 mare
2274 554 2627 620 observanda,
2660 561 2712 609 et
2744 553 2936 623 populo
2972 553 3065 607 Dei
3101 553 3201 609 rite
3228 554 3403 608 valeat
3430 554 3675 610 indicare

2100 644 2437 700 celebranda.

2510 802 2514 811 ἱ
2655 733 2880 790 CAPUT
2916 732 3103 788 XXVI.

2532 822 2608 874 De
2631 821 3055 891 philosophorum
3085 822 3249 877 libris.

2172 935 2310 989 Ecce
2332 934 2397 989 de
2419 942 2621 1003 septem
2652 933 2962 989 liberalibus
2985 935 3189 990 artibus
3210 935 3676 1005 philosophorum,

2102 1025 2169 1079 ad
2201 1039 2360 1095 quam
2407 1023 2692 1078 utilitatem
2724 1024 2990 1078 discendae
3031 1025 3137 1079 sint
3184 1026 3482 1091 catholicis,
3515 1025 3677 1092 satis,

2104 1123 2165 1169 ut
2204 1130 2350 1180 reor,
2391 1114 2636 1183 superius
2674 1113 2924 1169 diximus.
2967 1113 3101 1169 Illud
3142 1113 3316 1168 adhuc
3358 1113 3670 1181 adjicimus,

2105 1205 2249 1274 quod
2286 1200 2585 1273 philosophi
2615 1203 2715 1272 ipsi
2742 1204 2831 1272 qui
2862 1211 3144 1269 vocantur,
3169 1203 3215 1257 si
3244 1218 3347 1272 qua
3381 1202 3521 1258 forte
3548 1218 3680 1258 vera

2105 1306 2160 1352 et
2184 1290 2528 1363 fideinostrae
2550 1296 2947 1350 accommodata
2976 1296 3029 1349 in
3054 1294 3540 1363 dispensationibus
3562 1295 3680 1348 suis

2106 1403 2202 1443 seu
2245 1387 2460 1459 scriptis
2489 1387 2754 1449 dixerunt,
2793 1386 3024 1441 maxime
3055 1385 3337 1459 Platonici,
3368 1400 3472 1440 non
3505 1384 3681 1439 solum

2109 1477 2440 1532 formidanda
2489 1492 2593 1530 non
2645 1484 2799 1541 sunt,
2844 1476 2936 1530 sed
2981 1478 3048 1532 ab
3096 1477 3174 1531 eis
3219 1476 3383 1530 etiam
3422 1484 3682 1544 tanquam

2111 1569 2323 1647 injustis
2358 1568 2756 1647 possessoribus
2783 1568 2834 1620 in
2864 1582 3018 1622 usum
3063 1578 3305 1622 nostrum
3335 1567 3681 1622 vindicanda.

441 1664 495 1709 ct
523 1654 812 1723 iuspectiva
844 1654 1038 1706 mentis
1064 1652 1386 1705 sublimitate
1409 1666 1475 1705 ex
1516 1651 1691 1720 aliqua
1720 1657 1873 1720 parte
1901 1650 2008 1704 col-
2036 1636 2264 1749 Bcsfcm
2294 1636 2435 1712 enim
2467 1639 2700 1728 Αῗεγριίί
2746 1673 2850 1712 non
2884 1665 3091 1712 tantum
3141 1658 3279 1713 idola
3304 1658 3600 1713 habebam
3629 1666 3687 1711 ﬂ

442 1745 624 1814 ligerc,
656 1744 795 1812 quod
829 1752 990 1796 tanta:
1021 1740 1395 1810 magnitudinis
1432 1754 1629 1793 arcana
1660 1739 2005 1793 velaverunt?

442 1834 575 1889 Nam
606 1835 832 1887 mundus
859 1834 985 1900 ipse,
1016 1840 1070 1883 ut
1118 1831 1331 1898 quidam
1363 1830 1566 1893 dicunt,
1598 1828 1856 1897 sphaerica
1903 1827 2005 1881 fer—

443 1932 532 1981 tur
558 1924 884 1977 rotunditate
922 1921 1192 1981 collectus,
1231 1927 1289 1971 ut
1322 1919 1559 1972 diversas
1592 1933 1769 1971 rerum
1806 1916 2008 1971 formas

306 2080 316 2089 .
410 2015 679 2068 sambitus
724 2014 805 2067 sui
849 2012 1161 2066 circuitione
1210 2010 1569 2064 concluderet.
1616 2009 1767 2064 Unde
1810 2009 2007 2062 librum

445 2104 649 2159 Seneca
694 2112 1049 2159 consentanea
1104 2102 1437 2171 philosophis
1491 2101 1850 2169 disputatione
1894 2099 2006 2155 for-

444 2197 631 2260 mavit,
663 2195 746 2249 cui
780 2193 960 2246 titulus
996 2200 1078 2246 est
1110 2191 1183 2244 De
1211 2191 1380 2260 [arma
1420 2190 1621 2243 mundi.
1668 2189 2009 2243 Astronomia

444 2286 628 2353 itaque
674 2283 897 2345 dicitur,
939 2282 1080 2335 unde
1127 2282 1279 2335 nobis
1335 2296 1530 2343 sermo,
1576 2288 1843 2333 astrorum
1878 2278 2005 2332 lex:

442 2374 569 2443 quia
593 2373 836 2427 nesciunt
862 2370 967 2424 ullo
1005 2372 1162 2425 modo
1198 2370 1370 2434 aliter,
1401 2385 1559 2440 quam
1586 2385 1615 2423 a
1647 2384 1745 2424 suo
1768 2378 2011 2423 creatore

443 2465 700 2534 disposita
726 2470 868 2525 sunt,
896 2464 977 2518 vel
1016 2463 1325 2527 consistere,
1354 2461 1438 2516 vel
1468 2461 1672 2515 moveri
1698 2479 1710 2513 :
1744 2461 1846 2514 nisi
1876 2460 2012 2515 forte

443 2554 678 2624 quando,
707 2555 886 2624 aliquo
928 2554 1185 2608 miraculo
1230 2552 1402 2618 facto,
1447 2552 1743 2606 divinitatis
1791 2551 2011 2605 arbitrio

444 2653 867 2710 commutantur;
916 2645 1070 2698 sicuti
1101 2643 1223 2699 .lesu
1262 2643 1407 2697 Nave
1452 2642 1549 2696 soli
1601 2643 1654 2695 in
1685 2641 1905 2695 Gabaon
1955 2648 2013 2693 ut

445 2744 615 2792 staret
661 2735 851 2806 legitur
898 2735 1190 2803 imperasse
1238 2732 1390 2805 (Jos.
1433 2732 1536 2803 x);
1580 2740 1635 2787 et
1681 2732 2012 2801 temporibus

443 2828 687 2883 Ezechiae
718 2828 877 2896 regis,
911 2836 1203 2881 retrorsum
1240 2827 1424 2881 decem
1456 2826 1709 2895 gradibus
1738 2840 2012 2880 reversum

444 2914 611 2971 fuisse
649 2916 699 2986 (Ι
718 2914 753 2969 ν
780 2915 902 2986 Reg.
926 2916 1053 2987 x'x);
1088 2926 1141 2971 et
1190 2917 1242 2970 in
1291 2916 1542 2985 passione
1586 2915 1796 2969 Domini
1842 2916 2013 2970 tribus

2106 1746 2270 1806 onera
2299 1749 2503 1819 gravia,
2533 1763 2650 1816 qum
2678 1748 2901 1816 populus
2929 1748 3091 1803 Israel
3130 1749 3489 1803 detestaretur
3514 1758 3569 1802 et
3600 1746 3688 1800 fu—

2106 1846 2276 1909 geret,
2306 1838 2399 1892 sed
2442 1838 2601 1891 etiam
2632 1851 2757 1890 vasa
2804 1845 2964 1907 atque
3003 1846 3317 1891 ornamenta
3364 1838 3430 1891 de
3460 1851 3590 1891 auro
3629 1844 3688 1891 et

2107 1934 2347 1996 argento,
2378 1936 2430 1979 et
2468 1933 2688 1987 vestem,
2721 1940 2838 1992 qua:
2884 1924 2969 1979 ille
3006 1924 3231 1993 populus
3260 1924 3445 1978 exiens
3477 1924 3542 1978 de
3585 1922 3679 1977 1E.

2107 2024 2266 2086 gypto
2292 2016 2390 2070 sibi
2422 2024 2672 2084 tanquam
2703 2014 2767 2067 ad
2797 2029 2950 2067 usum
2980 2013 3250 2068 meliorem
3280 2013 3527 2067 clanculo
3556 2028 3690 2066 ven-

2108 2106 2332 2168 dicavit,
2382 2120 2485 2160 non
2537 2104 2858 2157 auctoritate
2902 2103 3136 2171 propria,
3181 2101 3273 2155 sed
3307 2110 3575 2171 praecepto
3625 2108 3688 2154 et

2108 2195 2377 2258 mandato,
2409 2194 2536 2263 ipsis
2583 2192 2849 2263 .Egyptiis
2880 2192 3183 2246 nescienter
3214 2190 3689 2245 commodantibus

2109 2303 2172 2342 ea
2216 2288 2411 2356 quibus
2442 2294 2499 2340 ut
2546 2284 2697 2340 bonis
2727 2285 3013 2339 utebantur
3040 2302 3052 2335 :
3085 2284 3163 2338 sic
3191 2282 3451 2337 doctrinae
3496 2295 3694 2336 omnes

2108 2377 2385 2447 gentilium
2433 2391 2538 2430 non
2585 2375 2756 2429 solum
2800 2375 3046 2428 simulata
3093 2383 3147 2429 et
3194 2373 3568 2441 superstitiosa
3614 2371 3690 2425 fi-

2110 2477 2327 2540 gmenta
2380 2470 2677 2538 gravesque
2734 2466 2975 2520 sarcinas
3035 2465 3414 2535 supervacanei
3481 2462 3694 2517 laboris

2110 2561 2329 2623 habent,
2356 2574 2474 2628 qua:
2516 2558 2881 2626 unusquisque
2921 2564 3157 2611 nostrum
3205 2556 3339 2609 duce
3377 2554 3589 2611 Christo
3618 2552 3694 2606 de

2109 2651 2363 2705 societate
2396 2649 2671 2719 gentilium
2720 2648 2925 2711 exiens,
2972 2646 3129 2701 debet
3173 2645 3474 2699 abominari
3522 2653 3696 2713 atque

2111 2742 2365 2803 devitarc,
2407 2741 2501 2795 sed
2532 2740 2693 2795 etiam
2743 2738 2987 2793 liberales
3021 2737 3351 2807 disciplinas,
3385 2738 3450 2789 de
3488 2736 3696 2805 quibus

2109 2833 2271 2903 paulo
2290 2842 2413 2886 ante
2437 2832 2660 2901 egimus,
2689 2831 2806 2884 usui
2834 2828 3077 2883 veritatis
3101 2828 3337 2897 aptiores
3358 2836 3412 2880 et
3438 2825 3693 2895 qumdam

2110 2940 2320 2978 morum
2364 2930 2625 2993 praecepta
2675 2921 2961 2975 utilissima
3006 2920 3311 2982 continent,
3358 2918 3528 2987 deque
3568 2918 3694 2985 ipso

446 3006 596 3062 hm‘is
643 3005 721 3059 $01
772 3006 1086 3059 tenebrosus
1133 3003 1479 3081 eﬂ'eCWSﬁSl
1524 3003 1674 3076 (ιιιο-
1724 3004 1913 3075 XXIII).
1958 3012 2082 3075 etC
2114 3029 2217 3067 uno
2268 3014 2377 3068 Deo
2420 3012 2642 3067 colendo
2677 3010 2927 3066 nonnulla
2970 3026 3093 3064 vera
3152 3010 3499 3063 inveniuntur
3548 3007 3700 3075 apud

447 3096 532 3151 bis
575 3096 788 3150 similia.
833 3095 957 3151 Ideo
983 3096 1127 3149 enim
1176 3096 1435 3150 miracula
1463 3096 1732 3160 dicuntur,
1760 3095 2014 3164 quoniam

447 3195 631 3240 contra
663 3186 1100 3241 consuetudinem
1126 3200 1306 3240 rerum
1335 3185 1649 3240 admiranda
1675 3186 2011 3254 contingunt.

449 3274 717 3330 Feruntur
746 3276 908 3338 enim,
941 3276 1079 3329 sicut
1125 3274 1309 3329 dicunt
1355 3276 1671 3339 astronomi,
1715 3290 1835 3345 quae
1877 3275 2015 3330 caelo

453 3367 559 3421 flxa
588 3375 740 3429 sunt;
788 3374 1071 3419 moventur
1105 3379 1233 3419 vero
1266 3365 1511 3433 planetae,
1546 3365 1597 3418 id
1624 3373 1707 3419 est
1748 3366 2012 3431 erratica},

2115 3120 2237 3170 eos;
2265 3104 2406 3174 quod
2435 3118 2617 3158 eorum
2643 3112 2893 3171 tanquam
2922 3115 3111 3154 aurum
3140 3107 3193 3153 et
3218 3107 3518 3170 argentum,
3546 3097 3700 3166 quod

2114 3213 2222 3251 non
2268 3196 2368 3265 ipsi
2398 3195 2763 3257 instituerunt,
2797 3194 2892 3248 sed
2924 3194 2992 3247 de
3040 3178 3357 3261 quibusdam
3387 3190 3540 3260 quasi
3571 3202 3697 3243 me—

2116 3287 2257 3342 tallis
2294 3286 2486 3340 divinae
2531 3283 2897 3355 providentiae,
2939 3297 3060 3352 quae
3108 3280 3304 3349 ubique
3352 3279 3528 3333 infusa
3572 3286 3699 3343 est,

2114 3384 2399 3442 eriterunt;
2438 3384 2493 3431 et
2522 3389 2628 3444 quo
2671 3387 2923 3443 perverse
2957 3380 3117 3441 atque
3150 3360 3406 3441 iniuriose
3436 3370 3501 3424 ad
3534 3370 3698 3424 obse—

448 3473 568 3528 quae
598 3472 787 3511 cursus
814 3471 939 3511 suos
970 3467 1117 3511 certa
1147 3464 1326 3511 tamen
1358 3456 1678 3513 difﬁnitione
1701 3458 2013 3513 conficiunt.
2039 3488 2095 3511 »η
2112 3468 2241 3538 quia
2284 3468 2582 3522 demonum
2624 3464 2936 3527 abutuntur,
2991 3477 3113 3517 cum
3164 3458 3229 3514 ab
3258 3475 3446 3514 eorum
3492 3460 3697 3513 misera

447 3548 790 3603 Astronomia
818 3557 902 3603 est
945 3549 1143 3617 itaque,
1183 3549 1321 3603 sicut
1345 3547 1458 3616 jam
1488 3543 1689 3604 dictum
1726 3557 1829 3615 est,
1857 3549 2018 3604 disci-

448 3635 589 3706 plina
617 3651 737 3706 quae
762 3651 951 3691 cursus
984 3636 1279 3692 caelestium
1316 3636 1552 3691 siderum
1582 3646 1635 3690 et
1665 3636 1863 3707 figuras
1890 3652 2019 3692 con-

449 3727 760 3797 templatur,
799 3740 986 3780 omnes
1012 3735 1065 3781 et
1101 3726 1437 3803 habitudines
1464 3726 1741 3781 stellarum
1781 3729 1925 3783 circa
1959 3741 2018 3781 se

450 3825 506 3873 et
550 3817 694 3871 circa
726 3824 924 3870 terram
974 3815 1256 3885 indagabili
1303 3817 1512 3871 ratione
1544 3819 1829 3887 percurrit.
1875 3817 2018 3871 Inter

450 3907 832 3962 astronomiam
877 3914 1051 3960 autem
1096 3914 1150 3960 et
1196 3906 1535 3976 astrologiam
1578 3907 1780 3977 aliquid
1821 3906 2013 3970 diﬁ'ert,

451 3997 575 4052 licet
620 3999 686 4051 ad
730 4011 889 4051 unam
932 3997 1264 4065 disciplinam
1311 3998 1482 4051 ambae
1514 3999 1836 4066 pertineant.
1881 3998 2017 4053 Nam

450 4087 774 4142 astronomia
819 4085 939 4141 cceli
970 4086 1394 4150 conversionem,
1444 4093 1616 4151 ortus,
1663 4086 1862 4156 obitus,
1907 4101 2019 4140 mo-

452 4185 644 4244 tusque
686 4176 919 4229 siderum
949 4175 1208 4239 continet,
1236 4174 1318 4229 vel
1363 4190 1428 4228 ex
1469 4190 1572 4244 qua
1604 4190 1766 4229 causa
1813 4175 1886 4229 ita
1926 4190 2020 4230 vo-

448 4275 673 4331 centur;
721 4266 1004 4336 astrologia
1050 4281 1177 4321 vero
1224 4266 1418 4335 partim
1481 4266 1773 4330 naturalis,
1820 4267 2016 4335 partim

2117 3556 2374 3611 societate
2418 3569 2536 3608 sese
2585 3552 2764 3607 animo
2806 3558 3042 3620 separat,
3072 3551 3230 3613 debet
3270 3548 3337 3602 ab
3359 3549 3437 3603 eis
3479 3546 3698 3601 auferre

2115 3642 2450 3702 Christianus
2475 3643 2541 3697 ad
2586 3658 2742 3697 usum
2782 3640 2986 3710 justum
3017 3637 3339 3709 praedicandi
3384 3620 3714 3711 Evangelii;

2117 3737 2332 3792 Vestem
2377 3746 2587 3805 quoque
2636 3732 2880 3796 illorum,-
2924 3730 2975 3784 id
3023 3737 3107 3784 est
3152 3728 3429 3783 hominum
3472 3726 3696 3795 quidem

2117 3829 2382 3891 instituta,
2422 3827 2515 3881 sed
2561 3834 2737 3879 tamen
2782 3823 3185 3879 accommodata
3231 3822 3478 3875 humanae
3521 3818 3699 3874 socie-

2120 3920 2231 3981 tati,
2266 3916 2457 3987 quibus
2504 3916 2692 3970 in'hac
2719 3915 2826 3968 vita
2865 3912 3183 3968 carere‘non
3209 3924 3518 3981 possumus,
3549 3907 3698 3961 accic

2118 4024 2246 4079 pere
2292 4016 2452 4076 atque
2506 4004 2707 4060 habere
2757 4004 2967 4057 licuerit
3009 4003 3063 4056 in
3107 4016 3261 4055 usum
3327 3999 3691 4053 convertenda

2119 4096 2501 4152 Christianum.
2549 4092 2682 4147 Nam
2725 4092 2851 4161 quid
2899 4090 3041 4145 aliud
3091 4090 3334 4145 fecerunt
3362 4089 3487 4142 boni
3534 4088 3695 4143 multi

2120 4184 2302 4238 tldeles
2338 4182 2539 4237 nostri?
2568 4180 2755 4236 Nonne
2801 4180 3087 4250 aspicimus
3117 4187 3316 4247 quanto
3356 4193 3488 4246 auro
3515 4188 3570 4231 et
3600 4192 3698 4229 ar-

2120 4282 2279 4339 gento
2319 4280 2373 4327 et
2402 4280 2547 4325 veste
2582 4268 2911 4325 suffarcinati
2953 4269 3201 4323 exierunt
3228 4269 3293 4323 de
3318 4267 3554 4347 @gypto
3583 4266 3697 4338 Cy-

450 4375 603 4431 supet
646 4360 824 4413 titiosa
869 4367 968 4412 est.
1014 4358 1302 4422 Naturalis,
1352 4357 1477 4411 dum
1529 4359 1844 4427 exsequitur
1894 4357 2022 4412 solis
2050 4356 2100 4413 D
2126 4361 2346 4430 prianus
2376 4367 2429 4414 et
2459 4359 2644 4413 doctor
2691 4357 3062 4441 spavisslmus,
3089 4364 3143 4410 et
3193 4364 3398 4425 martyr
3440 4356 3693 4410 beatissi-

452 4451 587 4506 lunte
669 4464 696 4505 δ
747 4464 936 4503 cursus
980 4448 1063 4503 vel
1126 4448 1441 4513 stellarum,
1491 4457 1668 4504 certas
1722 4458 2019 4519 temporum

453 4544 790 4613 quaestiones.
818 4541 1199 4609 Superstitiosa
1225 4556 1351 4596 vero
1380 4551 1463 4596 est
1490 4542 1599 4607 illa,
1629 4558 1788 4612 quam
1816 4543 2021 4596 mathe-

456 4633 633 4688 matici
693 4638 1007 4700 sequuntur,
1057 4630 1147 4699 qui
1210 4631 1377 4685 stellis
1430 4642 1782 4702 augurantur,
1824 4633 2021 4701 quique

454 4723 617 4776 etiam
649 4723 928 4777 duodecim
972 4720 1095 4776 οωιὶ
1138 4720 1285 4791 signa
1335 4735 1430 4790 per
1469 4723 1673 4791 singula
1703 4723 1895 4777 anima:
1938 4722 2021 4777 vel

442 4812 695 4881 corporis
732 4812 969 4865 membra
1007 4812 1313 4880 disponunt,
1344 4811 1683 4879 sidemmque
1727 4827 1887 4865 cursu
1927 4827 2023 4866 na—

458 4901 693 4954 tivitates
747 4900 1020 4953 hominum
1069 4908 1122 4954 et
1160 4908 1360 4955 mortes
1397 4900 1687 4968 prmdicare
1740 4908 2019 4954 conantur.

461 4989 609 5046 lianc
641 4990 852 5059 quidem
896 4998 1100 5059 partem
1128 4990 1424 5061 astrologiae
1447 5005 1564 5059 quae
1590 4989 1821 5043 naturali
1858 4989 2026 5057 inqui-

464 5084 658 5138 sitione
685 5079 1011 5147 exsequitur,
1039 5079 1165 5132 solis
1186 5079 1429 5147 lunaeque
1455 5094 1643 5133 cursus
1663 5086 1821 5146 atque
1847 5077 2025 5133 stella-

466 5188 607 5235 rum,
637 5179 690 5224 et
733 5180 907 5223 certas
946 5177 1240 5237 temporum
1271 5170 1635 5224 distinctiones
1666 5178 1822 5223 caute
1865 5170 2026 5222 rima-

466 5272 574 5327 tur,
600 5268 807 5330 oportet
833 5276 860 5311 a
893 5257 1034 5312 clero
1063 5260 1265 5312 Domini
1293 5260 1470 5313 solerti
1499 5259 1848 5312 medicamine
1873 5259 2025 5323 disci,

465 5359 525 5404 ut
572 5364 665 5419 per
708 5356 882 5402 certas
934 5346 1231 5414 regularum
1278 5348 1633 5415 conjecturas,
1666 5357 1722 5401 et
1768 5356 1916 5401 ratas
1963 5362 2026 5401 ac

464 5455 619 5495 veras
662 5445 1093 5506 argumentorum
1126 5438 1522 5501 aestimationes,
1558 5453 1660 5491 non
1692 5437 1862 5492 solum
1893 5453 2027 5505 prac-

470 5530 627 5583 te'rita
668 5542 927 5588 annorum
972 5526 1235 5581 curricula
1280 5528 1541 5581 veraciter
1588 5529 1896 5597 investiget,
1934 5529 2025 5582 sed

472 5629 524 5673 ct
550 5618 614 5673 de
645 5615 838 5672 futuris
866 5616 1068 5671 noverit
1104 5616 1328 5670 fideliter
1356 5616 1661 5671 ratiocinari
1698 5618 2027 5685 temporibus

2127 4451 2278 4505 mus?
2319 4458 2518 4518 quanto
2547 4446 2892 4503 Lactantius?
2918 4453 3121 4515 quanto
3152 4444 3477 4510 Victorinus,
3522 4444 3696 4515 Opta-

2126 4540 2245 4605 tus',
2298 4539 2817 4606 Hilariuslquanto
2869 4533 3287 4587 innumerabiles
3354 4533 3695 4604 grammatici

2127 4629 2258 4702 [Al.,
2275 4627 2507 4699 Graeci]?
2534 4626 2684 4693 Quod
2712 4625 2859 4695 prior
2890 4625 3003 4693 ipse
3025 4621 3363 4677 fidelissimus
3390 4621 3486 4676 Dei
3516 4621 3697 4676 famu—

2126 4722 2210 4776 lus
2248 4719 2454 4790 Moyses
2498 4717 2718 4780 fecerat,
2747 4716 2812 4769 de
2852 4729 2956 4783 quo
2984 4710 3239 4782 scriptum
3266 4720 3349 4767 est
3380 4711 3521 4781 quod
3563 4729 3694 4766 cru-

2127 4812 2267 4864 ditas
2303 4809 2457 4878 fuerit
2501 4806 2939 4874 omni‘sapientia
2985 4803 3355 4874 Egyptiorum
3389 4802 3526 4873 (Act.
3565 4802 3690 4873 vn).

2129 4901 2333 4968 Quibus
2356 4898 2602 4953 omnibus
2646 4895 2775 4949 viris
2803 4892 3169 4962 superstitiosa
3196 4891 3432 4962 gentium
3461 4905 3695 4947 consue-

2130 4992 2276 5051 tudo,
2307 4998 2361 5043 et
2395 4988 2626 5043 maxime
2668 4985 2771 5039 illis
2804 4976 3131 5053 temporibus
3156 4999 3280 5038 cum
3313 4982 3512 5038 Christi
3545 4999 3698 5038 recu-

2132 5082 2266 5135 tiens
2304 5078 2492 5147 jugum
2535 5078 2870 5134 Christianos
2911 5078 3350 5147 persequebatur,
3378 5066 3695 5145 disciplinas

2130 5186 2261 5241 quas
2284 5172 2440 5227 utiles
2466 5172 2696 5225 habebat
2727 5183 2997 5238 nunquam
3023 5169 3406 5232 commodaret,
3441 5167 3485 5221 si
3515 5182 3610 5221 eas
3639 5168 3696 5221 in

2128 5276 2282 5315 usum
2311 5261 2518 5315 colendi
2544 5260 2699 5313 unius
2730 5259 2842 5321 Dei,
2868 5272 2974 5326 quo
3013 5273 3184 5310 vanus
3220 5256 3480 5310 idolorum
3516 5257 3697 5310 cultus

2127 5353 2551 5414 exscinderetur,
2599 5364 2885 5404 conversas
2930 5350 3311 5417 suspicaretur.
3368 5346 3473 5401 Sed
3526 5349 3695 5401 dede-

2132 5448 2254 5494 runt
2296 5454 2481 5493 aurum
2512 5447 2565 5491 Ol
2600 5447 2877 5506 argentum
2925 5445 2980 5491 οι
3025 5444 3227 5489 vestem
3274 5450 3424 5488 suam
3473 5435 3696 5488 exeunti

2127 5534 2191 5587 de
2237 5532 2465 5601 Aigypto
2508 5529 2701 5600 populo
2731 5529 2860 5591 Dei,
2903 5527 3201 5581 nescientes
3242 5524 3697 5595 quemadmodum

2127 5617 2213 5671 illa
2255 5631 2371 5684 quae
2402 5615 2597 5669 dabant
2639 5614 2688 5667 in
2734 5612 2930 5667 Christi
2965 5612 3278 5680 obsequium
3313 5609 3676 5666 redderentur
