3968 6330
242 256 349 312 ιοδ

993 257 1078 312 DE
1107 255 1555 312 LLERICORUM
1600 254 2104 320 INSTITUTIONE,
2146 256 2298 313 ETC.
2342 287 2410 297 --
2449 259 2574 312 LIB.
2620 262 2701 313 Ill.

3370 265 3396 319 4
3407 267 3476 319 (l0

235 371 370 426 Illud
397 372 536 424 enim
567 370 617 421 in
644 369 822 422 Exodo
851 368 1046 421 factum
1074 367 1187 421 siue
1211 368 1368 422 dubio
1395 371 1677 435 ligurattun
1703 374 1802 427 est,
1837 367 1879 425 Α
1908 365 2266 433 fundamento,
2287 370 2336 421 in
2361 386 2516 438 quant
2545 370 2711 423 illisus
2737 383 2808 423 cst
2831 374 3040 439 ﬂat-ius,
3064 382 3110 426 ct
3135 378 3376 429 continuo
3394 394 3475 431 ως

237 472 297 516 ut
341 464 440 515 hoc
488 459 866 528 ptassign'aret,
911 457 1033 526 quia
1081 457 1194 510 sine
1235 457 1541 524 pra‘judicio
1585 457 1803 509 alterius

239 563 328 609 aut
377 554 520 622 paris
573 561 663 605 aut
707 553 941 606 melioris
989 552 1348 620 intelligentia:
1400 553 1644 607 dixerim.
1697 551 1800 606 Sed

239 645 339 698 hoc
367 641 526 696 modo
575 640 866 695 inst-ructus
913 639 1211 693 divinarum
1261 640 1658 709 Scripturarum
1691 653 1801 694 stu-

237 734 441 797 diosus,
486 747 606 787 cum
653 733 717 785 ad
762 747 852 784 eas
894 731 1205 784 scrutandas
1253 732 1506 786 accedere
1545 735 1798 802 cmperit,

237 824 366 878 illud
403 825 752 893 apostolic'mn
785 824 1021 893 cogitare
1059 839 1162 875 non
1203 832 1376 877 cesset
1406 843 1415 876 :
1448 824 1678 878 Scicnlia
1722 826 1801 877 in-

235 915 350 984 ﬂat,
382 915 606 968 rharitas
637 912 858 979 trdiﬁcat
906 912 957 980 (I
985 911 1103 965 Cor.
1130 911 1267 976 vttl).
1311 912 1382 966 Ita
1422 913 1562 966 enim
1607 915 1765 968 sentit

236 1004 481 1072 quamvis
508 1003 573 1056 de
607 1000 836 1073 Egypto
866 1002 1014 1056 dives
1041 1010 1216 1066 exeat,
1250 1010 1427 1055 tamen
1460 1003 1560 1056 nisi
1602 1005 1797 1071 pascha

235 1095 432 1164 egerit,
466 1094 670 1148 salvum
713 1109 769 1148 se
824 1109 944 1148 esse
989 1109 1092 1147 non
1147 1108 1320 1163 posse.
1370 1093 1574 1148 Pascha
1629 1106 1799 1148 autem

235 1195 470 1239 nostrum
503 1185 798 1238 immolatus
827 1195 899 1238 est
931 1183 1196 1248 Christus;
1227 1183 1463 1252 nihilque
1495 1179 1798 1256 magis'im-

236 1275 456 1331 molatio
477 1275 673 1331 Christi
703 1291 798 1330 nos
825 1276 996 1338 docet,
1033 1290 1192 1343 quam
1223 1274 1348 1328 illud
1377 1274 1519 1343 quod
1553 1275 1665 1344 ipse
1693 1274 1802 1327 cla-

237 1374 367 1427 mat,
400 1376 654 1434 tanquam
679 1365 743 1417 ad
775 1380 868 1417 eos
894 1380 1028 1433 quos
1064 1363 1116 1416 in
1144 1361 1372 1432 ASgypto
1395 1362 1492 1416 sub
1522 1361 1801 1416 Pharaone

238 1455 378 1509 videt
413 1455 656 1509 laborare
691 1473 703 1507 :
754 1453 925 1507 Venite
965 1453 1032 1506 ad
1065 1470 1164 1516 me,
1203 1454 1290 1522 qui
1329 1452 1575 1506 laboratis
1603 1462 1650 1506 ct
1682 1470 1801 1529 one-

236 1547 336 1598 rati
365 1547 505 1608 estis,
534 1554 580 1598 et
605 1561 695 1612 ego
719 1561 802 1597 vos
831 1544 1076 1612 reﬁciam.
1105 1542 1288 1595 Tollite
1309 1543 1492 1611 iugum
1522 1559 1687 1595 meum
1712 1559 1800 1595 su-

233 1652 325 1702 per
355 1653 461 1699 vos,
487 1645 532 1688 et
561 1635 740 1688 discite
768 1635 890 1704 quia
920 1635 1058 1686 mitis
1089 1650 1199 1686 sum
1227 1625 1511 1686 et'humilis
1536 1634 1721 1696 corde;
1751 1642 1799 1686 et

1905 457 2027 508 cidit
2053 473 2068 507 :
2093 468 2137 508 et
2160 457 2296 517 facta
2319 469 2390 510 est
2432 462 2580 512 ruina
2618 462 2799 513 d-mtus
2825 463 2961 516 illius
2986 480 3174 534 magna
3198 464 3346 534 (Luc.
3371 467 3470 533 vt).

1905 542 2070 596 Debet
2097 555 2275 598 autem
2306 549 2670 616 unusquisque
2695 551 2989 606 catholicus
3019 554 3288 608 universis
3311 555 3477 608 virtu-

1905 633 2044 687 tibus
2073 636 2349 704 :cqualiter
2374 653 2591 706 operam
2615 641 2772 702 dare,
2813 650 2870 694 ut
2897 653 2947 696 et
2972 644 3115 698 intus
3141 654 3195 700 et
3224 644 3355 701 foris
3385 662 3474 700 no-

1901 726 2082 779 bilitcr
2107 739 2349 792 ornatus,
2381 733 2565 784 :eterui
2598 733 2736 801 regis
2760 735 3004 789 convivio
3029 737 3221 807 dignus
3256 740 3468 804 existat,

1902 826 1954 870 et
1993 816 2247 888 quadriga
2301 820 2524 886 spiritali
2577 832 2777 882 vectus,
2830 824 2893 876 ad
2943 835 3196 878 mternam
3244 829 3471 895 patriam

1901 909 2241 962 conscendat.
2295 909 2459 963 Debet
2506 921 2682 966 autem
2725 916 3019 981 prudentia:
3070 917 3364 980 intendere,
3418 927 3476 970 ut

1903 999 2192 1066 prudenter
2227 1001 2520 1068 provideat,
2571 1007 2828 1057 veraciter
2869 1005 3147 1075 intelligat,
3183 1007 3474 1060 intellecta-

1903 1099 2004 1152 que
2026 1088 2334 1140 memoriter
2363 1090 2610 1143 retineat.
2644 1092 2810 1145 Debet
2828 1093 3049 1160 justitia:
3078 1103 3135 1146 ut
3173 1094 3472 1163 religiosus,

1904 1175 2021 1242 pius
2062 1174 2383 1245 humilisque
2426 1178 2546 1243 ﬁat;
2595 1188 2652 1233 ut
2681 1183 2906 1250 gratiam
2952 1191 3005 1236 et
3040 1183 3475 1247 vindicationem,

1905 1263 2296 1318 observantiam
2342 1276 2395 1319 et
2425 1269 2703 1322 veritatem
2734 1279 3042 1334 conservet;
3072 1281 3392 1340 pactumque
3423 1281 3475 1324 et

1904 1353 2290 1421 parjudicatum
2337 1365 2390 1408 et
2426 1356 2595 1427 legem
2645 1360 2929 1412 custodiat.
2971 1360 3132 1415 Debet
3180 1360 3473 1414 fortitudini

1905 1445 2137 1498 studium
2173 1446 2477 1514 impendere
2503 1488 2516 1511 ,
2547 1457 2605 1501 ut
2629 1450 3077 1518 magnificentiam
3099 1463 3153 1505 et
3183 1452 3473 1511 ﬁdentiam,

1907 1534 2216 1601 patientiam
2260 1543 2313 1588 et
2342 1539 2798 1604 persevcrantiam
2825 1537 3038 1594 habeat.
3072 1542 3237 1595 Debet
3275 1549 3477 1609 tempe-

1909 1625 2096 1677 rantia:
2137 1633 2192 1680 ut
2236 1626 2520 1681 continens
2547 1669 2559 1686 ,
2593 1628 2830 1682 clemens
2852 1638 2904 1682 et
2933 1629 3235 1684 moderatus
3264 1631 3354 1684 ﬁat
3381 1647 3392 1695 ;
3427 1641 3478 1683 ct

232 1726 501 1781 invenietis
569 1729 790 1797 requiem
857 1727 1130 1779 animabus
1181 1725 1378 1779 vestris.
1413 1723 1611 1794 Iugum
1665 1725 1802 1778 enim
1838 1695 1883 1753 Β
1913 1731 2070 1785 super
2094 1717 2208 1770 hzcc
2237 1717 2418 1770 omnia
2446 1759 2460 1780 ,
2503 1727 2560 1772 ut
2586 1719 2734 1787 pacis
2759 1727 2812 1772 et
2856 1719 3132 1774 charitatis
3173 1721 3309 1776 ﬁdus
3334 1737 3479 1776 exse-

233 1835 405 1872 meum
429 1837 584 1874 suave
606 1830 680 1874 est
699 1861 712 1884 ,
736 1830 781 1874 et
814 1836 943 1872 onus
968 1834 1134 1872 meum
1159 1817 1263 1871 leve
1295 1828 1366 1871 est
1392 1815 1604 1887 (Matth.
1629 1815 1728 1883 ιι).

781 1948 1005 2004 CAPUT
1047 1946 1234 2002 XXV”

489 2040 560 2094 Dc
587 2041 924 2109 acquisitione
952 2050 997 2091 et
1026 2038 1268 2092 exercitio
1297 2039 1562 2091 virtutum.

305 2173 510 2227 Interea
541 2173 736 2242 quippe
766 2173 890 2227 dum
918 2173 1120 2227 intenta
1151 2172 1494 2226 meditatione
1523 2160 1802 2226 Scientiam

233 2263 564 2332 Spiritualcm
579 2272 729 2330 optat
749 2263 989 2332 adipisci,
1007 2277 1225 2317 necesse
1238 2271 1322 2317 est
1341 2272 1398 2316 ut
1412 2262 1522 2332 jugi
1547 2263 1806 2317 exercitio

234 2355 491 2411 virtutum
539 2357 639 2409 sibi
689 2364 891 2426 qureret
926 2355 1282 2425 epulentiam,
1330 2368 1396 2408 ne
1441 2353 1565 2407 dum
1611 2355 1662 2408 in
1700 2371 1806 2409 uno

233 2442 386 2498 dives
430 2459 548 2498 esse
577 2444 741 2513 cupit,
770 2453 823 2497 et
852 2443 1071 2497 alterius
1116 2459 1245 2512 opes
1286 2458 1528 2512 quaerere
1566 2443 1802 2512 negligit,

236 2550 378 2590 vera:
413 2535 695 2605 opulentia:
727 2535 929 2589 fructus
976 2535 1190 2604 perdat;
1227 2549 1290 2588 ac
1339 2549 1445 2587 non
1491 2535 1660 2589 solum
1706 2535 1805 2604 ipsi

234 2626 469 2690 eveniat,
499 2625 621 2694 quia
651 2626 996 2695 quzesitarum
1034 2640 1209 2679 rerum
1242 2623 1524 2678 utilitatem
1572 2640 1674 2677 non
1714 2625 1808 2678 ha-

236 2714 384 2781 beat,
428 2717 536 2772 imo
566 2731 752 2786 puanas
795 2715 1019 2784 iniustus
1049 2731 1327 2785 possessor
1359 2731 1456 2785 pro
1483 2717 1560 2770 eis
1585 2716 1807 2770 Domino

239 2805 432 2860 solvat.
463 2804 552 2859 Ait
579 2806 719 2860 enim
755 2807 866 2876 ipsa
900 2805 1110 2861 Veritas
1139 2807 1342 2861 servis:
1379 2805 1480 2872 Qui
1507 2809 1598 2860 scit
1629 2806 1809 2860 volun-

237 2906 396 2949 tatem
425 2894 636 2948 Domini
661 2897 741 2949 sui
766 2905 811 2948 et
844 2913 945 2949 non
974 2896 1121 2964 facit,
1159 2895 1416 2965 vapulabit
1460 2896 1671 2961 multis;
1719 2899 1808 2969 qui

237 2997 417 3038 autem.
441 2986 596 3039 nescit
624 2995 670 3039 et
701 3003 800 3039 non
828 2986 974 3055 facit,
1006 2987 1264 3057 vapulabit
1295 2987 1656 3059 paucis'(Luc.
1681 2989 1799 3058 xu).

311 3077 448 3142 Quid
487 3092 615 3145 ergo
664 3077 902 3147 proderit
950 3079 1253 3133 hominibus
1296 3080 1533 3149 ingentes
1590 3079 1806 3136 divitias

237 3183 590 3238 congregare,
645 3178 698 3222 et
737 3183 918 3223 earum
962 3180 1114 3221 usum
1157 3169 1374 3224 minime
1423 3171 1638 3235 habere,
1687 3187 1810 3225 eum

239 3258 410 3313 utulto
457 3257 644 3311 melior
685 3259 754 3312 sit
794 3258 878 3312 ille
919 3257 1008 3327 qui
1047 3266 1360 3328 paupertate
1395 3275 1490 3314 sua
1529 3270 1812 3317 contentus

236 3356 322 3401 est
348 3358 402 3401 et
437 3347 701 3401 hetahitur
741 3349 807 3403 de
846 3348 1026 3403 labore
1052 3350 1274 3415 suo,,ei
1317 3350 1408 3420 qui
1450 3358 1613 3406 totam
1645 3353 1808 3406 vitam

239 3454 414 3502 suam,
439 3439 652 3494 divitias
697 3440 899 3495 habens
921 3480 936 3504 ,
978 3441 1302 3512 inegestate
1345 3445 1632 3518 consumit,
1663 3444 1812 3501 Salo?

237 3544 397 3584 mone
422 3537 731 3595 attestante,
756 3531 846 3600 qui
877 3533 952 3584 ait
984 3550 996 3583 :
1041 3531 1228 3586 Melior
1261 3545 1332 3586 est
1360 3551 1556 3604 pauper
1583 3546 1630 3589 et
1653 3538 1807 3605 sui/i—

235 3620 378 3674 ciens
402 3620 520 3684 sibi,
545 3637 699 3692 quam
725 3620 978 3690 gloriosus
1000 3631 1047 3675 et
1069 3622 1300 3692 indigens
1321 3641 1454 3692 pane
1481 3623 1659 3695 (Prov.
1687 3627 1805 3698 xu).

237 3709 438 3767 Sancta
486 3712 756 3767 rusticitas
789 3713 959 3768 solum
1002 3713 1100 3768 sibi
1150 3716 1404 3782 prodest;
1447 3725 1502 3772 et
1548 3726 1808 3786 quantum

234 3799 467 3856 aediﬁcat
496 3816 562 3855 ex
591 3801 714 3855 vitae
737 3801 928 3856 merito
949 3841 963 3866 ,
997 3808 1198 3856 tantum
1239 3812 1396 3857 nocet
1433 3805 1478 3859 si
1504 3820 1606 3858 non
1637 3813 1690 3855 et
1718 3820 1810 3858 va-

235 3890 313 3947 let
337 3886 826 3947 contradicentibus
850 3893 1119 3947 resistere.
1161 3891 1264 3949 Sed
1289 3910 1354 3949 ex
1384 3897 1586 3950 duobus
1614 3897 1810 3965 imper-

236 3981 416 4047 fectis,
463 3984 632 4053 magis
676 3984 813 4054 eligo
840 3992 1079 4038 sanctam
1122 3986 1476 4041 rusticitatem
1505 4002 1664 4056 quam
1701 3986 1810 4041 clo-

236 4076 514 4143 quentiam
541 4075 924 4144 peccatricem;
955 4075 1079 4144 quia
1109 4074 1381 4145 Sapientia
1415 4077 1540 4132 dicit
1570 4096 1582 4130 :
1620 4077 1809 4130 Melior

232 4160 311 4220 est
338 4181 536 4236 pauper
565 4165 838 4219 ambulans
874 4166 930 4218 in
961 4165 1290 4234 simplicitate
1317 4182 1414 4219 sua
1437 4207 1450 4232 ,
1487 4184 1641 4238 quant
1670 4168 1807 4221 dives

232 4258 411 4329 prauis
446 4257 713 4310 itineribus
743 4271 760 4308 :
787 4257 876 4327 qui
897 4265 1068 4310 autem
1097 4257 1317 4311 custodit
1337 4257 1518 4328 legem,
1551 4259 1693 4326 ﬁlius
1723 4277 1808 4312 sa-

229 4350 382 4420 piens
425 4356 500 4402 est
527 4345 706 4418 (Prov.
757 4347 888 4419 xix).
920 4349 1142 4418 Oportet
1184 4350 1398 4420 quidem
1437 4366 1558 4406 eum
1587 4353 1677 4422 qui
1715 4368 1805 4407 sa-

230 4441 448 4512 pientiae
473 4442 669 4505 studet,
703 4443 885 4497 virtuti
914 4445 1129 4498 studere
1154 4485 1168 4509 ,
1197 4454 1256 4499 ut
1284 4446 1338 4500 id
1367 4447 1508 4515 quod
1535 4448 1805 4516 sapienter

233 4531 487 4600 intelligit
535 4533 586 4585 in
635 4541 834 4598 mente,
877 4534 1078 4587 utiliter
1116 4545 1365 4590 exerceat
1415 4538 1466 4592 in
1506 4553 1696 4606 opere;
1752 4549 1808 4594 et

229 4621 591 4691 quodcunque
626 4622 751 4676 Loui
781 4623 959 4676 verbis
989 4622 1108 4678 aliis
1160 4622 1337 4679 facere
1371 4627 1613 4694 praecipit
1636 4667 1651 4690 ,
1695 4627 1806 4682 suis

229 4709 487 4779 operibus
521 4709 824 4764 faciendum
857 4725 976 4765 esse
1015 4712 1164 4782 prius
1198 4713 1406 4777 doceat,
1439 4724 1496 4767 ut
1527 4715 1729 4769 faciens
1753 4725 1807 4769 et

232 4801 434 4856 docens
456 4801 708 4856 mandata
745 4802 837 4858 Dei
865 4841 880 4866 ,
912 4802 1083 4872 major
1110 4814 1329 4873 vocetur
1361 4805 1415 4858 in
1446 4821 1610 4875 regno
1638 4807 1805 4861 cudo-

236 4911 357 4950 rum
390 4913 402 4948 :
430 4894 682 4949 minimus
709 4905 908 4958 autem,
938 4895 981 4949 si
1011 4894 1250 4950 docuerit
1274 4904 1329 4949 et
1354 4895 1570 4950 solverit
1595 4897 1804 4952 actione

233 5003 400 5044 uumn
431 4988 496 5041 de
523 4985 789 5040 mandatis
818 4985 911 5039 Dei
940 4985 1194 5038 minimis.
1227 4981 1406 5038 Omnis
1434 4986 1591 5050 enim,
1633 4986 1805 5055 inquit

234 5079 507 5142 Salvator,
539 5080 626 5148 qui
654 5077 788 5131 venit
815 5076 883 5129 ad
911 5093 988 5128 me
1018 5085 1064 5128 et
1096 5075 1242 5129 audit
1270 5091 1528 5128 sermones
1558 5093 1727 5140 meos,
1755 5088 1802 5130 et

233 5175 362 5244 facit
386 5190 487 5232 eos,
519 5171 704 5226 similis
730 5179 803 5223 est
825 5169 1019 5221 homini
1043 5167 1325 5236 a'di/icanti
1353 5167 1580 5227 domum,
1605 5170 1692 5238 qui
1722 5167 1804 5236 fu-

230 5266 309 5320 dit
333 5267 408 5327 ,in
446 5263 627 5327 altunt,
681 5272 729 5316 et
775 5262 944 5331 posuit
995 5260 1330 5329 fundamenta
1378 5277 1535 5326 supra
1581 5271 1799 5329 petram.

227 5353 587 5410 lmmdatione
626 5361 799 5404 autem
845 5350 1014 5420 facta,
1051 5350 1242 5403 illisum
1277 5360 1349 5404 cst
1394 5352 1587 5419 ﬂumen
1622 5353 1804 5405 domus

229 5444 332 5508 illi,
359 5451 408 5496 et
439 5459 541 5495 non
569 5442 732 5511 potuit
753 5458 864 5495 eaut
892 5457 1088 5493 morere
1119 5457 1136 5492 :
1162 5440 1380 5509 fundata
1405 5442 1539 5493 enim
1573 5452 1680 5493 crat
1711 5460 1800 5495 sn-

230 5544 545 5604 perpetrant
602 5531 703 5595 Qui
735 5542 906 5584 autent
942 5533 1084 5583 audit
1117 5543 1160 5582 et
1201 5547 1301 5582 non
1328 5531 1472 5598 facit,
1510 5531 1690 5583 similis
1726 5542 1799 5584 cst

227 5625 430 5678 homini
463 5622 748 5689 testiﬁcanti
793 5623 998 5674 domum
1045 5638 1190 5673 suam
1235 5637 1390 5687 supra
1432 5637 1643 5672 arenam
1690 5622 1801 5674 sine

1907 1813 2063 1858 cutor
2103 1805 2298 1860 cxistat
2349 1824 2360 1857 :
2392 1821 2512 1875 qure
2559 1807 2762 1862 scilicet
2790 1817 2871 1861 est
2902 1808 3174 1862 vinculum
3199 1809 3478 1878 perfectio-

1906 1895 2006 1948 nis.
2038 1893 2132 1947 llis
2164 1903 2342 1948 autem
2373 1894 2651 1965 speciebus
2689 1898 2943 1951 virtutum
2990 1898 3226 1967 perfecte
3258 1902 3476 1962 adorna-

1907 1972 2014 2048 tus,
2041 1995 2096 2039 et
2119 1985 2393 2054 sapientiae
2415 1985 2616 2041 lumine
2647 1987 2940 2043 illustratus
2965 1988 3121 2042 homo
3143 1989 3266 2053 Dei,
3301 1992 3397 2044 rite
3427 2001 3479 2044 ct

1906 2091 2140 2145 congrue
2181 2079 2459 2132 servitium
2489 2086 2663 2148 potest
2703 2095 2880 2150 agere,
2932 2089 3090 2149 atque
3119 2083 3348 2136 oratoris
3369 2084 3480 2135 olli-

1906 2165 2047 2218 cium
2078 2166 2234 2235 digne
2277 2174 2469 2235 potest
2493 2168 2546 2221 in
2577 2168 2817 2223 Ecclesia
2849 2169 3070 2237 implere
3112 2189 3124 2224 :
3158 2186 3314 2240 quem
3345 2175 3478 2226 auti-

1905 2272 2008 2325 qua
2039 2256 2282 2312 diliinitio
2308 2259 2558 2325 afﬁrmat,
2584 2261 2755 2314 virum
2783 2261 2980 2315 bonum
3013 2271 3067 2316 et
3100 2264 3306 2318 dicendi
3333 2267 3479 2334 peri-

1907 2355 2019 2399 tum
2045 2362 2165 2401 esse
2193 2347 2407 2402 debere.
2437 2348 2495 2403 Si
2533 2364 2660 2419 ergo
2685 2351 2801 2404 haec
2829 2351 3069 2405 deﬁnitio
3101 2352 3152 2405 in
3181 2354 3482 2408 oratoribus

1907 2436 2183 2506 gentilium
2220 2438 2630 2503 observabatur,
2678 2440 2846 2495 multo
2875 2443 3043 2510 magis
3080 2443 3132 2495 in
3185 2444 3483 2495 oratoribus

1906 2529 2103 2584 Christi
2126 2532 2401 2586 observari
2435 2533 2708 2598 convenit,
2749 2549 2975 2603 quorum
3014 2549 3116 2587 non
3159 2532 3327 2586 solum
3368 2548 3482 2583 scr-

1907 2637 2029 2686 mo,
2066 2623 2171 2675 imo
2217 2622 2377 2675 etiam
2426 2631 2536 2677 tota
2586 2625 2692 2676 vita
2735 2623 2976 2677 doctrina
3025 2622 3280 2676 virtutum
3330 2622 3486 2674 debet

1907 2727 2045 2767 esse.
2085 2711 2190 2766 Sed
2231 2713 2357 2781 quia
2387 2715 2451 2767 de
2500 2715 2656 2766 modo
2689 2712 2990 2766 inveniendi
3034 2728 3096 2766 ea
3136 2727 3255 2779 quae
3297 2710 3485 2763 intelli—

1909 2801 2078 2870 genda
2124 2809 2250 2854 sunt
2282 2801 2333 2853 in
2365 2798 2662 2869 Scripturis
2694 2800 2856 2854 multa
2891 2799 3004 2868 jam
3041 2800 3306 2864 diximus,
3337 2797 3484 2866 adju-

1909 2897 2066 2942 vante
2109 2889 2334 2943 Domino
2358 2889 2423 2942 de
2452 2888 2772 2957 proferendo
2817 2905 2878 2943 ea
2913 2905 3036 2959 qua:
3066 2879 3330 2951 intellecta
3365 2898 3487 2943 sunt

1907 2996 2076 3050 pauca
2107 2979 2348 3034 dicemus
2371 3019 2385 3044 ,
2429 2988 2487 3033 ut
2533 2981 2634 3035 hoc
2669 2980 2958 3035 novissimo
2997 2979 3134 3035 libro
3163 2990 3331 3035 totum
3355 2996 3486 3050 opus

1912 3071 2242 3128 claudamus.

2457 3165 2683 3220 CAPUT
2725 3165 2949 3220 XXVIII.

2004 3254 2142 3321 Quid
2173 3256 2349 3316 debeat
2375 3256 2556 3310 doctor
2585 3257 2947 3310 catholicus-in
2975 3256 3200 3309 dicendo.
3225 3272 3393 3322 agerc.

1981 3349 2150 3404 Debet
2187 3348 2350 3417 igitur
2380 3349 2680 3403 divinarum
2715 3347 3110 3418 Scripturarum
3141 3354 3394 3401 tractator
3427 3355 3484 3400 et

1911 3443 2116 3506 doctor,
2151 3440 2397 3496 defensor
2422 3451 2582 3496 recta:
2607 3441 2727 3494 ﬁdei
2763 3456 2826 3495 ac
2857 3439 3147 3494 debellator
3179 3439 3400 3503 erroris,
3429 3449 3484 3492 et

1912 3534 2058 3589 bona
2079 3535 2292 3598 docere,
2317 3540 2370 3588 et
2395 3533 2535 3587 mala
2558 3533 2854 3598 dedocere;
2881 3541 3040 3600 atque
3069 3531 3122 3585 in
3150 3533 3253 3586 hoc
3285 3546 3446 3600 opere
3464 3571 3477 3594 ,

1911 3639 2157 3679 sermone
2197 3623 2486 3679 conciliare
2532 3638 2768 3687 aversos,
2806 3611 3070 3677 'remissos
3116 3621 3340 3691 erigere,
3390 3635 3482 3686 n_c-
3572 3663 3577 3667 .

1911 3715 2203 3769 scientibus
2231 3713 2355 3782 quid
2399 3727 2558 3783 agerc
2584 3753 2598 3777 ,
2651 3712 2780 3782 quid
2819 3721 3072 3780 expetere
3101 3711 3328 3765 debeant
3357 3706 3482 3764 inli-

1913 3804 2424 3876 mareaUhiautem
2479 3803 2777 3866 benevolos,
2839 3803 3091 3866 intentos,
3141 3801 3364 3864 dociles,
3391 3807 3486 3855 aut

1912 3899 2254 3962 invenerunt,
2282 3905 2376 3950 aut
2397 3896 2497 3965 ipsi
2524 3895 2786 3960 fecerunt,
2817 3904 3009 3948 caetera
3035 3893 3337 3962 peragenda
3359 3899 3485 3947 sunt
3560 3914 3565 3919 α

1912 3990 2051 4044 sicut
2084 3987 2317 4058 postulat
2361 4001 2544 4041 causa.
2589 3984 2644 4039 Si
2687 3985 2912 4040 docendi
2951 3991 3075 4038 sunt
3121 3983 3210 4052 qui
3240 3982 3478 4047 audiunt,

1913 4081 2218 4135 narratione
2249 4078 2550 4133 faciendum
2581 4084 2692 4141 est,
2723 4077 2766 4130 si
2794 4085 2969 4128 tamen
3005 4074 3275 4145 indigeat,
3307 4083 3366 4126 ut
3400 4087 3484 4127 res

1911 4174 1976 4226 de
2003 4189 2106 4241 qua
2145 4171 2323 4241 agitur
2348 4171 2665 4224 innotescat.
2709 4169 2778 4224 Ut
2812 4178 2988 4220 autem
3027 4183 3146 4236 qua}
3173 4166 3326 4220 dubia
3358 4172 3483 4218 sunt

1912 4271 2057 4317 certa
2086 4262 2238 4324 liant,
2273 4259 2608 4315 documentis
2649 4257 2903 4312 adhibitis
2928 4256 3348 4311 ratiocinandum
3379 4263 3478 4309 est.

1915 4353 2015 4419 Qui
2047 4368 2174 4406 vero
2196 4350 2417 4404 audiunt
2449 4348 2694 4404 movendi
2735 4358 2861 4401 sunt
2899 4347 3074 4414 potius
3098 4359 3260 4412 quam
3282 4344 3480 4398 docen-

1909 4446 1983 4509 di,
2007 4451 2066 4498 ut
2094 4446 2143 4496 in
2167 4457 2230 4496 eo
2265 4441 2404 4510 quod
2424 4441 2536 4510 jam
2564 4439 2760 4501 sciunt,
2785 4439 2990 4508 agendo
3012 4451 3114 4489 non
3146 4443 3403 4504 torpeant,
3428 4442 3482 4488 et

1911 4536 2070 4588 rebus
2097 4547 2229 4601 quas
2257 4545 2410 4583 veras
2438 4543 2556 4583 esse
2585 4527 2837 4590 fatentur,
2863 4539 3138 4579 assensum
3180 4538 3481 4578 accommo-

1909 4623 2057 4686 dent,
2087 4619 2379 4688 majoribus
2417 4617 2628 4674 dicendi
2673 4617 2875 4670 virihus
2912 4630 3046 4685 opus
3071 4624 3181 4678 est;
3216 4613 3304 4668 ubi
3328 4614 3481 4667 obsc<

1908 4713 2176 4767 orationes
2205 4719 2258 4765 et
2287 4709 2697 4778 iucrepationes,
2729 4707 3112 4761 concitationes
3134 4713 3188 4759 et
3216 4706 3480 4758 exercita-

1910 4805 2104 4866 tiones,
2148 4811 2201 4864 et
2242 4817 2571 4871 quaecunque
2613 4800 2713 4853 alia
2761 4799 2938 4852 valent
2976 4797 3039 4850 ad
3066 4795 3481 4850 commovendos

1910 4896 2134 4954 animos.
2165 4903 2289 4947 sunt
2312 4891 2635 4947 necessaria.
2666 4891 2731 4943 Et
2762 4891 2874 4945 lucc
2897 4889 3108 4958 quidem
3145 4898 3331 4942 cuticta
3361 4905 3480 4958 qua:

1907 4985 2039 5047 dixi,
2061 4998 2247 5038 omnes
2268 4982 2379 5036 fere
2407 4982 2650 5035 homines
2673 4981 2726 5033 in
2759 4981 2841 5034 his
2864 4995 2981 5048 qum
3002 4980 3267 5048 loquendo
3291 4989 3477 5047 agunt,

1909 5073 2085 5128 facere
2112 5088 2214 5126 non
2231 5074 2529 5141 quiescunt.
2556 5072 2659 5124 Sed
2677 5085 2796 5125 cum
2819 5069 2905 5122 alii
2931 5069 3131 5123 faciant
3156 5069 3362 5134 obtuso,
3389 5070 3478 5123 de-

1912 5168 2172 5229 formiter,
2202 5164 2420 5233 frigide;
2455 5164 2542 5219 alii
2577 5173 2751 5224 acute,
2779 5169 2989 5226 ornate,
3017 5163 3388 5222 vehementer;
3419 5159 3477 5213 ίι-

1908 5259 2015 5311 lum
2044 5257 2109 5310 ad
2138 5258 2239 5310 hoc
2261 5271 2395 5324 opus
2421 5254 2558 5308 unde
2584 5255 2791 5323 agimus
2817 5261 3027 5321 oportet
3053 5253 3307 5305 accedere
3329 5250 3441 5318 jam
3459 5290 3476 5315 ,

1908 5349 1996 5417 qui
2037 5328 2211 5415 potest
2252 5345 2525 5413 disputare
2567 5343 2646 5397 vel
2697 5343 2878 5397 dicere
2916 5343 3208 5409 sapienter,
3239 5341 3398 5394 etiam
3429 5340 3476 5394 si

1907 5455 2009 5492 non
2057 5445 2230 5504 potest
2276 5435 2606 5503 eloquenter,
2650 5444 2709 5485 ut
2750 5432 2914 5502 prosit
2943 5431 3284 5486 audientibus
3311 5431 3476 5484 etiam

1905 5530 2013 5596 sapi
2038 5536 2203 5587 ‘utcr,
2232 5526 2273 5578 si
2304 5526 2476 5578 minus
2503 5541 2665 5592 quam
2711 5525 2984 5593 prodesset
3021 5521 3332 5590 cltumcntcr
3352 5535 3476 5590 pos-

1899 5630 1980 5674 set
2010 5621 2200 5672 dicere.
2234 5617 2332 5682 Qui
2365 5631 2488 5670 vero
2515 5617 2680 5669 atlluit
2706 5615 2971 5684 insipienti
2998 5614 3323 5682 eloquentia,
3355 5622 3473 5666 tan—
