3968 6360
391 328 495 384 407

1064 315 1126 371 Β.
1177 312 1428 366 ῐὶΑῘὶᾹΝι
1472 312 1686 368 ΜᾹΠΠΙ
1726 305 2011 365 ARCIIIEP

2116 304 2396 363 IOGUNT.
2431 301 2718 362 OPERUM
2751 303 2932 361 PARS
2967 305 3008 359 l.

3550 305 3659 362 408

394 457 447 495 to
479 439 647 510 magis
688 431 959 490 cavendus
1001 438 1105 492 est,
1152 433 1359 496 quanto
1397 424 1568 494 magis
1605 422 1671 476 ab
1719 435 1783 476 eo
1813 421 1868 474 in
1897 419 1981 473 his
2007 421 2057 480 Α
2084 416 2242 470 nibus
2280 415 2617 470 sermonibus
2643 414 2754 468 suis
2781 414 3030 484 primitus
3059 427 3122 466 ac
3151 413 3380 468 maxime
3405 423 3464 468 ut
3502 414 3668 470 intel-

402 550 518 599 quce
540 530 724 585 audire
774 524 961 579 inutile
1008 531 1108 584 est,
1157 518 1457 573 delectatur
1498 515 1729 577 auditor,
1781 522 1982 568 cteum

401 639 561 696 quem
592 621 791 676 diserte
823 614 1004 669 dicere
1034 610 1217 672 audit,
1245 608 1406 662 etiam
1439 619 1566 660 vere
1592 606 1773 660 dicere
1799 606 1983 660 existi-

403 693 533 771 mat.
587 712 713 766 llrnc
742 717 922 763 autem
964 702 1189 758 scientia
1218 714 1316 753 nec
1343 693 1464 752 illos
1508 698 1663 768 fugit,
1693 699 1784 767 qui
1816 706 1984 752 artem
2006 743 2019 767 ί

405 804 731 863 rhetoricam
781 795 1073 854 docendam
1101 799 1448 860 putaverunt.
1484 789 1637 844 Fassi
1682 797 1810 843 sunt
1842 788 1986 842 enim

406 894 725 966 sapientiam
770 889 885 943 sine
912 883 1218 954 eloquentia
1247 875 1438 950 parum
1477 881 1734 949 prodesse
1758 877 1990 934 civitati-

406 989 537 1053 bus;
567 978 928 1052 eloquentiam
958 991 1086 1030 vero
1115 975 1232 1030 sine
1259 973 1518 1042 sapientia
1550 971 1775 1025 nimium
1797 972 1992 1026 obesse

409 1081 746 1150 plerumque,
780 1069 1035 1139 prodesse
1067 1079 1359 1133 nunquam.
1395 1061 1678 1132 Sapienter
1709 1070 1886 1115 autem
1918 1061 1993 1115 di-

412 1172 484 1225 cit
509 1169 670 1223 homo
697 1170 849 1217 tanto
874 1158 1044 1230 magis
1065 1155 1148 1210 vel
1169 1154 1365 1218 minus,
1389 1160 1592 1220 quanto
1614 1152 1668 1205 in
1699 1150 1992 1220 Seripturis

414 1256 616 1314 sanctis
645 1252 820 1322 majus
851 1249 1091 1304 minusve
1122 1243 1356 1315 proficit.
1384 1241 1499 1296 Non
1531 1242 1649 1297 dico
1671 1243 1723 1296 in
1742 1243 1830 1297 eis
1857 1242 1995 1296 mul-o

414 1359 530 1402 tum
559 1342 798 1414 legendis
828 1335 1205 1405 memoriaeque
1236 1333 1555 1388 mandandis
1579 1375 1593 1398 ,
1622 1334 1720 1388 sed
1747 1333 1884 1388 bene
1905 1329 1994 1386 in-

418 1434 721 1508 telligendis
744 1472 757 1496 ,
789 1439 843 1486 et
866 1428 1153 1497 diligenter
1173 1429 1360 1482 earum
1388 1425 1634 1481 sensibus
1655 1424 1990 1495 indagandis.

421 1528 558 1582 Sunt
584 1524 724 1578 enim
743 1521 834 1591 qui
859 1535 952 1575 eas
976 1518 1181 1588 legunt,
1208 1527 1264 1570 et
1288 1515 1594 1586 negligunt;
1627 1515 1812 1584 legunt
1831 1522 1890 1568 ut
1916 1522 1996 1568 te—

421 1623 602 1680 neant,
632 1612 905 1683 negligunt
947 1625 1017 1665 ne
1062 1608 1380 1679 intelligant.
1425 1607 1630 1675 Quibus
1676 1608 1832 1678 longe
1879 1607 1997 1661 sine

419 1705 581 1760 dubio
610 1699 924 1774 przsferendi
969 1708 1095 1756 sunt
1143 1700 1234 1769 qui
1282 1699 1443 1754 verba
1489 1712 1675 1753 earum
1702 1697 1883 1755 minus
1913 1706 1995 1750 te-

2088 508 2322 578 ligantur
2352 508 2648 572 elaborent,
2697 520 2760 560 ea
2812 512 3072 574 quantum
3121 512 3345 572 possunt
3372 505 3668 576 perspicui-

2087 607 2197 653 tate
2225 599 2455 662 dicendi,
2491 607 2551 652 ut
2581 604 2673 652 aut
2706 597 2933 650 multum
2960 595 3144 649 tardus
3169 596 3240 649 sit
3263 597 3354 665 qui
3382 612 3487 652 non
3515 597 3672 654 intel-

2063 687 2203 758 .ligit
2227 728 2240 752 ,
2276 696 2369 741 aut
2413 688 2468 742 in
2501 703 2681 741 rerum
2709 701 2845 756 quas
2881 684 3153 754 explicare
3188 693 3349 754 atque
3380 689 3676 742 ostendere

2073 771 2336 834 ‘volumus
2363 778 2677 834 difficultate
2706 794 2771 832 ac
2797 777 3093 832 subtilitate
3115 817 3130 842 ,
3161 792 3264 831 non
3300 778 3352 831 in
3381 788 3564 832 nostra
3593 778 3676 834 lo-

2088 870 2304 925 cutione
2342 870 2413 924 sit
2438 884 2731 944 causaque
2757 869 2932 921 minus
2967 867 3240 922 tardiusve
3281 882 3400 936 quae
3439 869 3678 923 dicimus

2087 959 2551 1030 possintintelligi.
2580 958 2712 1012 Sunt
2741 959 2882 1010 enim
2911 956 3176 1024 quaedam,
3201 971 3320 1026 qua:
3344 966 3437 1011 aut
3461 972 3562 1010 non
3591 956 3676 1011 in-

2093 1051 2419 1121 telliguntur,
2451 1049 2645 1104 autvix
2674 1047 3064 1118 intelliguntur,
3096 1049 3345 1114 quamvis
3361 1048 3678 1116 planissime

2092 1145 2318 1199 dicentis
2361 1150 2642 1198 versentur
2688 1141 2925 1210 eloquio,
2962 1153 3082 1207 quze
3123 1139 3176 1193 in
3226 1139 3404 1207 populi
3453 1141 3680 1196 audicnc

2093 1237 2244 1300 tiam,
2277 1235 2359 1289 vel
2386 1250 2532 1300 raro,
2571 1234 2618 1288 si
2651 1234 2849 1303 aliquid
2880 1240 3056 1301 urget,
3086 1231 3168 1288 vel
3191 1246 3468 1300 nunquam
3496 1237 3679 1289 omni-

2093 1341 2165 1381 no
2193 1325 2454 1380 mittenda
2485 1331 2631 1378 sunt.

2658 1411 2883 1467 CAPUT
2907 1410 3077 1465 XXX.
3364 1459 3366 1461 .

2268 1501 2420 1567 Quod
2441 1499 2586 1570 facili
2612 1500 2868 1553 locutione
2903 1503 2977 1553 uti
3011 1501 3064 1553 in
3096 1499 3277 1570 vulgus
3306 1501 3506 1554 debeat.

2166 1598 2423 1666 Quamvis
2460 1598 2514 1652 in
2559 1598 2714 1654 bonis
2753 1599 3062 1654 doctoribus
3106 1609 3250 1653 tanta
3271 1598 3504 1655 docendi
3550 1611 3684 1651 cura

2097 1688 2166 1743 sit
2186 1687 2271 1742 vel
2294 1702 2415 1742 esse
2436 1687 2646 1752 debeat,
2691 1696 2750 1741 ut
2775 1688 2999 1743 verbum
3025 1689 3168 1758 quod
3201 1690 3360 1744 nimis
3387 1691 3684 1744 obsalrum

420 1804 568 1859 nent,
585 1798 640 1848 et
659 1806 753 1847 cor
771 1800 957 1846 earum
975 1791 1055 1845 sui
1080 1789 1259 1845 cordis
1283 1789 1455 1850 oculis
1469 1789 1670 1844 vident.
1692 1787 1806 1847 Sed
1835 1787 1995 1842 utris-
2022 1779 2071 1838 B
2099 1779 2170 1833 sit
2189 1778 2273 1833 vel
2298 1779 2629 1849 ambiguum,
2653 1777 2902 1833 Latinum
2925 1794 3047 1834 esse
3075 1796 3180 1834 non
3205 1781 3397 1850 possit,
3421 1779 3568 1851 vulgi
3595 1793 3690 1832 au-

419 1897 523 1954 que
557 1881 646 1936 iile
676 1881 896 1947 melior,
931 1881 1021 1950 qui
1054 1888 1109 1935 et
1136 1895 1257 1935 cum
1292 1880 1434 1935 volet
1458 1895 1551 1934 eas
1578 1878 1739 1944 dicit,
1776 1887 1832 1932 et
1856 1879 1998 1934 sicut

418 1981 630 2043 oportet
669 1973 934 2044 intelligit.
984 1972 1125 2033 Huic
1149 1988 1278 2042 ergo
1314 1972 1709 2040 qui‘sapienter
1729 1971 1887 2025 debet
1914 1970 1996 2025 di-

419 2080 541 2120 cere
559 2105 573 2131 ,
604 2065 766 2118 etiam
796 2065 939 2133 quod
961 2079 1069 2118 non
1100 2073 1278 2132 potest
1307 2064 1641 2132 eloquenter,
1669 2063 1832 2117 verba
1856 2059 2001 2116 Scri-

417 2167 699 2227 pturarum
741 2165 926 2212 tenere
975 2156 1208 2210 maxime
1247 2155 1610 2232 necessarium
1647 2161 1748 2209 est.
1786 2153 2002 2220 Quanto

418 2249 563 2304 enim
593 2264 653 2304 se
683 2247 1055 2320 pauperiorem
1105 2246 1280 2303 cernit
1328 2247 1381 2301 in
1422 2248 1555 2310 suis,
1600 2254 1747 2300 tanto
1790 2246 1844 2299 in
1885 2245 2002 2299 istis

419 2349 632 2411 Oportet
657 2354 781 2395 eum
809 2355 927 2395 esse
953 2338 1202 2394 ditiorem
1231 2380 1246 2405 ,
1276 2346 1335 2392 ut
1363 2339 1505 2408 quod
1529 2338 1724 2392 dixerit
1750 2335 1863 2391 suis
1884 2350 2004 2390 ver-

419 2430 521 2495 bis,
551 2429 745 2499 probet
779 2437 837 2482 et
874 2427 998 2483 illis.
1043 2429 1212 2483 Porro
1250 2427 1341 2497 qui
1369 2443 1476 2482 non
1506 2426 1680 2481 solum
1716 2426 2000 2495 sapienter,

420 2535 606 2576 verum
632 2520 796 2574 etiam
821 2518 1136 2588 eloquenter
1164 2517 1281 2572 vult
1310 2519 1508 2581 dicere,
1542 2517 1795 2587 quoniam
1827 2516 2008 2586 profe-
2041 2529 2047 2538 ‘

422 2618 509 2668 cto
536 2611 655 2680 plus
679 2610 953 2680 proderit,
989 2610 1035 2664 si
1067 2617 1354 2680 utrumque
1379 2608 1634 2678 potuerit,
1663 2608 1731 2662 ad
1751 2606 2009 2676 legendos

423 2699 507 2755 vel
535 2698 831 2754 audiendos
855 2707 912 2752 et
946 2697 1332 2752 exercitatione
1361 2696 1650 2751 imitandos
1674 2695 2006 2766 eloquentes,

423 2805 546 2847 eum
568 2788 736 2844 multo
760 2788 931 2859 magis
956 2802 1118 2858 quam
1153 2786 1424 2858 magistris
1449 2786 1582 2841 artis
1607 2787 1891 2841 rhetorica;
1917 2801 2011 2840 va-

425 2898 552 2940 care
588 2881 874 2953 pracipio,
915 2881 960 2936 si
991 2889 1168 2935 tamen
1193 2881 1245 2935 hi
1277 2882 1370 2950 qui
1415 2880 1598 2952 legunt
1621 2889 1674 2935 et
1697 2881 2005 2945 audiuntur,

427 2989 533 3029 non
562 2971 736 3027 solum
763 2970 1096 3040 eloquenter,
1146 2971 1241 3026 sed
1278 2971 1440 3024 etiam
1480 2970 1752 3040 sapienter
1786 2969 2008 3033 dixisse,

426 3061 512 3116 vel
537 3062 717 3116 dicere
747 3061 924 3115 veraci
960 3060 1343 3130 praedicatione
1383 3059 1685 3114 laudantur.
1729 3059 1828 3126 Qui
1864 3059 2010 3114 enim

2102 1880 2210 1926 tem
2240 1886 2391 1926 more
2422 1872 2500 1926 sic
2536 1872 2782 1936 dicatur,
2817 1882 2876 1925 ut
2915 1873 3237 1943 ambiguitas
3271 1869 3692 1940 obscuritaqu

2100 1962 2302 2017 vitetur
2324 2001 2339 2028 ,
2369 1977 2474 2016 non
2515 1962 2594 2018 sic
2635 1962 2847 2019 dicatur
2872 1973 2931 2018 ut
2973 1979 3003 2017 a
3042 1964 3214 2019 doctis
3239 2006 3254 2029 ,
3284 1963 3377 2019 sed
3419 1964 3603 2033 potius
3629 1971 3694 2016 ut

2103 2055 2170 2110 ab
2197 2053 2427 2109 indoctis
2455 2054 2562 2108 dici
2597 2054 2750 2110 solet.
2793 2055 2932 2122 Quid
2973 2056 3117 2112 enim
3152 2055 3372 2126 prodest
3400 2055 3692 2110 locutionis
3735 2125 3742 2129 _

2062 2206 2068 2215 ,
2104 2143 2384 2214 integritas
2423 2159 2584 2214 quam
2627 2160 2732 2199 non
2765 2145 3012 2214 sequitur
3048 2145 3348 2200 intellectus
3382 2145 3690 2209 audientis,

2105 2249 2229 2290 cum
2259 2249 2362 2289 non
2394 2234 2696 2305 intelligunt
2736 2245 2956 2305 pmpter
2998 2251 3134 2305 quos
3177 2245 3248 2290 ιιισ
3274 2235 3576 2307 intelligant
3614 2235 3697 2289 lo—

2105 2322 2362 2395 quimur?
2389 2323 2494 2390 Qui
2521 2338 2669 2393 ergo
2697 2326 2873 2390 docet,
2923 2325 3116 2379 vitabit
3153 2326 3318 2380 verba
3361 2325 3544 2380 omnia
3572 2339 3699 2394 quae

2107 2429 2216 2469 non
2241 2415 2479 2480 docent;
2511 2422 2567 2470 et
2599 2415 2644 2469 si
2667 2431 2770 2485 pro
2798 2417 2877 2471 eis
2907 2414 3084 2485 aliqua
3111 2457 3125 2482 ,
3155 2431 3274 2486 qua:
3302 2415 3695 2485 intelligantur,

2109 2506 2318 2575 integra
2343 2515 2521 2576 potest
2545 2506 2724 2561 dicere
2748 2546 2763 2572 ,
2792 2507 2846 2562 id
2873 2507 3266 2578 magiseliget;
3297 2507 3342 2562 si
3374 2515 3553 2560 autem
3585 2520 3699 2559 non

2108 2605 2307 2666 potest,
2359 2597 2472 2651 sive
2500 2597 2626 2666 quia
2664 2613 2772 2652 non
2808 2607 2961 2662 sunt,
3006 2599 3120 2653 sive
3144 2599 3270 2666 quia
3315 2597 3369 2650 in
3406 2596 3701 2667 praesentia

2111 2701 2218 2741 non
2265 2694 2594 2752 occurrunt,
2626 2695 2810 2742 utetur
2830 2688 2994 2742 etiam
3019 2688 3199 2742 verbis
3233 2688 3422 2742 minus
3446 2687 3698 2756 integris,

2111 2778 2238 2831 dum
2260 2784 2435 2830 tamen
2465 2792 2552 2831 res
2581 2777 2693 2846 ipsa
2725 2779 2981 2832 doceatur
3016 2784 3181 2846 atque
3202 2778 3443 2832 discatur
3467 2778 3699 2848 integre.

2111 2867 2179 2921 Et
2221 2868 2324 2927 hoc
2355 2868 2569 2937 quidem
2614 2883 2720 2923 non
2744 2869 2916 2923 solum
2961 2870 3015 2923 in
3066 2869 3550 2934 collocutionibus,
3583 2869 3704 2924 sive

2114 2957 2248 3011 fiant
2290 2973 2412 3012 eum
2469 2957 2647 3027 aliquo
2697 2975 2825 3023 uno,
2872 2959 2988 3014 sive
3037 2973 3158 3014 cum
3200 2959 3461 3029 pluribus,
3510 2965 3701 3014 verum

2115 3049 2278 3104 etiam
2307 3047 2473 3102 multo
2499 3048 2671 3118 magis
2705 3048 2758 3102 in
2788 3049 2997 3119 populis
3033 3050 3250 3117 quando
3287 3064 3473 3104 sermo
3493 3049 3708 3119 promi-

428 3152 744 3222 eloquenter
786 3151 1008 3216 dicunt,
1042 3150 1308 3216 suaviter;
1333 3151 1423 3220 qui
1450 3152 1752 3221 sapienter,
1780 3150 2009 3205 salubri-

2119 3148 2225 3204 tur,
2253 3148 2314 3193 ut
2344 3139 2708 3210 intelligamur
2737 3141 3046 3197 instandum
3063 3151 3175 3198 est.
3207 3142 3345 3210 Quia
3376 3144 3430 3198 in
3461 3143 3706 3200 collocu—

432 3250 514 3295 ter
535 3241 841 3295 audiuntur.
876 3239 1015 3294 Sunt
1033 3256 1163 3311 ergo
1182 3240 1533 3305 ecclesiastici
1559 3240 1678 3304 viri,
1711 3241 1800 3310 qui
1830 3241 2010 3295 divina

429 3333 641 3403 eloquia
668 3349 772 3388 non
796 3333 970 3388 solum
996 3333 1297 3402 sapienter,
1338 3333 1434 3389 sed
1469 3341 1523 3388 et
1562 3334 1876 3402 eloquenter
1905 3343 2014 3387 tra-

436 3434 743 3488 ctaverunt;
770 3423 965 3494 quibus
985 3422 1225 3494 legendis
1243 3422 1416 3494 magis
1434 3437 1540 3476 non
1564 3422 1758 3477 suﬂicit
1781 3430 2008 3490 tempus,

431 3530 596 3586 quam
628 3517 818 3571 deesse
849 3515 947 3586 ipsi
969 3514 1308 3570 studentibus
1349 3522 1403 3567 et
1428 3514 1742 3569 vacantibus
1766 3524 2011 3582 possunt.

995 3623 1222 3681 CAPUT
1261 3622 1450 3679 XXIX.

441 3720 594 3789 Quod
621 3730 857 3774 auctores
890 3718 1258 3789 canonicorum
1286 3715 1562 3789 _librorum,
1601 3723 1648 3767 et
1673 3714 1928 3784 sapientes
1969 3723 2016 3768 et

929 3787 1222 3858 eloquentes
1272 3787 1506 3855 fuerunt.
1910 3812 1915 3816 ν

508 3881 610 3936 Hic
637 3880 832 3950 aliquis
867 3879 1093 3934 forsitan
1124 3877 1320 3948 quaerit
1346 3883 1527 3930 utrum
1551 3882 1799 3930 auctores
1822 3874 2018 3938 nostri,

436 3985 668 4043 quorum
683 3969 882 4038 scripta
898 3967 1152 4023 divinitus
1167 3966 1423 4036 inspirata
1437 3957 1698 4020 canonem
1714 3964 1866 4020 nobis
1881 3963 2021 4018 salu-

439 4061 674 4119 berrima
696 4061 1015 4115 auctoritate
1043 4057 1305 4121 fecerunt,
1342 4057 1613 4132 sapientes
1628 4055 2019 4119 tantummodo,

441 4165 508 4205 an
535 4150 848 4218 eloquentes
870 4147 1213 4216 nuncupandi
1240 4145 1368 4199 sint.
1395 4145 1525 4212 Qua:
1552 4144 1770 4214 quidem
1795 4142 2021 4213 quaestio

443 4242 584 4312 apud
611 4240 894 4310 meipsum,
939 4248 995 4293 et
1031 4237 1172 4307 apud
1197 4249 1294 4291 eos
1332 4235 1424 4305 qui
1463 4249 1674 4289 mecum
1716 4234 2023 4304 quodtdieo

445 4331 705 4395 sentiunt,
751 4327 1004 4384 facillime
1040 4327 1285 4382 solvitur.
1327 4325 1463 4380 Nam
1510 4325 1602 4381 ubi
1641 4324 2017 4395 eosintelligo,

447 4417 558 4475 noui
595 4419 768 4475 solum
807 4417 938 4472 nihil
958 4418 1038 4471 eis
1080 4415 1406 4486 sapientius,
1456 4428 1642 4468 verum
1679 4415 1842 4468 etiam
1891 4415 2023 4469 nihil

445 4508 783 4578 eloquentius
807 4505 939 4560 mihi
969 4475 1159 4559 videri.
1171 4511 1348 4573 potest
1369 4475 1402 4569 ;⁷
1427 4512 1482 4556 et
1506 4503 1675 4558 audeo
1704 4503 1883 4558 dicere
1908 4518 2024 4556 om-

447 4616 544 4655 nes
572 4598 664 4668 qui
693 4607 842 4652 recte
875 4596 1178 4666 intelligunt
1213 4596 1358 4665 quod
1388 4595 1463 4650 illi
1503 4595 1833 4665 loquuntur,
1867 4594 2025 4648 simul

448 4690 744 4759 intelligere
778 4703 882 4742 non
932 4701 1026 4741 eos
1070 4686 1225 4740 aliter
1255 4687 1399 4755 loqui
1434 4686 1701 4741 debuisse.
1748 4684 1899 4740 Sicut
1931 4701 2027 4739 au—

449 4794 558 4837 tem
582 4791 667 4837 cst
686 4781 933 4851 quaedam
955 4778 1259 4848 eloquentia
1287 4793 1406 4847 quae
1443 4779 1611 4848 magis
1638 4787 1850 4833 aetatem
1871 4778 2026 4846 juve-

452 4875 613 4930 nilem
634 4875 788 4927 decet
806 4909 822 4936 ,
849 4879 931 4926 est
956 4885 1076 4940 quae
1100 4869 1356 4935 senilem;
1401 4881 1500 4922 nec
1518 4869 1630 4938 jam
1663 4869 1890 4924 dicenda
1920 4870 2029 4924 elo-

449 4965 694 5036 quentia,
739 4963 783 5019 si
822 4977 1071 5032 persona:
1112 4977 1218 5017 non
1256 4970 1516 5031 congruat
1553 4961 1871 5029 eloquentis.
1931 4961 2029 5016 Ubi

452 5069 583 5111 vero
610 5069 716 5108 non
743 5067 839 5108 eos
875 5051 1113 5124 intelligo
1139 5094 1151 5120 ,
1196 5053 1374 5107 minus
1400 5053 1614 5121 quidem
1651 5060 1873 5120 apparet
1903 5051 2032 5104 mihi

451 5159 641 5202 eorum
670 5144 993 5214 eloquentia,
1039 5147 1133 5201 sed
1167 5161 1286 5200 eam
1333 5161 1438 5199 non
1486 5144 1669 5199 dubito
1699 5158 1817 5198 esse
1849 5143 2031 5207 talem,

457 5235 634 5308 qualis
661 5244 744 5290 est
769 5236 857 5289 ubi
888 5236 1142 5306 intelligo.
1175 5237 1264 5291 Sic
1291 5237 1489 5305 quippe
1512 5235 1586 5289 illi
1611 5235 1771 5290 locuti
1800 5243 1944 5298 sunt,
1975 5242 2032 5286 ut

457 5327 784 5397 posteriores
813 5326 902 5396 qui
933 5337 1197 5381 eosrecte
1224 5327 1581 5395 intelligerent
1608 5334 1664 5380 et
1680 5333 2032 5394 exponerent,

461 5418 684 5471 alteram
737 5415 993 5484 gratiam,
1049 5416 1315 5482 disparem
1365 5417 1615 5484 quidem,
1664 5424 2035 5469 verumtamen

461 5505 873 5572 subsequentem
917 5505 969 5558 in
1008 5503 1100 5558 Dei
1140 5503 1374 5558 Ecclesia
1414 5505 1729 5573 reperirent.
1765 5503 1879 5558 Non
1911 5518 2039 5572 ergo

462 5594 794 5663 expositores
813 5609 1000 5650 eorum
1027 5596 1098 5649 ita
1122 5595 1267 5666 loqui
1289 5595 1485 5649 debent
1508 5636 1522 5661 ,
1554 5607 1810 5665 tanquam
1837 5596 2039 5664 seipsos

462 5689 808 5756 exponendos
834 5688 990 5744 simili
1024 5689 1348 5744 auctoritate
1372 5699 1700 5756 proponant;
1734 5688 1824 5742 sed
1848 5689 1901 5741 in
1927 5702 2036 5742 om-

2119 3231 2355 3286 tionibus
2383 3243 2467 3286 cst
2504 3232 2701 3301 cuique
2727 3232 3095 3302 interrogandi
3145 3245 3424 3302 potesus;
3468 3236 3560 3290 ubi
3601 3250 3708 3289 au—

2120 3329 2226 3375 tem
2275 3336 2461 3376 omnes
2492 3330 2683 3376 tacent
2715 3331 2774 3376 ut
2801 3324 3067 3378 'audiatur
3097 3329 3266 3389 unus,
3304 3335 3360 3380 et
3383 3326 3438 3380 in
3459 3343 3582 3381 eum
3615 3327 3708 3383 ino-

2122 3422 2264 3467 tenta
2297 3429 2392 3475 ora
2434 3423 2782 3478 convertunt,
2831 3415 2902 3469 ibi
2950 3425 3011 3469 ut
3055 3418 3295 3485 requirat
3330 3419 3708 3491 unusquisque

2120 3518 2240 3572 quae
2279 3519 2384 3558 non
2412 3503 2762 3570 intellexerit,
2803 3520 2904 3560 nec
2933 3507 3098 3562 moris
3119 3516 3201 3564 est
3227 3510 3599 3576 nec'decoris;
3635 3526 3706 3566 ac

2122 3609 2220 3664 per
2267 3595 2368 3649 hoc
2414 3595 2570 3649 debet
2607 3598 2839 3651 maxime
2879 3599 3073 3652 tacenti
3110 3595 3394 3655 subvenire
3439 3615 3565 3655 cura
3622 3600 3709 3656 di-

2123 3685 2315 3739 centis.
2347 3685 2495 3739 Solet
2515 3694 2692 3742 autem
2721 3696 2870 3742 motu
2895 3703 2993 3744 suo
3014 3689 3318 3758 significare
3341 3699 3522 3745 utrum
3548 3691 3711 3746 intel.
3763 3753 3769 3758 _

2125 3776 2319 3831 lexerit
2357 3778 2711 3847 cognoscendi
2742 3780 2896 3834 avida
2928 3780 3210 3834 multitudo
3237 3795 3406 3850 τίμιαι
3430 3784 3600 3837 donec
3634 3784 3713 3838 si-

2124 3867 2341 3938 gnificet
2364 3907 2377 3933 ,
2401 3870 2723 3934 versandum
2763 3879 2850 3925 est
2875 3871 3017 3940 quod
3049 3872 3227 3941 agitur
3253 3873 3567 3927 multimoda
3611 3889 3715 3927 va-

2128 3958 2319 4013 rietate
2357 3956 2595 4024 dicendi;
2632 3973 2751 4028 quae
2780 3960 2833 4014 in
2863 3968 3159 4030 postestate
3196 3976 3304 4016 non
3338 3962 3537 4016 habent
3560 4003 3575 4027 ,
3611 3963 3714 4034 qui

2125 4057 2426 4119 praeparata
2453 4057 2511 4106 et
2531 4050 2599 4104 ad
2624 4051 2844 4106 verbum
2883 4051 3196 4107 memoriter
3231 4059 3435 4106 retenta
3464 4067 3715 4122 pronun-

2127 4138 2282 4192 tiant.
2308 4139 2428 4196 Mox
2447 4148 2627 4194 autem
2664 4149 2722 4194 ut
2748 4140 3072 4198 intellecutm
3101 4155 3229 4197 esse
3244 4143 3548 4198 conStiterit
3567 4183 3582 4207 ,
3616 4151 3720 4199 aut

2129 4244 2305 4285 sermo
2329 4231 2617 4286 sumendus
2635 4239 2719 4286 est
2741 4270 2756 4296 ,
2783 4239 2876 4286 aut
2897 4233 2949 4286 in
2979 4231 3082 4285 alia
3113 4233 3518 4288 transeundum.
3554 4231 3720 4290 Sicut

2129 4321 2274 4385 enim
2299 4330 2484 4391 gratus
2508 4331 2590 4376 est
2617 4322 2707 4391 qui
2740 4323 3074 4393 agnoscenda
3106 4323 3343 4379 enubilat
3366 4364 3382 4391 ,
3406 4324 3488 4380 sic
3507 4339 3714 4380 ouem-

2131 4430 2239 4479 sus,
2269 4414 2359 4484 qui
2390 4415 2599 4484 cognita
2625 4415 2874 4470 inculcat.
3477 4453 3482 4458 .
3579 4421 3582 4426 '

2691 4523 2918 4583 CAPUT
2951 4515 3154 4583 XXXI.
3220 4523 3224 4532 ’

2134 4618 2210 4672 De
2232 4620 2424 4689 optimo
2452 4619 2602 4672 modo
2631 4617 2836 4689 dicendi
2861 4658 2876 4683 ,
2899 4627 2948 4671 et
2971 4619 3098 4689 quid
3131 4623 3364 4688 Oporteat
3391 4616 3710 4688 prwdicato-

2537 4705 2642 4741 rem
2671 4689 2726 4742 in
2747 4688 2972 4741 dicendo
2997 4688 3287 4742 observare.
3519 4689 3522 4692 ’
3692 4707 3694 4709 ‘

2207 4780 2299 4834 Est
2321 4787 2500 4833 autem
2533 4771 2765 4847 optimus
2805 4778 2992 4832 modus
3020 4753 3269 4844 dicendi:
3309 4780 3399 4849 qui
3432 4779 3496 4834 ﬁt
3527 4787 3589 4834 ιιι
3618 4781 3719 4852 qui

2138 4875 2305 4938 audit,
2338 4888 2520 4925 verum
2550 4872 2757 4938 audiat;
2795 4877 2987 4941 etquae
3013 4871 3183 4936 audit,
3212 4871 3505 4943 intelligat;
3543 4873 3720 4928 bone“-

2137 4979 2361 5034 rumque
2399 4963 2740 5036 ingeniorum
2785 4962 3006 5032 insignis
3035 4970 3118 5016 est
3162 4961 3386 5027 indoles,
3434 4963 3490 5016 in
3530 4964 3720 5018 verbis

2137 5066 2320 5111 verum
2370 5068 2570 5118 amare,
2625 5053 2935 5107 nonverba.
2983 5051 3120 5118 Quid
3167 5052 3310 5106 enim
3354 5051 3574 5120 prodest
3601 5052 3722 5106 eia-

2137 5150 2218 5203 vis
2245 5161 2407 5201 aurea
2431 5187 2444 5210 ,
2477 5146 2521 5199 si
2551 5146 2760 5214 aperire
2787 5160 2906 5215 quia
2935 5140 3180 5200 volumus
3217 5160 3322 5200 non
3347 5144 3564 5213 potest?
3603 5143 3722 5200 Aut

2137 5238 2262 5307 quid
2288 5238 2442 5291 obest
2468 5236 2638 5306 lignea
2664 5276 2676 5297 ,
2719 5235 2761 5288 si
2799 5234 2899 5289 hoc
2923 5243 3094 5304 potest
3119 5275 3135 5298 ,
3167 5234 3382 5304 quando
3402 5232 3537 5288 nihil
3562 5247 3720 5301 qna:-

2137 5330 2324 5394 rimus,
2365 5328 2465 5382 nisi
2503 5335 2563 5382 ιιι
2597 5335 2774 5396 pateat
2815 5316 2958 5396 quod
2996 5326 3238 5381 clausum
3266 5327 3385 5381 est?
3412 5325 3558 5380 Dixit
3581 5339 3721 5394 ergo

2137 5421 2354 5490 quidam
2405 5418 2678 5488 eloquens,
2728 5426 2783 5471 et
2828 5431 3013 5470 verum
3053 5416 3205 5480 dixit,
3252 5416 3326 5470 ita
3362 5416 3558 5470 debere
3595 5413 3720 5468 elo-

2139 5519 2390 5581 quentem
2438 5507 2618 5578 loqui,
2657 5515 2714 5562 ut
2749 5508 2955 5570 doceat,
2999 5506 3327 5581 ut’delectet
3352 5545 3366 5570 ,
3418 5511 3478 5557 ut
3510 5501 3724 5559 ﬂectat.

2141 5599 2341 5653 Deinde
2395 5598 2631 5652 addidit:
2668 5597 2870 5650 Docere
2913 5595 3249 5650 necessitatis
3291 5602 3395 5658 est,
3446 5591 3727 5646 delectare

2141 5688 2419 5743 suavitatis
2448 5727 2462 5752 ,
2506 5696 2558 5740 et
2599 5684 2813 5740 ﬂectere
2856 5685 3115 5741 victoriae.
3147 5683 3346 5738 Horum
3376 5681 3541 5736 trium
3570 5677 3720 5750 quod
