3968 6328
467 237 569 290 Mi

1112 237 1171 291 Β.
1215 234 1462 293 [MBAN
1502 235 1715 309 MAURI
1750 230 2062 288 ARCHlEP.
2106 230 2411 287 MOGUNT.
2454 231 2733 290 OPERUM
2774 233 2949 289 PARS
2985 235 3019 288 l.

3594 235 3705 286 “'3.

462 349 788 406 dos‘solvere
823 351 1196 418 qurestionum,
1228 352 1317 405 sed
1359 352 1516 406 etiam
1542 350 1664 401 dum
1693 349 1794 400 hoc
1830 345 2028 414 agitur,
2064 341 2104 399 Δ
2134 356 2272 398 certa
2300 347 2352 398 in
2376 347 2638 415 adjutario
2668 347 2762 400 Dei
2793 347 2966 413 (Rom.
2993 347 3130 417 un).
3154 349 3241 401 .\it
3261 359 3435 401 autem
3459 358 3512 402 et
3537 366 3703 418 grau-

463 442 586 499 aliis
628 442 1014 510 quaestionibus
1071 459 1188 512 quae
1239 441 1476 516 fortassis
1513 439 1819 500 inciderint,
1865 453 1932 492 ne
1975 438 2026 490 i.l

463 533 602 604 quod
631 534 860 589 dicimus
883 535 1210 604 improbetur
1238 547 1330 600 per
1361 517 1476 582 illas
1499 540 1589 583 aut
1615 530 1905 594 refellatur,
1937 547 2028 585 oc-

464 640 683 680 currere
715 645 728 679 :
769 627 812 680 si
846 634 1017 680 tamen
1047 627 1154 693 ipsa
1180 637 1363 675 eorum
1392 622 1584 675 solutio
1609 622 1810 690 pariter
1833 638 2028 677 occur-

464 717 616 780 rerit,
648 732 716 770 ne
742 729 1048 771 moveamus
1072 713 1209 782 quod
1240 712 1450 766 auferre
1481 728 1584 766 non
1613 728 1916 780 possumus.
1944 714 2028 766 Fit

465 815 668 870 autem,
694 815 750 859 ut
772 821 890 860 cum
916 803 1207 856 incidentes
1235 803 1517 871 qtuestioni
1541 803 1659 855 alia:
1684 804 2024 872 quazstiones,

463 905 518 951 et
541 897 658 950 alia:
701 909 885 949 rursus
910 892 1267 947 incidentibus
1297 893 1593 947 incidentes
1624 901 2030 964 pertractantur

465 997 626 1056 atque
672 987 966 1047 solvuntur,
995 983 1047 1037 in
1083 998 1203 1036 eam
1233 982 1621 1050 longitudinem
1646 985 2031 1038 ratiocinatio-

463 1082 546 1133 nis
567 1076 883 1131 extendatur
922 1075 1165 1134 intentio,
1205 1082 1263 1127 ut
1298 1075 1399 1128 nisi
1443 1075 1700 1129 memoria
1742 1075 2026 1144 plurimum

463 1170 633 1222 valeat
671 1174 830 1234 atque
859 1165 1053 1236 vigeat,
1089 1165 1154 1218 ad
1189 1173 1349 1234 caput
1383 1165 1533 1242 unde
1571 1167 1829 1236 agebatur
1851 1166 2028 1234 dispu-

464 1269 602 1314 tator
652 1257 824 1312 redire
873 1273 978 1312 non
1009 1258 1199 1326 possit.
1233 1257 1397 1311 Valde
1422 1266 1601 1312 autem
1627 1260 1822 1313 bonum
1863 1267 1945 1313 est
1973 1267 2030 1313 ut

462 1348 715 1417 quidquid
749 1346 1046 1414 contradici
1079 1355 1272 1417 potest,
1313 1347 1356 1400 si
1381 1347 1699 1412 occurrerit,
1736 1345 2026 1412 refutetur;

460 1455 526 1494 ne
577 1440 647 1493 ibi
690 1449 940 1494 occurrat
984 1438 1075 1494 ubi
1123 1454 1227 1494 non
1271 1447 1355 1494 est
1406 1439 1494 1508 qui
1530 1439 1881 1507 respondeat;
1937 1447 2030 1492 aut

459 1531 708 1600 praasenti
739 1531 975 1599 quidem,
1029 1532 1121 1586 sed
1167 1530 1365 1586 tacenti
1422 1537 1694 1594 occurrat,
1753 1539 1808 1584 et
1854 1530 2029 1584 minus

459 1633 679 1679 sanatus
727 1625 1002 1679 abscedat.
1048 1624 1104 1678 ln
1141 1623 1243 1678 illis
1285 1630 1464 1678 autem
1502 1622 1808 1691 apostolicis
1853 1621 2028 1677 verbis

2127 434 2267 487 diter
2295 443 2347 486 et
2377 443 2563 486 ornate
2593 453 2604 486 :
2637 435 2840 488 Scimus
2871 439 3117 504 quoniam
3152 437 3482 504 diligentibus
3530 438 3702 491 Deum

2126 525 2299 576 omnia
2321 535 2663 592 coeperantur
2686 525 2739 577 in
2781 524 2967 576 bonum
2998 525 3077 577 his
3098 526 3185 594 qui
3204 527 3485 580 secundum
3505 528 3699 597 propoo

2126 613 2281 665 situm
2309 615 2471 666 vocati
2493 623 2611 665 sunt
2636 614 2833 666 sancti:
2851 615 3095 682 quoniam
3121 630 3248 682 quos
3272 626 3389 667 ante
3412 616 3699 682 pra’scirit,

2127 713 2173 756 et
2203 704 2586 772 pra’destinavit
2623 704 2908 772 conformes
2939 703 3052 770 ﬁeri
3081 703 3320 771 imaginis
3352 702 3477 756 Filii
3501 706 3604 766 sui,
3638 715 3700 756 ut

2127 795 2192 846 sit
2222 795 2327 862 ipse
2357 794 2726 862 primogenitus
2757 793 2810 845 in
2836 792 3010 845 multis
3036 790 3308 860 fratribus,
3336 801 3464 858 etc.;
3493 809 3611 862 qua:
3639 795 3699 846 in

2128 882 2314 954 eodem
2343 882 2576 951 capitulo
2606 891 2925 950 sequuntur.
3034 889 3043 897 '
3319 869 3331 885 ’

2675 995 2901 1050 CAPUT
2941 997 3153 1051 XXXV.

2131 1062 2402 1128 Quomodo
2427 1064 2640 1118 debeant
2665 1066 2796 1118 inter
2816 1083 2869 1119 se
2893 1066 3002 1118 haec
3033 1069 3131 1119 tria
3160 1084 3346 1136 genera
3374 1070 3700 1138 permisceri.

2199 1153 2427 1210 interest
2454 1156 2596 1209 enim
2629 1157 2768 1226 quod
2799 1171 2966 1228 genus
2993 1157 3077 1212 cui
3105 1159 3285 1228 generi
3330 1160 3704 1229 interponatur

2129 1245 2212 1299 vel
2240 1235 2557 1300 adhibeatu‘r
2577 1240 2738 1301 certis
2760 1256 2814 1302 et
2839 1249 3159 1302 necessariis
3188 1249 3338 1302 locis.
3375 1248 3504 1302 Nam
3527 1266 3705 1318 quan-

2103 1333 2198 1413 ldo
2219 1335 2428 1403 prolixa
2457 1344 2540 1390 est
2564 1336 2617 1389 in
2643 1352 2748 1391 uno
2783 1353 2998 1407 genere,
3026 1339 3202 1394 minus
3241 1339 3442 1394 detinet
3485 1341 3702 1395 audito-

2129 1425 2429 1492 rem.,Cum
2460 1443 2586 1482 vero
2633 1426 2772 1482 litin
2805 1428 2944 1482 aliud
2972 1428 3039 1483 ab
3080 1428 3184 1483 alio
3211 1431 3489 1494 transitus,
3529 1431 3699 1485 etiam

2129 1519 2174 1574 si
2199 1518 2406 1589 longius
2429 1527 2595 1584 erret,
2624 1521 2900 1577 decentius
2924 1521 3167 1591 procedit
3193 1522 3386 1576 oratio.
3425 1521 3480 1575 In
3506 1525 3698 1592 grandi

2130 1625 2258 1679 ergo
2305 1625 2500 1680 genere
2535 1625 2769 1680 semper,
2800 1619 2890 1666 aut
2938 1627 3073 1681 pene
3118 1627 3343 1682 semper,
3400 1619 3700 1682 temperata

457 1715 620 1768 dictio
665 1723 749 1769 est
795 1723 1085 1783 temperata
1114 1733 1126 1768 :
1158 1713 1422 1768 Seniorem
1463 1730 1524 1766 ne
1546 1714 1911 1781 increpaveris,
1936 1712 2021 1766 sed

2129 1699 2284 1752 decet
2311 1715 2430 1754 esse
2453 1699 2748 1776 principia;
2771 1711 2826 1756 et
2849 1703 2900 1755 in
2923 1710 3189 1771 potestate
3211 1713 3290 1758 est
3316 1704 3617 1773 eloquentis
3640 1713 3702 1757 ut

457 1805 667 1860 obsecra
698 1816 751 1860 ut
779 1817 997 1876 patrem,
1021 1807 1260 1875 juniores
1314 1816 1370 1859 ut
1399 1806 1610 1882 fratres,
1643 1822 1774 1858 unus
1819 1815 1873 1858 ut
1908 1823 2023 1858 ma-

454 1904 582 1960 tres,
610 1896 1019 1950 adolescentulos
1044 1906 1098 1949 ut
1122 1913 1326 1950 sorores
1354 1894 1404 1965 (I
1440 1895 1573 1950 Tim.‘
1599 1896 1674 1967 v).
1707 1896 1770 1950 Et
1795 1897 1844 1948 in
1876 1896 1977 1950 illis
2009 1915 2020 1950 :

458 1986 683 2040 Obsecro
706 1997 877 2041 autem
901 2003 1007 2050 vos,
1037 1987 1246 2056 fratres,
1273 2003 1364 2056 per
1393 1987 1800 2040 misericordiam
1826 1986 1940 2050 Dei,
1971 1996 2023 2039 ut

455 2076 736 2130 exhibeatis
751 2093 968 2145 corpora
989 2087 1152 2131 vestra
1176 2078 1397 2131 hostiam
1422 2078 1605 2140 vivam,
1635 2087 1888 2138 sanctam,
1923 2077 2023 2130 "eo

455 2164 737 2234 placentem
769 2166 945 2236 (Rom.
996 2167 1114 2233 xu).
1165 2167 1230 2220 Et
1269 2176 1410 2222 totus
1437 2166 1548 2222 fere
1574 2168 1740 2235 ipsius
1772 2169 2024 2222 exhorta-

458 2257 615 2310 tionis
652 2255 799 2311 locus
860 2267 1211 2328 temperatum
1247 2261 1408 2314 habet
1455 2260 1738 2314 locutionis
1788 2274 1952 2330 genus
2005 2277 2018 2311 :

455 2347 544 2399 ubi
571 2347 654 2398 illa
680 2347 982 2415 pulchriora
1013 2359 1156 2413 sunt,
1183 2350 1270 2404 ubi
1288 2352 1498 2420 propria
1520 2351 1751 2420 propriis
1769 2360 2021 2419 tauquam

456 2437 632 2490 debita
665 2439 895 2500 reddita,
927 2440 1179 2494 decenter
1203 2449 1516 2503 excurrunt,
1552 2442 1706 2496 sicuti
1737 2451 1818 2495 est
1856 2461 1868 2495 :
1907 2442 2022 2496 lla-

454 2525 625 2579 bentes
666 2527 802 2580 dona
829 2528 1032 2583 diversa
1073 2531 1355 2583 secundum
1383 2533 1608 2601 gratiam
1646 2549 1758 2603 qua?
1792 2532 1919 2587 data
1946 2515 2023 2588 est

456 2615 632 2677 nobis;
655 2615 758 2670 sive
780 2618 1119 2686 prophetiam,
1159 2621 1440 2673 secundum
1473 2621 1702 2690 regulam
1737 2623 1892 2689 fidei;
1920 2626 2023 2678 sive

449 2707 817 2773 ministerium,
858 2710 912 2763 in
942 2711 1324 2774 ministrando;
1367 2713 1471 2766 sive
1506 2715 1595 2783 qui
1623 2714 1790 2780 docet,
1822 2717 1875 2768 in
1923 2715 2020 2769 do-

453 2795 653 2860 ctrina;
701 2797 806 2851 sive
833 2800 921 2867 qui
947 2799 1270 2865 exhortatur,
1303 2801 1356 2854 in
1386 2802 1778 2866 exhortatione;
1819 2804 1906 2873 qui
1930 2805 2022 2858 tri-

455 2886 584 2952 buit,
621 2887 674 2941 in
703 2889 1063 2956 simplicitate;
1088 2892 1178 2961 qui
1201 2901 1406 2960 praeest,
1435 2891 1488 2944 in
1517 2892 1895 2958 sollicitudine;
1931 2895 2021 2963 qui

454 2991 746 3045 miseretur,
771 2983 826 3036 in
859 2982 1138 3047 hilaritate,
1163 2991 1266 3038 etc.
1293 2984 1358 3038 Et
1385 2985 1658 3054 aliquanto
1688 2995 1807 3054 post
1832 3004 1845 3039 :
1881 2985 2017 3039 Ref-

2127 1789 2376 1851 dieautur
2439 1790 2690 1844 nonnulla
2748 1792 3035 1856 submisse,
3093 1793 3254 1846 etiam
3316 1809 3434 1862 qua:
3481 1802 3702 1863 possent

2089 1939 2092 1942 ,
2127 1881 2401 1950 granditer
2440 1881 2542 1936 dici
2582 1899 2594 1934 :
2632 1891 2688 1935 ut
2725 1897 2788 1936 ea
2821 1899 2937 1951 qua:
2985 1881 3234 1938 dicuntur
3273 1885 3572 1954 granditer,
3632 1899 3698 1937 ex

2127 1971 2336 2024 illorum
2368 1971 2497 2025 {lant
2521 1975 2918 2041 comparatione
2947 1974 3248 2042 grandiora,
3279 1982 3334 2029 et
3361 1990 3544 2028 eorum
3579 1983 3700 2029 tan-

2124 2077 2285 2131 quam
2313 2063 2519 2117 umbris
2550 2063 2896 2118 luminosiora
2939 2064 3246 2119 reddantur.
3289 2065 3346 2120 In
3378 2081 3701 2136 quocunque

2123 2162 2300 2206 autem
2329 2168 2520 2223 genere
2575 2152 2751 2222 aliqua
2779 2153 3132 2222 quzcstionum
3179 2154 3384 2208 vincula
3443 2154 3698 2208 solvenda

2125 2244 2268 2312 Sunt,
2301 2247 2546 2300 acumine
2569 2261 2702 2314 opus
2729 2255 2834 2310 est,
2861 2246 3000 2316 quod
3029 2245 3128 2300 sibi
3155 2247 3496 2301 summissum
3531 2262 3702 2317 genus

2124 2337 2338 2406 proprie
2375 2336 2632 2390 vindicat.
2659 2335 2736 2390 Ac
2758 2352 2853 2405 per
2893 2337 2992 2391 hoc
3019 2350 3083 2391 eo
3106 2351 3303 2405 genere
3329 2336 3582 2406 utendum
3614 2345 3704 2390 est

2124 2437 2177 2483 et
2221 2429 2340 2482 aliis
2368 2428 2575 2482 duobus
2600 2430 2906 2498 generibus,
2940 2430 3150 2497 quando
3182 2429 3259 2483 eis
3284 2429 3383 2482 ista
3407 2427 3652 2482 incidunt
3681 2446 3697 2480 :

2124 2522 2265 2577 sicut
2295 2529 2377 2579 est
2423 2521 2745 2576 laudandum
2781 2520 2978 2590 aliquid
3015 2520 3097 2575 vel
3136 2520 3564 2590 vituperandum,
3605 2521 3700 2574 ubi

2123 2628 2224 2666 nec
2273 2612 2546 2665 damnatio
2603 2611 2938 2680 cujusquam,
2993 2625 3091 2665 nec
3145 2610 3415 2673 liberatio,
3473 2625 3573 2665 nec
3631 2611 3702 2664 ad

2123 2705 2389 2758 actionem
2418 2702 2711 2772 quamlibet
2755 2702 2993 2757 assensio
3019 2702 3331 2769 requiritur,
3370 2701 3424 2754 in
3453 2715 3700 2768 quocun-

2121 2808 2227 2863 que
2249 2794 2352 2848 alio
2377 2807 2573 2864 genere
2599 2795 2852 2856 occurrit,
2877 2807 3045 2863 genus
3075 2793 3428 2848 adhibendum
3456 2800 3510 2846 et
3530 2790 3701 2845 inter-

2121 2885 2422 2956 ponendum
2451 2893 2534 2940 est
2557 2877 2934 2955 temperatum.
2952 2885 3007 2939 ln
3037 2886 3222 2957 grandi
3251 2899 3376 2953 ergo
3399 2874 3598 2955 genere
3622 2883 3702 2937 in-

2125 2979 2341 3032 veniunt
2366 2977 2512 3032 locos
2537 2993 2661 3033 suos
2685 2978 2789 3032 duo
2818 2985 3030 3041 caetera,
3049 2985 3104 3031 et
3131 2976 3393 3031 submisso
3421 2975 3695 3029 similiter.

453 3072 576 3136 dite,
606 3072 793 3142 inquit,
834 3074 1069 3129 omnibus
1101 3075 1313 3129 debita:
1338 3077 1422 3128 cui
1449 3043 1718 3141 tributum,
1746 3077 2018 3140 tributum;
2044 3043 2090 3105 C
2123 3067 2498 3136 Tcmperalum
2526 3077 2704 3121 amem
2748 3076 2916 3138 genus
2954 3081 3060 3122 Ποη
3088 3067 3299 3136 quidem
3337 3064 3699 3134 sempcro'sed

453 3161 539 3215 cui
559 3162 792 3232 vectigal,
823 3163 1040 3233 vectigal
1062 3178 1080 3215 :
1104 3165 1188 3217 cui
1223 3165 1480 3229 timorem‘,
1508 3166 1742 3220 timorem
1767 3184 1785 3231 ;
1813 3167 1898 3220 cui
1927 3167 2020 3219 ho-

453 3268 650 3314 norem,
677 3254 922 3307 honorem
952 3253 1156 3324 (Ibid.).
1185 3255 1313 3322 Qum
1342 3258 1682 3311 membratim
1726 3255 1841 3312 fusa
1873 3256 2023 3312 clau-

453 3342 652 3397 duntur
686 3343 850 3398 etiam
878 3345 994 3412 ipso
1026 3345 1252 3400 circuitu
1273 3388 1286 3410 ,
1311 3362 1468 3414 quem
1496 3348 1600 3402 duo
1627 3350 1865 3403 membra
1893 3364 2022 3403 eon-

455 3439 641 3485 taxunt
678 3451 690 3485 :
729 3431 940 3487 Nemini
984 3435 1265 3506 quidquam
1295 3437 1539 3502 debeatis,
1567 3439 1667 3492 nisi
1705 3449 1760 3492 ut
1805 3439 2019 3494 invicem

453 3525 684 3594 diligatis
733 3525 902 3595 (Rom.
961 3528 1102 3595 xm).
1151 3528 1367 3584 Grande
1395 3540 1574 3585 autem
1602 3531 1814 3585 dicendi
1854 3547 2021 3601 genus

455 3615 559 3674 hoc
602 3615 832 3669 maxime
881 3617 1043 3670 distat
1074 3616 1140 3670 ab
1168 3619 1269 3672 isto
1297 3635 1493 3690 genere
1529 3621 1850 3690 temperato,
1880 3622 2022 3690 quod

456 3720 560 3759 non
594 3712 702 3757 tam
731 3705 1017 3759 verborum
1070 3708 1348 3762 ornatibus
1396 3719 1668 3778 comptum
1717 3717 1818 3774 est,
1860 3726 2021 3779 quam

453 3780 858 3850 violentum'est
881 3796 1044 3850 animi
1075 3797 1373 3853 all‘ectibus.
1405 3798 1536 3852 Nam
1566 3799 1709 3869 capit
1745 3801 1904 3854 etiam
1936 3800 2020 3857 illa

455 3901 768 3945 ornamenta
793 3907 926 3960 pene
956 3894 1132 3946 ontuia
1158 3910 1170 3955 ;
1211 3895 1301 3948 sed
1331 3910 1391 3948 ea
1421 3896 1462 3949 si
1490 3911 1592 3948 non
1619 3896 1885 3961 habuerit,
1914 3915 2019 3953 non

454 3982 700 4049 requirit.
728 3982 922 4037 Fertur
947 3985 1090 4037 enim
1121 3985 1317 4052 impetu
1345 4001 1463 4048 suo,
1494 3996 1548 4042 et
1569 3987 1884 4043 elocutionis
1907 3991 2025 4058 pul-

449 4071 831 4136 chritudinem,
859 4073 900 4126 si
929 4076 1247 4141 occurrerit,
1275 4075 1323 4128 vi
1355 4091 1536 4130 rerum
1566 4078 1723 4145 rapit,
1751 4093 1856 4131 non
1893 4095 2021 4134 cura

454 4163 664 4217 decoris
705 4164 948 4216 assumit.
983 4163 1126 4218 Satis
1154 4175 1237 4219 est
1257 4167 1398 4220 enim
1422 4167 1468 4220 ei
1492 4172 1709 4237 prepter
1735 4168 1874 4237 quod
1905 4171 2018 4240 agi-

453 4261 562 4317 tur,
613 4261 674 4306 ut
711 4256 869 4308 verba
922 4259 1295 4322 congruentia,
1337 4274 1442 4312 non
1489 4261 1601 4315 oris
1638 4260 1904 4331 eligantur
1940 4264 2021 4316 in—

451 4342 672 4404 dustria,
725 4343 817 4397 sed
868 4345 1099 4413 pectoris
1139 4356 1432 4415 sequantur
1475 4349 1743 4404 ardorem.
1790 4350 1924 4405 Nam
1971 4355 2014 4407 si
2042 4381 2094 4441 Β

449 4439 638 4484 aurato
673 4442 1045 4504 gemmataque
1076 4436 1216 4490 ferro
1242 4438 1326 4491 vir
1367 4437 1518 4493 fortis
1544 4449 1801 4505 armetur,
1832 4443 2013 4498 inten-

449 4522 689 4576 tissimus
724 4540 934 4592 pugnae,
965 4526 1073 4594 agit
1101 4527 1313 4595 quidem
1354 4528 1457 4583 illis
1507 4531 1670 4584 armis
1703 4531 1845 4600 quod
1881 4533 2010 4603 agit,

446 4627 553 4665 non
580 4612 702 4681 quia
747 4614 1001 4682 pretiosa,
1029 4617 1119 4670 sed
1143 4617 1264 4685 quia
1294 4633 1442 4670 arma
1472 4627 1614 4672 sunt.
1648 4619 1771 4690 Agit
1801 4622 2015 4689 aposto-

447 4698 551 4764 lus,
597 4709 657 4754 ut
696 4717 793 4771 pro
839 4703 1141 4773 evangelico
1194 4707 1492 4761 ministerio
1555 4709 1820 4776 patienter
1872 4713 2011 4765 mala

398 4847 401 4849 _
445 4791 604 4860 hujus
647 4795 900 4860 temporis
937 4811 1058 4848 cum
1082 4797 1272 4851 solatio
1301 4800 1559 4854 donorum
1593 4801 1900 4858 Deiomnia
1931 4814 2011 4858 to-

447 4879 703 4933 lereutur.
735 4880 920 4950 Magna
956 4899 1043 4938 res
1065 4894 1166 4945 est,
1195 4893 1247 4939 et
1276 4888 1548 4954 granditer
1575 4891 1768 4960 agitur.
1800 4909 1898 4948 nec
1923 4895 2015 4948 de-

420 4979 570 5041 sunt
603 4982 916 5027 ornamenta
945 4975 1152 5030 dicendi
1193 4994 1204 5028 :
1247 4977 1382 5031 Ecce
1411 4996 1567 5042 nunc,
1598 4970 1789 5050 inquit,
1816 4992 2013 5053 tempus

445 5061 774 5128 acceptabile,
811 5080 924 5117 ecce
970 5081 1105 5119 nunc
1148 5069 1256 5121 dies
1296 5069 1501 5122 salutis.
1546 5070 1758 5124 Nullam
1798 5073 1852 5126 in
1890 5091 2014 5142 quo-

442 5165 598 5217 quam
626 5149 806 5202 dantes
835 5153 1188 5220 oﬂensionem,
1218 5167 1272 5210 ut
1303 5173 1404 5210 non
1430 5161 1834 5227 reprehendatur
1861 5163 2012 5217 mini-

438 5238 652 5291 sterium
683 5249 948 5302 nostrum;
985 5244 1073 5294 scd
1102 5245 1152 5296 in
1186 5247 1421 5299 omnibus
1447 5249 1863 5301 conuueudantes
1894 5267 2011 5304 nos~

439 5328 682 5396 metipsos
726 5337 777 5380 ut
808 5327 904 5382 Dei
936 5333 1221 5397 ministros,
1259 5337 1310 5387 in
1346 5336 1509 5388 multa
1539 5339 1808 5405 patientia,
1839 5340 1891 5393 in
1919 5342 2012 5392 tri-

442 5418 811 5480 bulationibus,
864 5420 917 5473 in
970 5427 1370 5488 necessitatibus,
1423 5435 1553 5490 etc.,
1593 5445 1710 5495 qua:
1762 5433 2008 5500 persequi

443 5507 654 5572 lcugutn
697 5519 778 5561 est
808 5509 891 5578 (ll
924 5509 1043 5563 Cor.
1101 5513 1191 5578 νι).
1219 5513 1453 5583 ltetuque
1491 5518 1556 5569 ad
1591 5517 1861 5573 [lotuanus
1893 5521 1964 5573 ait
1995 5540 2005 5572 :

447 5594 510 5648 Ut
531 5599 904 5664 persecutiones
928 5601 1082 5666 hujus
1111 5605 1288 5656 mundi
1328 5606 1574 5660 charitate
1602 5608 1894 5665 vincantur,
1921 5625 2008 5677 spe

2126 3166 2300 3212 tamen
2324 3157 2609 3227 aliquando
2636 3158 2902 3212 submisso
2925 3157 3139 3226 indiget,
3159 3158 3222 3221 si,
3243 3167 3299 3209 ut
3319 3156 3450 3218 dixi,
3467 3154 3702 3224 quarstio

2123 3251 2276 3319 cujus
2293 3249 2462 3304 nodus
2478 3249 2774 3319 solvendus
2803 3257 2907 3314 est,
2933 3249 3170 3303 incurrat
3193 3265 3207 3312 ;
3231 3247 3539 3316 velquaudo
3559 3261 3700 3300 non-

2125 3338 2266 3393 nulla
2301 3354 2419 3410 qua:
2439 3338 2620 3393 o‘rnari
2643 3347 2882 3406 possent,
2913 3338 3032 3392 ideo
3052 3351 3156 3391 non
3177 3344 3463 3399 ornantur,
3492 3343 3550 3388 ut
3572 3333 3702 3403 qui-

2124 3429 2344 3483 busdam
2383 3428 2534 3497 quasi
2565 3428 2735 3482 thoris
2778 3435 3214 3482 ornamentorum
3244 3428 3519 3496 praebeant
3559 3426 3702 3480 emi~

2123 3519 2424 3572 nentiorem
2454 3517 2651 3572 locum.
2681 3517 3035 3572 Summissum
3054 3531 3218 3586 genus
3243 3516 3450 3572 dicendi
3470 3516 3699 3571 silentes

2125 3610 2308 3673 docet;
2339 3616 2396 3664 et
2430 3605 2784 3678 temperatum
2821 3624 2988 3678 genus
3014 3608 3365 3664 delectatione
3391 3623 3486 3664 sua
3513 3609 3701 3664 accla-

2125 3700 2388 3754 mationes
2437 3699 2767 3753 audientium
2797 3700 3025 3766 excitat;
3060 3700 3259 3769 grande
3306 3709 3494 3754 autem
3519 3715 3702 3770 genus

2124 3788 2437 3858 plerumque
2474 3787 2707 3856 pondere
2744 3803 2842 3842 suo
2870 3802 3030 3842 voces
3052 3788 3265 3856 premit,
3299 3788 3392 3843 sed
3423 3787 3701 3859 lacrymas

2123 3881 2378 3949 exprimit
2409 3898 2421 3933 :
2463 3888 2518 3933 et
2544 3881 2648 3935 hoc
2672 3881 2834 3943 unde,
2865 3880 2964 3934 nisi
2993 3880 3116 3950 quia
3139 3879 3336 3934 veritas
3363 3880 3442 3934 sic
3468 3880 3699 3934 demon—

2123 3979 2316 4033 strata,
2346 3971 2423 4024 sic
2447 3969 2684 4032 defensa,
2718 3971 2796 4025 sic
2840 3971 3037 4024 invicta
3063 3970 3390 4025 delectatur?
3432 3969 3536 4024 lste
3558 3986 3696 4041 ergo

2124 4059 2317 4113 doctor
2347 4068 2533 4113 noster
2573 4069 2625 4113 et
2650 4059 2822 4114 dictor
2859 4075 3177 4129 magnopere
3207 4074 3397 4114 curare
3425 4060 3600 4123 debet,
3635 4069 3702 4114 ut

2123 4164 2234 4203 non
2266 4147 2436 4202 solum
2488 4149 2869 4218 intelligenter,
2914 4164 3096 4203 verum
3144 4149 3306 4202 etiam
3354 4149 3582 4204 libenter
3637 4159 3702 4204 et

2121 4240 2431 4294 obedienter
2473 4240 2750 4305 audiatur;
2797 4224 2955 4310 idque
3000 4240 3178 4294 verbis
3226 4250 3349 4310 agat
3395 4249 3453 4294 ut
3489 4246 3698 4296 veritas

2123 4338 2319 4398 pateat,
2364 4329 2563 4384 veritas
2599 4331 2828 4400 placeat,
2883 4329 3085 4384 veritas
3131 4338 3338 4384 moveat
3389 4348 3401 4381 :
3437 4331 3695 4398 quoniam

2107 4435 2220 4484 .nec
2269 4420 2380 4488 ipsa
2431 4435 2549 4488 quae
2578 4421 2828 4489 praecepti
2871 4419 2992 4474 linis
3029 4428 3083 4474 et
3127 4420 3400 4488 plenitudo
3433 4420 3564 4490 legis
3605 4430 3697 4475 est

2122 4511 2376 4575 charitas,
2405 4511 2510 4564 ullo
2552 4512 2708 4564 modo
2737 4519 2876 4564 recta
2909 4526 3028 4564 esse
3056 4513 3259 4580 potest,
3289 4512 3417 4564 sica
3451 4525 3569 4579 qua:
3607 4511 3695 4564 di-

2119 4601 2371 4671 liguntur,
2401 4618 2504 4656 non
2536 4617 2659 4654 vera
2692 4603 2782 4655 sed
2811 4601 2940 4656 falsa
2969 4609 3113 4655 sunt.
3147 4601 3297 4656 Sicut
3325 4611 3502 4654 autem
3532 4601 3693 4670 cujus

2119 4699 2202 4744 est
2223 4689 2500 4757 pulchrum
2542 4705 2757 4758 corpus,
2786 4698 2840 4742 et
2873 4689 3124 4744 deformis
3146 4699 3229 4744 est
3257 4690 3486 4754 animus,
3515 4693 3692 4761 magis

2117 4789 2200 4834 est
2229 4779 2506 4843 dolendus,
2534 4795 2694 4848 quam
2724 4780 2767 4833 si
2810 4779 3048 4834 deforme
3086 4779 3310 4834 haberet
3333 4796 3528 4848 corpus
3561 4798 3575 4834 :
3611 4782 3690 4836 ita

2119 4870 2208 4938 qui
2233 4868 2544 4935 eloquenter
2563 4883 2623 4921 ea
2648 4883 2766 4936 quae
2793 4867 2926 4923 falsa
2951 4877 3074 4922 sunt
3107 4869 3307 4929 dicunt,
3339 4869 3508 4937 magis
3527 4869 3692 4924 miseo

2118 4957 2269 5010 randi
2293 4955 2436 5020 sunt,
2463 4971 2625 5025 quam
2646 4959 2690 5011 si
2718 4957 2840 5010 talia
2866 4957 3177 5012 deformiter
3210 4959 3467 5012 dicerent.

2641 5052 2866 5122 CAPUT
2915 5067 3150 5121 xxxw.

2120 5157 2258 5223 Quid
2284 5159 2348 5210 sit
2376 5159 2634 5227 sapienter
2668 5168 2715 5211 et
2747 5158 3038 5228 eloquenter
3069 5159 3270 5222 dicere;
3307 5169 3352 5211 et
3381 5160 3518 5224 quod
3554 5160 3688 5212 alie-

2189 5243 2310 5297 num
2337 5244 2438 5280 non
2466 5228 2625 5292 dicat,
2665 5229 2754 5297 qui
2778 5229 2840 5280 ab
2877 5228 2982 5282 alio
3022 5229 3246 5296 prolata,
3298 5229 3509 5282 vivendo
3539 5245 3686 5294 prir-

2187 5296 2347 5348 dicat.
2679 5296 2683 5297 7
2917 5297 2920 5300 ί

2187 5407 2322 5473 Quid
2353 5424 2480 5478 ergo
2509 5419 2592 5463 est
2616 5425 2720 5464 non
2744 5410 2912 5465 solum
2937 5421 3268 5480 exequentcr,
3295 5427 3481 5465 verum
3517 5412 3684 5467 etiam

2116 5499 2384 5564 sapienter
2431 5500 2626 5567 dicere,
2690 5501 2791 5554 nisi
2835 5500 2994 5553 verba
3050 5502 3102 5554 in
3152 5502 3418 5555 submisso
3485 5517 3684 5572 genere

2118 5587 2448 5651 sullicientia,
2483 5586 2533 5642 in
2561 5598 2856 5659 teuq‘terato
2894 5590 3242 5659 splendent-ia,
3282 5590 3333 5644 in
3365 5591 3557 5660 grandi
3594 5605 3683 5646 γει
