3968 6328
223 296 320 351 413

962 298 1046 353 DE
1083 298 1521 356 CLERICORUM
1561 299 2063 368 INSTITUTIONE,
2106 301 2257 359 ETC.
2297 335 2367 346 —
2405 305 2529 360 LIB.
2572 306 2659 362 Ill.

3338 312 3441 366 414

220 412 510 478 hetnentia,
536 412 677 467 veris
712 420 887 467 tamen
923 413 1082 468 rebus
1110 415 1303 483 quibus
1334 415 1503 468 audiri
1534 421 1775 485 oporteat
1804 418 1849 476 A
1880 416 2121 469 doctrina
2152 433 2253 470 non
2278 434 2379 471 una
2409 420 2593 473 eadem
2624 422 2994 475 exhortatione
3022 424 3180 477 corda
3221 426 3437 480 audiet:-

218 504 504 557 adhibere?
532 503 638 557 Sed
682 504 771 574 qui
802 512 1086 572 utrumque
1123 521 1225 557 non
1267 515 1458 574 potest,
1502 506 1645 559 dicat
1690 520 1775 559 sa-

216 594 425 663 pienter
463 595 603 662 quod
635 610 739 648 non
771 594 915 649 dicat
943 595 1271 663 eloquenter,
1304 596 1477 662 potius
1515 610 1673 663 quam
1696 595 1775 649 tli-

215 695 303 740 cat
332 686 642 754 eloquenter
667 687 806 755 quod
841 687 969 740 dicit
1015 687 1342 755 insipienter.
1376 684 1430 739 Si
1469 695 1644 739 autem
1676 702 1776 742 nec

216 777 318 831 hoc
342 777 554 846 quidem
575 784 765 845 potest,
792 776 863 829 ita
892 785 1330 837 conversetur,ut
1354 792 1454 828 non
1474 776 1643 829 solum
1672 777 1774 829 sibi

213 867 491 935 praemium
514 873 805 933 comparet,
830 864 924 919 sed
963 874 1016 919 et
1056 866 1291 933 praabeat
1328 864 1445 918 aliis
1471 865 1771 934 exemplum

211 966 267 1011 et
288 957 359 1011 sit
386 955 500 1024 ejus
539 958 690 1025 quasi
728 958 881 1026 copia
905 957 1135 1021 dicendi,
1172 956 1339 1011 forma
1370 958 1598 1011 vivendi.
1640 958 1774 1011 Sunt

212 1062 343 1101 sane
372 1046 587 1116 quidam
608 1048 695 1115 qui
725 1049 857 1103 bene
879 1047 1224 1117 pronuntiare
1250 1056 1489 1115 possunt,
1525 1047 1649 1115 quid
1674 1062 1769 1099 au-

212 1148 320 1192 tem
351 1141 713 1209 pronuntient,
765 1140 1000 1207 cogitare
1030 1154 1134 1193 non
1171 1148 1410 1207 possunt.
1449 1139 1598 1204 Quod
1629 1140 1672 1191 si
1706 1139 1771 1191 ab

211 1230 331 1284 aliis
366 1239 579 1283 sumant
610 1228 919 1297 eloquenter
964 1228 1338 1297 sapienterque
1388 1229 1769 1296 conscriptum,

211 1322 590 1390 memoriaeque
621 1322 1011 1384 commendent,
1052 1329 1214 1390 atque
1260 1322 1326 1375 ad
1355 1321 1604 1389 pepulum
1648 1335 1772 1389 pro-

210 1408 405 1474 ferant,
439 1412 483 1464 si
530 1426 647 1465 eam
678 1426 962 1481 personam
993 1421 1199 1481 gerunt,
1234 1428 1336 1466 non
1368 1413 1655 1481 improprie
1687 1414 1767 1465 fa-

210 1500 376 1553 ciunt.
413 1500 503 1554 Sic
529 1500 691 1563 enim,
724 1502 862 1569 quod
893 1500 1133 1569 profecto
1161 1501 1291 1555 utile
1317 1509 1417 1563 est,
1449 1502 1599 1555 multi
1637 1518 1771 1570 prte-

210 1589 475 1644 dicatores
498 1591 741 1645 veritatis
762 1590 893 1644 liunt
920 1609 933 1643 :
963 1605 1059 1645 nec
1089 1591 1237 1644 multi
1254 1592 1514 1660 magistri,
1539 1594 1581 1645 si
1614 1592 1770 1647 unius

208 1682 286 1734 rei
312 1680 550 1750 magistri
577 1681 801 1750 idipsum
830 1682 1008 1736 dicant
1033 1697 1236 1745 omnes,
1260 1692 1315 1735 et
1336 1698 1439 1736 non
1463 1684 1573 1737 sint
1604 1686 1657 1737 in
1692 1685 1770 1740 eis

1878 506 2009 558 tium
2041 516 2256 577 tangere
2300 508 2473 562 debet.
2509 508 2709 579 (Greg.,
2733 511 3008 579 pastoralis
3039 530 3176 566 cura:
3211 513 3298 566 lib.
3334 517 3437 583 ιιι.)

1875 595 2042 647 Aliter
2086 612 2313 664 namque
2346 599 2665 652 admonendi
2697 610 2819 653 sunt
2849 603 2970 666 viri,
3022 604 3180 655 aliter
3205 603 3439 671 feminm,

1874 684 1997 751 quia
2025 685 2127 738 illis
2170 688 2462 740 secundum
2511 704 2695 743 sevum
2748 707 2901 744 suum
2930 694 3132 761 gravia,
3162 694 3278 747 istis
3309 708 3437 749 vero

1875 774 2192 844 injungenda
2227 788 2351 832 sunt
2377 778 2573 832 leviora
2629 801 2639 833 :
2668 791 2725 833 ut
2763 782 2879 836 illos
2909 791 3095 853 magna
3126 793 3434 852 exerceant,

1874 865 2005 918 istas
2032 882 2157 919 vero
2184 866 2320 920 levia
2352 868 2701 924 demulcendo
2725 882 3057 927 convertant.
3088 874 3258 928 Aliter
3275 874 3427 943 juve-

1871 969 1989 1016 nes,
2026 962 2184 1022 atquc
2224 956 2379 1010 aliter
2407 971 2562 1013 senes
2593 978 2604 1011 :
2633 960 2756 1028 quia
2788 961 2903 1015 illos
2933 964 3244 1032 plerumque
3284 978 3441 1020 sevo-

1874 1046 2003 1098 ritas
2033 1048 2467 1102 commonitionis
2495 1050 2560 1102 ad
2591 1048 2881 1119 perlectum
2914 1053 3119 1122 dirigit;
3151 1055 3279 1109 istos
3309 1069 3438 1109 vero

1872 1136 1936 1189 ad
1964 1137 2182 1190 melibra
2209 1153 2368 1206 opera
2401 1140 2704 1207 deprecatio
2726 1141 2917 1194 blanda
2948 1146 3233 1211 componit.
3266 1145 3438 1199 Aliter

1872 1225 2075 1294 inopes,
2094 1236 2253 1295 atque
2277 1230 2428 1281 aliter
2451 1229 2771 1297 locupletes:
2803 1232 2904 1284 illis
2932 1248 3163 1301 namque
3192 1235 3437 1290 conferre

1871 1316 2253 1369 consolationis
2304 1318 2547 1371 solatium
2605 1328 2789 1371 contra
2845 1322 3270 1387 tribulationem;
3319 1324 3447 1379 istis‘

1870 1420 1997 1467 vero
2044 1404 2245 1460 inferre
2301 1416 2498 1460 metunt
2574 1419 2758 1461 contra
2822 1410 3104 1464 elationem
3157 1414 3429 1467 debemus.

1869 1495 2189 1563 Plerumque
2244 1507 2420 1550 tamen
2477 1498 2711 1559 habitum
2772 1515 3114 1566 personarum
3167 1514 3435 1572 permutat

1868 1587 2101 1655 qualitas
2131 1604 2359 1651 morum,
2398 1599 2453 1639 ιιι
2479 1591 2546 1641 sit
2578 1591 2722 1644 dives
2754 1592 2987 1653 humilis,
3019 1608 3218 1661 pauper
3239 1595 3429 1650 elatus.

1872 1677 2022 1732 Unde
2073 1693 2192 1730 mox
2244 1679 2585 1746 prmdicautis
2615 1680 2791 1748 lingua
2834 1695 2952 1733 cum
2985 1683 3249 1738 audientis
3276 1687 3433 1741 debet

207 1772 520 1825 schismata,
556 1770 662 1825 Nec
710 1772 1009 1825 deterrendi
1060 1782 1181 1826 sum
1221 1773 1307 1826 isti
1359 1788 1487 1827 voce
1520 1772 1766 1828 Jeremim
1800 1766 1839 1823 Β
1868 1768 1973 1819 vita
2005 1768 2270 1835 componi,
2307 1776 2362 1819 ιιι
2392 1775 2539 1820 tanto
2568 1769 2861 1823 districtius
2906 1771 2954 1823 in
2991 1787 3223 1840 paupere
3245 1774 3432 1828 elatio-

204 1862 499 1931 propbetze,
532 1879 628 1931 per
655 1878 811 1931 quem
856 1864 993 1917 Deus
1022 1865 1192 1933 arguit
1242 1879 1353 1927 eos,
1390 1866 1480 1933 qui
1522 1866 1768 1935 furantur

206 1952 360 2004 verba
382 1953 516 2021 ejus,
535 1954 880 2023 unusquisque
905 1971 937 2005 a
964 1955 1197 2022 proximo
1230 1970 1323 2007 suo
1349 1954 1561 2023 (Jerem.
1594 1960 1761 2027 xxrv).

207 2040 310 2107 Qui
340 2042 481 2095 enim
521 2041 783 2105 furantur,
813 2043 1045 2097 alienum
1067 2046 1311 2112 rapiunt;
1341 2046 1556 2100 verbum
1587 2054 1763 2101 autem

208 2130 304 2185 Dei
326 2146 428 2185 non
454 2140 537 2186 est
565 2132 792 2186 alienum
817 2134 881 2187 ab
910 2134 1005 2197 eis,
1036 2135 1122 2201 qui
1154 2136 1523 2205 obtemperant
1551 2138 1597 2191 ei
1624 2155 1637 2202 ;
1667 2154 1763 2206 po-

207 2217 419 2285 tiusque
454 2210 709 2273 dicit‘ille
752 2219 946 2284 aliena,
1001 2221 1229 2295 cuicum
1279 2222 1407 2276 dicit
1448 2226 1600 2287 bene,
1632 2226 1763 2279 vivit

206 2308 365 2361 male.
416 2308 730 2378 Quicunque
782 2310 924 2362 enim
975 2311 1111 2364 bona
1165 2312 1309 2375 dicit,
1355 2313 1470 2382 ejus
1516 2314 1763 2368 videntur

204 2399 497 2468 exe0gitari
524 2398 754 2469 ingenio,
778 2401 869 2454 sed
900 2402 966 2454 ab
990 2401 1104 2470 ejus
1150 2403 1385 2457 moribus
1417 2404 1584 2458 aliena
1617 2416 1757 2460 sunt.

205 2488 313 2545 Eos
344 2490 521 2559 itaque
551 2491 685 2544 dixit
716 2490 853 2545 Deus
878 2489 1042 2545 furari
1074 2492 1234 2546 verba
1264 2508 1379 2555 sua,
1414 2496 1499 2561 qui
1524 2496 1647 2549 boni
1673 2510 1762 2548 vo-

204 2580 323 2634 lunt
345 2581 530 2645 videri,
562 2581 823 2650 loquendo
849 2599 967 2652 qum
1007 2583 1099 2637 Dei
1130 2593 1287 2645 sunt;
1316 2601 1434 2639 cum
1465 2586 1589 2638 mali
1614 2595 1757 2650 sunt,

203 2666 450 2724 faciendo
478 2687 595 2739 qua:
620 2687 714 2725 sua
743 2682 884 2726 sunt.
911 2672 1041 2727 Cum
1080 2689 1206 2729 vero
1245 2676 1366 2729 boni
1396 2675 1577 2730 ﬁdeles
1607 2678 1760 2731 bonis

203 2758 450 2815 ﬁdelibus
484 2762 621 2816 hanc
662 2777 877 2831 operam
930 2764 1351 2829 accommodant,
1406 2766 1618 2835 utrique
1662 2783 1759 2821 sua

202 2851 389 2906 dicunt
428 2870 441 2908 :
491 2854 630 2922 quod
672 2864 726 2907 et
749 2856 893 2909 Deus
921 2857 1153 2923 ipsorum
1193 2865 1293 2921 est,
1332 2857 1481 2926 cujus
1510 2868 1633 2912 sunt
1670 2861 1757 2915 illa

203 2960 324 3015 qua:
351 2945 599 3001 dicuntur
634 2960 689 3002 et
714 2964 778 3003 ea
808 2965 900 3004 sua
939 2948 1161 3015 faciunt,
1200 2943 1317 3021 qute
1348 2968 1452 3007 non
1492 2954 1589 3023 ipsi
1616 2971 1759 3010 com-

200 3049 401 3105 ponere
428 3047 736 3106 potuerunt,
775 3040 863 3108 qui
899 3041 1189 3095 secundum
1213 3042 1307 3097 illa
1344 3046 1636 3114 composite
1673 3047 1755 3100 vi-

200 3134 352 3180 vunt.
1516 3128 1529 3145 ³

492 3282 495 3285 Ἴ
714 3217 936 3276 CAPUT
990 3219 1245 3276 xxxvu.

201 3304 283 3360 De
301 3307 607 3364 discretione
627 3308 921 3378 dogmatum
934 3311 1090 3379 juxta
1112 3311 1413 3381 qualitatem
1434 3314 1752 3367 auditorum.

274 3393 384 3448 Hoc
410 3410 621 3464 quoque
648 3412 805 3451 nosse
844 3398 1093 3453 conrenit
1115 3416 1544 3476 unumquemque
1573 3403 1756 3456 catho-

198 3483 361 3537 licum
402 3486 693 3551 doctorem,
720 3488 986 3557 quomodo
1020 3490 1120 3543 sibi
1158 3491 1403 3549 conciliet
1436 3490 1517 3547 Sui
1553 3508 1756 3548 sermo-

198 3573 287 3627 nis
317 3575 629 3639 auditorem,
660 3585 718 3630 ut
746 3578 870 3632 dum
897 3580 1034 3633 Sciat
1076 3594 1172 3649 per
1198 3582 1559 3650 supradictam
1590 3585 1754 3639 ratio-

197 3678 322 3718 nem
354 3665 537 3719 modos
562 3665 884 3721 locutionum
910 3678 964 3722 et
986 3671 1212 3738 species,
1241 3674 1377 3727 bene
1398 3673 1753 3743 dispensanda

198 3752 407 3810 fructus
454 3756 692 3812 inveniat
716 3773 824 3813 suae
861 3760 1256 3828 praedicationis
1302 3773 1355 3817 et
1380 3762 1579 3819 laudes.
1618 3764 1750 3821 Cum

197 3842 343 3896 enim
367 3845 538 3899 oratio
566 3845 618 3899 in
664 3861 722 3900 se
756 3846 970 3902 exhibet
990 3834 1390 3918 perfectionem,
1424 3870 1642 3910 necesse
1670 3866 1752 3911 est

196 3942 258 3987 ut
285 3937 574 4004 perpendat
615 3939 916 3994 auditorum
963 3942 1290 4010 qualitatem,
1326 3948 1471 4014 quia,
1506 3958 1564 4002 ut
1599 3966 1748 4005 reve-

192 4026 376 4081 renda:
398 4029 668 4083 memoria
686 4028 973 4099 Gregorius
994 4032 1357 4091 Nazianzenus
1382 4036 1612 4101 edocuit,
1640 4053 1747 4094 non

189 4130 300 4171 una
331 4118 622 4187 eademque
644 4122 854 4176 cunctis
875 4123 1177 4179 exhortatio
1201 4128 1461 4195 congruit,
1499 4129 1620 4197 quia
1649 4146 1747 4184 nec

188 4215 415 4261 cunctos
442 4223 539 4276 par
561 4224 768 4265 morum
792 4213 1019 4281 qualitas
1047 4216 1306 4286 astringit.
1342 4209 1491 4285 Szepe
1517 4212 1747 4287 namque

190 4295 326 4350 alios
369 4297 643 4353 oﬂ‘endunt
673 4315 790 4370 qua:
837 4301 954 4357 aliis
988 4313 1230 4371 prosunt,
1279 4306 1399 4373 quia
1430 4305 1745 4375 plerumque

1868 1872 1988 1911 nem
2018 1856 2195 1922 feriat,
2228 1866 2425 1925 quanto
2453 1872 2571 1911 eum
2606 1873 2700 1912 nec
2742 1858 2884 1912 illata
2936 1872 3221 1929 paupertas
3272 1865 3427 1919 incli-

1866 1955 1986 2010 nat;
2038 1955 2091 1999 et
2120 1954 2269 2000 tanto
2298 1947 2467 2001 lenius
2520 1948 2871 2001 humilitatem
2904 1951 3124 2004 divitum
3174 1954 3423 2018 muleeat,

1864 2050 2063 2109 quanto
2106 2057 2198 2096 eos
2245 2058 2341 2096 nec
2373 2043 2693 2096 abundantia
2745 2060 2862 2112 qua:
2892 2045 3155 2110 sublevat,
3207 2048 3423 2101 exaltat.

1864 2133 2031 2185 Aliter
2057 2133 2373 2186 admonendi
2404 2142 2525 2186 sunt
2549 2132 2672 2193 lacti,
2700 2143 2853 2201 atque
2871 2134 3023 2189 aliter
3047 2137 3225 2191 tristes
3252 2156 3264 2190 :
3293 2138 3426 2191 laetis

1864 2222 2107 2275 videlicet
2141 2222 2413 2277 inferenda
2466 2231 2589 2277 sunt
2619 2224 2831 2277 tristitia
2863 2238 2981 2293 qttze
3028 2237 3323 2295 sequuntur
3358 2244 3420 2281 ex

1862 2314 2151 2383 supplicio;
2206 2315 2446 2369 tristibus
2486 2330 2612 2370 vero
2662 2315 2934 2370 inferenda
2986 2328 3107 2371 sunt
3159 2319 3275 2371 lzeta
3308 2334 3424 2387 quae

1862 2406 2243 2474 promittuntur
2284 2421 2349 2460 ex
2399 2420 2581 2473 regno.
2638 2406 2806 2460 Aliter
2852 2407 3047 2459 subditi
3081 2416 3239 2475 atque
3267 2408 3423 2462 aliter

1869 2496 2073 2566 praelati
2109 2514 2121 2549 :
2158 2496 2273 2551 illos
2317 2512 2384 2551 ne
2414 2496 2671 2561 subiectio
2710 2486 2971 2560 conterat,
3006 2498 3134 2551 istos
3165 2514 3229 2551 nc
3273 2498 3419 2553 locus

1861 2586 2103 2654 superior
2150 2587 2405 2651 extollat;
2439 2586 2511 2638 illi
2564 2601 2628 2639 ne
2658 2587 2830 2640 minus
2875 2587 3127 2656 impleant
3157 2604 3313 2655 quam
3337 2587 3420 2653 iu-

1860 2677 2071 2739 bentur,
2102 2676 2185 2751 ist‘i
2211 2692 2276 2730 ne
2305 2674 2817 2746 plusjttstojubeant
2842 2693 2999 2745 quam
3032 2678 3419 2744 compleantur.

1858 2764 2026 2818 Aliter
2056 2766 2219 2828 servi,
2263 2774 2424 2834 atque
2465 2766 2621 2819 aliter
2658 2766 2857 2819 domini
2889 2780 2904 2819 :
2939 2767 3077 2819 servi
3118 2768 3329 2835 quidem
3360 2777 3417 2821 ut

1858 2870 2069 2923 semper
2121 2856 2471 2910 humilitatem
2511 2855 2830 2910 conditionis
2878 2856 3165 2924 aspiciant;
3217 2856 3417 2909 domini

1858 2959 1985 2997 vero
2014 2954 2069 2998 ut
2101 2954 2305 2999 naturae
2341 2961 2448 3000 sua:
2476 2962 2579 3015 qua
2626 2946 2905 3014 tequaliter
2950 2955 3217 3001 suntcum
3248 2948 3419 3002 servis

1860 3035 2080 3100 cnnditi,
2131 3037 2443 3091 memoriam
2499 3051 2603 3090 non
2644 3037 2921 3102 amittant;
2973 3038 3057 3091 isti
3098 3038 3417 3092 admonendi

1784 3101 1828 3161 (ἶ
1860 3135 1984 3179 sunt
2013 3135 2072 3180 ut
2096 3129 2265 3181 sciant
2286 3127 2349 3183 se
2372 3142 2554 3182 setvos
2598 3143 2715 3183 esse
2740 3128 3106 3194 dominorum;
3138 3128 3209 3182 illi
3234 3129 3418 3183 admo—
3488 3158 3491 3159 ν

1858 3217 2019 3291 nendi
2042 3226 2172 3279 sunt
2220 3226 2279 3272 ut
2316 3226 2641 3287 cognoscant
2669 3234 2728 3273 se
2766 3231 3051 3273 conservos
3075 3224 3195 3273 esse
3229 3232 3403 3271 servo-

1857 3327 1995 3365 rum.
2024 3312 2193 3383 _Aliter
2220 3312 2535 3367 admonendi
2572 3319 2694 3365 sunt
2738 3310 3003 3379 sapientes
3029 3311 3186 3379 hujus
3208 3309 3411 3371 saeculi,

1855 3411 2014 3472 atque
2062 3404 2217 3457 aliter
2259 3404 2477 3457 hebetes
2509 3422 2521 3455 :
2560 3404 2830 3473 sapientes
2870 3403 3063 3470 quippe
3090 3402 3410 3456 admonendi

1853 3502 1977 3547 sunt
1999 3501 2058 3546 ut
2080 3508 2182 3547 non
2214 3492 2462 3548 omittant
2487 3493 2627 3547 scire
2653 3508 2769 3561 qua:
2815 3493 3008 3556 sciunt,
3038 3492 3258 3547 hebetes
3282 3507 3414 3560 quo-

1852 3601 1955 3653 que
1983 3593 2040 3638 ut
2071 3594 2322 3654 appetant
2360 3585 2498 3639 scire
2523 3600 2641 3654 qua:
2669 3584 2946 3648 nesciunt;
2981 3582 3054 3637 illi
3102 3591 3161 3637 ιιι
3189 3576 3407 3637 stultam

1851 3675 2167 3743 sapientiam
2214 3674 2465 3728 deserant
2494 3682 2549 3727 et
2574 3673 2888 3742 sapientiam
2928 3672 3019 3726 Dei
3050 3686 3153 3726 non
3185 3672 3405 3726 stultam

1850 3766 2076 3828 discant,
2116 3765 2201 3819 isti
2241 3778 2369 3818 vero
2394 3772 2451 3817 ut
2474 3765 2543 3818 ab
2570 3779 2631 3819 ea
2667 3752 2783 3831 quze
2811 3772 3028 3833 putatur
3069 3761 3313 3825 stultitia,
3339 3762 3406 3816 ad

1847 3868 2029 3906 veram
2058 3853 2373 3921 sapientiam
2401 3853 2629 3907 vicinius
2650 3860 2888 3907 currant.
2926 3852 3095 3906 Aliter
3122 3852 3406 3921 impuden-

1849 3950 1929 3997 tes
1984 3942 2299 3996 admoneudi
2353 3952 2498 4004 sunt,
2538 3949 2697 4011 atque
2746 3941 2900 3995 aliter
2931 3941 3258 4005 verecundi;
3289 3941 3408 3995 illos

1831 4044 2077 4100 namque
2124 4031 2563 4100 abimpudicitite
2616 4032 2746 4085 vitio
2806 4046 2911 4083 non
2961 4030 3063 4084 nisi
3111 4029 3405 4097 increpatio

1847 4120 1975 4174 dura
2021 4121 2333 4189 compescit,
2384 4121 2515 4175 istos
2562 4129 2737 4174 autem
2766 4120 3078 4189 plerumque
3120 4120 3186 4174 ad
3214 4108 3403 4174 melius

1845 4210 2148 4264 exhortatio
2204 4212 2448 4265 modesta
2491 4211 2788 4281 componit;
2836 4210 2924 4264 'illi
2991 4225 3050 4264 se
3096 4209 3404 4278 delinquere

1847 4301 2089 4355 nesciunt
2110 4301 2213 4355 nisi
2242 4302 2404 4356 etiam
2431 4317 2460 4355 a
2489 4302 2730 4371 pluribus
2761 4302 3120 4371 increpentur,
3154 4301 3272 4355 istis
3296 4300 3404 4368 ple-

189 4389 373 4444 herba:
402 4405 519 4458 quae
544 4392 656 4446 haec
684 4393 930 4457 animalia
964 4396 1223 4461 nutriunt,
1252 4398 1351 4453 alia
1381 4398 1660 4460 occidunt;
1690 4408 1744 4453 et

1855 4405 2069 4459 rumque
2114 4392 2179 4446 ad
2233 4393 2634 4447 conversionem
2670 4390 2880 4455 sullicit,
2929 4391 3053 4460 quia
3103 4391 3182 4444 eis
3215 4390 3404 4444 doctor

186 4477 327 4533 lenis
367 4480 552 4535 sibilus
578 4494 742 4550 equos
782 4483 1006 4553 mitigat,
1048 4485 1249 4539 catulos
1278 4486 1518 4556 instigat;
1546 4497 1600 4541 et
1634 4504 1743 4542 me-

186 4560 547 4623 dicamentum
601 4574 742 4639 quod
778 4573 919 4627 hunc
973 4575 1215 4629 morbum
1258 4575 1541 4646 imminuit,
1587 4577 1741 4632 alteri

184 4660 331 4714 vires
382 4660 633 4731 iuju'ngit;
673 4672 728 4716 et
754 4664 904 4732 panis
934 4665 1023 4732 qui
1054 4665 1216 4719 vitam
1256 4666 1470 4720 fortium
1501 4668 1739 4730 roborat,

183 4748 529 4816 parvulorum
569 4759 742 4805 necat.
785 4750 887 4805 Pro
930 4752 1183 4826 qualitate
1234 4769 1360 4822 ergo
1392 4755 1737 4821 audientium,

184 4835 421 4891 formari
450 4838 608 4892 debet
636 4855 812 4893 sermo
840 4841 1136 4904 doctorum,
1169 4850 1226 4895 ut
1267 4857 1361 4909 per
1393 4844 1599 4913 singula
1629 4846 1739 4899 sin-

183 4924 322 4994 gulis
369 4935 644 4996 congruat,
695 4936 749 4982 et
789 4944 818 4981 a
868 4930 1163 4983 communis
1211 4930 1578 4987 tediflcationis
1623 4944 1737 4989 arte

181 5028 455 5080 nunquam
488 5014 718 5069 recedat.
750 5015 884 5081 Quid
934 5017 1075 5072 enim
1124 5026 1247 5071 sunt
1285 5019 1498 5074 intentae
1533 5030 1738 5077 mentes

181 5102 510 5166 auditorum,
538 5104 658 5163 nisi,
689 5113 747 5157 ut
769 5104 840 5158 ita
869 5104 1116 5168 dixerim,
1147 5106 1386 5173 quzedarn
1420 5105 1473 5159 in
1529 5108 1733 5162 cithara

180 5190 457 5245 tensiones
481 5200 661 5246 strata
688 5193 1037 5247 chordarum?
1064 5209 1195 5263 quas
1226 5193 1415 5249 artifex
1448 5196 1733 5265 tangendo,

177 5287 242 5333 ut
266 5295 372 5333 non
404 5282 746 5350 sibimetipsis
782 5282 1038 5336 dissimile
1076 5275 1581 5351 canticum'faciant,
1626 5287 1735 5341 dis-

177 5367 428 5421 similiter
456 5369 653 5436 pulsat,
681 5379 734 5423 et
760 5370 955 5425 idcirco
979 5372 1189 5426 chordae
1210 5388 1496 5428 consonam
1539 5376 1727 5429 modu-

176 5454 430 5511 lationem
463 5458 710 5521 reddunt,
738 5460 859 5527 quia
888 5476 993 5514 uno
1018 5461 1229 5528 quidem
1253 5462 1475 5531 plectro,
1506 5464 1597 5517 sed
1624 5480 1726 5519 non

176 5560 285 5598 uno
314 5545 539 5615 impulsu
563 5546 843 5601 feriuntur.
879 5548 1028 5604 Unde
1054 5559 1106 5604 et
1131 5550 1315 5603 doctor
1338 5544 1559 5621 quisque
1588 5560 1645 5617 ut
1672 5552 1724 5605 in

177 5648 279 5687 una
328 5643 549 5689 cunctos
596 5635 789 5705 virtute
818 5637 1095 5693 ebaritatis
1137 5639 1376 5699 :cdillcet.
1422 5640 1723 5694 examinata

1845 4478 1983 4532 mala
2000 4494 2093 4533 sua
2124 4480 2310 4534 saltem
2335 4480 2526 4535 leniter
2550 4481 2615 4533 ad
2639 4479 2951 4533 memoriam
2977 4478 3201 4532 reducit.
3230 4477 3401 4532 Aliter

1844 4568 2161 4623 admonendi
2202 4578 2323 4623 sunt
2349 4569 2601 4636 protervi,
2633 4578 2792 4635 atque
2821 4568 2975 4621 aliter
3007 4563 3393 4636 pusillanimes.

1841 4658 1916 4711 llli
1959 4659 2101 4713 enim
2132 4659 2257 4711 dum
2287 4659 2439 4712 valde
2458 4659 2527 4712 de
2558 4674 2615 4712 se
2642 4665 2992 4727 praesumunt,
3024 4657 3398 4726 exprobrando

1842 4757 2065 4802 caeteros
2091 4749 2472 4817 dedignantur;
2509 4750 2595 4803 isti
2624 4758 2801 4802 autem
2832 4749 2954 4802 dum
2984 4750 3139 4801 nimis
3162 4748 3391 4803 inﬁrmi-

1840 4839 1964 4892 tatis
1992 4854 2100 4892 sua:
2142 4848 2264 4892 sunt
2301 4839 2520 4901 conscii,
2558 4839 2871 4906 plerumque
2893 4838 2944 4889 in
2970 4837 3391 4905 desperationem

1838 4928 2053 4980 eadunt.
2077 4927 2246 4981 Aliter
2284 4927 2598 4981 admonendi
2642 4935 2764 4979 sunt
2826 4926 3185 4993 impatientes,
3233 4936 3392 4993 atque

1837 5016 1991 5069 aliter
2014 5017 2281 5084 patientes
2313 5034 2325 5069 :
2357 5015 2637 5069 dicendum
2681 5030 2909 5083 namque
2942 5022 3024 5068 est
3064 5015 3391 5083 impatienti-

1833 5102 1933 5157 bus
1960 5104 2084 5171 quia
2109 5105 2232 5157 dum
2264 5104 2472 5157 frenare
2506 5104 2753 5171 spiritum
2783 5104 3071 5173 negliguut.
3099 5119 3195 5172 per
3224 5104 3387 5157 multa

1835 5194 1992 5247 etiam
2043 5208 2159 5261 qum
2187 5210 2291 5247 non
2320 5202 2590 5262 appetunt,
2648 5194 2989 5260 iniquitatum
3031 5194 3255 5261 abrupta
3302 5208 3389 5245 ra-

1833 5283 2066 5349 piuntttr,
2119 5283 2242 5349 quia
2290 5282 2535 5335 videlicet
2577 5290 2808 5334 mentem
2843 5281 3064 5348 impellit
3088 5280 3237 5333 furor
3281 5294 3386 5347 quo

1832 5388 1935 5426 non
1982 5374 2143 5425 trahit
2198 5372 2539 5431 desiderium,
2585 5380 2639 5423 et
2685 5371 2794 5439 agit
2821 5377 3086 5423 commota
3114 5367 3259 5421 velut
3288 5382 3383 5420 ne-

1830 5461 2025 5523 sciens,
2048 5460 2187 5514 unde
2216 5469 2335 5529 post
2356 5459 2530 5513 doleat
2551 5462 2747 5514 sciens.
2773 5458 3060 5512 Dicendum
3094 5457 3272 5524 itaque
3298 5466 3384 5511 est

1829 5550 2171 5619 patientibus,
2202 5558 2261 5603 ut
2305 5550 2550 5603 studeant
2599 5549 2819 5617 diligere
2866 5562 2999 5615 quos
3027 5546 3128 5600 sibi
3163 5558 3381 5599 necesse

1829 5648 1910 5693 est
1936 5638 2197 5693 tolerare:
2231 5653 2294 5692 ne
2321 5639 2364 5691 si
2396 5639 2703 5704 patientiam
2724 5636 2938 5691 dilectio
2965 5650 3067 5689 non
3099 5641 3353 5703 sequatur
