3968 6336
582 229 688 285 “5

577 433 747 488 Aliter
788 435 1109 491 admonendi
1141 435 1404 498 benevoli,
1457 441 1617 501 atque
1644 433 1801 485 aliter
1825 431 2009 485 invidi.
2034 429 2140 483 Ad-

579 522 829 577 monendi
863 538 1095 592 namque
1128 530 1252 578 sunt
1279 509 1539 583 benevtdi,
1581 528 1640 573 ut
1664 519 1744 573 sic
1773 518 1962 573 alienis
1984 518 2140 573 bonis

579 612 870 680 gaudeant,
915 621 1177 684 quatenus
1205 611 1408 666 habere
1451 609 1668 680 propria
1711 611 2134 680 concupiscant:

579 699 659 753 sic
682 701 1046 768 proximorum
1073 700 1209 754 facta
1236 698 1508 769 diligendo
1534 698 1771 764 laudent,
1798 707 1860 751 ut
1884 714 1945 752 ea
1976 699 2147 754 etiam.

579 787 838 844 imitando
857 790 1225 859 multiplicent,
1243 788 1370 858 quia
1392 787 1524 848 nihil
1548 788 1812 842 mercedis
1832 787 1932 841 sibi
1953 794 2133 856 agunt,

578 879 623 932 si
652 894 715 940 ea
745 895 861 948 qum
895 879 1140 949 diligunt,
1167 878 1220 934 in
1249 887 1506 948 quantum
1531 886 1757 947 possut
1783 893 1888 932 non
1919 878 2136 931 imitan-

576 974 683 1018 tur.
717 965 1049 1021 Admonendi
1094 974 1220 1021 sunt
1239 967 1438 1029 invidi,
1465 975 1527 1021 ut
1563 968 1896 1036 perpendam
1925 974 2138 1035 quanta:

573 1055 828 1110 caecitatis
867 1063 927 1132 et
963 1056 1297 1111 infelicitatis
1345 1064 1489 1120 sunt,
1537 1056 1628 1126 qui
1673 1056 1849 1110 alieno
1896 1055 2136 1125 profectu

572 1143 847 1210 deﬁciunt,
877 1144 1049 1199 aliena
1081 1145 1435 1200 exsultatione
1463 1137 1877 1210 cantabescunt;
1910 1145 2137 1220 qui_me-

572 1227 852 1292 lioratione
881 1232 1108 1299 proximi
1134 1232 1431 1287 deteriores
1458 1240 1604 1288 sunt.
1626 1233 1796 1290 Aliter
1815 1217 2135 1287 admonendi

575 1332 697 1380 sunt
724 1324 1013 1392 simplices,
1061 1332 1222 1392 atque
1259 1323 1419 1379 aliter
1447 1325 1662 1393 impuri.
1696 1320 2137 1403 Laudandisunt

569 1412 860 1482 simplices,
909 1419 969 1467 ut
1024 1413 1274 1468 studeant
1321 1429 1597 1483 nunquam
1641 1414 1774 1469 falsa
1809 1417 2010 1482 dicere,
2038 1418 2144 1471 sed.

571 1504 889 1566 admouendi
920 1511 1066 1569 sunt,
1108 1511 1165 1559 ut
1197 1506 1447 1566 noverint
1472 1519 1857 1577 nonnunquam
1897 1521 2022 1568 vera
2049 1524 2133 1563 re-

469 1616 472 1618 ·
572 1593 756 1659 ticere,
784 1602 844 1649 ut
879 1595 1235 1665 simplicitatis
1262 1596 1408 1652 bono
1439 1598 1780 1667 prudentiam
1819 1597 2126 1669 adjungant,

569 1677 832 1750 quatenus
871 1683 948 1739 sic
976 1685 1320 1741 securitatem
1348 1684 1414 1740 de
1436 1686 1780 1754 simplicitate
1801 1689 2127 1757 possideant,
2159 1687 2205 1744 B

569 1783 627 1827 ut
677 1773 1216 1844 circumspectioncm
1262 1776 1562 1845 prudentia:
1600 1792 1706 1832 non
1753 1778 2026 1842 amittant,
2062 1779 2134 1834 At

569 1871 764 1917 contra
789 1863 1107 1917 admonendi
1157 1872 1283 1918 sunt
1319 1865 1539 1934 impuri,
1576 1874 1636 1920 ut
1665 1869 2040 1939 quamgravis
2064 1871 2133 1924 sit

569 1967 727 2022 quem
757 1967 876 2008 cum
909 1953 1064 2022 culpa
1094 1955 1385 2021 sustinent,
1414 1956 1739 2026 duplicitatis
1784 1957 1943 2013 labor
1969 1974 2133 2030 agno-

569 2051 742 2098 scant.
771 2042 906 2096 Dum
956 2043 1097 2097 enim
1127 2044 1450 2114 deprehendi
1496 2054 1764 2113 metuunt,
1797 2062 2010 2119 semper
2036 2050 2133 2110 im-

566 2134 769 2204 probas
789 2131 1127 2188 defensiones
1159 2144 1428 2205 quaerunt.
1467 2135 1638 2192 Aliter
1658 2138 1978 2196 admonendi
2003 2149 2132 2195 sunt

567 2227 885 2292 incolumes,
914 2238 1074 2298 atque
1101 2228 1255 2284 aliter
1285 2231 1432 2298 azgri.
1469 2230 1805 2285 Admonendi
1837 2239 1962 2286 sunt
1985 2231 2133 2289 inco-

567 2316 758 2383 lumes,
791 2333 856 2371 ne
880 2319 1342 2392 opportunitatem
1368 2319 1556 2374 salutis
1585 2320 1638 2374 in
1664 2328 1982 2391 perpetuum
2008 2335 2131 2389 pro-

567 2410 834 2463 merendze
858 2409 1184 2478 despiciant;
1219 2424 1287 2464 ne
1314 2409 1524 2478 placere
1555 2411 1665 2465 Deo
1689 2411 1734 2464 si
1759 2426 1879 2487 cum
1911 2418 2134 2479 possunt

565 2499 851 2563 noluerint,
879 2514 998 2554 cum
1021 2499 1284 2554 voluerint
1312 2513 1433 2554 sero
1454 2516 1560 2555 non
1587 2501 1812 2570 possint;
1841 2501 1912 2557 At
1938 2509 2129 2557 contra

566 2590 886 2645 admonendi
919 2598 1042 2644 sunt
1067 2591 1215 2661 aegri,
1241 2599 1298 2644 ut
1325 2605 1384 2646 se
1414 2590 1551 2650 ﬁlios
1585 2591 1680 2647 Dei
1707 2592 1966 2659 sentiant,
1993 2607 2131 2663 quo-

565 2677 710 2741 niam
739 2678 858 2733 illus
905 2679 1198 2748 disciplinae
1241 2678 1446 2749 ﬂagella
1493 2681 1772 2751 castigant.
1825 2680 1939 2738 Nisi
1984 2681 2129 2746 enim

563 2767 823 2821 correctis
846 2767 1211 2821 haereditatem
1241 2767 1371 2822 dare
1414 2768 1741 2839 disponeret,
1780 2764 2015 2832 erudire.
2036 2784 2132 2830 eos

564 2873 662 2927 per
676 2856 951 2912 molestias
973 2873 1078 2912 non
1103 2867 1335 2913 curaret.
1360 2858 1532 2912 Aliter
1551 2843 1876 2922 admonendi
1896 2861 2020 2917 sunt
2039 2861 2130 2931 qui

563 2951 770 3023 ﬂagella
823 2962 1084 3018 metuunt,
1120 2962 1174 3008 et
1209 2962 1494 3023 propterea
1541 2953 1859 3009 innocenter
1913 2954 2124 3019 vivunt;

565 3015 722 3117 aliter
747 3041 837 3110 qui
860 3042 937 3096 sic
967 3042 1019 3095 in
1064 3015 1345 3111 iniquitate
1374 3043 1724 3107 duraverunt,
1752 3050 1810 3096 ut
1833 3056 2004 3111 neque
2033 3015 2128 3111 per
2156 3015 2199 3077 (ἶ

563 3131 770 3201 ﬂagella
817 3134 1177 3202 corrigantur.
1227 3133 1518 3188 Dicendum
1549 3148 1781 3203 namque
1813 3143 1900 3189 est
1926 3134 2011 3188 his
2039 3134 2130 3203 qui

561 3233 848 3295 propterea
879 3226 1017 3279 bona
1049 3224 1250 3280 faciunt
1274 3226 1399 3294 quia
1433 3232 1821 3281 tormentorum
1854 3227 1994 3281 mala
2020 3243 2132 3283 me-

567 3324 745 3381 tuunt,
772 3318 897 3387 quia
929 3317 1127 3371 nullam
1154 3318 1374 3387 spiritus
1409 3318 1713 3374 libertatem
1740 3329 1941 3375 tenent.
1970 3321 2131 3384 Nam-

569 3424 672 3476 que
714 3409 815 3463 nisi
847 3423 1058 3478 pasnam
1088 3425 1193 3465 non
1218 3419 1538 3474 metuerent,
1571 3411 1781 3488 culpam
1808 3412 1993 3482 procul
2029 3412 2130 3467 du-

550 3500 656 3566 ..liio
705 3508 1097 3568 perpetrarent.
1158 3499 1307 3554 Unde
1347 3499 1465 3554 luce
1511 3501 1714 3555 clarius
1745 3496 2130 3577 constat,_quia

572 3603 751 3641 mram
792 3589 903 3652 Deo
947 3589 1250 3642 innocentia
1281 3589 1567 3654 amittitur,
1598 3599 1723 3645 ante
1768 3591 1921 3659 cujus
1950 3593 2132 3648 oculos

575 3690 606 3729 a
632 3678 892 3733 desiderio
919 3688 1192 3747 peccatur.
1229 3679 1402 3747 Atque
1441 3680 1606 3750 iniqui
1630 3695 1766 3753 quos
1789 3683 1856 3736 ab
1884 3677 2132 3752 iniquitai

570 3771 746 3842 tibus,
770 3786 869 3825 nec
909 3770 1112 3840 ﬂagella
1153 3781 1707 3841 compescunt,.tanto
1743 3775 1950 3830 acriore
1989 3776 2133 3832 inve-

566 3860 746 3914 ctione
788 3859 1012 3914 feriendi
1058 3870 1201 3924 sunt,
1241 3869 1443 3929 quanto
1482 3862 1686 3932 majore
1721 3863 2133 3921 insensibilitate

566 3951 913 4006 duraverunt.
947 3953 1116 4006 Aliter
1150 3953 1470 4009 admonendi
1497 3963 1623 4008 sunt
1650 3955 1811 4011 nimis
1834 3957 2003 4023 taciti,
2035 3959 2133 4013 ali-

569 4047 649 4092 ter
693 4039 1028 4109 multiloquio
1079 4051 1351 4097 vacantes.
1405 4041 1668 4097 insinuari
1697 4060 1933 4115 namque
1973 4047 2133 4101 nimis

568 4128 749 4182 tacitis
797 4128 977 4192 debet,
1010 4130 1132 4199 quia
1188 4131 1314 4183 dum
1363 4133 1607 4202 quaedam
1636 4134 1766 4188 vitia
1810 4135 2023 4191 incaute
2051 4134 2134 4190 fu-

565 4220 734 4291 giunt,
769 4220 977 4275 ‘occulte
1024 4220 1378 4275 deterioribus
1431 4223 1788 4291 implicentur.
1833 4225 1966 4278 Nam
1990 4239 2133 4294 saepe

567 4312 804 4380 linguam
829 4311 968 4406 quia
1002 4311 1404 4406 immoderatius
1430 4309 1659 4406 frenant,
1701 4313 1761 4371 in
1802 4316 1964 4369 corde
2011 4330 2132 4385 gra-
2158 4349 2209 4406 ι)

569 4403 688 4456 vius
737 4401 1128 4470 multiloquium
1178 4400 1426 4456 tolerant.
1457 4401 1530 4457 At
1571 4411 1763 4460 contra
1813 4404 2132 4460 admonendi

569 4497 696 4544 sunt
721 4490 1056 4557 multiloqnio
1079 4499 1350 4553 vacantes,
1382 4499 1442 4545 ut
1470 4490 1758 4561 vigilanter
1782 4491 2067 4561 iaspiciant
2102 4508 2132 4547 a

568 4587 774 4649 quanto
822 4578 1159 4643 rectitudinis
1187 4585 1327 4632 statu
1358 4579 1672 4648 depereunt,
1703 4579 1829 4634 dum
1873 4594 1970 4650 per
1995 4579 2135 4634 mul-

575 4671 773 4741 tiplicia
801 4670 963 4724 verba
1000 4670 1329 4727 dilabuntur.
1364 4670 1589 4739 Reliqua
1621 4670 1744 4726 vide
1761 4671 1902 4740 apud
1931 4670 2135 4741 Grego-

573 4773 712 4825 rium
748 4769 867 4823 loeo
894 4783 1000 4836 quo
1023 4764 1388 4837 supra'dictum
1417 4773 1523 4820 est.
1629 4762 1632 4766 ’

1086 4879 1312 4935 CAPUT
1355 4876 1631 4932 XXXVIII.

579 4975 708 5040 Qua:
725 4975 965 5026 uirtutum
992 4973 1182 5041 species
1211 4970 1490 5052 contraria:
1515 4969 1619 5021 sint
1637 4966 1854 5035 singulis
1878 4965 2139 5036 speciebus
2168 5044 2170 5046 ν

1224 5052 1489 5093 uitiorum.

647 5137 772 5191 Huic
809 5133 972 5204 igitur
1011 5140 1157 5187 tanto
1181 5129 1560 5199 congruentius
1597 5125 1962 5193 unusquisque
1997 5140 2138 5193 prae-

568 5230 790 5283 dicator-
823 5223 966 5276 valet
1009 5221 1332 5293 exprimere,
1389 5226 1592 5286 quanto
1640 5214 1884 5267 veracius
1932 5214 2137 5286 species

575 5317 867 5383 virtutum,
909 5323 966 5370 et
1002 5330 1032 5369 e
1082 5323 1267 5368 contra
1314 5313 1563 5366 vitiorum
1607 5309 1754 5364 novit
1785 5308 2090 5361 discernere
2120 5321 2184 5374 :3,

573 5425 635 5470 ut
662 5431 782 5470 cum
817 5412 1024 5479 singula
1051 5407 1274 5477 singulis
1307 5406 1454 5459 novit
1479 5417 1764 5472 apponere,
1801 5401 1990 5466 cuique
2030 5398 2140 5449 vul-

577 5509 692 5562 neri
731 5516 913 5577 aptum
960 5502 1128 5574 possit
1179 5500 1622 5552 medicamentum
1681 5492 1938 5544 invenire.
1997 5489 2135 5542 Sunt

469 5658 476 5666 ,
576 5608 754 5653 autem
817 5596 869 5649 in
919 5593 1203 5647 virtutibus
1247 5586 1491 5657 quaedam
1552 5583 1774 5650 species,
1839 5593 1956 5647 qum
2004 5591 2132 5645 quo—

1253 228 1316 286 B.
1354 225 1608 285 BABANI
1645 224 1861 283 IAUBI
1897 222 2211 280 ARCHIEP.

579 347 634 400 ln
656 329 980 402 deteriorem
1027 348 1236 416 culpam
1267 335 1378 403 odii
1425 347 1595 402 virtus
1622 354 1835 400 ostensa
1875 350 2134 398 vertatur.
2167 347 2211 401 Α
2243 337 2524 392 dammodo
2549 353 2615 392 ex
2643 337 2762 391 aliis
2788 339 3062 406 speciebus
3087 336 3236 405 quasi
3259 351 3320 389 ex
3347 334 3628 389 arboribus
3652 339 3760 390 rami

2218 5217 2452 5296 ,ujentis,
2504 5206 2934 5266 inconsideratio,
2994 5192 3776 5296 inconstantia,

2195 5285 2206 5296 ’
2236 5285 2386 5358 ainor
2415 5302 2517 5364 sui,
2546 5299 2722 5354 odium
2749 5295 2861 5357 Dei,
2888 5291 3104 5345 affectus
3134 5285 3309 5342 saeculi
3340 5285 3660 5358 praesentis;

2255 222 2390 280 HOC
2403 223 2560 286 UNT.
2598 225 2879 280 OPERUM
2897 221 3088 278 PARS
3123 223 3164 276 l.
3679 221 3759 276 liii
3890 221 3891 308 χ

2241 430 2535 498 procedunt
2560 446 2572 480 :
2600 444 2718 498 qua:
2754 427 2876 496 quia
2901 428 2966 480 ab
2991 443 3092 480 una
3126 429 3378 480 virtutum
3418 426 3597 481 radice
3627 442 3760 497 gene-

2240 530 2448 584 rantur,
2479 522 2532 574 in
2573 536 2678 575 uno
2699 520 2936 587 ejusdem
2984 520 3180 573 radicis
3225 521 3402 587 stipite
3426 520 3636 578 frondes
3669 521 3760 591 pul-

2237 610 2487 665 cherrimi
2514 616 2806 680 gestantur.
2837 609 2975 664 Sunt
2996 616 3046 663 et
3066 624 3098 663 e
3118 609 3391 672 contrario
3415 609 3464 661 in
3489 610 3631 664 vitiis
3645 625 3762 679 quaa-

2238 699 2360 751 dam
2390 699 2651 752 virulenta
2695 699 2958 766 germina,
3000 699 3066 752 de
3097 697 3288 766 quibus
3317 698 3489 750 omnis
3531 698 3616 752 illa
3651 700 3761 752 mul-

2237 788 2405 842 titudo
2446 787 2694 857 pestifera
2747 788 3105 863 nequitiamm
3141 793 3444 866 generatur,
3477 794 3529 840 et
3572 789 3694 840 sicut
3721 789 3760 842 in

2238 878 2522 932 virtutibus
2547 878 2662 932 alia:
2697 893 2761 932 ex
2796 878 2913 932 aliis
2943 879 3261 946 procedunt,
3293 878 3444 947 quasi
3473 894 3541 932 ex
3564 880 3762 947 genetri-

2238 969 2388 1020 cibus
2409 967 2586 1036 proles
2603 967 2866 1035 pretiosae,
2889 967 2967 1021 sic
2982 977 3036 1020 et
3057 967 3107 1020 in
3132 967 3250 1021 istis
3271 969 3508 1035 quaedam
3529 970 3669 1037 quasi
3690 985 3762 1022 ne-

2236 1057 2505 1125 quissimae
2557 1056 2783 1119 soboles,
2823 1072 2886 1110 ex
2951 1058 3308 1125 spurcissimis
3333 1060 3614 1126 __rnatribus
3655 1074 3756 1127 pro-

2235 1153 2419 1208 deunt.
2453 1150 2559 1205 Sed
2592 1149 2714 1218 quia
2753 1165 2872 1204 cum
2916 1150 3202 1203 virtutibus
3253 1149 3503 1212 vitiorum
3545 1151 3759 1216 diuturna

2235 1250 2360 1295 sunt
2391 1239 2547 1304 bella,
2586 1240 2862 1309 utriusque
2904 1239 3121 1294 malitia:
3155 1239 3249 1308 qui
3309 1241 3418 1294 sint
3461 1238 3636 1308 duces,
3661 1241 3759 1308 qui-

2235 1345 2337 1399 que
2361 1344 2546 1385 eorum
2574 1330 2682 1384 sint
2705 1320 3257 1403 comites'specialiter
3300 1339 3559 1400 quantum
3603 1346 3762 1402 possu-

2236 1435 2354 1473 mus
2385 1413 2712 1488 exponamus
2753 1436 2766 1472 :
2799 1418 2871 1472 ita
2897 1426 3076 1480 tamen
3113 1407 3171 1474 ut
3199 1433 3318 1488 quas
3343 1419 3513 1474 virtus
3541 1435 3650 1491 cum
3675 1436 3761 1489 quo

2231 1509 2364 1564 vitio
2387 1509 2597 1579 proprie
2622 1523 2852 1580 pugnam
2878 1515 3047 1584 gerat,
3077 1510 3280 1581 pariter
3297 1512 3653 1566 ostendamus.
3672 1510 3762 1565 Nec

2234 1600 2376 1655 enim
2402 1599 2558 1653 aliter
2577 1613 2859 1668 possumus
2881 1600 3050 1670 ignita
3067 1601 3314 1664 vitiorum
3328 1600 3504 1671 jacula
3531 1602 3758 1661 devitarc,

2232 1688 2335 1743 nisi
2359 1687 2592 1744 sciamus
2624 1696 2918 1757 opportuna
2951 1676 3212 1743 virtutum
3242 1690 3473 1757 tegmina
3506 1690 3604 1744 illis
3629 1705 3760 1766 oppo-

2232 1793 2378 1843 nere,
2401 1786 2463 1831 ut
2487 1793 2551 1833 ex
2581 1778 2708 1847 ipsis
2731 1778 2956 1846 defensi,
2978 1787 3290 1860 protervum
3316 1781 3464 1835 illum
3491 1782 3756 1836 exercitum

2231 1867 2387 1932 simul
2414 1883 2534 1922 cum
2559 1866 2674 1936 ejus
2695 1867 2937 1942 ducibus,
2953 1863 3169 1926 Christo
3191 1885 3352 1948 super
3380 1885 3478 1924 nos
3510 1878 3758 1940 regnante,

2229 1956 2495 2026 possimus
2520 1973 2805 2031 superare.
2831 1957 3118 2027 'Tentantia
3151 1959 3345 2030 quippe
3378 1960 3506 2014 vitia
3544 1976 3653 2029 qua:
3689 1960 3755 2012 in-

2229 2045 2426 2119 visibili
2458 2054 2768 2104 contranos
2795 2047 2976 2116 praelia
3002 2048 3242 2118 regnanti
3267 2033 3428 2124 super
3447 2063 3506 2103 se
3522 2048 3756 2117 superbia:

2232 2138 2482 2202 militant,
2506 2137 2614 2220 (alia
2643 2151 2794 2220 more
2818 2136 3010 2191 ducum
3040 2145 3296 2207 praeeunt,
3326 2137 3428 2192 alia
3459 2153 3602 2194 more
3629 2151 3760 2191 exer-

2232 2228 2370 2284 citus
2395 2215 2809 2299 subsequuntur.
2850 2228 2956 2292 Nec
2984 2228 3126 2300 enim
3154 2227 3321 2298 culpa:
3344 2242 3528 2291 omnes
3550 2228 3656 2299 pari
3680 2241 3756 2280 ac-

2232 2335 2385 2374 cessu
2439 2335 2534 2374 cor
2577 2328 2870 2388 occupant;
2924 2310 3016 2374 scd
3072 2322 3195 2373 dum
3241 2319 3470 2400 majores
3511 2325 3563 2374 et
3601 2333 3758 2396 pauere

2232 2410 2530 2482 neglectam
2547 2418 2786 2466 mentem
2813 2406 3185 2481 praeveniunt,
3218 2411 3450 2486 minores
3493 2400 3757 2464 innumera

2233 2501 2298 2554 ad
2333 2500 2474 2553 illam
2504 2515 2562 2554 se
2581 2487 2892 2554 catervatim
2930 2497 3176 2572 fundunt.
3205 2498 3324 2568 Ipsa
3357 2508 3597 2574 namque‘
3623 2499 3757 2552 vitio-

2232 2603 2351 2642 rum
2377 2575 2558 2664 reginfa
2573 2586 2838 2657 Superbia,
2853 2602 2973 2642 cum
2996 2586 3259 2642 devictum
3280 2574 3374 2642 cor
3387 2588 3539 2656 plene
3561 2575 3757 2655 ceperit,

2230 2690 2353 2731 mox
2380 2676 2507 2741 illud
2531 2663 2744 2744 septem
2774 2675 3156 2746 principalibus
3195 2675 3361 2739 vitiis,
3389 2674 3537 2750 quasi
3571 2672 3762 2745 quibus-

2231 2767 2354 2823 dam
2401 2766 2513 2822 suis
2560 2765 2784 2824 ducibus
2836 2765 3218 2820 devastandum
3250 2766 3450 2821 trahit:
3482 2779 3611 2834 quos
3635 2763 3760 2816 video

2230 2856 2355 2913 licet
2379 2856 2543 2925 duces
2568 2856 2834 2935 exercitus
2874 2855 3140 2935 sequitur,
3184 2856 3309 2924 quia
3363 2851 3451 2908 ex
3475 2854 3554 2934 eis
3594 2853 3760 2923 procul

2232 2949 2391 3003 dubio
2443 2933 2758 3023 impertunas
2815 2933 3062 3021 vitiorum
3107 2933 3485 3001 multitudines
3516 2940 3758 2999 Oriuntur.

2231 3039 2405 3093 Radix
2429 3040 2621 3109 quippe
2645 3038 2824 3094 cuncti
2847 3037 2974 3092 mali
2998 3036 3245 3110 superbia
3271 3044 3353 3092 est
3380 3053 3392 3089 :
3427 3032 3490 3091 de
3515 3050 3614 3105 qua
3635 3033 3760 3090 Scri-

2229 3137 2386 3197 ptura
2414 3137 2700 3183 attestante
2725 3128 2962 3196 dicitur;
3007 3125 3224 3179 Initium
3263 3127 3426 3179 omnis
3461 3123 3649 3193 peccati
3680 3139 3760 3176 su-

2230 3220 2404 3289 perbia
2433 3228 2506 3274 est
2535 3217 2834 3300 (Ecclixx).
2860 3216 3054 3300 Prima:
3091 3224 3265 3300 autem
3296 3216 3410 3285 ejus
3438 3212 3656 3278 soboles,
3686 3225 3763 3265 se-

2230 3319 2374 3382 ptem
2412 3309 2662 3364 nimirum
2711 3293 3020 3378 principalia
3066 3293 3217 3370 vitia,
3261 3306 3325 3359 de
3367 3305 3461 3359 hac
3516 3302 3757 3357 virulenta

2233 3401 2414 3478 radice
2450 3397 2835 3471 proferuntur:
2864 3396 3067 3453 scilicet
3103 3395 3276 3451 inanis
3317 3387 3504 3466 gloria,
3547 3391 3761 3454 invidia,

2233 3493 2332 3557 ira,
2359 3489 2849 3566 tristitia,avaritia,
2868 3490 3073 3544 ventris
3100 3483 3622 3573 inghiviesbluxuria.
3647 3481 3761 3536 Nam

2232 3588 2361 3662 quia,
2378 3586 2461 3642 his
2487 3567 2709 3656 septem
2734 3585 2878 3640 vitiis
2917 3583 3179 3653 superbiae
3227 3596 3323 3635 nos
3367 3567 3760 3662 captosdoluit,

2233 3659 2434 3734 idcirco
2474 3677 3019 3748 Redemptor‘noster
3067 3675 3132 3729 ad
3177 3662 3411 3751 spiritale
3458 3659 3764 3723 liberationis

2234 3771 2493 3842 praelium,
2527 3767 2725 3838 Spiritu
2777 3766 3102 3837 septil‘nrmis
3135 3758 3327 3835 gratia:
3374 3761 3566 3830 plenus
3621 3755 3762 3812 venit.

2235 3862 2338 3918 Sed
2358 3862 2562 3933 habent
2589 3870 2770 3915 contra
2792 3870 2886 3914 n'os
2914 3858 3028 3913 haec
3055 3855 3257 3927 singula
3287 3849 3580 3908 exercitum
3614 3863 3762 3905 suum.

2234 3955 2365 4009 Nam
2404 3955 2469 4009 de
2509 3952 2653 4006 inani
2697 3949 2882 4021 gloria,
2918 3934 3289 4007 inobedientia,
3319 3941 3598 4010 jactantia,
3622 3941 3762 4010 hypo-

2219 4044 2409 4106 crisis,
2439 4043 2834 4103 contentiones,
2861 4036 3197 4108 pertinaciae,
3227 4031 3512 4087 discordia:
3558 4038 3614 4084 et
3651 4025 3764 4082 novi-

2235 4144 2401 4193 tatum
2447 4131 2883 4202 prmsumptioncs
2922 4128 3186 4181 oriuntur.
3233 4123 3309 4175 De
3352 4117 3554 4172 invidia
3598 4115 3765 4172 odium,

2233 4204 2548 4289 susurratio,
2576 4222 2852 4284 detractio,
2878 4217 3160 4273 exsultatio
3184 4215 3235 4268 in
3269 4211 3521 4270 adversis
3542 4203 3767 4280 proximi,

2235 4318 2449 4375 alllictio
2472 4325 2648 4372 autem
2685 4314 2737 4368 in
2771 4309 3035 4381 prosperis
3081 4306 3335 4361 nascitur.
3387 4302 3470 4358 De
3508 4301 3620 4364 ira,
3667 4297 3769 4352 rixa.

2234 4416 2290 4463 et
2331 4415 2507 4461 tumor
2539 4403 2753 4465 mentis,
2809 4396 3159 4458 contumeliae,
3200 4385 3768 4487 elamor,‘\indigmtio,

2235 4493 2578 4564 blaspltemim
2607 4487 2965 4560 proferuntur.
3015 4483 3088 4535 De
3112 4480 3376 4552 tristitia.
3411 4477 3657 4564 malitia;
3679 4485 3772 4525 ran.

2237 4600 2332 4640 cor
2391 4553 2816 4652 pusillan-imitas,
2856 4572 3178 4644 desperatio,
3206 4579 3390 4639 torpor
3416 4553 3771 4662 οἰκ-ξω

2235 4686 2349 4748 pta,
2368 4674 2575 4744 vagatio
2600 4669 2792 4726 mentis
2816 4681 2941 4737 erga
2968 4664 3149 4718 illicita
3171 4662 3433 4715 nascitur.
3457 4653 3773 4796 Delmatia,

2237 4766 2464 4796 ..-ηλςηη
2514 4763 2657 4796 fmus
2703 4757 2905 4796 follnnia
2960 4753 3211 4796 norim-ia-
3242 4750 3529 4796 innuit-tim
3611 4742 3773 4796 -violen-

3611 4791 3624 4814 ,
3635 4756 3774 4800 vion

2239 5119 2808 5191 circaintelligentiam
2840 5119 3178 5185 prepagatur.
3215 5109 3289 5162 De
3320 5104 3777 5191 luxuria,‘cacitas

3696 5209 3776 5270 tua.

3697 5471 3844 5555 run]

3707 5577 3815 5619 Sint

2236 5409 2327 5448 ror
2352 5401 2529 5444 autem
2558 5386 2638 5440 vel
2666 5380 2965 5452 desperatio
2994 5377 3153 5432 futuri
3177 5382 3486 5444 generatur.
3522 5377 3634 5435 sed
3675 5369 3776 5458 cap

2237 5483 2454 5540 nieratis
2511 5489 2708 5545 srptcm
2759 5471 3018 5540 superbiae
3061 5466 3342 5522 sordibus.“
3376 5481 3501 5533 quze
3553 5455 3852 5555 νηίου-ιώ]

2237 5573 2524 5627 exercitum
2577 5575 2758 5620 contra
2808 5578 2899 5616 nos
2944 5559 3156 5612 ducunt.
3203 5555 3484 5612 videmnus
3535 5576 3658 5629 qua:
3707 5566 3815 5619 sint
