3968 6340
83 295 90 330 ι

18 5403 80 5443 (Ἣ

14 5486 132 5538 πιιη

46 5566 144 5621 silli

299 315 398 368 M7
476 385 486 393 _
1057 309 1142 362 DE
1180 305 1615 362 CLERICORUM
1658 305 1854 359 INSTH

1956 304 2155 369 noxa,
2199 304 2346 358 me.
2387 302 2617 358 —.Lm.
2657 305 2740 360 ιιι.
2932 284 2934 287 ’
3418 309 3522 367 ita

298 429 556 480 virtutum
575 427 737 480 duces
768 432 819 480 ct
849 423 1056 491 agmina
1082 423 1367 485 exercitus,
1395 423 1511 490 quae
1542 420 1853 474 humilitatis
1882 425 1926 481 Λ
1956 417 2132 488 cipitis
2185 418 2363 489 gladii,
2406 430 2638 476 tumores
2683 422 3064 492 cogitationum
3111 426 3404 480 carnalium
3455 443 3518 483 ex

297 525 484 569 auctor
503 514 750 569 Christus
789 511 939 565 nobis
986 519 1220 580 praestat,
1264 510 1329 564 ad
1359 511 1695 580 pugnandum
1725 524 1852 563 con-

299 612 378 657 tra
409 603 656 656 vitiorum
693 600 971 663 cohortes;
1019 607 1071 653 et
1095 615 1425 670 opponamus
1452 599 1676 669 singulis
1697 599 1849 653 duci-

298 699 398 749 bus
431 694 680 746 vitiorum
729 691 892 746 duces
939 693 1241 746 contrarios
1280 693 1560 755 virtutum,
1605 691 1853 745 exerciti-

296 785 499 852 busque
525 783 811 837 exercitus.
865 783 990 835 Duci
1038 783 1198 849 igitur
1243 783 1384 835 inani
1433 783 1614 853 gloria:
1667 792 1850 836 contra

294 873 575 925 statuenda
611 881 692 927 est
721 873 822 925 dux
855 872 1150 934 humilitas,
1189 887 1306 940 qua}
1355 873 1584 926 maxime
1631 880 1852 943 generat

295 963 348 1015 in
382 963 595 1016 homine
631 962 1025 1031 despectionem
1057 963 1136 1016 sui
1167 971 1220 1016 et
1246 971 1607 1031 contemptum
1633 965 1853 1017 caduca-

295 1072 412 1109 rum
443 1071 650 1117 rerum;
688 1055 1075 1122 comitibusque
1099 1055 1212 1123 ejus
1245 1055 1464 1108 comites
1493 1054 1768 1116 contrarii,
1801 1055 1851 1107 id

290 1161 390 1210 est,
429 1147 795 1203 inobedientizc
822 1146 1152 1211 obedientia;
1183 1145 1470 1214 jactantizn,
1493 1148 1704 1200 humilis
1728 1162 1852 1216 pro-

293 1237 489 1304 fessio;
520 1236 808 1308 hypocrisi,
832 1235 1172 1304 simplicitas;
1215 1236 1564 1302 contentioni,
1597 1237 1850 1291 innocen-

294 1333 395 1395 tia;
429 1329 753 1400 pel'tiuacite,
787 1325 1072 1394 subjectio;
1131 1326 1430 1388 discordiae,
1462 1342 1598 1395 pax;
1650 1327 1850 1380 novita-

294 1431 403 1475 Ium
444 1417 859 1489 praesumptioni,
890 1418 1047 1471 timor
1073 1417 1166 1470 Dei
1193 1423 1245 1469 et
1291 1416 1568 1471 honoratio
1616 1427 1848 1485 patrum.

295 1510 423 1564 ηιιεί
453 1523 664 1579 quoque
695 1507 904 1562 invidia:
930 1506 1244 1577 Opponenda
1275 1515 1359 1561 est
1387 1508 1489 1561 dux
1534 1508 1851 1562 benevolen-

295 1601 401 1665 tia;
455 1599 740 1653 comitibus
777 1597 891 1666 ejus
935 1588 1194 1654 contrarii
1238 1599 1479 1675 comites,
1514 1599 1565 1653 id
1604 1607 1685 1652 est
1730 1599 1851 1654 odio

294 1689 508 1743 dilectio
529 1705 686 1765 vera;
718 1689 1088 1753 susurrationi,
1105 1687 1299 1743 locutio
1323 1704 1486 1752 vera;
1508 1688 1846 1755 detractioni,

294 1783 384 1852 pia
419 1783 682 1846 laudatio;
710 1780 1047 1836 exsultationi
1079 1780 1129 1834 in
1162 1780 1397 1834 adversis
1424 1781 1669 1849 proximi,
1701 1797 1850 1836 com-

295 1875 477 1944 passio
515 1877 564 1928 in
591 1872 702 1940 ejus
731 1871 1042 1935 amictione;
1075 1870 1126 1923 in
1153 1871 1424 1940 prosperis
1455 1872 1646 1942 ipsius,
1669 1872 1850 1926 lzetitia

301 1965 356 2017 in
377 1965 628 2032 sospitate
651 1980 785 2033 ejus.
827 1962 920 2016 Ira:
945 1961 1063 2016 duci
1106 1963 1373 2016 contraria
1419 1972 1501 2018 est
1543 1964 1648 2017 dux
1703 1980 1853 2017 man-

299 2051 553 2106 suetudo:
587 2051 971 2120 comitibusque
997 2051 1111 2120 ejus
1141 2052 1279 2107 illius
1325 2054 1549 2108 comites
1593 2053 1766 2118 istius,
1802 2054 1852 2109 id

295 2146 396 2200 est,
431 2140 621 2192 tumori
677 2140 874 2194 mentis
920 2141 1200 2209 placiditas
1238 2143 1431 2206 animi;
1479 2143 1849 2207 contumeliae,

295 2227 625 2298 benignitas;
651 2229 867 2285 clamori
890 2233 1121 2300 gravitas
1135 2232 1450 2298 verborum;
1479 2234 1851 2304 indignationi,

295 2319 533 2372 suavitas
567 2334 801 2382 morum;
852 2320 1212 2389 blasphemiae,
1239 2324 1441 2391 puritas
1476 2324 1605 2378 oris.
1659 2324 1851 2378 Tristi-

296 2410 384 2462 tia:
412 2425 640 2478 namque
671 2411 1034 2474 duci,obsistit
1056 2411 1157 2465 dux
1184 2413 1437 2482 spiritalis
1457 2414 1668 2480 lzetitia;
1701 2431 1851 2471 exer-

293 2499 534 2568 cituique
560 2501 672 2569 ejus
701 2501 964 2554 exercitus
994 2503 1162 2564 istius,
1186 2503 1234 2557 id
1258 2513 1339 2558 est
1370 2505 1583 2559 malitim
1608 2506 1849 2571 bonitas;

296 2590 533 2653 rancori,
569 2591 794 2656 lenitas;
835 2591 1272 2660 pusillanimitati,
1305 2594 1705 2663 longanimitas;
1759 2596 1852 2650 de-

290 2681 606 2750 sperationi,
644 2683 1066 2750 perseverantia;
1123 2683 1321 2752 torpori
1372 2685 1515 2740 circa
1567 2679 1852 2755 praecepta,

292 2773 532 2828 studium
568 2772 833 2841 spiritale;
878 2773 1140 2840 vagationi
1179 2761 1373 2828 mentis
1397 2788 1519 2843 erga
1543 2774 1745 2840 illicita,
1778 2776 1858 2830 in-

294 2863 466 2918 tentio
499 2862 690 2916 divina:
735 2861 1012 2915 lectionis.
1041 2855 1289 2916 Avaritia
1337 2863 1457 2918 duci
1509 2863 1732 2917 adversa
1775 2874 1856 2918 est

293 2956 404 3008 dux
453 2953 704 3021 largitas;
754 2954 1156 3023 agminibusque
1199 2952 1312 3020 ejus
1363 2955 1572 3024 agmina
1604 2956 1776 3020 istius,
1803 2956 1854 3009 id

291 3054 406 3107 εει,
437 3043 754 3112 proditioni,
788 3041 918 3097 fides
960 3059 1061 3096 non
1095 3043 1256 3108 (icta;
1313 3043 1504 3108 fraudi,
1543 3046 1854 3112 sinceritas;

293 3136 532 3219 fallacias,
549 3136 776 3201 veritas;
809 3136 1074 3206 perjuriis,
1102 3154 1206 3192 non
1230 3136 1444 3205 jurare;
1480 3139 1853 3208 inquietudini,
1886 3129 1929 3191 C

293 3226 680 3297 tranquillitas;
729 3227 1013 3291 violentiae,
1046 3228 1331 3296 patientia;
1385 3229 1616 3292 duritim,
1649 3228 1857 3283 miseri-

295 3315 501 3370 cordia.
535 3315 664 3369 Duci
705 3316 898 3384 quippe
942 3317 1345 3387 gastrimargiaa,
1372 3317 1422 3370 id
1453 3327 1553 3382 est,
1579 3319 1857 3372 horrenda:

294 3403 612 3469 voracitati,
648 3403 916 3458 contraria
945 3413 1026 3457 est
1056 3404 1161 3458 dux
1211 3405 1562 3469 abstinentia;
1617 3405 1854 3460 cohorti-

296 3497 504 3565 busque
537 3496 705 3560 illius,
726 3495 972 3550 cohortes
997 3495 1171 3560 istius,
1204 3495 1254 3550 id
1293 3505 1374 3550 est
1409 3481 1597 3565 inepta:
1638 3497 1855 3560 laetitia),

291 3571 598 3649 modestia;
635 3585 976 3650 scurrilitati,
1005 3585 1142 3639 ratio
1183 3600 1522 3650 sermonum;
1566 3585 1854 3639 immundi—

294 3679 405 3738 tiat,
432 3677 721 3740 sobrietas;
769 3676 1097 3745 multiloquio
1134 3677 1498 3744 taciturnitas;
1551 3676 1856 3731 hcbctudini

295 3783 488 3832 sensus
511 3767 656 3821 circa
700 3765 1100 3834 intelligentiam
1124 3807 1139 3830 ,
1168 3765 1317 3820 furor
1356 3765 1591 3821 discendi
1642 3766 1855 3833 sapien-

298 3859 462 3923 tiam;
503 3856 888 3921 somnolentiae,
918 3856 1210 3926 vigilantia.
1249 3857 1599 3925 Luxuiiieque
1628 3855 1747 3909 duci
1795 3869 1858 3909 ac

294 3949 436 4019 plebi
461 3948 574 4016 ejus
604 3949 896 4001 reluctatur
916 3949 1020 4002 dux
1042 3948 1263 4003 castitas
1291 3963 1409 4001 cum
1435 3947 1587 4017 plebe
1622 3961 1716 4000 sua
1750 3965 1761 3999 :
1805 3947 1856 4000 id

292 4053 402 4105 est,
434 4041 654 4096 caécitati
697 4041 905 4101 mentis,
939 4039 1314 4108 contemplatio
1337 4039 1460 4103 Dei;
1490 4038 1856 4092 inconsidera-

294 4131 449 4193 tioni.
496 4130 758 4200 provisio;
811 4129 1198 4192 inconstantize,
1240 4129 1569 4192 constantia;
1611 4127 1854 4196 praecipi-

298 4222 510 4283 tationi,
529 4219 892 4283 continentia;
947 4223 1113 4273 amori
1145 4218 1256 4281 sui,
1286 4217 1624 4273 mortificatio
1653 4218 1858 4272 deside-

298 4311 498 4364 riorum
527 4310 702 4365 carnis
735 4325 873 4373 suae;
920 4309 1042 4364 odio
1069 4310 1184 4374 Dei,
1216 4309 1449 4363 charitas
1471 4308 1706 4378 perfecta
1738 4309 1852 4362 Dei.

295 4401 433 4454 lit-ce
475 4401 584 4453 luet:
625 4408 747 4453 sunt
798 4414 914 4468 qua:
963 4399 1242 4468 prtesulem
1295 4399 1590 4454 animarum
1645 4401 1856 4468 oportet

1957 511 2167 564 diverso
2198 510 2365 563 latere
2396 510 2613 573 incidat,
2649 520 2915 579 quatenus
2953 514 3031 566 sic
3059 515 3302 582 superbis
3333 519 3517 582 prsidi-

1955 612 2106 660 cetur
2131 602 2420 668 humilitas,
2454 611 2513 656 ut
2535 613 2710 657 tamen
2742 604 2940 660 timidis
2975 622 3078 660 non
3105 617 3365 677 augeatur
3405 624 3522 663 mea

1958 700 2072 757 tus;
2115 692 2192 744 sic
2227 692 2428 744 timidis
2462 691 2774 746 infundatur
2806 698 3106 760 austeritas,
3133 707 3190 750 ut
3221 706 3397 752 tamen
3431 713 3522 753 su-

1952 784 2133 853 perbis
2161 799 2267 837 non
2300 795 2507 838 crescat
2554 787 2865 852 effrenatio;
2923 791 2998 843 sic
3045 792 3344 846 sollicitudo
3396 793 3524 850 boni

1952 873 2147 940 operis,
2177 881 2232 925 ut
2256 883 2434 926 tamen
2463 874 2712 941 inquietis
2747 877 3111 933 immoderata;
3154 880 3366 935 licentia
3414 898 3524 937 non

1952 971 2210 1032 augeatur
2235 963 2492 1029 actionis;
2545 965 2622 1020 sic
2660 967 2912 1036 inquietis
2953 981 3184 1037 ponatur
3225 974 3434 1038 modus,
3465 983 3523 1029 nt

1955 1061 2130 1106 tamen
2156 1053 2343 1108 otiosis
2372 1070 2475 1108 non
2514 1056 2603 1108 fiat
2643 1066 2822 1127 torpor
2849 1074 3097 1124 securus;
3134 1064 3210 1116 sic
3245 1066 3311 1117 ab
3349 1066 3522 1132 impa-

1952 1142 2204 1196 tientibus
2224 1143 2595 1212 exstingualur
2620 1145 2719 1206 ira,
2748 1154 2805 1198 ut
2830 1155 3005 1202 tamen
3037 1152 3272 1205 remissis
3300 1167 3360 1204 ac
3391 1154 3523 1206 leni-

1952 1229 2051 1284 bus
2081 1247 2186 1284 non
2213 1241 2422 1286 crescat
2453 1234 2806 1304 negligentia;
2848 1238 2925 1292 sic
2971 1239 3118 1295 lenes
3163 1244 3526 1297 accendantur

1953 1321 2017 1374 ad
2045 1321 2327 1387 zelum,ut
2353 1329 2532 1376 tamen
2582 1325 2853 1380 iracundis
2905 1343 3009 1382 non
3063 1331 3290 1384 addatur
3344 1332 3528 1386 inccno

1953 1413 2131 1477 dium;
2167 1413 2243 1467 sic
2279 1414 2553 1467 tenacibus
2578 1415 2888 1470 infundatur
2913 1419 3176 1472 tribuendi
3209 1420 3449 1489 largitas,
3467 1428 3528 1477 ut

1953 1511 2130 1556 tamen
2177 1504 2412 1573 prodigis
2463 1503 2735 1559 eflusionis
2781 1505 2931 1559 frena
2984 1509 3202 1562 minime
3245 1510 3522 1576 laxentur;

1953 1595 2030 1649 sic
2085 1594 2324 1665 prodigis
2374 1596 2694 1664 praedicetur
2747 1600 3000 1667 parcitas,
3029 1609 3087 1653 ut
3132 1609 3313 1656 tamen
3360 1605 3526 1657 conti-

1955 1693 2143 1740 nentes
2169 1700 2274 1740 non
2303 1695 2620 1740 revocentur
2649 1687 2714 1741 ad
2744 1687 2956 1752 luxum;
3013 1692 3089 1744 sic
3128 1692 3524 1747 continentibus

1881 1789 1925 1846 Β
1955 1777 2202 1832 laudetur
2227 1777 2523 1844 virginitas,
2553 1787 2612 1831 ut
2653 1787 2825 1833 tamen
2853 1781 2903 1833 in
2939 1783 3252 1852 conjugibus
3277 1785 3525 1854 despecta

1957 1883 2062 1922 non
2088 1868 2177 1921 ﬁat
2201 1868 2498 1924 fecunditas
2521 1872 2730 1935 carnis;
2756 1872 2833 1925 sic
2860 1875 3196 1940 praadicanda
3220 1885 3343 1928 sunt
3364 1878 3524 1941 bona,

1955 1975 2023 2014 ne
2050 1977 2111 2014 ex
2141 1960 2310 2015 latere
2335 1960 2626 2028 jubeantur
2656 1973 2710 2017 et
2751 1965 2921 2029 mala;
2978 1967 3056 2020 sic
3102 1967 3362 2022 laudanda
3402 1980 3528 2024 sunt

1955 2049 2092 2102 bona
2117 2064 2343 2114 summa,
2368 2065 2435 2104 ne
2467 2051 2819 2118 desperentur
2870 2053 3086 2119 ultima;
3131 2056 3209 2109 sic
3245 2058 3525 2111 nutrienda

1955 2148 2080 2195 sunt
2103 2141 2308 2204 ultima,
2332 2157 2400 2195 ne
2425 2143 2551 2195 dum;
2577 2145 2868 2197 creduntur
2895 2146 3158 2211 sullicere,
3187 2162 3524 2216 nequaquam

1956 2220 2209 2285 tendatur
2231 2232 2296 2284 ad
2319 2247 2545 2286 summa.
2581 2233 2888 2288 Curandum
2921 2245 3001 2290 est
3044 2238 3225 2307 itaque
3263 2239 3526 2308 pnedica-

1957 2322 2081 2382 tori.
2131 2329 2396 2403 quatenus
2437 2324 2515 2378 sic
2566 2333 2803 2394 tergatur
2852 2327 3068 2381 tristitia
3115 2344 3232 2397 qua:
3272 2331 3416 2384 venit
3461 2346 3529 2386 ex

1957 2420 2218 2481 tempore,
2246 2420 2306 2466 ut
2344 2429 2448 2467 non
2499 2426 2759 2485 augeatur
2788 2417 2969 2489 lretitia
3011 2435 3129 2488 qua:
3175 2429 3258 2474 est
3298 2437 3362 2475 ex
3403 2437 3528 2477 con-

1956 2504 2265 2571 spersione:
2306 2513 2361 2557 et
2408 2505 2484 2557 sic
2521 2504 2969 2560 freueturlaititia
3001 2523 3118 2577 quae
3162 2526 3227 2565 ex
3273 2527 3528 2581 conSpcr-

1957 2593 2103 2648 sione
2129 2604 2306 2659 est,ut
2333 2605 2508 2650 tamen
2539 2614 2644 2650 non
2679 2608 2886 2652 crescat
2913 2602 3130 2653 tristitia
3159 2618 3277 2670 qum
3298 2605 3442 2657 venit
3463 2622 3527 2658 ex

1959 2691 2228 2754 tempore,
2254 2687 2331 2740 sic
2362 2687 2538 2754 itaque
2564 2688 2618 2740 in
2649 2689 2752 2742 isto
2795 2691 3116 2757 reprimatur
3142 2693 3315 2746 subito
3342 2694 3528 2748 oborta

1957 2776 2206 2842 formido,
2238 2786 2294 2830 ut
2322 2788 2499 2833 tamen
2530 2796 2634 2833 non
2663 2790 2937 2852 excrescat
2966 2785 3200 2836 enutrita
3224 2785 3310 2838 diu
3340 2787 3530 2853 przeci;

1956 2867 2177 2935 pitatio;
2223 2869 2300 2922 sic
2338 2870 2391 2923 in
2436 2870 2526 2925 illo
2566 2872 2891 2940 reprimatur
2934 2874 3253 2930 diu..oborta
3290 2877 3530 2945 praecipi-

1959 2959 2110 3022 tatio,
2150 2969 2208 3012 ut
2233 2968 2410 3013 tamen
2456 2975 2562 3014 non
2609 2961 2844 3017 valescat
2883 2963 3140 3032 impressa
3170 2981 3235 3018 ex
3274 2981 3530 3035 consper-

1959 3049 2109 3103 sione
2139 3047 2389 3103 formido.

2485 3139 2708 3196 CAPUT
2755 3141 2995 3195 XXXIX.

1960 3230 2111 3295 Quod
2140 3239 2371 3299 oporteat
2396 3231 2652 3300 postulari
2678 3250 2708 3284 a
2737 3233 2958 3352 gemino
2988 3233 3302 3302 possibilitas
3337 3238 3528 3304 pra'di-

2648 3319 2744 3352 can
2786 3320 2821 3352 ι.
3378 3329 3383 3332 ·

2648 3319 2821 3354 canat.
3378 3329 3383 3332 '

2029 3390 2094 3443 Et
2119 3390 2231 3443 haec
2262 3405 2320 3443 se
2354 3405 2512 3458 posse
2538 3390 2582 3445 si
2613 3391 2875 3459 potuerit,
2899 3400 2953 3445 et
2977 3392 3028 3445 in
3054 3401 3310 3461 quantum
3339 3402 3526 3462 potuee

1959 3481 2050 3546 rit,
2077 3481 2274 3548 pie:ate
2301 3481 2471 3550 magis
2490 3481 2792 3538 orationum
2833 3495 2992 3549 quam
3041 3490 3316 3536 oratorum
3358 3482 3527 3538 lacul~

1959 3579 2066 3623 tate
2094 3586 2197 3624 non
2229 3570 2432 3623 dubitet
2473 3588 2484 3621 :
2521 3579 2578 3621 ut
2604 3571 2806 3624 orando
2828 3586 2925 3638 pro
2955 3586 3012 3624 se
3040 3587 3101 3625 ac
3123 3587 3218 3640 pro
3244 3573 3364 3638 illis,
3388 3587 3526 3642 quos

1958 3670 2042 3715 est
2065 3661 2416 3723 allocuturus,
2444 3661 2512 3714 sit
2529 3670 2715 3714 orator
2735 3672 3020 3730 antequam
3044 3664 3232 3717 dictor.
3257 3664 3370 3734 Ipsa
3395 3666 3528 3721 hora

1952 3747 2061 3817 jam
2091 3750 2314 3803 utdicat
2341 3751 2619 3813 accedens,
2651 3751 2963 3819 priusquam
3012 3761 3198 3805 exerat
3246 3752 3527 3822 proferen-

1958 3849 2064 3892 tem
2092 3839 2352 3907 linguam,
2376 3839 2441 3891 ad
2474 3839 2640 3892 Deum
2689 3839 2827 3893 levet
2865 3840 3095 3892 animam
3140 3842 3429 3908 sitientem,
3469 3851 3528 3898 nt

1959 3943 2131 3988 ructet
2181 3934 2323 4002 quod
2372 3933 2587 3995 biberit,
2641 3932 2722 3986 vel
2777 3934 2918 4002 quod
2968 3933 3266 4002 impleverit
3316 3933 3525 3990 fundat.

1957 4023 2090 4077 Cum
2120 4022 2261 4077 enim
2313 4021 2379 4074 de
2421 4037 2739 4090 unaquaque
2779 4038 2854 4085 re,
2888 4037 3008 4090 quae
3040 4023 3330 4076 secundum
3367 4024 3522 4078 fidem

1957 4112 2407 4181 dilectionemque
2443 4113 2720 4166 tractanda
2751 4121 2902 4176 sunt,
2929 4113 3092 4166 multa
3132 4115 3238 4168 sint
3282 4130 3399 4182 qua:
3447 4117 3525 4170 di-

1958 4211 2168 4265 cantur,
2199 4212 2254 4256 et
2285 4202 2434 4254 multi
2479 4203 2617 4256 modi
2663 4203 2856 4270 quibus
2899 4203 3144 4257 dicantur
3191 4205 3258 4258 ab
3304 4206 3380 4259 eis
3435 4209 3522 4274 qui

1958 4295 2072 4348 hzec
2107 4295 2298 4356 sciunt,
2325 4296 2445 4363 quis
2477 4295 2623 4348 novit
2654 4294 2780 4362 quid
2810 4295 2874 4348 ad
2902 4311 3140 4364 pnesens
3182 4305 3388 4366 tempus
3443 4299 3524 4351 vel

1958 4384 2110 4437 nobis
2154 4384 2355 4446 dicere,
2386 4385 2470 4438 vel
2517 4400 2611 4454 per
2648 4401 2743 4439 nos
2780 4385 3029 4454 expediat
3065 4387 3256 4452 audiri,
3299 4389 3401 4441 nisi
3434 4391 3523 4457 qui

296 4493 452 4554 scire,
487 4503 539 4546 et
571 4509 686 4562 qure
724 4494 881 4546 debet
904 4493 954 4545 in
985 4491 1381 4560 pradicationis
1409 4492 1715 4547 diversitate
1761 4507 1853 4544 cu-

1957 4477 2116 4530 corda
2149 4477 2389 4530 omnium
2419 4476 2598 4529 videt?
2627 4484 2679 4530 et
2704 4477 2822 4544 quis
2869 4476 2995 4530 facit
3033 4487 3088 4529 ut
3133 4479 3273 4546 quod
3317 4489 3522 4547 oportet

297 4581 524 4643 slodire,
569 4589 627 4634 ut
674 4580 929 4634 sollicitus
981 4580 1318 4634 inﬁrmitates
1363 4580 1687 4650 singulorum
1729 4595 1854 4648 per-

206 4691 212 4695 -
297 4670 512 4738 pstulat,
549 4681 602 4723 et
645 4684 878 4737 congrua
916 4683 1100 4723 eorum
1149 4668 1456 4722 vulneribus
1503 4667 1852 4720 medicamina

298 4767 550 4829 Opponat.
579 4758 682 4811 Sed
710 4774 828 4812 cum
858 4760 1034 4826 magni
1079 4758 1239 4813 studii
1293 4759 1364 4812 sit
1403 4766 1460 4812 ut
1508 4756 1857 4811 exhortandis

298 4851 521 4920 singulis
548 4850 812 4904 serviatur
836 4850 901 4903 ad
929 4851 1155 4919 singula,
1187 4865 1306 4904 cum
1336 4851 1486 4905 valde
1530 4852 1852 4906 laboriosum

300 4945 367 4996 sit
397 4956 826 5009 tuuimquemque
867 4941 932 4995 de
957 4941 1183 5010 propriis
1209 4940 1306 4994 sub
1340 4942 1731 5010 dispensatione
1757 4943 1850 4996 de-

302 5033 422 5084 bite
475 5028 915 5082 consideratiouis
965 5029 1249 5094 instruere,
1281 5029 1431 5098 longe
1467 5039 1642 5082 tamen
1667 5039 1746 5083 est
1782 5030 1854 5082 la-

302 5118 564 5171 boriosius
586 5117 856 5176 auditores
870 5117 1178 5172 innumeros
1193 5133 1254 5172 ac
1271 5118 1497 5172 diversis
1518 5119 1855 5187 passionibus

301 5209 627 5269 laborantes,
656 5222 760 5260 uno
789 5207 1080 5276 eodemque
1119 5215 1377 5276 tempore,
1421 5223 1548 5261 voce
1600 5209 1757 5261 unius
1802 5217 1856 5260 et

299 5298 601 5351 communis
629 5297 1018 5351 exhortationis
1043 5298 1347 5353 admonere.
1385 5299 1455 5352 lbi
1486 5299 1680 5367 quippe
1711 5307 1854 5351 tanta

301 5399 418 5444 arte
441 5380 534 5443 vos
572 5389 912 5459 temperanda
949 5399 1053 5454 est,
1079 5397 1135 5441 ut
1165 5404 1284 5441 cum
1311 5389 1516 5441 diversa
1562 5389 1668 5440 sint
1712 5389 1858 5441 audi-

305 5493 478 5533 torum
509 5481 655 5544 vitia,
685 5491 737 5534 ct
766 5480 982 5548 singulis
1019 5480 1360 5532 mveniantur
1397 5492 1650 5544 congrua,
1682 5487 1733 5532 et
1784 5487 1861 5530 ta-

306 5587 425 5622 men
457 5571 801 5639 sibimetipsis
834 5585 937 5622 non
970 5570 1075 5622 sint
1115 5570 1344 5632 diversa,
1375 5579 1430 5622 ut
1477 5570 1616 5622 inter
1661 5570 1862 5621 medias

306 5659 582 5725 passiones
610 5675 712 5712 uno
739 5657 948 5726 quidem
981 5657 1140 5711 ductu
1175 5667 1440 5723 transeat,
1470 5658 1560 5712 sczl
1593 5673 1738 5712 more
1770 5673 1860 5710 an-

1961 4568 2480 4637 etqncmadmodum
2507 4575 2714 4635 oportet
2737 4566 2949 4619 dicatur
2977 4568 3148 4629 nobis,
3170 4568 3268 4620 nisi
3295 4569 3347 4620 in
3374 4569 3524 4636 cujus

1960 4673 2119 4709 manu
2156 4665 2281 4709 sunt
2309 4663 2361 4707 et
2390 4669 2486 4707 nos
2511 4662 2564 4707 et
2597 4669 2870 4707 sermones
2915 4656 3114 4708 nostri?
3169 4656 3244 4708 Ac
3297 4671 3390 4722 per
3425 4659 3522 4710 hoc

1961 4749 2129 4802 discat
2149 4747 2238 4815 qui
2265 4749 2419 4800 docet
2443 4745 2618 4798 omnia
2639 4745 3002 4814 qumdocenda
3020 4755 3160 4809 sunt,
3178 4747 3263 4812 qui
3293 4755 3345 4797 et
3370 4763 3522 4800 nosse

1962 4840 2074 4893 vult
2099 4848 2152 4893 et
2183 4839 2374 4892 docere
2411 4836 2715 4890 facultatem
2749 4837 2976 4900 dicendi,
3002 4853 3118 4905 qua:
3147 4846 3203 4888 ut
3255 4839 3406 4891 decet
3451 4841 3521 4890 vi-

1965 4949 2080 4986 rum
2105 4931 2547 4993 ecclesiasticum,
2570 4941 2864 4998 comparet.
2889 4931 2967 4983 Ad
2997 4932 3181 4984 horam
3210 4948 3336 4986 vero
3358 4933 3522 5001 ipsius

1960 5026 2207 5079 dictionis
2242 5023 2366 5076 illud
2403 5025 2578 5092 potius
2607 5025 2758 5076 boum
2787 5024 2947 5076 menti
2991 5025 3187 5093 c0gitet
3216 5028 3522 5091 convenire,

1960 5117 2100 5184 quod
2129 5115 2386 5167 Dominus
2407 5115 2480 5166 ait
2510 5132 2520 5166 :
2561 5113 2734 5165 Nolite
2758 5114 2982 5180 cogitare
3007 5115 3264 5183 quomodo
3285 5125 3374 5168 aut
3399 5119 3521 5185 quid

1961 5205 2245 5274 loquamini
2275 5218 2292 5253 :
2324 5203 2532 5254 dabitur
2559 5203 2692 5254 enim
2719 5201 2858 5255 vobis
2880 5203 2932 5254 in
2953 5203 3042 5254 illa
3056 5205 3183 5256 hora
3203 5205 3328 5272 quid
3351 5205 3517 5265 loqua-

1961 5297 2107 5349 mini.
2142 5294 2260 5347 Non
2287 5295 2420 5346 enim
2448 5309 2532 5344 ros
2566 5294 2684 5345 estis
2710 5295 2798 5361 qui
2828 5293 3126 5361 loquimini,
3159 5296 3248 5347 sed
3299 5294 3520 5362 Spiritus

1964 5384 2138 5438 Patris
2170 5387 2322 5438 rastri
2345 5386 2430 5453 qui
2461 5384 2690 5452 loquitur
2717 5385 2766 5436 in
2793 5385 2932 5438 vobis
2963 5385 3174 5454 (Matth.
3201 5387 3272 5452 ι).
3309 5385 3363 5438 Si
3397 5401 3522 5455 ergo

1963 5477 2196 5544 loquitur
2229 5477 2278 5527 in
2311 5476 2388 5528 eis
2422 5474 2650 5543 Spiritus
2697 5484 2912 5528 sanctus
2948 5475 3037 5541 qui
3082 5477 3524 5543 persequentibus

1967 5567 2245 5618 traduntur
2275 5581 2370 5632 pro
2395 5563 2628 5624 Christo,
2659 5579 2756 5617 cur
2779 5580 2883 5618 non
2912 5574 2961 5617 el
2991 5566 3040 5617 in
3072 5564 3150 5617 eis
3174 5579 3263 5631 qui
3311 5565 3528 5616 tradunt

1926 5656 2290 5710 'disceutibus
2321 5655 2628 5708 Christum?
2674 5655 2772 5718 Qui
2832 5662 3008 5708 autem
3055 5653 3184 5710 dicit
3224 5655 3521 5709 hominibus
