3968 6336
564 362 667 416 tio
876 407 892 445 ρ

1200 366 1258 419 Β.
1301 364 1549 421 RABANI
1592 367 1809 424 MAURI
1844 372 2079 427 ARCIHE

2203 376 2506 435 MOGUNT.
2548 379 2827 440 OPERUM
2860 386 3036 443 PARS
3074 392 3111 445 Ι.

3674 401 3777 456 420

562 486 665 525 non
698 486 816 526 esse
838 473 1248 542 prrccipiendum
1274 476 1400 541 quid
1433 476 1513 529 vel
1548 480 1995 545 quemadmodum
2024 482 2111 535 do-
2150 490 2197 546 Λ
2224 500 2431 540 monent
2484 490 2664 553 daret,
2719 497 3089 564 quantomagis
3137 512 3294 555 orare
3337 506 3526 567 debet,
3571 518 3630 564 ut
3674 511 3781 563 tale

558 567 734 621 ceant,
758 560 801 612 si
827 561 1073 615 doctores
1099 562 1258 615 ellicit
1298 563 1530 632 Spiritus
1574 577 1811 632 sanctus,
1840 580 2013 638 potest
2040 571 2119 624 di-

558 664 679 704 cere
712 667 808 706 nec
837 654 1094 707 orandum
1132 672 1247 710 esse
1296 658 1448 712 nobis
1495 661 1636 727 quod
1690 661 1944 716 Dominus
1982 664 2057 715 ait
2106 691 2119 724 ς

557 738 669 792 Scit
706 739 866 795 Pater
913 754 1071 820 uester
1108 748 1231 813 quid
1263 749 1397 801 vobis
1444 752 1787 804 necessarium
1824 755 1909 816 εἰ,
1946 756 2116 821 prius-

554 847 708 897 quam
734 834 918 899 petatis
941 835 1003 885 ab
1033 852 1090 888 eo
1119 834 1331 905 (Matth.
1364 840 1437 908 v).
1472 839 1596 894 Sive
1627 850 1804 895 autem
1837 846 1973 912 apud
2020 861 2113 914 po—

555 920 733 987 pulum
765 922 846 974 vel
875 926 1013 991 apud
1043 927 1308 994 quoslibet
1346 928 1672 999 jamjamque
1715 933 1973 997 dicturus,
2001 936 2112 990 sive

555 1009 694 1074 quod
722 1012 858 1077 apud
882 1013 1129 1082 populum
1157 1016 1437 1071 dicendum
1464 1021 1543 1074 vel
1578 1023 1645 1075 ab
1684 1024 1763 1077 eis
1806 1025 1896 1091 qui
1942 1025 2116 1079 volue-

554 1096 657 1148 rint
691 1109 783 1151 aut
812 1104 1079 1168 potuerint
1104 1104 1403 1174 legendum,
1444 1112 1864 1176 estdictaturus,
1897 1125 2011 1167 oret
2053 1125 2110 1168 ut

548 1185 689 1240 Deus
712 1204 1007 1245 sermonem
1032 1194 1226 1247 bonum
1250 1198 1334 1250 det
1356 1198 1405 1250 in
1430 1214 1488 1253 os
1508 1200 1639 1264 ejus.
1674 1200 1727 1255 Si
1758 1205 1898 1255 enim
1930 1206 2106 1273 regina

547 1277 719 1329 oravit
748 1278 938 1333 Esther
963 1298 1059 1350 pro
1081 1299 1190 1337 sua:
1219 1289 1392 1355 gentis
1428 1292 1702 1358 temporali
1751 1294 1921 1347 salute
1968 1296 2107 1347 locu-

548 1370 665 1418 tura
690 1368 826 1436 apud
863 1385 1058 1439 regem,
1088 1383 1143 1426 ut
1170 1375 1221 1427 in
1246 1392 1306 1430 os
1328 1376 1442 1443 ejus
1484 1379 1621 1433 Deus
1651 1396 1943 1451 congruum
1989 1399 2103 1437 ser-

2223 589 2415 629 munus
2442 577 2694 646 accipiat,
2719 583 2806 648 qui
2833 597 2929 649 pro
2964 595 3159 638 aeterna
3194 587 3465 643 hominum
3505 592 3679 647 salute
3722 596 3776 648 in

2220 663 2459 717 doctrina
2499 676 2553 720 et
2595 670 2755 725 verbo
2796 670 3019 725 laborat.
3072 672 3144 726 llli
3192 691 3315 730 vero
3349 679 3439 747 qui
3480 694 3541 733 ca
3581 682 3778 737 dicturi

2218 762 2343 805 sunt
2367 768 2485 821 qua:
2508 756 2573 809 ab
2604 756 2725 810 aliis
2746 770 3083 827 acceperunt,
3108 773 3159 815 et
3183 774 3464 833 antequam
3486 769 3772 837 accipiant,

2217 853 2372 895 orent
2400 859 2495 912 pro
2528 846 2653 912 ipsis
2681 862 2709 899 a
2748 848 2940 914 quibus
2964 852 3248 919 accipiunt,
3275 864 3331 907 ut
3355 856 3432 908 eis
3457 857 3611 909 detur
3631 861 3774 926 quod

2218 945 2312 997 per
2335 946 2428 985 eos
2460 934 2697 1003 accipere
2741 935 2952 1003 volunt;
3002 940 3056 993 et
3097 956 3216 994 eum
3267 945 3589 1011 acceperint,
3619 954 3775 999 orent

2215 1030 2272 1072 ut
2299 1021 2432 1075 bene
2469 1031 2523 1075 et
2548 1023 2643 1092 ipsi
2670 1024 2965 1092 proferant,
2996 1038 3051 1081 et
3096 1029 3166 1082 illi
3208 1031 3275 1084 ad
3316 1046 3449 1100 quos
3496 1032 3773 1100 proferant

2212 1122 2451 1177 sumant;
2508 1124 2561 1168 et
2590 1129 2842 1185 prospero
2880 1119 3024 1172 exitu
3071 1120 3335 1187 dictionis,
3360 1123 3532 1176 eidem
3566 1123 3771 1191 gratias

2210 1215 2390 1274 agant,
2425 1222 2454 1259 a
2485 1222 2591 1275 quo
2628 1209 2679 1261 id
2711 1224 2767 1263 se
2809 1210 3080 1278 accepisse
3125 1226 3228 1265 non
3271 1213 3511 1267 dubitant
3539 1230 3551 1265 :
3583 1222 3642 1266 ut
3674 1213 3768 1282 qui

2208 1294 2485 1364 gloriatur,
2502 1297 2553 1349 in
2576 1296 2663 1349 illo
2688 1297 2941 1366 glorietur
2971 1300 3024 1352 in
3056 1301 3205 1370 cujus
3227 1316 3387 1357 manu
3415 1311 3538 1357 sunt
3564 1311 3621 1357 et
3646 1317 3765 1368 nos,

2198 1395 2259 1439 et
2288 1400 2563 1440 sermones
2598 1389 2788 1441 nostri.

2867 1572 3767 1605 Ἣ

1252 1922 1629 1979 FULDENSIS
1666 1925 1954 1981 ABBATIS
1992 1926 2079 1981 ET
2119 1926 2495 1983 MOGUNTlNl
2531 1929 3039 1989 ARCHIEPISCOPI

944 2097 1350 2209 LIBER
1431 2101 1609 2211 DE
1703 2102 2493 2220 OBLATIONE
2576 2110 3330 2228 PUERORUM

1920 2319 2158 2379 ’ANNO
2197 2322 2361 2399 819.)

1527 2474 1753 2540 (Mabill.,
1782 2476 1952 2527 Annal.
1970 2476 2181 2539 Beued.,
2205 2479 2423 2541 Append.
2451 2480 2508 2529 ad
2530 2484 2641 2530 tom.
2664 2481 2747 2534 ll.)

1948 2630 2324 2643 —

527 2744 757 2786 INCIPIT
793 2745 1160 2788 oeusccwu
1201 2748 1432 2790 mrum
1460 2751 1658 2792 MAURI
1692 2752 1935 2794 comm
1969 2752 2080 2796 eos
2111 2739 2156 2796 Β
2186 2745 2285 2791 tes.
2316 2738 2424 2793 Nec
2449 2740 2690 2795 recolunt
2717 2742 2768 2797 id
2795 2744 3054 2812 Apostoli,
3083 2759 3188 2814 quo
3218 2746 3294 2800 ait
3323 2765 3336 2801 :
3375 2767 3393 2799 ι
3431 2748 3557 2805 Sive
3583 2758 3759 2816 seni,

585 2824 686 2875 QUI
725 2824 1096 2865 BEPL‘GNANT
1123 2826 1465 2870 INSTITUTIS
1502 2830 1560 2869 Β.
1602 2831 1656 2871 1³.
1695 2830 2049 2873 BENEDICTI.

591 2922 649 2978 Si
680 2924 799 2993 quis
846 2924 1176 2994 Scripturam
1224 2942 1450 2992 sacram,
1492 2945 1652 2997 quam
1699 2946 1793 2998 per
1841 2932 2084 2986 homines

506 3015 719 3087 probos
732 3014 983 3068 divinitus
1006 3016 1290 3084 inspiratus
1312 3033 1538 3087 superna
1562 3019 1821 3087 sapientia
1849 3021 2081 3075 humano

520 3110 697 3178 generi
729 3109 1048 3169 contulerat,
1082 3112 1389 3179 inspexerit.
1421 3129 1525 3166 non
1569 3114 1713 3166 aliud
1752 3129 1867 3168 eam
1918 3130 2077 3184 quam

519 3199 935 3252 destructionem
980 3200 1303 3253 infidelitatis
1334 3210 1493 3270 atque
1528 3202 1851 3271 cupiditatis,
1876 3211 1930 3256 et
1954 3203 2081 3256 aedi-

518 3290 819 3344 ficationem
846 3289 964 3343 fidei
998 3306 1061 3343 ac
1090 3292 1366 3344 eharitatis
1408 3290 1682 3345 nobiscum
1725 3305 1883 3362 agere
1924 3307 2079 3362 repe-

516 3380 663 3432 riet:
710 3390 767 3431 ut
805 3380 1245 3433 ahrcnuntiantes
1291 3379 1521 3442 diabolo,
1563 3389 1617 3432 et
1665 3380 1872 3449 pompis
1918 3389 2077 3448 atque

515 3471 766 3539 operibus
795 3470 930 3536 ejus,
978 3487 1071 3539 per
1109 3470 1285 3534 ﬁdem,
1332 3487 1479 3539 spem
1512 3481 1566 3527 et
1602 3474 1940 3539 charitatem,
1984 3474 2075 3527 uni

516 3562 625 3613 Deo
652 3560 819 3623 Patri,
843 3569 896 3614 et
924 3560 1077 3624 Filio,
1101 3570 1154 3614 et
1183 3562 1403 3631 Spiritui
1455 3572 1642 3617 sancto
1692 3563 1918 3618 fideliter
1956 3579 2071 3619 ser-

512 3650 742 3701 viamus.
772 3647 921 3702 Unde
953 3649 1198 3713 mirandi,
1226 3648 1333 3703 imo
1362 3651 1645 3705 miserandi
1672 3659 1795 3705 sunt
1840 3650 1913 3705 illi
1959 3652 2072 3721 qui,

511 3735 613 3789 hoc
642 3735 967 3805 negligentes
1013 3737 1151 3805 quod
1201 3738 1252 3790 in
1308 3736 1529 3792 infantia
1572 3739 1797 3807 professi
1846 3750 1989 3807 sunt,
2019 3749 2074 3796 et

512 3827 652 3895 quod
683 3826 735 3879 in
760 3828 1052 3896 primordio
1082 3828 1199 3881 vitze
1221 3842 1330 3881 sua:
1351 3828 1751 3893 abdicaverunt,
1768 3831 1922 3899 quasi
1947 3833 2073 3885 emi-

511 3914 772 3968 nentioris
811 3929 874 3966 ac
916 3915 1131 3983 majoris
1176 3915 1447 3983 dignitatis
1493 3916 1582 3980 sit,
1630 3916 1679 3971 ei
1736 3926 2066 3986 praeponunt.

511 4006 647 4059 Sunt
667 4021 795 4075 ergo
820 4006 1033 4074 quidam
1057 4007 1147 4075 qui
1170 4022 1198 4058 a
1223 4005 1501 4061 cunabulis
1523 4008 1635 4061 suis
1658 4022 1838 4062 sacras
1865 4007 2071 4063 litteras

2186 2828 2297 2880 sive
2318 2826 2689 2890 liberi,omnes
2715 2847 2876 2885 unmn
2898 2848 3081 2888 sumus
3105 2836 3155 2888 iu
3180 2836 3412 2893 Christo.
3440 2861 3457 2891 ι
3483 2841 3548 2895 Et
3570 2844 3711 2898 idem
3735 2864 3749 2899 :

2191 2936 2207 2966 ι
2243 2916 2342 2983 Qui
2388 2919 2560 2981 enim,
2606 2920 2793 2989 inquit,
2845 2922 2980 2977 liber
3022 2935 3241 2981 vocatus
3296 2938 3401 2993 est,
3431 2946 3617 2986 servus
3666 2948 3755 2990 est

2182 3004 2412 3071 Christi;
2454 3026 2471 3058 ι
2507 3016 2562 3061 et
2591 3026 2607 3060 :
2636 3028 2654 3058 ι
2698 3009 2797 3076 Qui
2851 3027 3040 3066 servus
3087 3022 3303 3069 vocatus
3351 3028 3471 3081 est,
3521 3020 3752 3077 libertus

2182 3106 2265 3150 est
2290 3095 2522 3151 Domini.
2557 3117 2576 3149 ι
2605 3098 2830 3154 Maxime
2852 3116 2973 3155 cum
3001 3111 3053 3155 ct
3080 3104 3183 3159 hoc
3208 3120 3305 3173 pro
3327 3122 3515 3176 magno
3541 3110 3750 3167 honore

2181 3192 2349 3245 sancti
2390 3191 2576 3247 Patres
2613 3193 2865 3255 habuere,
2898 3197 3039 3264 quod
3067 3199 3205 3251 servi
3240 3198 3332 3251 Dei
3372 3217 3749 3271 nuncuparen-

2180 3291 2285 3337 tur.
2321 3282 2471 3338 Unde
2498 3294 2552 3339 ct
2576 3286 2862 3344 Abraham.
2894 3287 3036 3343 Isaac
3062 3300 3114 3343 et
3150 3290 3313 3345 Jacob
3341 3292 3477 3347 servi
3524 3292 3615 3345 Dei
3650 3311 3748 3350 ex-

2178 3374 2307 3428 celsi
2338 3374 2581 3444 appellati
2626 3385 2767 3430 sunt.
2811 3376 2943 3433 Hinc
2985 3388 3038 3433 et
3085 3380 3291 3450 Moyses
3334 3391 3388 3437 et
3429 3385 3743 3452 proplicur.

2176 3464 2302 3520 hinc
2326 3464 2425 3520 .Iob
2447 3474 2501 3519 et
2523 3467 2687 3521 David
2708 3482 2982 3523 servorum
3012 3470 3105 3524 Dei
3134 3473 3348 3528 nomine
3377 3474 3624 3527 nobiliter
3647 3476 3744 3527 ad-

2176 3556 2343 3609 notati
2372 3563 2652 3619 sunt,cum
2679 3558 2789 3626 ipse
2812 3558 3068 3614 Dominus
3096 3560 3160 3612 ad
3194 3559 3461 3614 Satan'bit
3489 3580 3500 3614 :
3538 3581 3555 3609 ι
3592 3561 3745 3615 Nun-

2175 3645 2302 3713 quid
2329 3644 2681 3701 cousiderasti
2712 3663 2925 3701 servum
2956 3664 3132 3703 meum
3173 3648 3290 3708 Joh.
3320 3651 3461 3717 quod
3512 3667 3614 3705 non
3667 3654 3741 3706 sit

2174 3734 2222 3788 ei
2249 3734 2440 3789 similis
2469 3735 2522 3789 in
2554 3737 2734 3789 terra?
2783 3756 2801 3786 ι
2832 3745 2887 3790 et
2914 3738 2979 3790 de
3005 3737 3171 3791 David
3206 3758 3217 3791 :
3254 3757 3272 3787 ι
3311 3739 3514 3805 Inveni,
3541 3742 3741 3811 inquit,

2175 3824 2341 3878 David
2366 3839 2578 3887 servum
2601 3840 2795 3889 meum,
2824 3826 2943 3880 oleo
2968 3835 3156 3881 sancto
3182 3841 3301 3882 meo
3340 3829 3463 3882 unxi
3512 3844 3659 3883 eum.
3719 3852 3737 3883 ι

2174 3914 2281 3969 Sed
2324 3916 2390 3969 ad
2412 3917 2527 3971 hinc
2560 3916 2783 3971 forsitan
2824 3918 2912 3971 isti
2947 3914 3202 3972 novorum
3237 3920 3543 3988 dogmatum
3577 3922 3742 3975 insti-

2173 4014 2379 4060 tutores
2408 4007 2746 4076 respondent,
2768 4017 2880 4061 ‘non
2913 4022 2969 4061 se
3002 4008 3370 4062 contradicere
3399 4010 3527 4077 quin
3574 4026 3741 4066 Olnlle

509 4094 829 4156 didicerunt,
864 4102 915 4146 et
967 4103 1163 4147 sancta:
1212 4094 1465 4149 Ecclesiae
1512 4096 1837 4151 nutrimento
1886 4099 2068 4153 tamliu
2098 4101 2141 4163 C
2173 4110 2337 4165 genus
2366 4097 2653 4150 humanum
2677 4096 2868 4150 divina:
2893 4097 3135 4150 servituti
3181 4098 3469 4151 obnoxium
3512 4101 3601 4161 sit‘,
3638 4101 3741 4155 sed

508 4183 620 4235 aliti
646 4190 790 4245 sunt,
814 4197 1088 4251 quousque
1119 4183 1250 4237 satis
1277 4182 1484 4239 educati
1529 4186 1580 4238 in
1616 4176 1843 4240 sublime
1884 4202 2072 4243 sacro-

508 4288 624 4325 rum
655 4272 899 4326 ordiuum
929 4274 1368 4346 proveherentur.
1404 4275 1509 4329 Sed
1541 4276 1737 4347 ingrati
1781 4286 1929 4334 tanto
1956 4296 2071 4334 mu-

506 4362 934 4423 nere.coutraria
965 4363 1384 4419 orthodoxorum
1414 4364 1628 4419 Patrum
1657 4366 1780 4422 fidei
1813 4371 2066 4436 sentiunt,

512 4464 573 4503 ac
598 4457 822 4502 matrem
850 4451 1219 4505 universorum
1245 4452 1477 4507 fidelium
1505 4455 1625 4508 telis
1643 4456 1939 4525 iniquitatis
1961 4474 2070 4513 sua:

510 4538 745 4605 quotidie
786 4538 1123 4607 impugnant;
1194 4556 1315 4595 cum
1360 4542 1461 4596 hoc
1508 4545 1660 4612 quasi
1700 4545 1921 4613 probum
1972 4547 2071 4600 fin-

511 4638 665 4697 gunt,
713 4639 871 4697 atque
908 4647 1001 4698 pro
1036 4648 1161 4685 vero
1202 4634 1497 4702 quibusque
1545 4638 1916 4691 commendare
1959 4648 2068 4692 sat-

512 4729 697 4787 agunt,
729 4722 867 4787 quod
898 4736 993 4775 nec
1026 4724 1361 4789 patriarehte,
1393 4742 1565 4794 neque
1585 4729 1857 4797 pr0pheta2
1884 4730 1934 4782 in
1962 4728 2066 4784 Ve-

508 4812 603 4863 teri
653 4811 998 4865 Tcstamento
1045 4828 1277 4879 unquam
1324 4816 1645 4881 habuerunt,
1692 4832 1790 4871 nec
1840 4819 2064 4886 apostoli

505 4910 663 4968 atque
685 4902 1023 4970 evangelistre
1063 4903 1113 4955 in
1157 4902 1300 4957 Novo
1336 4904 1448 4957 fieri
1477 4906 1694 4960 omnino
1719 4917 2059 4961 consuerunt.

506 4990 655 5044 Unde
680 4992 942 5045 dementia
970 5008 1151 5047 eorum
1181 4995 1428 5047 omnibus
1454 5004 1575 5047 nota
1608 4995 1944 5065 fiet,quando
1965 5014 2065 5052 nec

502 5080 789 5147 prioribus,
822 5097 917 5134 nec
954 5084 1299 5150 sequentibus
1338 5084 1478 5137 veris
1525 5084 1615 5138 Dei
1665 5086 1954 5140 cultoribus
2007 5088 2059 5141 in

503 5169 603 5221 ulla
633 5178 782 5237 parte
811 5174 1154 5225 Concord-aut.

570 5258 729 5311 Aiunt
756 5261 893 5311 enim
926 5264 1224 5330 pninpatiee
1253 5279 1535 5330 pravorqu
1559 5277 1863 5335 uogmatum
1893 5268 2059 5336 impu-

504 5350 689 5403 dentes
734 5352 982 5415 artifices,
1029 5356 1166 5421 quod
1208 5371 1308 5407 non
1364 5358 1517 5411 lieeat
1568 5361 1873 5428 parentibus
1925 5348 2065 5414 filios.

2171 4199 2275 4238 non
2304 4185 2437 4239 velle
2459 4184 2598 4253 quod
2627 4187 2693 4240 ad
2720 4187 3068 4241 monasticam
3097 4187 3429 4256 disciplinam
3456 4196 3510 4241 ct
3546 4190 3610 4239 ad
3643 4205 3739 4240 re-

2170 4272 2406 4342 gularem
2454 4273 2695 4327 ordinem
2747 4276 3073 4344 sequendum
3118 4276 3310 4343 aliquis
3360 4275 3524 4328 filium
3574 4292 3736 4329 suum

2170 4360 2362 4413 tradat.
2391 4358 2552 4425 Quasi
2583 4362 2635 4414 in
2674 4376 2738 4416 eo
2766 4362 3029 4414 immunes
3052 4362 3157 4415 sint
3188 4364 3327 4430 quod
3374 4378 3476 4415 non
3520 4366 3733 4430 generi,

2168 4448 2261 4502 sed
2289 4449 2482 4517 speciei
2506 4449 2780 4516 derogent,
2802 4464 2923 4504 cum
2964 4450 3169 4517 species
3212 4451 3277 4502 ad
3316 4464 3483 4516 genus
3526 4451 3735 4503 refera-

2170 4546 2277 4599 tur,
2302 4553 2402 4591 nec
2432 4552 2597 4606 genus
2623 4539 2737 4590 sine
2759 4538 3056 4607 specierum
3101 4538 3409 4592 diversitate
3434 4541 3734 4594 consistere

2166 4628 2353 4697 possit.
2384 4628 2513 4692 Quis
2544 4642 2776 4695 unquam
2808 4627 3183 4680 luereticorum
3227 4628 3311 4679 vel
3358 4630 3731 4682 scliismaticn-

2166 4732 2282 4769 rum
2322 4715 2457 4780 fuit,
2504 4717 2592 4785 qui
2646 4716 2947 4771 universam
2998 4718 3310 4786 religionem
3365 4717 3730 4774 Christianam

2163 4806 2377 4874 penitus
2405 4806 2659 4875 abjiceret
2687 4816 2845 4876 atque
2875 4807 3200 4876 denegaret?
3261 4809 3361 4862 hoc
3404 4812 3544 4864 enim
3600 4827 3729 4880 pro-

2162 4896 2275 4965 prie
2294 4895 2579 4950 infidelium
2594 4906 2707 4961 est;
2732 4897 2823 4951 sed
2848 4897 2970 4965 quia
2991 4898 3133 4953 veris
3154 4898 3284 4952 falsa
3306 4902 3728 4969 permiscebant,

2161 4994 2215 5039 et
2242 4986 2475 5053 regulam
2506 4987 2745 5040 veritatis
2787 5002 2880 5055 per
2912 4990 3093 5042 omnia
3138 4993 3286 5058 sequi
3332 4991 3605 5053 nolebant,
3629 5010 3727 5047 cx-

2162 5084 2334 5130 torres
2361 5077 2484 5130 facti
2534 5088 2730 5131 sauctm
2772 5080 3042 5142 Ecclesiar,
3079 5084 3451 5137 communione
3505 5089 3726 5153 penitus

2162 5168 2351 5235 privati
2385 5178 2525 5221 sunt.
2558 5167 2687 5221 Nam
2716 5169 2764 5221 in
2794 5169 3084 5239 Evangeliu
3124 5171 3379 5225 Dominus
3412 5174 3483 5224 ait
3515 5194 3525 5225 :
3562 5194 3577 5226 ι
3618 5177 3721 5240 Qui

2157 5261 2375 5315 solverit
2399 5278 2559 5314 unum
2593 5261 2657 5314 de
2690 5262 2953 5315 mandatis
2983 5263 3101 5315 istis
3128 5262 3380 5323 minimis,
3402 5271 3451 5314 et
3475 5264 3721 5317 docuerit

2158 5354 2235 5407 sic
2261 5354 2521 5409 homines.
2543 5352 2792 5405 minimus
2817 5351 3094 5403 vocabitur
3118 5353 3169 5404 iu
3197 5366 3359 5421 regno
3387 5352 3661 5404 m‘lorum.
3696 5374 3714 5403 ι

501 5440 839 5505 ριικγιιιοςωι
890 5440 978 5493 Dei
1024 5445 1298 5497 servitium
1348 5448 1576 5506 tradere,
1627 5464 1722 5501 nec
1772 5453 2056 5503 convenire

2180 5444 2309 5498 inde
2350 5443 2581 5495 lacubus
2611 5442 2879 5510 apostolus
2911 5443 2985 5494 ait
3017 5461 3028 5493 :
3069 5460 3085 5491 ι
3124 5442 3222 5508 Qui
3258 5444 3307 5498 iu
3339 5459 3443 5495 uno
3474 5443 3718 5505 offendit.

504 5530 701 5581 homini
734 5531 896 5583 libero
925 5532 1204 5598 ingenuum
1234 5536 1395 5588 ﬁlium
1422 5551 1630 5589 servum
1652 5538 1847 5597 facere,
1874 5540 2057 5591 Imma-

506 5635 622 5669 nam
650 5620 813 5687 legem
844 5620 949 5673 Deo
980 5621 1269 5689 imponere.
1300 5625 1595 5678 voluntates
1637 5643 1697 5677 ae
1738 5627 2052 5680 dominatio-

505 5722 619 5759 ηαδ
646 5723 855 5763 onmem
884 5710 1127 5765 humanis
1158 5715 1518 5770 sanctionibus
1554 5717 1811 5784 subjicere
1851 5733 2052 5771 conan-

2161 5535 2330 5589 faetus
2364 5545 2444 5588 est
2489 5536 2723 5588 omnium
2773 5550 2912 5589 reus.
2974 5555 2989 5584 ι
3048 5534 3179 5588 lliue
3223 5544 3278 5587 ct
3325 5534 3518 5589 Paulus
3577 5536 3653 5586 ait
3701 5556 3718 5591 :

2164 5648 2179 5676 ε
2224 5628 2483 5682 Modicum
2519 5628 2834 5681 fermentum
2867 5637 3029 5681 totam
3075 5643 3303 5683 massam
3345 5628 3659 5693 corrumpit.
3694 5647 3711 5675 ι

2160 5718 2291 5770 lline
2346 5728 2392 5772 et
2446 5716 2673 5772 Joannes
2724 5718 2893 5771 dicit:
2937 5737 2951 5766 ε
2994 5718 3065 5771 Ex
3117 5718 3268 5771 nobis
3320 5715 3714 5770 exicrummwl
