3968 6328
252 308 343 362 421

1270 314 1461 371 LIBER
1504 317 1589 371 DE
1628 318 2009 375 OllLATlONE
2049 318 2448 377 l’UEilORUM.

3363 318 3471 384 429

255 446 354 486 non
383 440 536 483 erant
559 446 622 484 ex
650 432 830 496 nobis;
877 447 1001 486 nam
1050 435 1094 488 si
1130 434 1352 490 fuissent
1384 454 1446 491 ex
1484 440 1657 500 nobis,
1689 455 1803 508 per—
1832 444 1882 502 Λ
1907 439 2107 492 minum
2132 439 2409 504 delectari,
2435 441 2555 493 audi
2587 441 2897 509 Apostolum
2935 442 3196 497 dicentem
3224 459 3239 499 :
3274 464 3292 497 ε
3313 446 3475 503 Num~

255 520 575 573 mansissent
601 522 781 589 utique
811 523 1115 589 nobiscum;
1166 528 1260 580 sed
1295 538 1353 581 ut
1384 530 1650 583 manifesti
1678 530 1805 593 sint,

253 610 501 675 quoniam
520 625 625 663 non
644 621 767 665 sunt
791 627 977 668 omnes
1000 630 1063 668 ex
1089 617 1259 669 nobis.
1293 636 1310 668 ι
1343 618 1407 669 Et
1432 618 1558 671 item
1588 636 1599 671 :
1632 636 1652 670 (
1684 618 1811 673 Om-

256 706 356 763 nis,
394 722 410 752 ι
442 702 634 771 inquit,
668 721 686 752 ι
718 704 805 771 qui
836 720 939 759 non
982 716 1161 759 manet
1208 707 1258 759 in
1299 708 1537 763 doctrina
1586 708 1808 774 Christi,

257 794 419 842 Deum
443 806 546 844 non
573 792 762 858 habet;
796 795 885 863 qui
915 804 1194 863 permanet
1221 797 1272 850 in
1298 796 1561 862 doctrina,
1589 799 1676 853 hic
1717 799 1809 854 Fi-

252 881 377 931 lium
405 890 458 933 et
488 877 699 935 Patrem
728 883 906 938 habet.
950 883 1005 938 Si
1033 885 1152 953 quis
1180 886 1326 941 venit
1352 888 1416 939 ad
1452 902 1564 952 vos,
1587 895 1641 940 et
1672 889 1809 943 hanc

252 969 543 1023 doctrinam
571 987 675 1025 non
704 972 878 1036 all‘ert,
904 973 1063 1027 nolite
1087 976 1325 1044 recipere
1350 992 1471 1030 eum
1495 979 1549 1031 in
1573 980 1804 1042 domum,

252 1073 348 1111 nec
382 1060 495 1113 Ave
521 1061 570 1113 ei
602 1061 863 1127 dixeritis,
887 1064 976 1132 qui
1004 1065 1145 1117 enim
1184 1066 1315 1120 dicit
1351 1068 1482 1132 Ave,
1507 1070 1775 1122 communi
1802 1099 1809 1105 -

250 1160 335 1204 cat
361 1153 614 1219 operibus
644 1154 782 1207 illius
809 1155 1071 1226 malignis.
1115 1176 1132 1207 ι
1166 1157 1324 1228 Ergo,
1352 1159 1657 1228 quicunque
1687 1159 1809 1213 reli-

249 1243 393 1311 gioni
418 1242 752 1309 Christiana),
767 1254 820 1299 et
840 1260 982 1299 sana:
998 1247 1271 1311 doctrinas,
1285 1264 1443 1316 quam
1468 1249 1535 1302 ab
1554 1249 1809 1317 apostolis

250 1341 305 1385 et
325 1334 620 1402 prophetis,
649 1351 853 1388 necnon
886 1344 941 1389 et
980 1338 1049 1390 ab
1093 1336 1209 1405 ipso
1253 1338 1476 1393 Domino
1506 1347 1805 1409 susceptam

250 1423 632 1477 honorabiliter
644 1433 825 1478 sancta
847 1427 1077 1480 custodit
1098 1428 1355 1493 Ecclesia,
1371 1444 1437 1482 ex
1461 1429 1635 1499 aliqua
1656 1438 1807 1499 parte

254 1528 348 1565 ore
372 1513 685 1583 blasphemo
707 1515 1171 1583 reprehensionem
1202 1518 1414 1586 ingerit,
1445 1534 1535 1573 seu
1574 1518 1805 1573 diminu-

248 1600 447 1655 tionem
477 1602 621 1666 facit,
648 1604 781 1658 sciat
803 1619 859 1658 se
878 1607 1115 1675 corporis
1139 1606 1336 1660 Christi
1361 1610 1579 1661 omnino
1601 1610 1804 1664 unitate

247 1690 510 1756 privatum
535 1705 669 1748 esse.
699 1706 798 1747 nec
829 1708 981 1762 posse
1005 1694 1103 1747 nisi
1132 1710 1226 1764 per
1268 1696 1633 1764 pmnitenliam
1677 1712 1803 1751 con-

247 1778 460 1844 dignam
486 1781 685 1834 erroris
715 1782 797 1835 sui
823 1783 1031 1835 veniam
1058 1792 1115 1838 et
1143 1784 1376 1838 caelestis
1411 1786 1560 1857 regni
1594 1786 1797 1841 aditum
1826 1778 1871 1836 B
1900 1779 2096 1835 flustra
2124 1784 2466 1853 subsequitur
2496 1786 2772 1856 Scriptura
2813 1790 2996 1844 dicens
3042 1806 3055 1843 :

246 1869 563 1935 promereri,
609 1870 752 1937 quia,
784 1873 1073 1926 secundum
1123 1873 1415 1929 Salvatoris
1459 1875 1798 1940 sententiam,

256 1982 268 2005 -.
307 1954 475 2010 Nemo
500 1959 740 2011 ascendit
768 1959 819 2012 in
844 1960 1054 2025 ca‘lum,
1082 1962 1183 2015 nisi
1210 1964 1300 2030 qui
1330 1964 1394 2018 de
1414 1963 1550 2018 cado
1577 1964 1799 2019 descen-

246 2045 339 2108 dit,
372 2045 536 2099 Filius
566 2047 817 2113 hominis,
839 2049 929 2117 qui
958 2050 1116 2103 estin
1141 2051 1294 2106 cmlo.
1326 2071 1344 2104 ›
1381 2052 1480 2118 Qui
1519 2055 1661 2108 enim
1689 2071 1799 2110 ma—

246 2144 337 2186 net
365 2134 666 2190 in'unitatis
691 2152 975 2208 compage,
997 2139 1065 2192 ad
1094 2155 1315 2209 regnum
1355 2143 1511 2196 simul
1548 2147 1801 2202 ascendet

244 2238 365 2276 cum
397 2225 605 2293 capite;
649 2226 737 2293 qui
764 2234 938 2280 autem
966 2228 1250 2282 divortium
1276 2240 1437 2295 amat,
1466 2247 1682 2288 necesse
1718 2243 1823 2299 est,

244 2321 299 2363 ut
326 2312 378 2365 in
411 2312 517 2365 ima
547 2313 737 2368 inferni
762 2323 920 2384 atque
946 2317 998 2370 in
1022 2319 1205 2372 tartari
1220 2320 1479 2388 profunda
1499 2322 1652 2377 simul
1677 2340 1797 2380 cum

238 2402 443 2455 erroris
482 2410 699 2457 auctore
743 2418 804 2458 ac
851 2405 1196 2462 dissensionis
1248 2410 1544 2466 animatore
1588 2412 1798 2469 diabolo

237 2501 532 2559 mergatur,
558 2494 681 2562 quia
712 2510 818 2548 non
842 2505 924 2549 est
946 2497 1295 2573 dissensionis
1325 2501 1481 2567 Deus,
1506 2505 1597 2558 sed
1627 2506 1792 2574 pacis.

295 2578 424 2650 ’Sed
453 2581 589 2658 quia
614 2582 877 2650 negotium
900 2586 1171 2660 scribendi
1195 2590 1524 2658 suscepimus
1544 2593 1797 2648 adversus

236 2682 334 2723 cos
375 2670 467 2738 qui
519 2671 701 2724 dicunt
728 2688 832 2726 non
877 2673 1040 2729 licere
1086 2679 1395 2743 parentibus
1435 2680 1618 2735 liberis
1660 2684 1796 2738 ﬁlios

233 2771 359 2810 suos
423 2757 679 2827 ingenuos
718 2759 811 2813 Dei
857 2762 1077 2816 servitio
1121 2766 1460 2833 mancipare,
1502 2785 1705 2845 necnon
1740 2781 1797 2827 et

232 2854 421 2899 contra
456 2846 571 2900 illos
600 2848 711 2915 qui,
745 2849 894 2917 parvi
945 2851 1234 2919 pendentes
1280 2865 1461 2910 votum
1495 2859 1635 2927 quod
1684 2860 1794 2916 Deo

232 2934 525 2999 voverunt,
554 2937 832 2993 servitium
887 2950 1132 2995 sanctum
1179 2945 1317 3011 quod
1362 2947 1589 3016 professi
1635 2961 1790 3017 sunt,

231 3024 383 3091 quasi
404 3024 521 3078 sine
553 3033 701 3079 reatu
723 3027 969 3083 deserere
998 3040 1231 3097 possent,
1258 3032 1471 3104 indigne
1500 3037 1784 3106 abjiciunt;

1910 528 2037 596 quid
2064 529 2129 581 de
2157 529 2324 582 bobus
2344 546 2474 584 cura
2504 540 2585 583 est
2618 532 2757 584 Deo?
2800 548 2864 585 an
2911 534 3079 602 magis
3106 536 3306 605 scripta
3350 544 3478 593 sunt

1908 625 2126 684 propter
2154 618 2292 669 nos?
2320 637 2337 668 ι
2374 617 2507 673 llinc
2530 620 2909 688 Dominus-per
2936 622 3276 678 Psalmistam
3303 628 3432 682 dicit
3457 645 3472 683 :

1914 720 1933 753 ι
1964 704 2075 758 Non
2099 708 2357 776 accipiam
2387 708 2453 762 de
2482 710 2639 763 domo
2671 719 2758 763 tua
2789 712 3001 778 vitulos,
3047 730 3219 787 neque
3263 718 3328 771 de
3354 733 3478 787 gre-

1907 792 2062 860 gibus
2108 795 2213 847 tuis
2252 795 2450 857 hircos,
2486 799 2738 865 quoniam
2792 814 2924 853 mea:
2969 785 3316 859 sunt‘omncs
3348 785 3475 860 fera)

1905 883 2181 949 silvarum,
2208 886 2448 954 jumenta
2479 889 2531 940 in
2565 891 2839 946 montibus
2868 900 2923 946 et
2951 892 3133 948 boves.
3175 913 3192 945 ι
3230 896 3296 948 Et
3318 898 3477 966 paulo

1908 982 2065 1040 post:
2105 994 2123 1024 ‹
2157 975 2399 1040 lmmola,
2436 997 2455 1029 ι
2487 979 2579 1041 ait,
2619 998 2636 1028 ‹
2674 981 2781 1034 Deo
2811 983 3134 1045 sacriﬁcium
3186 985 3375 1051 laudis,
3420 997 3474 1042 et

1908 1064 2068 1117 redde
2090 1065 2364 1122 Altissimo
2391 1078 2510 1122 vota
2558 1080 2668 1123 tua.
2712 1090 2728 1122 ι
2763 1072 2832 1125 Et
2863 1073 2988 1127 item
3033 1092 3044 1125 :
3084 1094 3100 1125 ι
3136 1074 3473 1132 Sacrificium

1907 1154 2097 1221 laudis,
2132 1158 2322 1227 inquit,
2361 1162 2739 1217 honoriﬁcabit
2763 1179 2868 1227 me,
2905 1176 2957 1219 et
3001 1165 3109 1219 illic
3138 1169 3237 1223 iter
3263 1178 3364 1233 est,
3416 1171 3467 1223 in

1904 1258 2011 1312 quo
2038 1232 2319 1301 ostendam
2348 1248 2452 1303 illis
2496 1252 2731 1306 salutare
2762 1254 2875 1324 Dei.
2911 1273 2927 1305 ι
2962 1253 3094 1309 Cum
3139 1265 3314 1311 autem
3342 1232 3470 1311 Cain

1906 1344 2122 1404 propter
2170 1338 2424 1393 invidiam
2477 1341 2801 1397 interﬁceret
2836 1344 2991 1409 Abel,
3028 1361 3237 1401 rursus
3301 1348 3471 1402 Adam

1906 1428 2153 1496 cognovit
2179 1445 2400 1485 uxorem
2438 1446 2609 1496 suam,
2638 1449 2755 1501 qua:
2782 1436 2987 1503 peperit
3015 1436 3061 1490 ei
3092 1434 3278 1501 ﬁlium,
3312 1454 3469 1507 quem

1905 1518 2116 1569 vocavit
2170 1516 2321 1582 Setb,
2384 1521 2607 1575 dicens:
2652 1541 2669 1572 ί
2717 1522 2901 1575 Posuit
2929 1524 3057 1578 mihi
3105 1524 3243 1580 Deus
3290 1540 3472 1581 semen

1903 1604 2046 1658 aliud
2097 1621 2195 1675 pro
2238 1608 2391 1671 Abel,
2417 1625 2573 1676 quem
2603 1612 2800 1664 occidit
2835 1612 2986 1665 Cain.
3021 1632 3039 1662 ι
3085 1612 3189 1667 Sed
3241 1623 3295 1668 et
3342 1615 3473 1669 Scth

1904 1699 2061 1746 natus
2107 1702 2189 1746 est
2240 1694 2395 1757 ﬁlius,
2441 1713 2597 1766 quem
2652 1700 2860 1753 vocavit
2907 1702 3083 1766 Enos,
3119 1703 3183 1756 de
3213 1719 3317 1771 quo
3363 1722 3470 1759 non

3102 1812 3119 1841 ι
3166 1792 3271 1846 lste
3310 1796 3475 1864 empit

1901 1870 2148 1926 invocare
2168 1889 2361 1928 nomen
2389 1876 2618 1929 Domini.
2644 1896 2661 1927 ι
2691 1877 2842 1931 Sicut
2867 1879 3007 1932 enim
3035 1880 3165 1933 Abel
3193 1881 3471 1937 ﬁliiAdam

1899 1960 2221 2015 oblationem
2264 1962 2373 2017 Deo
2424 1965 2634 2034 placere
2680 1969 3013 2035 approbavit,
3066 1971 3136 2022 ita
3169 1980 3223 2025 et
3258 1974 3468 2042 nepotis

1899 2051 2087 2119 ipsius,
2119 2053 2221 2107 hoc
2244 2062 2346 2118 est,
2378 2055 2538 2118 Enos,
2566 2056 2901 2112 devotionem
2938 2060 2989 2111 in
3021 2059 3232 2114 laudem
3262 2062 3471 2116 Deiex-

1897 2140 2117 2208 pressit,
2157 2157 2278 2196 cum
2306 2143 2433 2196 dicit
2463 2158 2476 2196 :
2512 2165 2529 2195 ι
2559 2144 2662 2198 iste
2693 2147 2856 2215 cocpit
2878 2144 3129 2201 invocare
3157 2163 3347 2202 nomen
3374 2150 3469 2205 Do-

1898 2230 2045 2284 mini.
2082 2250 2099 2283 ›
2132 2231 2245 2285 Non
2278 2233 2421 2287 enim
2452 2235 2549 2298 ait,
2584 2236 2685 2289 istc
2717 2237 2987 2291 studiosus
3034 2254 3097 2292 ac
3131 2239 3330 2294 callens
3368 2239 3468 2294 fuit

1898 2317 1951 2370 in
1999 2321 2256 2374 exercitio
2286 2323 2464 2389 operis
2516 2326 2712 2378 terreni
2746 2343 2757 2377 :
2799 2327 2891 2380 sed
2919 2342 3026 2395 quo
3061 2330 3230 2398 magis
3282 2331 3462 2383 Domi-

1898 2423 2022 2461 num
2062 2409 2311 2464 delectari
2347 2413 2516 2477 novit,
2563 2415 2664 2468 hoc
2690 2432 2788 2485 pro
2836 2433 3026 2488 magno
3061 2418 3234 2473 laudis
3263 2421 3465 2474 honore

1896 2498 2106 2563 extulit,
2146 2501 2371 2555 dicens:
2432 2515 2450 2553 ‹
2484 2503 2587 2558 iste
2614 2506 2775 2575 cmpit
2828 2508 3078 2562 invocare
3118 2525 3311 2564 nomen
3355 2513 3461 2567 Do-

1896 2587 2047 2639 mini.
2079 2606 2098 2637 ›
2134 2587 2224 2642 ille
2252 2604 2381 2657 ergo
2414 2593 2513 2646 rite
2537 2593 2749 2648 invocat
2781 2611 2972 2651 nomen
3002 2598 3232 2664 Domini,
3263 2603 3352 2669 qui
3372 2603 3463 2656 de-

1896 2688 2079 2731 votum
2111 2690 2315 2748 pectus,
2368 2692 2422 2737 et
2448 2685 2559 2739 oris
2602 2686 2854 2753 cilicium,
2880 2705 2943 2744 ac
2986 2691 3109 2746 boni
3143 2694 3320 2762 cperis
3352 2704 3465 2749 stu-

1896 2766 2040 2819 dium
2098 2768 2165 2821 ad
2211 2769 2615 2837 gloriﬁcandum
2676 2774 2957 2831 Dominum
3009 2781 3298 2834 coadunat.
3358 2782 3463 2837 iste

1894 2857 2085 2911 merito
2126 2873 2245 2911 cum
2269 2858 2554 2915 Psalmista
2590 2863 2771 2919 dicere
2796 2874 2969 2934 potest
3001 2882 3015 2919 :
3052 2888 3068 2918 ι
3115 2868 3170 2921 In
3201 2885 3287 2923 me
3314 2879 3458 2936 sunt,

1894 2943 2053 3010 Deus,
2087 2955 2227 3010 vota,
2259 2962 2378 3015 qua:
2410 2950 2629 3004 reddam
2663 2952 3000 3009 laudationes
3031 2956 3147 3010 tibi.
3186 2977 3204 3009 ι
3263 2957 3461 3013 Simili-

1894 3041 1977 3086 ter
2030 3050 2239 3103 quoque
2294 3036 2479 3091 Enoch
2531 3048 2585 3093 et
2641 3040 2751 3095 Noe
2810 3043 2910 3097 hoc
2958 3045 3012 3097 in
3065 3045 3236 3101 laudis
3297 3049 3453 3103 titulo

232 3113 584 3167 monasticam
631 3130 840 3184 quoque
886 3117 1219 3187 disciplinam
1249 3125 1538 3179 secundum
1579 3137 1787 3184 sancto—

1888 3122 2243 3191 principatum
2300 3125 2516 3190 habent,
2569 3130 2711 3196 quod
2754 3130 3035 3185 Dominum
3074 3134 3352 3190 timerent
3402 3145 3459 3191 et

232 3217 346 3254 rum
375 3200 598 3255 Patrum
628 3204 835 3269 regulas
861 3206 1159 3262 ordinatam
1180 3249 1195 3274 ,
1227 3225 1323 3266 ceu
1348 3214 1577 3270 humana
1600 3218 1789 3274 inven-

230 3290 406 3353 tione,
450 3299 505 3345 et
550 3307 656 3346 non
714 3293 892 3348 divina
953 3299 1269 3372 auctoritate
1313 3302 1608 3360 institutam
1637 3347 1651 3374 ,
1699 3310 1790 3365 dc-

226 3380 518 3448 spicientes
545 3380 913 3450 detestantur;
956 3386 1128 3455 primo
1172 3404 1443 3448 sacrarum
1483 3393 1788 3466 Scriptura-

227 3484 343 3521 rum
377 3471 694 3549 testimoniis
720 3480 773 3525 ct
810 3483 1116 3536 sanctorum
1143 3476 1364 3533 Patrum
1395 3484 1666 3553 exemplis
1701 3502 1786 3541 os-

226 3558 525 3623 tendetuus,
576 3546 740 3615 licere
784 3564 987 3617 homini
1033 3564 1337 3625 Christiano
1362 3546 1786 3631 suam‘sobolem

223 3647 333 3703 Deo
363 3646 680 3706 consecrare
708 3653 975 3713 ademum
1002 3664 1183 3710 votum
1212 3661 1352 3727 quod
1391 3661 1500 3716 Deo
1529 3677 1781 3733 voretur,

222 3737 337 3790 sine
361 3753 555 3807 magno
578 3749 726 3794 reatu
747 3742 919 3795 omitti
942 3744 1158 3799 omnino
1178 3762 1283 3801 non
1306 3762 1491 3816 posse;
1516 3763 1784 3821 postremo

222 3828 386 3880 vitam
450 3831 798 3908 monasticam
830 3847 958 3888 non
1009 3834 1238 3889 humana
1288 3844 1779 3909 argumentatione,

220 3914 313 3967 sed
336 3915 515 3968 divina
540 3902 857 3995 auctoritate
902 3920 1195 3977 institutam
1225 3902 1383 3980 essc':
1418 3937 1473 3981 ut
1513 3930 1564 3984 hi
1604 3934 1703 4005 qui.
1726 3902 1780 3988 in

218 4002 329 4056 suis
378 4006 543 4058 sectis
572 3994 739 4076 magis
768 4008 1042 4064 conﬁdunt
1092 4028 1251 4081 quam
1305 4016 1357 4069 in
1389 4000 1777 4077 divinorumli-

216 4090 435 4150 brorum
476 4095 706 4162 scriptis,
730 4096 916 4152 saltem
943 4100 1052 4168 ipsa
1083 4104 1305 4159 veritate
1331 4110 1584 4176 superati,
1610 4114 1778 4181 poeni-

218 4182 438 4234 tentiam
480 4193 655 4251 agant,
699 4201 1041 4255 erroremque
1081 4205 1234 4243 suum
1265 4193 1643 4264 relinquentes,
1688 4216 1774 4255 sc-

217 4272 473 4338 metipsos
513 4273 757 4342 decipere
805 4275 1044 4345 aliosque
1091 4293 1270 4334 secum
1310 4282 1376 4336 ad
1420 4287 1774 4353 perditionem

217 4361 431 4415 trahere
460 4362 741 4417 desistant.

1890 3222 2157 3279 amarent,
2206 3223 2368 3283 atque
2397 3219 2447 3269 in
2475 3217 2591 3285 ejus
2618 3222 2898 3291 praeceptis
2945 3224 3203 3278 bonorum
3233 3241 3454 3297 operum

1888 3302 2160 3371 gressibus
2190 3304 2544 3360 ambularent.
2578 3308 2811 3374 Quorum
2840 3314 3071 3381 priorem
3098 3300 3281 3372 tulisse
3307 3318 3447 3374 Deus

1888 3392 2103 3458 dicitur,
2138 3411 2203 3448 nc
2259 3396 2458 3451 diutius
2512 3400 2770 3454 toleraret
2819 3414 3159 3471 peccatorum
3214 3400 3452 3465 vexatio-

1887 3498 2039 3548 nem;
2072 3485 2319 3551 alterum,
2364 3490 2563 3544 mundo
2590 3491 2787 3546 diluvio
2816 3501 3093 3562 pereunte,
3125 3498 3178 3551 in
3211 3514 3335 3554 arca
3373 3503 3449 3556 si-

1886 3572 1994 3625 mul
2024 3589 2144 3626 cum
2176 3576 2357 3630 sobole
2400 3578 2463 3630 ad
2496 3581 2896 3638 restaurandam
2934 3583 3223 3639 humanam
3260 3603 3450 3659 proge-

1884 3661 2025 3715 niem
2078 3662 2389 3717 inscribitur
2449 3680 2771 3722 reservasse.
2830 3668 2992 3739 Cujus
3062 3673 3447 3744 primogenitus

1884 3750 2040 3818 Sem,
2087 3752 2241 3821 juxta
2284 3754 2626 3811 Hebraeorum
2676 3760 3003 3828 Opinionem,
3044 3773 3160 3818 erat
3196 3769 3445 3831 sacerdos

1882 3843 1975 3920 Dei
2003 3846 2219 3911 summi,
2247 3861 2401 3919 quem
2432 3848 2485 3901 in
2515 3849 2964 3918 subsequentibus
2994 3852 3268 3923 Scriptura
3319 3857 3444 3912 Mcl-

1879 3934 2163 3989 ehisedecb
2209 3937 2473 4007 appellat,
2523 3940 2751 3995 oli‘erens
2774 3958 2966 4011 panem
3003 3953 3058 3998 et
3101 3946 3307 4012 vinum,
3349 3965 3436 4004 se—

1878 4024 2109 4078 cundum
2133 4026 2287 4095 cujus
2315 4029 2553 4083 ordinem
2585 4030 2672 4083 ille
2697 4034 2943 4086 sacerdos
2963 4036 3231 4092 exstitisse
3255 4041 3439 4106 perhi-

1876 4108 2065 4177 betur;
2098 4113 2165 4167 ad
2192 4130 2351 4183 quem
2383 4118 2552 4184 patria
2583 4134 2683 4173 vox
2714 4120 2765 4172 in
2794 4122 3015 4189 psalmis
3044 4124 3119 4177 ait
3148 4144 3159 4177 :
3211 4144 3230 4177 ‹
3268 4128 3345 4182 Tu
3374 4144 3433 4183 es

1876 4204 2129 4259 sacerdos
2171 4206 2224 4258 in
2266 4216 2523 4261 internum
2570 4211 2857 4263 secundum
2886 4214 3127 4267 ordinem
3159 4215 3433 4273 Melchise-

1875 4294 2028 4348 dech.
2129 4296 2290 4365 Igitur
2316 4296 2583 4352 Abraham
2610 4301 2824 4353 unicum
2854 4301 2974 4355 ﬁdei
3005 4310 3059 4356 et
3081 4304 3427 4372 obedientiaz,

1875 4394 2034 4455 atque
2061 4402 2201 4441 verm
2230 4390 2444 4457 pietatis
2481 4391 2772 4459 exemplar,
2802 4393 2892 4459 qui
2923 4393 2988 4447 ad
3008 4408 3192 4448 vocem
3220 4396 3425 4451 Domini

1948 4439 1964 4455 ,
2018 4439 2025 4440 ,
2076 4439 2115 4440 ν-
2160 4439 2194 4441 η
2231 4439 2441 4457 Γπ---
2487 4439 2772 4459 -.-----τ---,
2807 4439 2892 4459 1--
2923 4439 2988 4447 η
3021 4439 3191 4448 ηπ...
3222 4439 3425 4451 ..ν.......

281 4448 442 4503 δίικιὶι
484 4452 832 4520 ντίηιοτάῑιιιτι
869 4469 996 4525 επῈο
1036 4456 1154 4511 “bri
1211 4458 1481 4518 σθηθδθοε
1510 4505 1523 4528 .
1575 4465 1662 4519 ubi
1707 4468 1772 4523 de
1797 4439 1849 4496 Β
1873 4490 2120 4546 egressus
2154 4478 2328 4532 estde
2371 4487 2511 4533 terra
2541 4496 2657 4544 sua,
2685 4490 2737 4534 et
2770 4482 2833 4535 de
2874 4484 3187 4551 cognatione
3216 4501 3330 4550 sua,
3375 4496 3427 4541 et

209 4539 528 4607 protoplasti
552 4541 738 4607 primis
779 4540 900 4594 ﬁliis
929 4552 1106 4597 narrat
1139 4544 1412 4617 Scriptura
1442 4564 1622 4607 saneta
1645 4597 1658 4618 ,
1699 4557 1769 4611 ita

208 4625 504 4696 subjungit,
538 4627 757 4682 dicens:
798 4648 815 4678 ι
854 4630 971 4684 Fuit
998 4642 1172 4689 autem
1199 4637 1329 4691 Abel
1351 4652 1532 4708 pastor
1566 4647 1767 4711 ovium,

205 4722 257 4765 et
284 4714 417 4767 Cain
442 4716 694 4783 agricola.
729 4716 946 4771 Factum
973 4730 1054 4773 est
1082 4730 1259 4777 autem
1285 4738 1405 4794 post
1436 4730 1629 4786 multos
1656 4735 1769 4789 dies

206 4811 263 4853 ut
290 4804 513 4857 offerret
538 4804 665 4858 Cain
697 4806 760 4859 de
788 4805 1048 4864 fructibus
1073 4818 1228 4867 terrm
1255 4831 1473 4871 munera
1501 4819 1725 4878 Domino
1750 4847 1761 4878 :

203 4891 331 4946 Abel
354 4908 572 4962 quoque
593 4893 782 4949 obtulit
807 4898 872 4952 de
901 4899 1268 4971 primogenitis
1290 4910 1592 4978 gregissui,
1625 4924 1678 4967 et
1698 4917 1763 4971 de

204 4981 452 5050 adipibus
485 4999 689 5038 eorum.
724 4986 787 5040 Et
822 4991 1054 5057 rCSpcxit
1093 4992 1347 5049 Dominus
1396 4998 1461 5052 ad
1502 4999 1664 5065 Abel,
1707 5013 1761 5057 et

203 5074 265 5123 ad
310 5090 534 5127 munera
572 5074 713 5142 ejus;
753 5077 818 5131 ad
855 5078 983 5132 Cain
1023 5097 1165 5147 vero,
1198 5094 1249 5137 et
1278 5088 1343 5139 ad
1373 5103 1592 5143 munera
1620 5092 1760 5146 illius

200 5182 300 5219 non
331 5169 589 5235 respexit.
632 5188 648 5219 ι
698 5170 832 5225 Ecce
860 5171 1194 5243 habesjuxta
1223 5177 1612 5237 inchoationem
1656 5184 1754 5239 hu-

198 5257 336 5309 mani
386 5258 620 5327 generis,
675 5261 850 5313 statim
902 5262 1007 5317 Deo
1035 5264 1242 5332 placere
1283 5270 1754 5339 primogenitorum

196 5347 543 5410 oblationem,
593 5350 657 5403 de
706 5350 971 5406 innocenti
1015 5364 1225 5423 pectore
1254 5368 1409 5427 atque
1438 5363 1755 5431 pinguedine

197 5437 480 5489 (haritatis
538 5438 820 5506 prolatam,
852 5444 1019 5512 magis
1047 5461 1205 5514 quam
1244 5449 1307 5501 ad
1358 5451 1748 5518 inquisitionem

199 5526 394 5578 terreni
439 5524 633 5587 cultus,
661 5528 746 5580 tibi
780 5530 1044 5599 ingenium
1070 5535 1227 5589 callet
1252 5538 1559 5593 lmmanum.
1598 5544 1663 5597 Et
1686 5562 1750 5599 ne

1872 4568 2244 4637 peregrinatus
2271 4570 2431 4623 estin
2468 4580 2607 4623 terra
2653 4587 2810 4639 quam
2844 4572 2915 4625 illi
2950 4572 3203 4629 Dominus
3226 4578 3425 4646 promi-

1869 4667 2013 4710 serat
2044 4673 2101 4711 se
2133 4661 2404 4724 daturum,
2437 4669 2490 4713 et
2520 4662 2706 4715 semini
2748 4662 2861 4730 ejus
2904 4674 3023 4732 post
3051 4680 3171 4719 eum
3202 4667 3254 4720 in
3295 4684 3421 4737 pos-

1868 4747 2183 4801 sessionem.
2216 4748 2313 4802 llic
2367 4749 2532 4803 ﬁlium
2577 4766 2730 4804 suum
2767 4751 2934 4816 Isaac,
2983 4754 3048 4807 de
3074 4770 3177 4823 quo
3216 4759 3418 4826 accepit

1868 4840 2360 4905 repromissionem,
2391 4842 2455 4894 ad
2489 4843 2767 4910 imperium
2800 4844 3002 4898 Domini
3032 4847 3286 4902 obtulisse
3324 4846 3417 4903 de-

1866 4926 2137 4992 scribitur,
2180 4930 2233 4983 in
2281 4930 2475 4993 locmn,
2523 4947 2683 5000 quem
2714 4937 3018 4987 ostenderat
3062 4936 3108 4989 ei
3160 4937 3319 5003 Deus,
3360 4939 3413 4993 in

1863 5031 1967 5083 quo
2009 5019 2287 5073 :ediﬁcavit
2327 5022 2509 5081 altare.
2540 5031 2594 5076 et
2635 5024 2859 5092 desuper
2896 5023 3036 5093 ligna
3082 5030 3411 5096 composuit,

1863 5121 2088 5174 cumque
2120 5109 2418 5178 eolligasset
2459 5111 2621 5163 ﬁlium
2666 5127 2817 5165 suum
2860 5113 3285 5179 dilectissimum,
3322 5133 3413 5185 po-

1861 5195 1967 5249 suit
1994 5212 2114 5249 eum
2147 5198 2197 5251 in
2223 5199 2388 5253 altare
2421 5216 2579 5268 super
2606 5209 2805 5254 struem
2836 5203 3119 5271 lignorum,
3147 5207 3411 5259 cxtendit-

1859 5301 1961 5353 que
1993 5302 2229 5351 manum,
2269 5297 2321 5340 et
2363 5290 2587 5358 arripuit
2617 5289 2883 5358 gladium,
2922 5301 2977 5345 ut
3024 5293 3319 5347 immolaret
3348 5294 3407 5347 ﬁ-

1855 5376 2013 5441 lium;
2068 5380 2157 5433 sed
2193 5380 2411 5448 angelus
2457 5380 2666 5434 Domini
2696 5384 2967 5450 prohibuit
3007 5398 3148 5448 eum,
3180 5385 3401 5438 dicens:

1858 5483 1874 5512 c
1924 5463 1996 5517 Ne
2026 5467 2281 5519 extendas
2313 5482 2527 5520 manum
2568 5478 2712 5521 tuam
2752 5485 2911 5537 super
2948 5484 3190 5538 puerum,
3232 5485 3403 5539 neque

1849 5552 2015 5606 facias
2052 5554 2099 5607 ci
2141 5556 2447 5623 quidquam.
2492 5556 2639 5611 ﬁunc
2670 5560 2888 5627 cognovi
2919 5560 3055 5627 quod
3083 5561 3273 5613 timeas
3302 5559 3403 5613 Do-

195 5619 329 5670 !nrte
356 5616 531 5679 dicas,
574 5616 655 5671 hic
690 5619 963 5675 brutorum
1012 5625 1318 5704 animalium
1351 5628 1615 5686 oblatione
1648 5634 1748 5689 Do-
1849 5641 2071 5706 minam,
2104 5652 2156 5695 ct
2202 5659 2301 5696 non
2353 5648 2655 5712 pepercxris
2708 5647 2814 5700 ﬁlio
2847 5657 2935 5701 tuo
2973 5649 3243 5719 uuigenito
3276 5664 3398 5718 pro-
