3968 6338
465 348 568 402 625

1098 338 1156 392 B.
1197 298 1450 392 ninam
1485 335 1706 393 MAURI
1739 334 2055 392 ARCHIEP.
2099 334 2409 392 uocum.
2450 334 2735 393 OPERUM
2772 337 2954 392 rans
2989 337 3030 391 1.

3606 341 3713 396 ἀει

460 469 578 528 pter
614 467 716 508 me.
757 471 775 506 ι
816 452 881 507 Et
910 448 1070 522 paulo
1095 459 1216 520 post
1255 451 1501 520 sequitur
1531 449 1813 519 Scriptura
1839 452 1905 503 de
1948 464 2041 502 eo-
2068 462 2116 530 Ᾰ
2143 457 2402 504 mentum.
2439 449 2596 503 Fodit
2621 459 2812 519 puteos
2837 449 3117 520 plurimos,
3143 458 3200 502 ut
3230 451 3492 507 inveniret
3521 466 3721 524 aquam

458 547 582 598 dem
627 543 702 596 ita
742 553 974 598 narrans
1009 558 1020 593 :
1060 557 1079 589 ι
1116 538 1219 593 Per
1245 540 1625 609 memetipsum
1669 537 1877 608 juravi,
1909 537 2041 590 dicit

460 632 742 696 Dominus,
774 631 901 700 quia
935 629 1112 689 fecisti
1142 645 1256 684 rem
1305 629 1466 704 hanc,
1514 636 1568 680 et
1610 643 1715 681 non
1751 627 2039 696 pepercisti

463 723 571 777 ﬁlio
615 731 706 778 tuo
750 722 1049 793 unigenito,
1083 721 1396 776 benedicam
1430 719 1545 782 tibi,
1592 728 1647 771 et
1671 715 2042 786 multiplicabo

462 828 649 868 semen
683 821 833 868 tuum
864 813 1004 868 sicut
1031 812 1217 867 stellas
1249 809 1393 874 coeli,
1417 817 1472 862 et
1500 809 1649 863 velut
1674 823 1901 863 arenam
1923 824 2042 877 qum

462 905 628 960 estin
666 904 849 960 littore
880 904 1065 957 maris.
1104 899 1406 955 Possidebit
1433 914 1617 954 semen
1664 907 1817 953 tuum
1861 909 2044 969 portas

462 993 831 1057 inimicorum,
867 1001 922 1046 et
969 990 1352 1046 benedicentur
1395 990 1450 1043 in
1491 990 1696 1044 semine
1725 999 1817 1045 tuo
1855 1006 2045 1045 omnes

465 1094 654 1155 gentes
681 1093 860 1147 terrm,
893 1081 1016 1150 quia
1051 1079 1282 1134 obedisti
1315 1079 1433 1133 voci
1459 1095 1612 1134 mea).
1646 1099 1666 1130 ο

538 1180 674 1247 Quid
705 1179 770 1234 ad
799 1180 912 1232 haec
939 1174 1262 1245 respondent
1288 1175 1582 1244 importuni
1612 1173 1926 1229 defensores
1956 1189 2046 1244 ge-

467 1272 649 1326 nuinae
702 1267 985 1330 libertatis,
1043 1275 1099 1320 et
1150 1265 1427 1334 vaniloqui
1481 1273 1670 1323 contra
1724 1265 2045 1322 Dominum?

473 1359 722 1429 Nunquid
757 1357 967 1422 dicunt,
1007 1349 1154 1414 hunc
1185 1356 1551 1425 patriarcham
1601 1356 1786 1430 inique
1827 1357 2006 1427 egisse
2029 1388 2075 1422 ,-

469 1451 612 1523 quod
657 1449 878 1504 unicum
924 1447 1100 1502 ﬁlium
1137 1457 1193 1501 et
1224 1447 1518 1509 hmredem,
1559 1446 1627 1502 de
1671 1447 1839 1502 libera
1878 1462 2048 1501 uxore

468 1538 674 1604 natum,
725 1547 948 1610 propter
982 1538 1294 1593 mandatum
1350 1537 1562 1591 Domini
1611 1535 1914 1592 oﬁ'erehat?
1957 1545 2048 1590 aut

470 1641 706 1703 arguont
754 1631 1038 1684 Dominum
1083 1627 1400 1697 impietatis,
1445 1628 1590 1697 quod
1629 1627 1840 1682 ﬁdelem
1889 1643 2047 1682 suum

469 1721 731 1775 eultm'em
763 1718 1014 1789 coegerit
1028 1717 1374 1786 parricidium
1408 1718 1787 1772 committere?
1823 1734 1891 1772 an
1935 1709 2045 1772 non

2147 538 2324 591 vivam
2351 557 2362 591 :
2399 539 2599 593 docens
2628 554 2727 594 nos
2756 541 2959 594 intente
2985 540 3238 594 meditari
3283 539 3598 610 Scriptum
3625 558 3723 596 sa-

2144 642 2289 693 cras,
2339 628 2511 682 donec
2550 629 2908 698 percipiamus
2954 631 3191 684 divinam
3232 631 3571 701 sapientiam.
3620 632 3724 689 Hic

2144 733 2273 788 ergo
2316 717 2575 788 patientia
2630 735 2727 774 sua
2759 731 2815 773 et
2859 721 3165 775 obedientia
3215 724 3393 794 arguit
3443 724 3584 792 illos,
3626 727 3725 798 qui

2145 817 2366 878 paterno
2390 811 2617 879 superbe
2644 812 2904 866 resistunt
2927 819 3070 876 voto,
3099 821 3260 880 atque
3286 812 3525 883 decreto,
3575 830 3642 874 ne
3664 818 3722 872 in

2144 900 2224 953 eis
2248 899 2442 966 divinat
2463 903 2738 957 servitutis
2765 903 3044 973 expleatur
3080 903 3317 961 effectus.

2218 991 2480 1046 Similiter
2504 1001 2558 1047 et
2600 993 2786 1060 Jacob,
2814 997 2899 1048 vir
2926 995 3151 1064 simplex
3181 998 3432 1054 habitans
3460 1001 3511 1054 in
3541 1002 3725 1056 taber-

2145 1081 2372 1145 naculis,
2403 1081 2722 1137 humilitatis
2753 1100 2976 1139 summa:
3003 1101 3068 1140 ac
3097 1088 3522 1144 mansuetudinis
3563 1093 3725 1146 nobis

2144 1172 2354 1239 praebet
2370 1173 2696 1242 exemplum,
2735 1184 2796 1230 ut
2829 1176 2878 1230 si
2906 1177 3131 1232 velimus
3157 1179 3584 1238 benedictionem
3619 1185 3730 1240 hc-

2147 1263 2383 1318 reditare
2412 1274 2710 1335 paternam,
2762 1259 3076 1328 maneamus
3122 1269 3178 1324 in
3215 1270 3583 1340 simplicitatis
3628 1289 3728 1329 no-

2147 1359 2276 1405 strai
2301 1353 2678 1417 tabernaculis,
2705 1362 2762 1409 et
2785 1355 3042 1412 Ecclesia:
3067 1358 3255 1413 matris
3268 1373 3367 1428 per
3392 1362 3575 1415 omnia
3600 1364 3729 1418 sub-

2148 1441 2273 1508 diti,
2315 1445 2486 1515 magis
2536 1447 2888 1515 subjiciamur
2940 1449 3162 1519 regulis,
3210 1466 3376 1520 quam
3415 1467 3542 1508 cum
3589 1454 3728 1508 Esau

2147 1531 2269 1586 rufo
2314 1543 2370 1587 et
2416 1534 2648 1604 bispido,
2699 1537 2854 1590 vanis
2885 1537 3083 1594 mundi
3116 1540 3422 1596 serviamus
3472 1544 3728 1613 negotiis.

2145 1623 2287 1688 Quid
2339 1639 2597 1679 enumero
2643 1625 2952 1699 specialiter
3001 1628 3434 1696 patriarcharum
3491 1629 3732 1703 singulo-'-

2149 1731 2268 1769 rum
2306 1710 2464 1779 facta,
2512 1716 2586 1769 ad
2617 1718 3073 1786 comprobandam
3117 1727 3356 1788 paterna:
3387 1723 3731 1778 auctoritatis

471 1811 643 1881 magis
692 1809 879 1878 iniqua
915 1816 1001 1864 est
1033 1806 1216 1877 opinio
1248 1821 1439 1863 eorum
1485 1808 1579 1877 qui
1610 1808 1781 1879 legem
1821 1808 2122 1888 mundae};
2149 1817 2497 1879 potestatem,
2543 1809 2598 1861 in
2641 1808 2764 1863 ﬁliis
2793 1810 2904 1863 suis
2933 1810 3001 1863 ad
3050 1810 3328 1865 servitium
3375 1810 3469 1865 Dei
3505 1813 3730 1866 traden-

472 1917 605 1958 nam
626 1909 682 1957 et
711 1898 1061 1969 temporalem
1100 1898 1206 1969 legi
1233 1898 1437 1954 divinae
1463 1907 1628 1968 atque
1652 1908 1899 1964 etet-nae,
1926 1914 2049 1968 (μω

469 1993 653 2048 omnia
686 1991 824 2061 regit
839 1999 894 2046 et
921 1998 1112 2045 cuncta
1139 1997 1272 2044 nutu
1295 2003 1393 2045 suo
1414 1990 1672 2059 disponit,
1699 1990 2053 2058 praeponunt?

464 2081 536 2137 -Si
556 2082 698 2136 enim
728 2082 831 2135 hoc
853 2095 963 2134 non
980 2079 1110 2135 licet
1134 2080 1278 2148 quod
1311 2080 1452 2135 Deus
1472 2090 1710 2135 :eternus
1732 2079 1858 2134 ﬁeri-
1879 2078 2049 2148 jubet,

473 2174 739 2246 quomodo
781 2173 907 2229 licet
938 2173 1082 2243 quod
1108 2173 1382 2227 universa
1413 2173 1639 2226 vanitas
1676 2172 1834 2226 docet
1851 2173 1875 2224 ?
1912 2172 2052 2226 scri-

470 2274 623 2335 ptum
658 2272 743 2319 est
768 2263 918 2321 enim
954 2280 966 2315 :
1006 2281 1023 2313 ε
1061 2261 1323 2317 Universa
1347 2262 1560 2321 vanitas
1583 2261 1760 2315 omnis
1783 2261 1946 2315 homo
1974 2261 2054 2315 vi-

477 2370 626 2410 vens.
667 2374 685 2406 ι
729 2354 1050 2422 Quanquam
1087 2353 1139 2407 in
1181 2353 1416 2423 imagine
1458 2351 1550 2406 Dei
1578 2353 1835 2417 ambulet,
1874 2360 2055 2408 tamen

475 2460 612 2501 vane
643 2444 1077 2500 conturbahitur.
1113 2443 1271 2510 Idem.
1302 2455 1431 2512 ergo
1473 2440 1878 2511 Dominus,_qui
1927 2449 2056 2496 tunc

476 2535 697 2592 oraculo
720 2550 819 2591 suo
839 2533 1078 2604 jusserat
1097 2530 1459 2601 patriarcham
1488 2529 1683 2585 oﬁ‘erre
1707 2530 1876 2584 ﬁlium
1898 2545 2055 2584 suum

476 2626 535 2683 in
556 2627 948 2691 holocaustum,
971 2639 1116 2679 nunc
1143 2625 1199 2677 in
1228 2608 1524 2691 Etngelio
1548 2635 1647 2677 suo
1667 2619 1820 2690 jubet
1843 2621 2054 2691 plebem

393 2727 399 2733 '
466 2716 906 2771 ecclesiasticam
954 2713 1192 2769 sobolem
1231 2717 1388 2768 sitam
1413 2713 1636 2771 tradere
1677 2710 2054 2766 ad'servitium

471 2819 755 2873 sanctum;
786 2813 842 2861 et
877 2806 992 2880 qui
1017 2814 1147 2858 tunc
1164 2801 1407 2858 laudavit
1433 2819 1534 2873 pro
1573 2817 1757 2858 amore
1777 2816 1880 2856 suo
1920 2800 2055 2885 ohe-

476 2898 733 2955 dientiam
774 2897 958 2967 piam,
990 2910 1133 2950 nunc
1172 2895 1364 2964 prohat
1412 2893 1470 2947 in
1527 2907 1715 2964 amore
1767 2907 1865 2946 suo
1894 2891 2055 2947 devo-

481 2990 680 3043 tionern
708 2995 971 3042 sanctam.
1006 2985 1140 3039 Nam
1174 2984 1267 3054 qui
1316 2993 1444 3039 tunc
1471 2984 1612 3038 dixit
1637 2984 1688 3042 in
1730 2983 1844 3054 lege
1876 2997 2056 3047 sacer-
2101 3008 2104 3011 π

479 3078 592 3134 doti
618 3084 680 3132 ut
728 3076 1107 3151 vestimentum
1158 3089 1264 3129 non
1314 3073 1605 3136 scinderet,
1636 3081 1693 3126 et
1736 3073 1803 3127 ad
1839 3087 2054 3130 omnem

2152 1896 2274 1960 dis;
2305 1910 2428 1950 cum
2457 1895 2717 1964 Dominus
2746 1897 2860 1965 ipse
2883 1957 2885 1962 η
2910 1897 2963 1951 in
2993 1897 3111 1968 lege
3161 1900 3477 1969 prmceperit
3523 1899 3728 1964 Ismeli,

2149 1986 2397 2040 omnium
2425 1986 2908 2056 primogenitorum
2934 1987 3173 2042 sibimet
3201 1985 3498 2041 faciendam
3539 2001 3733 2043 conse-

2154 2075 2473 2139 crationem,
2523 2076 2709 2131 dicens
2747 2078 2817 2130 ad
2866 2076 3083 2147 Moysen
3132 2096 3144 2130 :
3197 2095 3214 2127 ι
3260 2076 3554 2132 Sanctiﬁca
3598 2079 3733 2132 mihi

2154 2181 2314 2220 omne
2355 2167 2800 2236 primogenitum,
2844 2167 2989 2237 quod
3030 2169 3203 2237 aperit
3250 2168 3462 2221 vulvam
3502 2168 3558 2221 in
3607 2168 3735 2222 filiis

2154 2255 2336 2317 Israel,
2385 2264 2494 2309 tam
2527 2256 2591 2310 de
2618 2257 2948 2323 hominibus,
2987 2273 3148 2327 quam
3194 2258 3261 2312 de
3294 2259 3583 2328 jumentis;
3613 2274 3734 2311 mea

2155 2357 2283 2402 sunt
2308 2349 2452 2402 enim
2477 2350 2678 2403 omnia.
2717 2369 2737 2402 ι
2771 2349 2838 2404 Et
2868 2365 3079 2415 rursum
3106 2365 3227 2405 cum
3254 2349 3468 2409 laevitas
3491 2364 3591 2420 pro
3621 2351 3736 2418 pii-

2157 2440 2444 2511 mogenitis
2471 2441 2632 2496 vellet
2675 2441 2873 2510 eligere
2903 2441 2957 2494 in
2995 2440 3200 2495 cultum
3245 2440 3601 2504 tabernaculi,
3661 2441 3736 2493 ita

2156 2529 2368 2585 locutus
2410 2538 2494 2584 est
2544 2530 2611 2584 ad
2640 2530 2880 2600 Moysen,
2911 2530 3098 2585 dicens
3127 2548 3139 2583 :
3193 2549 3211 2581 ι
3249 2529 3396 2586 Tolle
3424 2529 3640 2585 Levitas
3669 2530 3737 2584 de

2156 2620 2338 2676 medio
2366 2620 2600 2675 ﬁliorum
2639 2618 2822 2683 Israel,
2857 2629 2915 2675 et
2943 2619 3255 2690 puriﬁcabis
3275 2635 3391 2675 eos;
3429 2638 3448 2671 ι
3483 2620 3738 2690 Et'paulo

2156 2720 2278 2780 post
2307 2729 2320 2765 :
2354 2728 2374 2762 ‹
2399 2710 2744 2781 ‘Applicabis,
2786 2711 2992 2787 inquit,'
3029 2709 3242 2775 Levites
3270 2722 3451 2766 coram
3477 2712 3738 2765 taberna-

2157 2803 2280 2858 culo
2324 2801 2544 2858 fmtleris
2580 2812 2872 2857 convocata
2912 2803 3060 2857 omni
3111 2802 3451 2857 multitudine
3495 2802 3735 2859 ﬁliorum

2155 2891 2323 2948 Israel
2356 2910 2387 2946 :.
2411 2907 2646 2961 cumque
2671 2893 2872 2947 Levitze
2901 2891 3102 2946 fuerint
3128 2907 3312 2947 coram
3332 2892 3558 2947 Domino
3578 2934 3593 2956 ,
3638 2908 3738 2962 po-

2157 2993 2290 3039 nent
2325 2981 2418 3038 ﬁlii
2453 2981 2618 3038 Israel
2667 2997 2860 3037 manus
2913 2997 3048 3037 suns
3081 2968 3394 3051 super'eos,
3441 2991 3497 3036 et
3542 2981 3740 3037 oﬁeret

2157 3076 2340 3133 Aaron
2375 3075 2594 3131 Levitas
2641 3091 2840 3134 munus
2867 3076 2920 3130 in
2967 3083 3255 3145 conspectu
3297 3070 3505 3130 Domini
3549 3074 3737 3130 aﬁiiis

421 3166 424 3169 ’
481 3177 752 3222 ortuum
802 3179 909 3219 non
957 3163 1329 3232 ingrederetur
1382 3160 1631 3224 omnino,
1687 3174 1851 3228 super
1902 3168 2056 3228 patre

2160 3169 2342 3233 Israel,
2373 3179 2432 3223 ut
2458 3168 2694 3223 serviant
2738 3167 2794 3220 in
2838 3166 3138 3221 ministerio
3166 3166 3317 3236 ejus;
3361 3175 3415 3220 et
3441 3181 3736 3222 consecra-

478 3272 693 3329 quoque
714 3272 815 3313 suo
842 3264 897 3310 et
923 3263 1095 3309 matre
1123 3269 1230 3314 non
1253 3252 1733 3315 contaminaretur,
1779 3264 2055 3320 necegre-

466 3330 701 3406 lueretur
739 3348 806 3401 de
833 3339 1153 3410 sanetis,ne
1187 3343 1395 3413 polluat
1417 3340 1786 3396 sanctuarium
1811 3340 2054 3405 Domini,

458 3485 466 3490 .
486 3440 612 3510 quia
629 3437 822 3493 oleum
845 3443 1043 3490 sanctas
1075 3433 1346 3488 unctionis
1368 3431 1464 3486 Dei
1488 3431 1573 3486 sui
1600 3445 1762 3501 super
1787 3445 1910 3484 eum
1932 3439 2014 3484 est
2041 3449 2053 3482 :

482 3530 598 3599 ipse
625 3541 768 3580 nunc
793 3526 848 3581 in
875 3523 1167 3592 Evangelia
1191 3523 1322 3577 dicit
1347 3522 1551 3576 homini
1574 3520 1883 3576 Christiano
1912 3538 1924 3571 :
1954 3539 1972 3570 ι
2000 3520 2058 3573 Si

483 3619 674 3674 oculus
707 3625 830 3671 tuus
854 3616 1042 3670 dexter
1065 3611 1394 3668 scandalizat
1417 3620 1491 3677 te,
1528 3625 1660 3666 eme
1682 3624 1828 3676 eum,
1857 3618 1912 3662 et
1937 3625 2060 3679 pro-

478 3707 588 3777 jice
613 3708 710 3761 abs
738 3714 824 3769 te;
853 3714 909 3762 et
938 3705 988 3758 si
1031 3703 1255 3758 dextera
1279 3717 1468 3757 manus
1503 3710 1594 3756 tua
1630 3700 1962 3756 scandalizat
1983 3708 2057 3764 te,

482 3799 736 3856 abscinde
764 3813 906 3863 eam,
933 3808 992 3852 et
1021 3794 1220 3866 projice
1258 3797 1354 3851 abs
1381 3804 1451 3851 te.
1494 3795 1732 3866 Expedit
1777 3795 1921 3850 enim
1964 3795 2061 3849 tibi

493 3896 759 3958 utpereat
807 3902 975 3941 unum
1025 3886 1390 3940 membrorum
1419 3890 1658 3954 tuorum,
1689 3898 1849 3952 quam
1889 3891 2059 3938 totum

487 3993 683 4048 corpus
711 3985 864 4031 tuum
913 3983 1004 4030 eat
1047 3973 1100 4028 in
1131 3975 1453 4045 gehennam.
1505 3993 1525 4027 ι
1577 3973 1644 4027 Ει
1672 3974 1847 4028 item:
1887 3990 1906 4024 ι
1960 3973 2061 4040 Qui

486 4081 642 4128 amat
666 4078 874 4140 patrem
901 4075 992 4121 aut
1019 4074 1246 4120 matrem
1271 4065 1392 4135 plus
1412 4080 1578 4134 quam
1601 4080 1707 4129 me,
1736 4079 1844 4118 non
1871 4073 1954 4140 est
1977 4079 2062 4119 me

486 4158 713 4229 dignbs;
745 4167 800 4213 et
828 4158 919 4226 qui
943 4165 1088 4210 amat
1116 4155 1284 4210 ﬁlium
1310 4162 1403 4209 aut
1429 4154 1595 4209 ﬁliam
1634 4167 1794 4224 super
1820 4169 1926 4219 me,
1951 4169 2058 4207 non

487 4256 570 4303 est
607 4259 691 4304 me
712 4247 904 4317 dignus
929 4262 942 4298 :
971 4254 1028 4299 et
1052 4245 1144 4314 qui
1168 4260 1275 4300 non
1321 4244 1525 4314 accipit
1553 4258 1771 4298 crucem
1801 4257 1975 4306 suam,
2007 4253 2064 4296 et

486 4336 728 4408 sequitur
748 4355 853 4403 me,
878 4352 985 4393 non
1009 4347 1093 4394 est
1117 4351 1202 4392 me
1229 4328 1442 4408 dignus.
1469 4355 1486 4388 ι
1505 4337 1716 4392 Etitem
1746 4353 1759 4390 :
1785 4354 1804 4388 ι
1837 4336 1894 4390 Si
1919 4337 2058 4405 quis,

491 4432 680 4500 inquit,
717 4431 828 4484 vult
855 4438 976 4500 post
1004 4445 1089 4484 me
1118 4430 1322 4501 venire,
1352 4430 1585 4500 abneget
1613 4429 1983 4498 semetipsum,
2007 4441 2063 4483 et

2155 3259 2242 3313 his
2289 3255 2392 3312 eos
2422 3258 2476 3310 in
2505 3255 2835 3310 oblationem
2879 3255 3113 3320 Domini,
3155 3254 3412 3324 quoniam
3462 3255 3602 3309 dono
3628 3255 3737 3310 do.

2157 3349 2270 3402 nati
2297 3357 2424 3402 sunt
2472 3348 2602 3401 mihi
2633 3361 2663 3399 a
2696 3345 2818 3401 liliis
2845 3345 3035 3410 Israel;
3066 3359 3164 3414 pro
3190 3345 3579 3416 primogenitis,
3609 3359 3739 3413 qua

2155 3438 2406 3507 aperiunt
2438 3451 2655 3490 omnem
2683 3436 2898 3490 vulvam
2933 3435 2985 3488 in
3019 3434 3203 3499 Israel,
3245 3435 3428 3504 accepi
3466 3449 3580 3491 eos.
3609 3433 3736 3489 Mea

2158 3539 2285 3584 sunt
2321 3529 2466 3583 enim
2493 3529 2672 3604 ninnia
2720 3527 3073 3597 primogenita
3115 3525 3344 3581 ﬁliorum
3390 3527 3574 3591 Israel,
3603 3536 3737 3582 stam
3779 3550 3783 3552 ·

2157 3637 2225 3676 ex
2264 3621 2589 3683 hominibus,
2625 3634 2789 3688 quam
2816 3633 2883 3672 ex
2906 3617 3200 3688 iumentis;
3235 3632 3301 3672 ex
3337 3619 3423 3676 die
3456 3633 3565 3688 quo
3600 3632 3737 3688 per-

2158 3712 2302 3768 cussi
2344 3725 2503 3766 omne
2529 3709 2947 3780 primogenitum
2987 3707 3042 3761 in
3080 3713 3223 3762 terra
3252 3705 3497 3777 Egypti,
3523 3709 3734 3762 sancti-

2161 3803 2315 3858 ﬁcavi
2351 3815 2445 3856 eos
2472 3801 2623 3863 mihi,
2659 3809 2712 3855 et
2739 3794 2834 3854 tuli
2869 3797 3083 3854 Levitas
3104 3813 3204 3868 pro
3229 3799 3439 3852 cunctis
3463 3798 3739 3870 primoge-

2160 3893 2289 3947 nitis
2316 3890 2548 3944 ﬁliorum
2574 3889 2760 3955 Israel,
2794 3888 3097 3957 tradidique
3127 3903 3222 3943 eos
3246 3887 3385 3943 dono
3413 3888 3596 3941 Aaron
3619 3926 3636 3951 ,
3677 3894 3740 3942 et

2162 3983 2288 4038 ﬁliis
2320 3983 2435 4052 ejus
2480 3981 2547 4035 de
2586 3979 2761 4050 medio
2808 3978 3014 4048 populi,
3066 3984 3126 4031 ut
3158 3976 3396 4031 serviant
3448 3975 3582 4029 mibi
3625 3990 3736 4042 pro

2160 4072 2326 4129 Israel
2370 4073 2423 4126 in
2450 4069 2796 4126 tabernaculo
2843 4069 3083 4133 foederis,
3109 4077 3164 4123 et
3207 4074 3361 4123 orent
3401 4067 3498 4138 pro
3531 4066 3630 4129 eis,
3666 4080 3741 4119 ne

2163 4167 2234 4221 sit
2268 4166 2321 4219 in
2352 4164 2546 4235 populo
2589 4161 2763 4233 plaga.
2799 4180 2817 4212 ι
2867 4161 3007 4216 Ecce
3047 4158 3306 4214 Dominus
3342 4158 3545 4228 expetit
3571 4173 3739 4212 omne

2161 4258 2576 4328 primogenitum
2629 4256 2695 4309 ab
2724 4254 2809 4308 his
2849 4242 2940 4321 qui
2972 4253 3176 4323 legibus
3204 4251 3314 4306 suis
3356 4251 3740 4318 obtemperare

2161 4345 2379 4411 debent,
2404 4354 2460 4400 et
2486 4360 2590 4398 non
2616 4352 2823 4398 tantum
2845 4343 3143 4406 hominum,
3171 4341 3262 4395 sed
3281 4340 3441 4397 etiam
3466 4341 3744 4409 primoge-

2167 4437 2276 4490 nita
2296 4434 2663 4502 jumentorum
2679 4448 2692 4485 :
2711 4441 2769 4487 ut
2783 4430 3182 4499 ostendatquod
3208 4445 3314 4484 non
3331 4429 3502 4484 solum
3524 4439 3738 4495 nostra,

491 4521 641 4574 loual
667 4536 882 4575 crucem
912 4535 1086 4583 suam,
1117 4500 1469 4588 “sequatur
1506 4533 1611 4574 ωε·
1653 4519 1756 4586 Ουί
1801 4520 1942 4574 enim
1966 4534 2061 4572 νο-
2089 4495 2141 4554 D
2167 4528 2261 4582 sed
2289 4495 2449 4580 etiam
2492 4526 2847 4593 nosmetipsos
2881 4495 3148 4576 debitores
3187 4537 3370 4576 sumus
3403 4521 3484 4575 illi
3510 4520 3740 4576 offerre.

491 4610 653 4664 luerit
702 4611 936 4667 animam
987 4625 1142 4664 suam
1184 4609 1386 4664 salvam
1433 4609 1636 4675 facere,
1667 4609 1858 4680 perdet
1904 4624 2063 4676 eam;

494 4702 586 4770 qui
617 4709 796 4754 autem
829 4700 1128 4768 perdiderit
1152 4699 1397 4753 animam
1418 4716 1570 4754 suam
1609 4709 1829 4771 propter
1857 4714 1964 4765 me,
1992 4699 2070 4753 in-

491 4794 669 4850 veniet
694 4807 835 4848 eam.
876 4811 895 4844 ι
924 4791 992 4845 Ει
1029 4806 1240 4845 rursum
1272 4810 1284 4845 :
1320 4809 1338 4842 ί
1380 4792 1585 4858 Omnis,
1635 4811 1654 4845 ι
1685 4792 1880 4862 inquit,
1915 4809 1933 4842 σ
1976 4789 2070 4860 qui

495 4885 743 4953 relinquit
768 4883 1013 4948 domum,
1042 4880 1260 4947 fratres,
1292 4891 1385 4936 aut
1403 4897 1638 4949 sorores,
1673 4891 1770 4938 aut
1805 4892 2066 4945 matrem,

494 4987 583 5029 aut
611 4983 840 5042 patrem,
857 4983 950 5027 aut
973 4988 1221 5036 uxorem,
1245 4980 1339 5025 aut
1365 4972 1520 5035 ﬁlios,
1547 4981 1640 5026 aut
1661 4988 1822 5043 agros
1846 4983 2066 5043 prepter

495 5077 686 5118 nomen
729 5078 905 5116 nicum
929 5103 943 5127 ,
987 5062 1294 5132 centuplum
1325 5063 1586 5131 accipiet,
1620 5072 1675 5116 et
1700 5063 1867 5116 vitam
1909 5071 2068 5116 aeter-

499 5168 620 5206 nam
661 5152 991 5219 possidebit?
1030 5173 1048 5203 ι
1083 5153 1323 5224 Denique
1349 5153 1502 5207 Isaac
1530 5152 1705 5209 ﬁdelis
1732 5152 1826 5207 Dei
1865 5153 2064 5220 cultor,

497 5253 658 5313 atque
705 5253 937 5312 paternre
992 5245 1280 5305 voluntatis
1324 5246 1708 5301 devotissimus
1749 5257 2063 5313 exsecutor,

497 5345 654 5406 typus
699 5334 840 5387 illius
867 5334 933 5387 de
977 5349 1083 5402 quo
1127 5336 1255 5389 dicit
1282 5336 1612 5405 Apostolus:
1651 5357 1669 5389 ι
1715 5337 1911 5392 Factus
1937 5340 2063 5393 obe-

497 5426 649 5480 diens
699 5423 842 5478 Patri
874 5440 1041 5495 usque
1071 5426 1137 5478 ad
1186 5437 1432 5492 mortem,
1473 5438 1701 5483 mortem
1733 5433 1911 5483 autem
1941 5444 2063 5483 crn-

501 5515 575 5569 cis
605 5533 618 5568 ι
658 5533 676 5566 ι
717 5515 917 5570 idcirco
959 5515 1193 5584 portavit
1219 5515 1358 5584 ligna
1385 5520 1452 5571 ad
1477 5517 1867 5572 conficiendum
1894 5517 1960 5571 de
1979 5533 2062 5572 se-

500 5609 725 5676 metipso
758 5609 1145 5674 holocaustum,
1189 5617 1246 5662 ut
1285 5609 1552 5664 Christum
1584 5612 1913 5679 exprimeret
1940 5625 2063 5678 por-

502 5707 703 5752 tantem
733 5714 943 5754 crucem
974 5700 1038 5756 ad
1071 5702 1430 5771 peragendum
1461 5703 1724 5770 passionis
1752 5717 1862 5756 sure
1884 5717 2054 5756 sacra-

2241 4615 2308 4670 Et
2335 4630 2403 4669 ne
2435 4614 2666 4683 aliquam
2690 4611 3075 4681 querimoniam
3103 4611 3204 4665 rite
3227 4623 3497 4681 Opponere
3534 4611 3738 4681 possis,

2169 4715 2226 4763 et
2262 4707 2442 4762 dicere
2485 4705 2567 4760 fas
2602 4718 2707 4758 non
2750 4717 2869 4759 esse
2907 4702 3174 4756 hominem
3219 4701 3512 4769 quemlibet
3561 4701 3740 4753 ﬁlium

2171 4811 2328 4852 suum
2354 4809 2505 4865 teque
2535 4795 2758 4869 liberum
2787 4791 2854 4846 ad
2875 4791 3149 4846 servitium
3180 4791 3272 4846 Dei
3316 4791 3530 4856 offerre,
3575 4789 3745 4860 jubet

2171 4889 2480 4943 universum
2508 4886 2779 4955 populum,
2811 4899 2974 4938 unam
3011 4882 3207 4938 tribum
3238 4884 3304 4938 de
3344 4873 3620 4939 duodecim
3665 4885 3745 4939 si-

2168 4979 2280 5035 mul
2311 4987 2476 5032 totam
2500 4975 2693 5031 oﬁ‘erre
2720 4976 2788 5030 ad
2818 4974 3216 5030 tabernaculum
3246 4973 3483 5039 hederis,
3519 4984 3574 5029 et
3595 4991 3739 5029 con-

2172 5083 2387 5125 secrare
2425 5067 2499 5121 ibi
2541 5067 2595 5120 in
2638 5064 2960 5122 oblationem
3005 5064 3229 5117 Domino
3259 5065 3324 5117 ad
3369 5064 3739 5118 ministerium

2168 5161 2304 5230 ejus.
2348 5159 2539 5214 Utrum
2583 5166 2710 5210 tunc
2740 5156 2950 5209 videtur
2983 5153 3238 5223 majorem
3266 5161 3587 5223 potestatem
3635 5155 3741 5208 ha-

2169 5253 2296 5307 bere
2322 5250 2460 5304 ﬁlios
2484 5249 2648 5303 Israel
2676 5249 2730 5301 in
2761 5246 3015 5302 fratribus
3043 5245 3158 5301 suis
3188 5245 3391 5299 L'evitis
3417 5244 3737 5308 efferendis.

2167 5342 2361 5410 quibus
2400 5347 2520 5409 post
2559 5338 2885 5393 oblationem
2938 5335 3154 5390 decreto
3199 5333 3410 5388 Domini
3460 5334 3742 5403 abnegat:

2167 5441 2250 5486 est
2273 5446 2390 5486 sors
2454 5430 2630 5483 omnis
2676 5426 3004 5482 hmreditatis
3055 5432 3281 5478 terrenae
3307 5463 3322 5488 ,
3367 5428 3432 5478 et‘
3459 5423 3743 5492 possessio

2170 5523 2310 5576 inter
2348 5529 2572 5576 caeteras
2610 5519 2778 5572 tribus
2820 5517 3000 5572 haberi
3038 5534 3050 5568 :
3091 5515 3174 5569 vel
3208 5523 3413 5584 patrem
3448 5518 3594 5568 cuin‘
3621 5512 3740 5569 ﬁlio

2169 5613 2384 5681 proprio
2429 5611 2604 5664 adhuc
2651 5608 2864 5677 quidem
2921 5619 3115 5662 tenerae
3165 5607 3357 5669 aetatis,
3395 5613 3449 5658 et
3493 5603 3742 5659 nondum

2169 5702 2463 5756 secundum
2503 5700 2674 5771 legem
2729 5699 2811 5754 sui
2848 5698 2985 5768 juris
3032 5705 3124 5751 aut
3165 5695 3446 5751 potestatis
3488 5704 3740 5751 cnstcn-
