3968 6388
236 249 342 304 425

1283 250 1475 303 LIBER
1519 251 1600 302 DIC
1639 249 2017 304 0BLA'I‘IONE
2061 248 2454 306 I‘UERORUM.

3361 251 3462 305 Ηϐ

237 369 378 426 tem;
420 377 541 416 cum
582 375 703 414 cum
743 359 1029 414 secundum
1078 367 1271 413 sant-tae
1307 358 1522 428 Regula:
1559 361 1798 414 instituta
1831 370 1874 424 Α
1906 362 2144 430 gitimam
2193 377 2310 416 che
2357 362 2680 416 oblationem
2731 354 3011 433 parentum
3065 364 3116 416 in
3168 364 3287 417 ﬁliis
3332 368 3461 420 suis.

237 453 484 506 munibus
527 452 808 504 mundanis
834 451 978 506 curis
1009 451 1338 520 negotiisque
1389 461 1549 520 atque
1590 467 1797 520 posses-

238 542 478 596 sionibus
515 550 767 604 exulum,
809 541 906 594 soli
951 540 1060 595 Deo
1104 540 1167 594 ad
1208 541 1544 595 serviendum
1591 541 1790 596 manci-

237 646 366 701 pare
389 631 730 693 decreverit?
768 632 923 685 Aliud
973 639 1057 685 est
1098 631 1242 685 enim
1284 631 1351 685 ab
1376 633 1563 702 aequali
1617 649 1796 703 requa-

237 723 339 775 lem
384 722 544 786 tradi,
577 730 633 776 et
672 721 814 776 aliud
852 737 882 774 a
927 721 1129 788 majore
1174 721 1433 776 minorem
1477 723 1632 776 alicui
1675 723 1794 777 sub-

229 813 345 881 jici.
379 812 522 865 Iuter
561 811 794 881 aequales
832 811 973 863 enim
1017 824 1158 879 satpe
1208 810 1561 865 contradictio
1590 813 1790 876 oritur,

236 919 302 957 ne
341 920 444 958 una
475 919 600 973 pars
639 903 863 958 alteram
893 909 1124 972 superet,
1157 910 1248 956 aut
1279 903 1484 957 servire
1528 912 1750 974 cogatur
1777 923 1789 957 :

233 993 324 1047 sed
371 994 511 1047 inter
540 991 798 1061 majorem
844 1001 898 1049 et
937 993 1196 1047 minorem
1238 993 1378 1046 nulla
1415 995 1549 1048 ratio
1592 995 1793 1058 existit,

233 1084 376 1151 quod
396 1083 578 1151 junior
597 1082 813 1154 majoris
836 1083 1055 1153 imperio
1076 1082 1293 1137 omnino
1316 1098 1373 1137 se
1399 1099 1502 1137 non
1526 1085 1791 1153 subjiciat.

233 1172 289 1223 Si
314 1172 456 1227 enim
485 1173 761 1242 imperium
799 1172 1005 1228 Domini
1031 1182 1084 1226 et
1120 1173 1171 1226 in
1200 1171 1507 1240 majoribus,
1536 1184 1590 1228 et
1617 1176 1668 1228 in
1699 1175 1796 1228 mi-

234 1264 456 1316 nuribus
485 1264 708 1334 justum.
733 1270 814 1316 est
854 1277 867 1314 :
898 1278 994 1316 cur
1023 1279 1129 1317 non
1155 1272 1368 1317 cessant
1412 1264 1532 1318 vani
1561 1281 1797 1319 murmu~

233 1363 442 1408 ratores
481 1353 590 1418 isti,
621 1362 675 1408 et
704 1354 1010 1422 iniquarum
1037 1353 1421 1423 compositores
1458 1354 1793 1425 querelarum

231 1444 439 1514 legibus
466 1444 559 1500 Dei
598 1444 910 1508 detrahere;
951 1452 1110 1514 atque
1135 1453 1320 1498 contra
1348 1444 1495 1499 illum
1532 1444 1673 1514 loqui
1702 1460 1793 1499 ne-

229 1533 456 1600 quitiam
487 1573 500 1598 ,
541 1533 631 1603 qui
673 1533 866 1589 cmlum
905 1543 960 1588 et
1003 1541 1220 1600 terram,
1264 1543 1318 1589 et
1356 1537 1537 1592 omnia
1581 1550 1699 1604 qua:
1738 1536 1790 1589 in

229 1622 309 1676 eis
344 1631 469 1676 sunt
503 1624 727 1689 creavit,
775 1624 940 1695 regit,
985 1633 1037 1678 et
1076 1625 1366 1679 secundum
1410 1640 1561 1680 suam
1607 1626 1792 1681 volun-

1901 466 2066 520 pauca
2105 450 2170 506 de
2195 451 2435 520 pluribus
2462 467 2908 507 commemorasse
2937 453 3164 508 sufficiat
3189 471 3201 504 τ
3235 470 3374 507 nunc
3400 471 3460 506 ea

1898 555 2017 609 quae
2066 541 2132 595 de
2170 540 2415 595 Iudicum
2466 549 2628 610 atque
2664 541 2865 610 Regum
2924 543 3252 612 temporibus
3298 544 3460 595 tuenti

1897 625 2206 694 occurrunt,
2257 631 2322 685 ad
2376 632 2797 685 continuandam
2847 631 3091 686 eamdem
3143 649 3278 694 rem,
3326 634 3462 702 stylo

1896 717 2250 789 proferamus.
2300 719 2518 789 Legitur
2557 719 2605 772 in
2643 719 2781 773 libro
2819 719 3064 774 Iudicum
3102 721 3241 789 quod
3271 721 3461 789 Iephte.

1897 808 2224 872 Galaadites,
2255 809 2336 862 vir
2365 807 2708 872 fortissimus,
2737 826 2855 862 cum
2893 809 3087 864 bellum
3120 821 3302 864 contra
3339 812 3461 864 Am-

1898 898 2129 952 monitas
2179 913 2338 967 agere
2393 897 2766 967 disposuisset,
2818 909 2876 952 ut
2921 908 3134 954 erueret
3191 901 3350 954 Israel
3397 902 3477 953 de'

1899 1004 2056 1040 manu
2086 1003 2292 1050 con-tun,
2325 986 2466 1041 facto
2503 1003 2663 1056 super
2699 1003 2755 1042 se
2787 990 2975 1057 spiritu
3003 990 3113 1049 Dei,
3159 1001 3330 1044 votum
3365 1005 3458 1041 vo-

1897 1077 2034 1129 verit
2068 1077 2311 1138 Domino,
2344 1076 2525 1130 dicens
2559 1096 2569 1129 :
2621 1096 2637 1126 ‹
2676 1077 2730 1130 Si
2763 1078 3042 1131 tradideris
3070 1078 3206 1133 ﬁlios
3233 1081 3459 1132 Ammon

1898 1167 1951 1219 in
1993 1181 2182 1220 manus
2220 1181 2385 1225 ineas,
2423 1167 2726 1235 quicunque
2775 1166 2933 1220 fuerit
2977 1167 3186 1238 primus
3216 1185 3463 1237 egressus

1899 1255 1963 1308 de
1999 1253 2202 1309 foribus
2251 1255 2439 1310 domus
2469 1271 2622 1320 mea},
2656 1258 2894 1326 mihique
2941 1261 3237 1313 occurrerit
3286 1276 3461 1313 rever-

1899 1346 2030 1398 tenti
2074 1359 2194 1399 cum
2236 1361 2365 1414 pace
2409 1361 2437 1424 ει
2475 1346 2598 1400 ﬁliis
2635 1347 2881 1410 Ammon,
2925 1364 3045 1401 tum
3093 1349 3460 1402 holocaustum

1897 1434 2116 1488 oﬁ‘eram
2149 1435 2390 1490 Domino.
2445 1434 2818 1505 Transivitque
2843 1436 3034 1506 Iephte
3078 1439 3141 1490 a‘l
3174 1438 3310 1509 ﬁlios
3338 1438 3462 1490 Am-

1897 1541 2044 1587 mon,
2090 1532 2148 1578 ut
2180 1533 2443 1594 pugnaret
2488 1531 2675 1578 contra
2711 1539 2824 1589 eos,
2854 1542 2994 1594 quos
3037 1525 3249 1579 tradidit
3288 1512 3463 1579 Domi-

1896 1629 1999 1668 nus
2044 1615 2095 1667 in
2144 1630 2332 1668 manus
2379 1613 2512 1681 ejus.
2564 1615 2935 1683 Pereussitque
2985 1615 3052 1669 ab
3081 1616 3243 1678 Aner,
3292 1633 3461 1686 usque

233 1719 396 1764 tatem
429 1712 700 1782 disponit?
723 1714 953 1767 maxime
981 1728 1101 1766 cum
1128 1728 1224 1782 per
1253 1712 1590 1767 Psalmistam
1617 1715 1788 1768 incre-

1894 1706 2018 1757 dum
2069 1705 2251 1757 venias
2296 1704 2633 1780 iuMcnnith,
2667 1701 2852 1775 viginti
2902 1707 3256 1789 civitatesuel
3295 1724 3461 1776 usque.

229 1803 406 1870 pando
435 1802 564 1856 tales
613 1801 845 1872 Spiritus
889 1811 1107 1856 sanctus
1152 1802 1226 1856 ita
1267 1801 1532 1872 loquatur,
1566 1804 1789 1858 dicens:

235 1910 252 1939 ι
293 1891 466 1945 Nolite
491 1892 746 1957 extollere
769 1893 824 1946 in
872 1892 1036 1965 altum
1072 1908 1236 1948 cornu
1265 1902 1519 1958 vestrum,
1546 1904 1600 1948 et
1629 1895 1794 1948 nolite

229 1981 375 2050 loqui
403 1982 661 2037 adversus
705 1983 872 2038 Deum
923 1983 1300 2052 iniquitatem:
1345 1983 1468 2052 quia
1516 1999 1687 2053 neque
1726 1987 1793 2039 ab

181 2141 184 2145 _
227 2071 454 2138 oriente,
495 2087 668 2141 neque
698 2088 728 2126 a
754 2073 980 2127 desertis
1020 2074 1306 2137 montibus,
1353 2073 1604 2141 quoniam
1651 2073 1793 2129 Deus
1830 2122 1833 2125 .

225 2160 387 2228 iudex
414 2174 514 2216 est.
569 2181 586 2213 ι
636 2162 1078 2235 Meminerintque
1115 2163 1256 2218 illius
1291 2165 1586 2228 scntentize,
1631 2180 1792 2236 quam

227 2252 392 2307 Iudas
440 2254 712 2324 apostolus
763 2254 816 2308 in
869 2270 965 2309 sua
1011 2255 1245 2324 Epistola
1293 2256 1513 2326 protulit
1558 2255 1787 2312 dicens:

235 2364 254 2395 ι
284 2346 720 2400 S’ubintroierunt
740 2344 958 2416 quidam
985 2348 1247 2412 homines,
1275 2348 1363 2417 qui
1390 2348 1513 2404 olim
1542 2349 1790 2419 prmscri-

228 2437 306 2505 pti
343 2446 468 2490 sunt
496 2437 550 2490 in
577 2437 678 2492 hoc
696 2436 978 2506 judicium,
1020 2438 1186 2509 impii,
1228 2440 1322 2494 Dei
1359 2440 1526 2494 nostri
1567 2440 1790 2509 gratiam

233 2527 620 2583 transferentes
665 2528 718 2582 in
761 2515 1142 2594 luxuriam,'et
1185 2529 1355 2583 solum
1399 2529 1788 2585 dominatorem

230 2616 515 2671 Dominum
567 2625 808 2671 nostrum
868 2616 1050 2672 Iesum
1105 2616 1376 2695 Christum
1433 2625 1710 2687 negantes.
1767 2639 1784 2670 ι

228 2704 435 2772 Quibus
491 2713 546 2760 et
591 2705 750 2775 paulo
802 2714 922 2776 post
965 2706 1016 2759 in
1055 2706 1239 2761 eadem
1279 2704 1528 2776 Epistula
1570 2709 1790 2763 commi-

228 2796 408 2850 nando
432 2795 760 2865 subjungens
783 2797 858 2852 ait
877 2815 895 2850 τ
935 2816 954 2848 ι
984 2795 1074 2851 Vae
1101 2796 1203 2851 illis
1228 2797 1317 2866 qui
1343 2795 1426 2850 via
1467 2796 1597 2852 Cain
1644 2798 1790 2853 abie-

229 2892 377 2951 runt,
407 2893 461 2940 et
485 2900 671 2941 errore
693 2886 912 2941 Balaam
940 2883 1092 2941 eﬁ‘usi
1119 2897 1263 2953 sunt,
1288 2895 1341 2941 et
1365 2887 1790 2944 contradictione

201 2974 366 3052 Core
409 2976 687 3047 perierunt
735 2994 746 3030 :
802 2977 857 3031 hi
900 2984 1026 3032 sunt
1073 2975 1128 3032 in
1174 2977 1344 3048 epulis
1374 2978 1493 3033 suis
1535 2976 1786 3045 maculat,

1896 1795 1962 1849 ad
1990 1795 2138 1857 Abel,
2170 1810 2287 1864 qua:
2315 1804 2397 1849 est
2421 1796 2591 1849 vincis
2618 1798 2844 1859 consita,
2877 1796 3030 1867 plaga
3066 1814 3252 1861 magna
3280 1800 3456 1851 nimis.

1896 1886 2276 1955 llumiliatique
2326 1896 2449 1940 sunt
2500 1886 2592 1940 ﬁlii
2631 1887 2858 1942 Ammon
2907 1904 2937 1942 a
2973 1889 3098 1950 ﬁliis
3140 1889 3320 1942 Israel.
3359 1891 3459 1942 lle-

1896 1978 2118 2030 vcrtenii
2184 1979 2360 2031 autem
2409 1976 2599 2047 Jepbte
2652 1979 2704 2031 in
2753 1978 2967 2049 Maspha
3018 1979 3233 2034 domum
3285 1988 3456 2037 suam;

1892 2070 2125 2123 occurrit
2171 2070 2442 2137 unigenita
2494 2070 2611 2123 ﬁlia
2653 2085 2776 2126 cum
2835 2055 3101 2140 tympanis
3144 2079 3198 2126 et
3242 2072 3454 2126 choris:

1893 2175 1996 2214 non
2035 2161 2175 2214 enim
2216 2160 2445 2215 habebat
2479 2161 2613 2217 alios
2648 2162 2860 2217 liberos.
2897 2162 3011 2229 Qua
3036 2162 3148 2216 visa
3185 2163 3343 2216 scidit
3369 2179 3459 2214 ve-

1893 2252 2142 2306 stimenta
2193 2266 2310 2316 sua,
2341 2260 2395 2306 et
2423 2252 2497 2306 ait
2532 2252 2708 2318 :l—leu,
2757 2252 2863 2307 ﬁlia
2902 2253 3006 2307 mi!
3048 2251 3303 2321 decepisti
3350 2268 3485 2314 me,~

1891 2345 1945 2392 et
1971 2339 2084 2408 ipsa
2112 2340 2329 2410 decepta
2360 2354 2437 2396 es.
2484 2340 2679 2410 Aperui
2709 2341 2852 2395 enim
2879 2355 2941 2396 os
2971 2356 3146 2396 meum
3179 2342 3242 2394 ad
3271 2340 3451 2394 Domi-

1892 2445 2041 2496 num,
2070 2439 2124 2484 et
2152 2430 2293 2485 aliud
2324 2424 2510 2486 facere'
2532 2446 2636 2485 non
2666 2416 2872 2500 potero.
2910 2429 3004 2485 Cui
3038 2429 3452 2498 illa‘respondit:

1891 2521 2053 2577 Pater
2097 2524 2184 2584 mi,
2238 2521 2285 2577 si
2327 2523 2580 2593 aperuisti
2627 2538 2687 2578 os
2723 2530 2869 2577 tuum
2919 2523 2986 2576 ad
3014 2521 3316 2584 Dominum,
3373 2521 3456 2574 fac

1891 2614 2019 2667 mihi
2051 2616 2402 2686 quodcunque
2435 2615 2702 2684 pollicitus
2731 2630 2809 2680 es,
2839 2630 3093 2670 concessa
3129 2614 3221 2668 tibi
3255 2614 3453 2668 ultione

1891 2715 2050 2775 atque
2079 2705 2299 2761 victoria
2329 2707 2393 2761 de
2421 2706 2662 2763 hostibus
2690 2705 2812 2760 tuis.
2845 2704 3092 2773 Dixitque
3117 2704 3181 2758 ad
3209 2712 3414 2773 patrem
3441 2725 3451 2756 -.

1890 2795 2003 2852 lloc
2048 2798 2216 2852 solum
2257 2798 2387 2853 mihi
2413 2792 2629 2870 prwsta,
2660 2797 2800 2868 quod
2841 2806 2890 2852 te
2924 2798 3219 2868 deprecor:
3249 2797 3454 2852 dimitte

1890 2903 1996 2952 me,
2055 2891 2114 2941 ut
2155 2888 2364 2942 duobus
2419 2890 2692 2943 mensibus
2743 2888 3065 2943 circumeam
3117 2896 3348 2949 montes,
3402 2897 3456 2939 et

1888 2979 2133 3049 plangam
2162 2979 2518 3049 virginitatem
2558 2995 2727 3034 meam
2763 2992 2882 3033 cum
2911 2979 3197 3034 sodalibus.
3236 2977 3330 3032 Cui
3363 2979 3449 3031 ille

226 3062 576 3122 convivantes
604 3067 718 3122 sine
758 3066 973 3132 timore,
1001 3068 1318 3137 semetipsos
1340 3077 1652 3138 pascentes;
1680 3085 1782 3125 nu-
1811 3065 1856 3127 C
1889 3067 2198 3137 respondit:
2223 3067 2387 3122 Vade.
2441 3068 2732 3146 Etgdimisit
2760 3083 2877 3123 eam
2911 3068 3115 3122 duobus
3147 3068 3446 3128 mensibus;

224 3155 324 3212 bes
347 3157 464 3211 sine
491 3172 647 3227 aqua,
677 3172 796 3226 quae
831 3173 860 3210 a
892 3158 1064 3214 ventis
1099 3158 1588 3215 circumferuntur:
1631 3161 1788 3215 arbo-

227 3263 316 3302 res
345 3247 703 3312 autumnales,
753 3246 1117 3324 infructuosae,
1163 3250 1245 3303 bis
1301 3258 1543 3315 mortuze,
1613 3249 1790 3306 eradi-

226 3347 360 3391 catae
386 3356 399 3390 :
445 3334 638 3392 ﬂuctus
669 3336 768 3392 feri
805 3339 986 3400 maris,
1020 3346 1075 3393 et
1100 3339 1478 3409 despumantes
1506 3356 1630 3395 suas
1653 3356 1786 3396 con-

225 3427 463 3481 fusiones
493 3445 505 3479 :
544 3427 720 3481 sidera
753 3428 1014 3492 errantia,
1043 3428 1238 3499 quibus
1275 3429 1506 3498 procella
1544 3431 1789 3485 tenebra-

225 3532 346 3572 rum
374 3519 426 3571 in
453 3526 713 3572 :eternum
735 3527 942 3573 servata
977 3526 1078 3573 est.
1115 3537 1133 3570 ι
1180 3519 1276 3573 Via
1299 3519 1428 3574 Cain
1455 3517 1672 3585 abeunt,
1696 3521 1789 3590 qui
1816 3548 1817 3551 η

225 3617 446 3679 propter
490 3609 745 3663 invidiam
791 3609 1092 3674 meliorum,
1122 3624 1315 3665 nomen
1343 3610 1442 3665 sibi
1470 3611 1745 3664 doctorum
1771 3651 1784 3674 ,

224 3713 333 3765 quo
381 3697 821 3762 honoriﬁcantur,
859 3705 1154 3752 assumunt.
1199 3697 1393 3752 Errare
1422 3697 1636 3752 Balaam
1663 3713 1787 3766 per-

225 3800 377 3856 eunt,
409 3793 522 3861 qui,
551 3792 734 3846 amore
765 3792 1557 3856 terrestriumcommodorum,
1587 3792 1788 3847 verita-

196 3871 354 3948 Item,
385 3899 545 3953 quam
577 3883 676 3953 ipsi
713 3891 930 3949 norunt,
976 3884 1306 3953 impugnant.
1353 3881 1788 3936 Contradictione

223 3971 383 4037 Core,
429 3973 521 4042 qui
571 3973 724 4026 vivus
763 3974 830 4027 ad
884 3972 1093 4026 inferna
1134 3972 1426 4035 descendit,
1474 3974 1784 4037 intereunt,

223 4063 529 4131 quicunque
584 4063 820 4131 appetitu
852 4063 1072 4117 indebiti
1115 4062 1375 4132 primatus
1417 4078 1535 4118 sese
1571 4064 1638 4117 ab
1667 4064 1787 4117 uni-

225 4160 335 4206 tate
360 4159 556 4206 sancte
584 4151 837 4206 Ecclesia:
879 4159 1186 4217 secernunt,
1216 4153 1552 4222 scientesque
1575 4160 1630 4207 et
1657 4167 1784 4222 prae-

222 4244 483 4305 videntes,
513 4251 773 4310 quantum
811 4242 948 4295 mali‘
963 4250 1150 4311 gerant
1191 4242 1473 4306 scelerum,
1519 4250 1694 4296 tamen
1719 4243 1787 4297 ad

223 4341 430 4385 tartara
472 4332 816 4387 descendunt.
851 4332 915 4385 Et
959 4331 1172 4400 quidem
1203 4331 1335 4386 Cain
1378 4331 1444 4386 de
1488 4331 1785 4386 fratricidio

1891 3173 2118 3228 cumque
2152 3158 2372 3214 abiisset
2399 3175 2518 3214 cum
2548 3160 2706 3214 sociis
2730 3175 2793 3214 ac
2822 3159 3090 3213 sodalibus
3127 3159 3256 3223 suis,
3293 3157 3455 3213 ﬁebat

1889 3248 2246 3320 virginitatem
2276 3264 2428 3304 suam
2476 3249 2527 3302 in
2558 3249 2847 3304 montibus.
2877 3248 3221 3318 Expleti'sque
3249 3248 3454 3301 duobus

1890 3338 2163 3393 mensibus
2211 3353 2422 3394 reversa
2469 3347 2551 3393 est
2597 3341 2663 3392 ad
2713 3347 2940 3408 patrem,
2973 3349 3026 3393 et
3070 3338 3195 3392 fecit
3233 3338 3281 3392 ei
3313 3339 3451 3392 sicut

1888 3437 2131 3494 voverat,
2160 3444 2278 3499 quin
2325 3429 2602 3499 ignorabat
2637 3430 2830 3482 virum.
2863 3448 2882 3480 ι
2941 3427 3023 3482 Ad
3071 3429 3184 3483 haec
3218 3429 3342 3496 quid
3371 3443 3452 3481 re-

1889 3521 2151 3590 spondent
2179 3519 2266 3574 isti
2295 3520 2451 3575 amici
2482 3521 2605 3585 mei;
2637 3535 2864 3589 quorum
2891 3535 3068 3575 sermo
3099 3527 3238 3574 totus
3266 3535 3456 3574 versus

1889 3619 1972 3664 est
2006 3611 2059 3664 in
2089 3610 2511 3680 suggillationem
2542 3611 2746 3665 ordinis
2776 3611 2982 3665 nostri?
3027 3610 3156 3677 Quis
3188 3627 3316 3684 ergo
3346 3621 3452 3665 tam

1889 3692 2084 3754 stultus
2114 3710 2169 3754 et
2196 3709 2304 3754 tam
2331 3716 2615 3770 perversus
2641 3708 2747 3766 est,
2775 3709 2837 3764 ut,
2857 3701 2998 3755 hunc
3023 3700 3212 3769 Iephte
3239 3701 3456 3755 sacrile-

1888 3807 2013 3861 gum
2045 3806 2163 3846 esse
2205 3792 2369 3856 dicat,
2408 3807 2507 3860 pro
2545 3805 2610 3846 eo
2640 3791 2781 3861 quod
2821 3790 2984 3845 ﬁliam
3029 3800 3246 3861 pr0pter
3270 3799 3448 3844 votum

1887 3881 2028 3951 quod
2059 3882 2167 3935 Deo
2193 3883 2356 3944 vovit,
2392 3880 2687 3936 obtulerit?
2717 3895 2837 3935 cum
2869 3879 3314 3949 Seriptura‘dicat
3351 3882 3453 3935 hoc

1887 3986 2006 4026 eum
2060 3973 2247 4027 fecisse
2299 3971 2443 4027 facto
2490 3987 2651 4041 super
2678 3988 2800 4027 eum
2843 3973 3031 4042 spiritu
3063 3973 3186 4037 Dei;
3221 3973 3452 4028 maxime

1885 4078 2011 4117 cum
2044 4061 2237 4116 Paulus
2267 4063 2540 4131 apostolus
2571 4063 2624 4116 in
2649 4061 2883 4132 Epistola
2911 4077 3069 4132 quam
3109 4064 3174 4117 ad
3204 4063 3453 4119 Ilebrreos

1887 4152 2100 4221 scripsit
2151 4167 2272 4206 eum
2321 4152 2375 4206 in
2420 4152 2661 4221 catalogo
2696 4163 3002 4207 sanctorum
3050 4161 3345 4207 enunieret.
3392 4155 3450 4207 Si

1884 4241 2026 4296 enim
2053 4240 2292 4311 patribus
2316 4241 2453 4294 illius
2483 4243 2735 4309 temporis
2760 4242 2908 4297 licuit
2930 4257 3029 4311 per
3060 4241 3256 4296 ferrum
3286 4243 3449 4296 ﬁlium

1888 4339 1981 4383 aut
2009 4330 2173 4383 ﬁliam
2199 4329 2308 4384 Deo
2337 4330 2552 4395 offerte,
2581 4346 2678 4385 cur
2701 4347 2805 4386 non
2837 4333 2994 4386 modo
3017 4332 3137 4385 licet
3172 4333 3324 4386 istius
3350 4335 3450 4386 aevi

221 4422 552 4490 cogitantem
581 4422 839 4477 Dominus
863 4393 1137 4492 corripuit,
1163 4424 1262 4498 sed
1283 4438 1404 4477 eum
1447 4424 1645 4478 invidia
1675 4423 1784 4477 sal-
1811 4393 1863 4448 D
1891 4418 2193 4474 hominibus
2237 4419 2473 4474 sobolem
2524 4393 2673 4473 suam
2716 4420 2824 4474 Deo
2865 4420 3212 4488 spiritualiter
3259 4437 3451 4477 consc-

225 4511 341 4564 vari
372 4526 478 4564 non
511 4511 654 4565 sivit.
697 4510 914 4565 Balaam
956 4513 1212 4567 adversus
1251 4512 1346 4567 Dei
1389 4513 1641 4583 populum
1685 4514 1787 4568 iter

223 4591 470 4671 agentem
521 4602 776 4656 Dominus
801 4602 1015 4655 vetuit:
1076 4602 1168 4656 sed
1212 4618 1363 4658 amor
1404 4603 1669 4671 pecunia},
1718 4618 1786 4657 ne

224 4695 638 4761 obtemperaret,
680 4686 904 4748 obstitit.
951 4693 1087 4748 Core
1136 4696 1527 4764 superbientem
1578 4695 1786 4765 Moyses

226 4784 453 4837 Domino
469 4783 521 4836 in
549 4799 607 4836 se
624 4783 871 4852 loquente
893 4783 1059 4838 lenire
1081 4784 1314 4848 curavit;
1340 4783 1432 4838 sed
1455 4799 1577 4837 eum
1601 4783 1780 4848 elatio,

223 4889 348 4944 quae
390 4873 643 4939 fervebat,
677 4874 1031 4928 insanabilem
1077 4874 1322 4929 reddidit.
1379 4875 1471 4929 Sic
1517 4871 1779 4943 profecto,

223 4966 304 5019 sic
329 4963 532 5020 faciunt
570 4966 828 5029 baretici,
865 4967 954 5033 qui
1002 4966 1067 5020 ad
1115 4967 1528 5035 increpationem
1584 4977 1783 5021 sanctae

221 5055 481 5112 Ecclesia:
529 5057 802 5112 emendari
853 5057 1179 5126 despiciunt;
1209 5059 1333 5124 quin
1363 5060 1538 5126 potius
1589 5058 1783 5113 fratres

221 5145 404 5216 gladio
429 5146 580 5200 mala:
601 5146 874 5209 doctrinae,
901 5146 1041 5199 sicut
1065 5145 1217 5209 Cain,
1256 5146 1590 5210 interﬁcere;
1643 5147 1782 5202 malo

220 5236 452 5292 consilio
477 5236 744 5305 decipere,
775 5236 912 5290 sicut
942 5235 1185 5300 Balaam;
1218 5244 1402 5289 contra
1427 5237 1675 5290 doctores
1695 5252 1782 5291 ca-

221 5329 455 5384 tholicos
501 5342 557 5381 se
606 5329 836 5397 erigere,
887 5327 1025 5381 sicut
1049 5326 1207 5391 Core,
1236 5326 1302 5380 ad
1350 5342 1498 5380 suam
1548 5327 1780 5393 ipsorum

218 5404 576 5490 perditionem
605 5417 954 5472 contendunt.

291 5508 420 5566 llzec
456 5510 521 5564 de
563 5507 668 5562 illis
717 5507 955 5574 patribus
1003 5521 1135 5574 quos
1182 5505 1573 5562 Pcnlateuchus
1615 5508 1783 5578 Moysi

215 5602 436 5672 cepiose
480 5605 780 5660 enumerat,
808 5597 872 5650 ad
911 5587 1362 5664 eomprobandam'
1404 5605 1576 5652 ratam
1617 5608 1669 5654 et
1708 5600 1783 5655 le-

661 5689 926 5750 Ρλτειοι..
969 5686 1154 5748 CVII.

1891 4523 2063 4574 crare,
2101 4517 2164 4563 et
2211 4509 2464 4587 exhibere
2505 4511 2737 4564 hostiam
2786 4510 2982 4574 vivam,
3030 4521 3294 4575 sanetam,
3343 4513 3454 4567 Deo

1889 4599 2208 4667 placentem,
2256 4599 2643 4653 rationabiliter
2681 4599 2732 4651 in
2778 4598 3088 4668 obsequium
3121 4598 3356 4653 Christi?
3393 4600 3450 4653 Si

1890 4699 2067 4743 autem
2099 4689 2325 4743 Ahraha‘:
2353 4689 2552 4751 oblatio
2573 4689 2772 4758 placuit
2796 4689 2922 4753 Deo,
2952 4697 3006 4744 et
3033 4687 3222 4756 Iephte
3252 4689 3448 4744 factum

1889 4778 2139 4832 meritum
2185 4779 2484 4832 sanctitatis
2529 4778 2601 4831 illi
2645 4778 2948 4847 acquisivit,
2999 4792 3094 4832 cur
3137 4793 3241 4832 non
3283 4778 3450 4832 multo

1889 4869 2062 4939 magis
2091 4869 2382 4936 spiritualis
2419 4867 2619 4923 oblatio
2649 4883 2744 4936 per
2771 4868 3125 4936 evangelicam
3149 4868 3446 4922 doctrinam

1890 4961 2131 5014 instituta
2178 4960 2286 5013 Deo
2334 4959 2545 5028 placere
2567 4958 2844 5016 ‘credendl
2899 4960 3014 5016 est?
3042 4974 3161 5013 cum
3187 4960 3252 5013 de
3281 4960 3449 5012 Abra-

1889 5052 2011 5105 bam
2039 5050 2267 5103 Iacobus
2297 5049 2566 5118 apostolus
2606 5057 2832 5104 testatus
2868 5051 2939 5103 sit
2965 5052 3143 5105 dicens
3171 5069 3182 5101 :
3213 5071 3230 5101 ι
3271 5051 3446 5105 Abra-

1886 5141 2012 5193 ham
2042 5149 2194 5208 pater
2218 5150 2418 5202 noster,
2442 5154 2618 5193 nonne
2641 5155 2706 5193 ex
2732 5142 2981 5209 operibus
2996 5141 3319 5210 jnstiﬁcatus
3343 5152 3445 5204 est,

1865 5229 2117 5284 .oﬁ‘erens
2173 5227 2320 5282 Isaac
2373 5227 2540 5283 ﬁlium
2588 5245 2740 5284 suum
2791 5246 2951 5299 super
3007 5231 3251 5286 altare?»
3288 5231 3447 5287 Vides

1887 5321 2136 5390 quoniam
2174 5319 2306 5373 ﬁdes
2330 5320 2720 5387 cooperabatur
2742 5322 2992 5388 operibus
3021 5323 3177 5375 illius.
3210 5322 3285 5374 Ex
3322 5338 3448 5392 epe-

1887 5413 2035 5466 ribus
2062 5412 2203 5465 enim
2251 5411 2391 5464 illius
2423 5410 2555 5464 ﬁdes
2586 5419 2954 5466 consummata
2996 5421 3097 5475 est,
3125 5420 3180 5465 et
3205 5413 3446 5482 suppleta

1887 5512 1969 5558 est
2007 5503 2286 5572 Scriptura
2333 5501 2554 5555 dicens:
2604 5520 2622 5551 ‹
2656 5500 2893 5556 Credidit
2922 5501 3189 5555 Abraham
3221 5503 3346 5565 Deo,
3394 5515 3447 5556 et

1887 5604 2187 5667 reputatutn
2213 5601 2294 5648 est
2322 5591 2396 5646 illi
2424 5593 2488 5646 ad
2511 5590 2794 5660 justitiam,
2825 5600 2879 5645 et
2907 5592 3112 5646 amicus
3148 5593 3238 5646 Dei
3269 5598 3444 5660 appet-

2943 5678 3014 5737 η
