3968 6328
499 287 599 342 ωτ

1133 279 1192 333 Β.
1238 275 1484 332 RABANI
1526 273 1741 330 MAURI
1779 268 2090 326 ARCHIEP.
2135 263 2435 322 .‘iOGUNT.
2480 261 2753 318 OPERUil
2797 260 2970 314 PARS
3009 261 3045 313 l.

3611 257 3716 312 5‘28

500 401 645 463 latus~
665 399 762 448 est.
802 411 817 443 ι
861 384 926 468 ΕΙ.
955 389 1016 446 de
1052 388 1260 458 Iephte,
1290 396 1409 456 post
1440 395 1619 439 votum
1658 383 1797 453 quod
1827 381 1935 433 Deo
1965 393 2053 431 νο·
2087 380 2128 434 Α
2161 373 2317 435 ferre,
2345 374 2412 425 ita
2440 373 2524 426 hic
2553 380 2605 425 et
2634 373 2745 443 haec
2777 372 2962 424 iuulier
2987 381 3172 426 sancta
3195 380 3352 440 atque
3379 369 3716 440 prophetissa

499 491 596 552 vit,
625 488 696 541 ita
721 467 976 552 scriptum
1008 489 1116 535 est:
1150 499 1165 531 ι
1198 476 1667 544 TrausivitJephte
1694 473 1757 525 ad
1787 470 1918 522 ﬁlios
1934 467 2058 518 Am—

501 595 644 641 mon,
675 584 734 630 ut
759 582 1020 644 pugnaret
1050 579 1233 625 contra
1262 584 1372 633 eos,
1399 582 1532 636 quos
1559 562 1812 615 Dominus
1841 556 2058 633 tradidit

500 673 550 724 in
603 680 793 722 manus
845 662 978 730 ejus.
1021 681 1037 713 ι
1077 661 1214 716 Ecce
1251 659 1539 717 Abraham,
1565 649 1837 706 offerendo
1888 646 2057 701 filium

498 774 673 820 suum,
717 754 1005 809 amicitiam
1055 751 1146 804 Dei
1191 746 1510 818 promeruit;
1561 733 1771 810 Jeph‘fe,
1819 737 2058 792 vovendo

496 852 606 905 Deo
629 857 836 910 votum,
866 842 1145 901 victoriam
1178 843 1242 893 de
1274 834 1502 890 inimicis
1549 832 1663 887 suis
1703 830 1930 897 adeptus
1953 834 2054 880 cst.

416 990 422 995 .
496 939 632 1005 Quid
680 944 799 1006 post
841 936 954 988 haec
995 927 1356 996 consequitur,
1390 923 1490 978 nisi
1531 923 1673 990 quod
1719 919 1792 974 illi
1835 917 1924 985 qui
1966 915 2058 969 Dei

493 1029 818 1082 oblationem
860 1027 1135 1093 spernunt,
1171 1025 1225 1070 et
1255 1012 1587 1068 tale‘l‘actum
1636 1017 1940 1064 sanctorum
1970 1019 2061 1074 pa-

499 1129 638 1170 trum
668 1114 1058 1171 abominantur,
1082 1105 1294 1160 'inimici
1325 1103 1419 1157 Dei
1459 1102 1804 1157 nominentur
1830 1113 1892 1170 ac
1918 1097 2055 1158 sint;

500 1215 548 1260 et
570 1206 637 1259 ob
661 1206 758 1258 hoc
784 1193 1405 1267 spiritualibus.inimicis
1436 1207 1541 1244 non
1569 1188 1740 1243 solum
1770 1202 1871 1240 non
1891 1185 2059 1238 domi-

497 1303 708 1354 nentur,
748 1292 854 1343 imo
884 1286 1074 1341 merito
1107 1299 1215 1339 sum
1241 1279 1610 1352 perversitatis
1637 1277 1855 1332 omnino
1891 1273 2056 1341 subji-

496 1379 738 1436 ciantur?
792 1376 1177 1448 Scriptumest
1205 1371 1346 1425 etaim
1373 1388 1384 1422 :
1425 1387 1442 1420 ι
1469 1368 1782 1434 Quicunque.
1803 1363 1915 1416 vult
1942 1377 2060 1415 esse

498 1469 699 1523 amicus
725 1464 924 1526 sreculi,
956 1463 1203 1516 inimicus
1229 1459 1322 1513 Dei
1348 1458 1706 1513 constituitur.
1733 1475 1750 1507 ι
1785 1453 1893 1507 Deo
1916 1453 2058 1505 enim

496 1557 703 1628 placere
741 1555 979 1614 omnino,
1023 1551 1123 1606 nisi
1152 1551 1366 1610 bonum,
1414 1539 1518 1600 non
1549 1553 1740 1614 potest.
1775 1542 1923 1609 Quod
1967 1557 2060 1593 au-

496 1655 601 1698 tem
647 1647 844 1699 bonum
906 1639 1290 1706 estfacicnti,
1343 1639 1395 1692 id
1449 1632 1694 1691 meritum
1759 1632 2060 1688 sanctitatis

498 1736 746 1803 acquirit.

564 1825 676 1878 lloc
723 1822 882 1875 etiam
922 1819 1113 1888 probat
1145 1818 1312 1871 Annae
1362 1815 1558 1871 factum
1604 1815 1886 1880 laudabile,
1918 1813 2058 1883 quod

495 1916 628 1969 liber
655 1910 919 1966 Samuelis
946 1916 1348 1964 commemorat.
1383 1907 1515 1962 Cum
1545 1908 1685 1978 enim
1710 1907 1925 1961 sterilis.
1942 1919 2058 1960 esse

495 2003 848 2065 describatur,
891 2006 943 2053 et
969 1999 1035 2051 ob
1065 1999 1162 2051 hoc
1193 1999 1257 2050 ab
1285 1996 1472 2050 aemula
1504 2011 1621 2060 sua,
1656 1995 1824 2050 altera
1854 1995 2087 2076 scilicetl

498 2107 662 2147 uxore
685 2090 928 2144 llelcanm
957 2088 1055 2140 viri
1084 2087 1186 2152 sui,
1215 2087 1548 2149 irrideretur,
1577 2085 1642 2139 ad
1669 2085 2058 2154 deprecandum

497 2183 776 2239 Dominum
801 2192 1058 2256 conversa
1084 2185 1198 2242 est;
1229 2191 1327 2230 nec
1352 2175 1615 2229 fraudavit
1635 2191 1759 2246 eam
1788 2191 1909 2243 spes
1929 2175 2060 2244 ejus,

495 2274 588 2328 sed
617 2270 886 2342 petitionis
914 2283 1022 2323 sua:
1050 2265 1478 2337 consequebatur
1507 2263 1782 2328 effectum;
1816 2265 1894 2318 sic
1922 2267 2068 2319 enim

493 2363 748 2432 scriptum
784 2369 900 2414 est:
932 2378 948 2410 ι
979 2357 1110 2412 Cum
1133 2366 1276 2412 esset
1303 2358 1454 2411 Anna
1495 2371 1682 2412 amaro
1711 2356 1915 2418 animo,
1944 2371 2064 2409 ora-

495 2458 570 2509 vit
599 2454 881 2510 Dominum
930 2450 1060 2505 flens
1091 2450 1332 2521 largiter,
1367 2458 1422 2503 et
1447 2464 1624 2503 vomm
1664 2449 1806 2502 vovit
1851 2447 2061 2502 dicens:

501 2547 722 2602 Domine
761 2545 1113 2607 exercituum,
1159 2542 1204 2596 si
1249 2541 1541 2610 respiciens
1580 2539 1788 2606 videris,
1834 2538 2066 2592 afﬂictio-

460 2631 464 2637 ’
499 2654 619 2692 nem
644 2635 855 2690 famulae
882 2644 1004 2699 tute,
1029 2641 1081 2688 et
1113 2635 1424 2688 recordatus
1452 2632 1556 2688 mei
1589 2631 1774 2696 fueris,
1805 2646 1901 2686 nec
1925 2631 2031 2685 obli
2051 2662 2063 2670 -

500 2743 584 2785 tus
622 2729 826 2784 ancilla:
873 2737 996 2792 tum,
1049 2726 1365 2801 dederisque
1411 2741 1594 2781 sexum
1642 2725 1850 2793 virilem
1896 2739 2065 2779 servae

499 2832 624 2887 tuae,
665 2819 804 2875 dabo
849 2833 972 2874 eum
1003 2817 1228 2872 Domino
1272 2831 1459 2880 omnes
1503 2814 1619 2872 dies
1665 2815 1786 2868 vita:
1831 2812 1964 2881 ejus,
2011 2822 2065 2868 et

504 2913 761 2971 novacula
809 2926 916 2967 non
961 2910 1212 2966 ascendet
1263 2923 1423 2981 super
1467 2915 1627 2982 caput
1673 2904 1924 2978 ejus.iEt
1955 2919 2065 2980 non

505 3009 670 3063 multo
686 2989 806 3076 post
821 3023 832 3057 :
847 3022 864 3054 ι
875 3002 1132 3071 Cognovit
1147 3001 1398 3066 lleleana,
1415 2997 1830 3071 inquit,Aunam
1844 3011 2004 3050 uxore
2015 3010 2066 3048 m

502 3115 677 3164 suam,
716 3103 771 3154 et
799 3093 1110 3150 recordatus
1136 3098 1214 3146 est
1265 3090 1380 3160 ejus
1403 3088 1674 3142 Dominus.
1712 3105 1727 3137 ι
1760 3085 1825 3139 Et
1868 3084 2064 3138 factum

509 3199 590 3244 est
618 3195 738 3256 post
772 3183 1028 3240 circulum
1058 3182 1283 3242 dierum,
1315 3176 1751 3246 concepitAnna,
1780 3184 1832 3229 et
1863 3173 2071 3243 peperit

507 3281 697 3344 (ilium,
739 3277 1058 3344 vocavitque
1103 3287 1298 3328 nomen
1346 3271 1462 3341 ejus
1489 3268 1723 3333 Samuel,
1755 3283 1820 3323 eo
1848 3265 1989 3337 quod
2039 3281 2069 3320 a

505 3371 729 3426 Domino
765 3365 1084 3437 postulasset
1123 3377 1267 3417 eum.
1314 3359 1568 3415 Ascendit
1613 3366 1798 3412 autem
1837 3357 1920 3410 vir
1953 3356 2070 3425 ejus

505 3462 757 3524 lleleana,
784 3465 838 3513 et
863 3455 1038 3510 omnis
1058 3452 1411 3521 domusejus,
1440 3456 1496 3502 ut
1521 3447 1823 3502 immolaret
1847 3445 2072 3500 Domino

507 3551 741 3607 hostiam
771 3546 1084 3608 solemnem,-
1109 3551 1164 3596 et
1201 3549 1383 3596 votum
1418 3553 1600 3598 suum.
1638 3555 1655 3587 ι
1690 3535 1754 3590 Et
1780 3535 1935 3590 Anna
1966 3549 2069 3588 non

510 3639 781 3703 ascendit;
829 3635 966 3689 dixit
1012 3632 1156 3687 enim
1195 3630 1317 3684 viro
1359 3642 1497 3684 suo:
1525 3627 1637 3682 Non
1668 3625 1855 3680 vadum
1905 3613 2074 3678 donec

507 3731 807 3786 ablactetur
855 3722 1066 3786 infans,
1096 3729 1150 3775 et
1187 3721 1384 3775 ducam
1425 3732 1551 3773 eum
1585 3722 1643 3770 ut
1688 3721 1942 3783 appareat
1987 3727 2075 3767 co-

510 3834 623 3874 ram
647 3815 890 3878 Domino,
920 3821 974 3866 et
1001 3816 1215 3864 maneat
1261 3807 1334 3861 ibi
1362 3804 1583 3875 jugiter.
1627 3804 1696 3858 Et
1740 3804 1814 3857 ait
1842 3802 2074 3856 Heleana

509 3911 592 3963 vir
618 3921 747 3962 suus
776 3920 790 3957 :
825 3902 930 3957 Fac
958 3899 1100 3971 quod
1136 3899 1335 3955 bonum
1384 3895 1479 3950 tibi
1521 3893 1750 3958 videtur,
1793 3900 1846 3945 et
1894 3905 2072 3954 mane,

510 4003 680 4057 donec
708 3997 941 4052 ablactes
964 4006 1089 4048 eum
1103 4030 1121 4057 ,I
1158 4002 1463 4059 precorque
1489 3996 1549 4041 ut
1579 3985 1796 4056 impleat
1821 3985 2077 4039 Dominus

512 4091 733 4146 verbum
764 4101 939 4142 suum.
969 4081 1164 4137 Mansit
1185 4095 1316 4151 ergo
1341 4077 1556 4141 mulier,
1583 4087 1638 4131 et
1665 4075 1882 4130 lactavit
1909 4075 2074 4128 filium

512 4194 685 4242 suum,
718 4176 885 4232 donec
916 4177 1189 4226 amoveret
1216 4183 1338 4222 eum
1364 4182 1395 4220 a
1426 4166 1583 4220 lacte.
1615 4164 1680 4218 Et
1707 4163 1926 4218 adduxit
1951 4178 2072 4218 eum

512 4283 716 4331 secum,
755 4273 1042 4336 postquam
1084 4259 1466 4322 ablactavcrat,
1492 4258 1547 4311 in
1575 4256 1755 4310 vitulis
1796 4255 1988 4318 tribus,
2023 4261 2078 4308 et

515 4361 693 4415 tribus
726 4357 919 4413 modiis
961 4353 1174 4416 furium,
1203 4359 1257 4404 et
1298 4349 1557 4417 amphora
1602 4347 1732 4410 vini,
1762 4344 2076 4401 etradduxit

511 4463 636 4506 eum
675 4449 740 4503 ad
785 4447 1008 4501 domum
1029 4441 1236 4497 Domini
1277 4441 1328 4493 in
1367 4438 1509 4509 Sylo.
1555 4437 1695 4491 Puer
1740 4444 1921 4490 autem
1961 4442 2077 4512 erat

517 4541 692 4595 adhuc
718 4535 1006 4592 infantulus
1028 4551 1046 4587 :
1064 4522 1120 4588 ei
1150 4529 1561 4589 immolaverunt
1586 4526 1833 4589 vitulum,
1854 4532 1907 4580 et
1930 4524 2078 4580 obtu-

518 4631 691 4684 lerunt
733 4639 955 4696 puerum
984 4621 1124 4675 Heli.
1169 4621 1234 4673 Et
1274 4621 1386 4672 ait:
1415 4617 1670 4681 Obsecro,
1718 4615 1932 4669 domine
1979 4613 2074 4678 mi,

519 4721 659 4772 vivet
705 4716 882 4770 anima
933 4711 1170 4765 tuaDeo
1199 4699 1244 4760 ε’
1278 4722 1376 4776 ego
1416 4722 1533 4760 sum
1583 4706 1669 4758 illa
1731 4704 1922 4758 mulier
1959 4717 2075 4771 quae

520 4805 642 4858 steti
671 4817 852 4858 coram
883 4810 954 4864 te,
994 4799 1082 4852 hic
1118 4810 1280 4850 orans
1307 4793 1592 4846 Dominum
1623 4807 1720 4861 pro
1748 4806 1914 4860 puero
1953 4791 2073 4847 isto.

523 4890 713 4954 Oravi,
757 4899 813 4943 et
861 4889 1006 4942 dedit
1053 4884 1179 4939 mihi
1227 4882 1482 4936 Dominus
1532 4879 1841 4948 petitionem
1905 4890 2077 4945 meam

524 4995 684 5050 quam
727 4976 969 5048 posulavi.
1005 4976 1073 5028 ei.
1126 4973 1326 5027 Idcirco
1367 4977 1418 5022 ct
1464 4983 1560 5037 ego
1596 4982 1715 5021 eum
1747 4965 2075 5021 commodavi

527 5070 748 5124 Domino
784 5066 987 5120 cunctis
1015 5061 1416 5130 diebusquibus
1442 5058 1602 5112 fuerit
1645 5055 2077 5128 accoznmoJatus

529 5161 768 5217 Domino.
805 5176 823 5208 ι
869 5155 1063 5208 Vellem
1103 5153 1260 5214 scire,
1294 5164 1478 5203 osores
1506 5148 1593 5201 isti
1637 5156 1692 5200 et
1717 5144 2075 5200 contradicto—

529 5270 614 5309 res
643 5249 926 5308 oblationis
953 5242 1230 5312 regularis,
1266 5240 1392 5308 quid
1427 5239 1491 5293 de
1521 5240 1620 5293 hac
1645 5236 1910 5290 oblatione
1936 5233 2080 5286 dice-

529 5351 668 5406 rent,
718 5354 836 5409 qum
882 5349 1009 5404 pent’
1068 5329 1354 5386 consimilis
1397 5337 1475 5383 est
1531 5327 1757 5396 regulari
1802 5323 2076 5380 oblationi.

529 5447 688 5501 quam
712 5431 898 5483 beatus
925 5425 1083 5478 Pater
1108 5419 1422 5474 Benedictus
1451 5419 1502 5470 in
1537 5432 1629 5471 sua
1666 5413 1858 5483 llcgula
1885 5412 2082 5466 consti-

535 5520 632 5572 tuit
669 5559 680 5570 .
710 5519 833 5586 quia
863 5516 1000 5569 sicut
1043 5512 1111 5566 ibi
1155 5508 1304 5577 jubet
1334 5514 1578 5576 parentes
1619 5504 1753 5555 filios
1794 5501 2081 5554 infantulos

532 5623 652 5659 cum
692 5606 955 5660 oblatione
996 5612 1153 5670 atque
1199 5598 1451 5667 petitione
1483 5595 1588 5648 Deo
1623 5593 1771 5660 juvtt
1806 5591 1971 5644 altare
2003 5590 2079 5640 of-

2158 462 2323 515 tilium
2371 477 2525 516 suum
2575 461 2890 516 infantulum
2943 477 3062 515 cum
3113 462 3379 516 oblatione
3434 460 3622 514 farintc
3663 469 3718 512 et

2157 553 2363 608 ca'teris
2401 552 2675 622 speciebus
2723 567 2840 620 qum
2889 552 2941 606 in
2992 552 3126 605 libro
3158 552 3356 621 Regum
3392 565 3718 606 cetnmemo-

2159 653 2365 709 rantur,
2391 659 2568 699 coram
2597 643 2709 697 Heli
2741 644 3014 698 sacerdote
3042 645 3092 697 in
3128 645 3467 699 tabernaculo
3491 643 3719 697 Domino

2159 734 2464 788 solemniter
2499 732 2773 788 offerebat.
2827 729 3009 789 Utrum
3044 735 3253 787 Annam
3295 736 3577 803 pratervim
3613 737 3720 804 spi—

2161 825 2264 877 ritu
2311 821 2582 876 ineitatam
2635 821 2737 876 hoc
2782 822 2955 892 egisse
3002 821 3328 875 arbitrentur
3375 839 3516 891 qum,
3566 824 3720 891 quasi

2159 912 2388 982 propria:
2414 911 2693 980 potestatis
2724 920 2886 975 esset,
2917 911 3031 964 sine
3059 911 3158 962 viri
3205 911 3426 964 consilio
3455 926 3544 962 seu
3581 926 3719 976 prie-

2159 1012 2312 1074 cepto
2338 1011 2457 1056 ante
2481 1009 2792 1069 conceptum
2822 1001 2968 1070 pueri
2998 1001 3243 1068 primitus
3274 1000 3384 1054 Deo
3417 1008 3596 1052 vntum
3627 1014 3719 1050 vo-

2160 1095 2263 1147 vit?
2294 1093 2489 1146 Deinde
2522 1101 2644 1160 post
2670 1093 3002 1145 nativitatem
3031 1091 3166 1160 ejus,
3204 1092 3325 1143 licet
3355 1107 3474 1144 cum
3507 1092 3601 1142 viri
3636 1091 3718 1143 sui

2159 1172 2440 1244 consensu,
2473 1175 2649 1236 tamen
2672 1179 2790 1249 ipsa
2821 1197 2940 1234 eum
2973 1181 3194 1234 Domino
3219 1179 3538 1234 fiducialite‘r
3568 1180 3724 1232 obtu-

2159 1276 2238 1339 lit,
2268 1285 2424 1343 atque
2456 1275 2569 1329 Hbli
2601 1277 2858 1330 sacerdoti
2911 1275 3103 1328 ibidem
3149 1283 3314 1327 totum
3343 1273 3587 1327 ordinem
3613 1274 3720 1324 voti

2159 1369 2238 1421 sui
2280 1368 2562 1436 diligenter
2610 1368 2870 1436 exposuit.
2924 1360 3052 1431 Qu’s
3099 1373 3273 1419 autem
3333 1364 3490 1416 audet
3545 1364 3724 1417 dicere

2161 1457 2439 1510 Dominum
2489 1456 2727 1524 iniquum
2772 1468 2910 1518 esse,
2948 1455 3037 1522 qui
3081 1453 3203 1508 huic
3241 1451 3471 1514 mulieri,
3501 1452 3570 1506 ob
3603 1451 3722 1504 fidei

2159 1552 2415 1605 meritum
2466 1557 2520 1604 et
2572 1563 2777 1619 magnae
2827 1547 3124 1619 devotionis
3176 1544 3441 1608 effectum,
3495 1543 3723 1612 gratiam

2162 1632 2391 1708 Spiritus
2421 1638 2586 1715 sancti
2620 1617 2697 1690 sui
2737 1617 3039 1689 tribuitiSi
3079 1634 3216 1688 enim
3250 1620 3724 1701 ltujus’bblationis

2088 1709 2134 1766 Β
2162 1711 2519 1799 displicuisset
2563 1715 2781 1791 factum,
2817 1741 3154 1795 nequaquam
3206 1732 3325 1794 post
3362 1730 3724 1793 perpetratum

2161 1820 2487 1874 oblationem
2519 1817 2752 1887 Spiritus
2800 1817 2969 1872 sancti
3005 1815 3078 1868 illi
3127 1814 3457 1884 impenderet
3502 1813 3726 1874 donum.

2162 1911 2302 1966 unde
2328 1910 2587 1981 potuisset
2618 1909 2682 1962 de
2713 1908 2890 1961 futuro
2920 1915 3256 1960 sacramento
3286 1905 3549 1958 adventus
3575 1899 3728 1956 Chri-

2161 2000 2254 2065 sti,
2279 2007 2334 2055 et
2361 1999 2425 2054 de
2453 1998 2744 2053 mutatione
2773 1997 2970 2050 veteris
3000 1995 3308 2057 sacerdotii,
3354 1993 3593 2062 legisque
3620 1991 3723 2061 pri—

2164 2092 2343 2158 stinae,
2364 2105 2464 2145 nec
2489 2104 2594 2143 non
2625 2097 2680 2144 et
2709 2088 2772 2143 de
2801 2086 3096 2154 obiectione
3122 2085 3292 2156 plebis
3318 2081 3622 2144 incredulae,
3650 2090 3731 2136 at-

2164 2197 2267 2252 que
2324 2179 2710 2256 convocatione
2763 2178 2998 2247 gentium
3061 2176 3126 2230 ad
3183 2175 3337 2228 fidem
3388 2173 3730 2242 prophetare.

2164 2271 2451 2345 Postquam
2477 2271 2621 2324 enim
2644 2265 2895 2338 parentes
2910 2266 3058 2321 beati
3083 2263 3346 2320 Samuelis
3372 2263 3733 2317 adoraverum

2168 2346 2447 2414 Dominum
2483 2359 2535 2413 in
2565 2356 2709 2429 Sylo,
2750 2355 2925 2410 oravit
2952 2355 3128 2416 Anna,
3160 2361 3212 2407 et
3240 2350 3352 2407 ait:
3384 2361 3402 2403 ἆ
3433 2350 3737 2406 Exsultavit

2166 2465 2260 2503 cor
2286 2464 2460 2503 meum
2498 2448 2551 2501 in
2576 2447 2820 2507 Domino,
2853 2454 2906 2499 et
2930 2445 3223 2498 exaltatum
3249 2451 3331 2498 est
3359 2458 3524 2498 cornu
3553 2455 3736 2496 metm

2166 2538 2218 2591 in
2247 2537 2352 2592 Deo
2378 2552 2514 2601 meo,
2546 2555 2562 2586 ι
2594 2542 2696 2590 etc.
2729 2533 2772 2587 Ε
2802 2533 3072 2588 contrario
3098 2548 3245 2596 vero,
3275 2532 3319 2586 si
3349 2531 3616 2586 mundana
3644 2529 3736 2582 lex
3777 2519 3788 2529 ’

2169 2634 2372 2681 tantum
2401 2607 2665 2680 dominari
2693 2614 2911 2678 deberet
2955 2621 3181 2677 iu'eultu
3205 2621 3404 2684 divino,
3437 2620 3579 2690 quod
3595 2616 3738 2672 nulli

2166 2729 2286 2770 eam
2321 2705 2619 2782 tranSgredi
2657 2711 2847 2766 liceret
2881 2709 3165 2766 in-Christl
3201 2709 3376 2764 ofllcio
3402 2726 3413 2762 :
3440 2716 3630 2762 auctor
3657 2718 3737 2761 to-

2166 2794 2419 2858 tius'b'oni
2447 2810 2498 2856 et
2521 2801 2739 2870 justitia:
2765 2800 3270 2855 observantissimus
3300 2791 3496 2862 custos,
3531 2797 3602 2852 de
3628 2811 3740 2867 quo

2166 2881 2424 2962 scriptum
2449 2898 2531 2945 est
2557 2905 2570 2944 :
2593 2912 2610 2940 ι
2643 2887 2826 2944 Justus
2852 2888 3127 2950 Demluus,
3157 2896 3210 2942 et
3231 2886 3498 2956 justitiam
3525 2885 3737 2948 dilexit;

2169 2973 2485 3051 aequitatem
2511 2977 2636 3035 colit
2667 2977 2841 3034 vultus
2885 2979 3055 3048 ejus,»
3115 2978 3381 3046 quomorlo
3419 2976 3472 3030 id
3501 2991 3614 3029 non
3639 2987 3739 3028 suo

2093 3047 2137 3109 (ἶ
2170 3062 2890 3139 ιρςιῑιῐιοηῐοόοῐὴρνοὺπει,
2915 3047 3079 3137 atque
3104 3066 3353 3120 omnibus
3395 3065 3741 3119 manifestum

2165 3147 2421 3232 judicium
2460 3175 2568 3216 suae
2595 3160 2884 3215 voluntatis
2929 3157 3232 3228 prmberet?
3270 3156 3475 3212 Idcirco
3521 3163 3742 3210 cessent

2173 3251 2455 3320 aliquando
2517 3239 2784 3318 vaniloqui
2848 3250 2934 3304 isti
2993 3258 3044 3302 et
3101 3248 3436 3301 detractores
3489 3245 3739 3314 religioni

2171 3341 2485 3398 CliriSIi.in:e
2524 3338 2834 3405 detrahere,
2885 3355 2948 3395 ac
2999 3339 3222 3408 gratiam
3275 3337 3494 3398 Christi,
3530 3352 3651 3406 qua:
3683 3336 3739 3388 iu

2171 3435 2394 3490 diversis
2425 3433 2576 3488 denis
2615 3440 2810 3487 sancta:
2835 3431 2993 3484 matri
3034 3430 3317 3484 distributa
3347 3439 3428 3482 est
3454 3427 3738 3490 Ecclesiae,

2173 3526 2331 3579 (lente
2380 3537 2646 3577 veneuoso
2694 3515 2966 3576 lacerare'
2999 3520 3123 3588 quia
3177 3538 3194 3568 ε
3229 3518 3498 3588 disperdet
3555 3517 3745 3571 Domi-

2173 3630 2293 3678 nus,
2336 3635 2352 3666 ›
2389 3613 2660 3685 Scriptura
2700 3617 2854 3674 teste,
2901 3601 2919 3660 ά
2955 3609 3203 3663 universa
3252 3607 3391 3662 labia
3437 3604 3642 3671 dolosa,
3689 3613 3746 3659 et

2175 3705 2406 3775 linguam
2441 3694 2852 3773 magniloquam.
2893 3722 2909 3753 ι

2247 3795 2350 3850 Sed
2392 3795 2515 3864 quia
2549 3794 2600 3849 in
2625 3792 2803 3854 Veteri
2836 3793 3178 3847 Testamento
3215 3782 3448 3860 plurima
3487 3789 3742 3858 hujusce-

2176 3881 2317 3938 modi
2349 3890 2571 3951 possunt
2599 3881 2823 3935 inveniri
2852 3879 3116 3950 exempla,
3145 3887 3198 3933 et
3232 3879 3289 3932 in
3313 3877 3458 3932 Novo
3485 3877 3743 3932 similiter

2177 3974 2541 4043 hujuscemodi
2571 3974 2792 4027 rationis
2831 3981 2933 4025 non
2958 3985 3122 4042 pauca
3150 3977 3365 4024 exstant
3400 3967 3742 4024 testimonia:

2176 4052 2404 4119 neultra
2431 4063 2640 4117 modum
2667 4062 2837 4119 oratio
2865 4059 3252 4130 progrediatur,
3278 4057 3476 4111 veteris
3501 4056 3745 4119 omissis,

2177 4155 2244 4209 de
2272 4139 2418 4208 Novo
2447 4153 2685 4222 exempla
2712 4150 3067 4221 proferamus.
3098 4147 3291 4200 Narrat
3319 4138 3461 4200 enim
3493 4155 3746 4201 sanctum

2177 4243 2520 4315 Evangelium
2544 4243 2680 4310 quod
2706 4248 2952 4309 parentes
2982 4237 3274 4292 Salt’atoris
3302 4241 3528 4304 puerum
3553 4227 3742 4288 Jesum

2178 4350 2299 4390 cum
2349 4333 2618 4389 oblatione
2660 4331 2970 4386 secundum-
3001 4328 3170 4398 legem
3220 4326 3319 4380 sibi
3365 4325 3640 4379 decretam
3690 4323 3745 4376 in

2180 4421 2377 4492 templo
2407 4423 2656 4476 sisterent
2677 4412 2916 4481 Domino,
2945 4425 3003 4470 ut
3032 4415 3187 4469 dator
3215 4414 3346 4483 legis
3374 4427 3474 4466 suo
3494 4411 3748 4480 exemplo

2178 4528 2296 4566 eam
2328 4511 2702 4580 comprobaret
2735 4515 2893 4575 atque
2923 4503 3285 4565 conﬁrmaret,
3327 4500 3749 4567 ostenderetque

2180 4602 2396 4656 omnino
2432 4600 2538 4653 sibi
2567 4614 2672 4653 non
2703 4588 2983 4664 displicere
3031 4593 3082 4645 in
3114 4591 3336 4645 ecclesia
3379 4603 3473 4642 sua
3509 4578 3762 4641 oblatio:

2181 4707 2301 4746 nem
2340 4700 2396 4744 et
2428 4688 2762 4743 devotionem
2803 4677 3054 4737 fidelium.
3103 4680 3160 4733 Si
3201 4680 3345 4733 enim
3389 4676 3546 4730 Jesus
3579 4690 3611 4727 a
3643 4690 3744 4742 pa-

2175 4781 2420 4837 rentibus
2461 4779 2523 4832 ad
2577 4775 2826 4845 trmplum
2867 4771 3063 4828 deferri
3105 4769 3291 4832 voluit,
3337 4769 3514 4836 ibique
3558 4764 3748 4819 offerri

2184 4887 2280 4942 pro
2312 4885 2369 4924 se
2409 4868 2633 4923 hostiam
2662 4866 2791 4929 Deo,
2827 4863 2946 4933 quis
2974 4868 3056 4916 est
3091 4860 3181 4928 qui
3209 4865 3488 4929 parentum
3515 4855 3752 4909 oblatio-

2186 4977 2306 5016 nem
2346 4961 2398 5012 in
2425 4955 2547 5011 filiis
2578 4957 2687 5009 suis
2723 4951 3114 5022 reprehendere
3140 4955 3449 5018 pnesumat,
3480 4954 3534 4999 et
3558 4944 3751 5012 probi-

2185 5051 2310 5104 bere
2337 5047 2475 5116 quod
2502 5061 2605 5099 non
2632 5043 2916 5097 exhibeant
2942 5056 3034 5095 eos
3056 5040 3287 5094 hostiam
3312 5039 3574 5091 viventem
3601 5034 3751 5088 Deo?

2188 5156 2309 5194 nam
2338 5141 2466 5193 fides
2505 5153 2607 5190 non
2648 5136 2816 5190 solum
2851 5133 3171 5203 oblaturum,
3200 5131 3289 5183 sed
3328 5129 3486 5182 etiam
3513 5123 3752 5180 offeren-

2187 5230 2341 5291 tium,
2373 5227 2644 5294 Scriptura
2696 5230 2849 5284 teste,
2876 5221 2986 5274 Deo
3017 5217 3359 5289 acceptabilis
3405 5223 3545 5269 erat.
3592 5213 3754 5269 Unde

2181 5328 2233 5371 et
2285 5319 2336 5371 in
2391 5324 2575 5370 sancta
2621 5311 2854 5366 Ecclesia
2904 5324 2999 5378 per
3049 5314 3327 5377 parentum
3377 5305 3537 5359 fidem
3585 5311 3754 5372 atque

2183 5408 2564 5477 professionem
2593 5401 2872 5456 conficitur
2909 5397 3168 5467 baptisma
3196 5395 3560 5463 parvulorum.
3598 5391 3751 5448 Offe-

2185 5499 2369 5550 rebant
2397 5494 2522 5548 Jesu
2548 5491 2894 5562 paralyticum
2928 5487 3036 5548 alii,
3077 5505 3093 5536 ι
3126 5501 3348 5554 quorum
3396 5484 3555 5537 fidem
3588 5491 3648 5535 ut
3676 5481 3753 5532 vi-

2184 5589 2253 5641 dit
2278 5627 2291 5651 ,
2322 5586 2452 5638 dixit
2485 5583 2772 5652 pziralytico
2813 5598 2823 5631 :
2866 5577 3113 5635 Confido.
3145 5576 3236 5642 fili,
3269 5575 3617 5629 remittuntur
3655 5569 3759 5625 tibi
