3968 6322
177 395 281 447 429

1196 378 1389 431 LIBER
1430 376 1517 430 DE
1555 368 1956 448 ΟΜΛΪΙΟΝΕ
1980 370 2374 428 PUER'ORUM.

3292 374 3393 426 45⁸)

174 510 391 573 peccata
444 508 549 550 tua.
585 494 782 564 Surge.
824 501 877 546 et
919 491 1039 545 tolle
1076 490 1270 542 lectum
1312 498 1479 549 tuum,
1517 494 1567 538 et
1601 484 1729 537 varie
1763 488 1807 543 Α
1836 484 2300 536 mortiﬁcationem
2330 482 2453 537 Iesu
2487 481 2537 536 in
2562 494 2785 552 corpore
2809 490 2989 536 nostro
3016 484 3389 540 (-ireuntt'm'mi~

176 597 228 647 in
258 593 471 644 donmm
506 598 668 640 tuam.
707 605 723 634 ι
765 580 1106 638 Centurionis
1134 578 1262 631 ﬁdes
1309 577 1610 645 impetravit
1644 590 1729 627 sa-

177 689 336 732 lutem
362 686 555 739 ‘servo;
600 684 652 729 et
688 672 851 742 reguli
883 671 1040 731 ﬁlius,
1074 670 1321 723 credente
1350 675 1496 735 patre
1523 678 1726 719 sermo-

175 770 331 821 nibus
373 767 523 831 Jesu,
574 766 637 819 ad
680 764 956 833 pristinam
1009 762 1287 813 sanitatem
1334 771 1579 811 reversus
1624 763 1724 809 est.

172 857 591 928 Arebisynagogi
638 856 820 917 ﬁliam,
854 860 1073 922 rogante
1112 866 1192 909 eo,
1238 865 1267 902 a
1303 846 1527 901 mortuis
1555 845 1730 899 Domi«

174 962 275 1001 nus
303 945 602 1006 suscitavit,
625 952 678 997 et
700 941 841 996 Petri
879 952 1087 994 socrum
1118 937 1411 1007 postulatus
1452 936 1588 989 idem
1623 933 1725 986 Do-

170 1035 349 1088 minus
395 1049 430 1085 a'
452 1032 685 1086 febribus
719 1029 979 1083 liberavit.
1020 1027 1242 1097 Cognito
1267 1027 1495 1079 adventu
1522 1023 1645 1077 Jesu
1677 1023 1728 1076 in

172 1134 316 1178 terra
342 1122 598 1187 Genesar,
640 1121 742 1175 viri
790 1120 891 1173 loci
936 1119 1075 1172 illius
1124 1118 1381 1171 miserunt
1426 1116 1475 1168 in
1515 1129 1727 1168 omnem

169 1215 439 1285 regionem
472 1213 634 1277 illam,
666 1219 719 1264 et
747 1209 1053 1263 obtulerunt
1081 1208 1128 1260 ei
1158 1220 1344 1260 omnes
1371 1204 1505 1259 male
1529 1205 1730 1258 haben-

169 1314 274 1369 tes,
304 1313 356 1377 et
378 1305 636 1374 rogabant
661 1316 783 1355 eum
811 1311 868 1353 ut
893 1300 975 1353 vel
1003 1298 1265 1352 ﬁmbriam
1293 1296 1591 1350 vestimenti
1616 1295 1731 1363 ejus

170 1402 453 1464 tangerent
482 1408 495 1445 :
521 1400 574 1447 et
599 1390 901 1461 quicunque
936 1388 1241 1458 tetigerunt,
1266 1386 1398 1441 salvi
1429 1385 1555 1438 facti
1586 1390 1725 1437 sunt.

170 1483 357 1537 Mulier
382 1480 681 1537 Cbana'nzea
710 1495 805 1550 pro
838 1478 943 1532 ﬁlia
990 1487 1138 1546 rogat
1166 1476 1509 1561 dzemoniaca,
1542 1481 1597 1528 et
1635 1488 1729 1556 psa-

167 1573 330 1626 lutem
356 1572 428 1626 illi
456 1586 485 1625 a
508 1571 730 1631 Domino
754 1568 963 1623 meruit.
988 1565 1291 1622 Offerebant
1311 1565 1434 1619 Jesu
1462 1563 1727 1633 parvulos,

164 1672 229 1713 ut
278 1670 521 1731 tangeret
564 1675 656 1715 eos
700 1676 713 1711 :
760 1657 1004 1727 discipuli
1055 1666 1231 1711 autem
1269 1648 1733 1709 comminabantur

166 1751 535 1816 offerentibus,
568 1765 721 1820 quos,
755 1764 874 1803 cum
902 1747 1141 1811 vidisset,
1176 1746 1389 1815 indigne
1413 1744 1549 1809 tulit,
1582 1751 1633 1798 et
1656 1743 1730 1796 ait

1837 582 1936 635 tes,
1966 584 2023 625 ut
2051 584 2103 626 et
2132 575 2234 626 vita
2266 572 2390 627 Jesu
2432 574 2481 626 in
2514 573 2833 643 corporibus
2866 576 3059 627 n'ostris
3090 577 3390 631 manifeste-

1836 675 1938 717 tur.
1983 686 1998 714 ι
2050 666 2114 719 Et
2146 666 2307 719 alibi:
2348 684 2366 716 ι
2402 666 2602 719 Omnia"
2650 676 2825 719 autem
2877 668 3116 721 sustineo
3177 680 3394 737 promer

1834 755 2051 815 electos.
2084 765 2141 810 ut
2174 766 2227 810 et
2249 758 2344 826 ipsi
2373 758 2607 812 salutem
2641 768 3054 829 consequantur,
3088 761 3203 829 qua:
3230 770 3313 816 est
3342 764 3391 815 in

1833 844 2046 898 Christo
2075 845 2196 899 Jesu
2239 847 2290 899 iu
2324 847 2493 913 gloria
2523 849 2747 902 caelesti.
2787 868 2803 899 ι
2841 849 2971 904 llinc
3002 862 3083 907 est
3111 852 3252 921 quod
3280 854 3393 922 piu-

1836 934 1952 987 rimi
2003 950 2096 1003 per
2150 937 2373 1005 gratiam
2420 937 2542 997 Dei,
2606 948 2659 991 ct
2714 955 2809 1009 per
2846 940 3105 994 bonorum
3159 942 3391 999 studium

1835 1025 2243 1093 magistrorum,
2275 1035 2383 1079 tam
2416 1036 2477 1080 ex
2507 1026 2699 1082 ludatis
2738 1032 2895 1097 quam
2928 1032 3088 1086 etiam
3127 1046 3189 1085 ex
3220 1038 3390 1103 genti-

1832 1115 1951 1178 bus,
1983 1124 2423 1169 converterentur
2454 1120 2518 1170 ad
2545 1117 2700 1171 ﬁdem
2727 1118 2921 1173 Christi
2950 1138 2961 1172 :
2999 1122 3137 1176 sicut
3172 1122 3222 1175 in
3247 1121 3392 1179 A'clic

1833 1207 1932 1261 bus
1957 1206 2319 1275 apostolorum
2348 1208 2556 1278 legitur,
2592 1210 2730 1278 quod
2757 1209 3078 1279 pnedicame
3102 1211 3259 1265 Petro
3286 1230 3389 1267 una

1834 1296 1918 1349 die
1957 1295 2209 1364 apposita:
2240 1297 2346 1350 sint
2395 1297 2460 1350 ad
2496 1310 2773 1351 numerum
2825 1301 3155 1354 credentium
3204 1304 3394 1357 animat

1834 1384 2047 1439 circiter
2079 1386 2179 1439 tria
2216 1386 2401 1439 miilia.
2457 1406 2474 1436 ι
2504 1386 2733 1442 Verbum
2764 1389 2903 1443 enim
2936 1390 3143 1444 Domini
3186 1407 3391 1445 cresce-

1832 1478 1940 1543 bat,
1979 1487 2032 1531 et
2068 1478 2521 1547 multiplicabatur
2560 1490 2810 1535 numerus
2840 1478 3197 1551 di‘cipu‘lorum'
3226 1485 3276 1536 in
3306 1482 3391 1537 Je-

1834 1567 2061 1620 ruSale'm
2092 1566 2262 1621 valde.
2297 1588 2313 1617 ι
2348 1567 2507 1621 Multa
2536 1570 2695 1623 etiam
2730 1571 2887 1624 turba
2907 1570 3241 1625 sacerdotum
3274 1574 3393 1626 obec

1832 1657 2010 1710 diebat
2042 1657 2184 1711 fidei.
2229 1656 2486 1713 Similiter
2516 1660 2679 1715 Paulo
2709 1670 2767 1715 et’
2788 1661 3039 1717 Barnaba‘
3058 1662 3393 1732 przedieant'i—

1832 1748 1931 1799 bus
1970 1747 2022 1801 in
2049 1747 2352 1812 Antiochia,
2384 1750 2855 1806 multusnumerus
2892 1754 3222 1807 credentium
3264 1758 3391 1808 eon-

168 1840 275 1895 illis
301 1858 313 1891 :
344 1860 360 1891 ‹
392 1840 563 1895 Sinite
584 1840 829 1909 parvulos
854 1839 1038 1894 venire
1062 1838 1126 1892 ad
1150 1853 1256 1901 me,
1281 1845 1334 1890 et
1362 1836 1524 1890 nolite
1550 1836 1731 1904 probi-
1760 1824 1804 1885 B
1835 1844 2019 1890 versus
2047 1837 2111 1890 ad
2138 1836 2419 1892 Dominum
2448 1840 2547 1903 est,
2578 1841 2646 1893 ita
2675 1852 2734 1894 ut
2761 1843 3262 1911 cognominarcntur
3286 1844 3393 1913 pri-

167 1933 296 1986 bere
320 1946 413 1986 eos
441 1947 453 1984 :
488 1931 669 1984 talium
702 1940 781 1984 est
814 1931 956 1984 enim
996 1937 1217 1999 regnum
1246 1927 1523 1981 caelorum.
1561 1927 1728 1979 Amen

166 2022 289 2075 dico
315 2021 483 2083 vobis,
512 2020 612 2090 qui
631 2032 733 2074 non
761 2019 1021 2088 receperit
1044 2032 1263 2088 regnum
1292 2018 1381 2071 Dei
1414 2017 1551 2070 sicut
1577 2027 1727 2084 puer,

168 2126 275 2164 non
314 2110 533 2164 intrabit
567 2111 618 2163 in
651 2109 799 2163 illud.
835 2109 903 2163 Et
931 2108 1271 2177 complexans
1300 2118 1416 2171 eos,
1466 2116 1519 2160 et
1566 2107 1732 2176 ἰηπρο-

169 2216 305 2255 nens
331 2215 519 2254 manus
544 2213 703 2269 snper
729 2198 864 2261 illus,
914 2198 1261 2253 benedicebat
1286 2180 1403 2251 eos.
1452 2217 1468 2249 ι
1500 2196 1730 2249 Audiam

168 2294 286 2348 inec
317 2293 406 2362 qui
438 2292 703 2347 oblationi
732 2291 1023 2346 detrahunt
1043 2289 1405 2359 parvulorum,
1443 2298 1495 2343 et
1529 2289 1730 2342 intelli-

167 2394 299 2454 gant
323 2391 573 2438 conatum
605 2398 765 2437 suum
788 2384 862 2436 ad‘
884 2380 1216 2449 iniquitatem
1249 2380 1483 2442 tendere,
1515 2378 1733 2433 frustra-

166 2489 276 2542 que
320 2486 379 2529 se
417 2474 512 2527 niti
554 2474 605 2526 in
636 2470 937 2540 obiectione
975 2471 1148 2525 anatis
1189 2482 1383 2539 parvab,
1429 2470 1579 2537 quasi
1628 2483 1730 2522 non

167 2564 329 2618 liceat
369 2559 683 2633 parentibus
722 2562 859 2617 ﬁlios
908 2574 1034 2615 suos
1080 2560 1310 2614 infantes
1357 2558 1549 2614 oﬂ'erre
1602 2558 1727 2623 Deo,

170 2656 397 2725 ejusque
420 2655 640 2710 servitio
679 2654 797 2708 illos
830 2653 1155 2721 mancipare.
1189 2648 1249 2705 Si
1275 2651 1415 2705 enim
1448 2651 1558 2720 ipsa
1584 2645 1731 2704 Veri-

168 2753 265 2797 tas
298 2743 543 2799 carnales
590 2744 763 2798 adhuc
810 2742 1115 2811 discipulos,
1144 2750 1196 2795 et
1230 2741 1460 2795 nondum
1489 2741 1732 2813 passione

166 2848 266 2889 sua
302 2846 465 2903 atque
490 2833 884 2887 resurrectione
913 2847 1012 2886 nec
1037 2846 1138 2885 non
1171 2840 1224 2886 et
1252 2832 1489 2885 adventu“
1506 2829 1733 2899 Spiritus

170 2926 342 2981 sancti
396 2924 735 2978 illuminatos
767 2926 924 2991 atque
974 2921 1316 2985 confortatos,
1348 2920 1734 2974 comminantes

170 3012 517 3068 offerentibus
551 3012 809 3083 parvulos
847 3012 1061 3082 indigne
1092 3010 1231 3074 tulit,
1265 3010 1391 3079 quid
1419 3017 1606 3079 putant
1647 3008 1733 3062 isti

172 3118 231 3157 se
266 3103 557 3173 promereri
605 3102 694 3170 qui
746 3102 963 3156 dilatata
1006 3114 1107 3170 per
1152 3100 1335 3153 orbem
1379 3097 1637 3162 Ecclesia,
1680 3104 1734 3151 et

1835 1942 1976 1979 mum
2005 1927 2299 1982 Antiochia:
2328 1926 2591 1998 discipuli,
2614 1927 2922 1986 Christiani.
2979 1928 3199 2002 Crispus
3220 1933 3392 1987 archi—

1833 2029 2131 2087 synagogus
2170 2019 2397 2072 credidit
2433 2020 2653 2074 Domino
2680 2022 2971 2075 cum'omni
3004 2023 3161 2077 domo
3196 2037 3311 2085 sua,
3341 2032 3392 2076 et

1833 2107 1985 2159 multi
2018 2108 2416 2161 Corinthiorum
2454 2107 2730 2165 audientes
2770 2107 3080 2177 credebant,
3123 2122 3176 2166 et
3221 2114 3392 2181 bapti-

1836 2195 2117 2247 zabantur.
2188 2194 2337 2250 Unde
2390 2197 2528 2251 idem
2578 2198 2847 2268 apdstolus
2890 2200 3084 2255 Paulus
3136 2199 3393 2270 gloriatur

1835 2287 1975 2353 quod
2026 2288 2091 2341 ab
2127 2284 2423 2344 Jerusalem
2476 2304 2643 2358 usque
2690 2291 2753 2344 ad
2802 2290 3061 2362 Illyricum
3114 2291 3395 2359 repleverit

1836 2379 2177 2451 Evangelimn
2221 2392 2396 2437 suum.
2447 2383 2487 2436 Ε
2525 2383 2793 2437 contrario
2826 2398 2972 2447 vero,
3007 2382 3218 2452 quidam
3258 2394 3395 2433 nunc

1837 2470 2172 2526 intendeutcs
2193 2474 2468 2542 spiritibus
2491 2474 2713 2539 erroris,
2743 2482 2796 2527 et
2825 2474 3081 2527 doctrinis
3117 2472 3395 2525 d.em0nio~

1836 2575 1953 2612 rum
1986 2562 2035 2614 in
2071 2563 2336 2632 hypocrisi
2379 2556 2704 2633 loquentium
2745 2562 3098 2625 mendacium,
3130 2569 3181 2614 et
3210 2568 3393 2614 caute-

1838 2650 2025 2702 riatam
2055 2646 2313 2705 habentes
2356 2665 2505 2706 suam
2546 2651 2951 2715 conscientiam,
2979 2649 3264 2719 prohibent
3288 2650 3394 2701 dis-

1838 2743 2025 2797 cedere
2075 2743 2331 2811 quosdam
2388 2760 2415 2797 a
2468 2745 2706 2799 saeculari
2756 2757 2977 2814 pompa,
3032 2759 3061 2796 a
3108 2742 3398 2812 cupiditate

1838 2842 2070 2899 terrena,
2111 2844 2163 2889 et
2203 2850 2259 2890 se
2298 2834 2491 2889 secia‘ri
2534 2832 2991 2905 conteinptoribus
3040 2834 3241 2897 mundi,
3282 2848 3396 2888 ser-

1836 2923 2105 2977 vientibus
2133 2918 2241 2977 Deo
2288 2926 2385 2980 sub
2433 2925 2711 2995 disdplina
2762 2924 3009 2996 regulari.
3066 2924 3291 2979 Videant
3320 2924 3393 2985 hi,

1839 3029 1903 3067 ne
1938 3014 2073 3067 forte
2108 3015 2173 3069 ad
2214 3015 2357 3083 ipsos
2388 3016 2637 3083 respiciat
2682 3015 2769 3069 illa
2805 3016 3078 3070 Dominica
3114 3017 3396 3077 sententia.

1839 3118 1941 3172 qua
1994 3105 2046 3157 in
2089 3104 2377 3174 Evangelia
2406 3106 2471 3159 ad
2512 3105 2809 3161 l’haris'tcos
2842 3115 2895 3161 et
2917 3107 3247 3177 legisperitos
3288 3104 3398 3175 ipsa

171 3178 523 3247 manifestata
549 3192 746 3261 ubique
778 3192 1018 3255 ueritate,
1055 3186 1230 3245 adhuc
1273 3190 1556 3244 obcze'eato.
1578 3189 1737 3243 corde
1766 3185 1809 3247 C
1842 3192 2050 3247 Veritas
2072 3194 2145 3247 ait
2173 3213 2183 3246 :
2216 3213 2233 3244 ι
2273 3193 2362 3248 Vae
2392 3194 2546 3249 vobis
2577 3194 2879 3259 Pharistels,
2914 3182 3008 3265 qui
3036 3194 3253 3266 diligitis
3290 3195 3400 3264 pri-

172 3299 268 3353 per
296 3282 643 3352 cupiditatem
676 3286 961 3346 terrenam,
988 3280 1258 3335 contraria
1296 3276 1415 3333 ﬁdei
1459 3276 1735 3333 catholicae

172 3372 433 3437 sentiunt,
479 3378 637 3439 atque
686 3380 860 3425 sectas
905 3380 1087 3436 novas,
1129 3370 1588 3439 appropinquante
1633 3368 1737 3425 ﬁne

173 3461 380 3524 mundi,
419 3461 469 3514 in
498 3460 790 3515 Ecclesiam
824 3460 1195 3513 introducunt?
1224 3458 1454 3523 Etenim,
1484 3459 1609 3512 dum
1642 3459 1736 3513 de—

173 3554 405 3605 buerant
449 3550 691 3620 magistri
718 3564 836 3605 esse
865 3554 1083 3620 propter
1109 3558 1337 3619 tempus,
1370 3564 1557 3604 rursus
1602 3549 1736 3603 indi-

176 3650 305 3711 gent
338 3649 401 3693 ut
422 3640 715 3695 doceantur“
742 3654 860 3708 qua:
887 3640 994 3693 sint
1020 3639 1510 3693 elcmeutaexordii
1536 3642 1738 3693 sermo-

177 3744 305 3783 num
336 3727 449 3782 Dei.
485 3728 664 3794 Quane
690 3730 793 3782 non
822 3728 1203 3796 pertimescunt
1233 3727 1378 3781 Pauli
1420 3728 1737 3782 sententiam

178 3819 443 3872 dicentis:
477 3836 493 3867 ι
527 3817 736 3870 irritam
767 3818 886 3886 quis
924 3815 1128 3870 faciens
1178 3818 1347 3885 legem
1391 3817 1577 3887 Moysi,
1625 3819 1738 3873 sine

179 3908 286 3961 ulla
317 3907 665 3962 miseratione
685 3906 891 3960 duobus
916 3906 999 3960 vel
1032 3907 1198 3960 tribus
1227 3907 1453 3960 moritur
1484 3907 1735 3963 testibus:

178 4008 384 4071 quanto
416 4000 586 4069 magis
613 4000 809 4068 putatis
828 3999 1090 4053 deteriora
1124 4000 1317 4053 mereri
1343 4000 1616 4069 supplicia,
1650 4001 1739 4069 qui

178 4091 375 4146 Filium
413 4091 505 4145 Dei
544 4090 960 4153 conculcaveriti,
994 4097 1049 4142 et
1087 4090 1399 4158 sanguinem
1435 4090 1738 4144 testamenti

178 4179 449 4249 polimum'
469 4179 701 4242 duxerit,
745 4179 795 4231 in
827 4193 931 4247 quo
972 4178 1335 4233 sanctiﬁcatus
1364 4188 1465 4244 est,
1497 4189 1550 4232 et
1586 4180 1742 4249 spiri-

179 4272 270 4327 tui-
301 4273 486 4343 gratiae
526 4272 899 4325 contumeliam
950 4271 1169 4326 fecerit?
1215 4274 1413 4327 scimus
1457 4274 1618 4337 enim,
1654 4276 1741 4343 qui

180 4359 504 4417 dixinhiibi
550 4362 863 4426 vindictam,
903 4373 956 4415 et
1004 4378 1103 4432 ego
1138 4363 1374 4417 reddam.
1428 4363 1491 4417 Et
1520 4366 1739 4419 iterum:

181 4454 307 4523 quia
350 4452 607 4521 iudicabit
639 4452 893 4506 Dominus
920 4454 1169 4521 populum
1199 4468 1349 4507 suum
1376 4469 1389 4506 :
1416 4456 1739 4509 horrendum

1841 3296 1955 3337 mas
1982 3281 2267 3337 cathedras
2298 3284 2350 3336 in
2380 3284 2686 3354 synagogis,
2717 3290 2771 3337 et
2798 3282 3142 3337 salutationes
3172 3284 3223 3336 in
3251 3281 3397 3344 foro;

1839 3386 1917 3424 vae
1942 3371 2113 3435 vobis,
2140 3372 2263 3439 quia
2289 3372 2420 3425 estis
2448 3382 2509 3429 ut
2533 3380 2897 3435 monumenta,
2920 3386 3039 3439 qua:
3059 3385 3161 3425 non
3188 3380 3399 3441 parent,

1838 3470 1893 3517 et
1920 3463 2162 3517 homines
2192 3463 2525 3517 ambulantes
2551 3475 2729 3531 supra,
2765 3464 3023 3517 nesciunt.
3074 3481 3091 3513 ›
3144 3456 3212 3515 E't
3237 3461 3399 3517 item:

1846 3571 1863 3601 ι
1900 3548 1988 3606 Vat
2014 3552 2184 3616 vobis,
2219 3554 2410 3623 inquit,
2438 3554 2782 3623 legisperitis,
2822 3555 2912 3623 qui
2954 3554 3160 3608 habetis
3195 3554 3401 3609 clavem

1841 3644 2114 3699 scientia):
2147 3645 2244 3713 ipsi
2282 3658 2386 3699 non
2428 3645 2705 3705 iutroistis,
2743 3652 2797 3698 et
2835 3656 2926 3711 eos
2958 3645 3047 3713 qui
3090 3638 3403 3709 introibant,

1840 3736 2212 3805 prohibuistis.
2253 3756 2269 3787 ι
2307 3736 2442 3789 llinc
2470 3734 2659 3791 Petrus
2690 3737 3019 3806 in‘Epistola'
3045 3730 3149 3792 sua
3170 3736 3400 3805 scripsit,

1842 3824 2055 3878 dicens:
2086 3842 2104 3874 ‹
2135 3820 2292 3877 Novit
2321 3824 2460 3878 Deus
2486 3825 2693 3893 piosde
2722 3824 3014 3879 tentationc
3041 3825 3269 3895 eripere,
3298 3825 3401 3877 ini-

1841 3930 1975 3984 quos
2022 3927 2148 3967 vero
2208 3914 2259 3968 in
2309 3914 2448 3969 diem
2488 3914 2674 3983 judicii
2728 3914 3047 3969 craeiandos
3096 3920 3403 3977 reservare;

1842 4004 2012 4073 magis
2041 4012 2220 4057 autem
2247 4018 2338 4057 eos
2366 4004 2454 4072 qui
2486 4012 2609 4074 post
2630 4015 2847 4059 carnem
2880 4003 3183 4057 alteram‘in
3211 4008 3405 4057 concu—

1841 4093 2155 4164 piscentiam
2184 4094 2530 4147 immunditiae
2557 4093 2853 4157 ambulant,
2882 4090 3406 4160 dominatimrentque

1843 4191 2229 4247 contemnunt,
2285 4184 2536 4246 audaces,
2585 4183 2683 4236 sibi
2736 4182 3042 4251 plabcntes,
3092 4191 3264 4237 sectas
3302 4197 3403 4236 non

1844 4258 2091 4328 metdunt
2116 4273 2311 4337 facere,
2343 4271 2799 4342 blasphemant‘es,
2824 4272 3029 4326 deliciis
3059 4275 3168 4325 suis
3195 4266 3409 4325 alll'u‘en-

1844 4375 1944 4431 tcs,
1970 4367 2021 4420 in
2058 4366 2457 4427 conviviis‘su'is
2483 4362 2830 4429 luxuriantes,
2868 4359 3181 4432 pellicentes
3202 4364 3407 4416 animas

1846 4456 2139 4521 instabiles,
2165 4472 2261 4511 cor
2285 4452 2640 4509 exercitatum
2664 4452 2899 4505 avaritia
2918 4451 3175 4507 habentes
3204 4469 3215 4502 :
3244 4452 3408 4505 male-

179 4550 265 4597 cst
289 4542 520 4595 incidere
546 4540 599 4594 in
627 4553 817 4595 manus
843 4540 934 4595 Dei
962 4543 1207 4595 viventis.
1250 4562 1266 4593 ›
1303 4542 1568 4596 Bonorum
1605 4545 1744 4597 enim
1773 4536 1823 4595 D
1850 4546 2101 4599 dictionis
2131 4544 2245 4609 ﬁlii,
2282 4544 2719 4611 derelinquentes
2748 4541 2888 4595 viam
2920 4551 3159 4604 rectam,
3185 4536 3405 4595 errave-

184 4634 466 4687 doctorum
486 4647 698 4700 semper
724 4645 838 4685 mos
862 4632 956 4685 fuit
976 4632 1154 4685 verbis
1184 4641 1343 4700 atque
1366 4634 1621 4703 exemplis
1638 4636 1745 4687 Deo

182 4722 438 4794 populum
484 4720 834 4784 lucrifacere,
898 4731 950 4774 et
1012 4726 1227 4777 studere
1272 4740 1300 4776 a
1348 4740 1511 4793 regno
1552 4726 1745 4779 diaboli

182 4826 532 4884 quoscunque
581 4812 816 4882 eripere,
860 4820 1017 4881 atque
1050 4813 1115 4865 ad
1166 4813 1442 4866 servitium
1486 4814 1577 4867 Dei
1621 4829 1747 4868 con-

185 4913 416 4959 vertere.
456 4902 604 4959 Unde
631 4903 865 4972 gentium
892 4902 1076 4957 doctor
1101 4901 1393 4957 Corinthiis
1420 4904 1494 4956 ait
1522 4917 1535 4955 ε
1566 4922 1582 4952 ι
1613 4902 1743 4957 Cum

185 4997 324 5050 iiber
358 5007 529 5048 essem
573 5008 637 5047 ex
665 4993 931 5059 omnibus,
978 4995 1215 5047 omnium
1258 5008 1343 5047 me
1378 5009 1589 5047 servum
1623 4994 1742 5059 feci,

184 5094 243 5138 ut
281 5085 460 5155 plures
494 5083 859 5137 lucrifacerem
900 5101 911 5135 :
962 5082 1135 5138 factus
1169 5098 1285 5139 sum
1333 5076 1556 5137 inilrmis
1598 5085 1745 5137 inﬁr-

187 5184 421 5240 mus,-ut
450 5173 693 5229 inﬁrmos
724 5172 1123 5239 lucrifacerem;
1170 5175 1417 5229 omnibus
1445 5176 1623 5229 omnia
1672 5176 1748 5228 fa-

187 5279 314 5323 ctus
355 5279 472 5321 sum
492 5305 507 5328 ,
551 5274 609 5319 ut
650 5280 837 5321 omnes
858 5266 1039 5321 salvos
1074 5268 1323 5321 facerem.
1354 5266 1541 5322 Omnia
1566 5276 1746 5323 autem

187 5359 329 5414 facio
352 5365 570 5429 propter
593 5358 955 5429 Evangelium,
983 5367 1039 5412 ut
1067 5360 1332 5430 particeps
1356 5362 1469 5429 ejus
1495 5359 1708 5415 eﬂleiar.
1725 5380 1741 5411 ι

188 5436 269 5506 Et,
309 5452 437 5505 item
465 5469 476 5502 :
509 5468 526 5499 ‹
571 5449 627 5503 in
670 5448 936 5515 omnibus,
971 5472 987 5502 ι
1042 5454 1231 5521 inquit,
1294 5472 1310 5501 ι
1356 5451 1746 5506 tribulationem

188 5543 445 5611 patimur,
479 5539 570 5594 sed
608 5552 715 5593 non
749 5539 1150 5606 angustiamnr:
1178 5542 1498 5610 aporiamur,
1527 5538 1618 5593 sed
1644 5554 1747 5592 non

190 5630 532 5684 destituimur
558 5645 570 5679 :
601 5628 1024 5696 persecutionem
1056 5631 1306 5698 patimur,
1339 5630 1428 5684 sed
1469 5645 1572 5683 non
1599 5630 1749 5682 derc-

194 5721 524 5791 liuquimur:
572 5716 873 5795 deiiciatur,
924 5718 1016 5773 sed
1065 5734 1167 5774 non
1219 5720 1489 5789 perimus:
1539 5732 1749 5787 semper

1852 4645 2005 4699 runt;
2046 4636 2213 4689 secuti
2252 4635 2391 4688 viam
2420 4633 2635 4687 Balaam
2676 4640 2741 4686 ex
2771 4631 2934 4687 Bosor
2970 4631 3066 4702 qui
3108 4630 3406 4686 Mercedem

1850 4725 2148 4794 iniquitatis
2194 4725 2425 4790 amavit,
2472 4725 2865 4791 correptionem
2912 4722 3046 4777 vel‘o
3083 4720 3269 4775 habuit
3298 4722 3407 4775 ante

1851 4818 2101 4881 vesania),
2133 4816 2406 4885 subjugale
2436 4822 2639 4869 mutum
2673 4815 2724 4867 in
2754 4812 2989 4868 hominis
3027 4817 3154 4869 voce
3184 4814 3407 4883 loquens

1849 4907 2120 4977 prohibuit
2145 4907 2415 4976 prephetce
2442 4904 2819 4973 insipientiam;
2852 4902 2917 4957 Hi
2946 4907 3078 4957 εστιν
3096 4901 3266 4957 fontes
3295 4904 3407 4956 sine

1852 5012 2011 5066 aqua,
2043 5006 2097 5051 et
2127 4996 2330 5049 nebulae
2358 4991 2655 5047 turbinibus
2682 4994 2982 5062 exagitata);
3019 4989 3405 5065 quibuscaiigo

1853 5087 2191 5139 tenebrarum
2242 5090 2543 5139 reservatur
2568 5100 2580 5135 :
2608 5083 2855 5151 superbia
2886 5084 3028 5136 enim
3054 5078 3299 5136 vanitatis
3323 5080 3405 5135 lo-

1851 5185 2075 5245 quentes
2106 5173 2349 5245 pcilicent
2393 5174 2443 5226 in
2487 5174 2766 5228 desideriis
2807 5175 2983 5228 carnis
3028 5174 3255 5227 luxnria!
3290 5187 3403 5237 eus,

1852 5266 1942 5335 qui
1972 5265 2242 5335 paululum
2284 5261 2555 5333 effugiunt,
2584 5266 2671 5331 qui
2710 5264 2760 5317 in
2789 5270 2971 5318 errore
2998 5270 3402 5325 conversantur,

1853 5355 2153 5408 libertatem
2204 5350 2309 5407 illis
2352 5354 2753 5422 permittentes,
2804 5366 2922 5405 eum
2975 5353 3069 5421 ipst
3113 5348 3252 5405 servi
3303 5350 3410 5403 sint

1851 5443 2212 5511 corruptionis
2241 5458 2254 5495 :
2283 5458 2310 5495 a
2342 5460 2445 5512 quo
2474 5448 2593 5511 quis
2622 5445 2761 5497 enim
2789 5450 3074 5510 superatus
3114 5448 3217 5503 est,
3251 5440 3408 5505 huius

1851 5547 1901 5590 ct
1940 5550 2125 5588 servus
2156 5543 2253 5588 est.
2308 5536 2363 5588 Si
2400 5536 2538 5589 enim
2590 5534 2907 5605 refugientes
2951 5533 3312 5601 coinqtiinatio
3354 5548 3411 5586 es

1852 5628 2055 5689 mumii,
2105 5627 2156 5679 iu
2195 5627 2552 5694 cognitionem
2591 5624 2795 5677 Domini
2833 5625 2997 5677 nostri
3036 5634 3087 5676 et
3117 5622 3312 5676 Salvatt
3390 5639 3409 5674 ς

1851 5718 1973 5774 Jesn
2016 5718 2231 5786 Christi,
2272 5719 2353 5773 lli:
2406 5734 2592 5771 rursus
2641 5716 2783 5785 impii
2824 5717 2879 5769 iii
2906 5725 3237 5785 superantur,
3272 5716 3409 5770 facta
