3968 6336
517 384 610 437 ιδι

1159 376 1219 430 Β.
1260 373 1507 430 ΒΑΒΛΝΙ
1546 373 2115 431 MAURI'ARCIIIEP.
2159 371 2462 427 MOGUNT.
2501 369 2781 425 OPERUM
2822 369 2998 424 PARS
3037 368 3075 422 I.

3633 367 3740 420 με).

521 499 643 544 sunt
671 488 748 542 eis
775 484 1068 555 posteriora
1095 483 1358 537 deteriora
1382 481 1662 552 prioribus.
1725 481 1910 534 Helius
1930 482 2072 535 enim
2105 490 2147 545 Λ
2177 492 2228 534 et
2258 499 2321 536 ex
2352 483 2598 552 gentibus
2642 498 2851 551 quoque
2901 481 3239 535 credentibus
3286 481 3563 557 aequaliter
3608 485 3744 534 rcci-

519 587 634 634 erat
681 577 784 630 illis
833 591 936 630 non
976 586 1264 641 agnoscere
1309 572 1449 625 viam
1489 570 1726 638 iustitite,
1766 585 1926 638 quam
1961 578 2082 639 post

521 666 849 737 agnitionem
879 672 1171 717 retrorsum
1201 660 1441 714 converti
1466 661 1532 714 ab
1562 674 1647 733 eo,
1673 659 1812 728 quod
1843 659 1948 713 illis
1970 668 2081 713 tra-

518 756 690 813 'ditum
720 763 823 819 est,
854 762 1040 808 sancto
1067 751 1334 805 mandato.
1353 769 1371 802 ι

593 849 716 904 llaec
743 847 954 916 quidem
1004 859 1125 897 cum
1168 843 1386 897 auribus
1419 843 1657 912 corporis
1699 841 2080 910 percipiantur,

524 953 619 992 nec
649 950 806 990 aures
831 934 1131 997 interiores,
1160 946 1295 1001 quas
1326 930 1573 985 Salvator
1602 930 1654 983 in
1685 927 1971 997 Evangelio
2000 942 2084 982 re-

523 1028 707 1098 quirit,
734 1026 953 1080 dicens:
992 1043 1010 1075 ‹
1047 1023 1145 1090 Qui
1178 1023 1339 1077 habet
1367 1036 1523 1076 aures
1551 1019 1798 1074 audiendi
1819 1021 2019 1085 audiat,
2060 1039 2078 1067 ι

521 1123 812 1187 apponunt,
860 1119 921 1168 ut
965 1112 1260 1181 intelligant
1305 1109 1554 1177 quoniam
1596 1108 1686 1177 qui
1729 1108 1852 1161 talia
1898 1116 2080 1176 agunt,

523 1208 667 1279 digni
690 1216 814 1262 sunt
850 1215 1020 1264 morte
1047 1222 1058 1255 :
1091 1219 1194 1257 non
1224 1201 1393 1256 solum
1417 1202 1507 1271 qui
1534 1199 1766 1265 iaciunt;
1800 1201 2083 1272 sed.etiam

522 1300 612 1366 qui
640 1295 978 1352 consentiunt
1005 1291 1337 1353 facientibus,
1367 1305 1532 1360 prava
1574 1291 1868 1346 intentione
1897 1291 2085 1346 decer-

525 1396 657 1450 tant,
687 1385 952 1455 quomodo
988 1385 1250 1445 minuant,
1277 1392 1367 1435 aut
1398 1380 1637 1438 funditus
1679 1389 1926 1436 evertant
1971 1396 2086 1436 mo-

523 1476 780 1530 nasticam
807 1472 1283 1529 conversationem.
1316 1470 1449 1526 Cum
1477 1472 1618 1525 enim
1642 1470 1909 1524 audierint
1937 1485 2088 1542 regu-

524 1566 687 1622 larem
718 1565 1035 1621 oblationem
1063 1565 1115 1620 in
1153 1563 1334 1634 pueris
1363 1563 1583 1617 minoris
1610 1561 1816 1627 aetatis,
1859 1562 2086 1617 testibus

523 1657 728 1712 idoneis
765 1654 1074 1712 confirmari
1112 1655 1307 1709 debere
1348 1670 1361 1705 :

524 1757 682 1816 atque
717 1746 966 1801 resistere
992 1743 1207 1798 veritati
1230 1742 1579 1806 non-audent;
1602 1756 1668 1797 ex
1696 1740 1912 1809 obliquo
1940 1753 2085 1810 qua:-

1415 1651 1537 1722 quia
1586 1659 1771 1721 aperte
1815 1651 2086 1707 contraire
2151 1651 2156 1656 ’

2183 573 2355 641 piunt,
2379 573 2503 626 etin
2529 587 2750 626 numero
2767 581 2994 640 quatuor
3017 571 3419 640 Evangeliorum
3444 571 3742 625 ascribunt.

2183 663 2321 716 Deus
2375 662 2515 715 enim
2560 676 2840 730 personam
2891 661 3119 722 hominis
3161 675 3264 713 non
3312 660 3524 728 accipit,
3557 660 3648 712 sed
3689 659 3744 711 in

2180 752 2324 805 omni
2350 761 2505 820 gente
2529 759 2582 804 et
2607 748 2906 804 conditione
2933 749 3021 818 qui
3055 749 3205 802 timet
3231 748 3516 802 Dominum
3535 756 3589 799 et
3613 762 3748 815 ope-

2183 850 2334 894 ratur
2354 840 2620 909 justitiam
2646 849 2896 907 acceptus
2928 843 3009 893 est
3036 839 3128 891 illi.
3619 904 3629 913 ο

2252 931 2376 985 [iure
2400 945 2526 985 vero
2545 946 2663 985 cum
2694 945 2750 984 se
2781 931 2851 983 ita
2876 931 3125 993 habeant,
3146 944 3262 998 qua:
3291 928 3423 983 ratio
3449 937 3534 982 est
3559 943 3750 982 secun-

2181 1020 2307 1075 dum
2335 1022 2521 1084 Deum,
2551 1029 2644 1076 aut
2668 1020 2956 1074 secundum
2986 1021 3248 1082 homines,
3270 1029 3326 1085 ut
3357 1019 3446 1088 qui
3467 1019 3752 1074 inferiores

2183 1122 2312 1168 sunt
2330 1114 2523 1179 virtute
2545 1108 2599 1167 e‘t'
2622 1111 2902 1182 dignitate,
2922 1112 3223 1180 superiores
3245 1110 3343 1164 sibi
3363 1118 3416 1164 et
3436 1110 3752 1164 eminentio-

2186 1218 2274 1258 res
2287 1210 2559 1270 spernant,
2584 1208 2637 1255 et
2662 1200 2814 1270 quasi
2843 1186 3082 1269 indignos
3104 1199 3246 1252 omni
3269 1199 3468 1253 honore
3493 1215 3751 1269 respuen-

2184 1303 2267 1350 tes
2301 1293 2571 1361 abjiciant,
2607 1295 2799 1365 quibus
2837 1292 3024 1361 subjici
3075 1290 3388 1358 oportebat?
3428 1290 3560 1357 Quis
3604 1290 3751 1344 enim

2185 1387 2392 1456 ignorat
2436 1386 2534 1438 sub
2569 1385 2669 1439 hac
2698 1384 2850 1454 plaga
2875 1382 3053 1437 mundi
3085 1383 3348 1447 habitans,
3372 1381 3610 1443 Francos
3631 1392 3753 1434 ante

2187 1476 2425 1531 Saxones
2441 1475 2492 1528 in
2509 1475 2706 1529 Christi
2723 1475 2823 1528 [ide
2844 1484 3005 1542 atque
3021 1474 3273 1544 religione
3293 1472 3474 1549 fuisse,
3494 1488 3629 1543 quos
3652 1473 3749 1541 ipsi

2184 1561 2517 1636 postmodum
2540 1580 2650 1619 sua:
2671 1565 3016 1618 dominationi
3036 1565 3359 1633 subegerunt
3379 1565 3567 1627 armis,
3591 1573 3752 1631 atque

2185 1655 2490 1724 superiores
2537 1651 2731 1717 effecti,
2762 1653 3096 1706 dominorum
3129 1651 3252 1725 ritu,
3297 1653 3403 1705 imo
3439 1652 3608 1721 magis
3660 1668 3754 1720 pa-

2188 1754 2340 1804 terno
2373 1742 2585 1808 affectu,
2610 1742 2680 1796 ab
2717 1742 2982 1797 idolorum
3003 1741 3156 1815 cultu
3191 1740 3582 1804 abstrahentes,
3602 1744 3669 1794 ad
3692 1743 3752 1819 li-

524 1849 648 1893 runt
667 1837 933 1908 quomodo
957 1836 1030 1900 id,
1053 1835 1192 1904 quod
1217 1847 1466 1904 perversa
1495 1841 1675 1888 mente
1703 1839 1954 1895 tractant,
1985 1831 2087 1885 hoc
2117 1839 2161 1897 B
2188 1822 2310 1889 dem
2327 1834 2528 1890 Christi
2542 1833 2951 1888 converterunt?
2974 1831 3080 1888 Sed
3106 1847 3247 1892 nunc
3269 1848 3297 1885 a
3314 1833 3634 1902 quibusdam
3651 1834 3752 1901 pri-

524 1937 644 1983 actu
691 1927 922 1982 nefando
967 1924 1246 1995 perficiant
1265 1942 1288 1996 _:
1321 1923 1586 1977 subtiliter
1622 1929 2080 1992 argumentantur,

524 2027 683 2087 atque
712 2016 812 2072 hoc
843 2016 893 2068 in
921 2023 1279 2070 commentum
1314 2010 1516 2065 erroris
1543 2010 1626 2064 sui
1650 2017 1950 2074 assumunt,
1978 2023 2086 2087 quo

526 2081 732 2161 facilius
744 2105 957 2175 possint
981 2102 1082 2158 sibi
1102 2103 1454 2173 obsequentes
1473 2109 1635 2170 atque
1656 2098 1967 2155 obedientes
1990 2081 2082 2153 de-

523 2181 705 2254 ludere
732 2217 744 2251 :
774 2197 913 2268 quod
937 2210 1040 2250 non
1065 2194 1220 2250 liceat
1245 2193 1462 2254 cuilibet
1485 2201 1655 2247 testes.
1674 2193 1840 2247 citare
1866 2192 1934 2246 ad
1958 2207 2085 2246 con-

528 2293 840 2346 tirmandam
870 2289 1146 2344 veritatem
1189 2285 1460 2361 religionis
1505 2283 1843 2348 Christianae,
1886 2285 1988 2338 nisi
2021 2283 2086 2339 de

521 2381 738 2452 propria
784 2394 879 2434 sua
921 2385 1116 2449 gente:
1148 2375 1294 2430 verbi
1327 2373 1514 2443 gratia,
1546 2373 1730 2428 dicunt
1758 2373 1900 2452 quod
1928 2387 2088 2442 super

527 2477 792 2531 Saxonem
821 2471 995 2534 nullus
1020 2471 1083 2524 de
1105 2469 1432 2523 Francorum
1464 2475 1558 2520 aut
1585 2464 1962 2527 Romanorum,
1995 2471 2088 2516 aut

524 2581 590 2620 ex
619 2565 722 2618 alia
751 2561 988 2632 qualibet
1021 2567 1198 2631 gente,
1237 2557 1360 2611 licet
1397 2556 1535 2610 inter
1564 2570 1690 2608 suos
1721 2552 1914 2608 nobilis
1958 2561 2086 2606 natu

528 2664 686 2724 atque
727 2653 982 2706 honestus
1027 2647 1432 2704 conversatione
1477 2645 1763 2708 habeatur,
1805 2643 1906 2696 nisi
1945 2640 2088 2696 Savo

529 2745 679 2799 testis
706 2758 824 2797 esse
845 2740 1036 2810 possit.
1071 2737 1182 2792 Hoc
1209 2737 1373 2800 enim,
1401 2735 1570 2799 aiunt,
1593 2733 1762 2804 legem
1789 2732 1961 2804 gentis
1981 2745 2090 2786 suae

523 2836 636 2905 pati
668 2849 769 2888 non
796 2846 972 2902 posse,
1014 2840 1071 2884 ut
1094 2829 1319 2884 alterius
1339 2826 1530 2896 “gentis
1560 2826 1720 2881 homo
1759 2825 1812 2879 in
1849 2825 2092 2879 testimo-

531 2929 672 2982 nium
701 2927 894 2980 citetur
923 2924 990 2977 ad
1019 2919 1407 2989 infringendam
1435 2918 1603 2989 legem
1647 2916 1912 2971 libertatis
1955 2931 2084 2970 suae.

529 3016 690 3084 Quasi
723 3014 795 3069 illi
834 3013 1130 3067 libertatem
1167 3016 1232 3063 'ac
1264 3008 1592 3066 nobilitatem
1619 3007 1832 3079 generis
1859 3006 1940 3060 sui
1967 3020 2091 3075 per-

522 3090 660 3163 dant
697 3106 787 3176 qui
830 3105 1104 3161 servitium
1133 3099 1333 3158 Christi
1375 3098 1712 3169 proﬁtentur,
1757 3113 1879 3152 cum
1921 3098 2090 3168 magis

2186 1926 2417 1979 matibus
2436 1925 2501 1979 de
2523 1926 2639 1994 ipsa
2658 1932 2814 1992 gente
2835 1924 3123 1978 secundum
3138 1938 3354 1978 carnem
3372 1924 3533 1977 editis
3547 1924 3754 1993 ingrate

2184 2025 2526 2085 spernuntur,
2575 2030 2639 2071 ac
2681 2010 2866 2084 contra
2906 2014 2995 2083 jus
3031 2015 3150 2068 caeli
3180 2024 3471 2084 contraque
3500 2014 3592 2084 jus
3626 2015 3750 2078 fori,

2185 2122 2252 2162 ne
2286 2115 2448 2162 testes
2474 2121 2591 2181 esse
2612 2107 2854 2162 veritatis
2881 2107 3111 2172 valeant,
3131 2107 3355 2185 indigne
3380 2109 3426 2161 a'
3445 2108 3708 2177 jiciuntur
3737 2127 3747 2160 :

2185 2215 2305 2254 cum
2328 2200 2428 2254 hoc
2457 2215 2557 2254 nec
2584 2200 2720 2256 ratio
2745 2199 2996 2264 humana,
3025 2213 3196 2269 neque
3231 2199 3408 2254 divina
3440 2199 3493 2254 id
3521 2198 3636 2254 ﬁeri
3664 2201 3757 2254 de-

2183 2291 2310 2346 bere
2335 2289 2443 2345 ullo
2464 2291 2622 2344 modo
2644 2289 2830 2359 dictet,
2857 2303 2955 2344 nec
2984 2290 3104 2348 talis
3131 2289 3262 2344 ordo
3284 2304 3518 2359 unquam
3543 2290 3594 2343 in
3619 2290 3754 2343 orbe

2169 2381 2462 2451 .triquadro
2485 2379 2662 2435 fuerit.
2681 2380 2912 2435 Narrant
2931 2380 3074 2453 enim
3098 2380 3332 2439 historia:
3353 2389 3520 2435 totam
3542 2380 3754 2442 Asiam,

2185 2470 2286 2524 sub
2337 2479 2552 2525 centum
2586 2470 2790 2542 viginti
2834 2471 3063 2540 satrapis
3114 2471 3494 2536 conStitutam,
3547 2461 3757 2541 legibus

2185 2559 2477 2614 Persarum
2495 2559 2756 2636 obedisse.
2790 2557 2879 2613 Sic
2921 2560 3082 2614 etiam
3117 2558 3478 2625 Romanorum
3508 2559 3757 2613 domina-

2187 2650 2317 2704 tioni
2347 2664 2535 2706 omnes
2562 2656 2745 2720 gentes
2772 2664 2932 2704 censu
2953 2663 3019 2704 ac
3043 2665 3201 2704 sensu
3221 2651 3513 2717 secundum
3543 2652 3757 2704 sancita

2187 2739 2568 2810 imperatorum
2611 2753 2706 2809 per
2735 2739 2974 2795 diversas
3004 2742 3303 2811 provincias
3343 2743 3455 2796 suis
3495 2746 3758 2814 tempori-

2188 2831 2286 2886 bus
2310 2829 2577 2899 subjectus
2607 2845 2744 2895 esse,
2774 2830 3050 2900 civemque
3091 2829 3390 2888 Romanum
3423 2833 3625 2906 ascribi
3656 2849 3759 2904 pro

2188 2940 2380 2995 magna
2403 2924 2660 2993 dignitate
2682 2939 2745 2977 ac
2771 2923 3110 2979 veneratione
3135 2925 3271 2994 apud
3299 2939 3486 2986 omnes
3510 2927 3760 2981 nationes

2188 3013 2392 3073 haberi.
2419 3011 2526 3067 Sed
2549 3026 2658 3066 non
2687 3013 2896 3077 mirum.
2915 3012 3055 3081 quod
3076 3013 3186 3075 isti,
3209 3014 3299 3082 qui
3325 3012 3533 3083 legibus
3557 3014 3760 3068 divinis

2190 3101 2457 3158 contraria
2503 3101 2763 3168 sentiunt,
2812 3100 3012 3174 {tndem
3048 3102 3188 3174 pacti
3229 3104 3448 3156 humani
3496 3105 3602 3158 rite
3646 3120 3760 3158 non

520 3200 604 3261 illi
639 3198 790 3253 liberi
821 3197 927 3252 sint
954 3195 1044 3265 qui
1075 3193 1165 3248 uni
1193 3192 1321 3256 Deo,
1350 3207 1508 3260 quam
1553 3191 1643 3260 qui
1687 3189 1912 3245 diversis
1947 3189 2091 3243 vitiis
2119 3197 2162 3258 (ς
2195 3200 2447 3256 servent;
2490 3199 2733 3253 errantes
2773 3191 2936 3256 enim,
2980 3201 3036 3247 et
3072 3193 3125 3246 iu
3178 3206 3415 3249 errorem
3461 3195 3758 3259 mittentes.

525 3299 690 3358 atque
711 3286 963 3358 peccatis,
987 3284 1188 3339 servire
1213 3282 1523 3351 probantur.
1551 3279 1697 3333 Hanc
1721 3279 1958 3348 profecto
1983 3294 2088 3334 non

532 3384 601 3438 ob
625 3381 767 3434 aliud
797 3377 1308 3449 argumentationem
1362 3374 1520 3443 igitur
1558 3372 1778 3443 ﬁngunt,
1826 3389 1984 3442 quam
2032 3380 2091 3426 ut

519 3472 878 3544 monasticam
922 3467 1378 3523 conversationem
1418 3481 1480 3519 ac
1520 3463 1816 3532 regularem
1859 3463 2093 3532 discipli-

468 3607 490 3624 ,.
531 3579 656 3619 nam
688 3562 741 3615 in
769 3559 947 3614 odium
976 3556 1280 3612 hominibus
1311 3562 1543 3618 vertant,
1569 3554 1809 3607 dicentes
1848 3567 1942 3607 eos
1981 3566 2093 3605 ser-

423 3657 425 3659 ’
519 3673 627 3729 ,γοε
678 3654 794 3708 ﬁeri
835 3653 927 3721 qui
965 3650 1212 3705 monachi
1255 3649 1419 3711 linnt;
1467 3657 1520 3701 et
1561 3662 1667 3701 non
1711 3646 2008 3716 intelligunt
2037 3660 2094 3699 se

534 3756 718 3801 contra
759 3743 1039 3798 Dominum
1078 3754 1314 3810 pugnare
1342 3740 1431 3808 qui
1460 3738 1574 3806 ejus
1607 3739 1939 3792 devotionem
1977 3753 2093 3793 ser-

534 3835 648 3889 vitii
673 3835 857 3888 dicunt
883 3845 1105 3900 pensum
1153 3842 1278 3882 esse
1300 3837 1527 3891 naturae,
1557 3842 1679 3880 cum
1722 3825 1861 3880 nulla
1891 3827 2096 3881 sitme—

533 3927 636 3980 iior
676 3922 954 3992 majorque
981 3927 1220 3988 potestas
1259 3932 1418 3988 quam
1449 3918 1652 3972 servire
1689 3918 1819 3981 Deo,
1850 3917 1935 3971 cui
1964 3917 2099 3971 bene

535 4013 699 4069 servit
727 4025 895 4065 amor.
924 4007 981 4063 Si
1006 4007 1202 4063 veritas
1231 4023 1263 4060 a
1303 4006 1528 4061 testibus
1557 4007 1854 4076 expetenda
1881 4016 1986 4070 est,
2031 4005 2095 4063 ﬁ-

535 4106 632 4159 des
659 4113 716 4160 et
735 4103 975 4174 probitas
995 4101 1210 4155 testium
1231 4098 1549 4168 requirenda
1577 4107 1719 4153 sunt.
1745 4098 1812 4152 Et
1833 4100 2100 4168 quomodo

537 4194 881 4251 inveniuntur
935 4198 1097 4246 testes
1154 4190 1361 4253 idonei,
1416 4189 1518 4243 nisi
1573 4190 1686 4244 haec
1744 4188 2099 4244 consideratio

537 4285 678 4356 apud
701 4283 987 4354 eligentem
1015 4281 1128 4344 fiat,
1157 4289 1216 4334 ut
1244 4294 1349 4333 non
1381 4279 1552 4333 solum
1591 4277 1840 4333 nobilitas
1865 4279 2098 4349 generis,

512 4377 631 4442 sed
656 4377 820 4433 etiam
848 4373 1148 4429 constantia
1189 4371 1381 4426 mentis
1423 4371 1475 4424 in
1519 4371 1598 4425 eis
1629 4370 1986 4440 approbetur?
2023 4372 2102 4446 sic

512 4469 681 4527 .enim
726 4468 794 4522 ab
821 4466 970 4521 initio
1006 4472 1172 4520 testes
1213 4479 1243 4517 a
1287 4462 1636 4532 prudentibus
1666 4459 1968 4518 hominibus
2010 4478 2104 4517 ex-

2195 3284 2334 3354 apud
2361 3283 2527 3337 Deum
2555 3282 2842 3351 culpabiles
2865 3291 2927 3344 et
2952 3282 3091 3351 apud
3113 3283 3358 3338 homines
3380 3283 3765 3354 vituperabiles

2196 3377 2347 3430 ﬁunt.
2393 3376 2897 3446 Deniqueg'eritas,
2939 3391 3056 3444 qute
3105 3375 3316 3446 ubique,
3339 3385 3545 3448 regnat,
3576 3380 3761 3432 omnia

2197 3466 2390 3536 vincit;
2438 3465 2560 3519 licet
2604 3465 2800 3519 multos
2848 3466 3093 3522 inimicos
3144 3466 3357 3539 habeat,
3413 3468 3526 3536 ipsa
3573 3477 3765 3522 tamen

2197 3554 2383 3616 victrix
2419 3568 2606 3609 omnes
2632 3555 2814 3625 hostes
2837 3571 2964 3610 suos
2982 3566 3181 3633 aeterna
3207 3558 3480 3627 superabit
3509 3559 3760 3624 victoria,

2191 3643 2348 3711 cujus
2387 3655 2568 3710 sancta
2601 3645 2834 3702 Ecclesia
2877 3645 3181 3702 ﬁdelissima
3206 3648 3534 3704 observatrix
3573 3663 3635 3704 ac
3665 3665 3768 3703 cu-

2198 3743 2331 3799 stos,
2367 3735 2419 3788 in
2450 3735 2716 3791 soliditate
2764 3735 3083 3794 ﬁrmissimas
3129 3747 3296 3808 petra:
3339 3739 3574 3804 fundata,
3614 3737 3767 3794 nulla

2202 3826 2392 3894 recipit
2418 3828 2684 3881 consortia
2711 3831 3053 3898 perﬁdorum.
3086 3828 3236 3884 Unde
3276 3845 3374 3884 nec
3400 3839 3567 3900 porta:
3603 3830 3770 3885 inferi

2200 3917 2561 3987 praevalebunt
2589 3919 2842 3976 adversus
2867 3935 3005 3974 eam.
3161 3945 3167 3950 -
3266 3990 3268 3992 ν

2271 4011 2440 4080 Hujus
2460 4025 2671 4082 quoque
2695 4027 2800 4067 non
2838 4013 3208 4082 pars‘minima
3247 4015 3630 4068 monachorum
3670 4029 3772 4068 ex-

2193 4107 2307 4154 stat
2335 4101 2511 4166 turba,
2550 4115 2670 4170 qua:
2704 4101 2936 4156 creatori
2980 4115 3079 4155 suo
3122 4102 3309 4156 devote
3339 4100 3602 4156 famulans
3630 4116 3774 4171 pene

2203 4193 2257 4246 in
2289 4194 2450 4246 t0tius
2481 4193 2718 4260 partibus
2745 4192 2892 4246 orbis
2920 4205 3107 4263 greges
3138 4207 3265 4249 suos
3291 4192 3510 4263 colligit,
3541 4193 3772 4247 domici-

2186 4283 2272 4355 lia
2319 4284 2598 4349 construit,
2647 4292 2806 4352 atque
2860 4284 2950 4337 uni
2998 4284 3107 4337 Deo
3157 4285 3505 4352 omnipotenti
3554 4293 3773 4353 gratum

2203 4376 2479 4431 servitium
2531 4377 2785 4432 exhibere
2833 4377 3121 4431 contendit.
3175 4377 3299 4432 “:20
3347 4393 3413 4432 ex
3462 4378 3775 4448 apostolica

2187 4442 2507 4522 :traditionis
2529 4483 2713 4522 norma
2736 4469 2990 4530 instituta,
3016 4468 3146 4522 nihil
3170 4469 3441 4538 proprium
3463 4442 3770 4539 possidens,

541 4557 907 4626 quirebantur,
935 4569 1044 4624 prar
1063 4553 1256 4623 quibus
1282 4551 1481 4622 placuit
1510 4560 1635 4606 ante
1661 4551 1840 4606 omnia
1868 4552 2103 4607 inventio
2131 4576 2179 4635 υ
2198 4559 2561 4612 communiter
2606 4558 2738 4612 vivit
2787 4559 3117 4628 propriisque
3166 4562 3410 4616 manibus
3437 4561 3538 4622 sibi
3567 4562 3773 4616 victum

541 4646 804 4710 veritatis,
832 4652 889 4699 et
914 4658 1020 4697 non
1049 4642 1192 4697 ilctio
1237 4641 1509 4696 falsitatis.
1543 4639 1600 4695 Si
1642 4650 1820 4695 autem
1849 4655 2103 4712 persona-

515 4787 519 4792 .
543 4751 662 4791 rum
684 4731 939 4805 acceptio,
967 4739 1020 4787 et
1041 4730 1270 4801 qualitas
1310 4731 1546 4798 gentium
1588 4745 1619 4786 a
1670 4730 1907 4800 quolibet
1931 4731 2107 4785 consi-

549 4825 780 4881 deranda
807 4831 917 4887 est;
948 4829 1002 4876 et
1030 4829 1192 4876 testes
1215 4818 1558 4893 approbandi,
1587 4828 1772 4874 utnon
1801 4819 1935 4875 alios
1958 4820 2106 4890 quis-

549 4929 653 4986 que
693 4923 854 4969 testes
883 4911 1122 4990 recipiat,
1165 4910 1267 4965 nisi
1316 4923 1426 4963 sua:
1464 4909 1639 4980 gentis
1683 4911 1943 4975 homines,
1970 4927 2105 4980 quo-

516 5065 521 5069 ,
545 5007 704 5063 modo
725 5014 908 5076 gentes
929 5013 1120 5059 natura
1142 5001 1446 5057 Iudaeorum
1469 5003 1854 5068 testimonium,
1881 5005 1972 5072 qui
2001 5019 2106 5058 non

519 5097 764 5160 luerunt
793 5094 1045 5164 religione
1081 5101 1136 5148 et
1178 5093 1391 5148 natione
1428 5092 1529 5147 sibi
1568 5091 1891 5156 consimiles,
1922 5094 1975 5145 in
2005 5093 2108 5148 ﬁde

546 5187 747 5245 Christi
779 5183 1127 5259 receperunt?
1151 5183 1387 5251 Apostoli
1413 5183 1555 5238 enim
1598 5191 1650 5238 et
1681 5184 1956 5253 propheta:
1993 5199 2109 5238 om-

550 5292 643 5332 nes
671 5290 737 5330 ex
767 5272 966 5328 Judaeis
995 5270 1224 5324 fuerunt.
1263 5270 1371 5324 Aut
1392 5271 1656 5339 quomodo
1683 5270 1849 5326 Judasi
1873 5275 2106 5342 gentium

550 5365 976 5422 testiﬁcationem
1022 5362 1259 5429 recipere
1293 5361 1590 5428 voluerunt,
1630 5364 1720 5432 qui
1752 5379 1858 5418 non
1898 5364 2113 5420 fuerunt

552 5459 654 5515 illis
678 5458 781 5511 ritu
813 5472 876 5510 ac
903 5455 1162 5525 dignitate
1188 5453 1520 5523 comquales?
1562 5454 1734 5509 Lucas
1759 5457 1901 5510 enim
1945 5472 2109 5511 evan-

553 5546 734 5616 gelista
780 5544 1171 5605 Antiochenus,
1217 5547 1333 5595 arte
1379 5541 1635 5607 medicus,
1680 5541 1849 5613 Syrus
1891 5543 2009 5607 fuit,
2055 5552 2114 5596 ut

555 5635 820 5697 scribitur,
850 5636 1083 5700 natione,
1122 5633 1375 5702 et'magis
1417 5646 1483 5686 ex
1512 5631 1696 5687 auditu
1723 5649 1881 5703 quam
1902 5649 1967 5688 ex
1997 5635 2112 5690 visu

553 5740 703 5778 suum
735 5725 1046 5792 conscripsit
1072 5723 1412 5795 Evangelium
1433 5741 1443 5774 :
1465 5721 1605 5790 quod
1633 5730 1808 5777 tamen
1835 5739 1894 5779 ex
1919 5724 2114 5782 Judteis

2205 4651 2512 4720 quaeritans,
2553 4651 2726 4706 Patris
2755 4653 3047 4721 spiritualis
3093 4655 3148 4707 in
3184 4656 3431 4710 omnibus
3457 4657 3617 4726 gestit
3643 4659 3777 4712 obe-

2182 4743 2322 4807 dire
2367 4741 2622 4810 imperio;
2671 4742 2876 4798 nullum
2929 4746 3162 4813 spernit,
3204 4746 3404 4801 nullum
3453 4749 3808 4806 contemnit.,

2207 4829 2394 4886 Omnis
2414 4846 2594 4898 sexus,
2622 4834 2795 4888 omnis
2813 4842 2961 4898 tetas,
2985 4836 3158 4889 omnis
3176 4822 3411 4892 conditio
3431 4839 3570 4905 apud
3599 4838 3774 4906 ipsam

2209 4921 2405 4976 habilis
2429 4921 2519 4975 Dei
2543 4921 2762 4976 servitio
2783 4922 3024 4978 habetur.
3056 4923 3205 4978 Unde
3225 4933 3279 4978 et
3304 4925 3492 4993 recipit
3519 4924 3774 4989 infantes,

2211 5012 2410 5081 appetit
2451 5009 2696 5078 juvenes,
2748 5029 2852 5066 non
2895 5014 3094 5082 respuit
3121 5029 3276 5069 senes
3312 5023 3480 5083 atque
3509 5015 3776 5071 inﬁrmos.

2211 5103 2363 5170 Apud
2402 5105 2538 5158 hanc
2579 5103 2752 5158 locum
2787 5106 2946 5160 habet
2973 5105 3281 5162 adolescens
3327 5108 3381 5162 in
3414 5108 3780 5182 pueritiajDeo

2213 5203 2593 5248 consecratus:
2626 5196 2678 5248 in
2717 5197 2828 5250 hac
2859 5198 3147 5252 remedium
3192 5215 3302 5255 suae
3343 5201 3535 5254 salutis
3573 5200 3781 5254 invenit

2206 5279 2438 5348 juvenis,
2466 5298 2561 5351 pro
2592 5285 2824 5350 peccatis
2858 5287 2969 5340 suis
2993 5288 3278 5343 salubriter
3303 5299 3687 5360 compunctus;
3723 5292 3778 5345 in

2214 5371 2301 5424 illa
2338 5386 2496 5426 senex
2531 5373 2610 5435 vel
2645 5373 2945 5442 decrepitus
2978 5375 3268 5434 undecima:
3298 5377 3440 5433 hora:
3468 5395 3574 5435 non
3598 5379 3780 5449 perdit

2214 5464 2471 5528 laborem,
2509 5456 2606 5519 nec
2647 5466 2822 5534 perdit
2853 5481 2972 5520 sero
3013 5482 3318 5524 conversus.
3361 5469 3465 5524 Per
3509 5471 3680 5539 ipsam
3723 5478 3779 5522 et

2217 5553 2589 5634 Davidnoster
2613 5569 2706 5608 eos
2732 5570 2866 5623 quos
2894 5557 3119 5611 mundus
3145 5574 3241 5627 pro
3267 5561 3558 5616 sceleribus
3582 5559 3672 5614 vel
3698 5559 3779 5612 in-

2217 5631 2466 5697 ﬁrmitate
2488 5657 2745 5712 corporea
2782 5645 3079 5715 despiciens
3101 5650 3313 5719 abjecit,
3341 5651 3660 5721 recolligens
3689 5667 3779 5706 re-

2218 5733 2360 5800 fecit,
2389 5743 2547 5804 atque
2587 5735 2748 5789 duces
2783 5735 2986 5790 itineris
3033 5739 3112 5792 sui
3145 5738 3287 5793 fecit.
3339 5739 3484 5794 Unde
3517 5739 3781 5808 plurimos
