3968 6396
202 342 303 395 ‘35

1220 340 1417 396 unca
1457 323 1542 395 ne
1582 337 1963 403 oentTioxt:
2003 332 2398 396 ruenouuu.

3307 338 3411 395 ὀδό

204 460 254 514 in
289 459 504 514 Patrum
531 454 911 512 Collationibus
945 460 1006 510 ac
1055 456 1168 508 Vita
1213 453 1509 523 descriptos
1547 451 1751 505 inveni-
1782 455 1828 512 Α
1858 464 1924 508 ex
1950 467 2043 505 ore
2073 460 2162 506 tuo
2192 451 2402 506 locutus
2426 466 2501 506 es.
2537 471 2552 500 ι
2588 450 2716 504 Nam
2754 460 2806 504 et
2841 449 3118 505 Psalmista
3169 450 3413 504 similiter

161 535 170 547 ’
203 567 337 612 mus,
368 551 458 619 qui
482 549 548 619 ad
580 548 901 618 propositum
933 548 1283 602 monasticum
1305 545 1619 600 servandum
1646 543 1750 611 spi-

204 623 308 694 ritu
338 641 430 695 Dei
454 641 738 710 instigante
777 639 1136 704 deﬂuxerunt;
1189 638 1461 707 plurimos,
1506 636 1594 705 qui
1629 649 1754 689 suos

204 731 338 784 ﬁlios
367 731 432 784 ad
467 729 558 784 Dei
588 731 860 784 servitium
887 729 1195 783 nutriendos
1222 728 1571 781 tradiderunt.
1602 724 1752 789 Quod

203 829 254 872 et
278 821 463 874 beatus
491 835 623 890 papa
651 819 938 889 Gregorius
980 818 1116 886 apud
1146 816 1500 871 venerabilem
1541 813 1751 893 Patrem

203 910 563 972 Benedictum,
593 909 740 975 cujus
763 908 934 962 Vitam
958 908 1068 977 ipse
1091 907 1388 974 descripsit,
1414 921 1475 959 ac
1497 893 1751 973 Regulam

201 999 550 1052 institutionis
573 998 688 1064 ejus
717 995 1030 1055 mirabiliter
1053 995 1260 1057 laudat,
1287 994 1357 1047 ita
1388 992 1576 1047 fecisse
1608 992 1659 1044 in
1687 991 1751 1044 li-

201 1087 310 1140 bris
334 1086 670 1153 Dialogorum
693 1084 1150 1145 commemoravit,
1173 1084 1352 1136 dicens
1382 1100 1393 1134 :
1423 1099 1441 1131 ‹
1477 1081 1607 1135 Cum
1634 1095 1754 1134 san-

200 1185 318 1229 ctus
350 1175 430 1227 vir
457 1174 680 1228 Domino
708 1174 757 1226 in
788 1174 971 1227 eadem
1018 1171 1300 1225 solitudine
1348 1167 1636 1222 virtutibus
1678 1168 1752 1220 si-

199 1266 422 1334 gnisque
449 1272 827 1326 succresceret,
872 1261 1019 1316 multi
1059 1263 1124 1315 ab
1165 1275 1228 1314 eo
1258 1261 1308 1313 in
1335 1259 1450 1314 loco
1475 1261 1660 1313 eodem
1688 1259 1754 1312 ad

199 1355 578 1421 omnipotentis
629 1353 718 1407 Dei
749 1358 873 1407 sunt
917 1351 1191 1405 servitium
1232 1349 1555 1419 congregati,
1597 1349 1666 1402 ita
1699 1355 1757 1400 ut

199 1443 306 1498 illic
347 1443 622 1496 duodecim
664 1442 1009 1510 monasteria,
1058 1455 1177 1494 cum
1217 1440 1593 1508 omnipotentis
1631 1438 1754 1494 Jesu

199 1514 395 1586 Christi
434 1532 642 1586 Domini
689 1531 858 1585 nostri
903 1529 1267 1598 opitulatione,
1299 1536 1672 1584 construeret:
1701 1527 1754 1581 in

197 1623 394 1690 quibus
423 1622 635 1677 statutis
663 1621 902 1690 patribus
924 1620 1193 1675 duodenos
1219 1619 1504 1675 monachos
1531 1618 1755 1686 deputa—

199 1713 297 1776 vit,
322 1727 517 1782 paucos
546 1727 674 1766 vero
716 1727 892 1766 secum
931 1709 1176 1775 detinuit,
1215 1724 1347 1778 quos
1375 1709 1545 1763 adhuc
1576 1709 1629 1761 in
1659 1722 1752 1761 sua

1853 543 2184 608 exhortatur,
2221 544 2440 598 dicens:
2476 561 2493 593 ‹
2529 544 2724 597 Vovete
2753 551 2807 597 et
2833 543 3033 596 reddite
3062 541 3283 596 Domino
3304 543 3413 596 Deo

1853 641 2053 698 vestro,
2077 649 2263 688 omnes
2288 634 2376 702 qui
2407 633 2458 686 in
2481 633 2708 688 circuitu
2741 634 2855 702 ejus
2884 632 3086 686 aﬂ‘ertis
3115 647 3352 686 munera.
3390 653 3406 683 ο

1854 721 2066 790 Suoque
2093 723 2335 792 exemplo
2370 724 2471 776 hoc
2515 723 2888 791 comprobans,
2927 723 3029 776 alio
3072 722 3189 776 loco
3230 722 3360 775 dicit
3399 740 3410 774 ;

1859 830 1876 861 ι
1912 813 2044 865 Vota
2072 827 2186 865 mea
2214 812 2436 866 Domino
2463 814 2675 865 reddam
2703 813 2752 865 in
2784 813 2936 866 atriis
2967 813 3154 866 dOIllUS
3181 813 3411 875 Domini,

1853 899 1905 952 in
1935 909 2220 968 conspectu
2257 900 2430 953 omnis
2456 900 2632 968 populi
2670 898 2804 966 ejus,
2839 900 2890 952 in
2930 886 3102 968 medio
3133 901 3414 963 tui,‘Jeru-
3469 971 3472 973 Δ

1852 990 2036 1044 salem.
2075 1011 2092 1043 ι
2126 991 2192 1043 Ει
2230 991 2354 1044 item
2385 1010 2396 1044 :
2428 1011 2445 1042 ι
2489 991 2578 1044 Sic
2623 992 2880 1060 psalmum
2912 992 3131 1055 .dicam,
3168 1013 3184 1042 ι
3222 993 3413 1061 inquit,

1860 1098 1878 1130 ι
1913 1081 2111 1134 nomini
2144 1090 2253 1144 tuo,
2287 1081 2442 1142 Deus,
2488 1082 2538 1134 in
2586 1082 2833 1136 smculum
2879 1082 3075 1143 swculi,
3107 1090 3161 1134 ut
3197 1083 3414 1135 reddam

1854 1179 1973 1224 vota
1998 1185 2115 1224 mea
2139 1171 2203 1243 de
2230 1171 2313 1225 die
2344 1171 2395 1224 in
2425 1170 2584 1224 diem.
2622 1189 2640 1221 ›
2672 1169 2804 1223 Hinc
2830 1178 2882 1223 et
2918 1165 3269 1225 Ecclesiastes
3295 1171 3368 1223 ait
3403 1191 3412 1223 :

1861 1279 1878 1309 ι
1915 1259 1970 1314 Si
1999 1261 2123 1328 quid
2153 1260 2338 1314 vovisti
2373 1261 2618 1324 Domino,
2669 1274 2735 1313 ne
2774 1261 2995 1315 moreris
3021 1261 3243 1315 reddere
3272 1276 3286 1313 :
3312 1261 3418 1314 dis-
3506 1258 3512 1278 ⁵

1853 1350 2015 1420 plicet
2055 1350 2197 1403 enim
2240 1350 2288 1403 ei
2337 1350 2561 1403 inﬁdelis
2603 1349 2906 1418 promissio,
2956 1350 3048 1405 sed
3090 1366 3419 1418 quaecunque

1854 1423 2065 1493 vovcris
2110 1440 2317 1494 redde:
2366 1439 2638 1508 multoque
2685 1439 2874 1494 melius
2931 1445 3012 1493 est
3055 1454 3158 1493 non
3205 1455 3417 1500 vovere.

1855 1547 2013 1600 quam
2045 1539 2179 1600 .post
2218 1541 2399 1587 votum
2435 1534 2700 1602 promissa
2731 1548 2835 1587 non
2872 1533 3106 1588 reddere.
3150 1553 3167 1583 ι
3210 1533 3339 1588 Nam
3368 1544 3419 1587 ct

1853 1620 2084 1690 idipsum
2119 1619 2364 1676 Salvator
2397 1622 2447 1676 in
2481 1620 2770 1691 Evangelio
2796 1622 2893 1677 sub
2921 1622 3147 1693 quadam
3165 1624 3422 1692 ,similitu-

1856 1709 1979 1762 dine
2000 1703 2289 1779 expressit,
2313 1711 2494 1765 dicens
2518 1730 2532 1764 :
2558 1729 2574 1761 ‹
2605 1710 2770 1765 Nemo
2795 1712 3010 1766 mittens
3028 1727 3241 1766 manum
3264 1728 3418 1767 suam

196 1801 477 1871 praSentia
532 1802 708 1869 aptius
752 1801 1009 1868 judicavit
1057 1801 1275 1853 erudiri.
1328 1799 1546 1866 Coepcre
1591 1798 1751 1851 etiam
1785 1805 1828 1862 Β
1857 1799 1909 1850 in
1933 1807 2188 1862 aratrum,
2215 1807 2267 1853 et
2299 1801 2562 1869 aspiciens
2584 1809 2747 1865 retro,
2771 1808 2925 1869 aptus
2949 1809 3032 1856 est
3053 1801 3356 1878 regnoDei.
3395 1822 3414 1852 ι

199 1900 326 1944 tunc
353 1889 416 1944 ad
439 1905 562 1946 eum
595 1890 845 1944 Romana:
873 1890 1018 1943 urbis
1046 1888 1248 1942 nobiles
1275 1897 1328 1942 et
1366 1887 1595 1954 religiosi
1630 1901 1753 1941 con-

198 1994 689 2049 currere,snosque
718 1980 853 2034 ﬁlios
888 1980 956 2042 ei,
997 1979 1346 2048 omnipotenti
1377 1979 1498 2055 Deo
1520 1979 1758 2032 nutrien-

197 2070 297 2124 dos
318 2069 462 2124 dare.
495 2068 644 2124 Tunc
666 2084 875 2138 quoque
902 2068 1054 2124 bona:
1078 2069 1191 2137 spei
1213 2083 1337 2122 suas
1358 2066 1565 2121 soboles
1588 2065 1740 2134 Equi-

198 2161 306 2213 tius
329 2158 584 2219 Maurum,
615 2158 882 2212 Tertullus
909 2173 1036 2213 vero
1063 2158 1318 2227 patricius
1345 2155 1615 2212 Placidum
1649 2166 1758 2208 tra-

197 2250 367 2304 didit:
400 2265 430 2304 e
473 2250 664 2318 quibus
708 2249 923 2303 Maurus
960 2248 1160 2318 junior,
1201 2265 1323 2304 cum
1349 2250 1504 2304 bonis
1537 2248 1758 2319 polleret

197 2340 458 2405 moribus,
487 2341 723 2411 magistri
752 2339 962 2408 adjutor
988 2341 1148 2409 erepit
1170 2355 1288 2396 esse
1316 2360 1328 2394 :
1358 2340 1603 2395 Placidus
1629 2355 1756 2394 vero

197 2431 418 2500 puerilis
459 2431 631 2485 adhuc
678 2431 868 2485 indolis
923 2432 1138 2501 gerebat
1183 2445 1371 2485 annos.
1421 2450 1438 2482 ι
1475 2431 1755 2486 Enimvero

197 2529 416 2576 sanctus
456 2520 762 2590 Gregorius,
816 2521 904 2591 qui
953 2521 1234 2590 przesulatu
1268 2521 1572 2590 apostolica:
1614 2523 1756 2576 sedis

199 2613 413 2667 inuictus
440 2613 491 2667 in
513 2613 819 2682 pontiﬁcum
839 2614 1025 2667 ordine
1052 2614 1408 2668 nobilissimus
1437 2614 1751 2675 habebatur,

198 2705 290 2773 qui
322 2713 376 2758 et
405 2705 542 2759 inter
570 2705 852 2774 magistros
879 2687 1139 2759 Ecclesia;
1152 2706 1464 2775 praecipuos,
1501 2707 1640 2759 omni
1671 2720 1759 2758 ve-

198 2795 478 2849 neratione
506 2795 695 2864 dignus
723 2810 856 2863 pene
903 2797 954 2848 in
988 2804 1098 2850 toto
1124 2797 1252 2850 orbe
1278 2796 1596 2860 celebratur,
1627 2812 1759 2864 quo-

199 2883 358 2937 modo
385 2883 553 2937 sancti
581 2884 679 2936 viri
721 2891 865 2953 gesta
901 2884 1252 2938 describendo
1297 2900 1580 2954 puerorum
1610 2884 1759 2938 obla-

199 2973 401 3026 tionem
427 2971 494 3026 ad
520 2973 895 3042 omnipotentis
924 2973 1017 3026 Dei
1056 2973 1328 3027 servitium
1357 2972 1757 3027 nutriendorum

199 3062 303 3116 rite
331 3061 444 3116 ﬁeri
473 3069 873 3126 commemorat,
913 3063 956 3116 si
1005 3078 1106 3116 non
1134 3063 1244 3131 ipsa
1280 3063 1476 3117 oblatio
1499 3071 1634 3127 rata,
1665 3063 1758 3115 sed

1815 1955 1820 1960 .
1857 1885 1918 1938 Et
1964 1885 2128 1939 item‘:
2163 1905 2180 1937 ι
2212 1886 2310 1953 Qui
2354 1885 2535 1951 fuerit,
2576 1907 2594 1939 ι
2629 1888 2822 1957 inquit,
2860 1907 2878 1940 ‹
2924 1889 2978 1942 in
3022 1898 3183 1954 tecto,
3212 1898 3265 1944 et
3292 1906 3420 1945 vasa

1855 1974 1970 2043 ejus
2013 1975 2065 2030 in
2100 1977 2392 2041 domo,rne
2433 1977 2722 2032 descendat
2761 1978 2943 2034 tollere
2977 1980 3082 2044 illa,
3131 1990 3185 2036 et
3228 1983 3316 2051 qui
3365 1984 3425 2053 in,

1855 2082 1984 2137 agro
2046 2067 2308 2123 similiter.
2367 2067 2641 2124 Memores
2676 2069 2847 2124 estote
2897 2072 3080 2125 uxoris
3128 2072 3245 2125 Lot.
3289 2071 3419 2139 Qui.

1855 2171 2065 2226 cunque
2123 2158 2397 2227 quaasierit
2451 2160 2682 2212 animam
2736 2143 2887 2214 suam
2943 2161 3140 2215 salvam
3199 2161 3412 2225 facere,

1845 2247 2040 2318 ‘perdet
2084 2236 2260 2325 illam;
2300 2256 2354 2301 et
2391 2248 2694 2318 quicunque
2733 2250 3022 2319 perdiderit
3053 2251 3214 2314 illam,
3247 2252 3418 2314 viviﬁ-

1856 2338 1997 2393 cahit
2023 2353 2159 2392 eam.
2202 2359 2220 2391 ι
2253 2338 2386 2394 Hinc
2418 2348 2472 2394 et
2499 2341 2685 2394 doctor
2712 2341 2945 2409 gentium
2986 2342 3038 2394 in
3080 2342 3312 2411 Epistola
3354 2345 3420 2397 ad

1856 2430 2124 2495 Hebraeos,
2157 2432 2406 2485 admonet
2441 2432 2662 2486 dicens:
2703 2452 2720 2484 ι
2756 2430 2927 2486 Nolite
2966 2432 3166 2501 itaque,
3202 2432 3417 2496 fratres,

1855 2519 2101 2574 amittere
2124 2520 2498 2574 conﬁdentiam
2527 2529 2780 2584 vestram,
2823 2535 2940 2588 qua:
2975 2535 3219 2590 magnam
3260 2523 3420 2576 habet

1858 2611 2360 2666 remunerationem.
2406 2610 2666 2674 Patientia
2721 2610 2859 2665 enim
2919 2609 3066 2664 vobis
3119 2613 3418 2664 necessaria

1856 2708 1958 2765 est,
1981 2709 2040 2754 ut
2067 2700 2390 2754 voluntatem
2423 2699 2517 2754 Dei
2554 2700 2830 2764 iacientes,
2871 2700 3152 2770 reponetis
3194 2702 3416 2769 promis-

1857 2791 2080 2846 sionem.
2126 2789 2312 2856 Adhuc
2352 2791 2494 2847 enim
2550 2791 2815 2844 modicum
2869 2790 3283 2859 aliquantulum,
3330 2792 3417 2860 qui

1856 2889 2110 2935 venturus
2147 2889 2229 2934 est
2263 2882 2461 2944 veniet,
2501 2890 2554 2935 et
2590 2897 2694 2935 non
2733 2880 2983 2934 tardabit.
3020 2879 3202 2935 Justus
3241 2889 3417 2949 autem

1859 2987 2009 3028 meus
2038 2986 2104 3026 ex
2125 2971 2227 3026 ﬁde
2249 2972 2400 3026 vivit.
2429 2971 2578 3037 Quod
2609 2972 2652 3026 si
2682 2971 3011 3026 subtraxerit
3059 2986 3134 3034 se,
3177 2986 3279 3024 non
3305 2972 3417 3038 pla-

1859 3063 2000 3117 cebit
2024 3063 2214 3117 anima:
2243 3077 2393 3117 meze.
2429 3082 2445 3113 ι
2482 3061 2614 3116 llinc
2654 3070 2707 3115 et
2732 3069 2916 3129 pastor
2948 3061 3202 3114 Ecclesim
3239 3062 3423 3114 horta—

201 3152 468 3206 contraria
488 3151 698 3206 veritati
721 3166 783 3205 ac
803 3152 990 3206 divinae
1007 3152 1308 3207 auctoritati
1330 3152 1594 3207 credenda
1615 3153 1753 3206 erit?
1780 3152 1823 3213 C
1855 3159 1963 3217 tur,
1991 3152 2174 3207 dicens
2199 3171 2211 3206 :
2244 3172 2262 3204 ‹
2304 3152 2573 3208 Succincti
2619 3153 2827 3206 lumbos
2867 3153 3059 3206 mentis
3094 3159 3302 3216 vestrae,
3329 3168 3416 3204 suo

203 3242 316 3296 Non
345 3243 485 3299 enim
531 3251 611 3296 est
644 3251 857 3297 sanctus
894 3243 984 3310 qui
1010 3243 1213 3296 actibus
1237 3252 1317 3296 est
1344 3244 1628 3311 reprobus;
1661 3259 1759 3297 nec

201 3330 356 3384 laude
383 3331 591 3399 dignus,
621 3331 711 3399 qui
738 3331 928 3385 divinis
956 3331 1159 3401 legibus
1191 3331 1454 3385 invenitur
1489 3347 1606 3387 esse
1631 3347 1759 3386 con-

201 3422 420 3474 trarius.
468 3421 802 3496 Quapropter
839 3423 1055 3476 videant
1093 3423 1167 3486 hi,
1199 3438 1425 3491 quorum
1461 3439 1649 3479 sensus
1696 3440 1758 3479 ac

199 3525 378 3563 sermo
406 3510 599 3565 divinis
620 3510 1107 3576 constitutionibus,
1135 3520 1294 3581 atque
1326 3521 1631 3567 sanctorum
1659 3512 1758 3566 Pa-

202 3609 344 3651 trum
375 3600 629 3667 exemplis
664 3601 951 3665 discordat,
991 3617 1056 3656 ne
1082 3603 1368 3671 cupiditate
1398 3613 1605 3657 terrena
1639 3619 1759 3658 cor-

203 3687 363 3756 rupti,
396 3696 448 3740 et
469 3687 520 3740 in
541 3689 654 3742 ‘suis
677 3690 1030 3759 voluptatibus
1058 3692 1443 3746 abominabiles
1465 3693 1613 3759 facti,
1640 3710 1760 3749 san-

201 3778 406 3830 rtitatis
435 3779 678 3833 meritum
709 3780 806 3834 sibi
836 3783 1094 3846 minuant,
1123 3798 1186 3838 ac
1213 3786 1486 3852 praemium
1513 3786 1754 3855 perdant.

201 3868 360 3934 Quia,
390 3868 551 3924 Paulo
580 3878 734 3934 teste,
767 3889 784 3920 ί
822 3871 959 3924 Deus
996 3888 1100 3925 non
1138 3873 1406 3928 irridetur.
1451 3873 1579 3943 Quae
1617 3876 1758 3929 enim

202 3957 544 4010 seminaverit
589 3955 767 4022 homo,
799 3960 912 4012 haec
937 3969 991 4012 et
1017 3969 1195 4026 metet,
1239 3963 1490 4031 quoniam
1530 3963 1618 4031 qui
1670 3979 1758 4019 se-

201 4044 374 4096 minat
400 4045 450 4096 in
473 4061 630 4098 carne
661 4061 773 4108 sua,
799 4045 865 4100 de
886 4061 1046 4100 carne
1067 4057 1121 4100 et
1147 4059 1308 4103 metet
1327 4051 1754 4120 corruptionem;

199 4135 291 4200 qui
325 4143 498 4186 autem
528 4135 756 4187 seminat
783 4135 834 4188 in
863 4137 1070 4204 spiritu,
1099 4139 1164 4192 de
1197 4139 1384 4207 spiritu
1410 4151 1574 4194 metet
1596 4140 1756 4193 vitam

197 4232 478 4277 mteruam.
520 4244 536 4275 ι
676 4289 682 4294 “

273 4317 377 4370 Sed
403 4315 508 4383 jam
549 4316 613 4370 ad
644 4317 962 4372 oblationem
1007 4320 1303 4388 regularem
1337 4321 1757 4375 conﬁrmandam

196 4407 467 4476 prudenti,
496 4421 559 4460 ac
588 4422 776 4460 sanum
813 4409 1060 4476 sapienti,
1083 4410 1135 4462 in
1168 4411 1248 4463 his
1278 4425 1393 4479 quas
1433 4411 1666 4464 breviter
1691 4411 1756 4464 de

1858 3243 1983 3297 brii.
2013 3242 2245 3312 perfecte
2290 3252 2500 3312 sperate
2549 3243 2600 3296 in
2643 3258 2793 3306 eam,
2837 3258 2954 3311 quae
2991 3243 3141 3296 vobis
3178 3241 3418 3296 otiertur.

1858 3333 2104 3403 gratiam,
2134 3332 2186 3401 in
2217 3333 2603 3402 resurrectione
2654 3332 2862 3386 Domini
2904 3333 3068 3386 nostri
3104 3330 3229 3387 Jesu
3261 3331 3420 3386 Chri-

1858 3422 1947 3476 sti.
1981 3441 1998 3473 ι
2034 3420 2184 3476 Unde
2202 3420 2438 3476 Joannes
2471 3422 2738 3491 apustolus
2775 3421 2832 3475 in
2866 3420 3099 3491 Epistola
3139 3436 3230 3476 sua
3279 3412 3420 3476 salii-

1857 3510 2028 3564 briter
2072 3510 2436 3579 persuadendo
2484 3526 2580 3564 nos
2635 3510 2925 3575 instruens,
2966 3512 3097 3565 dicit
3128 3530 3145 3586 ε⁷
3177 3530 3194 3561 ι
3235 3509 3421 3566 Videte

1858 3599 2232 3669 vosmetipsos,
2271 3615 2340 3655 ne
2380 3601 2613 3669 perdatis
2658 3616 2776 3669 qua:
2810 3601 3015 3670 operati
3053 3599 3203 3664 estis,
3239 3602 3330 3655 sed
3366 3612 3422 3653 ut

1857 3689 2157 3745 mercedem
2185 3691 2394 3760 plenam
2423 3693 2714 3761 accipiatis.
2746 3713 2761 3743 ι
2795 3691 2890 3747 llis
2917 3707 3046 3763 ergo
3068 3702 3123 3747 et
3155 3693 3418 3747 similibus

1859 3777 2153 3850 Scripturze
2192 3781 2512 3835 testimoniis
2540 3796 2710 3837 sacrae
2751 3782 3083 3845 instruimur,
3127 3797 3197 3836 ne
3240 3791 3419 3837 votum

1859 3870 2000 3940 quod
2044 3870 2156 3926 Deo
2195 3871 2460 3938 vovimur,
2493 3871 2716 3928 reddere
2757 3873 3106 3943 negligamus,
3144 3873 3268 3943 quia
3315 3890 3419 3945 non

1859 3960 2075 4015 habebit
2103 3961 2248 4016 hunc
2273 3961 2536 4016 insontem
2561 3962 2844 4026 Dominus,
2871 3963 2960 4031 qui
2989 3962 3038 4016 ei
3064 3962 3278 4016 mentiri
3316 3979 3420 4016 nou

1857 4050 2203 4116 pertimescit.
2230 4048 2354 4114 Sed,
2399 4049 2532 4119 proh
2558 4049 2736 4104 dolor!
2767 4051 3001 4118 quidam,
3034 4053 3418 4119 parvipcndeu-
3465 4117 3468 4120 ἢ

1859 4147 1939 4193 tes
1959 4139 2132 4194 {(edus
2155 4138 2294 4208 quod
2333 4155 2455 4194 cum
2497 4139 2606 4194 Deo
2645 4139 2896 4204 inierunt,
2927 4141 3079 4209 quasi
3127 4142 3243 4196 siue
3281 4145 3419 4210 peri—

1858 4231 1977 4284 culo
2005 4231 2176 4284 deseri
2211 4231 2396 4299 possit,
2435 4233 2643 4300 ingrate
2683 4231 2901 4286 omnino
2943 4233 3222 4302 abjiciunt,
3259 4243 3418 4302 atque

1856 4320 2143 4399 amicitiam
2174 4321 2330 4391 hujus
2355 4321 2534 4375 mundi
2567 4329 2896 4390 appetentes,
2936 4323 3134 4377 inimici
3171 4323 3262 4378 Dei
3305 4325 3418 4378 ﬁeri
3496 4331 3498 4334 '

1856 4426 1962 4466 non
2003 4411 2402 4480 pertimescunt.
2435 4411 2534 4477 Qui
2574 4411 2717 4465 enim
2745 4411 2856 4465 vult
2883 4411 3086 4465 amlcus
3114 4427 3234 4465 esse
3260 4412 3416 4480 hujus

197 4498 494 4566 Scripturis
517 4499 684 4553 sacris
711 4508 961 4569 excerpta
1005 4501 1295 4569 posuimus,
1333 4501 1464 4555 satis
1489 4515 1606 4555 esse
1638 4517 1754 4556 cre-
1778 4487 1830 4546 Ι)
1854 4499 2065 4566 szeculi,
2114 4501 2358 4554 inimicus
2408 4501 2501 4553 Dei
2558 4500 2918 4555 constituitur.
2973 4499 3412 4570 Quandoquidem

193 4591 405 4655 dentes;
445 4605 587 4645 nunc
608 4591 674 4644 de
693 4598 835 4655 voto,
854 4590 994 4660 quod
1011 4591 1119 4645 Deo
1135 4599 1376 4656 vovetur,
1397 4590 1752 4660 adimplendo,

193 4693 360 4748 quam
385 4679 746 4734 necessarium
773 4679 860 4742 sit,
883 4694 946 4733 ex
977 4681 1162 4733 eadem
1190 4679 1482 4749 Scriptura,
1517 4680 1754 4734 testimo-

191 4772 307 4826 niis
330 4770 512 4839 paucis
535 4760 893 4825 ostendemus.
923 4770 1181 4839 Loquitur
1208 4772 1461 4824 Dominus
1493 4786 1587 4838 per
1611 4769 1754 4839 Moy»

191 4874 291 4914 seu
313 4859 371 4912 in
402 4858 518 4929 lege
548 4859 621 4913 ita
645 4858 862 4915 dicens:
895 4877 913 4909 ι
943 4859 1000 4913 Si
1027 4861 1148 4928 quis
1169 4850 1403 4914 virorum
1433 4869 1613 4913 votum
1650 4859 1752 4914 Do-

191 4948 345 5002 mino
380 4948 606 5012 voverit,
647 4957 738 5000 aut
784 4963 841 5002 se
880 4948 1604 5018 constrinxeritjuramento,
1646 4963 1750 5001 non

183 5037 362 5092 faciet
383 5038 590 5093 irritum
611 5040 831 5094 verbum
855 5054 1031 5104 suum,
1057 5039 1149 5094 sed
1170 5055 1325 5094 omne
1350 5041 1489 5108 quod
1511 5041 1758 5107 promisit

191 5127 456 5195 implebit.
494 5148 513 5180 ›
553 5128 618 5182 Et
646 5130 770 5182 item
803 5146 815 5180 :
861 5148 879 5179 ‹
909 5127 1041 5184 Cum
1064 5130 1290 5191 voveris,
1329 5149 1346 5180 ι
1382 5130 1573 5198 inquit,
1617 5147 1634 5179 ε
1670 5144 1758 5183 vo—

191 5223 311 5268 tum
359 5215 581 5270 Domino
623 5216 730 5271 Deo
778 5226 888 5286 tuo,
945 5232 1049 5270 non
1089 5218 1324 5271 tardahis
1363 5219 1599 5279 reddere,
1629 5217 1751 5284 quia

192 5307 436 5374 requiret
477 5307 606 5364 illud
642 5307 896 5364 Dominus
931 5307 1070 5362 Deus
1119 5317 1241 5363 tuus
1276 5317 1376 5376 :et
1423 5309 1468 5365 si
1516 5317 1753 5362 moratus

193 5395 380 5457 fueris,
431 5398 762 5464 reputabitur
811 5405 937 5451 tunc
977 5399 1030 5452 in
1075 5406 1370 5467 peccatum.
1419 5397 1474 5451 Si
1522 5397 1754 5451 nolueris

191 5490 456 5561 polliceri,
500 5493 702 5559 absque
745 5501 963 5560 peccato
1005 5493 1112 5546 eris
1149 5511 1160 5544 :
1195 5492 1334 5560 quod
1375 5500 1550 5545 autem
1592 5492 1755 5546 semel

192 5597 469 5651 egressum
491 5591 576 5636 est
611 5583 676 5636 de
698 5583 851 5638 labiis
873 5585 997 5647 tuis,
1021 5583 1353 5647 observabis,
1379 5591 1430 5636 et
1459 5581 1624 5636 facies
1654 5583 1754 5636 sic-

193 5683 254 5728 ut
293 5671 586 5743 promisisti
633 5674 854 5730 Domino
903 5676 1008 5729 Deo
1038 5682 1125 5738 tuo
1172 5695 1183 5726 -.
1225 5673 1442 5744 propria
1482 5671 1755 5727 voluntate

1851 4590 2190 4664 perfectiora
2220 4591 2371 4660 sequi
2417 4606 2511 4644 sua
2558 4598 2746 4659 sponte
2786 4590 3078 4659 elegerunt,
3116 4599 3166 4645 et
3207 4593 3273 4646 ob
3317 4593 3416 4644 hoe.

1853 4682 2059 4736 animas
2095 4696 2242 4746 suas,
2266 4690 2445 4736 votum
2484 4683 2742 4748 vovendo,
2774 4682 2881 4736 Deo
2921 4692 3322 4747 consecrarunt,
3357 4694 3415 4738 ut

1852 4770 1901 4824 ei
1930 4786 2026 4839 per
2053 4771 2230 4826 omnia
2267 4771 2558 4840 placerent,
2592 4772 2686 4824 "cui
2734 4787 2792 4826 se
2839 4773 3039 4826 servire
3081 4773 3411 4826 solummodo

1851 4849 2210 4928 probaverunt
2237 4860 2532 4929 :-paulatim
2571 4876 2664 4928 per
2698 4859 2952 4912 desidiam
2996 4860 3060 4912 ad
3108 4862 3232 4912 vitia
3274 4861 3411 4913 τρικ-

1855 4950 2063 5016 bentes,
2101 4959 2288 5006 contra
2332 4952 2694 5020 Evangelium,
2725 4951 2919 5004 mundo
2951 4951 3106 5004 simul
3136 4966 3197 5004 ac
3223 4952 3329 5005 Deo
3356 4968 3412 5004 se

1854 5041 2058 5095 servire
2100 5055 2256 5109 posse
2295 5042 2642 5104 arbitrantur,
2686 5057 2805 5094 cu.n
2854 5041 3099 5095 Salvator
3137 5041 3414 5094 manifeste

1853 5130 2032 5184 dicat:
2068 5149 2086 5180 ι
2116 5129 2332 5193 Duobus
2359 5129 2586 5183 dominis
2627 5144 2784 5184 nemo
2826 5129 3025 5183 servire
3071 5138 3265 5198 potest,
3312 5131 3411 5184 hnc

1852 5228 1935 5274 est
1971 5221 2079 5275 Deo
2117 5229 2171 5275 et
2210 5233 2544 5272 mammonae.
2582 5238 2600 5270 ι
2628 5218 2905 5274 Falluntur
2943 5235 3069 5288 ergo
3110 5220 3409 5287 hujusmndi

1854 5310 2110 5363 habentes
2138 5309 2550 5372 damnationem,
2576 5309 2826 5377 quoniam
2854 5309 3078 5376 primam
3105 5308 3258 5361 ﬁdem
3292 5309 3413 5361 irri—

1855 5409 1962 5454 tam
1995 5399 2251 5464 fecerunt,
2275 5407 2329 5453 et
2349 5401 2391 5453 si
2421 5416 2523 5452 non
2555 5398 2798 5452 conversi
2830 5399 3021 5460 denuo,
3052 5398 3123 5460 id,
3148 5397 3285 5464 quod
3314 5400 3406 5449 dt—

1853 5502 2180 5554 struxerunt,
2215 5508 2311 5560 pro
2337 5492 2539 5545 viribus
2564 5500 2864 5543 restaurare
2892 5489 3191 5543 studuerint
3210 5528 3223 5548 .
3267 5489 3405 5541 Silltl‘

1857 5587 1961 5632 tem
1990 5580 2239 5647 consequi
2266 5595 2368 5633 non
2392 5586 2659 5647 poterunt.
3312 5622 3314 5624 τ

1931 5670 2033 5725 Sed
2058 5671 2179 5738 quia
2208 5678 2332 5724 sunt
2362 5669 2576 5738 quidam
2606 5667 2694 5735 qui
2741 5667 3106 5721 monachicam
3131 5667 3289 5720 vitam
3323 5666 3418 5718 ὼ-
