3968 6332
263 356 363 411 437
1268 358 1465 418 LIBER
1505 359 1588 414 DE
1626 357 2011 414 OBLATION‘E
2050 357 2451 416 PUERORUM.
3377 361 3482 420 453

257 487 373 520 eam
401 486 521 524 esse
564 458 900 536 concordem,
947 471 1190 526 desinant
1219 486 1335 525 eam
1366 473 1501 526 odiis
1526 471 1799 533 insectari,
1834 475 1875 530 Α
1906 471 2118 538 spiritu,
2176 471 2428 540 quoniam
2453 475 2456 478 ‘
2481 472 2715 541 ipsorum
2742 523 2748 528 .
2771 480 2853 528 est
2911 487 3130 544 regnum
3189 475 3468 531 Helorum.

256 562 303 608 «ξι
324 562 514 611 sistant
535 574 629 612 ore
672 560 975 628 blasphemo
997 559 1250 622 lacerare,
1279 563 1401 629 quia
1436 578 1538 616 non
1564 562 1667 615 erit
1710 561 1807 614 im-

255 646 470 712 punitus
496 647 587 714 qui
616 648 769 700 donis
818 649 904 702 Dei
935 664 1028 718 per
1070 649 1319 702 invidiam
1370 649 1601 718 perfidus
1635 657 1809 703 exstat

255 735 516 789 inimicus.
545 735 696 791 Unde
716 738 1082 806 Dominusper
1104 738 1443 806 prophetam:
1479 757 1495 786 ιι
1524 739 1612 793 Vae
1634 739 1803 801 vobis,

250 825 340 892 qtti
363 826 540 880 dicitis
573 830 767 882 mhlum
797 831 1013 892 bonum,
1045 838 1098 882 ct
1124 830 1317 883 bonum
1347 830 1570 882 malum:
1601 846 1801 898 ponen-

251 923 330 966 tes
363 914 608 969 tenebras
655 917 849 980 lucem,
885 926 939 970 et
991 917 1160 970 lucem
1214 919 1502 971 tenebras:
1550 925 1804 984 ponentes

247 1018 488 1058 amarum
521 1005 572 1058 in
602 1005 775 1066 dulce,
825 1013 880 1058 et
913 1005 1064 1060 dulce
1101 1006 1153 1058 in
1206 1021 1465 1059 amarum.
1507 1025 1523 1056 ι
1561 1005 1798 1060 Monachi

245 1096 386 1149 enim
413 1099 739 1167 propositum
769 1108 850 1153 est
879 1108 937 1154 ut
975 1100 1309 1155 abrenuntiet
1356 1101 1548 1156 smculo
1575 1110 1626 1156 et
1648 1101 1797 1156 volu-

243 1185 518 1254 ptatibus,
567 1189 904 1242 continentiae
954 1204 1017 1243 ac
1062 1189 1248 1258 quieti,
1297 1190 1609 1244 obedientite
1641 1199 1798 1259 atque

242 1271 530 1328 humilitati
556 1290 771 1344 operam
801 1276 911 1339 det,
949 1277 1418 1346 tribulationesque
1455 1287 1613 1346 atque
1634 1293 1798 1346 angu-

240 1360 374 1414 stias
395 1364 672 1431 praesentis
700 1365 818 1418 vitae
860 1367 1124 1434 patienter
1144 1363 1376 1419 sufferat.
1420 1374 1474 1418 et
1521 1366 1796 1432 [mentium

239 1451 476 1505 ca‘lcstis
508 1454 692 1522 gratiae
719 1470 877 1524 super
900 1455 1074 1507 omnia
1102 1462 1333 1522 expetat.
1382 1453 1532 1508 Unde
1560 1453 1792 1506 consile-

240 1557 420 1596 retnus
448 1544 492 1596 si
524 1545 636 1597 hazc
665 1561 728 1598 ex
765 1545 959 1599 divinis
1012 1545 1423 1613 eomprobentur
1453 1544 1789 1598 testimoniis.

237 1629 368 1685 Nam
395 1630 636 1688 Salvator
664 1634 715 1687 in
743 1635 1026 1704 Evangelia
1055 1635 1129 1688 ait
1153 1652 1165 1685 :
1197 1652 1220 1685 ί
1258 1634 1356 1700 Qui
1385 1650 1486 1686 non
1517 1634 1788 1686 renuntia-

234 1719 372 1772 verit
397 1721 645 1776 omnibus
686 1738 801 1791 quae
843 1723 1098 1792 possidet,
1140 1737 1242 1776 non
1285 1730 1456 1791 potest
1483 1738 1634 1776 meus
1673 1736 1790 1774 esse

1910 559 2054 613 Beati
2087 562 2241 613 mites
2259 602 2282 623 ,.
2304 561 2554 629 quoniam
2589 561 2686 629 ipsi
2715 551 3062 630 possidebunt
3094 572 3309 626 terram.
3353 586 3369 615 ι
3406 567 3472 620 Et

1909 649 2098 702 iterum
2124 664 2136 701 :
2165 669 2181 700 ‹
2199 649 2309 702 Non
2339 650 2476 710 veni,
2505 651 2700 718 inquit,
2727 650 2900 706 facere
2925 639 3248 707 voluntatem
3270 671 3483 722 meam,

1907 738 1998 791 scd
2036 736 2166 805 ejus,
2199 739 2288 806 qui
2317 739 2459 792 misit
2493 754 2600 802 me,
2650 738 2840 794 Patris.
2880 760 2897 792 ι
2936 740 3070 796 llinc
3101 751 3154 820 e_t
3185 742 3466 818 Apostoins

1905 828 1978 881 ait
2004 847 2014 880 :
2075 846 2093 877 ι
2128 827 2370 882 Christus
2400 828 2571 883 factus
2601 837 2683 883 est
2718 844 2814 898 pro
2859 830 3010 886 nobis
3037 813 3291 888 obetliens
3319 813 3470 888 Patri.

1904 931 2068 984 usque
2091 914 2156 967 ad
2180 925 2422 980 mortem,
2456 925 2681 970 mortem
2712 923 2886 970 autem
2918 918 3112 984 crucis,
3142 930 3177 971 δ’
3198 919 3475 976 etesNam'

1900 1014 1955 1060 et
1981 1005 2032 1059 in
2073 1006 2208 1059 libro
2249 1005 2452 1076 Regum
2478 1005 2708 1060 Samuel
2758 1007 2824 1060 ad
2873 1005 3208 1077 Saal-regem
3237 1023 3461 1078 peccan-

1902 1102 2006 1147 tem
2035 1094 2111 1148 ait
2139 1112 2150 1146 :
2185 1113 2203 1144 ‹
2241 1094 2484 1162 Nunquid
2519 1095 2626 1148 vult
2657 1095 2911 1152 Dominus
2948 1097 3335 1164 holocaustum,
3369 1111 3459 1155 aut

1898 1181 2172 1240 victimas.
2217 1190 2270 1235 et
2307 1197 2409 1235 non
2439 1181 2616 1249 potius
2644 1191 2702 1234 ut
2731 1184 3010 1238 obediatur
3055 1186 3172 1240 voci
3205 1186 3458 1242 Domini?

1897 1268 2080 1322 Melior
2107 1277 2189 1322 est
2215 1269 2355 1323 enim
2386 1269 2685 1323 obedientia
2708 1286 2864 1339 quam
2893 1273 3135 1338 victimae,
3171 1284 3225 1329 ct
3247 1279 3458 1330 auscul-

1897 1364 2010 1408 tare
2039 1357 2204 1423 magis
2224 1373 2382 1425 quam
2422 1357 2613 1412 oll’erre
2663 1358 2867 1427 adipem
2896 1361 3122 1415 arietum
3153 1377 3166 1416 :
3207 1367 3454 1432 quoniam

1894 1443 2044 1509 quasi
2075 1452 2346 1510 peccatum
2383 1444 2675 1499 hariolaudi
2713 1455 2796 1500 est
2837 1463 3135 1518 repugnare
3159 1490 3174 1514 ,
3221 1461 3276 1505 et
3304 1455 3454 1520 quasi

1893 1532 2066 1586 scelus
2087 1532 2398 1586 idololatrire
2435 1533 2572 1586 nolle
2603 1535 2961 1602 acquiescere.
2995 1557 3013 1588 ι
3059 1538 3134 1594 De
3161 1539 3456 1594 tribulatio-

1891 1624 1973 1677 nis
2001 1632 2175 1676 autem
2207 1624 2484 1678 tolerantia
2523 1634 2576 1678 ct
2608 1624 2862 1692 patientia
2897 1626 3009 1695 ipsa
3044 1625 3252 1684 Veritas
3277 1632 3352 1684 ait
3377 1631 3454 1685 di-

1892 1711 2107 1780 scipulis
2137 1730 2148 1764 :
2189 1730 2205 1761 ε
2244 1712 2303 1764 In
2338 1713 2533 1766 mundo
2575 1728 2879 1782 pressuram
2905 1715 3190 1780 habebitis,
3214 1717 3307 1772 sed
3327 1733 3453 1772 cou—

234 1809 542 1880 discipulus.
576 1813 639 1865 Et
666 1813 838 1867 omnis
866 1814 956 1883 qui
1006 1813 1279 1880 reliquerit
1311 1812 1547 1875 domum,
1579 1811 1660 1865 vel
1684 1810 1788 1863 fra-
1820 1801 1863 1858 Β
1895 1802 2054 1864 ﬁdite,
2104 1802 2224 1870 Quia
2260 1816 2358 1871 ego
2407 1803 2508 1855 vici
2561 1804 2834 1857 mundum.
2876 1805 2933 1858 In
2982 1805 3236 1878 patientia
3278 1819 3451 1864 vestra

233 1908 359 1961 tres,
390 1909 732 1965 autsorores,
760 1911 850 1954 aut
874 1911 1099 1971 patrem,
1132 1908 1226 1954 aut
1254 1909 1500 1964 matrem,
1534 1892 1626 1953 aut
1655 1915 1785 1954 uxo-

231 2002 363 2049 rem,
396 1997 488 2041 aut
509 1987 666 2052 filios,
696 1997 786 2042 aut
813 2005 967 2059 agros
995 1998 1210 2058 pr0pter
1231 2004 1422 2042 nomen
1445 2003 1640 2052 meum,
1665 2003 1783 2042 cen-

229 2079 433 2148 tuplum
461 2081 704 2149 accipiet,
745 2088 798 2134 et
823 2083 983 2134 vitam
1027 2088 1278 2133 aeternam
1304 2079 1610 2148 possidebit.
1650 2099 1666 2130 I
1719 2079 1784 2132 Et

229 2169 356 2222 item
388 2187 402 2221 :
441 2188 459 2219 ι
487 2171 588 2236 Qui
621 2170 749 2235 vult,
784 2190 802 2222 ι
839 2171 1028 2238 inquit,
1083 2188 1101 2219 ι
1139 2170 1319 2223 venire
1346 2178 1466 2238 post
1493 2183 1594 2231 me,
1623 2170 1783 2223 abne-

227 2268 314 2326 get
344 2261 708 2327 semetipsum,
734 2268 788 2313 et
811 2259 958 2312 tollat
983 2274 1194 2314 crucem
1223 2274 1372 2311 suam
1397 2267 1401 2271 ·
1423 2257 1676 2326 quotidie,
1729 2266 1782 2310 ct

225 2358 481 2417 sequatur
519 2365 621 2402 me.
660 2370 677 2401 ι
735 2350 866 2403 liinc
889 2359 944 2404 et
979 2349 1125 2403 diviti
1151 2351 1216 2404 de
1253 2348 1420 2402 salute
1445 2364 1538 2402 sua
1561 2347 1780 2402 sollicite

200 2441 483 2508 qua-renti
507 2441 616 2509 ipsa
649 2442 856 2495 Veritas
888 2441 1173 2509 respondit,
1204 2442 1422 2521 dicens:
1469 2439 1524 2493 Si
1559 2441 1636 2493 vis
1660 2456 1777 2508 per-

226 2527 398 2579 lectus
425 2540 561 2589 esse,
613 2525 766 2588 vade,
803 2530 971 2580 vende
998 2526 1175 2580 omnia
1220 2541 1340 2594 quae
1387 2526 1550 2580 habes
1575 2565 1589 2589 ,
1631 2535 1684 2579 et
1712 2525 1776 2578 da

224 2620 575 2688 pauperibus,
603 2629 655 2674 et
682 2614 1239 2676 habebis'tbesaunum
1268 2623 1318 2674 in
1340 2622 1474 2677 coelo
1495 2661 1511 2687 ,
1542 2630 1596 2676 et
1635 2624 1775 2686 veni,

221 2724 444 2775 sequere
487 2725 588 2763 me.
611 2730 648 2761 .›
703 2710 837 2764 llinc
865 2718 918 2765 et
941 2711 1009 2764 ad
1044 2711 1313 2779 apostolos
1350 2705 1424 2765 ait
1457 2728 1468 2762 :
1522 2729 1539 2761 ι
1577 2711 1777 2766 ;Estote

221 2800 444 2858 perfecti
481 2802 623 2856 sicut
655 2810 708 2856 et
732 2802 890 2857 Pater
918 2811 1094 2856 vester
1127 2803 1357 2883 cquestis
1381 2802 1646 2873 perfectus
1672 2813 1771 2857 est.

223 2890 394 2946 Nolite
418 2894 629 2948 solliciti
659 2910 779 2950 esse
827 2897 1100 2950 dicentes:
1143 2895 1277 2962 Quid
1316 2896 1772 2959 manducabimus,

220 2991 314 3036 aut
341 2984 467 3051 quid
499 2985 760 3050 bibemus,
798 2995 890 3040 aut
915 3001 1020 3055 quo
1049 2986 1390 3055 operiemur?
1436 2986 1548 3038 haec
1592 2984 1771 3038 omnia

216 3080 402 3142 gentes
431 3074 729 3143 inquirunt.
775 3075 895 3128 Scit
919 3074 1068 3130 enim
1118 3074 1483 3128 Pater'vester
1510 3061 1635 3142 quia
1689 3073 1772 3127 his

1885 1895 2221 1965 possidebitis
2242 1895 2447 1948 animas
2479 1904 2704 1950 vestras.
2745 1914 2762 1947 ι
2808 1896 2872 1950 Ει
2901 1898 3026 1966 quia
3052 1901 3298 1955 monachi
3319 1915 3451 1971 opus

1883 1995 1966 2041 est
1987 1985 2160 2040 oratio
2193 1994 2246 2040 et
2257 1983 2536 2053 jejunium,
2569 1987 2910 2040 commendat
2955 1989 3057 2041 hoc
3079 1994 3238 2057 atque
3261 2005 3451 2060 appro-

1881 2082 1971 2136 bat
1997 2081 2136 2135 idem
2160 2080 2418 2135 Mcdiator
2442 2081 2533 2134 Dei
2556 2081 2962 2151 hominumque,
2993 2097 3115 2136 cum
3139 2081 3442 2152 suggillanti

1880 2172 2146 2241 apostolos
2167 2172 2230 2225 de
2259 2171 2582 2226 daemoniaco
2611 2172 2677 2225 ab
2700 2173 2781 2227 eis
2809 2189 2913 2226 non
2941 2180 3130 2229 sanato
3151 2174 3444 2243 respondit,

1879 2265 2062 2319 dicens
2087 2281 2103 2318 :
2171 2281 2188 2312 ε
2223 2263 2334 2318 lloc
2362 2278 2527 2334 genus
2552 2278 2582 2316 a
2607 2264 2748 2317 nullo
2796 2272 2973 2333 potest
3018 2265 3190 2328 exire,
3218 2264 3318 2317 nisi
3348 2279 3444 2332 per

1877 2354 2172 2409 orationem
2207 2364 2258 2408 et
2283 2353 2562 2424 jejunium.
2607 2375 2625 2404 ›
2687 2355 2825 2410 Ecce
2871 2355 3250 2411 monachorum
3296 2355 3443 2407 ordi-

1878 2460 1997 2499 nem
2021 2460 2085 2499 ac
2104 2445 2291 2509 vitam,
2325 2459 2447 2498 eum
2492 2445 2602 2512 ipse
2640 2444 2896 2499 Dominus
2919 2446 3030 2500 suis
3059 2445 3338 2501 sententiis
3384 2460 3445 2497 ac

1876 2537 2252 2606 prophetarum
2302 2544 2460 2604 atque
2529 2536 2886 2604 apostolorum
2955 2552 3174 2591 suorum
3229 2536 3444 2603 scriptas

1874 2623 2202 2698 comprobet,
2235 2627 2354 2697 quis
2379 2637 2459 2682 est
2487 2629 2575 2696 qui
2632 2643 2747 2681 eam
2780 2629 3170 2697 reprehendere
3227 2628 3436 2684 amicat.

1873 2717 1974 2770 nisi
2003 2715 2096 2786 qui
2123 2715 2343 2777 insanus
2371 2730 2464 2769 ore
2489 2724 2542 2769 et
2592 2716 2754 2769 corde
2787 2725 2893 2794 est,
2919 2724 2974 2769 et
2997 2715 3065 2769 ob
3095 2716 3196 2769 hoc
3240 2714 3442 2784 legibus

1873 2807 1964 2861 Dei
1995 2807 2340 2862 contrarius?
2369 2804 2484 2860 Non
2513 2814 2596 2859 est
2623 2821 2751 2876 ergo
2783 2806 2896 2860 leve
2917 2805 3136 2867 crimen,
3161 2813 3320 2873 atque
3346 2805 3441 2856 mi-

1871 2895 2150 2951 nusculum
2178 2904 2452 2964 peccatum
2471 2936 2485 2958 ,
2518 2894 2653 2948 velle
2679 2895 2991 2948 mendacem
3027 2893 3204 2948 facere
3233 2892 3429 2948 Verita-

1871 2997 1998 3049 tem,
2027 2994 2082 3040 et
2111 2985 2392 3038 Dominum
2430 2985 2667 3052 iniquum
2707 2983 2904 3052 fingere
2927 3023 2942 3047 ,
2990 2997 3112 3037 cum
3143 2983 3245 3038 hoc
3293 2982 3434 3051 quod

1871 3075 1982 3144 ipse
2009 3073 2192 3134 l'wdat'
2210 3073 2522 3129 istexnitittn
2545 3071 2874 3147 ,intprobare.
2905 3070 3011 3126 Sed
3049 3072 3094 3126 si
3121 3071 3221 3126 istc
3251 3071 3439 3124 adver-

215 3140 464 3217 oamibus
510 3140 780 3233 indigetis.
825 3163 1056 3230 Quaerite
1093 3164 1324 3232 primum
1373 3140 1593 3231 regnum
1649 3140 1840 3227 Dei,‘C
1871 3140 2042 3220 sarius
2090 3174 2272 3220 noster
2305 3165 2484 3220 adhuc
2531 3140 2826 3235 perstiterit
2872 3163 2940 3232 in.
2980 3162 3218 3231 nequitia
3272 3159 3437 3217 semel

213 3252 552 3321 etjustitiam
577 3251 719 3320 ejus,
772 3261 826 3307 et
863 3255 975 3307 hme
1022 3253 1200 3307 omnia
1253 3251 1570 3320 adjicientur
1600 3252 1766 3306 vobis.

221 3341 442 3409 Vigilate
477 3343 654 3412 itaque
695 3343 837 3396 omni
865 3351 1102 3412 tempore
1125 3351 1362 3404 orantes,
1409 3349 1469 3393 ut
1499 3339 1640 3409 digni
1673 3341 1769 3393 ha-

214 3432 444 3486 hcamini
469 3431 650 3503 fugere
670 3433 770 3486 ista
796 3433 972 3486 omnia
994 3448 1111 3500 qua:
1130 3440 1350 3485 ventura
1377 3438 1517 3493 sunt,
1546 3438 1601 3483 et
1626 3438 1772 3484 stare

212 3531 338 3575 ante
362 3521 556 3574 Filium
579 3521 826 3577 hominis.
853 3522 1020 3575 Amen
1046 3508 1164 3575 dico
1184 3519 1330 3574 vobis
1354 3519 1477 3588 quia
1494 3517 1771 3587 plorabitis

214 3619 266 3664 et
309 3607 504 3662 ﬂebilis
537 3624 651 3674 vos,
685 3611 912 3662 mundus
940 3617 1117 3661 autem
1154 3607 1422 3677 gaudebit,
1468 3621 1566 3661 vos
1591 3614 1769 3661 autem

209 3699 682 3762 etmtristabimini,
731 3699 821 3752 sed
848 3698 1064 3751 tristitia
1093 3704 1266 3750 vestra
1293 3703 1528 3750 vertetur
1558 3696 1609 3748 in
1641 3711 1770 3765 gau-

214 3789 381 3844 dium.
420 3787 564 3842 Beati
593 3789 680 3857 qui
707 3789 883 3859 lugent
907 3803 1066 3852 nunc,
1099 3787 1346 3856 quoniam
1381 3785 1478 3853 ipsi
1522 3785 1768 3839 consola-

210 3878 430 3932 buntur.
463 3897 480 3929 ι
524 3875 776 3947 Sequenti
805 3891 932 3947 ergo
954 3891 1115 3946 opera
1137 3876 1309 3931 danda
1343 3875 1505 3930 Isaias
1535 3875 1770 3929 ostendit

211 3965 397 4020 dicens
426 3983 436 4016 :
477 3986 493 4016 ι
531 3966 646 4019 Erit.
667 3981 798 4034 opus
818 3964 1039 4034 justitiu}
1061 4006 1074 4028 ,
1121 3981 1219 4035 pax
1250 3975 1305 4019 ct
1331 3962 1763 4032 cultusjustitice.

209 4056 484 4110 silentium
509 4067 562 4110 et
591 4059 852 4111 securitas
878 4071 1046 4126 usque
1069 4057 1118 4110 in
1141 4056 1539 4125 sempiternum.
1577 4075 1594 4107 ι
1633 4055 1766 4109 Item

211 4163 306 4218 per
332 4145 618 4203 Jcremiam
645 4149 872 4202 dicitur:
910 4167 928 4199 ι
961 4149 1162 4203 Bonum
1199 4158 1279 4202 est
1304 4147 1598 4216 praestolari
1636 4159 1764 4200 cum

207 4238 424 4295 silentio
451 4239 680 4294 salutare
707 4239 914 4293 Domini
939 4258 951 4292 :
982 4240 1177 4293 bonum
1208 4248 1289 4292 est
1316 4238 1452 4301 viro,
1482 4253 1602 4292 cum
1643 4251 1765 4304 por-

211 4327 408 4380 taverit
426 4325 610 4397 jugum
637 4328 703 4381 ab
723 4326 1078 4382 adolescentia
1100 4342 1213 4381 sua.
1256 4325 1477 4381 Sedebit
1499 4325 1765 4379 solitarius

209 4424 263 4470 et
292 4417 506 4480 tacebit,
538 4418 661 4486 quia
685 4417 878 4472 levabit
905 4433 962 4472 se
983 4431 1141 4487 super
1166 4432 1258 4482 se;
1287 4425 1446 4484 ponet
1466 4416 1518 4469 in
1546 4415 1762 4483 pulvere

209 4523 271 4561 os
299 4523 478 4572 suum,
511 4508 553 4561 si
584 4507 717 4562 forte
753 4509 822 4560 sit
851 4521 973 4576 spes
993 4548 1006 4572 ,
1057 4508 1202 4561 dabit
1229 4506 1541 4576 percutienti
1575 4505 1763 4559 maxil-

212 4599 335 4663 lam,
369 4597 692 4652 saturabitur
717 4598 1059 4666 opprobriis,
1111 4601 1234 4666 quia
1287 4613 1390 4650 non
1441 4595 1659 4664 repellet
1710 4595 1764 4648 in

209 4690 592 4758 sempiternum
630 4688 902 4743 Dominus.
961 4687 1060 4754 Qui
1109 4687 1292 4741 dilexit
1342 4701 1554 4740 movere
1602 4687 1764 4754 pedes

211 4796 354 4845 suos,
393 4788 445 4834 et
481 4795 584 4834 non
612 4780 831 4850 quievit,
859 4789 913 4847 et
940 4781 1162 4834 Domino
1193 4795 1296 4834 non
1322 4779 1536 4850 placuit.
1577 4798 1595 4831 ι
1632 4779 1766 4832 Hinc

210 4880 264 4924 et
290 4869 488 4924 Paulus
523 4869 590 4923 ad
631 4867 1130 4924 Thessalonicenses
1171 4870 1278 4922 ait:
1317 4887 1334 4919 ‹
1368 4868 1634 4937 Rogamus
1667 4884 1763 4922 au-

212 4971 317 5016 tem
349 4976 465 5025 vos,
498 4960 711 5025 fratres,
748 4971 806 5014 ut
835 4961 1113 5015 abundetis
1140 4961 1307 5030 magis
1329 4968 1382 5014 et
1420 4975 1634 5030 operam
1664 4960 1760 5014 de-

213 5053 300 5115 tis,
331 5060 391 5106 ut
414 5052 572 5120 quieti
597 5051 735 5115 sitis,
769 5060 822 5104 et
852 5060 912 5104 ut
935 5059 1168 5104 vestrum
1193 5050 1460 5120 negotium
1487 5050 1672 5117 agatis,
1707 5057 1762 5102 et

207 5140 535 5210 eperemini,
583 5139 723 5195 sicut
754 5139 1100 5208 prmcepimus
1137 5139 1306 5200 vobis,
1351 5147 1409 5191 et
1440 5146 1498 5190 ut
1541 5137 1762 5191 honeste

211 5229 495 5285 ambulctis
518 5229 584 5283 ad
606 5243 716 5294 eos,
744 5229 834 5298 qui
865 5227 994 5282 foris
1022 5235 1165 5291 sunt,
1188 5227 1379 5280 nullius
1402 5226 1599 5294 aliquid
1622 5227 1760 5280 desi-

212 5319 480 5374 deretisio
537 5317 613 5374 De
663 5317 959 5372 humilitate
996 5325 1203 5378 autem,
1259 5325 1311 5370 et
1354 5315 1759 5370 mansuetudine

211 5419 371 5478 atque
393 5409 690 5464 obedientia
720 5407 832 5477 ipse
861 5405 1105 5461 Salvator
1132 5405 1183 5459 in
1222 5403 1505 5473 Evangelio
1548 5420 1645 5458 nos
1674 5404 1759 5457 in—

213 5500 367 5554 struit
403 5499 582 5554 dicens
614 5513 630 5552 :
687 5516 706 5549 ‹
747 5498 942 5552 Discite
978 5512 1009 5550 a
1047 5510 1131 5550 me
1159 5535 1173 5560 ,
1209 5496 1332 5565 quia
1371 5495 1514 5549 mitis
1562 5510 1677 5548 sum
1705 5502 1759 5547 et

214 5592 423 5646 humilis
453 5591 631 5645 corde.
685 5589 869 5645 Omnis
908 5603 1034 5659 ergo
1066 5588 1156 5657 qui
1184 5600 1242 5642 sc
1277 5587 1473 5641 exaltat
1515 5586 1759 5640 humilia-

212 5683 372 5751 bitur,
404 5691 455 5738 et
482 5680 571 5753 qui
594 5695 649 5735 se
672 5679 931 5743 humiliat,
961 5677 1292 5732 exaltabitur.
1323 5675 1469 5731 Beati
1494 5690 1758 5747 pauperes

1868 3263 2147 3324 concepta,
2175 3263 2229 3309 et
2251 3254 2446 3309 dixerit
2465 3255 2580 3310 sine
2605 3252 2853 3307 monachi
2875 3261 2998 3307 voto
3021 3251 3263 3305 homines
3283 3262 3439 3318 posse

1867 3347 2060 3401 salvari
2102 3364 2115 3400 :
2147 3361 2251 3400 non
2279 3346 2381 3400 hoc
2408 3359 2684 3414 negamus,
2725 3343 2815 3398 sed
2860 3341 3206 3412 perfectionis
3236 3340 3434 3395 tramiti

1867 3436 2148 3491 detrahere
2182 3450 2287 3489 non
2314 3434 2590 3490 audemus.
3372 3474 3374 3476 ,

1937 3527 2062 3581 Htec
2087 3541 2237 3594 ergo,
2264 3531 2425 3594 prout
2462 3523 2752 3593 potuimus,
2792 3535 2856 3576 ex
2888 3519 3070 3574 multis
3100 3523 3266 3587 pauca
3300 3515 3431 3569 liba-

1865 3617 2075 3679 vimus;
2107 3615 2199 3669 sed
2229 3615 2274 3669 si
2322 3622 2502 3667 nostra
2534 3611 2734 3680 scripta
2781 3607 2996 3663 fastidio
3026 3606 3202 3669 ducit,
3253 3603 3435 3659 audiat

1866 3705 1991 3776 quid
2044 3704 2230 3757 beatus
2278 3700 2666 3770 Hieronymus,
2727 3699 2780 3750 in
2822 3697 2957 3752 libro
3014 3709 3174 3764 quem
3215 3692 3431 3762 scripsit

1865 3796 2119 3850 adversus
2155 3791 2537 3861 Vigilantium',
2572 3789 2877 3843 monachos
2902 3785 3062 3841 simili
3100 3783 3427 3853 blasphemia

1866 3865 2216 3946 lacerantem,
2246 3880 2494 3935 senserit.
2529 3898 2545 3930 ι
2579 3878 2728 3944 Quod
2758 3885 2937 3932 autem
2982 3875 3199 3938 asseris,
3231 3873 3425 3942 inquit,

1866 3975 2055 4029 melius
2091 3973 2269 4027 facere
2305 3987 2397 4027 eos
2436 3971 2524 4040 qui
2550 3979 2767 4023 utantur
2788 3969 2946 4023 rebus
2977 3968 3108 4030 suis,
3151 3975 3203 4020 et
3247 3965 3426 4035 paula-

1865 4065 1960 4117 tim
1982 4063 2186 4117 fructus
2212 4061 2604 4130 posscssionum
2628 4059 2953 4130 pauperibus
2984 4058 3241 4122 dividant,
3265 4071 3422 4124 quam

1864 4153 1981 4206 illos
2010 4153 2140 4221 qui,
2183 4149 2609 4220 possessionibus
2657 4147 2975 4203 venundatis
3004 4186 3018 4210 ,
3051 4145 3215 4200 semel
3243 4145 3419 4199 omnia

1863 4228 2160 4311 largiuntur
2191 4259 2202 4293 :
2247 4254 2358 4294 non
2396 4254 2424 4291 a
2453 4253 2535 4291 me
2561 4238 2659 4302 eis,
2693 4237 2785 4292 sed
2822 4251 2851 4289 a
2880 4236 3104 4290 Domino
3139 4235 3425 4303 responde-

1861 4332 2005 4386 bitur
2031 4345 2044 4384 :
2078 4349 2096 4382 ‹
2125 4330 2275 4385 Sivis
2300 4342 2417 4384 esse
2438 4325 3086 4397 perfectus,vade,vende
3105 4324 3283 4378 omnia
3311 4339 3428 4391 qua:

1869 4419 2056 4490 habes,
2133 4430 2186 4474 et
2219 4420 2284 4473 da
2306 4418 2648 4488 pauperibus,
2671 4425 2724 4469 et
2750 4415 2891 4478 veni,
2915 4428 3137 4483 sequere
3164 4427 3265 4466 me.
3297 4431 3314 4464 ι
3343 4413 3423 4466 Ad

1864 4525 1984 4564 eum
2018 4510 2252 4578 loquitur
2279 4509 2368 4577 qui
2401 4508 2511 4561 vult
2540 4520 2659 4562 esse.
2687 4505 2955 4575 perfectus
2982 4522 2994 4557 :
3028 4504 3118 4572 qui
3153 4519 3272 4558 eum
3299 4519 3424 4572 apo-

1822 4607 1826 4610 ‘
1861 4601 2013 4654 stolis
2039 4610 2266 4668 patrem,
2293 4597 2611 4660 naviculam,
2637 4605 2691 4650 et
2719 4607 2830 4650 rete
2854 4595 3090 4648 dimittit.
3115 4593 3238 4656 Iste,
3266 4607 3424 4661 quem

1863 4699 1917 4742 tu
1948 4689 2152 4752 laudas,
2194 4688 2478 4751 secundus,
2511 4685 2590 4738 vel
2619 4687 2807 4739 tertius
2831 4685 3025 4752 gradus
3055 4693 3156 4747 est,
3186 4697 3344 4750 quem
3369 4692 3423 4735 et

1863 4796 1962 4835 nos
1997 4779 2300 4848 recipimus,
2332 4777 2618 4830 dummolo
2641 4774 2872 4827 sciamus
2898 4773 3067 4842 prima
3100 4770 3347 4824 secundis
3373 4779 3424 4821 ιιι

1863 4871 2036 4925 tertiis
2071 4867 2417 4939 przeferenda.
2461 4865 2567 4920 Nec
2592 4874 2706 4918 astu
2760 4873 2851 4917 tuo
2877 4877 2939 4916 ac
2975 4862 3150 4916 studio
3177 4860 3420 4914 monachi

1860 4957 2161 5014 deterrendi
2207 4965 2351 5018 sunt,
2403 4963 2519 5007 arte
2553 4954 2744 5022 lingua:
2769 4953 2995 5020 viperea:
3020 4959 3075 5004 et
3103 4963 3281 5003 morsu
3321 4962 3420 5001 sae-

1857 5049 2111 5111 vissimo;
2146 5046 2210 5100 de
2236 5045 2430 5114 quibus
2456 5042 2849 5114 argumentaris
2868 5049 2923 5094 ct
2945 5040 3078 5094 dicis
3105 5055 3119 5090 :
3153 5037 3209 5092 Si
3235 5053 3418 5091 omnes

1851 5152 1918 5192 se
1940 5135 2265 5197 recluserint,
2305 5141 2359 5187 et
2385 5132 2581 5186 fuerint
2614 5132 2664 5184 in
2695 5129 3000 5194 solitudine,
3041 5129 3160 5198 quis
3185 5125 3417 5182 celebra-

1858 5225 1937 5279 bit
1955 5223 2229 5287 ecclesias,
2253 5222 2374 5290 quis
2395 5219 2675 5274 smeulares
2696 5218 2937 5274 homines
2955 5213 3272 5277 lucrifaciet,
3295 5215 3412 5283 quis

1851 5321 2168 5382 peceatores
2205 5311 2270 5364 ad
2294 5311 2518 5364 virtutes
2555 5309 2752 5379 poten’t
2779 5305 3093 5364 ooarctare?
3141 5306 3242 5360 hoc
3269 5303 3413 5358 enim
3470 5365 3480 5370 η

1861 5403 2049 5465 modo,
2081 5401 2124 5453 si
2151 5414 2337 5454 omnes
2365 5408 2543 5452 tecum
2569 5397 2698 5450 fatui
2729 5403 2872 5458 sunt,
2910 5394 3124 5463 sapiens
3148 5405 3264 5446 csse
3293 5393 3413 5462 quis

1858 5492 2093 5564 poterit?
2135 5490 2200 5544 Et
2241 5490 2519 5559 virginitas
2560 5504 2665 5542 non
2698 5496 2780 5541 est
2804 5485 3179 5555 approbanda:
3223 5482 3268 5537 si
3297 5498 3416 5537 orn—

1859 5599 1953 5636 ues
1983 5581 2213 5651 virgines
2240 5579 2457 5641 fuerint,
2498 5586 2674 5648 nupta:
2699 5595 2802 5633 non
2833 5583 3006 5638 erunt,
3040 5573 3274 5627 interibit
3320 5574 3414 5638 hu-

1862 5689 2073 5728 manum
2101 5687 2284 5743 genus,
2326 5668 2552 5725 infantes
2595 5671 2645 5723 in
2673 5669 2822 5725 cuuis
2853 5681 2954 5721 non
2983 5667 3216 5736 vagient,
3243 5667 3409 5720 obsto
