3968 6346
518 334 624 389 ι39

1158 336 1214 388 Β.
1258 336 1510 392 ΒΑΒΑΝΙ
1548 336 1764 392 MAURI
1803 330 2053 388 ARCHIE

2165 327 2465 386 MOGUNT.
2508 331 2789 387 OPERUM
2826 332 3004 402 PARS
3037 333 3079 386 l.

3641 339 3747 394 440

515 449 675 502 trices
705 448 906 518 absque
949 448 1284 502 mercedibus
1324 448 1704 501 mcndicabunt
1733 464 1743 496 :
1783 454 1835 499 et
1863 441 2077 497 validis-
2110 445 2157 501 Α
2183 440 2411 495 devitavi
2441 459 2454 506 ;
2485 442 2528 496 si
2553 450 2728 497 autem
2755 450 2969 505 stetere,
3011 451 3102 496 aut
3130 444 3445 500 vincendam
3478 439 3608 501 mihi
3633 463 3745 513 est,

513 540 650 593 simo
687 536 885 608 frigore
938 539 1082 592 solus
1127 547 1288 606 atque
1336 544 1644 590 contractus
1688 531 2075 588 Dormitantius

513 626 752 696 vigilabit
785 626 838 680 in
870 626 1025 681 lecto.
1072 627 1223 680 Clara
1269 635 1351 679 est
1388 626 1576 686 virtus,
1628 638 1726 678 nec
1759 637 1789 676 a
1834 621 2076 692 pluribus

511 718 818 788 appetitur,
879 725 1036 785 atque
1079 716 1281 768 utinam
1325 730 1512 768 omnes
1564 714 1664 768 hoc
1709 720 1890 767 essent
1932 712 2073 780 quod

510 807 664 875 pauci
691 815 835 869 sunt,
873 807 938 859 de
966 805 1156 873 quibus
1181 803 1408 857 dicitur:
1455 822 1472 853 ε
1507 803 1656 864 Multi
1686 803 1890 867 vocati,
1920 801 2073 871 pauci

511 905 688 951 autem
734 896 926 960 electi;
967 915 984 945 ›
1036 894 1186 948 vacui
1237 903 1416 949 essent
1455 909 1722 948 carceres.
1781 893 2071 947 Monachus

410 980 413 981 ν
508 1000 686 1046 autem
715 1004 816 1044 non
869 987 1104 1042 doctoris
1141 986 1319 1056 hujus,
1375 983 1793 1056 sed'plangentis
1817 984 2069 1048 officium,

507 1082 598 1149 qui
627 1079 707 1133 vel
751 1093 828 1142 se,
859 1077 942 1132 vel
970 1077 1225 1131 mundum
1249 1076 1446 1146 lugeat,
1497 1083 1552 1130 et
1595 1075 1804 1130 Domini
1850 1074 2071 1142 pavidus

507 1169 842 1240 praestoletur
901 1170 1229 1232 adventum;
1283 1169 1371 1236 qui
1419 1167 1594 1221 sciens
1653 1165 2067 1220 imbecillitatem

505 1279 679 1328 suam,
728 1271 782 1317 et
813 1277 905 1316 vas
935 1260 1118 1331 fragile
1151 1259 1292 1328 quod
1338 1267 1554 1329 portat,
1587 1259 1738 1313 timet
1774 1256 2066 1318 offendere,

504 1371 571 1410 ne
613 1356 871 1426 impingat
906 1363 974 1406 "et
1011 1360 1225 1408 corruat
1271 1361 1326 1404 ut
1356 1349 1649 1419 frangatur.
1695 1348 1844 1403 Unde
1873 1354 1927 1400 et
1955 1362 2069 1399 mu-

503 1449 714 1515 lierum,
766 1447 1100 1514 maximeque
1147 1442 1685 1503 adolescentularum,
1736 1442 1871 1494 vitat
1909 1453 2066 1507 aspc-

502 1550 668 1603 ctum,
708 1548 760 1592 et
784 1539 832 1590 in
874 1547 1077 1589 tantum
1102 1535 1395 1604 castigator
1427 1533 1509 1587 sui
1531 1541 1633 1598 est,
1659 1541 1718 1584 ut
1755 1531 1915 1584 etiam
1946 1544 2065 1598 quae

503 1637 612 1681 tnta
642 1637 764 1681 sunt
794 1627 1156 1696 pertimescat.
1210 1623 1338 1688 Cur,
1390 1623 1620 1691 inquies,
1653 1621 1832 1691 pergis
1860 1621 1926 1673 ad
1947 1636 2065 1674 ere-

501 1717 689 1769 mum?
723 1714 981 1769 Videlicet
1025 1724 1081 1767 ut
1107 1723 1157 1768 te
1182 1729 1285 1766 non
1322 1712 1558 1776 audiam,
1586 1727 1691 1764 non
1722 1710 1952 1772 Videam,
2006 1720 2065 1763 ut

2180 541 2271 587 aut
2299 533 2610 588 cadendum.
2641 533 2776 600 Quid
2809 545 2984 588 autem
3016 550 3232 591 necesse
3271 547 3416 593 certa
3447 540 3742 608 dimittere,

2176 631 2231 676 et
2261 624 2463 678 incerta
2491 625 2728 678 sectari?
2783 634 2876 678 aut
2919 624 3090 689 scuto,
3124 636 3216 680 aut
3253 629 3477 696 pedibus
3508 632 3644 685 meis
3671 635 3746 684 vi-

2177 717 2336 770 tanda
2362 726 2462 771 est.
2512 717 2589 771 Tu
2616 717 2703 786 qui
2734 730 2955 788 pugnas,
2995 725 3048 772 ct
3079 721 3317 787 superari
3352 732 3504 790 potes
3541 733 3598 777 et
3621 725 3743 776 vin-

2174 821 2315 860 cere.
2353 806 2464 877 Ego
2491 823 2610 861 eum
2646 805 2807 878 fugio,
2858 824 2960 862 non
2991 810 3177 865 vincor
3203 811 3256 864 in
3288 798 3352 865 eo
3378 814 3519 880 quod
3569 812 3739 882 fugio,

2175 896 2266 948 sed
2297 894 2414 950 ideo
2443 897 2586 965 fugio
2634 913 2699 950 ne
2749 898 2948 951 vincar.
3015 898 3167 953 Nulla
3212 901 3473 957 securitas
3507 913 3587 958 est
3620 920 3738 958 ser-

2173 993 2330 1052 pente
2361 986 2534 1041 vicino
2563 988 2814 1051 dormire.
2867 989 3052 1044 Potest
3094 990 3206 1046 fieri
3251 1002 3309 1047 ut
3337 1010 3423 1048 me
3455 1011 3561 1051 non
3593 1012 3740 1052 mor—

2173 1078 2314 1138 deat,
2349 1084 2523 1131 tamen
2558 1081 2733 1148 potest
2760 1077 2872 1132 fieri
2898 1087 2955 1132 ut
2981 1079 3265 1148 aliquando
3289 1085 3553 1139 mordeat.
3584 1105 3603 1137 ›

2243 1167 2380 1231 Sunt
2422 1175 2678 1238 prteterea
2724 1177 2780 1224 et
2818 1168 2908 1224 alii
2953 1171 3125 1225 sancti
3177 1170 3366 1226 Patres
3422 1176 3736 1239 orthodoxi,

2170 1274 2394 1329 quorum
2417 1273 2576 1328 super
2603 1258 2705 1314 hac
2731 1275 2788 1313 re
2825 1275 2920 1330 par
2959 1277 3147 1316 sensus
3171 1273 3223 1316 et
3251 1264 3439 1318 similis
3465 1267 3739 1332 sententia

2171 1360 2253 1421 est
2273 1390 2286 1411 ,
2332 1348 2703 1403 allii-uiantium
2731 1365 2970 1404 normam
3002 1351 3259 1420 regularis
3302 1352 3599 1422 disciplima
3621 1353 3739 1409 Deo

2171 1448 2388 1492 auctore
2416 1454 2512 1507 per
2548 1437 2889 1506 apostolicam
2920 1439 3216 1493 doctrinam
3240 1440 3543 1495 institutam
3572 1450 3739 1510 atque

2168 1526 2440 1580 fundatam
2469 1539 2606 1580 esse.
2641 1525 2744 1579 Sed
2771 1526 2893 1594 quia
2922 1526 3042 1581 libri
3084 1544 3384 1584 mensuram
3425 1531 3735 1594 excederet,

2169 1619 2212 1673 si
2235 1633 2418 1672 eorum
2446 1615 2674 1687 plurima
2710 1615 2848 1671 dicta
2879 1617 2931 1670 in
2965 1617 3066 1672 lioc
3094 1620 3407 1688 opusculum
3439 1620 3598 1675 velim
3649 1637 3736 1676 co-

2168 1722 2440 1774 acervare,
2457 1707 2724 1764 sufficiant
2740 1707 2853 1762 inec
2873 1696 3052 1762 sobrio
3073 1708 3256 1764 lectori
3279 1726 3396 1779 quze
3414 1712 3557 1765 dicta
3580 1722 3728 1765 sunt.

501 1815 589 1859 l'lO
618 1805 799 1859 furore
828 1820 930 1858 non
962 1818 1194 1866 movear,
1229 1811 1287 1855 ut
1321 1812 1406 1856 tua
1446 1801 1582 1856 bella
1616 1817 1718 1854 non
1748 1801 1946 1868 patiar,
1997 1814 2064 1852 ne
2097 1793 2136 1850 Β
2165 1803 2447 1866 ueterum,
2477 1803 2566 1872 qui
2593 1801 2748 1870 plura
2793 1815 2857 1855 ac
2877 1799 3087 1868 majora
3121 1803 3414 1870 quaesierit,
3453 1812 3508 1858 et
3538 1814 3728 1859 nostra

498 1911 581 1949 mc
611 1896 789 1965 capiat
812 1894 996 1950 oculus
1033 1893 1333 1948 meretricis
1355 1934 1368 1956 ,
1408 1907 1471 1944 ne
1503 1890 1674 1945 forma
1706 1889 2058 1959 pulcherrima

496 1987 560 2038 ,ιςι
588 1985 800 2039 illicitos
826 1985 985 2038 ducat
1032 1982 1325 2052 amplexus.
1374 1981 1772 2049 Respondebis:
1818 1977 2057 2038 Hocnon

2161 1894 2362 1962 scripta
2410 1891 2623 1947 fastidio
2659 1892 2893 1956 duxerit,
2946 1891 3084 1962 legat
3122 1892 3507 1949 catholicorum
3538 1895 3729 1951 docto-

2163 1998 2293 2037 rum'
2331 1981 2640 2052 multiplicia
2689 1978 2979 2044 volumina,
3014 1991 3090 2045 et,
3133 1990 3192 2034 ut
3240 1983 3421 2047 credo,
3475 2001 3506 2038 a
3540 1994 3727 2040 nostro

496 2084 578 2130 est
617 2089 892 2147 pugnare,
938 2074 1030 2128 sed
1062 2071 1281 2140 fugere;
1337 2078 1416 2124 sta
1463 2070 1514 2123 in
1556 2070 1708 2124 acie:
1754 2067 2060 2122 adversario
2159 2074 2406 2143 [inescati
2440 2074 2542 2127 hoc
2572 2072 2831 2142 opusculo
2880 2088 3064 2128 eorum
3115 2086 3332 2128 sensum
3363 2059 3470 2129 non
3515 2075 3730 2132 discre-

495 2173 730 2220 armatus
754 2164 971 2228 obsiste,
1004 2171 1062 2217 ut
1084 2171 1363 2232 postquam
1392 2160 1605 2223 viceris,
1629 2157 1924 2214 coroneris.
1957 2155 2058 2209 Fao

495 2265 607 2309 teor
627 2253 1042 2309 imbecillitatem
1077 2268 1249 2307 meam
1284 2271 1296 2304 :
1339 2251 1460 2307 nolo
1489 2265 1581 2319 spe
1623 2264 1851 2319 pugnam
1895 2249 2061 2301 victo-

495 2346 606 2409 rias,
643 2357 711 2397 ne
739 2341 957 2413 perdam
978 2342 1136 2396 aliam
1167 2343 1445 2398 victoriam
1472 2359 1486 2408 ;
1520 2343 1563 2395 si
1590 2340 1795 2411 fugero,
1827 2338 2057 2411 gladium

2159 2179 2287 2233 pare
2314 2162 2533 2217 videbit.

2812 2252 3037 2322 Explicit
3047 2295 3061 2312 ,

1065 2603 1630 2712 nam:
1704 2562 2434 2710 unum:
2506 2598 3126 2709 unum

1203 2807 1584 2867 FULDENSIS
1621 2807 1908 2864 ABBATIS
1948 2807 2034 2863 ET
2074 2807 2452 2864 MOGUNTINI
2488 2805 3000 2864 ARCHIEPISCOPI

595 2989 2368 3149 COMMENTARIORUM
2477 2992 2675 3141 IN
2773 2986 3618 3142 GENESIM

1534 3257 1743 3319 LIBRI
1796 3234 2196 3330 QUATL'OR.
2237 3257 2476 3337 (ANNO
2509 3259 2670 3338 819.)

1387 3493 1840 3550 FRECULPIIL’S
1879 3493 2248 3551 EPISCOPUS
2288 3494 2528 3552 MAURO
2561 3496 2821 3550 ABBATI.

560 3719 908 3772 Fascucruus
953 3715 1324 3782 episcoporum
1353 3713 1590 3776 infimus,
1624 3713 1912 3767 venerabili
1946 3713 2042 3767 ah-
2078 3715 2123 3776 C
2159 3715 2592 3785 compendiosum
2641 3717 3118 3789 tieri‘flagitamns,
3166 3729 3224 3773 ut
3258 3721 3487 3790 primum
3529 3736 3728 3777 sensus

493 3807 601 3861 liati
637 3805 829 3859 Manno
862 3812 916 3858 et
946 3801 1336 3867 consacerdoti,
1386 3801 1439 3855 in
1487 3800 1701 3856 Christo
1752 3801 1846 3855 Dei
1897 3799 2050 3867 Filio,

495 3898 741 3953 salutem.

497 3999 501 4002 λ
565 3987 745 4053 Novit,
784 3986 859 4040 mi
898 3985 1260 4050 dilectissime,
1291 3992 1397 4039 tute
1425 3984 1711 4039 cbaritatis
1740 3983 2056 4040 benevolen-

495 4081 567 4132 tia
600 4079 652 4131 in
677 4077 902 4132 occiduo
942 4076 1123 4129 littore
1158 4074 1378 4139 Oceani,
1411 4074 1655 4144 quamvis
1678 4073 1836 4128 nullis
1863 4073 2054 4128 suffra-

495 4169 742 4238 gantibus
777 4166 1005 4229 meritis,
1038 4164 1358 4234 pastoralem
1389 4179 1474 4218 me
1501 4163 1803 4232 suscepisse
1828 4177 2012 4218 curam
2037 4176 2054 4215 :

499 4259 588 4312 ubi
617 4257 869 4328 populum
904 4255 1100 4309 famem
1135 4268 1352 4324 passum
1391 4251 1538 4306 verbi
1583 4252 1833 4307 salutaris
1859 4253 2054 4322 reperi,

501 4351 594 4406 sed
641 4350 860 4403 minime
902 4362 1052 4402 suam
1094 4345 1414 4401 sentientem
1463 4343 1713 4406 inediam.
1758 4343 1872 4398 Non
1913 4342 2057 4397 enim

503 4438 809 4508 spirituales
860 4435 1144 4492 esuriendo
1196 4433 1530 4489 desiderabat
1581 4435 1775 4503 dapes,
1827 4447 2056 4503 quarum

495 4531 776 4586 suavitatis
805 4540 1016 4600 gustum
1047 4528 1270 4582 necdum
1301 4533 1552 4595 expertus
1577 4534 1731 4589 erat;
1763 4539 1922 4596 quem
1949 4525 2058 4592 pri-

501 4634 647 4674 mum
678 4619 815 4673 lacte
842 4617 1108 4680 alendum,
1144 4632 1245 4670 non
1285 4615 1453 4670 solido
1483 4616 1664 4670 censui
1695 4614 1835 4668 cibo.
1868 4614 2053 4683 Igitur,

499 4719 769 4765 annuente
823 4709 1068 4772 Domino,
1119 4722 1294 4761 escam
1316 4706 1426 4775 jam
1456 4707 1698 4762 ambiunt
1724 4708 2055 4777 contingere,

501 4811 554 4857 et
587 4801 830 4871 quamvis
879 4799 1053 4854 adhuc
1093 4797 1319 4868 parvuli,
1368 4813 1558 4867 panem
1598 4797 1698 4852 sibi
1736 4797 1848 4852 dari
1888 4795 2054 4866 depo-

504 4903 699 4948 scunt:
733 4893 824 4947 sed
866 4899 925 4945 ut
954 4892 1032 4945 eis
1079 4888 1377 4959 frangatur,
1422 4898 1477 4942 et
1518 4891 1570 4944 in
1615 4890 1817 4944 viscera
1867 4902 2054 4947 eorum

503 4983 791 5037 salubriter
823 4981 1120 5051 trajiciatur
1146 4980 1348 5048 absque
1394 4979 1705 5034 discrimine
1747 4979 2051 5050 strangula-

2157 3805 2348 3861 litterze
2395 3821 2460 3860 ac
2499 3806 2689 3861 deinde
2728 3806 3021 3876 spiritualis
3064 3808 3428 3878 intelligentia:
3469 3821 3730 3866 accurate

2158 3895 2364 3950 succisa
2399 3895 2704 3964 prolixitate
2729 3895 2992 3966 pandatur
3018 3915 3030 3949 :
3056 3907 3108 3951 ct
3137 3898 3464 3968 singulorum
3503 3901 3727 3953 nomina

2157 3995 2438 4042 auctorum
2485 3988 2537 4042 in
2587 3987 2761 4042 fronte
2808 3995 3060 4042 notentur
3109 3987 3359 4057 pagellze,
3408 4004 3474 4043 ex
3523 3990 3725 4057 quibus

2157 4089 2446 4150 praesentes
2490 4080 2865 4150 decerpseritis
2906 4080 3220 4134 sententias.
3265 4079 3488 4148 insuper
3525 4095 3720 4148 prcca-

2157 4186 2278 4224 mur
2305 4171 2499 4225 obnixe
2528 4179 2586 4224 ut
2607 4170 2862 4239 quidquid
2894 4169 3126 4240 Spiritus
3157 4177 3395 4239 sanctus,
3421 4171 3509 4240 qui
3540 4170 3724 4240 loque-

2157 4262 2317 4316 batur
2343 4261 2470 4315 olim
2517 4260 2570 4314 in
2611 4261 2744 4315 viris
2785 4259 2895 4314 Deo
2941 4259 3158 4324 deditis,
3188 4268 3241 4313 et
3269 4260 3443 4314 adhuc
3481 4260 3723 4328 loquitur

2157 4363 2211 4408 et
2244 4351 2510 4423 loquetur,
2543 4360 2724 4406 vestro
2752 4349 3011 4405 benevolo
3051 4357 3107 4403 et
3147 4349 3336 4403 devoto
3373 4350 3724 4417 inspiravcrit

2157 4444 2368 4508 animo,
2420 4443 2518 4497 sub
2559 4441 2702 4497 nullo
2743 4441 3012 4496 reticeatis
3058 4441 3270 4495 silentio
3297 4459 3308 4492 :
3335 4439 3426 4494 sed
3479 4440 3718 4493 litteram

2156 4531 2499 4601 praenominis
2544 4532 2706 4586 vestri
2747 4532 2977 4600 primam
3030 4545 3271 4584 seorsum
3323 4530 3610 4592 adnotetis,
3659 4539 3724 4582 ut

2157 4620 2478 4676 eminentius
2505 4620 2666 4675 etiam
2698 4620 2762 4674 de
2788 4619 3005 4688 proprio
3044 4618 3274 4687 gaudere
3311 4617 3586 4672 valeamus
3621 4633 3717 4686 pa-

2157 4714 2292 4767 riter
2319 4712 2477 4767 don’o.
2512 4711 2606 4766 His
2635 4726 2845 4781 quoque
2871 4709 3181 4781 pradibatis,
3214 4720 3274 4762 ut
3302 4708 3561 4762 fuerimus
3579 4708 3717 4762 odo-

2156 4804 2305 4859 ribus
2345 4804 2578 4873 respersi
2613 4802 2943 4872 dapibusque
2983 4799 3191 4864 refecti,
3228 4807 3465 4853 vertetur
3493 4812 3722 4852 occasus

2158 4901 2340 4947 noster
2381 4892 2435 4946 in
2470 4892 2769 4945 orientem:
2801 4890 2862 4944 et
2899 4890 3046 4960 regio
3088 4889 3335 4957 contigua
3375 4887 3460 4941 axi
3492 4887 3723 4941 occiduo

2160 4981 2250 5035 ﬁet
2263 4980 2462 5045 Iudaea,
2481 4981 2758 5049 nostrique
2771 4979 3046 5034 Britonum
3071 4979 3227 5031 vicini
3259 4989 3415 5032 erunt
3437 4977 3716 5031 Israelita.

507 5076 686 5138 tionis,
723 5083 900 5127 vestro
940 5075 1236 5144 indigemus
1275 5073 1486 5136 solatio,
1530 5073 1760 5126 maxime
1789 5081 1964 5127 autem
2000 5075 2052 5126 in
2081 5059 2132 5118 D
2159 5073 2300 5142 Ergo
2337 5072 2382 5126 si
2419 5072 2624 5140 aliquas
2665 5071 3028 5125 excusationis
3067 5069 3396 5138 praetendere
3428 5068 3722 5122 tentaveris

506 5165 888 5220 Pentateucho.
926 5162 1022 5227 Qui
1053 5163 1256 5217 scilicet
1284 5162 1600 5233 legislatoris
1631 5162 1755 5216 libri
1785 5162 2060 5216 humiliter

503 5255 837 5323 deposcimus
867 5262 924 5305 ut
954 5252 1024 5304 ita
1046 5261 1221 5305 vestro
1250 5251 1520 5306 succincte
1546 5251 1902 5306 dilucidentur
1947 5260 2060 5305 stn-

504 5350 623 5408 dio.
663 5365 723 5402 ut
769 5347 1004 5416 priorum
1045 5344 1426 5413 perscrutando
1469 5342 1760 5398 conferatis
1807 5351 2061 5397 tractato-

502 5451 616 5489 rum
645 5436 883 5498 labores;
919 5443 971 5486 et
997 5432 1141 5485 velut
1170 5446 1230 5484 ex
1257 5431 1423 5499 pratis
1441 5431 1789 5485 vernantibus
1817 5431 2062 5484 amoenis—

503 5540 605 5592 que
635 5523 791 5576 flores
827 5522 1102 5577 mellilluos
1128 5520 1411 5588 carpendo,
1441 5535 1596 5589 apum
1627 5535 1774 5574 more
1805 5521 1855 5573 in
1885 5520 2062 5574 alvea-

507 5630 652 5665 reum
707 5623 1004 5682 congcstos,
1045 5613 1197 5682 nobis
1238 5610 1411 5664 favum
1451 5594 1570 5665 cum
1612 5611 1766 5666 melle
1795 5612 2062 5666 odorifero

501 5703 770 5770 porrigere
796 5718 896 5755 non
923 5701 1215 5771 negligatis.
1244 5699 1381 5769 Ergo
1413 5701 1588 5771 itaque
1616 5702 1770 5756 modo
1795 5716 1924 5770 opus
1953 5702 2049 5756 hoc

2155 5163 2486 5227 occasiones,
2520 5177 2586 5215 ne
2618 5169 2776 5214 tanta:
2805 5160 2960 5214 molis
2993 5174 3124 5229 opus
3155 5158 3488 5228 ingentisque
3517 5156 3722 5211 laboris

2158 5253 2370 5316 subeas,
2418 5261 2471 5306 et
2515 5253 2832 5321 respondere
2865 5253 3010 5306 nisus
3046 5251 3211 5304 fueris
3233 5265 3332 5304 cur
3361 5265 3463 5303 non
3494 5251 3722 5319 proprio

2157 5343 2351 5396 sudore
2381 5357 2473 5397 eos
2509 5342 2731 5411 legendo
2765 5341 3030 5410 perlustro
3076 5340 3239 5394 libros
3273 5356 3336 5394 ex
3372 5341 3566 5408 quibus
3604 5341 3721 5393 lucc

2160 5432 2274 5486 fieri
2315 5431 2529 5494 mando,
2560 5441 2614 5484 et
2643 5447 2865 5500 qumque
2908 5431 3157 5484 libuerint
3194 5430 3530 5498 decerpcndo
3571 5429 3723 5483 colli-

2159 5538 2301 5590 gam,
2331 5521 2395 5575 ad
2429 5523 2542 5575 haec
2571 5529 2764 5575 vestra:
2809 5520 3090 5597 charitatis
3129 5520 3402 5590 vigilantia
3447 5519 3722 5578 intendat,

2167 5611 2417 5680 quoniam
2469 5611 2608 5664 nulla
2653 5611 2803 5665 nobis
2845 5609 3102 5664 librorum
3129 5610 3282 5680 copia
3312 5617 3370 5661 ut
3396 5608 3512 5662 bare
3543 5607 3726 5659 facere.

2158 5700 2440 5769 possimus,
2476 5702 2792 5769 suppeditat,
2824 5701 3030 5753 etiamsi
3058 5699 3292 5768 parvitas
3318 5697 3492 5751 obtusi
3525 5712 3729 5752 sensus
