3968 6322
305 293 402 350 ιιι

1524 283 1874 340 COMMENT.
1915 281 1980 336 1N
2019 281 2365 340 GENESIM.’

3432 279 3537 334 ΗΞ

309 405 478 462 nostri
524 404 749 473 vigeret,
793 403 915 455 dum
959 399 1010 453 in
1055 397 1326 468 episeopio
1375 405 1572 450 nostrae
1618 394 1869 464 parvitati
1899 400 1946 456 Α
1974 396 2083 451 cies
2111 405 2358 451 teruntur
2392 397 2672 461 mortario,
2701 404 3006 466 coquuntur
3045 396 3186 463 igne,
3228 395 3410 464 sicque
3454 410 3535 449 se-

307 496 594 552 commisso
622 508 717 548 nec
747 495 888 563 ipsos
919 491 1049 546 Novi
1080 490 1394 557 Veterisque
1424 487 1752 541 Testamenti
1781 501 1887 565 ca-l

307 589 529 642 nonieos
568 586 741 654 reperi
779 585 966 648 libros,
1010 582 1177 637 multo
1217 581 1391 634 minus
1427 581 1618 632 horum
1659 577 1871 646 exposi-

307 677 512 741 tiones;
562 690 661 730 nec
707 674 868 729 etiam
919 673 1022 726 hoc
1066 680 1301 724 vestram
1350 669 1688 738 prudentiam
1743 667 1871 720 latet

306 765 448 834 quod
476 764 642 819 multo
671 764 888 819 suavius
913 763 980 818 ab
1008 761 1276 816 esuriente
1316 760 1405 812 hic
1443 759 1674 811 sumitur
1715 757 1869 812 cibus

307 856 396 923 qui
423 870 542 908 cum
575 852 863 923 fragrantia
888 850 1249 923 pretiosorum
1278 847 1690 918 pigmentorum,
1734 850 1868 897 tem‘-

305 921 434 1012 pore
473 921 901 1011 opportuno,.ab
941 921 1551 1008 aliquo'rationabiliter
1573 941 1655 988 est
1681 932 1866 987 condi-

306 1041 411 1094 tus,
442 1047 602 1100 quam
633 1029 721 1084 ille
748 1030 839 1100 qui
862 1029 1017 1084 inerti
1040 1027 1311 1095 colligitur
1335 1026 1518 1080 labore
1540 1043 1551 1077 :
1577 1033 1630 1079 et
1654 1023 1866 1092 quando

296 1115 410 1186 iam
441 1125 572 1179 hora
600 1124 845 1179 vescendi
891 1130 994 1187 est,
1037 1129 1148 1174 tum
1195 1121 1424 1189 primum
1474 1119 1696 1174 diversae
1747 1131 1867 1184 spe-

1974 487 2214 541 micoctre
2237 487 2483 543 famelico
2508 488 2668 541 anxio
2694 495 3027 556 apponantur
3059 505 3070 538 :
3105 500 3326 555 qumque
3350 487 3537 539 innua—

1974 584 2093 630 ture
2129 585 2254 631 sunt
2290 585 2555 631 consect'e
2591 591 2695 630 non
2727 586 2933 645 gramm
2963 591 3207 646 saporem
3235 576 3532 644 percipien-

1973 665 2115 720 tibus
2177 676 2451 736 praestant.
2507 667 2848 736 Quapropter
2880 682 2946 746 ea
2974 683 3091 736 qua:
3136 683 3252 720 mea
3297 668 3534 734 par-vitas

1972 766 2165 813 vestrae
2207 760 2433 829 iniungit
2474 760 2815 825 fraternitati,
2846 761 2937 830 qui
2966 761 3213 814 fiduciam
3235 762 3299 815 de
3330 771 3416 815 tua
3448 762 3529 813 di-

1948 847 2201 904 lectione
2245 851 2401 905 simul
2440 860 2493 905 et
2538 852 2838 907 obedientia
2884 851 3073 916 habeo,
3114 863 3172 907 ut
3214 855 3363 907 ocius
3402 854 3532 906 tanti

1974 940 2150 1010 operis
2190 941 2422 994 studium
2463 942 2738 1005 adhibeas,
2776 942 3092 998 fiducialitcr
3122 944 3340 1012 impero.
3372 944 3531 1007 Bene,

1976 1030 2162 1096 frater,
2190 1032 2388 1096 valeas,
2414 1032 2691 1100 nostrique
2722 1035 2933 1089 assidue
2971 1050 3175 1088 memor
3205 1034 3318 1087 fias.

1815 1251 2164 1266 ﬂ

1456 1335 1818 1395 RABANUS
1868 1331 2362 1396 FRECULPHO.

375 1607 846 1666 Reverendissimo.
880 1597 1040 1677 auiae
1077 1606 1419 1661 sanctissimo
1458 1604 1604 1660 Patri
1631 1605 1863 1661 FRECUL-
1891 1608 1937 1667 B
1967 1613 2111 1660 trum
2142 1605 2428 1660 traditione
2452 1604 2692 1670 haberet,
2721 1613 2777 1660 et
2802 1618 2920 1680 qua:
2945 1615 3008 1657 ex
3037 1602 3300 1673 parvitate
3327 1612 3532 1669 nostra,
3603 1641 3606 1654 .

294 1715 423 1766 ruo,
456 1700 552 1757 Dei
573 1699 714 1756 dono
740 1700 1013 1770 episcopo,
1037 1698 1284 1753 RABANUS
1305 1705 1554 1768 peccator
1578 1698 1630 1750 in
1653 1696 1867 1752 Christo

301 1792 551 1846 salutem.
1028 1783 1032 1785 ’

371 1880 684 1950 Magnorum
723 1879 960 1934 virorum
1005 1890 1264 1933 conamen
1312 1875 1607 1946 antiquitus
1647 1872 1767 1937 fuit,
1805 1881 1865 1927 ut

304 1971 530 2025 invicem
577 1968 889 2034 scribendo,
928 1984 1021 2022 sua
1051 1973 1405 2037 provocarent
1428 1965 1603 2021 studia
1634 1977 1688 2017 et
1711 1979 1867 2019 exer-

301 2068 489 2114 cerent
518 2059 751 2129 ingenia.
777 2058 926 2126 Quod
968 2057 1094 2114 licet
1128 2071 1312 2112 eorum
1343 2055 1584 2126 exemplo
1612 2054 1868 2109 moderno

303 2161 548 2220 tempore
593 2164 754 2221 agere
801 2149 1121 2213 decreveris,
1168 2156 1343 2202 tamen
1372 2146 1650 2201 mirandus
1680 2145 1732 2198 in
1768 2145 1869 2198 hoc

302 2255 363 2296 es
391 2241 533 2311 quod
563 2241 969 2296 convenientem
996 2253 1280 2308 personam
1326 2225 1392 2291 ad
1432 2237 1569 2305 istud
1607 2250 1866 2291 conamen

209 2399 215 2402 ν
305 2347 412 2388 non
436 2331 749 2401 quaesieris:
779 2344 898 2384 cum
932 2337 1037 2382 tam
1067 2328 1225 2382 vilem
1264 2335 1425 2396 atque
1473 2325 1759 2380 inhabilem
1801 2324 1867 2378 ad

306 2423 410 2477 hoc
457 2419 689 2475 officium
740 2419 1008 2473 hominem
1065 2416 1310 2487 elegeris,
1355 2416 1440 2471 cui
1484 2431 1584 2470 nec
1629 2413 1868 2469 scientia:

306 2528 456 2582 opes,
479 2526 577 2566 nec
600 2510 914 2580 eloquentiae
934 2509 1159 2564 facultas
1184 2509 1326 2563 vires
1350 2508 1617 2562 tribuunt:
1637 2507 1870 2562 maxime

307 2618 431 2657 cum
455 2602 508 2656 in
536 2603 748 2657 deserto
789 2599 951 2654 rurali
995 2613 1158 2669 opere
1205 2599 1376 2669 magis
1424 2597 1700 2653 institutus
1743 2597 1865 2660 sim,

309 2691 511 2746 victum
541 2690 772 2762 propriis
805 2690 1051 2746 manibus
1079 2704 1340 2759 quaerere,
1370 2688 1528 2758 quam
1560 2688 1763 2742 urbana
1789 2686 1866 2741 fa-

308 2778 690 2834 eundia'libros
717 2779 965 2834 condere.
1021 2778 1295 2848 lnjunxisti
1340 2778 1483 2833 enim
1531 2777 1662 2831 mihi
1709 2792 1868 2848 nego-

309 2869 444 2923 tium
471 2868 610 2923 ultra
636 2869 888 2924 virtutem
911 2884 1082 2924 meam
1110 2887 1122 2922 :
1155 2876 1208 2922 ut
1232 2867 1655 2922 Pentateuchum
1674 2865 1864 2938 Moysi,

1969 1695 2096 1752 licet
2138 1711 2384 1752 sermone
2427 1697 2651 1759 rustico,
2690 1704 2889 1760 tamen,
2937 1705 2995 1749 ut
3039 1697 3216 1758 credo,
3257 1712 3412 1750 sensu
3440 1713 3534 1752 cas

1971 1785 2170 1840 tliolieo
2193 1787 2433 1857 exposita
2463 1785 2745 1841 inveniret.
2775 1784 2948 1849 Unde,
2979 1784 3142 1839 frater
3172 1786 3533 1850 sanctissime,

1968 1878 2166 1934 obnixe
2199 1866 2457 1951 deprecor
2493 1886 2553 1931 ut
2595 1892 2730 1945 opus
2754 1876 2895 1945 quod
2923 1876 3086 1928 nimia
3118 1875 3475 1947 postulatione
3505 1895 3531 1923 τι

1970 1985 2056 2025 me
2084 1968 2382 2032 extorsisti,
2407 1970 2493 2038 pia
2524 1968 2820 2022 intentione
2849 1965 3072 2035 relegas,
3101 1967 3381 2036 diligenter
3409 1982 3470 2021 ex

1969 2061 2140 2114 mines
2169 2079 2180 2112 :
2211 2068 2265 2113 et
2311 2059 2481 2114 sicubi
2519 2058 2856 2114 correctione
2890 2072 3024 2127 opus
3059 2057 3148 2122 sit,
3181 2055 3421 2112 fraterno
3450 2057 3531 2110 af-

1971 2135 2109 2202 fectu
2142 2149 2243 2202 hoc
2270 2149 2401 2202 mihi
2442 2148 2691 2202 intimare
2723 2163 2830 2202 non
2859 2147 3058 2212 tardes,
3103 2155 3160 2200 ut
3205 2162 3268 2202 ea
3315 2161 3435 2216 qum
3477 2148 3530 2201 in

1970 2240 2132 2294 variis
2170 2241 2610 2311 occupationibus
2648 2241 2895 2294 detentus
2924 2239 3146 2295 forsitan
3178 2240 3387 2294 incaute
3409 2254 3532 2307 pro-

1969 2330 2085 2395 tuli,
2111 2340 2200 2385 tua
2227 2330 2589 2385 admonitione
2614 2337 2931 2395 conventus,
2961 2330 3229 2401 corrigere
3256 2328 3530 2383 studeam:

1969 2427 2027 2473 ut
2055 2427 2109 2472 et
2136 2419 2226 2488 qui
2257 2421 2515 2485 seminat,
2548 2420 2704 2474 simul
2735 2421 2983 2490 gaudeat,
3021 2427 3074 2474 et
3102 2420 3192 2488 qui
3222 2419 3391 2482 metit,
3424 2419 3533 2473 fru-

1968 2515 2218 2579 ctumque
2273 2510 2476 2578 pariter
2543 2519 2866 2581 congregent
2924 2511 3326 2579 sempiternum.
3392 2508 3533 2578 Lege

1966 2609 2096 2666 ergo
2119 2605 2360 2653 veterum
2389 2597 2570 2663 libros,
2606 2608 2659 2655 et
2689 2599 2820 2671 legis
2843 2599 2939 2655 Dei
2961 2600 3209 2654 intentus
3247 2600 3531 2653 meditator

1966 2686 2159 2752 existe,
2186 2687 2543 2757 doctorisque,
2568 2689 2708 2744 sicut
2731 2690 2826 2744 tibi
2859 2689 3152 2757 iniunctum
3168 2697 3269 2753 est,
3293 2688 3533 2742 ministe-

1969 2777 2108 2831 rium
2144 2785 2361 2833 strenue
2391 2794 2606 2848 perage.
2633 2779 2699 2833 Et
2719 2779 2954 2849 primum
2987 2794 3051 2834 ex
3079 2779 3213 2832 libro
3242 2777 3528 2840 Geneseos,

1970 2883 2067 2938 per
2088 2861 2267 2924 rerum
2294 2869 2635 2924 invisibilium
2665 2870 2988 2924 creationem
3011 2869 3355 2923 invisibilium
3370 2869 3533 2922 medi-

308 2962 558 3032 perlectis
612 2971 921 3017 sanctorum
969 2962 1187 3016 Patrum
1244 2969 1623 3031 usquequaque
1676 2959 1866 3024 dictis,
1896 2951 1940 3014 C
1973 2961 2106 3015 teris
2119 2959 2390 3025 effectum,
2415 2976 2479 3016 ac
2493 2962 2557 3016 de
2580 2962 2826 3016 machina
2847 2959 3143 3028 corporalis
3165 2959 3345 3013 mundi
3370 2957 3528 3027 spiri-

307 3054 469 3109 simul
515 3057 730 3109 sensum
771 3053 960 3109 littera:
999 3068 1063 3108 ac
1107 3052 1399 3123 spiritualis
1423 3050 1783 3122 intelligentia:
1814 3050 1867 3103 in

309 3144 581 3200 volumine
620 3145 1039 3215 digererem:et
1073 3159 1137 3199 ea
1188 3159 1306 3213 quae
1352 3144 1418 3197 ab
1464 3142 1580 3196 aliis
1627 3141 1867 3210 exposita

308 3249 418 3289 non
464 3235 757 3290 invenirem
807 3235 1026 3306 proprio
1071 3233 1251 3291 labore
1288 3233 1570 3289 enucleare
1600 3248 1865 3288 curarem.

309 3327 511 3381 Verum
539 3329 654 3382 bare
672 3335 928 3398 quantum
965 3340 1136 3381 meam
1172 3324 1583 3396 possibilitatem
1610 3325 1872 3379 excedant

311 3423 374 3468 tu
403 3416 590 3471 melius
617 3417 777 3482 nosti,
809 3431 927 3470 cum
957 3415 1010 3470 in
1038 3413 1346 3469 difficillimo
1380 3413 1496 3468 loco
1526 3428 1868 3476 conversans,

312 3516 534 3578 propter
578 3524 763 3563 curam
813 3507 989 3578 gregis
1028 3506 1308 3571 Dominici,
1362 3519 1430 3559 ne
1476 3504 1536 3559 ei~
1569 3503 1870 3558 necessaria

310 3600 488 3654 desint
515 3608 718 3652 tantum
745 3609 1032 3667 occupatus
1078 3597 1200 3660 sim,
1250 3603 1310 3648 ut
1348 3610 1447 3649 nec
1483 3593 1708 3649 aliorum
1731 3593 1870 3649 dicta

311 3688 609 3758 perlegere,
641 3703 740 3741 nec
767 3687 981 3756 propria
1025 3686 1333 3755 excogitare
1374 3684 1548 3738 liceat.
1597 3683 1702 3739 Sed
1747 3685 1870 3753 quia

312 3786 420 3831 tuae
445 3778 689 3832 charitati
721 3778 916 3846 aliquid
945 3778 1207 3846 denegare
1238 3790 1342 3830 non
1369 3776 1556 3840 audeo,
1585 3789 1683 3829 nec
1709 3776 1870 3828 etiam

310 3877 422 3922 tua:
470 3869 735 3922 sanctitati
785 3867 1095 3923 inobediens
1135 3882 1253 3922 esse
1292 3867 1470 3931 velim,
1515 3867 1715 3922 arctius
1746 3867 1871 3921 huic

311 3975 404 4014 me
432 3960 576 4028 operi
609 3959 928 4027 mancipavi,
974 3967 1032 4012 ut
1066 3966 1322 4027 quantum
1366 3958 1617 4021 valerem,
1655 3967 1758 4011 tuae
1787 3971 1868 4010 sa-

309 4047 616 4101 tisfaccrem
649 4047 929 4111 voluntati,
965 4064 1067 4100 non
1104 4048 1246 4117 quod
1277 4048 1427 4112 mihi,
1461 4049 1550 4102 sed
1584 4048 1732 4116 quod
1751 4047 1870 4102 aliis

309 4136 446 4191 utile
481 4138 567 4200 sit,
599 4138 966 4191 considerans.
997 4137 1118 4190 Feci
1146 4129 1296 4190 enim
1320 4138 1456 4190 sicut
1480 4137 1782 4206 postulasti,
1816 4145 1870 4190 et

308 4237 619 4298 sanctorum
659 4227 876 4281 Patrum
923 4228 1110 4292 libros,
1158 4228 1210 4281 in
1253 4228 1444 4296 quibus
1480 4229 1636 4282 rebar
1673 4227 1870 4296 aliquid

308 4318 382 4371 de
407 4317 681 4371 sententiis
724 4317 856 4385 legis
896 4333 1207 4386 expressum
1247 4331 1385 4381 esse,
1433 4310 1688 4384 quantum
1720 4316 1870 4371 licuit
1895 4298 1946 4355 Π

305 4409 514 4479 perlegi
545 4430 557 4460 :
588 4417 642 4462 et
681 4409 884 4479 singula
922 4411 1210 4464 secundum
1255 4410 1700 4478 opportunitatem
1742 4409 1865 4474 loci,

305 4508 476 4569 prout
537 4498 666 4552 mihi
709 4501 839 4554 satis
889 4515 1007 4554 esse
1059 4501 1369 4564 videbatur,
1425 4500 1644 4563 inserui,
1681 4515 1864 4554 eorum

305 4589 619 4644 nominibus
679 4598 802 4644 ante
860 4591 910 4643 in
973 4591 1164 4661 pagina
1222 4590 1671 4664 praenotatis.VSi
1739 4590 1864 4658 quid

305 4695 441 4735 vero
471 4680 641 4751 gratia
685 4681 861 4735 divina
915 4682 1130 4750 indigno
1177 4682 1306 4736 mihi
1347 4682 1612 4737 elucidare
1651 4682 1865 4751 dignata

303 4779 412 4835 est,
453 4772 508 4826 iu
554 4770 684 4826 locis
732 4773 1047 4827 necessariis
1074 4773 1230 4828 simul
1265 4789 1384 4827 cum
1413 4782 1534 4826 nota
1570 4773 1868 4842 agnominis

299 4863 412 4919 mei
465 4861 781 4934 interposui,
829 4872 1091 4933 quatenus
1134 4864 1293 4919 sciret
1337 4863 1506 4919 lector
1537 4878 1654 4933 quae
1678 4878 1743 4918 ex
1767 4863 1870 4918 Pa.

1971 3051 2166 3107 tualem
2207 3052 2429 3122 exquire
2475 3051 2913 3122 intelligentiam;
2967 3050 3150 3119 sicque
3199 3049 3389 3102 deinde
3439 3062 3532 3114 per

1970 3140 2190 3196 Patrum
2248 3144 2556 3197 historicam
2618 3143 3020 3214 generationem
3089 3147 3288 3194 sanctae
3341 3137 3526 3190 Eccle-

1970 3233 2064 3287 sim
2114 3233 2394 3302 mysticam
2433 3233 2610 3287 edisce
2651 3232 3030 3288 fecunditatem
3057 3271 3072 3295 ,
3123 3229 3416 3297 moralique
3451 3227 3529 3280 iu-

1971 3322 2183 3378 tellectu
2245 3321 2571 3377 sufﬁcienter
2631 3323 2964 3387 instructus,
3050 3336 3145 3390 per
3203 3318 3529 3389 patriarcha-

1971 3428 2088 3466 rum
2120 3412 2322 3467 deloco
2362 3412 2414 3465 in
2449 3412 2622 3466 locum
2661 3411 3179 3482 transmigrationem
3216 3419 3452 3464 nostram
3477 3410 3529 3462 in

1972 3503 2074 3556 hoc
2093 3503 2291 3557 mundo
2314 3503 2592 3557 considera
2614 3503 3095 3573 peregrinationem
3115 3519 3126 3553 :
3146 3500 3338 3570 quibus
3356 3501 3529 3554 haere-

1971 3594 2111 3650 ditas
2138 3609 2242 3648 non
2267 3595 2320 3668 in
2343 3595 2617 3664 praasenti,
2641 3595 2733 3648 sed
2755 3595 2808 3647 in
2831 3592 3008 3648 futura
3042 3593 3150 3646 vita
3179 3591 3527 3661 promittitur,

1972 3684 2098 3753 quia
2121 3684 2261 3737 Deus
2286 3683 2510 3738 Deorum
2534 3670 2786 3736 videbitur
2812 3683 2865 3734 in
2893 3681 3043 3736 Sion.
3069 3680 3145 3733 De
3174 3689 3366 3734 eastern
3402 3694 3526 3748 quo-

1972 3791 2075 3845 que
2100 3777 2325 3831 obsecro
2351 3785 2409 3830 ut
2433 3774 2776 3829 commissum
2801 3773 2895 3828 tibi
2920 3788 3055 3842 opus
3087 3757 3148 3826 ea
3180 3781 3357 3825 mente
3385 3769 3526 3825 acci-

1970 3872 2086 3940 pias
2117 3887 2218 3941 qua
2248 3871 2340 3926 tibi
2373 3871 2633 3924 directum
2672 3877 2777 3934 est,
2825 3875 2881 3922 et
2916 3876 3024 3921 tam
3055 3867 3158 3922 tuis
3181 3881 3337 3936 quam
3365 3864 3525 3918 etiam

1971 3972 2180 4016 tuorum
2221 3961 2540 4015 utilitatibus
2577 3961 2748 4030 ipsum
2784 3958 3156 4012 accommodes
3189 3974 3200 4007 :
3235 3969 3333 4008 nec
3361 3954 3522 4009 etiam

1972 4054 2016 4107 si
2040 4053 2197 4106 alicui
2229 4053 2294 4106 de
2323 4050 2568 4105 amnibus
2601 4050 2706 4104 tuis
2739 4049 2865 4103 illud
2892 4047 3172 4118 placuerit,
3196 4053 3451 4115 praestare
3479 4045 3526 4098 ei

1971 4145 2220 4215 deneges,
2259 4154 2318 4198 ut
2351 4152 2452 4198 tua:
2489 4142 2788 4196 dilectionis
2809 4141 3049 4203 affectus,
3084 4154 3146 4192 ac
3175 4137 3342 4192 nostri
3373 4135 3521 4188 labo-

1972 4239 2048 4292 ris
2071 4239 2309 4303 effectus,
2340 4238 2714 4307 plurimorum,
2748 4235 2842 4288 Dei
2871 4234 2913 4288 si
2945 4231 3189 4287 voluntas
3215 4229 3304 4293 sit,
3335 4242 3526 4281 consu-

1973 4329 2046 4383 lat
2073 4328 2309 4392 utilitati,
2347 4336 2610 4396 quatenus
2638 4326 2808 4395 magis
2835 4339 2928 4394 pro
2958 4336 3191 4392 expenso
3222 4319 3421 4372 talento
3450 4315 3527 4368 lu-

1973 4436 2066 4476 cro
2104 4418 2404 4473 mercedem
2446 4416 2786 4497 accipiamus,
2839 4429 2999 4482 quam
3045 4413 3257 4466 detento
3285 4417 3444 4477 atque
3473 4406 3525 4460 in

1975 4521 2171 4567 terram
2193 4508 2422 4574 defosso,
2440 4509 2690 4562 damnum
2714 4521 2810 4574 pro
2835 4505 3092 4574 parcitate
3115 4510 3293 4555 nostra
3319 4499 3515 4554 sentia-

1973 4621 2108 4659 mus.
2125 4604 2512 4660 Beatitudinem
2536 4610 2679 4654 tuam
2695 4599 2836 4654 omni
2856 4606 3091 4667 tempore
3113 4597 3244 4649 bene
3261 4592 3522 4646 valentem

1971 4695 2148 4748 divina
2209 4693 2378 4762 gratia
2423 4689 2719 4756 custodiat,
2767 4696 2948 4742 sancte
2995 4685 3172 4748 Pater,
3229 4695 3519 4736 memorem

1971 4788 2158 4845 nostri.
