  <div class='ocr_page' id='page_1' title='image "/cluster/home/n/w/nwhite01/storage/ocr_20150623/107/uva.x000827064/227.png"; bbox 0 0 3968 6282; ppageno 0'>
   <div class='ocr_carea' id='block_1_1' title="bbox 473 297 582 357">
    <p class='ocr_par' dir='ltr' id='par_1_1' title="bbox 473 297 582 357">
     <span class='ocr_line' id='line_1_1' title="bbox 473 297 582 357; baseline 0.018 -2"><span class='ocrx_word' id='word_1_1' title='bbox 473 297 582 357; x_wconf 65' lang='grc'><strong>443</strong></span> 
     </span>
    </p>
   </div>
   <div class='ocr_carea' id='block_1_2' title="bbox 1162 296 2034 357">
    <p class='ocr_par' dir='ltr' id='par_1_2' title="bbox 1162 297 2034 356">
     <span class='ocr_line' id='line_1_2' title="bbox 1162 297 2034 356; baseline -0.002 0"><span class='ocrx_word' id='word_1_2' title='bbox 1162 304 1220 356; x_wconf 88' lang='grc' dir='ltr'><strong>Β.</strong></span> <span class='ocrx_word' id='word_1_3' title='bbox 1264 301 1516 356; x_wconf 68' lang='grc' dir='ltr'><strong>ΠᾹΒΑΝΙ</strong></span> <span class='ocrx_word' id='word_1_4' title='bbox 1555 297 1770 354; x_wconf 73' lang='lat' dir='ltr'><strong>MAURI</strong></span> <span class='ocrx_word' id='word_1_5' title='bbox 1807 297 2034 354; x_wconf 75' lang='lat' dir='ltr'><strong>AiiCllll</strong></span> 
     </span>
    </p>
   </div>
   <div class='ocr_carea' id='block_1_3' title="bbox 2132 296 3065 357">
    <p class='ocr_par' dir='ltr' id='par_1_3' title="bbox 2165 298 3065 357">
     <span class='ocr_line' id='line_1_3' title="bbox 2165 298 3065 357; baseline 0 -5"><span class='ocrx_word' id='word_1_6' title='bbox 2165 298 2470 356; x_wconf 72' lang='lat' dir='ltr'><strong>MOGUNT.</strong></span> <span class='ocrx_word' id='word_1_7' title='bbox 2509 299 2788 357; x_wconf 78' lang='lat' dir='ltr'><strong>OPERUM</strong></span> <span class='ocrx_word' id='word_1_8' title='bbox 2815 299 2989 355; x_wconf 69' lang='lat' dir='ltr'><strong>PARS</strong></span> <span class='ocrx_word' id='word_1_9' title='bbox 3027 300 3065 354; x_wconf 89' lang='grc' dir='ltr'><strong>ι.</strong></span> 
     </span>
    </p>
   </div>
   <div class='ocr_carea' id='block_1_4' title="bbox 3614 300 3717 353">
    <p class='ocr_par' dir='ltr' id='par_1_4' title="bbox 3614 300 3717 353">
     <span class='ocr_line' id='line_1_4' title="bbox 3614 300 3717 353; baseline -0.029 0"><span class='ocrx_word' id='word_1_10' title='bbox 3614 301 3646 353; x_wconf 71' lang='grc' dir='ltr'><strong><em>ι</em></strong></span> <span class='ocrx_word' id='word_1_11' title='bbox 3660 300 3717 351; x_wconf 72' lang='grc' dir='ltr'>Η</span> 
     </span>
    </p>
   </div>
   <div class='ocr_carea' id='block_1_5' title="bbox 486 437 3713 462">
    <p class='ocr_par' dir='ltr' id='par_1_5' title="bbox 667 437 3713 454">
     <span class='ocr_line' id='line_1_5' title="bbox 667 437 3713 454; baseline 0.002 -15"><span class='ocrx_word' id='word_1_12' title='bbox 667 439 670 442; x_wconf 74' lang='grc'><em>,</em></span> <span class='ocrx_word' id='word_1_13' title='bbox 2535 438 2538 442; x_wconf 92' lang='grc'>.</span> <span class='ocrx_word' id='word_1_14' title='bbox 3659 437 3713 454; x_wconf 87' lang='grc'><em>,,</em></span> 
     </span>
    </p>
   </div>
   <div class='ocr_carea' id='block_1_6' title="bbox 1897 552 2297 617">
    <p class='ocr_par' dir='ltr' id='par_1_6' title="bbox 1897 552 2297 617">
     <span class='ocr_line' id='line_1_6' title="bbox 1897 552 2297 617; baseline 0 -2"><span class='ocrx_word' id='word_1_15' title='bbox 1897 552 2297 617; x_wconf 81' lang='lat' dir='ltr'><strong>INCIPIUNT</strong></span> 
     </span>
    </p>
   </div>
   <div class='ocr_carea' id='block_1_7' title="bbox 1089 687 3082 869">
    <p class='ocr_par' dir='ltr' id='par_1_7' title="bbox 1089 687 3082 869">
     <span class='ocr_line' id='line_1_7' title="bbox 1089 687 3082 869; baseline -0.003 -13"><span class='ocrx_word' id='word_1_16' title='bbox 1089 743 2112 860; x_wconf 82' lang='lat' dir='ltr'><strong>COMMENTARIA</strong></span> <span class='ocrx_word' id='word_1_17' title='bbox 2203 744 2344 853; x_wconf 91' lang='lat' dir='ltr'><strong>IN</strong></span> <span class='ocrx_word' id='word_1_18' title='bbox 2392 741 3082 856; x_wconf 87' lang='lat' dir='ltr'><strong>GENESIM.</strong></span> 
     </span>
    </p>
   </div>
   <div class='ocr_carea' id='block_1_8' title="bbox 1728 1052 2504 1174">
    <p class='ocr_par' dir='ltr' id='par_1_8' title="bbox 1728 1052 2504 1174">
     <span class='ocr_line' id='line_1_8' title="bbox 1728 1052 2504 1174; baseline -0.005 -2"><span class='ocrx_word' id='word_1_19' title='bbox 1728 1098 2025 1172; x_wconf 79' lang='lat' dir='ltr'><strong>LIBER</strong></span> <span class='ocrx_word' id='word_1_20' title='bbox 2093 1095 2504 1174; x_wconf 64' lang='lat' dir='ltr'><strong>PRIMUS.</strong></span> 
     </span>
    </p>
   </div>
   <div class='ocr_carea' id='block_1_9' title="bbox 963 1378 1536 1438">
    <p class='ocr_par' dir='ltr' id='par_1_9' title="bbox 963 1378 1536 1438">
     <span class='ocr_line' id='line_1_9' title="bbox 963 1378 1536 1438; baseline -0.009 -1"><span class='ocrx_word' id='word_1_21' title='bbox 963 1381 1184 1438; x_wconf 70' lang='lat' dir='ltr'><strong>CAPUT</strong></span> <span class='ocrx_word' id='word_1_22' title='bbox 1249 1378 1536 1434; x_wconf 70' lang='lat' dir='ltr'><strong>PRIMUM.</strong></span> 
     </span>
    </p>
   </div>
   <div class='ocr_carea' id='block_1_10' title="bbox 869 1470 1636 1526">
    <p class='ocr_par' dir='ltr' id='par_1_10' title="bbox 869 1470 1636 1526">
     <span class='ocr_line' id='line_1_10' title="bbox 869 1470 1636 1526; baseline -0.007 0"><span class='ocrx_word' id='word_1_23' title='bbox 869 1473 944 1526; x_wconf 88' lang='lat' dir='ltr'><strong>De</strong></span> <span class='ocrx_word' id='word_1_24' title='bbox 978 1473 1234 1524; x_wconf 78' lang='lat' dir='ltr'><strong>creatione</strong></span> <span class='ocrx_word' id='word_1_25' title='bbox 1262 1470 1372 1524; x_wconf 67' lang='lat' dir='ltr'><strong>caeli</strong></span> <span class='ocrx_word' id='word_1_26' title='bbox 1396 1481 1440 1521; x_wconf 90' lang='lat' dir='ltr'><strong>ct</strong></span> <span class='ocrx_word' id='word_1_27' title='bbox 1468 1479 1636 1522; x_wconf 73' lang='lat' dir='ltr'><strong>terrm.</strong></span> 
     </span>
    </p>
   </div>
   <div class='ocr_carea' id='block_1_11' title="bbox 547 1557 2035 1638">
    <p class='ocr_par' dir='ltr' id='par_1_11' title="bbox 547 1557 2035 1638">
     <span class='ocr_line' id='line_1_11' title="bbox 547 1557 2035 1638; baseline -0.008 -15"><span class='ocrx_word' id='word_1_28' title='bbox 547 1566 697 1638; x_wconf 65' lang='lat' dir='ltr'><strong>(Em.</strong></span> <span class='ocrx_word' id='word_1_29' title='bbox 729 1563 793 1635; x_wconf 75' lang='grc' dir='ltr'><strong>Ι.)</strong></span> <span class='ocrx_word' id='word_1_30' title='bbox 819 1564 881 1618; x_wconf 81' lang='lat' dir='ltr'><strong>In</strong></span> <span class='ocrx_word' id='word_1_31' title='bbox 901 1560 1152 1632; x_wconf 80' lang='lat' dir='ltr'><strong>principio</strong></span> <span class='ocrx_word' id='word_1_32' title='bbox 1173 1560 1360 1613; x_wconf 80' lang='lat' dir='ltr'><strong>crearit</strong></span> <span class='ocrx_word' id='word_1_33' title='bbox 1386 1557 1727 1613; x_wconf 65' lang='lat' dir='ltr'><strong>Demere/um</strong></span> <span class='ocrx_word' id='word_1_34' title='bbox 1754 1569 1800 1612; x_wconf 86' lang='lat' dir='ltr'><strong>et</strong></span> <span class='ocrx_word' id='word_1_35' title='bbox 1826 1570 2035 1612; x_wconf 81' lang='lat' dir='ltr'><strong>terram.</strong></span> 
     </span>
    </p>
   </div>
   <div class='ocr_carea' id='block_1_12' title="bbox 466 1647 2042 1729">
    <p class='ocr_par' dir='ltr' id='par_1_12' title="bbox 466 1647 2042 1729">
     <span class='ocr_line' id='line_1_12' title="bbox 466 1647 2042 1729; baseline -0.007 -18"><span class='ocrx_word' id='word_1_36' title='bbox 466 1653 1122 1729; x_wconf 56' lang='lat' dir='ltr'><strong>(Betim).Plurimasuper</strong></span> <span class='ocrx_word' id='word_1_37' title='bbox 1149 1665 1326 1707; x_wconf 88' lang='lat' dir='ltr'><strong>rermn</strong></span> <span class='ocrx_word' id='word_1_38' title='bbox 1351 1649 1865 1718; x_wconf 65' lang='lat' dir='ltr'><strong>natrnraphilusophi</strong></span> <span class='ocrx_word' id='word_1_39' title='bbox 1894 1647 2042 1703; x_wconf 69' lang='lat' dir='ltr'><strong>Gne-</strong></span> 
     </span>
    </p>
   </div>
   <div class='ocr_carea' id='block_1_13' title="bbox 473 1737 2041 1833">
    <p class='ocr_par' dir='ltr' id='par_1_13' title="bbox 473 1737 2041 1833">
     <span class='ocr_line' id='line_1_13' title="bbox 473 1737 2041 1833; baseline -0.008 -31"><span class='ocrx_word' id='word_1_40' title='bbox 473 1763 660 1802; x_wconf 80' lang='lat' dir='ltr'><strong>eorum</strong></span> <span class='ocrx_word' id='word_1_41' title='bbox 702 1744 1141 1833; x_wconf 78' lang='lat' dir='ltr'><strong>disputaverunt;</strong></span> <span class='ocrx_word' id='word_1_42' title='bbox 1180 1737 1281 1792; x_wconf 80' lang='lat' dir='ltr'><strong>sed</strong></span> <span class='ocrx_word' id='word_1_43' title='bbox 1325 1739 1502 1792; x_wconf 87' lang='lat' dir='ltr'><strong>nttllus</strong></span> <span class='ocrx_word' id='word_1_44' title='bbox 1543 1739 1681 1808; x_wconf 87' lang='lat' dir='ltr'><strong>apud</strong></span> <span class='ocrx_word' id='word_1_45' title='bbox 1729 1755 1820 1811; x_wconf 81' lang='lat' dir='ltr'><strong>eos</strong></span> <span class='ocrx_word' id='word_1_46' title='bbox 1865 1753 2041 1792; x_wconf 86' lang='lat' dir='ltr'><strong>sermo</strong></span> 
     </span>
    </p>
   </div>
   <div class='ocr_carea' id='block_1_14' title="bbox 481 1828 2038 1902">
    <p class='ocr_par' dir='ltr' id='par_1_14' title="bbox 481 1828 2038 1902">
     <span class='ocr_line' id='line_1_14' title="bbox 481 1828 2038 1902; baseline -0.005 -13"><span class='ocrx_word' id='word_1_47' title='bbox 481 1837 621 1889; x_wconf 80' lang='lat' dir='ltr'><strong>fixus</strong></span> <span class='ocrx_word' id='word_1_48' title='bbox 679 1828 904 1902; x_wconf 78' lang='lat' dir='ltr'><strong>habetur</strong></span> <span class='ocrx_word' id='word_1_49' title='bbox 961 1838 1016 1884; x_wconf 91' lang='lat' dir='ltr'><strong>et</strong></span> <span class='ocrx_word' id='word_1_50' title='bbox 1081 1830 1327 1893; x_wconf 78' lang='lat' dir='ltr'><strong>stabilis,</strong></span> <span class='ocrx_word' id='word_1_51' title='bbox 1380 1828 1559 1898; x_wconf 97' lang='lat' dir='ltr'><strong>priore</strong></span> <span class='ocrx_word' id='word_1_52' title='bbox 1620 1844 1830 1896; x_wconf 78' lang='lat' dir='ltr'><strong>semper</strong></span> <span class='ocrx_word' id='word_1_53' title='bbox 1875 1844 1903 1880; x_wconf 91' lang='lat' dir='ltr'><strong>a</strong></span> <span class='ocrx_word' id='word_1_54' title='bbox 1954 1844 2038 1881; x_wconf 91' lang='lat' dir='ltr'><strong>sc-</strong></span> 
     </span>
    </p>
   </div>
   <div class='ocr_carea' id='block_1_15' title="bbox 476 1918 2041 1993">
    <p class='ocr_par' dir='ltr' id='par_1_15' title="bbox 476 1918 2041 1993">
     <span class='ocr_line' id='line_1_15' title="bbox 476 1918 2041 1993; baseline -0.004 -14"><span class='ocrx_word' id='word_1_55' title='bbox 476 1933 673 1993; x_wconf 88' lang='lat' dir='ltr'><strong>quente</strong></span> <span class='ocrx_word' id='word_1_56' title='bbox 724 1923 950 1992; x_wconf 86' lang='lat' dir='ltr'><strong>dejecto.</strong></span> <span class='ocrx_word' id='word_1_57' title='bbox 1003 1919 1311 1990; x_wconf 79' lang='lat' dir='ltr'><strong>(Ambros.)</strong></span> <span class='ocrx_word' id='word_1_58' title='bbox 1379 1918 1554 1985; x_wconf 78' lang='lat' dir='ltr'><strong>Aliqui</strong></span> <span class='ocrx_word' id='word_1_59' title='bbox 1603 1919 1744 1972; x_wconf 78' lang='lat' dir='ltr'><strong>enim</strong></span> <span class='ocrx_word' id='word_1_60' title='bbox 1800 1919 2041 1972; x_wconf 89' lang='lat' dir='ltr'><strong>homines</strong></span> 
     </span>
    </p>
   </div>
   <div class='ocr_carea' id='block_1_16' title="bbox 481 2007 2038 2082">
    <p class='ocr_par' dir='ltr' id='par_1_16' title="bbox 481 2007 2038 2082">
     <span class='ocr_line' id='line_1_16' title="bbox 481 2007 2038 2082; baseline -0.006 -15"><span class='ocrx_word' id='word_1_61' title='bbox 481 2016 581 2067; x_wconf 92' lang='lat' dir='ltr'><strong>tria</strong></span> <span class='ocrx_word' id='word_1_62' title='bbox 615 2012 877 2082; x_wconf 86' lang='lat' dir='ltr'><strong>principia</strong></span> <span class='ocrx_word' id='word_1_63' title='bbox 895 2010 1157 2072; x_wconf 88' lang='lat' dir='ltr'><strong>omnium,</strong></span> <span class='ocrx_word' id='word_1_64' title='bbox 1202 2009 1366 2062; x_wconf 88' lang='lat' dir='ltr'><strong>Deum</strong></span> <span class='ocrx_word' id='word_1_65' title='bbox 1391 2016 1444 2060; x_wconf 88' lang='lat' dir='ltr'><strong>et</strong></span> <span class='ocrx_word' id='word_1_66' title='bbox 1465 2007 1735 2075; x_wconf 75' lang='lat' dir='ltr'><strong>exemplar</strong></span> <span class='ocrx_word' id='word_1_67' title='bbox 1771 2016 1823 2059; x_wconf 87' lang='lat' dir='ltr'><strong>et</strong></span> <span class='ocrx_word' id='word_1_68' title='bbox 1869 2016 2038 2059; x_wconf 85' lang='lat' dir='ltr'><strong>mate-</strong></span> 
     </span>
    </p>
   </div>
   <div class='ocr_carea' id='block_1_17' title="bbox 475 2096 2036 2174">
    <p class='ocr_par' dir='ltr' id='par_1_17' title="bbox 475 2096 2036 2174">
     <span class='ocr_line' id='line_1_17' title="bbox 475 2096 2036 2174; baseline -0.004 -20"><span class='ocrx_word' id='word_1_69' title='bbox 475 2103 630 2174; x_wconf 79' lang='lat' dir='ltr'><strong>riam,</strong></span> <span class='ocrx_word' id='word_1_70' title='bbox 659 2099 967 2156; x_wconf 85' lang='lat' dir='ltr'><strong>sieutPlato</strong></span> <span class='ocrx_word' id='word_1_71' title='bbox 989 2096 1339 2166; x_wconf 86' lang='lat' dir='ltr'><strong>diseipulique</strong></span> <span class='ocrx_word' id='word_1_72' title='bbox 1367 2097 1513 2165; x_wconf 83' lang='lat' dir='ltr'><strong>ejus;</strong></span> <span class='ocrx_word' id='word_1_73' title='bbox 1545 2105 1600 2150; x_wconf 89' lang='lat' dir='ltr'><strong>et</strong></span> <span class='ocrx_word' id='word_1_74' title='bbox 1620 2111 1682 2150; x_wconf 88' lang='lat' dir='ltr'><strong>ea</strong></span> <span class='ocrx_word' id='word_1_75' title='bbox 1712 2097 2036 2164; x_wconf 86' lang='lat' dir='ltr'><strong>incorrupta.</strong></span> 
     </span>
    </p>
   </div>
   <div class='ocr_carea' id='block_1_18' title="bbox 473 2178 2031 2254">
    <p class='ocr_par' dir='ltr' id='par_1_18' title="bbox 473 2178 2031 2254">
     <span class='ocr_line' id='line_1_18' title="bbox 473 2178 2031 2254; baseline -0.004 -9"><span class='ocrx_word' id='word_1_76' title='bbox 473 2200 528 2246; x_wconf 87' lang='lat' dir='ltr'><strong>et</strong></span> <span class='ocrx_word' id='word_1_77' title='bbox 579 2193 812 2250; x_wconf 77' lang='lat' dir='ltr'><strong>iucreata</strong></span> <span class='ocrx_word' id='word_1_78' title='bbox 842 2231 855 2254; x_wconf 87' lang='lat'><strong>,</strong></span> <span class='ocrx_word' id='word_1_79' title='bbox 908 2197 962 2244; x_wconf 90' lang='lat' dir='ltr'><strong>et</strong></span> <span class='ocrx_word' id='word_1_80' title='bbox 1007 2189 1121 2243; x_wconf 91' lang='lat' dir='ltr'><strong>sine</strong></span> <span class='ocrx_word' id='word_1_81' title='bbox 1174 2188 1325 2243; x_wconf 90' lang='lat' dir='ltr'><strong>initio</strong></span> <span class='ocrx_word' id='word_1_82' title='bbox 1373 2201 1492 2241; x_wconf 87' lang='lat' dir='ltr'><strong>esse</strong></span> <span class='ocrx_word' id='word_1_83' title='bbox 1541 2178 2031 2240; x_wconf 81' lang='lat' dir='ltr'><strong>asseveraveruut:</strong></span> 
     </span>
    </p>
   </div>
   <div class='ocr_carea' id='block_1_19' title="bbox 463 2275 2038 2350">
    <p class='ocr_par' dir='ltr' id='par_1_19' title="bbox 463 2275 2038 2350">
     <span class='ocr_line' id='line_1_19' title="bbox 463 2275 2038 2350; baseline -0.003 -17"><span class='ocrx_word' id='word_1_84' title='bbox 463 2282 748 2350; x_wconf 87' lang='lat' dir='ltr'><strong>.Deumque</strong></span> <span class='ocrx_word' id='word_1_85' title='bbox 783 2295 887 2336; x_wconf 85' lang='lat' dir='ltr'><strong>non</strong></span> <span class='ocrx_word' id='word_1_86' title='bbox 917 2288 1169 2346; x_wconf 92' lang='lat' dir='ltr'><strong>tanquam</strong></span> <span class='ocrx_word' id='word_1_87' title='bbox 1195 2285 1493 2331; x_wconf 89' lang='lat' dir='ltr'><strong>creatorem</strong></span> <span class='ocrx_word' id='word_1_88' title='bbox 1527 2277 1783 2339; x_wconf 78' lang='lat' dir='ltr'><strong>materiae,</strong></span> <span class='ocrx_word' id='word_1_89' title='bbox 1811 2275 1902 2329; x_wconf 90' lang='lat' dir='ltr'><strong>sed</strong></span> <span class='ocrx_word' id='word_1_90' title='bbox 1925 2282 2038 2329; x_wconf 82' lang='lat' dir='ltr'><strong>tan-</strong></span> 
     </span>
    </p>
   </div>
   <div class='ocr_carea' id='block_1_20' title="bbox 472 2361 2041 2440">
    <p class='ocr_par' dir='ltr' id='par_1_20' title="bbox 472 2361 2041 2440">
     <span class='ocr_line' id='line_1_20' title="bbox 472 2361 2041 2440; baseline -0.003 -19"><span class='ocrx_word' id='word_1_91' title='bbox 472 2385 633 2440; x_wconf 77' lang='lat' dir='ltr'><strong>quam</strong></span> <span class='ocrx_word' id='word_1_92' title='bbox 660 2369 940 2423; x_wconf 85' lang='lat' dir='ltr'><strong>artificem.</strong></span> <span class='ocrx_word' id='word_1_93' title='bbox 972 2366 1289 2421; x_wconf 84' lang='lat' dir='ltr'><strong>Aristoteles</strong></span> <span class='ocrx_word' id='word_1_94' title='bbox 1314 2381 1442 2418; x_wconf 78' lang='lat' dir='ltr'><strong>vero</strong></span> <span class='ocrx_word' id='word_1_95' title='bbox 1473 2365 1575 2422; x_wconf 89' lang='lat' dir='ltr'><strong>duo</strong></span> <span class='ocrx_word' id='word_1_96' title='bbox 1599 2361 2041 2433; x_wconf 41' lang='lat' dir='ltr'><strong>principia‘puta-</strong></span> 
     </span>
    </p>
   </div>
   <div class='ocr_carea' id='block_1_21' title="bbox 472 2453 2039 2524">
    <p class='ocr_par' dir='ltr' id='par_1_21' title="bbox 472 2453 2039 2524">
     <span class='ocr_line' id='line_1_21' title="bbox 472 2453 2039 2524; baseline -0.003 -14"><span class='ocrx_word' id='word_1_97' title='bbox 472 2467 569 2520; x_wconf 78' lang='lat' dir='ltr'><strong>vn,</strong></span> <span class='ocrx_word' id='word_1_98' title='bbox 616 2458 894 2511; x_wconf 89' lang='lat' dir='ltr'><strong>materiam</strong></span> <span class='ocrx_word' id='word_1_99' title='bbox 925 2465 979 2509; x_wconf 87' lang='lat' dir='ltr'><strong>et</strong></span> <span class='ocrx_word' id='word_1_100' title='bbox 1005 2456 1257 2524; x_wconf 83' lang='lat' dir='ltr'><strong>speciem,</strong></span> <span class='ocrx_word' id='word_1_101' title='bbox 1285 2462 1339 2508; x_wconf 89' lang='lat' dir='ltr'><strong>et</strong></span> <span class='ocrx_word' id='word_1_102' title='bbox 1369 2455 1584 2507; x_wconf 80' lang='lat' dir='ltr'><strong>tertium</strong></span> <span class='ocrx_word' id='word_1_103' title='bbox 1615 2470 1734 2507; x_wconf 86' lang='lat' dir='ltr'><strong>eum</strong></span> <span class='ocrx_word' id='word_1_104' title='bbox 1765 2455 1868 2518; x_wconf 91' lang='lat' dir='ltr'><strong>his,</strong></span> <span class='ocrx_word' id='word_1_105' title='bbox 1898 2453 2039 2522; x_wconf 88' lang='lat' dir='ltr'><strong>quod</strong></span> 
     </span>
    </p>
   </div>
   <div class='ocr_carea' id='block_1_22' title="bbox 473 2541 2039 2615">
    <p class='ocr_par' dir='ltr' id='par_1_22' title="bbox 473 2541 2039 2615">
     <span class='ocr_line' id='line_1_22' title="bbox 473 2541 2039 2615; baseline -0.003 -15"><span class='ocrx_word' id='word_1_106' title='bbox 473 2547 836 2615; x_wconf 81' lang='lat' dir='ltr'><strong>operatorium</strong></span> <span class='ocrx_word' id='word_1_107' title='bbox 862 2546 1076 2609; x_wconf 84' lang='lat' dir='ltr'><strong>dicitur,</strong></span> <span class='ocrx_word' id='word_1_108' title='bbox 1107 2545 1189 2599; x_wconf 85' lang='lat' dir='ltr'><strong>cui</strong></span> <span class='ocrx_word' id='word_1_109' title='bbox 1217 2541 1905 2614; x_wconf 85' lang='lat' dir='ltr'><strong>suppeteretcompetenter</strong></span> <span class='ocrx_word' id='word_1_110' title='bbox 1933 2543 2039 2597; x_wconf 83' lang='lat' dir='ltr'><strong>etii-</strong></span> 
     </span>
    </p>
   </div>
   <div class='ocr_carea' id='block_1_23' title="bbox 473 2624 2032 2712">
    <p class='ocr_par' dir='ltr' id='par_1_23' title="bbox 473 2624 2032 2712">
     <span class='ocr_line' id='line_1_23' title="bbox 473 2624 2032 2712; baseline -0.002 -22"><span class='ocrx_word' id='word_1_111' title='bbox 473 2651 594 2690; x_wconf 79' lang='lat' dir='ltr'><strong>Cere</strong></span> <span class='ocrx_word' id='word_1_112' title='bbox 625 2637 765 2705; x_wconf 89' lang='lat' dir='ltr'><strong>quod</strong></span> <span class='ocrx_word' id='word_1_113' title='bbox 798 2651 826 2688; x_wconf 90' lang='lat' dir='ltr'><strong>a</strong></span> <span class='ocrx_word' id='word_1_114' title='bbox 851 2636 1142 2712; x_wconf 76' lang='lat' dir='ltr'><strong>&#39;oricn;!um</strong></span> <span class='ocrx_word' id='word_1_115' title='bbox 1166 2624 1436 2704; x_wconf 75' lang='lat' dir='ltr'><strong>putasset.</strong></span> <span class='ocrx_word' id='word_1_116' title='bbox 1473 2635 1544 2687; x_wconf 81' lang='lat' dir='ltr'><strong>Ex</strong></span> <span class='ocrx_word' id='word_1_117' title='bbox 1572 2649 1677 2702; x_wconf 89' lang='lat' dir='ltr'><strong>quo</strong></span> <span class='ocrx_word' id='word_1_118' title='bbox 1706 2633 1900 2688; x_wconf 88' lang='lat' dir='ltr'><strong>factum</strong></span> <span class='ocrx_word' id='word_1_119' title='bbox 1929 2642 2032 2697; x_wconf 90' lang='lat' dir='ltr'><strong>est,</strong></span> 
     </span>
    </p>
   </div>
   <div class='ocr_carea' id='block_1_24' title="bbox 2065 1378 3706 1448">
    <p class='ocr_par' dir='ltr' id='par_1_24' title="bbox 2065 1378 3706 1448">
     <span class='ocr_line' id='line_1_24' title="bbox 2065 1378 3706 1448; baseline 0.004 -15"><span class='ocrx_word' id='word_1_120' title='bbox 2065 1388 2111 1445; x_wconf 76' lang='grc' dir='ltr'><strong>Α</strong></span> <span class='ocrx_word' id='word_1_121' title='bbox 2135 1394 2283 1433; x_wconf 87' lang='lat' dir='ltr'><strong>cens:</strong></span> <span class='ocrx_word' id='word_1_122' title='bbox 2303 1379 2425 1447; x_wconf 84' lang='lat' dir='ltr'><strong>quia</strong></span> <span class='ocrx_word' id='word_1_123' title='bbox 2441 1379 2576 1432; x_wconf 78' lang='lat' dir='ltr'><strong>Deus</strong></span> <span class='ocrx_word' id='word_1_124' title='bbox 2589 1380 2704 1448; x_wconf 80' lang='lat' dir='ltr'><strong>fecit</strong></span> <span class='ocrx_word' id='word_1_125' title='bbox 2719 1378 2898 1431; x_wconf 67' lang='lat' dir='ltr'><strong>malum</strong></span> <span class='ocrx_word' id='word_1_126' title='bbox 2912 1386 2957 1431; x_wconf 86' lang='lat' dir='ltr'><strong>et</strong></span> <span class='ocrx_word' id='word_1_127' title='bbox 2970 1388 3178 1432; x_wconf 89' lang='lat' dir='ltr'><strong>terram.</strong></span> <span class='ocrx_word' id='word_1_128' title='bbox 3195 1380 3396 1435; x_wconf 77' lang='lat' dir='ltr'><strong>Audisti</strong></span> <span class='ocrx_word' id='word_1_129' title='bbox 3409 1392 3706 1448; x_wconf 83' lang='lat' dir='ltr'><strong>auctorem,</strong></span> 
     </span>
    </p>
   </div>
   <div class='ocr_carea' id='block_1_25' title="bbox 2139 1469 3710 1540">
    <p class='ocr_par' dir='ltr' id='par_1_25' title="bbox 2139 1469 3710 1540">
     <span class='ocr_line' id='line_1_25' title="bbox 2139 1469 3710 1540; baseline 0.008 -18"><span class='ocrx_word' id='word_1_130' title='bbox 2139 1469 2387 1524; x_wconf 86' lang='lat' dir='ltr'><strong>dubitare</strong></span> <span class='ocrx_word' id='word_1_131' title='bbox 2400 1487 2502 1523; x_wconf 92' lang='lat' dir='ltr'><strong>non</strong></span> <span class='ocrx_word' id='word_1_132' title='bbox 2522 1471 2701 1524; x_wconf 82' lang='lat' dir='ltr'><strong>debes.</strong></span> <span class='ocrx_word' id='word_1_133' title='bbox 2717 1471 2847 1538; x_wconf 86' lang='lat' dir='ltr'><strong>Quis</strong></span> <span class='ocrx_word' id='word_1_134' title='bbox 2862 1473 3063 1525; x_wconf 83' lang='lat' dir='ltr'><strong>dubitet</strong></span> <span class='ocrx_word' id='word_1_135' title='bbox 3077 1475 3197 1540; x_wconf 86' lang='lat' dir='ltr'><strong>quia</strong></span> <span class='ocrx_word' id='word_1_136' title='bbox 3213 1476 3350 1530; x_wconf 79' lang='lat' dir='ltr'><strong>Deus</strong></span> <span class='ocrx_word' id='word_1_137' title='bbox 3364 1477 3476 1532; x_wconf 72' lang='lat' dir='ltr'><strong>lucc</strong></span> <span class='ocrx_word' id='word_1_138' title='bbox 3496 1477 3710 1540; x_wconf 78' lang='lat' dir='ltr'><strong>fecerit,</strong></span> 
     </span>
    </p>
   </div>
   <div class='ocr_carea' id='block_1_26' title="bbox 2139 1559 3706 1629">
    <p class='ocr_par' dir='ltr' id='par_1_26' title="bbox 2139 1559 3706 1629">
     <span class='ocr_line' id='line_1_26' title="bbox 2139 1559 3706 1629; baseline 0.007 -18"><span class='ocrx_word' id='word_1_139' title='bbox 2139 1559 2228 1629; x_wconf 92' lang='lat' dir='ltr'><strong>qui</strong></span> <span class='ocrx_word' id='word_1_140' title='bbox 2253 1575 2344 1629; x_wconf 82' lang='lat' dir='ltr'><strong>per</strong></span> <span class='ocrx_word' id='word_1_141' title='bbox 2367 1559 2683 1629; x_wconf 84' lang='lat' dir='ltr'><strong>Prophetam</strong></span> <span class='ocrx_word' id='word_1_142' title='bbox 2704 1559 2910 1615; x_wconf 87' lang='lat' dir='ltr'><strong>locutus</strong></span> <span class='ocrx_word' id='word_1_143' title='bbox 2930 1562 3006 1614; x_wconf 91' lang='lat' dir='ltr'><strong>ait</strong></span> <span class='ocrx_word' id='word_1_144' title='bbox 3030 1580 3041 1613; x_wconf 93' lang='lat'>:</span> <span class='ocrx_word' id='word_1_145' title='bbox 3073 1560 3425 1626; x_wconf 73' lang='lat' dir='ltr'><strong>Quismensus</strong></span> <span class='ocrx_word' id='word_1_146' title='bbox 3449 1578 3522 1620; x_wconf 83' lang='lat' dir='ltr'><strong>est</strong></span> <span class='ocrx_word' id='word_1_147' title='bbox 3544 1586 3706 1622; x_wconf 78' lang='lat' dir='ltr'><strong>manu</strong></span> 
     </span>
    </p>
   </div>
   <div class='ocr_carea' id='block_1_27' title="bbox 2142 1648 3704 1727">
    <p class='ocr_par' dir='ltr' id='par_1_27' title="bbox 2142 1648 3704 1719">
     <span class='ocr_line' id='line_1_27' title="bbox 2142 1648 3704 1719; baseline 0.006 -17"><span class='ocrx_word' id='word_1_148' title='bbox 2142 1667 2356 1719; x_wconf 80' lang='lat' dir='ltr'><strong>aquam,</strong></span> <span class='ocrx_word' id='word_1_149' title='bbox 2390 1658 2435 1702; x_wconf 87' lang='lat' dir='ltr'><strong>et</strong></span> <span class='ocrx_word' id='word_1_150' title='bbox 2464 1648 2645 1702; x_wconf 75' lang='lat' dir='ltr'><strong>cazlnm</strong></span> <span class='ocrx_word' id='word_1_151' title='bbox 2679 1649 2870 1718; x_wconf 81' lang='lat' dir='ltr'><strong>palmo,</strong></span> <span class='ocrx_word' id='word_1_152' title='bbox 2901 1659 2947 1702; x_wconf 88' lang='lat' dir='ltr'><strong>et</strong></span> <span class='ocrx_word' id='word_1_153' title='bbox 2977 1651 3264 1704; x_wconf 73' lang='lat' dir='ltr'><strong>universam</strong></span> <span class='ocrx_word' id='word_1_154' title='bbox 3293 1663 3483 1708; x_wconf 79' lang='lat' dir='ltr'><strong>terram</strong></span> <span class='ocrx_word' id='word_1_155' title='bbox 3523 1656 3704 1712; x_wconf 77' lang='lat' dir='ltr'><strong>clausa</strong></span> 
     </span>
    </p>
   </div>
   <div class='ocr_carea' id='block_1_28' title="bbox 2124 1736 3709 1810">
    <p class='ocr_par' dir='ltr' id='par_1_28' title="bbox 2124 1736 3709 1810">
     <span class='ocr_line' id='line_1_28' title="bbox 2124 1736 3709 1810; baseline 0.004 -19"><span class='ocrx_word' id='word_1_156' title='bbox 2124 1739 2338 1792; x_wconf 70' lang='lat' dir='ltr'><strong>&#39;manu?</strong></span> <span class='ocrx_word' id='word_1_157' title='bbox 2362 1736 2488 1802; x_wconf 83' lang='lat' dir='ltr'><strong>Quis</strong></span> <span class='ocrx_word' id='word_1_158' title='bbox 2508 1737 2685 1790; x_wconf 78' lang='lat' dir='ltr'><strong>statuit</strong></span> <span class='ocrx_word' id='word_1_159' title='bbox 2715 1747 2910 1790; x_wconf 78' lang='lat' dir='ltr'><strong>montes</strong></span> <span class='ocrx_word' id='word_1_160' title='bbox 2929 1739 2983 1791; x_wconf 87' lang='lat' dir='ltr'><strong>in</strong></span> <span class='ocrx_word' id='word_1_161' title='bbox 3009 1737 3139 1791; x_wconf 82' lang='lat' dir='ltr'><strong>libra</strong></span> <span class='ocrx_word' id='word_1_162' title='bbox 3158 1750 3203 1792; x_wconf 88' lang='lat' dir='ltr'><strong>et</strong></span> <span class='ocrx_word' id='word_1_163' title='bbox 3227 1758 3374 1810; x_wconf 83' lang='lat' dir='ltr'><strong>rupes</strong></span> <span class='ocrx_word' id='word_1_164' title='bbox 3395 1744 3447 1795; x_wconf 88' lang='lat' dir='ltr'><strong>in</strong></span> <span class='ocrx_word' id='word_1_165' title='bbox 3469 1754 3664 1798; x_wconf 77' lang='lat' dir='ltr'><strong>statera</strong></span> <span class='ocrx_word' id='word_1_166' title='bbox 3682 1748 3709 1799; x_wconf 68' lang='grc' dir='ltr'><strong>ξ’</strong></span> 
     </span>
    </p>
   </div>
   <div class='ocr_carea' id='block_1_29' title="bbox 2143 1825 3704 1898">
    <p class='ocr_par' dir='ltr' id='par_1_29' title="bbox 2143 1825 3704 1898">
     <span class='ocr_line' id='line_1_29' title="bbox 2143 1825 3704 1898; baseline 0.003 -20"><span class='ocrx_word' id='word_1_167' title='bbox 2143 1827 2274 1897; x_wconf 80' lang='lat' dir='ltr'><strong>(lsa.</strong></span> <span class='ocrx_word' id='word_1_168' title='bbox 2304 1825 2468 1897; x_wconf 76' lang='lat' dir='ltr'><strong>XLVI.)</strong></span> <span class='ocrx_word' id='word_1_169' title='bbox 2487 1826 2560 1879; x_wconf 86' lang='lat' dir='ltr'><strong>De</strong></span> <span class='ocrx_word' id='word_1_170' title='bbox 2584 1842 2688 1894; x_wconf 90' lang='lat' dir='ltr'><strong>quo</strong></span> <span class='ocrx_word' id='word_1_171' title='bbox 2709 1827 2870 1880; x_wconf 89' lang='lat' dir='ltr'><strong>etiam</strong></span> <span class='ocrx_word' id='word_1_172' title='bbox 2896 1827 3016 1880; x_wconf 82' lang='lat' dir='ltr'><strong>alibi</strong></span> <span class='ocrx_word' id='word_1_173' title='bbox 3042 1827 3260 1898; x_wconf 80' lang='lat' dir='ltr'><strong>legimus</strong></span> <span class='ocrx_word' id='word_1_174' title='bbox 3285 1847 3296 1881; x_wconf 89' lang='lat'><strong>:</strong></span> <span class='ocrx_word' id='word_1_175' title='bbox 3318 1830 3419 1894; x_wconf 84' lang='lat' dir='ltr'><strong>Qui</strong></span> <span class='ocrx_word' id='word_1_176' title='bbox 3441 1842 3572 1884; x_wconf 87' lang='lat' dir='ltr'><strong>tenet</strong></span> <span class='ocrx_word' id='word_1_177' title='bbox 3601 1835 3704 1885; x_wconf 82' lang='lat' dir='ltr'><strong>eir-</strong></span> 
     </span>
    </p>
   </div>
   <div class='ocr_carea' id='block_1_30' title="bbox 2140 1901 3699 1990">
    <p class='ocr_par' dir='ltr' id='par_1_30' title="bbox 2140 1901 3699 1990">
     <span class='ocr_line' id='line_1_30' title="bbox 2140 1901 3699 1990; baseline 0.005 -21"><span class='ocrx_word' id='word_1_178' title='bbox 2140 1917 2335 1976; x_wconf 85' lang='lat' dir='ltr'><strong>cuitum</strong></span> <span class='ocrx_word' id='word_1_179' title='bbox 2370 1926 2541 1982; x_wconf 72' lang='lat' dir='ltr'><strong>terrm,</strong></span> <span class='ocrx_word' id='word_1_180' title='bbox 2568 1925 2614 1970; x_wconf 88' lang='lat' dir='ltr'><strong>et</strong></span> <span class='ocrx_word' id='word_1_181' title='bbox 2641 1927 2831 1970; x_wconf 88' lang='lat' dir='ltr'><strong>terram</strong></span> <span class='ocrx_word' id='word_1_182' title='bbox 2875 1901 3006 1971; x_wconf 63' lang='lat' dir='ltr'><strong>uelut</strong></span> <span class='ocrx_word' id='word_1_183' title='bbox 3039 1919 3252 1972; x_wconf 82' lang='lat' dir='ltr'><strong>nihilum</strong></span> <span class='ocrx_word' id='word_1_184' title='bbox 3286 1921 3403 1988; x_wconf 78' lang='lat' dir='ltr'><strong>fecit</strong></span> <span class='ocrx_word' id='word_1_185' title='bbox 3430 1921 3562 1990; x_wconf 69' lang='lat' dir='ltr'><strong>(lea.</strong></span> <span class='ocrx_word' id='word_1_186' title='bbox 3587 1923 3699 1990; x_wconf 74' lang='lat' dir='ltr'><strong>XL).</strong></span> 
     </span>
    </p>
   </div>
   <div class='ocr_carea' id='block_1_31' title="bbox 2141 2003 3702 2084">
    <p class='ocr_par' dir='ltr' id='par_1_31' title="bbox 2141 2003 3702 2084">
     <span class='ocr_line' id='line_1_31' title="bbox 2141 2003 3702 2084; baseline 0.004 -23"><span class='ocrx_word' id='word_1_187' title='bbox 2141 2007 2207 2061; x_wconf 84' lang='lat' dir='ltr'><strong>Et</strong></span> <span class='ocrx_word' id='word_1_188' title='bbox 2235 2005 2610 2077; x_wconf 69' lang='lat' dir='ltr'><strong>Jeremiasait:</strong></span> <span class='ocrx_word' id='word_1_189' title='bbox 2635 2003 2736 2071; x_wconf 86' lang='lat' dir='ltr'><strong>Dii,</strong></span> <span class='ocrx_word' id='word_1_190' title='bbox 2761 2009 2850 2075; x_wconf 83' lang='lat' dir='ltr'><strong>qui</strong></span> <span class='ocrx_word' id='word_1_191' title='bbox 2861 2010 3204 2084; x_wconf 81' lang='lat' dir='ltr'><strong>nonfecerunt</strong></span> <span class='ocrx_word' id='word_1_192' title='bbox 3230 2011 3410 2064; x_wconf 72' lang='lat' dir='ltr'><strong>coelum</strong></span> <span class='ocrx_word' id='word_1_193' title='bbox 3426 2025 3469 2065; x_wconf 87' lang='lat' dir='ltr'><strong>et</strong></span> <span class='ocrx_word' id='word_1_194' title='bbox 3485 2025 3702 2079; x_wconf 77' lang='lat' dir='ltr'><strong>terram,</strong></span> 
     </span>
    </p>
   </div>
   <div class='ocr_carea' id='block_1_32' title="bbox 2139 2097 3702 2166">
    <p class='ocr_par' dir='ltr' id='par_1_32' title="bbox 2139 2097 3702 2166">
     <span class='ocr_line' id='line_1_32' title="bbox 2139 2097 3702 2166; baseline 0.004 -18"><span class='ocrx_word' id='word_1_195' title='bbox 2139 2107 2346 2165; x_wconf 74' lang='lat' dir='ltr'><strong>pereant</strong></span> <span class='ocrx_word' id='word_1_196' title='bbox 2375 2114 2405 2148; x_wconf 80' lang='grc' dir='ltr'><em>(ι</em></span> <span class='ocrx_word' id='word_1_197' title='bbox 2434 2107 2589 2158; x_wconf 83' lang='lat' dir='ltr'><strong>terra,</strong></span> <span class='ocrx_word' id='word_1_198' title='bbox 2615 2107 2662 2149; x_wconf 87' lang='lat' dir='ltr'><strong>et</strong></span> <span class='ocrx_word' id='word_1_199' title='bbox 2688 2098 2752 2149; x_wconf 85' lang='lat' dir='ltr'><strong>de</strong></span> <span class='ocrx_word' id='word_1_200' title='bbox 2777 2097 2856 2151; x_wconf 81' lang='lat' dir='ltr'><strong>his</strong></span> <span class='ocrx_word' id='word_1_201' title='bbox 2879 2114 2993 2166; x_wconf 73' lang='lat' dir='ltr'><strong>qum</strong></span> <span class='ocrx_word' id='word_1_202' title='bbox 3017 2108 3134 2151; x_wconf 85' lang='lat' dir='ltr'><strong>sunt</strong></span> <span class='ocrx_word' id='word_1_203' title='bbox 3160 2100 3253 2152; x_wconf 79' lang='lat' dir='ltr'><strong>sub</strong></span> <span class='ocrx_word' id='word_1_204' title='bbox 3279 2100 3419 2153; x_wconf 62' lang='lat' dir='ltr'><strong>cutio.</strong></span> <span class='ocrx_word' id='word_1_205' title='bbox 3453 2101 3702 2154; x_wconf 76' lang='lat' dir='ltr'><strong>Dominus</strong></span> 
     </span>
    </p>
   </div>
   <div class='ocr_carea' id='block_1_33' title="bbox 2139 2180 3703 2256">
    <p class='ocr_par' dir='ltr' id='par_1_33' title="bbox 2139 2180 3703 2256">
     <span class='ocr_line' id='line_1_33' title="bbox 2139 2180 3703 2256; baseline 0.005 -18"><span class='ocrx_word' id='word_1_206' title='bbox 2139 2187 2227 2256; x_wconf 85' lang='lat' dir='ltr'><strong>qui</strong></span> <span class='ocrx_word' id='word_1_207' title='bbox 2251 2186 2368 2254; x_wconf 79' lang='lat' dir='ltr'><strong>fecit</strong></span> <span class='ocrx_word' id='word_1_208' title='bbox 2392 2196 2580 2238; x_wconf 87' lang='lat' dir='ltr'><strong>terram</strong></span> <span class='ocrx_word' id='word_1_209' title='bbox 2604 2187 2656 2239; x_wconf 87' lang='lat' dir='ltr'><strong>in</strong></span> <span class='ocrx_word' id='word_1_210' title='bbox 2682 2187 2864 2240; x_wconf 76' lang='lat' dir='ltr'><strong>virtute</strong></span> <span class='ocrx_word' id='word_1_211' title='bbox 2886 2204 3002 2249; x_wconf 80' lang='lat' dir='ltr'><strong>sua,</strong></span> <span class='ocrx_word' id='word_1_212' title='bbox 3027 2198 3073 2240; x_wconf 90' lang='lat' dir='ltr'><strong>et</strong></span> <span class='ocrx_word' id='word_1_213' title='bbox 3097 2180 3312 2242; x_wconf 72' lang='lat' dir='ltr'><strong>correxit</strong></span> <span class='ocrx_word' id='word_1_214' title='bbox 3337 2191 3512 2245; x_wconf 84' lang='lat' dir='ltr'><strong>orbem</strong></span> <span class='ocrx_word' id='word_1_215' title='bbox 3540 2193 3592 2245; x_wconf 88' lang='lat' dir='ltr'><strong>in</strong></span> <span class='ocrx_word' id='word_1_216' title='bbox 3617 2209 3703 2245; x_wconf 77' lang='lat' dir='ltr'><strong>sa-</strong></span> 
     </span>
    </p>
   </div>
   <div class='ocr_carea' id='block_1_34' title="bbox 2139 2276 3702 2345">
    <p class='ocr_par' dir='ltr' id='par_1_34' title="bbox 2139 2276 3702 2345">
     <span class='ocr_line' id='line_1_34' title="bbox 2139 2276 3702 2345; baseline 0.003 -17"><span class='ocrx_word' id='word_1_217' title='bbox 2139 2277 2332 2345; x_wconf 79' lang='lat' dir='ltr'><strong>pientia</strong></span> <span class='ocrx_word' id='word_1_218' title='bbox 2359 2292 2474 2340; x_wconf 86' lang='lat' dir='ltr'><strong>sua,</strong></span> <span class='ocrx_word' id='word_1_219' title='bbox 2514 2285 2560 2328; x_wconf 92' lang='lat' dir='ltr'><strong>et</strong></span> <span class='ocrx_word' id='word_1_220' title='bbox 2603 2276 2654 2327; x_wconf 84' lang='lat' dir='ltr'><strong>in</strong></span> <span class='ocrx_word' id='word_1_221' title='bbox 2695 2288 2791 2328; x_wconf 78' lang='lat' dir='ltr'><strong>sua</strong></span> <span class='ocrx_word' id='word_1_222' title='bbox 2830 2276 3103 2345; x_wconf 81' lang='lat' dir='ltr'><strong>prudentia</strong></span> <span class='ocrx_word' id='word_1_223' title='bbox 3149 2278 3375 2331; x_wconf 70' lang='lat' dir='ltr'><strong>extendit</strong></span> <span class='ocrx_word' id='word_1_224' title='bbox 3415 2280 3616 2343; x_wconf 72' lang='lat' dir='ltr'><strong>caelum,</strong></span> <span class='ocrx_word' id='word_1_225' title='bbox 3654 2291 3702 2333; x_wconf 78' lang='lat' dir='ltr'><strong>et</strong></span> 
     </span>
    </p>
   </div>
   <div class='ocr_carea' id='block_1_35' title="bbox 2140 2365 3702 2441">
    <p class='ocr_par' dir='ltr' id='par_1_35' title="bbox 2140 2365 3702 2441">
     <span class='ocr_line' id='line_1_35' title="bbox 2140 2365 3702 2441; baseline 0.006 -23"><span class='ocrx_word' id='word_1_226' title='bbox 2140 2365 2521 2419; x_wconf 80' lang='lat' dir='ltr'><strong>multitudinem</strong></span> <span class='ocrx_word' id='word_1_227' title='bbox 2569 2383 2717 2437; x_wconf 78' lang='lat' dir='ltr'><strong>aqua:</strong></span> <span class='ocrx_word' id='word_1_228' title='bbox 2755 2368 2808 2419; x_wconf 89' lang='lat' dir='ltr'><strong>in</strong></span> <span class='ocrx_word' id='word_1_229' title='bbox 2853 2367 2977 2422; x_wconf 72' lang='lat' dir='ltr'><strong>rwlo</strong></span> <span class='ocrx_word' id='word_1_230' title='bbox 3029 2367 3240 2439; x_wconf 72' lang='lat' dir='ltr'><strong>(larem.</strong></span> <span class='ocrx_word' id='word_1_231' title='bbox 3265 2371 3339 2440; x_wconf 69' lang='grc' dir='ltr'><strong>χ).</strong></span> <span class='ocrx_word' id='word_1_232' title='bbox 3374 2367 3702 2441; x_wconf 81' lang='lat' dir='ltr'><strong>Principium</strong></span> 
     </span>
    </p>
   </div>
   <div class='ocr_carea' id='block_1_36' title="bbox 2142 2453 3701 2524">
    <p class='ocr_par' dir='ltr' id='par_1_36' title="bbox 2142 2453 3701 2524">
     <span class='ocr_line' id='line_1_36' title="bbox 2142 2453 3701 2524; baseline 0.004 -16"><span class='ocrx_word' id='word_1_233' title='bbox 2142 2462 2319 2509; x_wconf 88' lang='lat' dir='ltr'><strong>autem</strong></span> <span class='ocrx_word' id='word_1_234' title='bbox 2347 2453 2578 2509; x_wconf 81' lang='lat' dir='ltr'><strong>refertur</strong></span> <span class='ocrx_word' id='word_1_235' title='bbox 2604 2456 2669 2508; x_wconf 90' lang='lat' dir='ltr'><strong>ad</strong></span> <span class='ocrx_word' id='word_1_236' title='bbox 2705 2462 2932 2524; x_wconf 87' lang='lat' dir='ltr'><strong>tempus,</strong></span> <span class='ocrx_word' id='word_1_237' title='bbox 2963 2465 3056 2510; x_wconf 87' lang='lat' dir='ltr'><strong>aut</strong></span> <span class='ocrx_word' id='word_1_238' title='bbox 3083 2457 3149 2511; x_wconf 86' lang='lat' dir='ltr'><strong>ad</strong></span> <span class='ocrx_word' id='word_1_239' title='bbox 3180 2472 3478 2524; x_wconf 87' lang='lat' dir='ltr'><strong>numerum,</strong></span> <span class='ocrx_word' id='word_1_240' title='bbox 3517 2470 3608 2513; x_wconf 88' lang='lat' dir='ltr'><strong>aut</strong></span> <span class='ocrx_word' id='word_1_241' title='bbox 3633 2461 3701 2515; x_wconf 86' lang='lat' dir='ltr'><strong>ad</strong></span> 
     </span>
    </p>
   </div>
   <div class='ocr_carea' id='block_1_37' title="bbox 2139 2542 3697 2620">
    <p class='ocr_par' dir='ltr' id='par_1_37' title="bbox 2139 2542 3697 2620">
     <span class='ocr_line' id='line_1_37' title="bbox 2139 2542 3697 2620; baseline 0.003 -22"><span class='ocrx_word' id='word_1_242' title='bbox 2139 2542 2565 2620; x_wconf 78' lang='lat' dir='ltr'><strong>fundamentum.</strong></span> <span class='ocrx_word' id='word_1_243' title='bbox 2609 2545 2689 2598; x_wconf 88' lang='lat' dir='ltr'><strong>Ad</strong></span> <span class='ocrx_word' id='word_1_244' title='bbox 2739 2553 2950 2614; x_wconf 85' lang='lat' dir='ltr'><strong>tempus</strong></span> <span class='ocrx_word' id='word_1_245' title='bbox 2993 2542 3242 2610; x_wconf 79' lang='lat' dir='ltr'><strong>refertur,</strong></span> <span class='ocrx_word' id='word_1_246' title='bbox 3271 2547 3313 2600; x_wconf 89' lang='lat' dir='ltr'><strong>si</strong></span> <span class='ocrx_word' id='word_1_247' title='bbox 3339 2546 3469 2602; x_wconf 81' lang='lat' dir='ltr'><strong>velis</strong></span> <span class='ocrx_word' id='word_1_248' title='bbox 3497 2549 3697 2613; x_wconf 80' lang='lat' dir='ltr'><strong>dicere,</strong></span> 
     </span>
    </p>
   </div>
   <div class='ocr_carea' id='block_1_38' title="bbox 2140 2625 3702 2704">
    <p class='ocr_par' dir='ltr' id='par_1_38' title="bbox 2140 2625 3702 2704">
     <span class='ocr_line' id='line_1_38' title="bbox 2140 2625 3702 2704; baseline 0.003 -17"><span class='ocrx_word' id='word_1_249' title='bbox 2140 2634 2195 2687; x_wconf 90' lang='lat' dir='ltr'><strong>in</strong></span> <span class='ocrx_word' id='word_1_250' title='bbox 2231 2649 2336 2702; x_wconf 90' lang='lat' dir='ltr'><strong>quo</strong></span> <span class='ocrx_word' id='word_1_251' title='bbox 2370 2631 2608 2704; x_wconf 85' lang='lat' dir='ltr'><strong>tempore</strong></span> <span class='ocrx_word' id='word_1_252' title='bbox 2645 2633 2772 2689; x_wconf 84' lang='lat' dir='ltr'><strong>fecit</strong></span> <span class='ocrx_word' id='word_1_253' title='bbox 2806 2625 2944 2689; x_wconf 85' lang='lat' dir='ltr'><strong>Deus</strong></span> <span class='ocrx_word' id='word_1_254' title='bbox 2969 2633 3160 2690; x_wconf 81' lang='lat' dir='ltr'><strong>ccelum</strong></span> <span class='ocrx_word' id='word_1_255' title='bbox 3187 2645 3240 2690; x_wconf 90' lang='lat' dir='ltr'><strong>et</strong></span> <span class='ocrx_word' id='word_1_256' title='bbox 3266 2645 3482 2700; x_wconf 76' lang='lat' dir='ltr'><strong>terram,</strong></span> <span class='ocrx_word' id='word_1_257' title='bbox 3511 2638 3563 2691; x_wconf 90' lang='lat' dir='ltr'><strong>id</strong></span> <span class='ocrx_word' id='word_1_258' title='bbox 3582 2648 3665 2691; x_wconf 86' lang='lat' dir='ltr'><strong>est</strong></span> <span class='ocrx_word' id='word_1_259' title='bbox 3685 2678 3702 2699; x_wconf 90' lang='lat'><strong>,</strong></span> 
     </span>
    </p>
   </div>
   <div class='ocr_carea' id='block_1_39' title="bbox 474 2722 3700 2795">
    <p class='ocr_par' dir='ltr' id='par_1_39' title="bbox 474 2722 3700 2795">
     <span class='ocr_line' id='line_1_39' title="bbox 474 2722 3700 2795; baseline 0.001 -17"><span class='ocrx_word' id='word_1_260' title='bbox 474 2735 759 2795; x_wconf 49' lang='lat' dir='ltr'><strong>ut..partes</strong></span> <span class='ocrx_word' id='word_1_261' title='bbox 804 2725 988 2781; x_wconf 88' lang='lat' dir='ltr'><strong>mundi</strong></span> <span class='ocrx_word' id='word_1_262' title='bbox 1041 2725 1170 2780; x_wconf 87' lang='lat' dir='ltr'><strong>deos</strong></span> <span class='ocrx_word' id='word_1_263' title='bbox 1197 2741 1316 2780; x_wconf 89' lang='lat' dir='ltr'><strong>esse</strong></span> <span class='ocrx_word' id='word_1_264' title='bbox 1338 2726 1644 2789; x_wconf 79' lang='lat' dir='ltr'><strong>crederent,</strong></span> <span class='ocrx_word' id='word_1_265' title='bbox 1691 2726 1935 2794; x_wconf 84' lang='lat' dir='ltr'><strong>quamvis</strong></span> <span class='ocrx_word' id='word_1_266' title='bbox 1971 2727 2037 2781; x_wconf 84' lang='lat' dir='ltr'><strong>de</strong></span> <span class='ocrx_word' id='word_1_267' title='bbox 2067 2725 2110 2783; x_wconf 91' lang='lat' dir='ltr'><strong>B</strong></span> <span class='ocrx_word' id='word_1_268' title='bbox 2140 2723 2194 2776; x_wconf 91' lang='lat' dir='ltr'><strong>in</strong></span> <span class='ocrx_word' id='word_1_269' title='bbox 2216 2722 2438 2779; x_wconf 83' lang='lat' dir='ltr'><strong>exordio</strong></span> <span class='ocrx_word' id='word_1_270' title='bbox 2463 2723 2644 2778; x_wconf 86' lang='lat' dir='ltr'><strong>mundi</strong></span> <span class='ocrx_word' id='word_1_271' title='bbox 2673 2724 2886 2794; x_wconf 87' lang='lat' dir='ltr'><strong>quando</strong></span> <span class='ocrx_word' id='word_1_272' title='bbox 2926 2723 3039 2778; x_wconf 73' lang='lat' dir='ltr'><strong>ﬁeri</strong></span> <span class='ocrx_word' id='word_1_273' title='bbox 3087 2726 3266 2795; x_wconf 76' lang='lat' dir='ltr'><strong>erepit.</strong></span> <span class='ocrx_word' id='word_1_274' title='bbox 3307 2726 3386 2780; x_wconf 87' lang='lat' dir='ltr'><strong>Ad</strong></span> <span class='ocrx_word' id='word_1_275' title='bbox 3418 2743 3700 2781; x_wconf 78' lang='lat' dir='ltr'><strong>numerum</strong></span> 
     </span>
    </p>
   </div>
   <div class='ocr_carea' id='block_1_40' title="bbox 472 2814 2035 2882">
    <p class='ocr_par' dir='ltr' id='par_1_40' title="bbox 472 2814 2035 2882">
     <span class='ocr_line' id='line_1_40' title="bbox 472 2814 2035 2882; baseline 0.001 -14"><span class='ocrx_word' id='word_1_276' title='bbox 472 2814 588 2881; x_wconf 62' lang='lat' dir='ltr'><strong>ipso</strong></span> <span class='ocrx_word' id='word_1_277' title='bbox 631 2814 828 2867; x_wconf 89' lang='lat' dir='ltr'><strong>mundo</strong></span> <span class='ocrx_word' id='word_1_278' title='bbox 868 2829 976 2867; x_wconf 91' lang='lat' dir='ltr'><strong>non</strong></span> <span class='ocrx_word' id='word_1_279' title='bbox 1027 2814 1310 2869; x_wconf 86' lang='lat' dir='ltr'><strong>mediocris</strong></span> <span class='ocrx_word' id='word_1_280' title='bbox 1363 2814 1507 2867; x_wconf 87' lang='lat' dir='ltr'><strong>inter</strong></span> <span class='ocrx_word' id='word_1_281' title='bbox 1549 2828 1641 2868; x_wconf 87' lang='lat' dir='ltr'><strong>eos</strong></span> <span class='ocrx_word' id='word_1_282' title='bbox 1681 2815 1912 2882; x_wconf 69' lang='lat' dir='ltr'><strong>quaestio</strong></span> <span class='ocrx_word' id='word_1_283' title='bbox 1945 2815 2035 2869; x_wconf 88' lang='lat' dir='ltr'><strong>sit.</strong></span> 
     </span>
    </p>
   </div>
   <div class='ocr_carea' id='block_1_41' title="bbox 472 2893 2040 2974">
    <p class='ocr_par' dir='ltr' id='par_1_41' title="bbox 472 2893 2040 2974">
     <span class='ocr_line' id='line_1_41' title="bbox 472 2893 2040 2974; baseline 0.001 -16"><span class='ocrx_word' id='word_1_284' title='bbox 472 2904 603 2960; x_wconf 71' lang='lat' dir='ltr'><strong>Nam</strong></span> <span class='ocrx_word' id='word_1_285' title='bbox 635 2904 966 2974; x_wconf 78' lang='lat' dir='ltr'><strong>Pythagoras</strong></span> <span class='ocrx_word' id='word_1_286' title='bbox 995 2921 1157 2960; x_wconf 90' lang='lat' dir='ltr'><strong>unum</strong></span> <span class='ocrx_word' id='word_1_287' title='bbox 1199 2905 1454 2958; x_wconf 75' lang='lat' dir='ltr'><strong>mundum</strong></span> <span class='ocrx_word' id='word_1_288' title='bbox 1497 2893 1690 2968; x_wconf 81' lang='lat' dir='ltr'><strong>asserit</strong></span> <span class='ocrx_word' id='word_1_289' title='bbox 1719 2923 1730 2958; x_wconf 91' lang='lat'><strong>:</strong></span> <span class='ocrx_word' id='word_1_290' title='bbox 1772 2905 1860 2968; x_wconf 83' lang='lat' dir='ltr'><strong>alii</strong></span> <span class='ocrx_word' id='word_1_291' title='bbox 1888 2906 2040 2960; x_wconf 85' lang='lat' dir='ltr'><strong>innu-</strong></span> 
     </span>
    </p>
   </div>
   <div class='ocr_carea' id='block_1_42' title="bbox 472 2979 2035 3062">
    <p class='ocr_par' dir='ltr' id='par_1_42' title="bbox 472 2979 2035 3062">
     <span class='ocr_line' id='line_1_42' title="bbox 472 2979 2035 3062; baseline 0.002 -13"><span class='ocrx_word' id='word_1_292' title='bbox 472 2997 758 3051; x_wconf 84' lang='lat' dir='ltr'><strong>meral.iles</strong></span> <span class='ocrx_word' id='word_1_293' title='bbox 791 3011 910 3052; x_wconf 85' lang='lat' dir='ltr'><strong>esse</strong></span> <span class='ocrx_word' id='word_1_294' title='bbox 942 2979 1123 3052; x_wconf 84' lang='lat' dir='ltr'><strong>dicunt</strong></span> <span class='ocrx_word' id='word_1_295' title='bbox 1153 2997 1399 3060; x_wconf 65' lang='lat' dir='ltr'><strong>mundos,</strong></span> <span class='ocrx_word' id='word_1_296' title='bbox 1442 3007 1503 3050; x_wconf 83' lang='lat' dir='ltr'><strong>ut</strong></span> <span class='ocrx_word' id='word_1_297' title='bbox 1539 2996 1726 3051; x_wconf 83' lang='lat' dir='ltr'><strong>scribit</strong></span> <span class='ocrx_word' id='word_1_298' title='bbox 1760 2997 2035 3062; x_wconf 85' lang='lat' dir='ltr'><strong>Democri-</strong></span> 
     </span>
    </p>
   </div>
   <div class='ocr_carea' id='block_1_43' title="bbox 472 3089 2036 3159">
    <p class='ocr_par' dir='ltr' id='par_1_43' title="bbox 472 3089 2036 3159">
     <span class='ocr_line' id='line_1_43' title="bbox 472 3089 2036 3159; baseline 0.002 -18"><span class='ocrx_word' id='word_1_299' title='bbox 472 3099 575 3152; x_wconf 87' lang='lat' dir='ltr'><strong>tus,</strong></span> <span class='ocrx_word' id='word_1_300' title='bbox 623 3090 708 3144; x_wconf 92' lang='lat' dir='ltr'><strong>cui</strong></span> <span class='ocrx_word' id='word_1_301' title='bbox 757 3090 1043 3158; x_wconf 88' lang='lat' dir='ltr'><strong>plurimum</strong></span> <span class='ocrx_word' id='word_1_302' title='bbox 1073 3091 1137 3144; x_wconf 90' lang='lat' dir='ltr'><strong>de</strong></span> <span class='ocrx_word' id='word_1_303' title='bbox 1171 3090 1406 3159; x_wconf 78' lang='lat' dir='ltr'><strong>physicis</strong></span> <span class='ocrx_word' id='word_1_304' title='bbox 1437 3089 1773 3144; x_wconf 89' lang='lat' dir='ltr'><strong>auctoritatis</strong></span> <span class='ocrx_word' id='word_1_305' title='bbox 1799 3098 2036 3145; x_wconf 85' lang='lat' dir='ltr'><strong>vetustas</strong></span> 
     </span>
    </p>
   </div>
   <div class='ocr_carea' id='block_1_44' title="bbox 470 3179 2035 3248">
    <p class='ocr_par' dir='ltr' id='par_1_44' title="bbox 470 3179 2035 3248">
     <span class='ocr_line' id='line_1_44' title="bbox 470 3179 2035 3248; baseline 0.001 -15"><span class='ocrx_word' id='word_1_306' title='bbox 470 3179 676 3234; x_wconf 81' lang='lat' dir='ltr'><strong>detulit.</strong></span> <span class='ocrx_word' id='word_1_307' title='bbox 726 3179 1010 3248; x_wconf 89' lang='lat' dir='ltr'><strong>ipsumque</strong></span> <span class='ocrx_word' id='word_1_308' title='bbox 1059 3181 1314 3235; x_wconf 90' lang='lat' dir='ltr'><strong>mundum</strong></span> <span class='ocrx_word' id='word_1_309' title='bbox 1361 3193 1572 3248; x_wconf 85' lang='lat' dir='ltr'><strong>semper</strong></span> <span class='ocrx_word' id='word_1_310' title='bbox 1623 3179 1785 3238; x_wconf 78' lang='lat' dir='ltr'><strong>fuisse</strong></span> <span class='ocrx_word' id='word_1_311' title='bbox 1824 3188 1878 3242; x_wconf 82' lang='lat' dir='ltr'><strong>et</strong></span> <span class='ocrx_word' id='word_1_312' title='bbox 1919 3180 2035 3234; x_wconf 82' lang='lat' dir='ltr'><strong>fore</strong></span> 
     </span>
    </p>
   </div>
   <div class='ocr_carea' id='block_1_45' title="bbox 471 3266 2034 3336">
    <p class='ocr_par' dir='ltr' id='par_1_45' title="bbox 471 3266 2034 3336">
     <span class='ocr_line' id='line_1_45' title="bbox 471 3266 2034 3336; baseline 0.002 -16"><span class='ocrx_word' id='word_1_313' title='bbox 471 3266 790 3321; x_wconf 77' lang='lat' dir='ltr'><strong>Aristoteles</strong></span> <span class='ocrx_word' id='word_1_314' title='bbox 832 3276 1056 3336; x_wconf 89' lang='lat' dir='ltr'><strong>usurpat</strong></span> <span class='ocrx_word' id='word_1_315' title='bbox 1088 3268 1265 3322; x_wconf 85' lang='lat' dir='ltr'><strong>dicere</strong></span> <span class='ocrx_word' id='word_1_316' title='bbox 1291 3284 1304 3320; x_wconf 90' lang='lat'><strong>:</strong></span> <span class='ocrx_word' id='word_1_317' title='bbox 1333 3275 1516 3324; x_wconf 85' lang='lat' dir='ltr'><strong>contra</strong></span> <span class='ocrx_word' id='word_1_318' title='bbox 1543 3276 1727 3326; x_wconf 82' lang='lat' dir='ltr'><strong>autem</strong></span> <span class='ocrx_word' id='word_1_319' title='bbox 1752 3268 1901 3327; x_wconf 85' lang='lat' dir='ltr'><strong>Plato</strong></span> <span class='ocrx_word' id='word_1_320' title='bbox 1928 3285 2034 3324; x_wconf 83' lang='lat' dir='ltr'><strong>non</strong></span> 
     </span>
    </p>
   </div>
   <div class='ocr_carea' id='block_1_46' title="bbox 469 3355 2030 3428">
    <p class='ocr_par' dir='ltr' id='par_1_46' title="bbox 469 3355 2030 3428">
     <span class='ocr_line' id='line_1_46' title="bbox 469 3355 2030 3428; baseline 0.001 -18"><span class='ocrx_word' id='word_1_321' title='bbox 469 3371 682 3426; x_wconf 80' lang='lat' dir='ltr'><strong>semper</strong></span> <span class='ocrx_word' id='word_1_322' title='bbox 728 3355 894 3427; x_wconf 79' lang='lat' dir='ltr'><strong>fuisse</strong></span> <span class='ocrx_word' id='word_1_323' title='bbox 932 3365 986 3410; x_wconf 84' lang='lat' dir='ltr'><strong>et</strong></span> <span class='ocrx_word' id='word_1_324' title='bbox 1030 3371 1242 3425; x_wconf 86' lang='lat' dir='ltr'><strong>semper</strong></span> <span class='ocrx_word' id='word_1_325' title='bbox 1288 3355 1404 3412; x_wconf 87' lang='lat' dir='ltr'><strong>fore</strong></span> <span class='ocrx_word' id='word_1_326' title='bbox 1452 3357 1726 3427; x_wconf 83' lang='lat' dir='ltr'><strong>praesumit</strong></span> <span class='ocrx_word' id='word_1_327' title='bbox 1761 3366 2030 3428; x_wconf 74' lang='lat' dir='ltr'><strong>astruere.</strong></span> 
     </span>
    </p>
   </div>
   <div class='ocr_carea' id='block_1_47' title="bbox 470 3445 2073 3517">
    <p class='ocr_par' dir='ltr' id='par_1_47' title="bbox 470 3445 2073 3517">
     <span class='ocr_line' id='line_1_47' title="bbox 470 3445 2073 3517; baseline 0.002 -18"><span class='ocrx_word' id='word_1_328' title='bbox 470 3445 696 3503; x_wconf 86' lang='lat' dir='ltr'><strong>Plurimi</strong></span> <span class='ocrx_word' id='word_1_329' title='bbox 742 3460 870 3502; x_wconf 81' lang='lat' dir='ltr'><strong>vero</strong></span> <span class='ocrx_word' id='word_1_330' title='bbox 905 3461 1019 3501; x_wconf 86' lang='lat' dir='ltr'><strong>non</strong></span> <span class='ocrx_word' id='word_1_331' title='bbox 1062 3445 1226 3503; x_wconf 80' lang='lat' dir='ltr'><strong>fuisse</strong></span> <span class='ocrx_word' id='word_1_332' title='bbox 1255 3461 1487 3514; x_wconf 87' lang='lat' dir='ltr'><strong>semper,</strong></span> <span class='ocrx_word' id='word_1_333' title='bbox 1520 3461 1636 3502; x_wconf 75' lang='lat' dir='ltr'><strong>.nec</strong></span> <span class='ocrx_word' id='word_1_334' title='bbox 1677 3461 1888 3517; x_wconf 83' lang='lat' dir='ltr'><strong>semper</strong></span> <span class='ocrx_word' id='word_1_335' title='bbox 1921 3446 2035 3502; x_wconf 78' lang='lat' dir='ltr'><strong>fore</strong></span> <span class='ocrx_word' id='word_1_336' title='bbox 2065 3493 2073 3502; x_wconf 89' lang='lat'><strong>.</strong></span> 
     </span>
    </p>
   </div>
   <div class='ocr_carea' id='block_1_48' title="bbox 468 3517 2036 3607">
    <p class='ocr_par' dir='ltr' id='par_1_48' title="bbox 468 3517 2036 3607">
     <span class='ocr_line' id='line_1_48' title="bbox 468 3517 2036 3607; baseline 0.001 -15"><span class='ocrx_word' id='word_1_337' title='bbox 468 3537 682 3606; x_wconf 81' lang='lat' dir='ltr'><strong>scriptis</strong></span> <span class='ocrx_word' id='word_1_338' title='bbox 706 3538 822 3592; x_wconf 87' lang='lat' dir='ltr'><strong>suis</strong></span> <span class='ocrx_word' id='word_1_339' title='bbox 847 3517 1216 3596; x_wconf 77' lang='lat' dir='ltr'><strong>testificantur.</strong></span> <span class='ocrx_word' id='word_1_340' title='bbox 1240 3537 1388 3592; x_wconf 86' lang='lat' dir='ltr'><strong>Unde</strong></span> <span class='ocrx_word' id='word_1_341' title='bbox 1412 3538 1591 3593; x_wconf 86' lang='lat' dir='ltr'><strong>divino</strong></span> <span class='ocrx_word' id='word_1_342' title='bbox 1615 3537 2036 3607; x_wconf 28' lang='lat' dir='ltr'><strong>Spirituzpratvi-</strong></span> 
     </span>
    </p>
   </div>
   <div class='ocr_carea' id='block_1_49' title="bbox 469 3616 2032 3706">
    <p class='ocr_par' dir='ltr' id='par_1_49' title="bbox 469 3616 2032 3706">
     <span class='ocr_line' id='line_1_49' title="bbox 469 3616 2032 3706; baseline 0.002 -25"><span class='ocrx_word' id='word_1_343' title='bbox 469 3619 862 3682; x_wconf 55' lang='lat' dir='ltr'><strong>dens&#39;sanctus</strong></span> <span class='ocrx_word' id='word_1_344' title='bbox 909 3626 1117 3697; x_wconf 77' lang='lat' dir='ltr'><strong>Moyses</strong></span> <span class='ocrx_word' id='word_1_345' title='bbox 1169 3629 1267 3682; x_wconf 90' lang='lat' dir='ltr'><strong>hos</strong></span> <span class='ocrx_word' id='word_1_346' title='bbox 1309 3616 1592 3697; x_wconf 80' lang='lat' dir='ltr'><strong>hominum</strong></span> <span class='ocrx_word' id='word_1_347' title='bbox 1637 3643 1848 3706; x_wconf 79' lang='lat' dir='ltr'><strong>errores</strong></span> <span class='ocrx_word' id='word_1_348' title='bbox 1886 3625 2032 3696; x_wconf 66' lang='lat' dir='ltr'><strong>fore,</strong></span> 
     </span>
    </p>
   </div>
   <div class='ocr_carea' id='block_1_50' title="bbox 468 3716 2029 3786">
    <p class='ocr_par' dir='ltr' id='par_1_50' title="bbox 468 3716 2029 3786">
     <span class='ocr_line' id='line_1_50' title="bbox 468 3716 2029 3786; baseline 0.002 -16"><span class='ocrx_word' id='word_1_349' title='bbox 468 3717 630 3770; x_wconf 84' lang='lat' dir='ltr'><strong>etiam</strong></span> <span class='ocrx_word' id='word_1_350' title='bbox 659 3716 797 3770; x_wconf 86' lang='lat' dir='ltr'><strong>forte</strong></span> <span class='ocrx_word' id='word_1_351' title='bbox 825 3717 1071 3786; x_wconf 75' lang='lat' dir='ltr'><strong>cmpisse,</strong></span> <span class='ocrx_word' id='word_1_352' title='bbox 1105 3717 1156 3770; x_wconf 90' lang='lat' dir='ltr'><strong>in</strong></span> <span class='ocrx_word' id='word_1_353' title='bbox 1177 3716 1406 3772; x_wconf 81' lang='lat' dir='ltr'><strong>exordio</strong></span> <span class='ocrx_word' id='word_1_354' title='bbox 1429 3717 1693 3774; x_wconf 88' lang='lat' dir='ltr'><strong>sermonis</strong></span> <span class='ocrx_word' id='word_1_355' title='bbox 1717 3719 1800 3772; x_wconf 90' lang='lat' dir='ltr'><strong>sui</strong></span> <span class='ocrx_word' id='word_1_356' title='bbox 1821 3718 1896 3773; x_wconf 80' lang='lat' dir='ltr'><strong>sic</strong></span> <span class='ocrx_word' id='word_1_357' title='bbox 1919 3719 1993 3771; x_wconf 87' lang='lat' dir='ltr'><strong>ait</strong></span> <span class='ocrx_word' id='word_1_358' title='bbox 2017 3735 2029 3773; x_wconf 91' lang='lat'><strong>:</strong></span> 
     </span>
    </p>
   </div>
   <div class='ocr_carea' id='block_1_51' title="bbox 467 3803 2033 3875">
    <p class='ocr_par' dir='ltr' id='par_1_51' title="bbox 467 3803 2033 3875">
     <span class='ocr_line' id='line_1_51' title="bbox 467 3803 2033 3875; baseline 0.001 -18"><span class='ocrx_word' id='word_1_359' title='bbox 467 3803 533 3858; x_wconf 78' lang='lat' dir='ltr'><strong>In</strong></span> <span class='ocrx_word' id='word_1_360' title='bbox 559 3805 815 3875; x_wconf 78' lang='lat' dir='ltr'><strong>principio</strong></span> <span class='ocrx_word' id='word_1_361' title='bbox 843 3804 962 3872; x_wconf 77' lang='lat' dir='ltr'><strong>fecit</strong></span> <span class='ocrx_word' id='word_1_362' title='bbox 978 3803 1148 3868; x_wconf 76' lang='lat' dir='ltr'><strong>Deus,</strong></span> <span class='ocrx_word' id='word_1_363' title='bbox 1178 3812 1283 3861; x_wconf 86' lang='lat' dir='ltr'><strong>etc.</strong></span> <span class='ocrx_word' id='word_1_364' title='bbox 1316 3803 1528 3857; x_wconf 91' lang='lat' dir='ltr'><strong>initium</strong></span> <span class='ocrx_word' id='word_1_365' title='bbox 1555 3817 1735 3857; x_wconf 85' lang='lat' dir='ltr'><strong>rerum</strong></span> <span class='ocrx_word' id='word_1_366' title='bbox 1760 3811 2033 3872; x_wconf 88' lang='lat' dir='ltr'><strong>auctorem</strong></span> 
     </span>
    </p>
   </div>
   <div class='ocr_carea' id='block_1_52' title="bbox 467 3893 2032 3963">
    <p class='ocr_par' dir='ltr' id='par_1_52' title="bbox 467 3893 2032 3963">
     <span class='ocr_line' id='line_1_52' title="bbox 467 3893 2032 3963; baseline 0 -15"><span class='ocrx_word' id='word_1_367' title='bbox 467 3894 672 3958; x_wconf 83' lang='lat' dir='ltr'><strong>tnun‘di,</strong></span> <span class='ocrx_word' id='word_1_368' title='bbox 697 3895 1018 3952; x_wconf 67' lang='lat' dir='ltr'><strong>creationem</strong></span> <span class='ocrx_word' id='word_1_369' title='bbox 1043 3893 1277 3951; x_wconf 65' lang='lat' dir='ltr'><strong>materia:</strong></span> <span class='ocrx_word' id='word_1_370' title='bbox 1297 3893 1846 3963; x_wconf 81' lang='lat' dir='ltr'><strong>comprelieudens,ut</strong></span> <span class='ocrx_word' id='word_1_371' title='bbox 1864 3894 2032 3948; x_wconf 91' lang='lat' dir='ltr'><strong>Deum</strong></span> 
     </span>
    </p>
   </div>
   <div class='ocr_carea' id='block_1_53' title="bbox 467 3983 2030 4055">
    <p class='ocr_par' dir='ltr' id='par_1_53' title="bbox 467 3983 2030 4055">
     <span class='ocr_line' id='line_1_53' title="bbox 467 3983 2030 4055; baseline 0 -15"><span class='ocrx_word' id='word_1_372' title='bbox 467 4001 818 4055; x_wconf 83' lang='lat' dir='ltr'><strong>cognosceres</strong></span> <span class='ocrx_word' id='word_1_373' title='bbox 838 3994 961 4040; x_wconf 80' lang='lat' dir='ltr'><strong>ante</strong></span> <span class='ocrx_word' id='word_1_374' title='bbox 990 3984 1198 4038; x_wconf 89' lang='lat' dir='ltr'><strong>initium</strong></span> <span class='ocrx_word' id='word_1_375' title='bbox 1232 3985 1415 4038; x_wconf 75' lang='lat' dir='ltr'><strong>munzli</strong></span> <span class='ocrx_word' id='word_1_376' title='bbox 1439 3998 1574 4048; x_wconf 73' lang='lat' dir='ltr'><strong>esse,</strong></span> <span class='ocrx_word' id='word_1_377' title='bbox 1604 3983 1687 4039; x_wconf 91' lang='lat' dir='ltr'><strong>vel</strong></span> <span class='ocrx_word' id='word_1_378' title='bbox 1717 3984 1890 4053; x_wconf 88' lang='lat' dir='ltr'><strong>ipsum</strong></span> <span class='ocrx_word' id='word_1_379' title='bbox 1908 3999 2030 4047; x_wconf 83' lang='lat' dir='ltr'><strong>esse</strong></span> 
     </span>
    </p>
   </div>
   <div class='ocr_carea' id='block_1_54' title="bbox 2138 2811 3702 2888">
    <p class='ocr_par' dir='ltr' id='par_1_54' title="bbox 2138 2811 3702 2888">
     <span class='ocr_line' id='line_1_54' title="bbox 2138 2811 3702 2888; baseline 0.004 -22"><span class='ocrx_word' id='word_1_380' title='bbox 2138 2823 2318 2868; x_wconf 90' lang='lat' dir='ltr'><strong>autem</strong></span> <span class='ocrx_word' id='word_1_381' title='bbox 2347 2814 2391 2868; x_wconf 89' lang='lat' dir='ltr'><strong>si</strong></span> <span class='ocrx_word' id='word_1_382' title='bbox 2419 2811 2640 2880; x_wconf 81' lang='lat' dir='ltr'><strong>referas,</strong></span> <span class='ocrx_word' id='word_1_383' title='bbox 2671 2816 2744 2869; x_wconf 87' lang='lat' dir='ltr'><strong>ita</strong></span> <span class='ocrx_word' id='word_1_384' title='bbox 2769 2817 3018 2871; x_wconf 83' lang='lat' dir='ltr'><strong>convenit</strong></span> <span class='ocrx_word' id='word_1_385' title='bbox 3046 2825 3103 2870; x_wconf 93' lang='lat' dir='ltr'><strong>ut</strong></span> <span class='ocrx_word' id='word_1_386' title='bbox 3131 2817 3175 2871; x_wconf 91' lang='lat' dir='ltr'><strong>si</strong></span> <span class='ocrx_word' id='word_1_387' title='bbox 3203 2817 3351 2872; x_wconf 88' lang='lat' dir='ltr'><strong>dicas</strong></span> <span class='ocrx_word' id='word_1_388' title='bbox 3377 2835 3390 2870; x_wconf 84' lang='lat'><strong>:</strong></span> <span class='ocrx_word' id='word_1_389' title='bbox 3425 2818 3479 2871; x_wconf 87' lang='lat' dir='ltr'><strong>In</strong></span> <span class='ocrx_word' id='word_1_390' title='bbox 3511 2820 3702 2888; x_wconf 82' lang='lat' dir='ltr'><strong>primis</strong></span> 
     </span>
    </p>
   </div>
   <div class='ocr_carea' id='block_1_55' title="bbox 2137 2896 3701 2976">
    <p class='ocr_par' dir='ltr' id='par_1_55' title="bbox 2137 2896 3701 2976">
     <span class='ocr_line' id='line_1_55' title="bbox 2137 2896 3701 2976; baseline 0.004 -20"><span class='ocrx_word' id='word_1_391' title='bbox 2137 2902 2263 2958; x_wconf 88' lang='lat' dir='ltr'><strong>fecit</strong></span> <span class='ocrx_word' id='word_1_392' title='bbox 2285 2903 2478 2959; x_wconf 60' lang='lat' dir='ltr'><strong>uatium</strong></span> <span class='ocrx_word' id='word_1_393' title='bbox 2502 2897 2556 2958; x_wconf 79' lang='lat' dir='ltr'><strong>et</strong></span> <span class='ocrx_word' id='word_1_394' title='bbox 2584 2896 2806 2968; x_wconf 85' lang='lat' dir='ltr'><strong>terram,</strong></span> <span class='ocrx_word' id='word_1_395' title='bbox 2835 2905 3025 2960; x_wconf 88' lang='lat' dir='ltr'><strong>deinde</strong></span> <span class='ocrx_word' id='word_1_396' title='bbox 3060 2898 3238 2970; x_wconf 73' lang='lat' dir='ltr'><strong>colles,</strong></span> <span class='ocrx_word' id='word_1_397' title='bbox 3271 2907 3534 2976; x_wconf 83' lang='lat' dir='ltr'><strong>regiones,</strong></span> <span class='ocrx_word' id='word_1_398' title='bbox 3567 2909 3701 2963; x_wconf 87' lang='lat' dir='ltr'><strong>lines</strong></span> 
     </span>
    </p>
   </div>
   <div class='ocr_carea' id='block_1_56' title="bbox 2138 2989 3701 3064">
    <p class='ocr_par' dir='ltr' id='par_1_56' title="bbox 2138 2989 3701 3064">
     <span class='ocr_line' id='line_1_56' title="bbox 2138 2989 3701 3064; baseline 0.003 -17"><span class='ocrx_word' id='word_1_399' title='bbox 2138 2993 2534 3059; x_wconf 84' lang='lat' dir='ltr'><strong>inhabitabiles,</strong></span> <span class='ocrx_word' id='word_1_400' title='bbox 2584 2989 2726 3062; x_wconf 76' lang='lat' dir='ltr'><strong>ligna</strong></span> <span class='ocrx_word' id='word_1_401' title='bbox 2768 2993 3062 3062; x_wconf 75' lang='lat' dir='ltr'><strong>fructifera,</strong></span> <span class='ocrx_word' id='word_1_402' title='bbox 3109 2995 3268 3058; x_wconf 80' lang='lat' dir='ltr'><strong>diem,</strong></span> <span class='ocrx_word' id='word_1_403' title='bbox 3309 2998 3544 3064; x_wconf 85' lang='lat' dir='ltr'><strong>noctem,</strong></span> <span class='ocrx_word' id='word_1_404' title='bbox 3585 2999 3701 3051; x_wconf 87' lang='lat' dir='ltr'><strong>ani—</strong></span> 
     </span>
    </p>
   </div>
   <div class='ocr_carea' id='block_1_57' title="bbox 2138 3077 3697 3154">
    <p class='ocr_par' dir='ltr' id='par_1_57' title="bbox 2138 3077 3697 3154">
     <span class='ocr_line' id='line_1_57' title="bbox 2138 3077 3697 3154; baseline 0.003 -17"><span class='ocrx_word' id='word_1_405' title='bbox 2138 3083 2398 3137; x_wconf 84' lang='lat' dir='ltr'><strong>mantium</strong></span> <span class='ocrx_word' id='word_1_406' title='bbox 2428 3077 2643 3152; x_wconf 82' lang='lat' dir='ltr'><strong>genera.</strong></span> <span class='ocrx_word' id='word_1_407' title='bbox 2679 3082 2896 3154; x_wconf 81' lang='lat' dir='ltr'><strong>(Beda.)&#39;</strong></span> <span class='ocrx_word' id='word_1_408' title='bbox 2921 3083 2978 3138; x_wconf 86' lang='lat' dir='ltr'><strong>Si</strong></span> <span class='ocrx_word' id='word_1_409' title='bbox 3017 3085 3085 3138; x_wconf 77' lang='lat' dir='ltr'><strong>all</strong></span> <span class='ocrx_word' id='word_1_410' title='bbox 3113 3079 3526 3140; x_wconf 80' lang='lat' dir='ltr'><strong>fundamentum</strong></span> <span class='ocrx_word' id='word_1_411' title='bbox 3556 3087 3697 3141; x_wconf 83' lang='lat' dir='ltr'><strong>refe-</strong></span> 
     </span>
    </p>
   </div>
   <div class='ocr_carea' id='block_1_58' title="bbox 2138 3163 3697 3250">
    <p class='ocr_par' dir='ltr' id='par_1_58' title="bbox 2138 3163 3697 3250">
     <span class='ocr_line' id='line_1_58' title="bbox 2138 3163 3697 3250; baseline 0.003 -25"><span class='ocrx_word' id='word_1_412' title='bbox 2138 3166 2228 3250; x_wconf 83' lang='lat' dir='ltr'><strong>ras</strong></span> <span class='ocrx_word' id='word_1_413' title='bbox 2270 3163 2612 3244; x_wconf 77' lang='lat' dir='ltr'><strong>princ&#39;ip&#39;ium,</strong></span> <span class='ocrx_word' id='word_1_414' title='bbox 2661 3172 2926 3240; x_wconf 86' lang='lat' dir='ltr'><strong>quomodo</strong></span> <span class='ocrx_word' id='word_1_415' title='bbox 2955 3172 3006 3226; x_wconf 93' lang='lat' dir='ltr'><strong>in</strong></span> <span class='ocrx_word' id='word_1_416' title='bbox 3035 3172 3342 3250; x_wconf 72' lang='lat' dir='ltr'><strong>teditlcan‘da</strong></span> <span class='ocrx_word' id='word_1_417' title='bbox 3375 3175 3550 3237; x_wconf 87' lang='lat' dir='ltr'><strong>domo,</strong></span> <span class='ocrx_word' id='word_1_418' title='bbox 3597 3175 3697 3229; x_wconf 76' lang='lat' dir='ltr'><strong>ini-</strong></span> 
     </span>
    </p>
   </div>
   <div class='ocr_carea' id='block_1_59' title="bbox 2137 3247 3693 3333">
    <p class='ocr_par' dir='ltr' id='par_1_59' title="bbox 2137 3247 3693 3333">
     <span class='ocr_line' id='line_1_59' title="bbox 2137 3247 3693 3333; baseline 0.001 -18"><span class='ocrx_word' id='word_1_419' title='bbox 2137 3247 2277 3318; x_wconf 66' lang='lat' dir='ltr'><strong>tium‘</strong></span> <span class='ocrx_word' id='word_1_420' title='bbox 2315 3259 2722 3323; x_wconf 83' lang='lat' dir='ltr'><strong>fundamentum</strong></span> <span class='ocrx_word' id='word_1_421' title='bbox 2769 3260 2882 3328; x_wconf 75' lang='lat' dir='ltr'><strong>est,</strong></span> <span class='ocrx_word' id='word_1_422' title='bbox 2925 3261 3246 3333; x_wconf 81' lang='lat' dir='ltr'><strong>principium</strong></span> <span class='ocrx_word' id='word_1_423' title='bbox 3284 3247 3693 3318; x_wconf 70' lang='lat' dir='ltr'><strong>fundamentum</strong></span> 
     </span>
    </p>
   </div>
   <div class='ocr_carea' id='block_1_60' title="bbox 2134 3341 3694 3424">
    <p class='ocr_par' dir='ltr' id='par_1_60' title="bbox 2134 3341 3694 3424">
     <span class='ocr_line' id='line_1_60' title="bbox 2134 3341 3694 3424; baseline -0.001 -14"><span class='ocrx_word' id='word_1_424' title='bbox 2134 3369 2253 3410; x_wconf 88' lang='lat' dir='ltr'><strong>esse</strong></span> <span class='ocrx_word' id='word_1_425' title='bbox 2281 3354 2437 3408; x_wconf 73' lang='lat' dir='ltr'><strong>terra:</strong></span> <span class='ocrx_word' id='word_1_426' title='bbox 2470 3352 2669 3424; x_wconf 77' lang='lat' dir='ltr'><strong>legiSti,</strong></span> <span class='ocrx_word' id='word_1_427' title='bbox 2690 3341 3207 3423; x_wconf 26' lang='lat' dir='ltr'><strong>dicentev&#39;Sapieritia</strong></span> <span class='ocrx_word' id='word_1_428' title='bbox 3232 3370 3245 3408; x_wconf 87' lang='lat'><strong>:</strong></span> <span class='ocrx_word' id='word_1_429' title='bbox 3274 3352 3498 3418; x_wconf 80' lang='lat' dir='ltr'><strong>Quando</strong></span> <span class='ocrx_word' id='word_1_430' title='bbox 3536 3355 3694 3422; x_wconf 85' lang='lat' dir='ltr'><strong>fortia</strong></span> 
     </span>
    </p>
   </div>
   <div class='ocr_carea' id='block_1_61' title="bbox 2137 3427 3692 3514">
    <p class='ocr_par' dir='ltr' id='par_1_61' title="bbox 2137 3427 3692 3514">
     <span class='ocr_line' id='line_1_61' title="bbox 2137 3427 3692 3514; baseline 0.001 -20"><span class='ocrx_word' id='word_1_431' title='bbox 2137 3442 2254 3514; x_wconf 70' lang='lat' dir='ltr'><strong>fecit</strong></span> <span class='ocrx_word' id='word_1_432' title='bbox 2282 3441 2617 3510; x_wconf 77' lang='lat' dir='ltr'><strong>fundamenta</strong></span> <span class='ocrx_word' id='word_1_433' title='bbox 2645 3450 2817 3506; x_wconf 73' lang='lat' dir='ltr'><strong>teme,</strong></span> <span class='ocrx_word' id='word_1_434' title='bbox 2848 3451 2986 3496; x_wconf 81' lang='lat' dir='ltr'><strong>eram</strong></span> <span class='ocrx_word' id='word_1_435' title='bbox 3022 3458 3175 3511; x_wconf 71' lang='lat' dir='ltr'><strong>penes</strong></span> <span class='ocrx_word' id='word_1_436' title='bbox 3223 3427 3370 3496; x_wconf 64' lang='lat' dir='ltr'><strong>iitum</strong></span> <span class='ocrx_word' id='word_1_437' title='bbox 3393 3443 3692 3512; x_wconf 77' lang='lat' dir='ltr'><strong>disponens.</strong></span> 
     </span>
    </p>
   </div>
   <div class='ocr_carea' id='block_1_62' title="bbox 2136 3527 3697 3600">
    <p class='ocr_par' dir='ltr' id='par_1_62' title="bbox 2136 3527 3697 3600">
     <span class='ocr_line' id='line_1_62' title="bbox 2136 3527 3697 3600; baseline 0.002 -18"><span class='ocrx_word' id='word_1_438' title='bbox 2136 3527 2433 3600; x_wconf 83' lang='lat' dir='ltr'><strong>(Sap.vu|).</strong></span> <span class='ocrx_word' id='word_1_439' title='bbox 2460 3528 2723 3584; x_wconf 65' lang='lat' dir='ltr'><strong>Voluntas</strong></span> <span class='ocrx_word' id='word_1_440' title='bbox 2746 3543 2873 3599; x_wconf 88' lang='lat' dir='ltr'><strong>ergo</strong></span> <span class='ocrx_word' id='word_1_441' title='bbox 2897 3529 3010 3594; x_wconf 83' lang='lat' dir='ltr'><strong>Dei,</strong></span> <span class='ocrx_word' id='word_1_442' title='bbox 3042 3529 3443 3584; x_wconf 76' lang='lat' dir='ltr'><strong>fundamentum</strong></span> <span class='ocrx_word' id='word_1_443' title='bbox 3471 3540 3553 3586; x_wconf 82' lang='lat' dir='ltr'><strong>est</strong></span> <span class='ocrx_word' id='word_1_444' title='bbox 3579 3533 3697 3586; x_wconf 88' lang='lat' dir='ltr'><strong>uni-</strong></span> 
     </span>
    </p>
   </div>
   <div class='ocr_carea' id='block_1_63' title="bbox 2119 3617 3696 3696">
    <p class='ocr_par' dir='ltr' id='par_1_63' title="bbox 2119 3617 3696 3696">
     <span class='ocr_line' id='line_1_63' title="bbox 2119 3617 3696 3696; baseline 0.001 -24"><span class='ocrx_word' id='word_1_445' title='bbox 2119 3627 2433 3696; x_wconf 82' lang='lat' dir='ltr'><strong>_vc‘rsurum.</strong></span> <span class='ocrx_word' id='word_1_446' title='bbox 2469 3617 2531 3671; x_wconf 83' lang='lat' dir='ltr'><strong>in</strong></span> <span class='ocrx_word' id='word_1_447' title='bbox 2571 3619 2834 3688; x_wconf 86' lang='lat' dir='ltr'><strong>principio</strong></span> <span class='ocrx_word' id='word_1_448' title='bbox 2874 3619 3054 3687; x_wconf 87' lang='lat' dir='ltr'><strong>itaque</strong></span> <span class='ocrx_word' id='word_1_449' title='bbox 3085 3620 3367 3687; x_wconf 69' lang='lat' dir='ltr'><strong>temporis,</strong></span> <span class='ocrx_word' id='word_1_450' title='bbox 3417 3620 3611 3674; x_wconf 64' lang='lat' dir='ltr'><strong>collum</strong></span> <span class='ocrx_word' id='word_1_451' title='bbox 3637 3627 3696 3674; x_wconf 85' lang='lat' dir='ltr'><strong>et</strong></span> 
     </span>
    </p>
   </div>
   <div class='ocr_carea' id='block_1_64' title="bbox 2134 3707 3695 3777">
    <p class='ocr_par' dir='ltr' id='par_1_64' title="bbox 2134 3707 3695 3777">
     <span class='ocr_line' id='line_1_64' title="bbox 2134 3707 3695 3777; baseline 0.001 -16"><span class='ocrx_word' id='word_1_452' title='bbox 2134 3716 2332 3761; x_wconf 88' lang='lat' dir='ltr'><strong>terram</strong></span> <span class='ocrx_word' id='word_1_453' title='bbox 2361 3707 2500 3761; x_wconf 87' lang='lat' dir='ltr'><strong>Deus</strong></span> <span class='ocrx_word' id='word_1_454' title='bbox 2525 3707 2669 3761; x_wconf 86' lang='lat' dir='ltr'><strong>fecit.</strong></span> <span class='ocrx_word' id='word_1_455' title='bbox 2699 3707 2931 3777; x_wconf 85' lang='lat' dir='ltr'><strong>Tempus</strong></span> <span class='ocrx_word' id='word_1_456' title='bbox 2952 3708 3094 3761; x_wconf 90' lang='lat' dir='ltr'><strong>enim</strong></span> <span class='ocrx_word' id='word_1_457' title='bbox 3122 3708 3311 3762; x_wconf 36' lang='lat' dir='ltr'><strong>abvhoc</strong></span> <span class='ocrx_word' id='word_1_458' title='bbox 3332 3708 3550 3774; x_wconf 89' lang='lat' dir='ltr'><strong>mundo,</strong></span> <span class='ocrx_word' id='word_1_459' title='bbox 3587 3725 3695 3763; x_wconf 85' lang='lat' dir='ltr'><strong>non</strong></span> 
     </span>
    </p>
   </div>
   <div class='ocr_carea' id='block_1_65' title="bbox 2134 3789 3694 3878">
    <p class='ocr_par' dir='ltr' id='par_1_65' title="bbox 2134 3789 3694 3878">
     <span class='ocr_line' id='line_1_65' title="bbox 2134 3789 3694 3878; baseline 0.001 -25"><span class='ocrx_word' id='word_1_460' title='bbox 2134 3807 2258 3854; x_wconf 86' lang='lat' dir='ltr'><strong>ante</strong></span> <span class='ocrx_word' id='word_1_461' title='bbox 2289 3798 2542 3869; x_wconf 86' lang='lat' dir='ltr'><strong>mundum</strong></span> <span class='ocrx_word' id='word_1_462' title='bbox 2575 3817 2587 3852; x_wconf 92' lang='lat'>:</span> <span class='ocrx_word' id='word_1_463' title='bbox 2614 3799 2730 3853; x_wconf 90' lang='lat' dir='ltr'><strong>dies</strong></span> <span class='ocrx_word' id='word_1_464' title='bbox 2755 3809 2933 3852; x_wconf 88' lang='lat' dir='ltr'><strong>autem</strong></span> <span class='ocrx_word' id='word_1_465' title='bbox 2960 3789 3219 3878; x_wconf 78' lang='lat' dir='ltr'><strong>temporis</strong></span> <span class='ocrx_word' id='word_1_466' title='bbox 3249 3809 3328 3853; x_wconf 89' lang='lat' dir='ltr'><strong>est</strong></span> <span class='ocrx_word' id='word_1_467' title='bbox 3355 3800 3554 3868; x_wconf 89' lang='lat' dir='ltr'><strong>portio,</strong></span> <span class='ocrx_word' id='word_1_468' title='bbox 3586 3815 3694 3855; x_wconf 84' lang='lat' dir='ltr'><strong>non</strong></span> 
     </span>
    </p>
   </div>
   <div class='ocr_carea' id='block_1_66' title="bbox 2132 3889 3695 3961">
    <p class='ocr_par' dir='ltr' id='par_1_66' title="bbox 2132 3889 3695 3961">
     <span class='ocr_line' id='line_1_66' title="bbox 2132 3889 3695 3961; baseline 0.004 -19"><span class='ocrx_word' id='word_1_469' title='bbox 2132 3890 2473 3959; x_wconf 80' lang='lat' dir='ltr'><strong>principium.</strong></span> <span class='ocrx_word' id='word_1_470' title='bbox 2523 3890 2663 3945; x_wconf 88' lang='lat' dir='ltr'><strong>Deus</strong></span> <span class='ocrx_word' id='word_1_471' title='bbox 2709 3898 2908 3955; x_wconf 88' lang='lat' dir='ltr'><strong>autem,</strong></span> <span class='ocrx_word' id='word_1_472' title='bbox 2949 3889 3098 3959; x_wconf 82' lang='lat' dir='ltr'><strong>cujus</strong></span> <span class='ocrx_word' id='word_1_473' title='bbox 3137 3891 3472 3961; x_wconf 88' lang='lat' dir='ltr'><strong>omnipotens</strong></span> <span class='ocrx_word' id='word_1_474' title='bbox 3502 3909 3695 3949; x_wconf 83' lang='lat' dir='ltr'><strong>manus</strong></span> 
     </span>
    </p>
   </div>
   <div class='ocr_carea' id='block_1_67' title="bbox 2132 3977 3694 4054">
    <p class='ocr_par' dir='ltr' id='par_1_67' title="bbox 2132 3977 3694 4054">
     <span class='ocr_line' id='line_1_67' title="bbox 2132 3977 3694 4054; baseline 0.005 -20"><span class='ocrx_word' id='word_1_475' title='bbox 2132 3987 2233 4044; x_wconf 92' lang='lat' dir='ltr'><strong>est,</strong></span> <span class='ocrx_word' id='word_1_476' title='bbox 2263 3977 2327 4033; x_wconf 87' lang='lat' dir='ltr'><strong>ad</strong></span> <span class='ocrx_word' id='word_1_477' title='bbox 2356 3980 2671 4049; x_wconf 64' lang='lat' dir='ltr'><strong>explendum</strong></span> <span class='ocrx_word' id='word_1_478' title='bbox 2703 3997 2836 4052; x_wconf 89' lang='lat' dir='ltr'><strong>opus</strong></span> <span class='ocrx_word' id='word_1_479' title='bbox 2863 3998 3018 4037; x_wconf 87' lang='lat' dir='ltr'><strong>suum</strong></span> <span class='ocrx_word' id='word_1_480' title='bbox 3074 4000 3179 4038; x_wconf 92' lang='lat' dir='ltr'><strong>non</strong></span> <span class='ocrx_word' id='word_1_481' title='bbox 3210 3986 3355 4054; x_wconf 87' lang='lat' dir='ltr'><strong>eguit</strong></span> <span class='ocrx_word' id='word_1_482' title='bbox 3383 4001 3535 4040; x_wconf 86' lang='lat' dir='ltr'><strong>mora</strong></span> <span class='ocrx_word' id='word_1_483' title='bbox 3563 3997 3694 4042; x_wconf 87' lang='lat' dir='ltr'><strong>tem-</strong></span> 
     </span>
    </p>
   </div>
   <div class='ocr_carea' id='block_1_68' title="bbox 467 4061 3695 4148">
    <p class='ocr_par' dir='ltr' id='par_1_68' title="bbox 467 4061 3695 4148">
     <span class='ocr_line' id='line_1_68' title="bbox 467 4061 3695 4148; baseline 0.002 -23"><span class='ocrx_word' id='word_1_484' title='bbox 467 4073 680 4128; x_wconf 81' lang='lat' dir='ltr'><strong>initium</strong></span> <span class='ocrx_word' id='word_1_485' title='bbox 729 4074 1098 4129; x_wconf 88' lang='lat' dir='ltr'><strong>universorum</strong></span> <span class='ocrx_word' id='word_1_486' title='bbox 1127 4088 1142 4126; x_wconf 90' lang='lat'><strong>:</strong></span> <span class='ocrx_word' id='word_1_487' title='bbox 1179 4071 1241 4125; x_wconf 78' lang='lat' dir='ltr'><strong>In</strong></span> <span class='ocrx_word' id='word_1_488' title='bbox 1281 4074 1569 4142; x_wconf 81' lang='lat' dir='ltr'><strong>principio,</strong></span> <span class='ocrx_word' id='word_1_489' title='bbox 1607 4073 1808 4143; x_wconf 75' lang='lat' dir='ltr'><strong>inquit.</strong></span> <span class='ocrx_word' id='word_1_490' title='bbox 1860 4074 2028 4140; x_wconf 86' lang='lat' dir='ltr'><strong>Quam</strong></span> <span class='ocrx_word' id='word_1_491' title='bbox 2058 4064 2101 4126; x_wconf 89' lang='lat' dir='ltr'>C</span> <span class='ocrx_word' id='word_1_492' title='bbox 2132 4083 2322 4137; x_wconf 82' lang='lat' dir='ltr'><strong>porum</strong></span> <span class='ocrx_word' id='word_1_493' title='bbox 2353 4086 2364 4121; x_wconf 94' lang='lat'>:</span> <span class='ocrx_word' id='word_1_494' title='bbox 2394 4061 2540 4138; x_wconf 72' lang='lat' dir='ltr'><strong>quia,</strong></span> <span class='ocrx_word' id='word_1_495' title='bbox 2567 4070 2707 4124; x_wconf 69' lang='lat' dir='ltr'><strong>sicut</strong></span> <span class='ocrx_word' id='word_1_496' title='bbox 2733 4071 2990 4140; x_wconf 69' lang='lat' dir='ltr'><strong>scriptum</strong></span> <span class='ocrx_word' id='word_1_497' title='bbox 3025 4082 3127 4139; x_wconf 84' lang='lat' dir='ltr'><strong>est,</strong></span> <span class='ocrx_word' id='word_1_498' title='bbox 3155 4072 3344 4128; x_wconf 83' lang='lat' dir='ltr'><strong>Omnia</strong></span> <span class='ocrx_word' id='word_1_499' title='bbox 3375 4092 3695 4148; x_wconf 77' lang='lat' dir='ltr'><strong>qua’cunque</strong></span> 
     </span>
    </p>
   </div>
   <div class='ocr_carea' id='block_1_69' title="bbox 467 4161 2032 4233">
    <p class='ocr_par' dir='ltr' id='par_1_69' title="bbox 467 4161 2032 4233">
     <span class='ocr_line' id='line_1_69' title="bbox 467 4161 2032 4233; baseline -0.001 -15"><span class='ocrx_word' id='word_1_500' title='bbox 467 4162 640 4218; x_wconf 80' lang='lat' dir='ltr'><strong>bonus</strong></span> <span class='ocrx_word' id='word_1_501' title='bbox 669 4162 802 4216; x_wconf 86' lang='lat' dir='ltr'><strong>ordo</strong></span> <span class='ocrx_word' id='word_1_502' title='bbox 840 4171 899 4218; x_wconf 92' lang='lat' dir='ltr'><strong>ut</strong></span> <span class='ocrx_word' id='word_1_503' title='bbox 936 4161 1064 4216; x_wconf 83' lang='lat' dir='ltr'><strong>illud</strong></span> <span class='ocrx_word' id='word_1_504' title='bbox 1094 4163 1324 4230; x_wconf 87' lang='lat' dir='ltr'><strong>primum</strong></span> <span class='ocrx_word' id='word_1_505' title='bbox 1356 4172 1642 4226; x_wconf 86' lang='lat' dir='ltr'><strong>assereret,</strong></span> <span class='ocrx_word' id='word_1_506' title='bbox 1673 4163 1813 4232; x_wconf 87' lang='lat' dir='ltr'><strong>quod</strong></span> <span class='ocrx_word' id='word_1_507' title='bbox 1839 4177 2032 4233; x_wconf 86' lang='lat' dir='ltr'><strong>negare</strong></span> 
     </span>
    </p>
   </div>
   <div class='ocr_carea' id='block_1_70' title="bbox 472 4242 2034 4318">
    <p class='ocr_par' dir='ltr' id='par_1_70' title="bbox 472 4242 2034 4318">
     <span class='ocr_line' id='line_1_70' title="bbox 472 4242 2034 4318; baseline 0.001 -15"><span class='ocrx_word' id='word_1_508' title='bbox 472 4259 901 4311; x_wconf 70' lang='lat' dir='ltr'><strong>consueverant,</strong></span> <span class='ocrx_word' id='word_1_509' title='bbox 977 4258 1032 4303; x_wconf 90' lang='lat' dir='ltr'><strong>et</strong></span> <span class='ocrx_word' id='word_1_510' title='bbox 1092 4256 1477 4318; x_wconf 83' lang='lat' dir='ltr'><strong>cognoscerent</strong></span> <span class='ocrx_word' id='word_1_511' title='bbox 1533 4242 1854 4318; x_wconf 79' lang='lat' dir='ltr'><strong>principium</strong></span> <span class='ocrx_word' id='word_1_512' title='bbox 1915 4265 2034 4305; x_wconf 83' lang='lat' dir='ltr'><strong>esse</strong></span> 
     </span>
    </p>
   </div>
   <div class='ocr_carea' id='block_1_71' title="bbox 467 4339 2032 4409">
    <p class='ocr_par' dir='ltr' id='par_1_71' title="bbox 467 4339 2032 4409">
     <span class='ocr_line' id='line_1_71' title="bbox 467 4339 2032 4409; baseline -0.002 -15"><span class='ocrx_word' id='word_1_513' title='bbox 467 4341 672 4404; x_wconf 80' lang='lat' dir='ltr'><strong>numdi,</strong></span> <span class='ocrx_word' id='word_1_514' title='bbox 703 4356 768 4394; x_wconf 90' lang='lat' dir='ltr'><strong>ne</strong></span> <span class='ocrx_word' id='word_1_515' title='bbox 797 4341 912 4394; x_wconf 87' lang='lat' dir='ltr'><strong>sine</strong></span> <span class='ocrx_word' id='word_1_516' title='bbox 949 4339 1214 4409; x_wconf 88' lang='lat' dir='ltr'><strong>principio</strong></span> <span class='ocrx_word' id='word_1_517' title='bbox 1252 4339 1505 4392; x_wconf 90' lang='lat' dir='ltr'><strong>mundum</strong></span> <span class='ocrx_word' id='word_1_518' title='bbox 1536 4351 1654 4393; x_wconf 87' lang='lat' dir='ltr'><strong>esse</strong></span> <span class='ocrx_word' id='word_1_519' title='bbox 1680 4339 1924 4394; x_wconf 87' lang='lat' dir='ltr'><strong>homines</strong></span> <span class='ocrx_word' id='word_1_520' title='bbox 1947 4354 2032 4392; x_wconf 88' lang='lat' dir='ltr'><strong>ar-</strong></span> 
     </span>
    </p>
   </div>
   <div class='ocr_carea' id='block_1_72' title="bbox 467 4426 2029 4497">
    <p class='ocr_par' dir='ltr' id='par_1_72' title="bbox 467 4426 2029 4497">
     <span class='ocr_line' id='line_1_72' title="bbox 467 4426 2029 4497; baseline -0.001 -16"><span class='ocrx_word' id='word_1_521' title='bbox 467 4429 750 4486; x_wconf 85' lang='lat' dir='ltr'><strong>bitrentur.</strong></span> <span class='ocrx_word' id='word_1_522' title='bbox 801 4429 865 4482; x_wconf 84' lang='lat' dir='ltr'><strong>Et</strong></span> <span class='ocrx_word' id='word_1_523' title='bbox 902 4429 1124 4497; x_wconf 86' lang='lat' dir='ltr'><strong>pulchre</strong></span> <span class='ocrx_word' id='word_1_524' title='bbox 1167 4427 1391 4491; x_wconf 81' lang='lat' dir='ltr'><strong>addidit,</strong></span> <span class='ocrx_word' id='word_1_525' title='bbox 1419 4426 1662 4496; x_wconf 79' lang='lat' dir='ltr'><strong>fecit,_ne</strong></span> <span class='ocrx_word' id='word_1_526' title='bbox 1689 4443 1839 4482; x_wconf 90' lang='lat' dir='ltr'><strong>mora</strong></span> <span class='ocrx_word' id='word_1_527' title='bbox 1869 4428 1921 4480; x_wconf 92' lang='lat' dir='ltr'><strong>in</strong></span> <span class='ocrx_word' id='word_1_528' title='bbox 1948 4426 2029 4481; x_wconf 81' lang='lat' dir='ltr'><strong>fa-</strong></span> 
     </span>
    </p>
   </div>
   <div class='ocr_carea' id='block_1_73' title="bbox 466 4516 2040 4587">
    <p class='ocr_par' dir='ltr' id='par_1_73' title="bbox 466 4516 2040 4587">
     <span class='ocr_line' id='line_1_73' title="bbox 466 4516 2040 4587; baseline -0.001 -14"><span class='ocrx_word' id='word_1_529' title='bbox 466 4519 655 4574; x_wconf 87' lang='lat' dir='ltr'><strong>ciendo</strong></span> <span class='ocrx_word' id='word_1_530' title='bbox 696 4518 859 4582; x_wconf 79' lang='lat' dir='ltr'><strong>fuisse</strong></span> <span class='ocrx_word' id='word_1_531' title='bbox 899 4519 1273 4581; x_wconf 58' lang='lat' dir='ltr'><strong>aestimaretur,</strong></span> <span class='ocrx_word' id='word_1_532' title='bbox 1315 4527 1374 4571; x_wconf 91' lang='lat' dir='ltr'><strong>ut</strong></span> <span class='ocrx_word' id='word_1_533' title='bbox 1415 4516 1497 4570; x_wconf 87' lang='lat' dir='ltr'><strong>vel</strong></span> <span class='ocrx_word' id='word_1_534' title='bbox 1548 4517 1627 4572; x_wconf 90' lang='lat' dir='ltr'><strong>sic</strong></span> <span class='ocrx_word' id='word_1_535' title='bbox 1676 4517 2040 4587; x_wconf 76' lang='lat' dir='ltr'><strong>intelligerent</strong></span> 
     </span>
    </p>
   </div>
   <div class='ocr_carea' id='block_1_74' title="bbox 467 4592 2030 4677">
    <p class='ocr_par' dir='ltr' id='par_1_74' title="bbox 467 4592 2030 4677">
     <span class='ocr_line' id='line_1_74' title="bbox 467 4592 2030 4677; baseline -0.002 -15"><span class='ocrx_word' id='word_1_536' title='bbox 467 4610 708 4664; x_wconf 88' lang='lat' dir='ltr'><strong>homines</strong></span> <span class='ocrx_word' id='word_1_537' title='bbox 727 4648 743 4673; x_wconf 95' lang='lat'><strong>,</strong></span> <span class='ocrx_word' id='word_1_538' title='bbox 790 4609 913 4677; x_wconf 84' lang='lat' dir='ltr'><strong>quia</strong></span> <span class='ocrx_word' id='word_1_539' title='bbox 935 4608 1289 4676; x_wconf 79' lang='lat' dir='ltr'><strong>incorporalis</strong></span> <span class='ocrx_word' id='word_1_540' title='bbox 1315 4592 1567 4677; x_wconf 84' lang='lat' dir='ltr'><strong>operator</strong></span> <span class='ocrx_word' id='word_1_541' title='bbox 1595 4614 1758 4671; x_wconf 88' lang='lat' dir='ltr'><strong>esset,</strong></span> <span class='ocrx_word' id='word_1_542' title='bbox 1787 4607 1877 4676; x_wconf 88' lang='lat' dir='ltr'><strong>qui</strong></span> <span class='ocrx_word' id='word_1_543' title='bbox 1905 4609 2030 4660; x_wconf 82' lang='lat' dir='ltr'><strong>tan-</strong></span> 
     </span>
    </p>
   </div>
   <div class='ocr_carea' id='block_1_75' title="bbox 468 4696 2030 4766">
    <p class='ocr_par' dir='ltr' id='par_1_75' title="bbox 468 4696 2030 4766">
     <span class='ocr_line' id='line_1_75' title="bbox 468 4696 2030 4766; baseline -0.001 -15"><span class='ocrx_word' id='word_1_544' title='bbox 468 4707 577 4751; x_wconf 89' lang='lat' dir='ltr'><strong>tum</strong></span> <span class='ocrx_word' id='word_1_545' title='bbox 618 4712 753 4766; x_wconf 89' lang='lat' dir='ltr'><strong>opus</strong></span> <span class='ocrx_word' id='word_1_546' title='bbox 781 4696 928 4750; x_wconf 86' lang='lat' dir='ltr'><strong>brevi</strong></span> <span class='ocrx_word' id='word_1_547' title='bbox 977 4697 1274 4765; x_wconf 77' lang='lat' dir='ltr'><strong>exiguoque</strong></span> <span class='ocrx_word' id='word_1_548' title='bbox 1324 4701 1597 4752; x_wconf 87' lang='lat' dir='ltr'><strong>momento</strong></span> <span class='ocrx_word' id='word_1_549' title='bbox 1626 4708 1734 4751; x_wconf 77' lang='lat' dir='ltr'><strong>sua:</strong></span> <span class='ocrx_word' id='word_1_550' title='bbox 1763 4697 2030 4766; x_wconf 56' lang='lat' dir='ltr'><strong>operatio.</strong></span> 
     </span>
    </p>
   </div>
   <div class='ocr_carea' id='block_1_76' title="bbox 466 4785 2026 4856">
    <p class='ocr_par' dir='ltr' id='par_1_76' title="bbox 466 4785 2026 4856">
     <span class='ocr_line' id='line_1_76' title="bbox 466 4785 2026 4856; baseline 0.003 -18"><span class='ocrx_word' id='word_1_551' title='bbox 466 4785 550 4838; x_wconf 88' lang='lat' dir='ltr'><strong>nis</strong></span> <span class='ocrx_word' id='word_1_552' title='bbox 571 4785 890 4848; x_wconf 82' lang='lat' dir='ltr'><strong>absolveret,</strong></span> <span class='ocrx_word' id='word_1_553' title='bbox 923 4793 981 4838; x_wconf 94' lang='lat' dir='ltr'><strong>ut</strong></span> <span class='ocrx_word' id='word_1_554' title='bbox 1010 4786 1300 4839; x_wconf 86' lang='lat' dir='ltr'><strong>voluntatis</strong></span> <span class='ocrx_word' id='word_1_555' title='bbox 1327 4785 1546 4840; x_wconf 81' lang='lat' dir='ltr'><strong>eti&#39;ectus</strong></span> <span class='ocrx_word' id='word_1_556' title='bbox 1581 4793 2026 4856; x_wconf 84' lang='lat' dir='ltr'><strong>seusumtempo-</strong></span> 
     </span>
    </p>
   </div>
   <div class='ocr_carea' id='block_1_77' title="bbox 468 4876 2032 4948">
    <p class='ocr_par' dir='ltr' id='par_1_77' title="bbox 468 4876 2032 4948">
     <span class='ocr_line' id='line_1_77' title="bbox 468 4876 2032 4948; baseline 0.003 -19"><span class='ocrx_word' id='word_1_557' title='bbox 468 4877 541 4930; x_wconf 86' lang='lat' dir='ltr'><strong>ris</strong></span> <span class='ocrx_word' id='word_1_558' title='bbox 579 4877 914 4945; x_wconf 72' lang='lat' dir='ltr'><strong>prazveniret.</strong></span> <span class='ocrx_word' id='word_1_559' title='bbox 957 4876 1125 4931; x_wconf 87' lang='lat' dir='ltr'><strong>Nemo</strong></span> <span class='ocrx_word' id='word_1_560' title='bbox 1170 4885 1480 4945; x_wconf 88' lang='lat' dir='ltr'><strong>operantem</strong></span> <span class='ocrx_word' id='word_1_561' title='bbox 1509 4877 1663 4941; x_wconf 81' lang='lat' dir='ltr'><strong>vidit,</strong></span> <span class='ocrx_word' id='word_1_562' title='bbox 1693 4879 1786 4932; x_wconf 89' lang='lat' dir='ltr'><strong>sed</strong></span> <span class='ocrx_word' id='word_1_563' title='bbox 1816 4879 2032 4948; x_wconf 79' lang='lat' dir='ltr'><strong>agnovit</strong></span> 
     </span>
    </p>
   </div>
   <div class='ocr_carea' id='block_1_78' title="bbox 466 4965 2030 5043">
    <p class='ocr_par' dir='ltr' id='par_1_78' title="bbox 466 4965 2030 5043">
     <span class='ocr_line' id='line_1_78' title="bbox 466 4965 2030 5043; baseline 0.003 -27"><span class='ocrx_word' id='word_1_564' title='bbox 466 4973 763 5032; x_wconf 81' lang='lat' dir='ltr'><strong>operatum.</strong></span> <span class='ocrx_word' id='word_1_565' title='bbox 808 4965 906 5020; x_wconf 82' lang='lat' dir='ltr'><strong>Ubi</strong></span> <span class='ocrx_word' id='word_1_566' title='bbox 953 4967 1114 5035; x_wconf 85' lang='lat' dir='ltr'><strong>igitur</strong></span> <span class='ocrx_word' id='word_1_567' title='bbox 1157 4982 1324 5030; x_wconf 91' lang='lat' dir='ltr'><strong>mora,</strong></span> <span class='ocrx_word' id='word_1_568' title='bbox 1367 4982 1488 5020; x_wconf 92' lang='lat' dir='ltr'><strong>cum</strong></span> <span class='ocrx_word' id='word_1_569' title='bbox 1521 4966 1750 5036; x_wconf 87' lang='lat' dir='ltr'><strong>legatur,</strong></span> <span class='ocrx_word' id='word_1_570' title='bbox 1773 4966 1894 5043; x_wconf 76' lang='lat' dir='ltr'><strong>quia</strong></span> <span class='ocrx_word' id='word_1_571' title='bbox 1924 4967 2030 5036; x_wconf 78' lang='lat' dir='ltr'><strong>ipse</strong></span> 
     </span>
    </p>
   </div>
   <div class='ocr_carea' id='block_1_79' title="bbox 467 5056 2031 5126">
    <p class='ocr_par' dir='ltr' id='par_1_79' title="bbox 467 5056 2031 5126">
     <span class='ocr_line' id='line_1_79' title="bbox 467 5056 2031 5126; baseline 0.002 -20"><span class='ocrx_word' id='word_1_572' title='bbox 467 5056 618 5117; x_wconf 70' lang='lat' dir='ltr'><strong>dixit,</strong></span> <span class='ocrx_word' id='word_1_573' title='bbox 645 5064 693 5107; x_wconf 87' lang='lat' dir='ltr'><strong>et</strong></span> <span class='ocrx_word' id='word_1_574' title='bbox 733 5056 871 5122; x_wconf 80' lang='lat' dir='ltr'><strong>facta</strong></span> <span class='ocrx_word' id='word_1_575' title='bbox 901 5057 1056 5109; x_wconf 78' lang='lat' dir='ltr'><strong>sunt?</strong></span> <span class='ocrx_word' id='word_1_576' title='bbox 1084 5057 1191 5112; x_wconf 76' lang='lat' dir='ltr'><strong>Nec</strong></span> <span class='ocrx_word' id='word_1_577' title='bbox 1218 5057 1352 5110; x_wconf 89' lang='lat' dir='ltr'><strong>artis</strong></span> <span class='ocrx_word' id='word_1_578' title='bbox 1385 5057 1546 5126; x_wconf 82' lang='lat' dir='ltr'><strong>igitur</strong></span> <span class='ocrx_word' id='word_1_579' title='bbox 1577 5073 1755 5121; x_wconf 87' lang='lat' dir='ltr'><strong>usum,</strong></span> <span class='ocrx_word' id='word_1_580' title='bbox 1793 5071 1892 5110; x_wconf 89' lang='lat' dir='ltr'><strong>nec</strong></span> <span class='ocrx_word' id='word_1_581' title='bbox 1923 5056 2031 5109; x_wconf 85' lang='lat' dir='ltr'><strong>vir-</strong></span> 
     </span>
    </p>
   </div>
   <div class='ocr_carea' id='block_1_80' title="bbox 470 5143 2030 5214">
    <p class='ocr_par' dir='ltr' id='par_1_80' title="bbox 470 5143 2030 5214">
     <span class='ocr_line' id='line_1_80' title="bbox 470 5143 2030 5214; baseline 0.001 -18"><span class='ocrx_word' id='word_1_582' title='bbox 470 5143 596 5196; x_wconf 87' lang='lat' dir='ltr'><strong>tutis</strong></span> <span class='ocrx_word' id='word_1_583' title='bbox 622 5143 873 5196; x_wconf 75' lang='lat' dir='ltr'><strong>auxilium</strong></span> <span class='ocrx_word' id='word_1_584' title='bbox 913 5147 1150 5212; x_wconf 77' lang='lat' dir='ltr'><strong>cxpetiit,</strong></span> <span class='ocrx_word' id='word_1_585' title='bbox 1196 5148 1319 5214; x_wconf 88' lang='lat' dir='ltr'><strong>quia</strong></span> <span class='ocrx_word' id='word_1_586' title='bbox 1352 5161 1460 5200; x_wconf 68' lang='lat' dir='ltr'><strong>suae</strong></span> <span class='ocrx_word' id='word_1_587' title='bbox 1485 5154 1758 5201; x_wconf 89' lang='lat' dir='ltr'><strong>momento</strong></span> <span class='ocrx_word' id='word_1_588' title='bbox 1788 5145 2030 5199; x_wconf 84' lang='lat' dir='ltr'><strong>volunta-</strong></span> 
     </span>
    </p>
   </div>
   <div class='ocr_carea' id='block_1_81' title="bbox 469 5231 2029 5306">
    <p class='ocr_par' dir='ltr' id='par_1_81' title="bbox 469 5231 2029 5306">
     <span class='ocr_line' id='line_1_81' title="bbox 469 5231 2029 5306; baseline 0.001 -20"><span class='ocrx_word' id='word_1_589' title='bbox 469 5235 536 5288; x_wconf 85' lang='lat' dir='ltr'><strong>tis</strong></span> <span class='ocrx_word' id='word_1_590' title='bbox 562 5231 893 5300; x_wconf 84' lang='lat' dir='ltr'><strong>majestatem</strong></span> <span class='ocrx_word' id='word_1_591' title='bbox 919 5241 1076 5288; x_wconf 78' lang='lat' dir='ltr'><strong>tanta:</strong></span> <span class='ocrx_word' id='word_1_592' title='bbox 1099 5237 1424 5306; x_wconf 88' lang='lat' dir='ltr'><strong>operationis</strong></span> <span class='ocrx_word' id='word_1_593' title='bbox 1449 5237 1716 5306; x_wconf 75' lang='lat' dir='ltr'><strong>implevit;</strong></span> <span class='ocrx_word' id='word_1_594' title='bbox 1746 5245 1806 5291; x_wconf 88' lang='lat' dir='ltr'><strong>ut</strong></span> <span class='ocrx_word' id='word_1_595' title='bbox 1828 5251 1889 5291; x_wconf 88' lang='lat' dir='ltr'><strong>ea</strong></span> <span class='ocrx_word' id='word_1_596' title='bbox 1911 5249 2029 5304; x_wconf 63' lang='lat' dir='ltr'><strong>qua:</strong></span> 
     </span>
    </p>
   </div>
   <div class='ocr_carea' id='block_1_82' title="bbox 468 5323 2023 5398">
    <p class='ocr_par' dir='ltr' id='par_1_82' title="bbox 468 5323 2023 5398">
     <span class='ocr_line' id='line_1_82' title="bbox 468 5323 2023 5398; baseline 0 -21"><span class='ocrx_word' id='word_1_597' title='bbox 468 5339 572 5378; x_wconf 88' lang='lat' dir='ltr'><strong>non</strong></span> <span class='ocrx_word' id='word_1_598' title='bbox 589 5331 761 5388; x_wconf 88' lang='lat' dir='ltr'><strong>erant,</strong></span> <span class='ocrx_word' id='word_1_599' title='bbox 783 5339 903 5379; x_wconf 89' lang='lat' dir='ltr'><strong>esse</strong></span> <span class='ocrx_word' id='word_1_600' title='bbox 927 5323 1126 5380; x_wconf 83' lang='lat' dir='ltr'><strong>faceret</strong></span> <span class='ocrx_word' id='word_1_601' title='bbox 1148 5336 1256 5380; x_wconf 91' lang='lat' dir='ltr'><strong>tam</strong></span> <span class='ocrx_word' id='word_1_602' title='bbox 1276 5328 1550 5394; x_wconf 80' lang='lat' dir='ltr'><strong>velociter,</strong></span> <span class='ocrx_word' id='word_1_603' title='bbox 1567 5337 1624 5382; x_wconf 94' lang='lat' dir='ltr'><strong>ut</strong></span> <span class='ocrx_word' id='word_1_604' title='bbox 1641 5343 1815 5398; x_wconf 90' lang='lat' dir='ltr'><strong>neque</strong></span> <span class='ocrx_word' id='word_1_605' title='bbox 1835 5325 2023 5381; x_wconf 84' lang='lat' dir='ltr'><strong>volun-</strong></span> 
     </span>
    </p>
   </div>
   <div class='ocr_carea' id='block_1_83' title="bbox 2133 4156 3688 4236">
    <p class='ocr_par' dir='ltr' id='par_1_83' title="bbox 2133 4156 3688 4236">
     <span class='ocr_line' id='line_1_83' title="bbox 2133 4156 3688 4236; baseline 0.005 -24"><span class='ocrx_word' id='word_1_606' title='bbox 2133 4156 2288 4212; x_wconf 66' lang='lat' dir='ltr'><strong>t&#39;o‘luit</strong></span> <span class='ocrx_word' id='word_1_607' title='bbox 2319 4157 2436 4226; x_wconf 73' lang='lat' dir='ltr'><strong>{erit</strong></span> <span class='ocrx_word' id='word_1_608' title='bbox 2465 4157 2633 4235; x_wconf 58' lang='lat' dir='ltr'><strong>(Paul.</strong></span> <span class='ocrx_word' id='word_1_609' title='bbox 2659 4160 2832 4230; x_wconf 72' lang='lat' dir='ltr'><strong>cxiii).</strong></span> <span class='ocrx_word' id='word_1_610' title='bbox 2857 4160 3011 4221; x_wconf 84' lang='lat' dir='ltr'><strong>Unde</strong></span> <span class='ocrx_word' id='word_1_611' title='bbox 3033 4163 3166 4218; x_wconf 80' lang='lat' dir='ltr'><strong>bene</strong></span> <span class='ocrx_word' id='word_1_612' title='bbox 3190 4163 3391 4218; x_wconf 87' lang='lat' dir='ltr'><strong>dictum</strong></span> <span class='ocrx_word' id='word_1_613' title='bbox 3419 4175 3506 4219; x_wconf 87' lang='lat' dir='ltr'><strong>est</strong></span> <span class='ocrx_word' id='word_1_614' title='bbox 3527 4185 3540 4220; x_wconf 88' lang='lat'><strong>:</strong></span> <span class='ocrx_word' id='word_1_615' title='bbox 3565 4168 3688 4236; x_wconf 86' lang='lat' dir='ltr'><strong>quia</strong></span> 
     </span>
    </p>
   </div>
   <div class='ocr_carea' id='block_1_84' title="bbox 2131 4249 3690 4326">
    <p class='ocr_par' dir='ltr' id='par_1_84' title="bbox 2131 4249 3690 4326">
     <span class='ocr_line' id='line_1_84' title="bbox 2131 4249 3690 4326; baseline 0.008 -27"><span class='ocrx_word' id='word_1_616' title='bbox 2131 4250 2186 4300; x_wconf 82' lang='lat' dir='ltr'><strong>in</strong></span> <span class='ocrx_word' id='word_1_617' title='bbox 2211 4249 2462 4319; x_wconf 83' lang='lat' dir='ltr'><strong>principio</strong></span> <span class='ocrx_word' id='word_1_618' title='bbox 2503 4250 2690 4302; x_wconf 83' lang='lat' dir='ltr'><strong>creavit</strong></span> <span class='ocrx_word' id='word_1_619' title='bbox 2726 4251 2862 4303; x_wconf 79' lang='lat' dir='ltr'><strong>Deus</strong></span> <span class='ocrx_word' id='word_1_620' title='bbox 2888 4251 3075 4307; x_wconf 67' lang='lat' dir='ltr'><strong>attalum</strong></span> <span class='ocrx_word' id='word_1_621' title='bbox 3097 4263 3142 4305; x_wconf 84' lang='lat' dir='ltr'><strong>et</strong></span> <span class='ocrx_word' id='word_1_622' title='bbox 3169 4263 3397 4307; x_wconf 85' lang='lat' dir='ltr'><strong>terram:</strong></span> <span class='ocrx_word' id='word_1_623' title='bbox 3426 4264 3484 4309; x_wconf 92' lang='lat' dir='ltr'><strong>ut</strong></span> <span class='ocrx_word' id='word_1_624' title='bbox 3511 4266 3690 4326; x_wconf 85' lang='lat' dir='ltr'><strong>aperte</strong></span> 
     </span>
    </p>
   </div>
   <div class='ocr_carea' id='block_1_85' title="bbox 2131 4338 3690 4411">
    <p class='ocr_par' dir='ltr' id='par_1_85' title="bbox 2131 4338 3690 4411">
     <span class='ocr_line' id='line_1_85' title="bbox 2131 4338 3690 4411; baseline 0.005 -19"><span class='ocrx_word' id='word_1_625' title='bbox 2131 4339 2285 4392; x_wconf 88' lang='lat' dir='ltr'><strong>detur</strong></span> <span class='ocrx_word' id='word_1_626' title='bbox 2330 4338 2572 4407; x_wconf 81' lang='lat' dir='ltr'><strong>intelligi,</strong></span> <span class='ocrx_word' id='word_1_627' title='bbox 2622 4339 2746 4408; x_wconf 89' lang='lat' dir='ltr'><strong>quia</strong></span> <span class='ocrx_word' id='word_1_628' title='bbox 2794 4349 3078 4411; x_wconf 87' lang='lat' dir='ltr'><strong>utrumque</strong></span> <span class='ocrx_word' id='word_1_629' title='bbox 3108 4343 3264 4398; x_wconf 89' lang='lat' dir='ltr'><strong>simul</strong></span> <span class='ocrx_word' id='word_1_630' title='bbox 3291 4344 3358 4398; x_wconf 88' lang='lat' dir='ltr'><strong>ab</strong></span> <span class='ocrx_word' id='word_1_631' title='bbox 3390 4360 3455 4400; x_wconf 90' lang='lat' dir='ltr'><strong>eo</strong></span> <span class='ocrx_word' id='word_1_632' title='bbox 3490 4346 3690 4400; x_wconf 84' lang='lat' dir='ltr'><strong>factum</strong></span> 
     </span>
    </p>
   </div>
   <div class='ocr_carea' id='block_1_86' title="bbox 2129 4411 3688 4499">
    <p class='ocr_par' dir='ltr' id='par_1_86' title="bbox 2129 4411 3688 4499">
     <span class='ocr_line' id='line_1_86' title="bbox 2129 4411 3688 4499; baseline 0.004 -19"><span class='ocrx_word' id='word_1_633' title='bbox 2129 4437 2234 4491; x_wconf 87' lang='lat' dir='ltr'><strong>est,</strong></span> <span class='ocrx_word' id='word_1_634' title='bbox 2280 4428 2524 4496; x_wconf 90' lang='lat' dir='ltr'><strong>quamvis</strong></span> <span class='ocrx_word' id='word_1_635' title='bbox 2566 4436 2853 4499; x_wconf 87' lang='lat' dir='ltr'><strong>utrumque</strong></span> <span class='ocrx_word' id='word_1_636' title='bbox 2901 4411 3058 4486; x_wconf 77' lang='lat' dir='ltr'><strong>simul</strong></span> <span class='ocrx_word' id='word_1_637' title='bbox 3104 4433 3181 4485; x_wconf 69' lang='lat' dir='ltr'><strong>ab‘</strong></span> <span class='ocrx_word' id='word_1_638' title='bbox 3209 4431 3423 4488; x_wconf 88' lang='lat' dir='ltr'><strong>homine</strong></span> <span class='ocrx_word' id='word_1_639' title='bbox 3449 4433 3554 4488; x_wconf 88' lang='lat' dir='ltr'><strong>dici</strong></span> <span class='ocrx_word' id='word_1_640' title='bbox 3587 4449 3688 4488; x_wconf 88' lang='lat' dir='ltr'><strong>non</strong></span> 
     </span>
    </p>
   </div>
   <div class='ocr_carea' id='block_1_87' title="bbox 2128 4516 3692 4591">
    <p class='ocr_par' dir='ltr' id='par_1_87' title="bbox 2128 4516 3692 4591">
     <span class='ocr_line' id='line_1_87' title="bbox 2128 4516 3692 4591; baseline 0.003 -21"><span class='ocrx_word' id='word_1_641' title='bbox 2128 4517 2315 4587; x_wconf 82' lang='lat' dir='ltr'><strong>possit.</strong></span> <span class='ocrx_word' id='word_1_642' title='bbox 2349 4516 2586 4591; x_wconf 84' lang='lat' dir='ltr'><strong>Denique</strong></span> <span class='ocrx_word' id='word_1_643' title='bbox 2611 4519 2738 4572; x_wconf 77' lang='lat' dir='ltr'><strong>dicit</strong></span> <span class='ocrx_word' id='word_1_644' title='bbox 2761 4518 3027 4587; x_wconf 76' lang='lat' dir='ltr'><strong>Propheta</strong></span> <span class='ocrx_word' id='word_1_645' title='bbox 3058 4538 3070 4572; x_wconf 90' lang='lat'>:</span> <span class='ocrx_word' id='word_1_646' title='bbox 3101 4519 3258 4573; x_wconf 86' lang='lat' dir='ltr'><strong>Initio</strong></span> <span class='ocrx_word' id='word_1_647' title='bbox 3285 4531 3477 4575; x_wconf 87' lang='lat' dir='ltr'><strong>terram</strong></span> <span class='ocrx_word' id='word_1_648' title='bbox 3500 4532 3557 4575; x_wconf 85' lang='lat' dir='ltr'><strong>tu</strong></span> <span class='ocrx_word' id='word_1_649' title='bbox 3579 4524 3692 4591; x_wconf 79' lang='lat' dir='ltr'><strong>fun-</strong></span> 
     </span>
    </p>
   </div>
   <div class='ocr_carea' id='block_1_88' title="bbox 2129 4590 3688 4684">
    <p class='ocr_par' dir='ltr' id='par_1_88' title="bbox 2129 4590 3688 4684">
     <span class='ocr_line' id='line_1_88' title="bbox 2129 4590 3688 4684; baseline 0.005 -28"><span class='ocrx_word' id='word_1_650' title='bbox 2129 4601 2286 4666; x_wconf 85' lang='lat' dir='ltr'><strong>dasti,</strong></span> <span class='ocrx_word' id='word_1_651' title='bbox 2341 4590 2566 4684; x_wconf 76' lang='lat' dir='ltr'><strong>Domine</strong></span> <span class='ocrx_word' id='word_1_652' title='bbox 2608 4603 2780 4677; x_wconf 76' lang='lat' dir='ltr'><strong>(Psat.</strong></span> <span class='ocrx_word' id='word_1_653' title='bbox 2815 4606 2923 4678; x_wconf 84' lang='lat' dir='ltr'><strong>et):</strong></span> <span class='ocrx_word' id='word_1_654' title='bbox 2958 4607 3045 4662; x_wconf 92' lang='lat' dir='ltr'><strong>hic</strong></span> <span class='ocrx_word' id='word_1_655' title='bbox 3101 4617 3278 4661; x_wconf 88' lang='lat' dir='ltr'><strong>autem</strong></span> <span class='ocrx_word' id='word_1_656' title='bbox 3328 4590 3588 4684; x_wconf 84' lang='lat' dir='ltr'><strong>Dominus</strong></span> <span class='ocrx_word' id='word_1_657' title='bbox 3638 4612 3688 4664; x_wconf 91' lang='lat' dir='ltr'><strong>in</strong></span> 
     </span>
    </p>
   </div>
   <div class='ocr_carea' id='block_1_89' title="bbox 2127 4682 3689 4767">
    <p class='ocr_par' dir='ltr' id='par_1_89' title="bbox 2127 4682 3689 4767">
     <span class='ocr_line' id='line_1_89' title="bbox 2127 4682 3689 4767; baseline 0.004 -21"><span class='ocrx_word' id='word_1_658' title='bbox 2127 4693 2388 4763; x_wconf 79' lang='lat' dir='ltr'><strong>principio</strong></span> <span class='ocrx_word' id='word_1_659' title='bbox 2409 4682 2609 4748; x_wconf 63' lang='lat' dir='ltr'><strong>&#39;euilum</strong></span> <span class='ocrx_word' id='word_1_660' title='bbox 2644 4703 2697 4749; x_wconf 91' lang='lat' dir='ltr'><strong>et</strong></span> <span class='ocrx_word' id='word_1_661' title='bbox 2724 4704 2924 4750; x_wconf 89' lang='lat' dir='ltr'><strong>terram</strong></span> <span class='ocrx_word' id='word_1_662' title='bbox 2965 4711 3177 4767; x_wconf 84' lang='lat' dir='ltr'><strong>creasse</strong></span> <span class='ocrx_word' id='word_1_663' title='bbox 3217 4682 3482 4753; x_wconf 81' lang='lat' dir='ltr'><strong>narratur.</strong></span> <span class='ocrx_word' id='word_1_664' title='bbox 3543 4699 3689 4754; x_wconf 85' lang='lat' dir='ltr'><strong>Unde</strong></span> 
     </span>
    </p>
   </div>
   <div class='ocr_carea' id='block_1_90' title="bbox 2127 4781 3687 4855">
    <p class='ocr_par' dir='ltr' id='par_1_90' title="bbox 2127 4781 3687 4855">
     <span class='ocr_line' id='line_1_90' title="bbox 2127 4781 3687 4855; baseline 0.003 -18"><span class='ocrx_word' id='word_1_665' title='bbox 2127 4781 2652 4855; x_wconf 71' lang='lat' dir='ltr'><strong>liquidoeolligitur,</strong></span> <span class='ocrx_word' id='word_1_666' title='bbox 2689 4786 2814 4854; x_wconf 88' lang='lat' dir='ltr'><strong>quia</strong></span> <span class='ocrx_word' id='word_1_667' title='bbox 2858 4784 3065 4840; x_wconf 86' lang='lat' dir='ltr'><strong>factura</strong></span> <span class='ocrx_word' id='word_1_668' title='bbox 3099 4796 3181 4841; x_wconf 89' lang='lat' dir='ltr'><strong>est</strong></span> <span class='ocrx_word' id='word_1_669' title='bbox 3205 4787 3455 4841; x_wconf 88' lang='lat' dir='ltr'><strong>clementi</strong></span> <span class='ocrx_word' id='word_1_670' title='bbox 3487 4788 3687 4842; x_wconf 87' lang='lat' dir='ltr'><strong>utrius-</strong></span> 
     </span>
    </p>
   </div>
   <div class='ocr_carea' id='block_1_91' title="bbox 2127 4864 3684 4945">
    <p class='ocr_par' dir='ltr' id='par_1_91' title="bbox 2127 4864 3684 4945">
     <span class='ocr_line' id='line_1_91' title="bbox 2127 4864 3684 4945; baseline 0.003 -18"><span class='ocrx_word' id='word_1_671' title='bbox 2127 4890 2231 4945; x_wconf 88' lang='lat' dir='ltr'><strong>que</strong></span> <span class='ocrx_word' id='word_1_672' title='bbox 2270 4876 2472 4943; x_wconf 88' lang='lat' dir='ltr'><strong>pariter</strong></span> <span class='ocrx_word' id='word_1_673' title='bbox 2494 4864 2727 4944; x_wconf 80' lang='lat' dir='ltr'><strong>expleta,</strong></span> <span class='ocrx_word' id='word_1_674' title='bbox 2770 4885 2825 4928; x_wconf 91' lang='lat' dir='ltr'><strong>et</strong></span> <span class='ocrx_word' id='word_1_675' title='bbox 2863 4875 2964 4930; x_wconf 89' lang='lat' dir='ltr'><strong>hoc</strong></span> <span class='ocrx_word' id='word_1_676' title='bbox 2987 4885 3137 4930; x_wconf 83' lang='lat' dir='ltr'><strong>tanta</strong></span> <span class='ocrx_word' id='word_1_677' title='bbox 3173 4875 3455 4931; x_wconf 66' lang='lat' dir='ltr'><strong>reiecita‘te</strong></span> <span class='ocrx_word' id='word_1_678' title='bbox 3494 4877 3684 4931; x_wconf 79' lang='lat' dir='ltr'><strong>divina:</strong></span> 
     </span>
    </p>
   </div>
   <div class='ocr_carea' id='block_1_92' title="bbox 2129 4964 3682 5036">
    <p class='ocr_par' dir='ltr' id='par_1_92' title="bbox 2129 4964 3682 5036">
     <span class='ocr_line' id='line_1_92' title="bbox 2129 4964 3682 5036; baseline 0.002 -18"><span class='ocrx_word' id='word_1_679' title='bbox 2129 4965 2365 5028; x_wconf 90' lang='lat' dir='ltr'><strong>virtutis,</strong></span> <span class='ocrx_word' id='word_1_680' title='bbox 2413 4974 2471 5018; x_wconf 92' lang='lat' dir='ltr'><strong>ut</strong></span> <span class='ocrx_word' id='word_1_681' title='bbox 2513 4964 2739 5020; x_wconf 88' lang='lat' dir='ltr'><strong>necdum</strong></span> <span class='ocrx_word' id='word_1_682' title='bbox 2771 4967 3000 5036; x_wconf 89' lang='lat' dir='ltr'><strong>primum</strong></span> <span class='ocrx_word' id='word_1_683' title='bbox 3039 4967 3216 5020; x_wconf 89' lang='lat' dir='ltr'><strong>mundi</strong></span> <span class='ocrx_word' id='word_1_684' title='bbox 3261 4969 3532 5022; x_wconf 87' lang='lat' dir='ltr'><strong>nascentis</strong></span> <span class='ocrx_word' id='word_1_685' title='bbox 3571 4982 3682 5021; x_wconf 89' lang='lat' dir='ltr'><strong>mo-</strong></span> 
     </span>
    </p>
   </div>
   <div class='ocr_carea' id='block_1_93' title="bbox 2129 5057 3677 5128">
    <p class='ocr_par' dir='ltr' id='par_1_93' title="bbox 2129 5057 3677 5128">
     <span class='ocr_line' id='line_1_93' title="bbox 2129 5057 3677 5128; baseline 0.003 -19"><span class='ocrx_word' id='word_1_686' title='bbox 2129 5064 2364 5109; x_wconf 88' lang='lat' dir='ltr'><strong>mentum</strong></span> <span class='ocrx_word' id='word_1_687' title='bbox 2384 5064 2526 5109; x_wconf 89' lang='lat' dir='ltr'><strong>esset</strong></span> <span class='ocrx_word' id='word_1_688' title='bbox 2548 5065 2936 5111; x_wconf 89' lang='lat' dir='ltr'><strong>transcensum.</strong></span> <span class='ocrx_word' id='word_1_689' title='bbox 2959 5057 3140 5112; x_wconf 88' lang='lat' dir='ltr'><strong>Potest</strong></span> <span class='ocrx_word' id='word_1_690' title='bbox 3160 5067 3337 5110; x_wconf 89' lang='lat' dir='ltr'><strong>autem</strong></span> <span class='ocrx_word' id='word_1_691' title='bbox 3355 5071 3458 5110; x_wconf 92' lang='lat' dir='ltr'><strong>non</strong></span> <span class='ocrx_word' id='word_1_692' title='bbox 3483 5058 3677 5128; x_wconf 88' lang='lat' dir='ltr'><strong>impro-</strong></span> 
     </span>
    </p>
   </div>
   <div class='ocr_carea' id='block_1_94' title="bbox 2127 5146 3678 5217">
    <p class='ocr_par' dir='ltr' id='par_1_94' title="bbox 2127 5146 3678 5217">
     <span class='ocr_line' id='line_1_94' title="bbox 2127 5146 3678 5217; baseline 0.001 -17"><span class='ocrx_word' id='word_1_693' title='bbox 2127 5146 2373 5200; x_wconf 77' lang='lat' dir='ltr'><strong>babiliter</strong></span> <span class='ocrx_word' id='word_1_694' title='bbox 2413 5146 2654 5215; x_wconf 87' lang='lat' dir='ltr'><strong>intelligi,</strong></span> <span class='ocrx_word' id='word_1_695' title='bbox 2693 5149 2750 5200; x_wconf 86' lang='lat' dir='ltr'><strong>in</strong></span> <span class='ocrx_word' id='word_1_696' title='bbox 2784 5148 3036 5217; x_wconf 79' lang='lat' dir='ltr'><strong>principia</strong></span> <span class='ocrx_word' id='word_1_697' title='bbox 3066 5147 3256 5202; x_wconf 89' lang='lat' dir='ltr'><strong>fecisse</strong></span> <span class='ocrx_word' id='word_1_698' title='bbox 3295 5149 3455 5202; x_wconf 90' lang='lat' dir='ltr'><strong>Deum</strong></span> <span class='ocrx_word' id='word_1_699' title='bbox 3487 5150 3678 5203; x_wconf 76' lang='lat' dir='ltr'><strong>ctelum</strong></span> 
     </span>
    </p>
   </div>
   <div class='ocr_carea' id='block_1_95' title="bbox 2126 5235 3683 5306">
    <p class='ocr_par' dir='ltr' id='par_1_95' title="bbox 2126 5235 3683 5306">
     <span class='ocr_line' id='line_1_95' title="bbox 2126 5235 3683 5306; baseline 0.001 -16"><span class='ocrx_word' id='word_1_700' title='bbox 2126 5247 2180 5290; x_wconf 91' lang='lat' dir='ltr'><strong>et</strong></span> <span class='ocrx_word' id='word_1_701' title='bbox 2205 5248 2401 5289; x_wconf 87' lang='lat' dir='ltr'><strong>terram</strong></span> <span class='ocrx_word' id='word_1_702' title='bbox 2435 5237 2486 5290; x_wconf 90' lang='lat' dir='ltr'><strong>in</strong></span> <span class='ocrx_word' id='word_1_703' title='bbox 2517 5236 2792 5305; x_wconf 82' lang='lat' dir='ltr'><strong>unigenito</strong></span> <span class='ocrx_word' id='word_1_704' title='bbox 2813 5235 2948 5290; x_wconf 86' lang='lat' dir='ltr'><strong>Filio</strong></span> <span class='ocrx_word' id='word_1_705' title='bbox 2972 5249 3090 5301; x_wconf 87' lang='lat' dir='ltr'><strong>suo,</strong></span> <span class='ocrx_word' id='word_1_706' title='bbox 3116 5236 3203 5304; x_wconf 89' lang='lat' dir='ltr'><strong>qui</strong></span> <span class='ocrx_word' id='word_1_707' title='bbox 3232 5237 3683 5306; x_wconf 85' lang='lat' dir='ltr'><strong>interrogantibus</strong></span> 
     </span>
    </p>
   </div>
   <div class='ocr_carea' id='block_1_96' title="bbox 2126 5325 3678 5395">
    <p class='ocr_par' dir='ltr' id='par_1_96' title="bbox 2126 5325 3678 5395">
     <span class='ocr_line' id='line_1_96' title="bbox 2126 5325 3678 5395; baseline -0.001 -16"><span class='ocrx_word' id='word_1_708' title='bbox 2126 5340 2184 5380; x_wconf 88' lang='lat' dir='ltr'><strong>se</strong></span> <span class='ocrx_word' id='word_1_709' title='bbox 2221 5326 2417 5380; x_wconf 77' lang='lat' dir='ltr'><strong>Judaeis</strong></span> <span class='ocrx_word' id='word_1_710' title='bbox 2458 5325 2583 5394; x_wconf 88' lang='lat' dir='ltr'><strong>quid</strong></span> <span class='ocrx_word' id='word_1_711' title='bbox 2629 5341 2751 5380; x_wconf 90' lang='lat' dir='ltr'><strong>eum</strong></span> <span class='ocrx_word' id='word_1_712' title='bbox 2788 5325 3005 5384; x_wconf 89' lang='lat' dir='ltr'><strong>credere</strong></span> <span class='ocrx_word' id='word_1_713' title='bbox 3049 5325 3320 5389; x_wconf 87' lang='lat' dir='ltr'><strong>deberent,</strong></span> <span class='ocrx_word' id='word_1_714' title='bbox 3371 5327 3678 5395; x_wconf 82' lang='lat' dir='ltr'><strong>respondit:</strong></span> 
     </span>
    </p>
   </div>
   <div class='ocr_carea' id='block_1_97' title="bbox 468 5397 3680 5492">
    <p class='ocr_par' dir='ltr' id='par_1_97' title="bbox 468 5397 3680 5492">
     <span class='ocr_line' id='line_1_97' title="bbox 468 5397 3680 5492; baseline 0 -25"><span class='ocrx_word' id='word_1_715' title='bbox 468 5425 548 5470; x_wconf 88' lang='lat' dir='ltr'><strong>tas</strong></span> <span class='ocrx_word' id='word_1_716' title='bbox 564 5416 856 5486; x_wconf 84' lang='lat' dir='ltr'><strong>operationi</strong></span> <span class='ocrx_word' id='word_1_717' title='bbox 877 5426 1358 5487; x_wconf 78' lang='lat' dir='ltr'><strong>prtecurreret,ncc</strong></span> <span class='ocrx_word' id='word_1_718' title='bbox 1376 5421 1618 5490; x_wconf 86' lang='lat' dir='ltr'><strong>operatio</strong></span> <span class='ocrx_word' id='word_1_719' title='bbox 1632 5397 1913 5474; x_wconf 79' lang='lat' dir='ltr'><strong>voluntati.</strong></span> <span class='ocrx_word' id='word_1_720' title='bbox 1933 5417 2027 5471; x_wconf 82' lang='lat' dir='ltr'><strong>llii-</strong></span> <span class='ocrx_word' id='word_1_721' title='bbox 2053 5397 2103 5456; x_wconf 83' lang='grc' dir='ltr'><strong>Ῑ)</strong></span> <span class='ocrx_word' id='word_1_722' title='bbox 2134 5415 2452 5492; x_wconf 74' lang='lat' dir='ltr'><strong>Principium</strong></span> <span class='ocrx_word' id='word_1_723' title='bbox 2480 5416 2564 5486; x_wconf 77' lang='lat' dir='ltr'><strong>qui</strong></span> <span class='ocrx_word' id='word_1_724' title='bbox 2595 5426 2642 5468; x_wconf 73' lang='lat' dir='ltr'><strong>et</strong></span> <span class='ocrx_word' id='word_1_725' title='bbox 2669 5415 2853 5486; x_wconf 84' lang='lat' dir='ltr'><strong>loquor</strong></span> <span class='ocrx_word' id='word_1_726' title='bbox 2879 5416 3016 5470; x_wconf 77' lang='lat' dir='ltr'><strong>vobis</strong></span> <span class='ocrx_word' id='word_1_727' title='bbox 3059 5416 3236 5486; x_wconf 84' lang='lat' dir='ltr'><strong>(Joan.</strong></span> <span class='ocrx_word' id='word_1_728' title='bbox 3279 5416 3428 5485; x_wconf 79' lang='lat' dir='ltr'><strong>vui);</strong></span> <span class='ocrx_word' id='word_1_729' title='bbox 3467 5417 3590 5484; x_wconf 89' lang='lat' dir='ltr'><strong>quia</strong></span> <span class='ocrx_word' id='word_1_730' title='bbox 3628 5416 3680 5468; x_wconf 80' lang='lat' dir='ltr'><strong>in</strong></span> 
     </span>
    </p>
   </div>
   <div class='ocr_carea' id='block_1_98' title="bbox 462 5507 2019 5579">
    <p class='ocr_par' dir='ltr' id='par_1_98' title="bbox 462 5507 2019 5579">
     <span class='ocr_line' id='line_1_98' title="bbox 462 5507 2019 5579; baseline 0 -20"><span class='ocrx_word' id='word_1_731' title='bbox 462 5507 602 5560; x_wconf 75' lang='lat' dir='ltr'><strong>raris</strong></span> <span class='ocrx_word' id='word_1_732' title='bbox 617 5522 771 5577; x_wconf 89' lang='lat' dir='ltr'><strong>opus,</strong></span> <span class='ocrx_word' id='word_1_733' title='bbox 794 5507 989 5577; x_wconf 64' lang='lat' dir='ltr'><strong>quatris</strong></span> <span class='ocrx_word' id='word_1_734' title='bbox 1011 5517 1366 5576; x_wconf 84' lang='lat' dir='ltr'><strong>operatorcm,</strong></span> <span class='ocrx_word' id='word_1_735' title='bbox 1385 5511 1505 5579; x_wconf 89' lang='lat' dir='ltr'><strong>quis</strong></span> <span class='ocrx_word' id='word_1_736' title='bbox 1528 5509 1848 5579; x_wconf 83' lang='lat' dir='ltr'><strong>principium</strong></span> <span class='ocrx_word' id='word_1_737' title='bbox 1872 5516 2019 5561; x_wconf 84' lang='lat' dir='ltr'><strong>tanto</strong></span> 
     </span>
    </p>
   </div>
   <div class='ocr_carea' id='block_1_99' title="bbox 455 5597 2020 5668">
    <p class='ocr_par' dir='ltr' id='par_1_99' title="bbox 455 5597 2020 5668">
     <span class='ocr_line' id='line_1_99' title="bbox 455 5597 2020 5668; baseline 0.002 -16"><span class='ocrx_word' id='word_1_738' title='bbox 455 5620 465 5635; x_wconf 86' lang='grc'><strong>·</strong></span> <span class='ocrx_word' id='word_1_739' title='bbox 504 5597 608 5664; x_wconf 78' lang='lat' dir='ltr'><strong>peri</strong></span> <span class='ocrx_word' id='word_1_740' title='bbox 630 5598 853 5660; x_wconf 84' lang='lat' dir='ltr'><strong>dederit,</strong></span> <span class='ocrx_word' id='word_1_741' title='bbox 869 5598 988 5668; x_wconf 89' lang='lat' dir='ltr'><strong>quis</strong></span> <span class='ocrx_word' id='word_1_742' title='bbox 1009 5608 1116 5654; x_wconf 84' lang='lat' dir='ltr'><strong>tam</strong></span> <span class='ocrx_word' id='word_1_743' title='bbox 1137 5598 1244 5655; x_wconf 84' lang='lat' dir='ltr'><strong>cito</strong></span> <span class='ocrx_word' id='word_1_744' title='bbox 1267 5598 1486 5657; x_wconf 80' lang='lat' dir='ltr'><strong>fecerit&quot;</strong></span> <span class='ocrx_word' id='word_1_745' title='bbox 1501 5600 1732 5668; x_wconf 60' lang='lat' dir='ltr'><strong>Suiviccit</strong></span> <span class='ocrx_word' id='word_1_746' title='bbox 1749 5600 1928 5657; x_wconf 86' lang='lat' dir='ltr'><strong>statim</strong></span> <span class='ocrx_word' id='word_1_747' title='bbox 1944 5601 2020 5655; x_wconf 13' lang='lat' dir='ltr'><strong>rli-t</strong></span> 
     </span>
    </p>
   </div>
   <div class='ocr_carea' id='block_1_100' title="bbox 2127 5506 3678 5579">
    <p class='ocr_par' dir='ltr' id='par_1_100' title="bbox 2127 5506 3678 5579">
     <span class='ocr_line' id='line_1_100' title="bbox 2127 5506 3678 5579; baseline -0.002 -18"><span class='ocrx_word' id='word_1_748' title='bbox 2127 5511 2256 5579; x_wconf 85' lang='lat' dir='ltr'><strong>ipso,</strong></span> <span class='ocrx_word' id='word_1_749' title='bbox 2286 5519 2342 5562; x_wconf 90' lang='lat' dir='ltr'><strong>ut</strong></span> <span class='ocrx_word' id='word_1_750' title='bbox 2373 5509 2445 5561; x_wconf 89' lang='lat' dir='ltr'><strong>ait</strong></span> <span class='ocrx_word' id='word_1_751' title='bbox 2482 5507 2783 5577; x_wconf 79' lang='lat' dir='ltr'><strong>Apostolus.</strong></span> <span class='ocrx_word' id='word_1_752' title='bbox 2825 5509 3034 5563; x_wconf 83' lang='lat' dir='ltr'><strong>condita</strong></span> <span class='ocrx_word' id='word_1_753' title='bbox 3067 5518 3184 5562; x_wconf 76' lang='lat' dir='ltr'><strong>sunt</strong></span> <span class='ocrx_word' id='word_1_754' title='bbox 3228 5509 3402 5562; x_wconf 86' lang='lat' dir='ltr'><strong>omnia</strong></span> <span class='ocrx_word' id='word_1_755' title='bbox 3444 5524 3500 5561; x_wconf 73' lang='grc' dir='ltr'><strong>πη</strong></span> <span class='ocrx_word' id='word_1_756' title='bbox 3547 5506 3678 5558; x_wconf 70' lang='lat' dir='ltr'><strong>aclis</strong></span> 
     </span>
    </p>
   </div>
   <div class='ocr_carea' id='block_1_101' title="bbox 2128 5597 3674 5671">
    <p class='ocr_par' dir='ltr' id='par_1_101' title="bbox 2128 5597 3674 5671">
     <span class='ocr_line' id='line_1_101' title="bbox 2128 5597 3674 5671; baseline -0.003 -18"><span class='ocrx_word' id='word_1_757' title='bbox 2128 5612 2172 5653; x_wconf 73' lang='lat' dir='ltr'><strong>et</strong></span> <span class='ocrx_word' id='word_1_758' title='bbox 2196 5610 2332 5654; x_wconf 64' lang='lat' dir='ltr'><strong>trrm</strong></span> <span class='ocrx_word' id='word_1_759' title='bbox 2365 5600 2580 5669; x_wconf 67' lang='lat' dir='ltr'><strong>(tfoloss.</strong></span> <span class='ocrx_word' id='word_1_760' title='bbox 2615 5601 2672 5671; x_wconf 77' lang='grc' dir='ltr'><strong>ι).</strong></span> <span class='ocrx_word' id='word_1_761' title='bbox 2712 5601 2817 5655; x_wconf 76' lang='lat' dir='ltr'><strong>Sed</strong></span> <span class='ocrx_word' id='word_1_762' title='bbox 2849 5600 3128 5671; x_wconf 85' lang='lat' dir='ltr'><strong>diligenter</strong></span> <span class='ocrx_word' id='word_1_763' title='bbox 3157 5599 3493 5664; x_wconf 68' lang='lat' dir='ltr'><strong>intuendum,</strong></span> <span class='ocrx_word' id='word_1_764' title='bbox 3523 5606 3576 5651; x_wconf 92' lang='lat' dir='ltr'><strong>ut</strong></span> <span class='ocrx_word' id='word_1_765' title='bbox 3609 5597 3674 5650; x_wconf 79' lang='lat' dir='ltr'><strong>ita</strong></span> 
     </span>
    </p>
   </div>
  </div>
