3968 6334
329 306 430 365 Ηδ

1346 310 1689 368 COMMENT.
1722 310 1793 364 IN
1831 309 2148 365 GENESIM.
2196 333 2262 345 --
2296 310 2423 363 LIB.
2449 306 2487 359 l.

3439 314 3539 369 416

328 423 553 491 quisque
577 419 821 478 sensibus
852 422 1147 492 allegoricis
1179 421 1409 478 studium
1442 423 1729 489 impendat,
1755 438 1878 491 qua-
1906 426 1953 486 Α
1981 432 2109 477 cunt
2138 424 2386 479 tenebras
2420 439 2543 478 eum
2588 433 2712 478 ante
2740 424 2917 477 lucem
2968 440 3201 484 creasse.
3253 424 3375 493 quia
3435 444 3538 479 [mn

330 522 486 567 tenus
513 523 753 582 apertam
797 512 1032 566 historia:
1072 512 1226 567 [idem
1257 511 1620 580 allegoriando
1654 528 1758 565 non
1785 512 1879 567 de-

330 601 615 670 relinquat.
644 599 797 666 Quod
822 608 997 653 autem
1022 601 1105 655 vel
1125 600 1287 669 quale
1308 600 1379 654 sit
1417 600 1631 666 omium,
1652 596 1813 667 quod
1828 599 1883 659 in

328 691 589 759 principio
611 703 731 742 cum
771 697 911 742 terra
938 688 1133 743 factum
1156 699 1279 754 est,
1321 690 1665 760 sequentibus
1708 688 1885 745 verbis

330 781 648 843 insinuatur,
686 793 807 831 cum
826 777 1016 833 dicitur
1037 796 1049 829 :

277 858 285 864 ’
404 869 567 922 Terra
606 880 778 921 autem
800 868 1100 944 eratinanis
1124 878 1167 920 ct
1191 885 1373 935 vacua,
1406 879 1450 922 et
1485 873 1707 926 tenebrm
1739 884 1883 927 erant

329 975 485 1030 super
520 958 711 1027 faciem
757 958 1072 1028 abyssi.rUt
1119 958 1243 1027 quid
1289 960 1430 1021 enim
1476 962 1596 1019 luce
1624 964 1701 1017 de
1745 974 1885 1021 terra

333 1047 694 1116 praetermisso
723 1046 861 1101 ccelo
886 1044 1088 1107 intulit.
1124 1048 1228 1105 nisi
1265 1048 1388 1115 quia
1425 1050 1497 1103 nil
1524 1051 1637 1105 .tale
1660 1052 1724 1105 de
1750 1054 1887 1109 cmlo

334 1142 557 1213 intelligi
590 1140 813 1207 ,voluit‘l,
850 1139 1027 1210 Ipsum
1076 1150 1158 1196 est
1197 1142 1336 1195 enim
1373 1143 1572 1207 caelum
1621 1146 1884 1214 superius,

333 1231 475 1303 quod
502 1230 568 1293 ab
592 1230 736 1284 omni
767 1228 923 1307 hujus
951 1229 1136 1284 mundi
1167 1230 1409 1286 volubilis
1444 1241 1591 1286 statu
1620 1243 1885 1289 secretum

334 1322 529 1377 ditinze
580 1320 747 1393 gloria
788 1312 1092 1388 .praeSentia:
1146 1330 1323 1388 manet
1374 1337 1582 1391 semper
1625 1323 1883 1391 quietum.

334 1406 470 1462 Nam
508 1409 573 1463 de
613 1417 795 1465 nostro
839 1408 997 1477 caalo,
1035 1410 1085 1462 in
1124 1426 1226 1478 quo
1256 1414 1575 1480 suntposita
1606 1412 1885 1467 luminaria

334 1501 458 1557 liuic
510 1501 703 1554 saeculo
750 1501 1070 1563 neccsmria,
1122 1502 1173 1555 in
1224 1504 1567 1571 sequentibus
1614 1503 1884 1573 Scriptura

334 1592 600 1661 quomodo
642 1591 723 1651 vel
770 1592 980 1659 quando
1010 1593 1079 1646 sit
1100 1591 1298 1647 factum
1329 1594 1582 1655 declarat.
1618 1595 1729 1649 Non
1761 1604 1888 1665 ergo

332 1685 581 1751 superius
614 1684 743 1738 illud
784 1684 999 1747 cmlum,
1044 1686 1183 1752 quod
1218 1680 1516 1740 mortalium
1540 1696 1627 1743 est,
1650 1689 1885 1742 omnium

1988 512 2129 569 Deus
2151 516 2398 570 tenebras
2454 515 2504 567 in
2533 530 2667 583 aqua
2706 514 2786 569 vel
2814 529 2937 567 aere
2968 514 3089 565 fecit
3134 514 3286 575 ullas,
3318 516 3409 568 sed
3453 532 3543 569 or-

1986 604 2108 660 dine
2149 605 2399 662 distincto
2432 605 2787 675 providentia:
2838 620 2948 658 suae
3000 604 3147 673 prius
3198 620 3364 672 aquas
3421 622 3540 659 cum

1985 695 2124 751 ccelo
2173 694 2379 753 creavit
2425 712 2486 749 ac
2518 705 2681 759 terra,
2715 703 2769 749 et
2818 694 2914 747 has
2944 694 3277 761 postmodum
3304 710 3423 747 cum
3457 710 3546 745 vo-

1984 787 2084 841 luit
2114 788 2248 857 ipse,
2283 771 2615 856 lucisgratia
2669 786 2989 840 venustavit.
3025 785 3174 850 Quod
3204 800 3323 838 eum
3376 800 3545 853 usque

1985 880 2167 944 modo,
2194 880 2330 948 etin
2356 886 2493 949 aqua
2526 879 2659 946 ipsa,
2710 886 2763 931 et
2796 877 2847 930 in
2885 891 3006 931 aere
3052 891 3149 944 per
3177 876 3543 943 quotidianum

1988 970 2116 1024 solis
2143 982 2417 1023 accessum
2456 983 2519 1022 ae
2543 968 2844 1021 discessum
2874 964 3051 1020 facere
3082 964 3338 1020 videmus.
3366 964 3547 1032 Neque

1986 1061 2127 1113 enim
2159 1074 2326 1128 aquas
2351 1046 2455 1119 nisi
2488 1072 2517 1115 a
2544 1058 2654 1113 Deo
2685 1056 2852 1109 factas
2893 1048 3114 1115 credere
3144 1053 3227 1109 fas
3272 1065 3371 1108 cst.
3397 1054 3547 1117 Quol

1987 1156 2041 1202 et
2071 1149 2113 1201 si
2144 1148 2231 1201 hic
2253 1148 2531 1216 Scriptura
2559 1146 2730 1215 palum
2760 1162 2864 1198 non
2900 1145 3249 1221 dicit,,palant
3280 1144 3547 1221 signiﬁcat

1990 1247 2187 1300 tamen,
2234 1253 2354 1292 cum
2384 1239 2530 1291 basa
2566 1235 2674 1291 Deo
2699 1234 2993 1295 illustratus
3034 1220 3194 1303 atque
3236 1234 3300 1288 ad
3338 1232 3546 1301 iussum

1987 1327 2102 1397 ejus
2130 1328 2406 1380 ordinatas
2437 1327 2691 1382 insinuat.
2736 1307 2841 1378 Sed
2887 1322 3123 1392 psalmus
3161 1323 3287 1377 dicit
3319 1332 3499 1390 aperte
3533 1338 3544 1372 :

1984 1418 2054 1474 Et
2083 1434 2230 1487 aqua?
2255 1433 2369 1487 qum
2395 1432 2558 1485 super
2594 1414 2743 1473 cwlos
2774 1423 2913 1478 sunt,
2956 1410 3177 1466 laudent
3224 1428 3404 1465 nomen
3444 1410 3550 1463 Do-

1989 1508 2134 1572 mini,
2174 1508 2295 1577 quia
2340 1508 2445 1576 ipse
2487 1506 2641 1570 dixit,
2673 1516 2719 1558 et
2746 1505 2886 1573 facta
2931 1514 3050 1557 sunt
3102 1501 3272 1570 (Psal.
3302 1503 3543 1571 CXLVIII).

1992 1596 2089 1653 Ubi
2123 1598 2431 1660 notandum,
2486 1595 2625 1665 quod
2680 1610 2800 1650 cum
2854 1594 2990 1649 00th
3044 1595 3093 1647 in
3134 1594 3396 1663 principio
3443 1592 3549 1646 duo

1992 1687 2171 1747 mundi
2202 1686 2359 1753 hujus
2380 1685 2664 1750 elementa,
2701 1699 2838 1753 aqua
2898 1684 3143 1739 videlicet
3172 1692 3228 1737 et
3255 1692 3421 1747 terra,
3456 1698 3549 1735 nu-

324 1776 704 1843 _inaccessibile
758 1776 1165 1846 conspectibus,
1216 1776 1369 1830 inane
1416 1790 1653 1831 creatum
1708 1787 1790 1833 est
1840 1788 1891 1832 et
1914 1758 1963 1815 Β
1995 1776 2234 1828 minatim
2260 1775 2398 1829 facta
2428 1781 2811 1835 memorantur,
2861 1767 3054 1840 quibus
3084 1783 3259 1825 tamen
3292 1772 3393 1825 duo
3426 1770 3550 1825 reli-

335 1884 580 1943 vacuum,
618 1877 676 1922 ut
719 1876 880 1933 terra,
924 1884 1039 1937 qua:
1066 1854 1152 1921 nil.
1182 1869 1232 1921 in
1262 1870 1430 1938 prima
1477 1884 1571 1922 sua
1620 1870 1890 1926 creatione

336 1956 623 2015 virentium
674 1948 993 2033 germinum,
1047 1959 1118 2011 nil
1164 1959 1450 2012 viventium
1496 1958 1743 2027 produxit
1778 1960 1885 2011 ani—

335 2047 611 2110 mantium,
644 2050 766 2118 quia
804 2049 1051 2105 nimirum
1096 2050 1208 2107 suis
1255 2050 1439 2105 incolis
1477 2067 1596 2104 mox
1626 2058 1887 2117 creatum,

335 2137 437 2191 hoc
458 2148 545 2193 cst
572 2138 895 2196 beatissimis
920 2141 1241 2210 angelorum
1274 2141 1572 2210 agminibus
1610 2142 1886 2212 impletum

333 2234 436 2288 est,
467 2241 602 2295 quos
634 2227 971 2297 inprinciplo
996 2245 1115 2283 cum
1134 2211 1283 2282 acmlo
1308 2238 1365 2283 et
1386 2230 1531 2287 terra
1557 2211 1890 2289 esscrcondi—

336 2326 442 2380 tos,
472 2332 534 2371 ac
560 2332 679 2376 mox
712 2306 1069 2377 conditionem
1105 2335 1256 2382 suam
1286 2320 1443 2379 simul
1471 2329 1521 2375 et
1548 2322 1710 2377 totius
1734 2335 1886 2375 crea-

337 2416 470 2460 tura:
511 2408 871 2476 primordialis
925 2409 991 2464 ad
1044 2409 1251 2465 laniem
1286 2410 1590 2467 Conditoris
1633 2411 1889 2466 retulisse

334 2505 564 2553 testatur
586 2498 696 2567 ipse
710 2496 1097 2567 Conditor,.qni
1115 2499 1342 2577 loquens
1361 2503 1426 2553 ad
1452 2511 1692 2559 sanetum
1722 2500 1891 2563 famu-

335 2588 445 2642 lum
475 2605 627 2643 suum
656 2588 753 2642 Job
780 2590 908 2641 dicit
936 2583 1079 2641 :"Ubi
1109 2606 1223 2642 eras
1243 2591 1449 2659 quando
1480 2592 1728 2658 ponebam
1754 2590 1887 2657 fun-

333 2680 576 2743 damenta
602 2688 756 2743 terra;
779 2677 929 2750 (Job.
974 2678 1238 2749 surtu)?
1267 2678 1339 2731 Et
1373 2680 1527 2748 paulo
1569 2688 1689 2748 post
1716 2694 1729 2731 :
1756 2676 1888 2731 Cum

335 2783 417 2821 me
455 2766 729 2821 laudarent
767 2766 930 2823 simul
974 2777 1119 2825 astra
1166 2768 1459 2833 matutina,
1504 2780 1555 2833 et
1601 2768 1887 2837 jubilarent

335 2874 509 2913 omnes
540 2858 641 2929 ﬁlii
659 2857 760 2913 Dei
788 2857 1007 2928 (Ibid);
1038 2867 1181 2914 astra
1206 2858 1447 2915 videlicet
1466 2860 1737 2919 matutina
1764 2875 1886 2913 eos—

333 2950 455 3005 dem
478 2949 714 3018 angelos,
739 2964 873 3019 quos
893 2961 945 3003 et
964 2949 1101 3013 ﬁlios
1119 2950 1219 3005 Dei
1241 2966 1569 3020 nuncupatis,
1602 2952 1668 3015 ad
1696 2950 1883 3026 distin-

334 3038 567 3093 ctionem
597 3038 847 3117 nimirum
874 3037 1147 3096 hominum
1179 3048 1507 3105 sanctorum,
1540 3040 1627 3108 qui
1654 3051 1887 3109 postmo-

1990 1882 2092 1935 qua
2126 1865 2288 1919 fuisse
2318 1873 2528 1919 constat
2559 1864 2747 1926 indita,
2778 1863 2951 1932 ignem
2993 1861 3236 1924 videlicet
3262 1862 3311 1914 in
3342 1862 3483 1914 ferro
3498 1870 3552 1923 ct

1991 1953 2269 2024 lapidibus,
2306 1968 2423 2020 qua:
2465 1960 2623 2005 terra:
2659 1954 2865 2003 viscere
2888 1950 3001 2019 jam
3036 1958 3143 2028 tum
3175 1950 3387 2003 condita
3416 1949 3551 2003 late—

1988 2043 2139 2107 bant,
2196 2057 2372 2096 aerem
2398 2056 2523 2096 vero
2554 2041 2605 2093 in
2639 2041 2751 2109 ipsa
2806 2048 2966 2098 terra,
3003 2038 3085 2091 cui
3116 2053 3235 2093 esse
3263 2038 3551 2107 permistns

1988 2148 2053 2187 ex
2103 2147 2165 2187 eo
2193 2130 2555 2202 cognoscitur,
2599 2128 2728 2201 quia
2783 2142 2903 2182 cum
2933 2126 3089 2182 fuerit
3125 2129 3451 2192 humectata,
3496 2136 3552 2182 et

1991 2220 2299 2289 temperiem
2326 2218 2454 2273 solis
2484 2217 2779 2288 acceperit,
2804 2231 2925 2291 mox
2956 2228 3179 2285 vapores
3204 2215 3417 2271 exhalat
3448 2216 3549 2268 lar-

1986 2307 2257 2379 gissimos.
2292 2308 2465 2377 ignem
2508 2320 2720 2375 quoque
2746 2306 3043 2368 ardentem,
3100 2312 3256 2361 terra:
3285 2304 3551 2373 interiori-

1988 2388 2369 2459 bus‘insitum,
2424 2395 2580 2449 calidi
2626 2410 2884 2465 aquarum
2936 2393 3106 2448 fontes
3139 2394 3387 2463 produnt.
3421 2392 3549 2459 Qum

1990 2507 2110 2547 cum
2132 2506 2227 2561 per
2253 2498 2401 2545 certa
2446 2491 2687 2559 quaedam
2714 2490 2926 2543 metalla
2972 2489 3023 2542 in
3070 2488 3333 2559 profundo
3381 2504 3547 2559 aqua-

1990 2597 2107 2636 rum
2154 2588 2545 2644 transcurrunt,
2576 2596 2679 2632 non
2709 2579 2876 2635 solum
2906 2578 3087 2631 calida:
3117 2578 3213 2632 sed
3253 2587 3307 2632 et
3336 2577 3548 2633 ferven-

1991 2679 2072 2723 tes
2095 2670 2147 2731 in
2181 2667 2515 2737 superficiem
2546 2676 2702 2721 terra:
2727 2675 2996 2721 emanant.
3024 2665 3139 2720 Non
3161 2668 3303 2720 enim
3331 2668 3460 2724 haec,
3492 2673 3549 2718 ut

1988 2758 2204 2827 quidam
2276 2758 2568 2829 disputant,
2614 2756 2911 2811 informiter
2954 2755 3395 2821 invicem-mista,
3451 2756 3545 2810 sed

1991 2847 2138 2917 ipsns,
2188 2847 2380 2919 quibus
2412 2858 2465 2900 et
2515 2862 2659 2901 nunc
2709 2857 2791 2901 est
2831 2846 3025 2903 ﬁnibus
3066 2832 3299 2917 undique
3334 2864 3549 2917 versum

1980 2936 2425 3010 circumscripta,
2489 2936 2608 2990 talis
2652 2945 2778 3002 tunc
2814 2946 2933 2995 erat
2981 2946 3109 3003 tota,
3148 2938 3321 3013 qualis
3374 2938 3550 2993 adhuc

1990 3020 2223 3088 subimo
2272 3044 2435 3085 marts
2468 3022 2732 3099 profundo
2784 3044 2848 3083 ex
2880 3037 3333 3098 parte'remanet.
3384 3032 3549 3101 Aquae

334 3131 462 3186 dum
493 3114 725 3193 creandi,
759 3112 828 3185 ac
853 3130 996 3191 velut
1025 3140 1169 3187 astra
1196 3132 1497 3200 vespertina
1526 3140 1654 3201 apost
1679 3131 1882 3191 confes-

1987 3124 2163 3170 autem
2191 3093 2493 3171 universam
2540 3117 2655 3191 ejus
2702 3116 3037 3186 superficiem
3077 3118 3128 3171 in
3172 3104 3371 3173 tantam
3406 3093 3550 3191 tege-

332 3222 540 3277 sionem
568 3223 757 3277 divina
787 3221 1104 3290 laudationis
1127 3239 1231 3295 .per
1252 3234 1487 3279 mortem
1514 3236 1677 3280 erant
1710 3227 1885 3283 carnis

331 3311 605 3382 occasuri.
639 3311 686 3365 E
728 3312 921 3383 quibus
948 3312 1199 3380 uidelieet
1218 3314 1375 3369 astris
1399 3315 1695 3382 matutinis,
1718 3330 1884 3382 unum

333 3401 405 3455 ob
430 3401 738 3470 despectum
777 3387 934 3457 socia:
974 3403 1065 3457 Dei
1100 3403 1420 3458 laudationis
1444 3405 1881 3471 audiremeruit:

334 3492 604 3559 Quomodo
622 3494 851 3547 cecidisti
863 3494 936 3547 de
955 3493 1107 3568 calo,
1138 3493 1366 3563 Lucifer,
1398 3496 1486 3565 qui
1511 3512 1661 3550 mane
1681 3496 1885 3550 onisba-

333 3580 446 3633 ris?
488 3580 741 3637 Corruisti
772 3584 825 3635 in
862 3592 1052 3643 terram
1098 3584 1188 3655 qui
1232 3585 1535 3645 minerabas
1570 3595 1759 3659 gentes,
1794 3587 1888 3657 qui

332 3672 538 3731 dicebas
574 3672 627 3724 in
666 3673 817 3726 corde
842 3684 939 3726 tuo
963 3687 980 3724 .·
1007 3672 1071 3741 In
1101 3674 1281 3733 caelum
1301 3674 1597 3741 ascendam,
1623 3670 1782 3745 super
1809 3678 1884 3729 si-

330 3759 456 3812 dera
485 3758 596 3812 caeli
627 3759 863 3835 exaltabq
905 3760 1088 3815 solium
1122 3778 1292 3814 meum
1322 3761 1453 3827 (lsa.
1488 3764 1618 3831 XIV).
1650 3764 1707 3819 In
1735 3762 1884 3830 cuius

331 3850 663 3919 expositione
701 3852 977 3905 sententia:
1018 3860 1233 3905 sanctus
1264 3840 1619 3925 Hieronymus
1644 3856 1885 3910 meminit

330 3939 490 3992 etiam
522 3926 747 4007 superior
770 3942 812 3994 is
845 3943 987 4003 coeli,
1020 3942 1090 3995 ita
1121 3944 1360 3998 scribens
1390 3962 1401 3996 :
1438 3964 1454 3994 ‹
1482 3946 1573 3999 Vel
1601 3954 1882 4015 antequam

330 4029 395 4083 de
438 4029 894 4083 c.tlo.cort'uerat
932 4032 1031 4084 ista
1066 4033 1309 4097 diccbat;
1360 4034 1441 4089 vel
1495 4045 1773 4107 postquam
1820 4037 1885 4088 de

329 4116 466 4171 cmlo
490 4120 706 4173 corruit.
756 4118 813 4173 Si
858 4122 1031 4175 adhuc
1079 4122 1129 4174 in
1177 4124 1311 4178 cmlo
1346 4125 1578 4198 positus,
1618 4127 1883 4193 quomodo

329 4205 476 4269 dicit,
515 4205 798 4261 Ascendam
827 4202 881 4260 in
903 4208 1124 4263 caelum?
1164 4210 1263 4267 Sed
1306 4212 1431 4280 quia
1473 4214 1722 4283 legimus,
1770 4214 1881 4267 Ca:-

329 4298 436 4351 lum
474 4299 585 4353 cazli
612 4299 833 4353 Domino
879 4299 1045 4369 (Psal.
1098 4302 1271 4371 cxnt),
1300 4318 1417 4356 cum
1465 4313 1605 4358 esset
1640 4306 1691 4358 in
1722 4305 1877 4369 cado,

330 4387 509 4450 idest,
536 4388 899 4452 ﬁrmamento,
949 4390 998 4443 in
1046 4391 1239 4445 cmlttm
1291 4393 1380 4445 ubi
1426 4392 1619 4447 solium
1670 4394 1876 4447 Domini

328 4487 411 4531 cst
454 4462 703 4548 cupiebat
752 4480 1058 4544 ascendere,
1097 4496 1200 4533 non
1235 4482 1283 4534 in
1312 4482 1759 4547 ltumilitate,,sed
1786 4501 1878 4538 sn-

328 4568 530 4638 perbia.
556 4569 648 4625 Sin
679 4578 855 4623 autem
884 4579 1161 4639 postquam
1191 4574 1391 4626 corruit
1414 4574 1479 4631 de
1510 4575 1645 4628 cmlo
1672 4576 1772 4630 ista
1799 4575 1877 4627 lo-

326 4657 526 4725 quitur,
580 4658 739 4711 verba
789 4657 1107 4731 arrogantia:
1154 4660 1404 4716 debemus
1447 4663 1759 4733 intelligere,
1789 4666 1878 4731 qui

327 4762 427 4801 nec
462 4748 835 4819 [praecipitatus
870 4749 1125 4816 quiescat,
1182 4752 1273 4806 sed
1315 4753 1486 4807 adhuc
1530 4754 1629 4808 sibi
1660 4754 1877 4823 grandia

327 4838 687 4913 repromittit,
737 4854 841 4893 non
888 4847 943 4895 ut
989 4840 1128 4895 inter
1183 4851 1328 4895 astra
1356 4882 1370 4905 ,
1415 4845 1503 4897 sed
1549 4860 1710 4912 super
1736 4854 1877 4897 astra

324 4928 420 5005 Dei
442 4928 531 4992 sit.
558 4948 576 4980 ι
608 4923 795 4991 Merito
819 4930 998 4999 itaque
1020 4930 1213 5005 cadum
1245 4931 1363 4985 eteli
1390 4948 1493 4985 non
1516 4934 1670 4986 inane
1694 4933 1772 4985 vel
1797 4949 1885 4986 va-

326 5032 484 5071 cuum
517 5031 634 5073 esse
658 5026 981 5078 memoratur
1004 5017 1222 5083 factum,
1246 5019 1340 5079 sed
1362 5035 1459 5075 nec
1482 5022 1714 5075 tenebris
1735 5023 1785 5074 in
1813 5036 1879 5075 eo

329 5106 409 5157 vel
438 5105 630 5175 abysso
684 5106 829 5160 locus
862 5122 1134 5161 remanere
1189 5107 1324 5161 ullus
1352 5109 1681 5176 perhibetur,
1736 5110 1876 5179 quod

327 5196 583 5253 Dominus
618 5196 755 5252 Dens
778 5196 1057 5261 illuminat,
1082 5206 1135 5250 et
1162 5196 1311 5265 cujus
1334 5196 1547 5254 lucerna
1582 5207 1664 5253 est
1686 5214 1871 5267 agnus.

327 5282 391 5337 Et
428 5284 617 5337 Inerlto
671 5275 840 5339 inanis
890 5293 997 5341 erat
1031 5300 1093 5337 ac
1148 5301 1306 5342 vacua
1346 5295 1499 5347 terra,
1535 5302 1656 5341 cum
1701 5288 1875 5347 adhuc

330 5381 439 5425 tota
468 5373 681 5440 abysso,
712 5371 888 5436 idest,
936 5370 1193 5435 immensa
1221 5374 1583 5443 profunditate
1600 5378 1876 5447 tegebatur

330 5476 605 5527 aquarum.
642 5458 829 5515 Merito
855 5458 1084 5517 tenebrat
1111 5479 1263 5532 super
1286 5462 1471 5533 facim
1498 5475 1646 5521 erant
1672 5462 1870 5534 abyssi,

332 5569 448 5606 cum
481 5552 707 5609 necdum
741 5552 850 5616 lux,
891 5568 1007 5623 qua:
1025 5555 1124 5609 has
1148 5553 1372 5623 fugaret,
1416 5564 1595 5609 creata
1622 5550 1721 5613 est.
1758 5554 1870 5611 Non

335 5654 505 5701 autem
529 5645 773 5702 audiendi
806 5654 942 5711 sunt,
984 5646 1070 5714 qui
1095 5646 1535 5715 reprehendentes
1558 5646 1747 5714 Deum,
1794 5648 1870 5702 di-

1984 3209 2113 3265 bant
2142 3208 2497 3271 altitudinem,
2532 3216 2590 3263 ut
2618 3208 2685 3261 ad
2732 3210 2849 3263 illos
2881 3225 3047 3279 usque
3078 3211 3223 3266 locos
3273 3214 3549 3283 pertinge-

1976 3305 2122 3361 ,rent,
2173 3295 2263 3353 ubi
2292 3312 2431 3351 nunc
2469 3313 2639 3366 usque
2676 3314 2837 3367 super
2872 3299 3272 3355 fundamentum
3316 3303 3435 3355 emli
3481 3320 3550 3357 cx

1985 3395 2137 3457 parte
2165 3387 2480 3453 residentes,
2498 3406 2690 3447 nomen
2716 3390 2807 3444 Dei
2829 3394 3086 3447 creatoris
3112 3409 3234 3450 cum
3262 3394 3413 3449 cmlis
3439 3410 3550 3450 ca:-

1974 3476 2157 3533 ‘lorum
2180 3476 2404 3547 laudare
2438 3496 2542 3536 non
2569 3482 2834 3535 desinunt.
2862 3482 2943 3536 Ad
2971 3483 3102 3549 bam,
3131 3490 3339 3539 tantum
3364 3494 3446 3540 est
3471 3487 3551 3539 in-

1988 3565 2175 3621 formis
2205 3564 2289 3620 illa
2331 3570 2602 3633 materies,
2647 3570 2711 3623 de
2748 3586 2851 3638 qua
2902 3574 3154 3627 muniunt
3185 3572 3382 3628 factum
3429 3590 3551 3630 esse

1987 3668 2212 3714 testatur
2239 3657 2543 3726 Scriptura,
2573 3676 2691 3729 quae
2744 3660 2795 3714 in
2838 3662 2932 3715 Dei
2958 3662 3196 3717 laudibus
3233 3663 3363 3719 dicit
3398 3684 3409 3718 :
3444 3665 3548 3731 Qui

1985 3752 2150 3821 fecisti
2180 3752 2428 3805 mundum
2455 3754 2518 3806 de
2565 3756 2779 3807 materia
2825 3756 3036 3824 informi
3058 3756 3205 3827 (Sap.
3258 3756 3356 3828 rt).
3406 3759 3538 3813 Nzun

1986 3848 2175 3894 cuncta
2228 3857 2345 3909 qua:
2368 3855 2485 3894 cum
2529 3843 2685 3911 aquis
2727 3854 2780 3897 ct
2830 3855 2968 3898 terra
3010 3847 3190 3901 videre
3228 3848 3457 3902 solemus
3488 3850 3541 3903 in

1986 3931 2200 3993 mundo,
2236 3932 2315 3986 vel
2360 3931 2425 3986 de
2447 3912 2574 4001 ipsis
2596 3933 2873 3987 exordium
2899 3946 3121 4000 natum,
3149 3936 3229 3991 vel
3269 3952 3544 4007 sumpsere

1985 4022 2049 4075 de
2076 4022 2259 4075 nihilo.
2294 4024 2411 4092 Ipsa
2442 4033 2618 4076 autem
2647 4020 2787 4078 terra
2815 4034 2869 4077 et
2911 4027 3037 4098 ipsa:
3067 4042 3218 4095 aqua:
3256 4038 3539 4097 propterea

1985 4127 2177 4166 nomen
2214 4114 2415 4167 sortitae
2460 4123 2584 4168 sunt
2637 4115 2871 4169 materia:
2912 4115 3172 4175 informis.
3210 4117 3330 4186 quia
3372 4120 3545 4187 prius-

1984 4218 2141 4271 quam
2179 4204 2230 4256 in
2260 4204 2430 4258 lucem
2482 4205 2741 4269 venirent,
2800 4206 2938 4263 unde
2965 4206 3348 4261 formositatem
3378 4208 3538 4260 liabe-

1984 4304 2102 4348 reut
2128 4310 2229 4348 non
2260 4304 2394 4349 erat.
2426 4295 2562 4360 Quid
2593 4305 2770 4349 autem
2798 4296 3175 4353 inconveniens
3214 4298 3257 4349 si
3313 4298 3538 4351 munda-

1984 4400 2064 4437 na:
2114 4384 2351 4439 materiae
2374 4384 2587 4438 fuerant
2629 4384 2903 4439 tenebrosa
2928 4386 3254 4454 primordia?
3277 4386 3344 4441 Ut
3382 4403 3536 4443 acce-

1983 4475 2141 4529 dente
2181 4475 2298 4532 luce
2337 4474 2524 4529 melius
2569 4475 2710 4543 quod
2737 4473 2939 4529 factum
2974 4484 3059 4529 est
3110 4476 3436 4540 redderetur,
3488 4484 3544 4532 ct

1986 4572 2236 4633 tanquam
2259 4563 2851 4633 prolicicutisbominis,
2904 4565 3044 4633 quod
3074 4570 3257 4633 postea
3302 4564 3537 4621 futurum

1982 4664 2118 4717 erat,
2178 4655 2281 4708 hoc
2319 4654 2475 4707 modo
2524 4652 2916 4722 significaretur
2964 4645 3539 4725 a’ﬂ'ectio,'cxponente

1981 4743 2251 4813 Apostolo,
2302 4759 2364 4797 ac
2391 4743 2643 4799 dicente:
2680 4743 2936 4807 Quoniam
2974 4743 3127 4808 Deus,
3170 4746 3259 4814 qui
3300 4745 3433 4797 dixit
3475 4746 3539 4799 de

1983 4835 2201 4889 tenebris
2250 4834 2423 4887 lumen
2476 4833 2843 4903 splendescere,
2878 4834 2968 4903 qui
3013 4834 3181 4886 illuxit
3212 4836 3263 4885 in
3296 4835 3535 4889 cordibus

1980 4925 2170 4978 nostris
2194 4922 2243 4995 (1
2250 4923 2273 4976 1
2300 4920 2419 4977 Cor.
2444 4924 2538 4993 Iv).
2562 4920 2708 4978 Unde
2735 4921 3027 5001 alibidicit:
3047 4922 3241 4983 Fuistis
3256 4924 3535 4994 aliquando

1979 5014 2220 5077 tenebrw,
2268 5029 2403 5066 nunc
2425 5024 2595 5066 autem
2617 5010 2708 5065 lux
2731 5013 2785 5065 in
2826 5012 3044 5065 Domino
3085 5012 3299 5083 (Egltes.
3333 5016 3405 5084 v),
3448 5016 3536 5071 illo

1978 5103 2221 5158 videlicet
2246 5103 2359 5172 qui,
2380 5117 2499 5156 cum
2519 5104 2749 5157 tenebrm
2772 5110 2953 5157 essent
2973 5117 3131 5172 super
3153 5101 3341 5158 faciem
3374 5106 3532 5175 abys-

1978 5195 2043 5258 si,
2072 5194 2235 5247 dicit:
2263 5191 2386 5245 Fiat
2408 5191 2519 5257 lux,
2544 5202 2592 5245 et
2617 5193 2754 5259 facta
2775 5202 2848 5245 est
2878 5192 2989 5247 lux.

2050 5282 2118 5335 Et
2170 5280 2394 5349 Spiritus
2438 5279 2534 5333 Dei
2586 5280 2848 5349 ferebatur
2878 5297 3032 5350 super
3076 5299 3262 5352 aquas.
3304 5283 3419 5339 Non
3452 5296 3537 5340 est

1978 5374 2298 5441 opinandum
2328 5371 2605 5440 pueriliter
2629 5372 2767 5439 quod
2803 5371 3037 5441 Spiritus
3065 5383 3290 5436 creator,
3330 5376 3396 5429 de
3425 5392 3533 5446 quo

1977 5462 2228 5531 scriptum
2256 5468 2365 5516 est:
2393 5460 2528 5525 Quia
2553 5459 2775 5527 Spiritus
2798 5459 3001 5515 Domini
3018 5461 3220 5530 replevit
3246 5463 3417 5516 orbem
3429 5475 3533 5518 ter-

1978 5548 2151 5608 rarum
2180 5552 2329 5624 (Sap.
2355 5550 2418 5622 ι),
2439 5552 2701 5623 positione
2737 5552 2836 5607 loci
2882 5553 2963 5607 his
2983 5542 3098 5623 qua:
3118 5564 3269 5608 erant
3298 5556 3529 5611 creanda

1976 5644 2383 5717 sup‘czfcrretur.
2420 5640 2523 5698 Sed
2549 5642 2945 5714 intelligendum
2971 5640 3148 5715 potius
3183 5644 3306 5713 quia
3337 5644 3533 5704 virtute
