3968 6358
275 336 382 390 διε)

1306 339 1659 397 (ΣΟΜΜΕΝΤ.
1699 339 1768 396 IN
1807 338 2123 395 GENESIM.
2165 370 2233 380 —-
2273 339 2396 394 LIB.
2437 339 2475 393 1.

3391 351 3495 405 ιῖςο

273 447 562 514 initiante;
612 460 662 504 et
716 450 817 504 huc
844 433 1010 519 usque
1037 451 1150 507 dies
1180 452 1417 520 expletus
1445 463 1526 507 est
1555 470 1714 516 unus,
1762 453 1838 506 vi-
1871 454 1910 510 A
1942 467 2100 519 quam
2137 453 2274 520 quod
2306 453 2470 522 ipsam
2500 461 2650 506 teme
2698 454 2886 531 molem
2911 455 2991 526 (ut
3031 457 3304 529 Scriptum
3346 463 3493 535 dicit)

273 546 407 613 ginti
443 545 648 600 scilicet
686 554 740 598 ct
785 553 1024 612 quatuor
1052 546 1323 600 horarum.
1352 544 1516 612 Cujus
1571 562 1836 599 commen-

271 637 490 690 datione
521 633 690 695 verbi,
747 633 1020 703 Scriptura
1053 635 1332 706 vigilanter
1368 635 1616 689 admonet
1670 636 1835 690 ulla-

272 742 394 780 eetn
443 740 560 794 qum
605 723 743 779 facta
793 733 874 779 est
907 724 1156 780 inferiora
1210 725 1354 781 orbis
1386 741 1576 780 occasu
1625 743 1721 781 suo
1756 727 1838 779 lu-

272 826 482 872 strasse
508 817 766 871 dicamus.
802 815 932 870 Nam
961 817 1003 870 si
1035 806 1138 872 non
1167 817 1267 870 hoc
1298 814 1518 878 faceret,
1557 817 1647 870 sed
1673 818 1838 886 magis

271 905 423 961 facto
464 912 703 976 'vespere
756 905 1012 976 paulatim
1069 912 1179 959 tota
1227 906 1444 974 periret,
1518 919 1580 958 ac
1627 920 1836 957 rursum

274 1011 436 1050 mane
453 997 707 1064 paulatim
741 996 791 1048 io
830 1010 888 1048 re
933 1004 1111 1049 creata
1151 1001 1470 1063 resurgeret,
1498 1009 1603 1048 non
1631 993 1742 1062 jam
1786 993 1838 1046 in

274 1104 436 1142 mane
471 1087 572 1142 diei
606 1088 900 1158 sequentis,
958 1088 1049 1141 sed
1073 1087 1250 1156 potius
1283 1087 1334 1139 in
1385 1102 1603 1156 vespera
1656 1086 1835 1156 primi,

274 1191 444 1234 unum
482 1180 685 1233 diceret
717 1193 835 1233 esse
860 1178 996 1232 diem
1025 1177 1338 1248 perfectum.
1373 1177 1522 1231 Unde
1556 1193 1699 1238 nunc
1728 1192 1838 1230 ma-

275 1272 362 1343 gis
394 1279 684 1341 vesperam
721 1278 774 1325 et
821 1285 976 1324 mane
1006 1285 1164 1339 quam
1221 1279 1431 1323 noctem
1480 1285 1543 1322 ac
1587 1270 1729 1323 diem
1765 1268 1842 1321 fa-

274 1373 422 1418 ctam
473 1363 650 1418 dicere
686 1361 889 1425 maluit,
945 1368 1005 1413 ut
1058 1361 1356 1432 insinuaret
1414 1368 1538 1412 tunc
1577 1360 1841 1426 primariae

275 1455 418 1509 locis
471 1464 645 1510 actum
695 1469 818 1509 esse
869 1453 1174 1516 circuitum,
1229 1450 1368 1521 quod
1424 1467 1564 1506 nunc
1614 1451 1840 1506 circuitu

277 1545 413 1600 solis
437 1546 523 1599 die
561 1554 830 1614 noctuque
851 1544 961 1614 geri
991 1552 1203 1598 constat
1233 1562 1246 1596 :
1275 1552 1470 1613 praeter
1494 1545 1592 1598 hoc
1644 1544 1841 1598 solum-

277 1637 459 1697 modo,
501 1635 809 1705 quod,post
855 1644 1034 1690 creata
1067 1635 1267 1703 sidera,
1322 1650 1422 1688 nox
1454 1649 1666 1704 quoque
1723 1650 1838 1698 sua,

278 1725 497 1780 tametsi
545 1725 751 1780 minore
792 1741 950 1794 quam
980 1726 1115 1789 dies,
1166 1725 1283 1780 luce
1325 1724 1698 1794 perfunditur;
1749 1727 1844 1778 tris

1939 541 2178 610 appendit
2231 542 2284 593 in
2320 542 2523 595 nihilo?
2553 541 2736 613 (lbid.)
2777 543 2905 597 Nam
2956 556 3006 601 et
3038 551 3210 612 undze,
3246 551 3358 606 sive
3384 551 3496 606 Ku-

1939 629 2019 682 hri
2061 629 2241 691 maris,
2296 633 2407 684 sive
2454 630 2594 684 fluvii
2633 632 2901 697 Iordanis,
2952 651 3069 689 cum
3113 640 3178 691 ad
3209 643 3496 696 transitum

1917 717 2240 778 _lsraelilica3
2269 719 2436 789 plebis
2473 721 2525 773 in
2555 722 2715 781 altum
2757 735 2950 778 erectm
3008 742 3280 786 murorum
3333 733 3502 787 instar

1942 805 2194 876 figuntur,
2226 823 2400 863 nonne
2429 810 2646 865 evidens
2675 813 2801 866 dant
2842 815 3118 880 indicium,
3150 821 3289 887 quod
3337 825 3499 877 etiam

1939 912 2099 966 supra
2128 900 2507 953 rotunditatem
2535 901 2656 954 (ζα)ιί
2694 902 2995 970 volubilem,
3026 907 3128 960 lixa
3156 902 3362 976 possint
3394 922 3501 964 sta-

1941 989 2084 1042 tione
2107 990 2360 1043 manere?
2381 989 2520 1044 Sane
2540 991 2932 1062 qualescunque
2955 997 3024 1050 ibi
3048 1013 3200 1067 aquae
3229 1000 3356 1064 sint,
3384 1015 3506 1055 esse

1941 1088 2115 1134 tamen
2137 1097 2227 1136 eas
2250 1082 2342 1145 ibi,
2391 1084 2532 1152 quod
2563 1083 2837 1153 Scriptura
2854 1097 3036 1141 sancta
3058 1090 3212 1157 dixit,
3240 1093 3368 1146 nulli
3402 1095 3500 1148 du-

1939 1170 2213 1225 bitandum
2256 1175 2488 1242 reliquit.

2010 1258 2147 1325 Quid
2189 1261 2259 1313 sit
2313 1272 2489 1315 autem
2556 1263 2736 1319 dicere
2782 1267 2914 1320 Dei:
2945 1267 3066 1322 Fiat
3103 1273 3236 1334 hzec,
3287 1274 3366 1327 vel
3415 1275 3500 1329 illa

1941 1360 2208 1413 creatura,
2242 1350 2353 1420 jam
2385 1352 2746 1418 supradictum
2785 1363 2886 1409 est.
2939 1357 3082 1411 Dixit
3142 1362 3284 1414 enim
3321 1371 3377 1416 ut
3415 1362 3505 1416 fic-

1945 1447 2044 1502 ret,
2081 1455 2201 1494 cum
2239 1441 2292 1494 in
2319 1425 2586 1494 cozeterno
2615 1442 2715 1495 sibi
2746 1444 2938 1510 Verbo,
2996 1449 3268 1518 unigenito
3321 1453 3506 1508 videli-

1943 1537 2027 1584 cet
2066 1529 2221 1593 Filio,
2252 1540 2442 1586 cuncta
2492 1534 2721 1586 creanda
2749 1533 3029 1604 disposuit.
3064 1539 3194 1593 Cum
3227 1557 3354 1609 ergo
3409 1561 3505 1598 au-

1944 1619 2172 1674 divimus
2190 1636 2203 1674 :
2221 1621 2363 1675 Dixit
2380 1623 2537 1687 Deus,
2558 1621 2678 1676 Fiat
2692 1623 3074 1691 ﬁrmamentum
3096 1630 3149 1682 in
3165 1632 3331 1684 media
3347 1651 3508 1702 aqua-

1947 1727 2082 1774 rum,
2115 1721 2161 1763 et
2185 1712 2382 1764 dividat
2409 1730 2570 1783 aquas
2599 1715 2662 1766 ab
2690 1714 2858 1783 aquis,
2888 1716 3247 1786 intelligamus
3275 1723 3417 1790 quod
3453 1725 3503 1777 in

280 1812 392 1868 duo
448 1823 623 1876 autem
681 1814 770 1868 mo
814 1792 1019 1884 primo,
1067 1792 1346 1869 tenebrosi,
1382 1829 1600 1883 prorsus
1648 1824 1702 1870 ει
1754 1817 1848 1869 οι),
1876 1792 1922 1849 Β
1952 1800 2128 1855 Verbo
2171 1801 2263 1855 Dei
2303 1809 2418 1856 erat
2439 1812 2498 1856 ut
2554 1804 2703 1857 fieret
2771 1805 2822 1858 in
2863 1821 2967 1874 quo
3015 1807 3316 1863 faciendum
3369 1813 3511 1866 intus

279 1916 442 1953 seura
495 1901 764 1955 manebat.
811 1901 1043 1956 Decebat
1093 1918 1322 1970 namque
1349 1904 1597 1961 omnibus
1650 1905 1839 1967 modis,

280 1996 342 2042 ut
396 1989 514 2044 dies
557 2006 586 2043 a
619 1990 737 2045 luce
795 1991 1077 2060 incipiens,
1120 1993 1172 2045 in
1221 2007 1377 2050 mane
1422 1994 1524 2049 diei
1576 1997 1847 2064 sequentis

278 2090 427 2134 esset
478 2082 792 2150 protelatus,
841 2090 1103 2151 quat‘enus
1148 2085 1485 2140 intimaretur
1513 2103 1672 2156 opera
1708 2090 1844 2159 ejus,

277 2175 374 2244 qui
438 2185 520 2230 est
569 2175 656 2230 lux
704 2193 869 2240 vera,
929 2185 984 2232 et
1028 2179 1082 2231 in
1137 2193 1242 2248 quo
1289 2180 1520 2233 tenebrze
1566 2197 1667 2235 non
1725 2193 1848 2237 sunt

286 2264 448 2328 ullas,
499 2281 529 2319 a
584 2266 701 2323 luce
767 2269 1054 2340 inchoare,
1114 2279 1168 2324 et
1225 2258 1276 2322 in
1328 2269 1444 2324 luce
1495 2281 1685 2326 cuncta
1727 2287 1848 2329 esse

284 2355 572 2427 completa.
1167 2343 1174 2349 ’

903 2452 1128 2509 CAPUT
1163 2454 1270 2509 ΙΙΙ..

287 2537 702 2597 Firmamentum
748 2543 830 2597 die
866 2544 1090 2620 secundo
1139 2545 1354 2620 factum,
1386 2556 1433 2601 et
1477 2549 1658 2603 divisio
1687 2567 1849 2620 aqua-

578 2628 693 2664 tum
725 2625 882 2682 supra
906 2622 953 2666 et
979 2613 1119 2681 infra
1143 2615 1543 2682 ﬁrmamentum.

359 2703 506 2776 Dixit
547 2738 746 2793 quoque
792 2715 1117 2777 Deus:Fiat
1169 2725 1547 2792 ﬁrmamentum
1591 2731 1645 2783 in
1684 2731 1848 2785 medio

286 2828 567 2882 aquarum,
583 2820 630 2866 et
649 2811 1020 2884 dividamus
1039 2814 1101 2867 ab
1123 2816 1304 2884 aquis;
1322 2818 1499 2885 et-[ecit
1522 2817 1659 2872 Deus
1673 2820 1852 2889 ﬁrma-

291 2911 540 2966 mentum,
568 2903 845 2972 divisitque
887 2918 1048 2972 aquas
1069 2920 1184 2975 qua:
1228 2915 1374 2961 erant
1398 2907 1493 2960 sub
1523 2907 1851 2975 ﬁrmamento

286 2995 354 3048 ab
379 2996 458 3049 his
486 3011 602 3064 qua:
643 3004 789 3049 erant
813 3011 966 3064 super
993 2995 1395 3062 ﬁrmamentum.
1428 2997 1495 3050 Et
1539 2997 1734 3067 factum
1776 3009 1850 3054 est

289 3086 363 3140 ita
391 3104 410 3151 ;
437 3085 733 3160 rocaritque,
775 3081 911 3139 Deus
932 3085 1309 3153 ﬁrmamentum
1349 3087 1550 3154 mlum,
1579 3082 1625 3142 et
1653 3089 1848 3159 factum

288 3164 365 3231 est
413 3193 614 3246 respere
641 3170 687 3230 et
725 3192 876 3231 mane
921 3177 1029 3230 dies
1059 3178 1331 3232 secundus.
1363 3178 1472 3240 llic
1502 3179 1670 3233 noetri
1698 3177 1837 3241 cmli,

291 3265 352 3338 in
383 3280 489 3335 quo
509 3265 614 3320 ﬁxa
645 3272 768 3319 sdnt
797 3261 991 3346 sidera,
1034 3266 1232 3322 creatio
1253 3267 1571 3322 describitur
1595 3287 1607 3320 :
1632 3268 1770 3336 quod
1792 3269 1844 3320 in

290 3353 468 3408 medio
505 3361 714 3408 constat
755 3351 1021 3406 firmatum
1059 3368 1179 3407 esse
1225 3369 1502 3425 aquarum.
1553 3353 1686 3409 Nam
1718 3369 1845 3423 sup-

288 3443 495 3514 positas
519 3443 567 3496 ei
599 3457 718 3497 esse
747 3457 935 3511 aquas,
960 3451 1013 3496 et
1055 3443 1154 3513 ipsi
1180 3442 1232 3496 in
1256 3458 1379 3498 aere
1409 3433 1670 3512 terrisque
1703 3445 1848 3500 vide-

290 3551 430 3590 mus.
457 3531 833 3605 Superpositas
860 3523 1057 3597 autem,
1089 3550 1194 3588 non
1233 3535 1400 3592 solum
1426 3536 1582 3605 hujus
1606 3535 1851 3605 Scriptu-

291 3633 366 3678 ra:
410 3624 746 3687 auctoritate,
799 3623 974 3678 sed'et
1003 3623 1280 3694 Propheta:
1320 3624 1496 3678 verbis
1537 3624 1845 3688 cdocemur,

288 3717 382 3786 qui
424 3718 501 3771 ait
531 3736 544 3770 :
578 3699 874 3790 Extendens
904 3703 1083 3772 coelum
1113 3707 1244 3771 sicut
1274 3718 1474 3788 pellem,
1520 3720 1608 3789 qui
1635 3721 1762 3789 tegis
1795 3721 1849 3772 in

289 3809 440 3878 aquis
469 3808 737 3878 superiora
765 3808 876 3878 ejus
903 3803 1071 3878 (Psal.
1097 3808 1233 3876 cm).

360 3895 419 3951 l‘n
473 3896 652 3952 medio
699 3912 828 3968 ergo
877 3913 1135 3967 aquarum
1182 3899 1447 3965 firmatum
1483 3914 1601 3959 esse
1619 3909 1852 3961 constat

292 3986 562 4041 sidereum
596 3986 806 4052 cadum,
837 4001 1008 4056 neque
1027 3988 1239 4057 aliquid
1265 3989 1509 4057 prohibet
1558 3997 1617 4044 ut
1641 4004 1764 4046 esse
1785 3991 1850 4044 de

293 4077 448 4146 aquis
473 4075 669 4131 factum
699 4077 993 4132 credatur?
1038 4077 1171 4144 Quia
1205 4079 1346 4132 enim
1392 4062 1684 4148 crystallini
1717 4079 1852 4148 lapi-

292 4165 378 4220 dis
410 4174 610 4234 quanta
639 4164 884 4231 ﬁrmitas,
913 4180 1031 4235 quae
1049 4167 1116 4220 sit
1142 4167 1488 4235 perspicuitas
1515 4168 1761 4222 novimus
1789 4182 1852 4222 ac

292 4258 521 4326 paritas,
579 4272 724 4326 ptem
755 4257 819 4312 de
856 4272 1112 4326 aquarum
1162 4259 1500 4312 concretione
1529 4269 1733 4314 certum
1768 4267 1854 4313 est

293 4361 416 4402 esse
441 4355 807 4416 procreatum,
856 4347 984 4422 quid
1017 4347 1196 4401 obstat
1218 4347 1361 4407 credi
1396 4347 1534 4415 quod
1566 4347 1707 4401 idem
1746 4347 1853 4401 dis-

293 4436 501 4508 positos
529 4445 846 4491 naturarum
878 4437 933 4492 in
993 4437 1384 4492 ﬁrmamentum
1433 4437 1552 4492 caeli
1600 4437 1849 4493 snbstan-
1878 4471 1929 4530 Β

293 4529 425 4584 tiam
451 4528 708 4588 solidaret
732 4528 1027 4597 aquarum?
1056 4526 1110 4583 Si
1156 4543 1312 4597 quem
1341 4544 1468 4584 vero
1493 4537 1671 4584 movet
1719 4545 1852 4600 quo-

293 4621 452 4675 modo
484 4635 657 4689 aquae,
686 4635 912 4689 quarum
939 4627 1130 4674 natura
1176 4628 1258 4674 est
1279 4619 1729 4690 ﬂu’itaresemper
1772 4631 1853 4675 at-

293 4726 399 4778 que
433 4709 513 4766 ad.
538 4711 645 4763 ima
672 4709 866 4774 delabi,
903 4724 1060 4778 super
1083 4707 1276 4763 cadum
1302 4709 1593 4764 consistere
1621 4711 1849 4778 possint,

291 4819 415 4856 cum
463 4801 578 4869 ejus
626 4800 854 4855 rotunda
883 4800 1091 4854 videtur
1138 4815 1255 4854 esse
1310 4798 1498 4870 figura,
1551 4801 1854 4854 meminerit

294 4891 589 4961 Scrime
640 4891 867 4945 dicentis
889 4890 952 4943 de
983 4890 1131 4944 Deo:
1175 4889 1276 4954 Qui
1318 4890 1441 4959 ligat
1486 4907 1642 4960 aquas
1665 4890 1717 4943 in
1755 4908 1852 4944 nu-

297 4983 442 5037 bibus
465 4985 592 5045 suis,
631 4993 686 5035 ut
719 4999 818 5035 non
843 4992 1111 5049 erumpant
1151 4982 1350 5050 pariter
1402 4982 1638 5034 deorsum
1663 4980 1851 5051 »((Ιοὸ.

297 5074 476 5141 xxvi);
543 5082 592 5126 et
648 5063 903 5140 intelligat
949 5071 1070 5144 quia
1120 5072 1208 5141 qui
1291 5071 1424 5125 infra
1475 5071 1668 5126 cmlum
1729 5072 1857 5142 ligat

295 5179 463 5232 aquas
485 5164 551 5216 ad
582 5173 810 5232 tempus,
839 5178 957 5216 cum
985 5163 1122 5226 vult;
1143 5171 1200 5216 ut
1229 5178 1331 5230 non
1352 5163 1551 5232 pariter
1581 5163 1852 5224 decidant,

298 5249 442 5306 nullo
469 5250 720 5305 firmioris
750 5251 1056 5305 substantia:
1081 5251 1355 5320 crepidine
1379 5257 1723 5311 sustentatas,
1759 5249 1854 5303 sed

271 5339 582 5408 _vaporibus
628 5339 959 5393 solummodo
1000 5339 1217 5392 nubium
1249 5348 1479 5393 retentas
1507 5356 1519 5390 :
1552 5339 1664 5407 ipse
1689 5339 1850 5392 etiam

296 5428 470 5498 potuit
493 5443 661 5496 aquas
689 5444 849 5497 super
883 5429 1163 5483 rotundam
1203 5429 1322 5484 (εωιί
1349 5429 1628 5499 sphaeram,
1663 5444 1729 5483 ne
1755 5445 1851 5486 un»

301 5532 457 5586 quam
479 5517 812 5580 delabantur,
844 5534 946 5573 non
969 5519 1202 5588 vaporali
1229 5520 1508 5581 tenuitate,
1546 5515 1636 5574 sed
1667 5518 1851 5571 solidi-

300 5614 405 5661 tate
433 5606 758 5677 suspendere
785 5607 1014 5676 glaciali.
1045 5608 1272 5677 Sed_etsi
1308 5609 1571 5677 liquentes
1599 5608 1667 5661 ibi
1685 5623 1854 5677 aquas

297 5696 489 5751 sistere
547 5696 730 5761 voluit,
765 5697 997 5760 nunquid
1047 5695 1264 5761 majoris
1320 5697 1418 5752 hoc
1469 5696 1710 5752 miraculi
1751 5705 1851 5761 est,

1948 1900 2074 1945 ante
2109 1906 2266 1946 omne
2329 1897 2536 1962 tempus
2566 1883 2807 1961 prmvidit
2832 1897 3087 1965 quidquid
3127 1898 3254 1954 foris
3277 1916 3339 1955 ex
3377 1911 3507 1956 tem-

1946 1998 2075 2052 pore
2099 1983 2238 2038 Deus
2262 1983 2404 2037 fecit.
2429 1983 2560 2050 Cum
2591 1998 2718 2054 ergo
2748 1983 3054 2043 audivimus
3087 2007 3099 2042 :
3129 1990 3194 2043 Et
3217 1991 3335 2060 fecit
3365 1993 3507 2048 Deus

1945 2072 2351 2140 ﬁrmamentum,
2408 2073 2682 2142 diuisitque
2727 2092 2890 2145 aquas
2933 2095 3049 2148 qum
3099 2090 3246 2133 erant
3292 2084 3386 2136 sub
3421 2084 3514 2152 ﬁr-

1945 2172 2203 2235 mamento
2256 2163 2319 2215 ab
2360 2162 2440 2215 Itis
2489 2179 2605 2232 qua:
2634 2175 2777 2217 erant
2799 2182 2953 2234 super
2997 2167 3424 2235 ﬁrmamentum;
3465 2183 3512 2225 et

1947 2248 2143 2334 factum
2165 2261 2238 2305 est
2268 2252 2365 2316 ita,
2398 2253 2754 2322 intelligamus
2782 2259 2974 2308 tactam
2999 2258 3119 2310 cmli
3147 2273 3515 2331 aquarumque

1947 2341 2271 2405 creationem
2296 2355 2358 2396 ac
2380 2342 2803 2410 dispositionem,
2827 2361 2930 2399 non
2953 2348 3249 2403 excessisse
3271 2353 3513 2419 pnescri-

1945 2441 2066 2508 ptgs
2102 2432 2200 2507 sibi
2240 2433 2292 2489 in
2314 2432 2490 2501 Verbo
2518 2435 2611 2490 Dei
2642 2437 2920 2502 terminos,
2947 2438 3101 2507 juxta
3134 2439 3257 2494 illud
3284 2441 3514 2498 Psalmi-

1948 2532 2087 2578 staa:
2129 2521 2470 2594 Pra’ceptum"
2495 2527 2688 2595 posuit,
2742 2539 2792 2580 et
2848 2545 2950 2581 non
3007 2532 3289 2599 prteteribit
3341 2532 3513 2602 (Psal.

1947 2614 2156 2685 xtvtn).
2205 2614 2355 2696 Quod
2410 2631 2560 2685 mque
2597 2618 2664 2671 de
2701 2620 2962 2692 creaturis
3005 2637 3122 2690 quae
3166 2625 3517 2691 sequentibus

1948 2718 2176 2777 quatuor
2202 2709 2387 2765 diebus
2413 2709 2566 2766 fat-Le
2609 2713 2916 2768 referuntur
2962 2716 3363 2786 intelligendum
3407 2729 3511 2775 est.

1952 2801 2049 2856 Ubi
2093 2817 2220 2856 vero
2241 2801 2549 2870 adjunctum
2586 2805 2887 2861 audivimUS
2915 2825 2926 2859 :
2959 2807 3027 2860 Et
3056 2810 3180 2862 vidit
3219 2810 3354 2864 Deus
3377 2814 3514 2882 quod

1947 2903 2072 2946 esset
2129 2894 2341 2958 bonum,
2390 2895 2751 2966 intelligamus
2799 2898 2851 2951 in
2905 2898 3233 2970 benignitate
3284 2901 3515 2972 Spiritus

1948 2981 2083 3050 ejus,
2130 2997 2236 3037 non
2286 2985 2442 3053 quasi
2469 2987 2742 3056 cognitum
2764 2995 2949 3056 postea
2993 3004 3151 3058 quam
3186 2991 3385 3046 factum
3412 3004 3513 3059 est,
3579 2985 3590 2994 ’

1949 3075 2234 3144 placuisse,
2260 3077 2354 3133 sed
2376 3079 2552 3147 potius
2581 3079 2634 3132 in
2664 3094 2727 3133 ea
2751 3080 2988 3135 bonitate
3003 3081 3289 3150 placuisse,
3319 3093 3370 3137 ut
3398 3101 3513 3144 ma-

1950 3172 2100 3217 neret
2127 3165 2216 3218 ubi
2258 3165 2508 3234 placebat
2549 3175 2610 3220 ut
2636 3166 2808 3222 fieret.
2846 3168 3145 3226 Notandum
3185 3173 3328 3225 enim
3374 3175 3517 3242 quod

1947 3254 2106 3323 hujus
2137 3255 2282 3310 verbi
2319 3254 2552 3324 adjectio
2572 3258 2675 3312 hoc
2701 3257 2755 3312 in
2806 3258 2923 3314 loco
2953 3260 3005 3314 in
3062 3261 3321 3316 llebraica
3369 3265 3516 3316 veri-

1947 3352 2056 3399 tate
2083 3360 2188 3399 non
2221 3346 2468 3401 habetur.
2498 3347 2565 3401 Et
2591 3347 2893 3403 mirandum
2943 3367 3109 3420 quare
3134 3353 3300 3424 inter
3333 3355 3512 3408 omnia

1947 3450 2066 3504 quae
2091 3450 2302 3490 creasse
2328 3437 2470 3492 Deus
2495 3438 2708 3508 legitur,
2738 3441 2825 3495 hic
2850 3441 3201 3507 solummodo,
3237 3444 3287 3498 id
3321 3454 3424 3509 est,
3465 3447 3516 3500 in

1949 3524 2167 3579 secundi
2197 3524 2301 3588 diei
2331 3528 2602 3595 operibus,
2650 3529 2896 3597 probatio
2935 3532 3128 3587 divinat
3165 3535 3393 3591 visionis
3424 3538 3515 3590 nti-

1949 3616 2121 3668 nime‘
2148 3617 2376 3671 addatur
2411 3636 2426 3671 :
2456 3634 2573 3688 qua:
2611 3628 2790 3675 tamen
2842 3622 2954 3690 ipsa
2993 3638 3114 3678 cum
3163 3628 3371 3681 caeteris
3401 3644 3520 3696 qua

1950 3705 2073 3761 fecit
2106 3706 2214 3762 Deo
2237 3708 2374 3762 bona
2414 3724 2532 3764 esse
2568 3712 2681 3765 visa
2709 3713 3162 3779 demonstrantur,
3195 3731 3316 3770 cum
3353 3718 3403 3769 in
3432 3733 3515 3772 sc-

1949 3801 2234 3869 quentilms
2258 3802 2456 3856 dicitur
2485 3799 2771 3875 :Viditque
2793 3804 2932 3860 Deus
2957 3818 3141 3860 cuncta
3153 3824 3268 3877 qua?
3295 3809 3433 3877 fecit,
3461 3819 3508 3864 et

1949 3900 2096 3944 erant
2123 3891 2270 3945 ualde
2308 3891 2460 3946 bona.
2498 3893 2608 3948 Nisi
2637 3895 2794 3960 forte,
2844 3896 2984 3952 sicut
3033 3899 3248 3966 quidam
3299 3900 3513 3954 Patrum

1949 3990 2243 4050 exponunt,
2260 3982 2558 4054 intelligere
2584 4000 2680 4040 nos
2707 3985 2760 4040 in
2782 3987 2882 4040 hac
2900 3985 3174 4057 Scriptura
3190 3989 3378 4050 voluit,
3406 4007 3512 4044 non

1950 4085 2069 4126 esse
2095 4072 2293 4126 bonum
2325 4072 2588 4143 duplicem
2620 4091 2922 4141 numerum,
2978 4078 3067 4147 qui
3107 4080 3174 4133 ab
3200 4081 3403 4134 unitate
3435 4083 3514 4135 di-

1952 4159 2119 4224 vidat,
2149 4168 2204 4215 et
2247 4161 2552 4231 praefiguret
2597 4162 2799 4219 fcedera
2840 4167 3162 4236 nuptiarum.
3205 4169 3353 4225 Unde
3381 4173 3515 4225 etin

1953 4261 2074 4301 arca
2106 4247 2237 4314 Noe,
2296 4250 2477 4303 omnia
2523 4251 2775 4306 animalia
2807 4269 3135 4325 quaecunque
3167 4258 3290 4311 bina
3346 4260 3520 4328 ingre-

1953 4338 2173 4394 diuntur
2200 4341 2474 4396 immunda
2504 4354 2645 4408 sunt,
2672 4356 2725 4400 et
2750 4346 2920 4416 impar
2949 4365 3201 4405 numerus
3229 4367 3346 4406 esse
3369 4369 3520 4407 mun-

1953 4427 2054 4482 dus
2081 4431 2399 4484 ostenditur.
2444 4431 2522 4486 De
2553 4434 2636 4488 his
2662 4449 2812 4499 sane,
2845 4451 2963 4504 qua:
2990 4438 3246 4494 hactenus
3275 4443 3517 4510 exposita

1955 4529 2101 4585 sunt,
2132 4522 2182 4576 id
2205 4530 2309 4587 est,
2341 4523 2406 4577 de
2457 4525 2729 4581 creatione
2763 4528 2867 4582 diei
2911 4530 3070 4597 primi
3097 4539 3152 4585 et
3182 4533 3421 4595 secundi,
3465 4535 3516 4588 in

1954 4611 2177 4666 historia
2214 4614 2386 4668 sancti
2431 4613 2722 4671 Clementis
2766 4617 2838 4674 ita
2888 4618 3116 4673 refertur
3158 4616 3356 4677 dixisse
3395 4639 3519 4694 apo-

1956 4702 2150 4758 stolum
2170 4701 2387 4757 Petrum
2415 4719 2429 4757 :
2454 4704 2510 4758 ln
2549 4706 2828 4776 principio,
2857 4724 2977 4762 cum
3004 4708 3216 4765 fecisset
3241 4712 3390 4767 Deus
3409 4730 3518 4769 cce.

1909 4817 1912 4820 η
1957 4793 2064 4848 lum
2096 4790 2166 4848 et'
2190 4802 2410 4859 terram,
2459 4805 2714 4865 tanquam
2742 4798 2957 4852 domum
2993 4816 3173 4864 unam,
3231 4803 3342 4871 ipsa
3398 4821 3517 4874 qua)

1954 4901 2020 4940 ex
2043 4885 2359 4955 corporibus
2389 4889 2568 4942 mundi
2601 4889 2800 4942 reddita
2830 4899 2912 4944 est
2933 4891 3140 4955 umbra,
3173 4893 3257 4947 his
3296 4911 3413 4963 qua:
3445 4896 3521 4948 in-

1955 4975 2221 5029 trinsecus
2261 4975 2441 5029 clausa
2469 4975 2677 5030 fuerant
2704 4979 2955 5032 tenebras
3001 4993 3067 5032 ex
3113 4995 3171 5035 se
3199 4983 3360 5036 dedit.
3413 4983 3520 5038 Sed

1956 5079 2078 5117 eum
2128 5063 2371 5120 voluntas
2417 5064 2510 5118 Dei
2549 5066 2843 5121 introduxit
2889 5068 3080 5132 lucem,
3135 5073 3369 5128 tenebrat
3416 5074 3519 5129 illze

1955 5167 2074 5222 qua:
2121 5168 2186 5207 ex
2235 5153 2426 5206 umbra
2473 5167 2756 5223 corporum
2799 5154 2950 5210 facta:
2999 5156 3230 5221 fuerant,
3267 5163 3519 5215 continuo

1955 5244 2221 5299 devorate
2257 5252 2401 5298 sunt.
2455 5243 2588 5297 Tum
2633 5246 2825 5298 deinde
2857 5247 2942 5300 lux
2988 5247 3038 5302 in
3089 5250 3248 5310 diem,
3289 5253 3520 5307 tenebrae

1953 5333 2280 5400 deputantur
2303 5332 2354 5384 in
2380 5340 2610 5386 noctem.
2638 5330 2756 5390 Jam
2793 5349 2922 5405 vero
2947 5350 3106 5403 aqua,
3155 5352 3274 5404 qua:
3297 5348 3412 5392 erat
3439 5341 3520 5392 in—

1960 5430 2039 5475 tra
2078 5421 2330 5476 mundum
2359 5421 2417 5475 id
2470 5420 2647 5475 medio
2687 5423 2844 5489 primi
2900 5423 3041 5478 illius
3093 5426 3212 5478 cmli
3257 5435 3518 5496 terraeque

1955 5510 2153 5579 spatio,
2209 5510 2526 5579 quasigelu
2591 5521 2842 5564 concreta
2893 5523 2947 5568 et
2983 5513 3246 5584 crystallo
3299 5517 3516 5571 solidata

1959 5601 2303 5656 distenditur.
2342 5600 2409 5654 Et
2457 5597 2759 5666 huiusmodi
2793 5602 3127 5656 firmamento
3169 5603 3311 5657 velut
3355 5606 3517 5660 inter-

1958 5690 2247 5749 cluduntur
2269 5691 2442 5745 media
2467 5690 2589 5746 caeli
2621 5706 2684 5746 ac
2707 5700 2861 5746 terra:
2889 5690 3060 5760 spatia
3088 5707 3103 5757 ;
3162 5692 3318 5762 idque
3345 5696 3518 5751 firma.
