3968 6328
221 263 314 318 33.3

1223 264 1571 322 COMMENT.
1614 266 1676 320 IN
1717 265 2032 321 GENESIM.
2077 299 2139 307 —-
2182 267 2307 323 LIB.
2342 268 2382 323 ι.

3324 277 3424 331 “il

218 383 329 432 dent
351 379 510 436 diem,
534 378 658 431 litua
689 392 815 431 vero
841 384 892 431 et
921 374 1084 431 stcll.e
1109 387 1316 432 noctem
1348 379 1631 432 illustrem.
1659 377 1768 431 line
1802 383 1842 439 Α
1872 394 1970 446 gna
2004 394 2285 448 possumus
2315 385 2573 451 accipere,
2613 400 2714 437 non
2763 394 2865 440 tam
2916 388 3134 441 aliorum
3165 404 3433 457 (‘nmpat'ac

215 469 346 522 enim
383 467 535 521 factis
564 466 826 519 sideribus
863 466 926 519 ad
976 476 1311 537 augmentum
1350 466 1616 535 primaria:
1644 465 1776 520 lucis

218 560 454 621 arcessit,
488 565 545 608 ut
566 557 725 610 etiam
754 555 1016 611 luminosa
1043 573 1142 610 nox
1172 557 1501 625 procederet,
1537 556 1616 609 Vel
1641 555 1775 610 luna:

218 649 391 716 utique
439 643 742 714 splendore,
779 643 860 698 ve‘l
904 646 1198 709 stellarum,
1245 646 1325 700 vel
1377 654 1601 715 utroque
1638 641 1773 698 irra-

215 739 371 797 diata,
403 740 523 803 qua:
546 739 769 788 eatenus
795 736 863 787 nil
894 743 1087 803 praeter
1109 736 1354 790 tenebras
1391 742 1616 789 noverat
1643 734 1777 787 anti-

219 841 362 896 quas.
393 818 522 878 Nam
551 816 615 878 e’t'
630 825 672 877 si
703 825 854 878 nobis
898 823 1185 892 sepissime
1215 838 1318 876 nox
1368 824 1653 877 tenebrosa
1704 821 1780 875 vi-

215 918 400 969 deatur
427 921 477 967 et
501 927 662 977 caeca,
693 915 977 966 obscurato
1005 912 1249 966 videlicet
1297 912 1572 966 nebulosis
1614 910 1777 964 turbi-

216 1005 365 1057 nibus
400 1018 522 1056 aere
547 1004 824 1070 qui'tcrrte
860 1002 1132 1071 proximus
1157 1010 1260 1065 est,
1294 1003 1564 1071 superiora
1602 1010 1775 1054 tamen

217 1095 296 1148 illa
320 1094 506 1162 s‘patia,
539 1101 655 1163 qute
681 1092 894 1148 mtberis
938 1092 1151 1148 nomine
1197 1103 1504 1158 censentur,
1535 1104 1585 1149 et
1608 1109 1635 1148 a
1672 1101 1780 1148 tur-

218 1185 426 1238 bulento
465 1186 564 1238 hoc
595 1200 717 1238 aere
746 1199 912 1252 usque
947 1185 1009 1236 ad
1039 1183 1304 1238 sidereum
1333 1186 1636 1254 pertingant
1662 1197 1776 1240 ed}-

216 1283 338 1339 lum,
390 1291 600 1346 semper
642 1276 710 1327 ob
753 1275 982 1329 siderum
1030 1264 1466 1329 circumeuntium
1517 1274 1774 1345 fulgorem

216 1364 503 1418 redduntur
533 1363 722 1418 lucida.
758 1362 860 1416 Sed
905 1373 957 1416 et
987 1365 1087 1417 hoc
1131 1364 1311 1416 divini‘
1329 1363 1564 1417 muneris
1593 1349 1775 1418 extorta

216 1458 387 1512 sidera
415 1471 534 1511 cum
565 1455 926 1508 additamento
963 1453 1096 1509 lucis
1127 1456 1324 1510 mundo
1362 1455 1678 1518 attulerunt,
1720 1463 1776 1508 ut

215 1547 482 1601 distinctio
519 1561 730 1615 quoque
753 1554 1045 1614 temporum
1069 1545 1354 1600 labentium
1377 1561 1473 1615 per
1507 1562 1569 1600 ea
1597 1555 1776 1614 posset

209 1634 467 1715 dignosci.
498 1632 642 1688 Unde
679 1633 950 1701 sequitur:

1879 468 2039 530 tione,
2067 484 2225 537 quam
2253 486 2349 524 suo
2377 478 2616 548 milt‘lel‘t‘,
2649 484 2703 527 ut
2746 486 2823 528 est
2852 478 3042 530 cadunt
3082 494 3351 547 magnum,
3386 487 3439 530 et

1877 572 2026 610 mare
2072 570 2337 626 magnum.
2389 560 2537 614 Nam-
2572 571 2625 615 et
2673 578 2891 633 magnus
2940 566 3037 628 sol,
3078 567 3163 634 qui
3214 566 3440 633 complet

1876 643 2058 699 orbem
2105 657 2368 700 terrarum
2414 665 2509 702 suo
2538 651 2736 714 calore,
2781 653 2872 705 vel
2921 654 3040 706 luna
3087 669 3181 709 suo
3204 657 3440 710 lumine:

1877 749 1995 805 quae
2031 737 2090 802 in,
2131 747 2449 808 qttacunqne
2507 754 2655 809 parte
2703 743 2900 798 fuerint
2951 746 3092 808 cmli,
3149 747 3458 799 illuminant

1878 823 2078 890 om‘nia,
2135 837 2190 881 et
2231 840 2380 896 usque
2431 841 2740 898 spectantur
2788 849 2815 885 a
2847 836 3070 888 ctmetis.
3134 835 3460 902 Exrmplum'

1877 915 2463 983 magnitudinis'eorum
2491 919 2728 981 evidens,
2763 923 2900 987 quod
2933 923 3179 975 omnibus
3218 924 3444 975 immini-

1879 1002 1975 1055 bus
1994 1004 2138 1057 orbis
2168 1005 2403 1073 ipsorum
2427 1007 2561 1059 idem
2591 1008 2815 1061 videtur.
2850 1009 2977 1061 Nam
3005 1012 3045 1062 si
3079 1012 3230 1080 longe
3257 1013 3444 1078 positis

1880 1095 2055 1148 minor
2084 1096 2372 1159 videretur,
2405 1108 2452 1151 et
2489 1100 2706 1166 propius
2736 1102 3036 1153 constitutis
3069 1090 3253 1167 major
3281 1103 3444 1155 reful-

1881 1191 2046 1251 geret,
2077 1184 2320 1251 proderet
2346 1186 2650 1254 exiguitatis
2682 1188 2955 1241 indicium.

1952 1271 2229 1324 Luminare
2249 1273 2417 1340 majus
2441 1285 2491 1326 at
2518 1287 2751 1342 pra'esset
2772 1278 2894 1339 (liei,
2912 1287 2956 1328 et
2983 1277 3235 1330 luminare
3255 1280 3443 1343 minus,

1878 1375 1935 1417 ut
1962 1375 2194 1431 prmesset
2230 1367 2395 1426 nocti;
2425 1376 2470 1419 et
2520 1366 2710 1438 stellus,
2745 1380 2787 1419 et
2831 1372 2996 1444 posuit
3048 1388 3133 1423 cas
3183 1373 3233 1424 in
3267 1374 3446 1439 ﬁrma-

1873 1464 2046 1510 mento
2073 1452 2202 1505 cwli.
2236 1453 2516 1507 Luminarc
2554 1457 2724 1524 majus
2755 1466 2833 1509 est
2875 1459 2972 1520 sol,
3001 1473 3104 1510 non
3132 1461 3301 1512 solum
3333 1462 3444 1514 for-

1875 1561 1961 1599 ma
1989 1543 2076 1598 sui
2105 1542 2485 1610 qualiscunque
2511 1553 2591 1597 est
2617 1547 2882 1614 corporis,
2910 1547 2998 1600 sed
3032 1538 3207 1601 etiam
3240 1553 3443 1620 magni-

1847 1637 2058 1693 .tudine
2101 1633 2340 1698 luminis,
2387 1638 2507 1703 quia
2542 1646 2593 1691 et
2643 1639 2813 1704 ipsum
2865 1639 3122 1691 luminare
3177 1643 3351 1694 minus
3393 1651 3457 1696 et

285 1744 348 1796 Et
375 1729 476 1796 sint
498 1744 553 1796 in
574 1744 743 1811 signa,
767 1751 812 1796 et
842 1751 1090 1810 tempore,
1131 1751 1178 1794 et
1203 1741 1311 1795 dies
1349 1751 1395 1795 et
1433 1757 1620 1806 annos,
1650 1742 1771 1810 quia
1806 1713 1848 1771 Β
1877 1724 2057 1782 stellas
2090 1728 2362 1783 illustrare
2407 1729 2682 1781 crcditur.~
2709 1730 2876 1799 Majas
2906 1741 2987 1784 est
3033 1743 3082 1784 et
3116 1735 3309 1787 virtute
3353 1752 3442 1788 ar-

216 1833 462 1885 niinirum
509 1833 819 1901 priusquam
859 1829 1029 1884 sidera
1079 1829 1283 1894 tierent,
1313 1847 1414 1885 non
1439 1839 1553 1885 erat
1581 1833 1773 1900 quibus

215 1922 346 1976 ordo
376 1929 673 1991 temporum
704 1927 1058 1993 [annotaretur
1089 1919 1315 1973 indiciis.
1347 1919 1458 1974 Non
1495 1928 1613 1974 erat
1635 1920 1774 1974 unde

219 2011 512 2064 meridiana
540 2011 669 2082 hora
692 1991 1118 2082 dignosceretur,
1136 2018 1420 2086 antequam

337 2141 416 2191 Sol
443 2141 653 2190 medium
667 2141 782 2197 creti
806 2141 1159 2190 conscenderet
1181 2142 1358 2205 igneus
1381 2140 1587 2200 orbem;

214 2267 318 2320 non
351 2264 490 2319 unde
533 2271 742 2340 cetera:
779 2264 882 2318 diei
936 2265 1231 2345 noctisque,
1263 2260 1563 2335 signaretur
1606 2265 1769 2330 horae,

212 2348 380 2410 denec
400 2365 544 2410 astra
574 2355 752 2426 polum
775 2356 962 2426 aqua"
989 2357 1125 2410 intra
1149 2373 1206 2412 se
1233 2370 1378 2412 sorte
1399 2358 1482 2412 die
1509 2361 1772 2427 noctuque

211 2439 861 2514 dividerent."'Sttnt'ergo
915 2432 1192 2510 luminaria
1221 2446 1272 2498 in
1318 2443 1490 2518 signa,
1538 2453 1592 2500 et
1641 2455 1773 2500 tem-

209 2538 359 2604 pora,
389 2533 601 2597 et'dies,
626 2541 888 2596 et‘annos,
920 2543 1022 2586 non
1044 2534 1184 2602 quod
1207 2548 1234 2586 a
1261 2531 1774 2589 conditioneeorum

210 2629 447 2694 tempora
478 2629 777 2690 coeperunt,
804 2636 922 2690 qum
964 2631 1175 2677 constat
1199 2609 1423 2692 ciepisse
1453 2639 1482 2676 a
1512 2625 1788 2692 principio

209 2729 312 2782 quo
333 2712 628 2767 fecit'Deus
653 2712 843 2766 coelum
881 2713 952 2766 'ct’
977 2709 1207 2776 terram,
1247 2713 1355 2766 ‘vel'
1387 2711 1496 2767 dies
1522 2722 1576 2766 et
1625 2713 1786 2777 anni,

209 2804 294 2870 qui
319 2796 896 2872 originem‘surn‘psisse
921 2799 1212 2855 noscuntur
1234 2814 1306 2854 ex‘
1320 2817 1423 2870 quo
1446 2801 1577 2855 dixit
1599 2801 1770 2856 Deus‘:

211 2891 328 2945 Fiat
353 2893 466 2956 lux,
503 2901 549 2945 et
574 2891 711 2961 facta
743 2902 814 2944 est
845 2891 969 2954 lux;
996 2891 1087 2945 sed
1114 2892 1235 2960 quia
1263 2907 1360 2961 per
1389 2901 1538 2946 ortus
1563 2907 1768 2955 eorum,

207 2984 315 3036 sive
347 2983 618 3045 transitus,
652 2990 950 3050 temporum
986 2981 1116 3036 ordo
1147 2983 1456 3050 dierumque
1485 2997 1769 3036 annorum-

1875 1820 2037 1897 doris,
2065 1821 2185 1897 quia
2215 1819 2470 1872 mundum
2502 1819 2738 1873 calefacit
2767 1831 3033 1883 exortum,
3064 1839 3182 1875 cum
3218 1835 3442 1891 practer-

1873 1895 1961 1962 itis
1985 1893 2106 1963 ante
2135 1891 2247 1977 ejus
2288 1908 2612 1963 creationem
2644 1910 2829 1965 diebus
2855 1908 2984 1965 nihil
3013 1915 3228 1966 omnino
3251 1915 3445 1970 caloris

1871 1997 2161 2052 habuisset.
2193 1997 2344 2064 Quod
2380 2007 2554 2052 autem
2601 2000 2820 2068 :equalis
2868 2002 3130 2068 ttniusque
3183 2004 3443 2071 mag-nitu-

1871 2087 2008 2142 dinis
2029 2088 2150 2141 luna
2179 2103 2299 2154 cum
2330 2088 2440 2143 sole
2461 2089 2716 2153 cernitur,
2750 2105 2814 2143 ex
2841 2105 2904 2144 eo
2935 2090 3045 2144 fieri
3075 2092 3278 2154 dicunt;
3302 2093 3443 2162 quod

1871 2175 1958 2229 ille
2003 2177 2170 2230 multo
2220 2177 2556 2247 longinquior
2602 2191 2630 2229 a
2689 2179 2844 2232 terris
2879 2187 3039 2248 atque
3084 2180 3246 2234 altior
3285 2196 3459 2250 quam'

1870 2265 1992 2319 lnna
2023 2267 2252 2329 incedat,
2285 2264 2846 2352 ideoqne'magnitu'do
2871 2268 2985 2336 ejus
3012 2272 3325 2339 quanta-sit,
3356 2286 3446 2325 ne-

1870 2354 2134 2422 quaquam
2158 2356 2325 2418 nobis,
2346 2358 2433 2425 qui
2461 2358 2511 2410 in
2536 2357 2692 2411 terris
2714 2358 2970 2427 (legimus,
2993 2357 3161 2410 valeat
3185 2360 3440 2428 diguosci.

1871 2443 2058 2498 Omnia
2084 2433 2222 2498 enim
2261 2445 2466 2515 longius
2501 2447 2672 2516 posita
2707 2447 2872 2501 solent
2904 2447 3150 2502 breviora
3183 2450 3370 2503 videri.

1932 2532 2006 2584 ‘Et
2023 2528 2301 2596 luminare,
2318 2534 2508 2603 inquit,
2532 2536 2702 2590 minus
2723 2546 2774 2588 ut
2795 2539 3189 2619 pm-csm'uocti
3209 2554 3226 2601 ;
3250 2549 3294 2590 ct
3318 2539 3442 2592 stel-

1871 2622 1967 2686 las,
1990 2631 2041 2674 et
2055 2621 2228 2690 posuit
2251 2639 2337 2676 eas
2356 2624 2409 2676 in
2431 2623 2759 2691 ﬁrmamento
2786 2624 2921 2677 cali.
2951 2626 3086 2691 Quia
3113 2624 3238 2680 etsi
3262 2624 3458 2680 lunam-

1870 2712 2011 2764 omni
2041 2726 2241 2775 mense,
2267 2713 2309 2766 si
2334 2712 2614 2782 aliquoties
2641 2721 2695 2767 et
2724 2714 2901 2770 stellas
2927 2713 3154 2782 majores
3180 2715 3234 2768 in
3253 2716 3338 2768 die
3366 2716 3443 2769 vi-

1871 2800 1980 2852 deri
2013 2800 2304 2870 contingat,
2337 2811 2803 2870 nequaquam'cas
2857 2800 2982 2867 diei,
3034 2805 3124 2857 sed
3171 2805 3312 2858 nocti
3359 2821 3442 2860 so-

1871 2888 2139 2945 lummodo
2199 2890 2332 2944 lucis
2382 2891 2629 2946 solatium
2701 2893 2913 2962 aliquod
2963 2895 3156 2949 afferre
3206 2896 3445 2952 certissi-

1872 2991 2015 3030 mum
2034 2987 2131 3039 ρει,

206 3087 306 3140 que
335 3072 596 3143 signatur.“
616 3071 759 3124 Nam
788 3075 953 3125 totum
981 3071 1108 3126 illud
1153 3073 1385 3126 triduum
1414 3070 1657 3141 superius
1682 3073 1765 3125 in-
1795 3041 1839 3100 (ἶ
1943 3065 2005 3120 Ut
2030 3068 2254 3122 lacerent
2277 3088 2429 3140 super
2465 3081 2657 3126 terram
2681 3084 2725 3126 et
2764 3085 3035 3142 pra’csscnt
3066 3077 3172 3128 diei
3193 3081 3253 3129 ac
3283 3081 3441 3141 uorti,

205 3161 436 3214 discreto
468 3159 1055 3229 cursus's’ui'processu
1102 3161 1408 3226 transierat,
1439 3161 1640 3214 nullam
1677 3177 1767 3230 pe-

204 3251 347 3304 nitus
394 3250 776 3304 dimensionem
820 3249 1024 3305 habens
1075 3251 1361 3316 horarum,
1413 3258 1594 3319 utpote
1641 3251 1765 3320 quia

204 3337 400 3394 lumine
443 3340 701 3408 primario
744 3338 914 3392 adhuc
958 3340 1276 3407 generaliter
1299 3339 1475 3392 omnia
1510 3338 1764 3406 replente,

203 3429 515 3497 nullumque
543 3437 701 3497 caput
730 3429 979 3492 habente,
1010 3428 1149 3496 quod
1195 3443 1338 3481 nunc
1375 3429 1440 3483 de
1487 3429 1598 3483 sole
1628 3430 1767 3482 acci-

200 3517 294 3587 pit,
326 3532 588 3586 nusquam
632 3517 763 3570 radii
792 3516 1119 3571 ardentiores
1145 3510 1449 3580 illuxcrant,‘
1493 3512 1630 3570 nulla
1670 3518 1768 3571 sub

202 3615 377 3670 caute,
431 3606 515 3659 vel
562 3607 1082 3669 arbo‘t~e,“remoti0r
1127 3607 1310 3668 umbra
1347 3606 1599 3676 frigebat.
1660 3605 1764 3660 Sed

200 3704 423 3766 excepta
479 3696 821 3749 annotatione
873 3696 1145 3765 temporis,
1203 3702 1326 3749 Sunt
1379 3694 1661 3748 luminat-ia
1710 3696 1764 3748 in

199 3790 348 3858 signa
387 3789 555 3858 liujiis-
591 3789 715 3842 vita:
739 3788 922 3842 usibus
956 3788 1280 3851 necessaria,
1311 3803 1428 3856 qua:
1464 3788 1541 3843 vel
1589 3796 1765 3842 nauta:

202 3881 252 3934 in
280 3879 647 3949 gubernando,
687 3876 781 3932 'vcl
818 3880 874 3932 in
901 3863 1145 3934 desertis
1194 3876 1480 3948 Etliiopi-e
1523 3879 1765 3934 arcnosis

196 3971 395 4040 quique
425 3970 634 4022 viantes
673 3969 976 4032 observant,
1019 3969 1112 4022 ubi
1160 3968 1428 4022 levissimo
1479 3967 1622 4022 venti
1667 3969 1764 4020 im-

197 4061 370 4130 pulsu,
399 4069 591 4114 cuncta
613 4074 898 4129 nrox',’cum
921 4048 1370 4121 inventa-fuerint,
1399 4058 1761 4111 itinerantium

196 4151 424 4222 vestigia
473 4151 892 4220 complanantur.
926 4149 1152 4216 ideoque
1181 4150 1307 4200 ‘nou
1341 4147 1515 4200 minus
1562 4145 1666 4200 illis
1711 4146 1762 4199 in

196 4241 718 4312 regionibus‘euntes
741 4253 897 4308 quam
920 4236 1015 4305 qui
1043 4237 1095 4289 in
1132 4230 1564 4304 mari'navigaut,
1606 4238 1764 4289 nocte

193 4332 386 4401 dieque
430 4330 794 4400 signis-egent
835 4327 1088 4381 siderum.
1137 4324 1441 4379 Stmt'item
1489 4327 1543 4378 in
1590 4326 1760 4395 signa,

193 4417 326 4490 quia
371 4429 760 4489 nonnunquam
811 4418 948 4472 acris
974 4430 1184 4484 quoque
1229 4413 1480 4485 qualitas,
1543 4407 1661 4484 qua:
1695 4415 1765 4468 sit

191 4520 451 4575 ventura,
504 4510 698 4572 borum
745 4507 1189 4575 contemplatione
1243 4505 1601 4582 providemus.
1662 4505 1760 4559 So-

191 4600 416 4670 quitur:

265 4679 329 4744 Ut
354 4690 568 4742 luceant
584 4689 639 4741 in
657 4685 982 4755 ﬁrmamento
1004 4685 1135 4750 cwli,
1163 4695 1211 4738 et
1235 4672 1524 4738 illuminent
1550 4692 1758 4737 terram.

192 4780 258 4834 Et
286 4780 489 4850 factum
514 4779 702 4831 estita.
730 4776 952 4845 Semper
971 4776 1183 4844 quidem
1213 4775 1488 4827 luminaria
1512 4773 1562 4826 in
1590 4773 1766 4824 firma-

191 4881 373 4926 mento
403 4870 528 4925 eteli
555 4868 754 4933 lucent,
793 4878 856 4927 ut,
880 4868 1132 4931 diximds,
1166 4867 1222 4920 "et
1263 4869 1500 4936 proxima
1535 4865 1612 4919 eis
1649 4865 1762 4918 loca

190 4959 337 5014 claro
370 4959 573 5011 lumine
601 4957 788 5026 perfun
813 4958 945 5020 Eunt,
978 4957 1068 5010 sed
1102 4955 1425 5023 temporibus
1452 4952 1766 5022 opportunis

191 5041 500 5101 illinuinant
527 5053 744 5100 terram.
771 5037 1011 5114 Namque
1050 5043 1326 5111 aliquoties
1353 5041 1637 5096 nebulosus
1670 5041 1766 5095 ob-

191 5137 329 5192 sistit
368 5148 466 5189 aer
492 5149 559 5189 ne
592 5134 672 5188 vel
707 5131 863 5195 lunae,
899 5147 1026 5187 cum
1049 5146 1210 5201 parva
1243 5140 1346 5196 εει,
1378 5132 1458 5186 vel
1487 5132 1761 5186 stellarum

193 5225 370 5278 lumen
403 5224 561 5276 tem's
590 5229 878 5292 appareat;
927 5215 1018 5276 sed
1047 5231 1101 5275 et
1139 5230 1288 5275 ortus
1316 5221 1391 5274 sol
1425 5220 1604 5274 lunam
1634 5221 1759 5274 stel-

192 5313 377 5382 lasque
437 5312 640 5380 majore
690 5311 884 5364 lumine
934 5325 1001 5364 ne
1051 5319 1249 5364 terram
1299 5309 1602 5364 illuminent
1661 5311 1761 5363 im—

192 5405 372 5474 pedit:
408 5397 550 5456 unde
595 5409 651 5454 et
699 5414 888 5453 nomen
937 5398 1123 5452 Latine
1174 5399 1396 5469 accepit,
1434 5399 1572 5467 quod
1601 5398 1762 5460 solus,

193 5496 400 5549 obtusis
428 5491 593 5547 stellis
620 5504 720 5544 nua
751 5506 876 5545 cum.
895 5490 1036 5551 luna,
1074 5482 1170 5558 per
1198 5489 1335 5543 diem
1368 5489 1525 5543 terris
1553 5487 1765 5558 fulgeat.

263 5582 412 5638 Fecit
446 5582 582 5636 Dea:
609 5581 710 5633 duo
749 5595 935 5649 "mgna
975 5562 1274 5632 luminaria.
1309 5577 1614 5633 Lumittaria
1653 5590 1768 5631 ma-

1867 3167 1914 3212 ει
1936 3158 2218 3212 dividerent
2247 3160 2409 3215 larem
2439 3180 2498 3215 ac
2545 3165 2795 3216 tenebras.
2844 3164 2965 3224 llrec
2996 3175 3049 3219 et
3079 3169 3190 3238 de.
3218 3168 3438 3221 lamina-

1867 3249 2016 3304 ribus
2041 3251 2246 3320 magnis
2275 3261 2327 3305 et
2363 3250 2527 3306 stellis
2560 3253 2780 3323 intelligi
2825 3264 3084 3322 possunt:
3125 3272 3202 3310 ea
3241 3267 3455 3310 tantum

1868 3341 2232 3403 distinctione,
2265 3352 2324 3396 ut
2365 3345 2501 3411 quod
2519 3344 2724 3397 dictum
2754 3354 2855 3409 est,
2897 3346 2963 3398 Et
2996 3357 3281 3415 pra’essent'
3314 3349 3436 3410 diei,

1869 3430 2127 3494 adsolem
2164 3432 2499 3499 speeialiter‘;
2533 3435 2672 3501 quod
2698 3429 3057 3504 SttbjttnctUm,
3100 3446 3148 3489 et
3178 3437 3332 3501 uorti,
3374 3437 3442 3490 ad

1869 3519 2046 3572 lunam
2067 3513 2123 3573 et
2153 3521 2331 3575 stellas
2361 3523 2641 3589 pertineat.
2673 3523 2821 3588 QuOd
2853 3540 2979 3578 vero
3001 3524 3367 3579 subinl‘ertur:

1940 3609 2006 3679 Et
2057 3609 2342 3662 dividerent
2389 3612 2555 3664 lucem
2605 3629 2666 3663 ac
2695 3613 2948 3677 tenebras,
2998 3613 3246 3666 omnibus
3292 3628 3440 3682 teque

1867 3696 2131 3773 sideribus
2159 3698 2480 3751 conveniat:
2529 3713 2645 3766 qtae
2693 3700 3012 3773 ubicunque
3041 3698 3307 3760 incedunt,
3360 3700 3439 3753 lu-

1867 3771 1979 3841 cem
2010 3802 2188 3840 secum
2234 3789 2650 3853 circumferunt;
2686 3791 2773 3843 ubi
2820 3771 2995 3845 autem
3036 3792 3248 3854 absunt,
3296 3799 3440 3846 tene-

1867 3877 2022 3932 bros'a
2045 3882 2237 3932 cuncta
2269 3879 2592 3946 reliuqnunt.
2643 3877 2735 3931 Sin
2769 3889 2946 3932 autem
2991 3888 3199 3948 qurerat
3220 3878 3435 3950 ’aliquis

1867 3966 2021 4034 quale
2046 3968 2280 4036 potuerit
2309 3983 2428 4021 esse
2456 3963 2651 4020 lumen'
2669 3968 2916 4022 diurnum
2947 3979 3072 4022 ante
3111 3970 3435 4024 creationem

1863 4056 2119 4120 siderum,
2145 4071 2250 4109 non
2280 4056 2347 4110 ab
2396 4070 2452 4110 re
2481 4066 2564 4111 cst
2597 4058 2741 4111 credi
2770 4057 2909 4125 quod
2941 4057 3044 4111 tale
3097 4056 3255 4110 fuerit
3284 4059 3439 4127 quale

1864 4147 2108 4200 videmus
2131 4147 2385 4215 quotidie,
2435 4149 3263 4217 mane;approximantcsrilicet
3303 4149 3437 4205 solis

1865 4244 2008 4299 ortu,
2061 4236 2152 4288 sed
2203 4236 2425 4289 necdum
2484 4236 2639 4291 terris
2691 4241 2998 4305 apparente,
3049 4239 3259 4306 quando
3294 4240 3446 4294 lueet

1792 4323 2078 4432 unidem
2135 4323 2339 4378 obtusis
2392 4324 2664 4378 stellarum
2711 4325 2874 4378 radiis
2933 4325 3060 4388 dies,
3095 4326 3187 4380 sed
3219 4328 3448 4384 minime

1869 4413 2041 4465 adhuc
2061 4412 2138 4465 sol
2160 4421 2311 4466 ortus
2334 4413 2574 4482 refulget.
2616 4412 2766 4468 Unde
2791 4413 2929 4474 nulla
2953 4424 3077 4468 tunc
3097 4409 3214 4470 εεὲθ
3236 4417 3440 4474 (Γεργε-

1869 4502 1944 4554 tio
1973 4508 2291 4569 temporum,
2321 4510 2513 4570 prteter
2551 4496 2659 4556 diei
2687 4502 2854 4555 solum
2886 4511 2938 4557 et
2972 4505 3162 4565 noctis,
3191 4515 3439 4573 poterat;

1870 4591 2166 4658 meritoque
2212 4591 2678 4664 factis’sideribus
2725 4592 2920 4645 dictum
2965 4601 3082 4646 est:
3138 4587 3204 4646 Ut
3233 4596 3335 4650 sint
3377 4596 3440 4661 in

1868 4678 2041 4746 signa,
2069 4688 2116 4731 et
2139 4688 2389 4748 tempora,
2419 4690 2466 4732 et
2492 4679 2621 4743 dies,
2655 4690 2701 4732 et
2740 4697 2922 4734 annos.
2953 4680 3252 4748 Cmpernnt‘
3283 4699 3434 4736 nam-

1869 4780 1973 4832 que
2004 4766 2234 4820 discerni
2262 4775 2560 4839 temporum
2608 4768 2753 4822 vices
2795 4783 2858 4821 ex
2890 4784 2994 4837 quo
3024 4768 3102 4822 sel
3131 4769 3214 4823 die
3245 4779 3446 4838 quarto
3477 4827 3479 4829 ,

1868 4855 2047 4908 mundi
2079 4857 2366 4916 nascentis,
2399 4870 2428 4907 a
2465 4856 2639 4910 medio
2668 4858 2958 4924 procedens
2985 4855 3236 4920 Orientis,
3274 4860 3438 4928 milui-

1868 4945 2106 4999 noctium
2139 4945 2352 4999 vernale
2400 4960 2498 4999 suo
2543 4947 2880 4998 consecravit
2925 4951 3132 5000 exortu.
3173 4946 3234 4999 Et
3263 4948 3437 5014 quoti-

1870 5035 2045 5090 dianis
2087 5035 2413 5105 profectibus
2457 5034 2520 5088 ad
2557 5034 2662 5088 alta
2693 5035 2812 5089 eteli
2854 5035 3083 5089 culmina
3109 5035 3441 5101 scandendo,

1871 5139 2188 5194 rursumque
2229 5140 2257 5178 a
2284 5124 2546 5179 solstitiali
2595 5125 2794 5179 vertice
2841 5127 2907 5178 ad
2952 5123 3130 5178 intima
3181 5124 3454 5194 paulatim-

1870 5217 2259 5278 descendendo,
2290 5229 2388 5269 nec
2415 5203 2562 5269 mora
2603 5216 2670 5270 ab
2713 5216 2908 5268 inlimis
2933 5215 3277 5286 hibernisque
3303 5217 3434 5271 locis

1869 5305 2263 5375 aequinoctiales
2282 5321 2450 5376 gyros
2480 5305 2789 5374 repetendo,
2821 5307 3066 5360 discretis
3108 5307 3440 5373 temporibus

1864 5409 2096 5467 quatuor
2117 5400 2429 5462 notissimis,
2470 5399 2764 5466 diebusque
2796 5399 3088 5466 prtulinitis,
3136 5398 3260 5452 anui
3315 5412 3436 5465 spa-

1866 5491 1996 5543 tium
2021 5489 2324 5557 complcvit.
2355 5487 2458 5541 Sed
2484 5495 2538 5539 et
2569 5487 2692 5540 luna
2721 5500 2940 5553 vespere
2959 5485 3108 5553 plena
3147 5502 3439 5555 apparens,

1866 5594 1928 5633 ea
1975 5593 2093 5647 qua:
2146 5578 2199 5632 in
2258 5577 2670 5632 celebrationem
2719 5574 2936 5629 Pascha:
2992 5575 3250 5629 servanda
3281 5585 3434 5630 erant
