3968 6336
465 181 570 236 «ιῦῘὶ

1125 174 1186 231 u.
1228 166 1481 230 uanam
1522 173 1736 229 usum
1772 130 2039 227 Αιιιίιιιει

2144 171 2428 239 nonum.
2469 169 2750 249 ornavit
2789 170 2966 228 PARS
3004 172 3044 227 ι.

3590 172 3697 229 656

466 306 725 362 tempora,
764 290 938 360 primo
964 304 1059 344 suo
1086 287 1315 358 praillxit
1344 301 1587 342 ascensu.
1620 286 1736 355 ipsa
1775 293 1856 338 est
1883 299 2033 337 nam-
2059 288 2105 344 Α
2133 261 2341 354 paschm
2391 285 2573 356 legalis
2630 294 2987 348 sacramenta.
3048 285 3305 341 Dominus
3349 296 3530 342 noster
3575 298 3705 359 ptst
3810 342 3831 345 _

465 400 570 453 que
596 384 748 443 liora,
770 394 931 448 quam
963 392 1068 432 non
1091 378 1263 432 solum
1286 379 1538 447 antiquus
1564 375 1648 428 ille
1674 374 1897 453 populus
1918 372 2032 436 Dei,

466 474 559 527 scd
582 480 637 527 et
657 486 752 525 nos
772 470 931 525 hodie
956 470 1189 539 primum
1212 470 1264 523 in
1287 468 1490 538 agendo
1512 464 1714 519 Pascha
1737 478 2033 528 servamus,

466 578 587 618 cum
618 560 929 630 aequinoctii
959 560 1044 619 die
1089 546 1413 619 transcenso,
1453 556 1607 625 plena
1638 570 1858 623 vespere
1887 554 2034 619 luna,

466 655 567 708 hoc
593 661 696 717 est,
720 651 1141 722 quartadecima,
1171 650 1220 701 in
1244 647 1431 701 faciem
1456 644 1577 699 cmli
1604 644 1880 715 prodiurlt.
1903 644 2034 700 Nam

466 756 591 797 mox
633 749 774 811 post,
806 748 865 794 ut
904 739 1208 795 Dominicus
1248 734 1362 788 dies
1390 733 1687 800 advenerit,
1715 740 1897 801 aptum
1936 732 2039 803 hoc

465 831 803 887 celebranda:
844 824 1247 883 resurrectionis
1283 823 1571 878 Dominicas
1615 830 1826 893 tempus
1866 823 2057 899 insta-f

468 920 570 985 bit,
599 920 864 988 completo
905 915 972 968 ad
1010 913 1242 966 litteram
1276 916 1491 982 quoque
1530 910 1812 981 Propheta!
1849 912 2034 975 verbo,

468 1011 559 1080 qui
584 1010 756 1064 dixit:
797 1005 955 1059 Fecit.
985 1002 1163 1056 lunam
1204 1002 1260 1064 in
1294 1010 1545 1071 tempora,
1584 1000 1663 1054 sol
1688 1001 1917 1070 cognovit
1946 1017 2035 1054 oc-

470 1116 647 1159 casum
672 1112 820 1151 suum
873 1092 1041 1165 (Psal.
1080 1092 1215 1161 cm).
1246 1091 1425 1147 Stella:
1449 1106 1683 1162 quoque,
1728 1099 1953 1161 excepto
1974 1101 2039 1147 eo‘

471 1191 610 1262 quod
653 1202 811 1257 supra
861 1186 1113 1249 diximus,
1161 1182 1424 1253 quia‘vel
1453 1198 1549 1237 sua
1594 1182 1795 1252 specie,
1816 1196 1945 1253 quae
1969 1182 2041 1237 sit

484 1295 641 1342 utura
672 1266 902 1351 qualitas
928 1281 1093 1345 aeris,
1120 1279 1204 1333 vel
1232 1294 1330 1334 suo
1371 1294 1532 1333 cursu
1558 1286 1719 1350 quota
1748 1278 1819 1333 sit
1860 1277 2039 1348 vigilia

473 1372 638 1432 Joctis
666 1371 989 1435 ostenditur,
1018 1378 1141 1423 sunt
1171 1370 1223 1422 in
1251 1369 1405 1438 signa
1434 1377 1487 1423 et
1514 1375 1773 1438 tempora,
1800 1367 1925 1448 quia
1958 1368 2041 1421 hae

486 1478 518 1515 ιι
553 1460 748 1517 coelum
774 1460 1070 1523 venientes,
1101 1458 1286 1514 aestiva
1316 1465 1577 1526 tempora,
1631 1455 1735 1508 illis
1758 1454 2044 1533 designant

466 1552 710 1605 hiberna.
750 1548 888 1605 Sunt
917 1556 972 1603 et
1016 1549 1069 1602 in
1100 1547 1237 1611 dies,
1287 1546 1413 1616 quia
1466 1547 1584 1600 istm
1629 1545 1813 1605 vernis
1842 1545 2042 1601 -diebus

2137 390 2285 430 esum
2317 377 2436 445 agni
2474 376 2646 446 typicc
2677 377 2926 446 mysteria
2958 377 3110 431 nobis
3133 392 3213 430 Slll
3233 378 3477 447 corporis
3501 388 3555 434 et
3576 394 3707 435 sau-

2134 465 2309 534 guinis
2356 465 2671 519 celebranda
2712 464 2977 529 initiavit;
3012 480 3137 534 .quo
3189 465 3490 523 lucescente
3520 482 3702 532 mane,

2135 554 2287 626 quasi
2310 556 2489 626 Agnus
2509 556 2877 611 imma‘culatus
2900 571 2997 611 suo
3017 571 3113 611 nos
3134 558 3395 628 sanguine
3412 559 3701 622 redimens,

2135 661 2164 698 a
2190 645 2528 721 dictnoniacre
2573 645 2951 701 dominationis
2990 647 3245 701 servitute
3287 646 3549 702 liberavit.
3573 646 3708 714 Qua:

2136 735 2381 790 videlicet
2408 734 2547 787 lunai
2573 734 2897 805 plenissimae
2920 735 3033 799 dies
3082 736 3136 791 in
3182 736 3453 791 creatione
3487 737 3705 806 quidem

2136 822 2316 878 mundi
2360 830 2548 890 quarta
2588 824 2868 890 processit.
2915 824 2985 877 At
3019 825 3072 878 in
3126 833 3365 896 tempore
3413 825 3709 882 Dominica:

2124 910 2419 980 passionis,
2477 908 2683 965 altioris
2730 913 2902 981 gratia
2954 914 3301 979 sacramenti,
3355 913 3409 969 in
3459 914 3709 985 quintam

2103 994 2344 1061 ,sabbati
2389 1000 2609 1055 incidit:
2650 1008 2709 1055 ut
2733 1001 2980 1057 videlicet
3007 1003 3263 1078 Dominus
3306 992 3459 1060 sexta
3497 1005 3710 1060 sabbati

2137 1088 2444 1155 cruciﬁxus,
2492 1090 2716 1146 sabbato
2751 1090 2867 1161 ipso
2921 1092 2975 1144 in
3006 1092 3253 1160 sepulcro
3292 1094 3619 1165 quiesceret,
3647 1108 3713 1147 ac

2138 1168 2365 1253 primam
2410 1180 2619 1237 sabbati
2668 1197 2763 1237 sua
2817 1184 3209 1251 resurrectione
3249 1192 3614 1255 consecraret,
3661 1196 3716 1238 et

2140 1274 2294 1328 nobis
2317 1288 2529 1345 quoque
2563 1274 2614 1328 in
2661 1289 2747 1340 ea,
2780 1274 2834 1328 in
2879 1290 2983 1346 qua
3007 1286 3061 1331 et
3104 1275 3193 1330 lux
3237 1274 3371 1331 facta
3398 1285 3501 1339 est,
3532 1291 3715 1330 resur—

2141 1366 2297 1440 gendi
2328 1378 2357 1415 a
2380 1352 2603 1421 mortuis
2637 1380 2702 1419 ac
2738 1364 2911 1420 lucem
2934 1374 3268 1435 perpetuam
3289 1367 3519 1422 intrandi
3552 1362 3715 1421 ﬁdem

2143 1467 2395 1524 spemque
2425 1456 2678 1509 donaret..

2716 1544 2943 1605 CAPUT
2992 1545 3078 1601 Vl.

463 1642 652 1707 solem,
686 1641 787 1701 illa:
816 1640 1140 1701 comitantur
1172 1636 1587 1717 autumnalibus.
1619 1634 1755 1730 sunt
1781 1644 1836 1730 et
1860 1635 1914 1692 iu
1943 1650 2039 1690 an—
2066 1620 2243 1725 B‘Ub;
2271 1674 2334 1712 επ
2369 1658 2541 1730 αιμιξιᾳ
2563 1656 2814 1730 animum
2833 1658 3085 1730 jgbmar
3110 1658 3260 1727 educi
3298 1659 3384 1713 die
3421 1636 3627 1730 quinto,
3665 1671 3715 1717 et
3737 1635 3787 1669 ἦ

465 1747 583 1795 nos,
608 1731 741 1799 quia
759 1745 876 1799 qua-
896 1746 1037 1784 nunc
1060 1729 1229 1799 (verbi
1249 1728 1442 1799 gratia)
1466 1728 1517 1782 in
1537 1727 1856 1797 acquinoctio
1874 1742 2041 1783 verno

464 1824 739 1877 matutina:
788 1822 1061 1882 oriuntur,
1122 1819 1248 1892 ipsa:
1294 1816 1542 1871 omnibus
1587 1816 1741 1871 annis
1771 1816 1823 1870 in
1853 1818 2041 1872 eodem

462 1910 781 1981 acquinoctio
808 1910 860 1962 in
889 1907 1009 1962 caeli
1038 1906 1226 1985 faciem
1255 1906 1514 1977 veniunt;
1535 1919 1654 1974 qua:
1674 1904 1819 1960 nunc
1843 1906 1895 1960 in
1924 1905 2040 1988 solo

463 2002 611 2057 stitio
641 2013 861 2068 vespere
908 1996 992 2051 vel
1042 2010 1216 2059 mane,
1251 1995 1334 2061 hac
1362 2010 1575 2077 semper
1609 1995 1662 2048 in
1720 1993 1812 2068 illo
1837 1993 2041 2049 eisdem

464 2093 613 2167 hqris
636 2091 904 2145 oriuntur.
931 2087 1037 2143 Sed
1067 2096 1121 2142 ct
1159 2087 1404 2156 quaedam
1432 2092 1557 2140 sunt
1579 2084 1745 2140 stellae
1772 2091 1911 2177 quas
1930 2085 2045 2154 pla-

452 2193 639 2247 netas,
662 2181 839 2242 id-ost,
864 2186 1112 2234 errantes
1138 2183 1335 2239 vocant
1364 2174 1643 2246 astrologi,
1672 2174 2045 2246 quaemajores

464 2262 635 2328 annos
659 2283 759 2325 suo
794 2268 1055 2330 (circuitu.
1093 2262 1329 2331 fat-ium,
1364 2280 1482 2337 quae
1507 2252 1573 2319 ad
1623 2256 1870 2319 eumdem
1920 2262 2045 2323 celi

434 2344 437 2345 7
463 2352 640 2419 locum
670 2362 910 2417 redeant.
942 2360 1075 2415 Nam
1122 2358 1276 2416 stella
1313 2370 1431 2427 qua:
1460 2356 1684 2413 Saturni
1708 2357 1922 2429 dicitur,
1950 2356 2045 2411 tri-

462 2456 611 2527 ginta
638 2453 817 2518 annis,
844 2467 961 2521 qua:
988 2449 1135 2505 Jovis
1160 2436 1455 2507 duodecim
1473 2449 1644 2513 annis,
1697 2462 1827 2518 quae.
1859 2445 2047 2505 Martis

463 2544 673 2600 duobus
697 2541 867 2601 fertur
894 2542 1051 2599 anuis
1076 2539 1342 2599 cubitibus
1368 2539 1595 2597 circuitu
1639 2537 1761 2601 cali
1802 2537 2040 2607 expleto,

464 2634 533 2689 ad
554 2633 741 2688 eadem
769 2632 883 2690 loca
910 2632 1171 2696 siderum,
1194 2630 1392 2699 quibus
1418 2628 1637 2685 fuerant
1666 2628 1825 2682 antea
1846 2629 2041 2684 redire.

464 2724 614 2779 lanna
630 2738 849 2794 quoque
874 2738 997 2778 cum
1027 2721 1323 2788 duodecies
1353 2721 1524 2791 spatia
1561 2720 1657 2789 sui.
1692 2726 1886 2776 cursus
1924 2735 2046 2790 per-

467 2814 658 2885 egerit,
692 2827 894 2868 annum
921 2811 1432 2881 facitgommunem,‘
1475 2810 1526 2865 id
1553 2794 1663 2877 est,
1707 2810 1915 2866 dierum
1940 2819 2047 2867 tre-

470 2909 755 2957 centorum
802 2901 1187 2971 quinquaginta
1220 2907 1470 2969 quatuor.
1520 2899 1586 2955 Et
1614 2909 1673 2955 ut
1714 2915 1855 2956 anno
1885 2900 2059 2956 solari

463 2990 633 3060 possit
679 2989 795 3059 ejus
822 2960 1165 3045 concordare
1194 2960 1469 3055 circuitus,
1516 2991 1687 3066 tertio
1708 3005 1924 3067 quoque
1960 2990 2046 3047 vel
2074 2960 2119 3023 ο

407 3078 413 3085 ’
465 3080 707 3136 secundo
729 3094 891 3155 anno,
940 3079 1157 3136 tertium
1210 3079 1487 3155 decimum,
1529 3080 1732 3135 addidit
1774 3095 2049 3151 mensem,

466 3184 627 3238 quem
650 3169 1024 3224 embolismum
1061 3176 1253 3225 vocant
1284 3166 1876 3236 annumcalculawres,
1907 3178 1963 3225 et
1986 3171 2047 3226 ﬁt

405 3300 409 3304 ι
469 3257 679 3321 dierum.
704 3265 1068 3327 trecentorum
1094 3257 1366 3327 octoginta
1390 3263 1642 3333 quatuor,
1683 3287 1687 3290 ν
1958 3322 1960 3326 λ

537 3345 603 3400 Et
633 3343 758 3397 cidit
786 3342 925 3397 Deus
947 3343 1084 3413 quod
1111 3354 1239 3424 esset
1265 3344 1484 3421 bonum.
1516 3343 1834 3413 Necessario
1862 3354 2047 3405 sancta

469 3430 747 3517 Scriptura
774 3432 1275 3517 multotiesrepctit,
1296 3434 1439 3502 quod
1457 3434 1743 3517 viditDeus
1764 3436 2047 3504 bonaesse

468 3531 587 3585 quas
603 3514 749 3581 fecit,
768 3525 826 3570 ut
839 3518 963 3582 hinc
984 3516 1364 3579 informantur
1373 3519 1544 3588 pietas
1558 3514 1808 3585 ﬁdelium,
1827 3537 1931 3598 non
1947 3539 2045 3593 pro

468 3608 702 3662 humano
746 3622 926 3673 sensu,
956 3608 1049 3677 qui
1078 3624 1220 3683 saepe
1275 3610 1437 3666 etiam
1466 3609 1622 3665 bonis
1670 3610 1833 3681 rebus
1878 3612 2046 3668 oden-

471 3698 637 3763 ditur,
665 3688 893 3773 quarum
924 3713 1115 3753 causas
1140 3708 1301 3767 atque
1327 3698 1572 3754 Ordinem
1594 3691 1795 3779 nescit,
1813 3703 1880 3760 de
1900 3716 2045 3773 crea-

473 3798 595 3843 tura
622 3788 817 3844 visibili
865 3798 1027 3858 atque
1053 3789 1313 3844 invisibili
1347 3786 1617 3859 judicare,
1662 3787 1759 3853 Sed
1804 3793 2044 3864 laudanti

468 3876 579 3951 Deo
603 3877 823 3935 credere
843 3886 899 3932 et
920 3878 1130 3939 cedere.
1176 3877 1349 3933 Tanto
1374 3878 1531 3949 enim.
1562 3882 1790 3951 quisque
1835 3882 2044 3941 facilius

471 3967 670 4035 aliquid
720 3964 1048 4035 proﬁciendo
1100 3967 1409 4037 cognoscit,
1462 3963 1668 4037 quanto
1720 3960 2041 4045 religiosius,

472 4066 759 4125 antequam
781 4064 1149 4125 cognosceret,
1173 4055 1283 4111 Deo
1302 4057 1549 4111 credidit.
1579 4047 1722 4113 Vidit
1746 4073 1876 4127 ergo
1900 4058 2043 4115 Deus

471 4144 614 4215 quod
637 4152 823 4197 essent
858 4144 995 4196 bona
1036 4158 1154 4211 qua:
1178 4141 1325 4209 fecit,
1357 4145 1608 4213 quoniam
1636 4162 1756 4214 qua:
1796 4142 2041 4203 facienda

468 4230 751 4300 placebant
793 4236 852 4282 ut
902 4229 1112 4294 ﬁerent,
1161 4228 1299 4303 facta
1348 4230 1597 4299 placuere
1640 4242 1698 4287 ut
1722 4242 2036 4302 manerent,

469 4320 727 4395 quantum
751 4317 946 4388 cuique
979 4318 1055 4373 rei
1080 4311 1366 4385 exi'stendi,
1392 4320 1505 4375 sive
1534 4323 1803 4386 manendi.
1829 4339 1860 4377 a
1891 4333 2037 4379 tutuo

471 4408 796 4463 fabricatore
820 4407 993 4463 luerat
1026 4409 1397 4471 constituenda
1425 4425 1692 4466 mensura.
1840 4486 1843 4487 ν
1926 4474 1932 4479 λ

538 4496 861 4568 Factumque
887 4510 959 4551 est
992 4515 1190 4568 vespere
1225 4509 1270 4553 et
1304 4516 1455 4555 mane
1491 4501 1600 4555 dies
1636 4504 1871 4572 quartus.
1917 4488 2043 4560 Haec

468 4598 549 4643 est
573 4602 797 4657 vespera
829 4586 917 4641 illa
947 4589 1308 4662 memoranda,
1348 4589 1401 4641 in
1444 4605 1547 4659 qua
1589 4590 1823 4661 populus
1858 4591 1953 4646 Dei
1981 4594 2037 4647 in

474 4680 699 4752 Egypto
726 4681 778 4734 in
808 4679 1223 4743 celebrationem
1242 4677 1452 4749 pascha:
1480 4698 1674 4753 agnum
1702 4685 1913 4750 obtulit,
1936 4688 2043 4753 hoc

474 4784 628 4823 inane
652 4770 791 4836 quod
816 4771 1045 4839 primum
1076 4779 1196 4838 post
1239 4784 1519 4849 excussum
1559 4772 1729 4844 longa:
1767 4776 2038 4832 servitutis

467 4858 675 4927 jugum,
721 4870 899 4928 coepto
942 4862 1208 4917 libertatis
1244 4862 1433 4916 itinere
1475 4864 1623 4917 vidit.
1660 4864 1925 4934 Scriptum
1954 4878 2037 4923 est

469 4948 633 5008 enim,
660 4945 865 5022 dicente
902 4948 1126 5005 Domino
1160 4952 1235 5024 ad
1259 4952 1481 5026 Moysen
1507 4972 1518 5004 :
1563 4944 1754 5007 Mensis
1779 4957 1873 5008 iste
1896 4958 2035 5010 vobis

466 5039 775 5110 principium
824 5041 1094 5104 mensium,
1140 5044 1337 5115 primus
1384 5045 1479 5097 erit
1524 5046 1578 5097 in
1606 5046 1863 5098 mensibus
1888 5048 2031 5099 anni.

470 5126 683 5181 Decima
712 5126 796 5179 die
832 5129 1019 5181 mensis
1060 5129 1234 5198 hujus,
1282 5130 1427 5185 tollat
1470 5134 1818 5204 unusquisque
1846 5150 2037 5203 agnum

466 5233 558 5286 per
578 5214 809 5283 familias
836 5226 882 5268 et
904 5216 1083 5270 domos
1107 5236 1249 5283 suas,
1279 5230 1325 5273 et
1345 5222 1610 5275 servabitis
1647 5239 1762 5276 eum
1789 5238 1949 5292 usque
1964 5224 2031 5277 ad

466 5316 708 5374 quartum
732 5300 986 5358 decimum
1024 5305 1157 5358 diem
1188 5306 1375 5361 mensis
1416 5310 1611 5379 hujus;
1649 5310 2034 5383 immolabitque

468 5408 583 5445 eum
612 5394 849 5445 universa
872 5392 1148 5447 multitudo
1176 5394 1404 5462 ﬁliorum
1445 5397 1610 5451 Israel
1651 5400 1719 5452 ad
1754 5416 2031 5470 vesperam,

469 5492 570 5536 etc.
601 5481 791 5553 (Exod.
816 5485 929 5553 xu).
956 5484 1068 5552 Qua
1093 5487 1252 5541 etiam
1280 5502 1498 5555 vespera
1529 5490 1592 5543 ad
1620 5493 2035 5547 consummauda

2477 1796 2480 1800 ί
2523 1727 2636 1797 ipsa
2663 1724 2914 1781 animalia
2947 1724 3331 1782 benedicuntur.

2210 1814 2354 1871 Dixit
2392 1817 2544 1871 etiam
2575 1815 2713 1870 Deus
2730 1810 2751 1869 ξ
2797 1815 3097 1871 Producant
3143 1818 3293 1888 aqum
3320 1817 3498 1888 reptile
3526 1819 3719 1873 animi:

2142 1904 2379 1968 viventis,
2405 1913 2450 1958 et
2477 1903 2685 1959 uolatile
2703 1922 2857 1976 super
2878 1915 3069 1959 terram
3096 1905 3190 1960 sub
3234 1902 3561 1974 ﬁrmamento
3580 1908 3718 1960 cati.

2212 1995 2339 2051 Post
2364 2003 2609 2052 ornatam
2633 1990 2827 2075 quarta
2855 1997 2942 2052 die
2978 1997 3098 2052 εαξιί
3125 1996 3313 2052 faciem
3336 1997 3718 2061 luminaribus,

2144 2097 2395 2143 ornantur
2428 2096 2821 2157 consequenter
2855 2086 3040 2159 quinta
3068 2088 3350 2145 inferiores
3378 2091 3560 2145 mundi
3589 2106 3719 2161 par-

2146 2184 2246 2240 tes,
2274 2190 2412 2244 aqua
2440 2174 2687 2245 videlicet
2723 2182 2778 2230 et
2805 2189 2919 2242 aer,
2948 2176 3031 2230 his
3066 2191 3185 2255 qua:
3206 2177 3410 2245 spiritu
3441 2178 3566 2232 vitae
3602 2193 3713 2231 mo-

2144 2275 2355 2337 ventur.
2383 2262 2540 2348 'Quja‘
2556 2274 2615 2321 et
2638 2266 2753 2321 haec
2780 2266 3044 2344 elementa
3078 2266 3308 2337 quadam
3338 2267 3490 2337 quasi
3514 2282 3719 2338 cogna-

2145 2346 2300 2411 tione
2317 2363 2373 2415 et
2392 2346 2503 2410 sibi
2549 2354 2618 2410 ad
2662 2355 2891 2410 invicem
2938 2364 2992 2411 et
3037 2356 3189 2425 ccelo,
3219 2350 3551 2436 capuiantur.
3601 2354 3721 2411 Sibi

2144 2444 2382 2525 quidem,
2409 2445 2535 2525 quia
2581 2456 2776 2514 natura
2813 2454 3073 2516 aquarum
3117 2447 3259 2524 aeris
3301 2449 3553 2518 qualitati
3585 2463 3722 2518 pro-

2144 2526 2288 2587 xinia
2318 2541 2429 2611 est.)
2470 2527 2621 2607 Unde
2662 2535 3089 2593 exhalationibus
3129 2551 3315 2591 earum
3361 2539 3723 2613 pinguescere

2144 2622 2423 2696 probatur,
2440 2625 2601 2693 itaut
2619 2629 2674 2681 ει
2697 2625 2879 2681 nubila
2898 2627 3198 2693 contrahat,
3224 2634 3277 2682 et
3311 2628 3480 2698 possit
3506 2629 3723 2701 volatus

2146 2713 2325 2770 avium
2359 2706 2647 2781 sustinere,
2696 2724 2988 2773 attestante
3037 2714 3352 2788 Scriptura:
3391 2719 3517 2788 quia
3544 2720 3723 2774 subito

2147 2824 2240 2863 aer
2267 2819 2478 2881 cogetur
2501 2809 2556 2862 in
2589 2807 2765 2873 nubes,
2810 2819 2861 2864 et
2897 2816 3075 2884 uentus
3115 2812 3371 2869 transiens
3404 2811 3604 2882 Iurgabit
3623 2829 3723 2867 eas

2151 2898 2305 2971 (Job.
2317 2899 2803 2977 nxvu).Denique
2822 2915 2921 2970 per
2937 2896 3124 2956 noctes
3135 2902 3293 2969 etiam
3308 2917 3525 2960 serenas
3542 2910 3723 2977 rorat,

2150 2990 2303 3061 cujus
2336 2991 2475 3047 roris
2503 3000 2666 3063 gutta
2700 3007 2857 3047 mane
2893 2993 2950 3051 in
2973 2991 3157 3050 herbis
3180 2995 3536 3067 inveniuntur.
3567 2995 3724 3052 Cela
3752 3042 3759 3047 .

2151 3087 2330 3143 autem
2348 3082 2452 3137 hoc
2481 3083 2639 3137 modo
2663 3082 3034 3153 iniunguntur,
3060 3086 3319 3155 quoniam
3350 3087 3484 3143 adeo
3507 3087 3726 3158 vicinus

2148 3182 2233 3247 est
2251 3175 2300 3228 ei
2327 3189 2421 3229 aer
2447 3173 2568 3240 iste,
2598 3182 2661 3229 ut
2698 3184 2753 3241 et,
2795 3176 2910 3245 ipse
2938 3190 3132 3232 nomen
3180 3192 3557 3247 nonnunquam
3600 3178 3741 3248 ejus

2149 3265 2437 3335 acceperit,
2466 3266 2605 3324 sicut
2634 3264 2865 3322 volatilia
2894 3266 3017 3323 εωιί
3046 3270 3395 3348 cognominat.
3413 3267 3751 3339 Scriptura,.

2148 3371 2267 3425 qua:
2287 3355 2468 3410 volare
2492 3366 2704 3410 constat
2732 3357 2786 3411 in
2810 3372 2974 3412 aere.
3005 3358 3071 3412 Et
3105 3359 3360 3416 Dominus
3405 3360 3517 3429 ipse
3542 3359 3726 3415 turbis

2146 3460 2266 3514 qua:
2312 3454 2522 3516 tempus
2569 3447 2650 3501 sui
2682 3436 2961 3504 adventus
2991 3450 3058 3504 de
3110 3450 3727 3507 virtutum‘ostensione

2146 3550 2252 3589 non
2286 3545 2657 3606 cognovean
2679 3537 2913 3608 loquitur
2938 3538 3155 3595 dicens:
3189 3538 3320 3595 Cum
3357 3542 3722 3597 videritisnss-

2146 3622 2255 3676 bern
2279 3626 2525 3679 orientem
2552 3624 2617 3679 ab
2640 3632 2849 3692 occasu,
2875 3630 3052 3682 statim
3081 3630 3275 3695 dicitis,
3311 3630 3533 3685 Nimbus
3550 3633 3717 3686 uenit.

2145 3711 2213 3765 Et
2248 3714 2322 3766 ita
2336 3712 2417 3781 fit.
2466 3713 2537 3767 Et
2559 3731 2675 3768 cum
2695 3726 2929 3787 austrum
2952 3719 3186 3786 ﬂantem,
3218 3719 3415 3785 dicitis,
3440 3720 3576 3786 Quia
3596 3716 3725 3776 peis-

2144 3811 2226 3857 tus
2251 3803 2368 3869 erit.
2416 3801 2482 3855 Et
2523 3803 2599 3856 ita
2626 3796 2705 3872 ﬁt.
2746 3800 3067 3876 Hypocn'tte,
3115 3807 3299 3880 faciem
3348 3808 3461 3862 celi
3485 3819 3532 3863 et
3560 3820 3722 3864 terra

2143 3894 2305 3947 nostis
2332 3893 2577 3963 probare,
2611 3896 2707 3961 [too
2737 3905 2909 3952 autem
2948 3906 3146 3968 tempus
3184 3886 3439 3969 quomodo
3465 3916 3721 3971 nonpro—

2142 3981 2297 4049 bustis
2316 3982 2344 4034 .’
2379 3979 2529 4054 (Luc.
2570 3982 2669 4054 xu)
2715 3983 2803 4038 ubi
2831 3992 3037 4040 certum
3062 3994 3145 4040 est
3191 3988 3315 4057 quia
3345 3986 3538 4043 faciem
3566 3989 3719 4054 cali,

2139 4058 2245 4140 non
2284 4072 2441 4127 aliam
2477 4072 2636 4143 quam
2663 4075 2956 4130 vaviantem
2978 4076 3121 4132 hunc
3144 4086 3341 4144 statum
3368 4080 3510 4135 aeris
3535 4080 3723 4150 appel-

2140 4160 2233 4215 lat.
2268 4160 2416 4216 Dixit
2442 4178 2562 4232 ergo
2583 4150 2726 4216 Deus
2750 4180 2768 4217 :
2792 4162 3096 4219 Producant
3129 4184 3278 4237 aqua
3302 4167 3487 4239 reptile
3510 4172 3721 4227 animi!

2064 4294 2116 4353 Β
2141 4252 2373 4326 viventis,
2401 4262 2450 4306 et
2483 4251 2690 4307 volatile
2713 4271 2867 4324 super
2900 4264 3091 4310 terram
3111 4257 3203 4310 sub
3224 4257 3553 4336 ﬁrmamento
3574 4260 3714 4314 cali.

2137 4342 2208 4395 Et
2238 4356 2305 4396 ne
2329 4340 2487 4407 forte,
2532 4344 2656 4411 quia
2695 4353 2818 4399 sunt
2848 4359 3105 4414 aquarum
3138 4348 3434 4425 animantia
3459 4364 3577 4418 quia
3602 4365 3713 4405 non

2140 4432 2418 4501 reptando,
2445 4432 2540 4487 sed
2578 4435 2828 4497 natando,
2858 4434 2941 4489 vel
2974 4436 3194 4504 pedibus
3220 4437 3540 4493 ambulando
3566 4440 3716 4495 ince-

2140 4520 2291 4585 dunt,
2321 4528 2447 4574 sunt
2481 4522 2618 4575 inter
2650 4523 2884 4577 volatilia
2924 4539 3041 4593 quae
3070 4514 3381 4594 itapcnnas
3408 4529 3629 4594 habent,
3654 4540 3715 4586 ut

2141 4608 2288 4661 omni
2320 4623 2417 4663 usu
2446 4609 2658 4664 volandi
2680 4622 2921 4677 careant,
2950 4622 3161 4682 putaret
3187 4616 3468 4685 quisquam
3491 4618 3712 4687 aliquod

2144 4710 2311 4765 genus
2362 4697 2674 4762 volatilium,
2727 4700 2840 4755 sive
2887 4703 3197 4772 aquatilium
3246 4706 3597 4761 animantium
3653 4708 3711 4763 in

2139 4784 2243 4837 hoc
2296 4784 2502 4838 Domini
2552 4789 2715 4841 verbo
2762 4804 2880 4845 esse
2927 4785 3363 4861 praetermissum,
3426 4797 3713 4866 vigilanter

2140 4874 2443 4946 adiungitur
2467 4895 2479 4929 :
2810 4896 2813 4897 ν
3056 4922 3059 4925 .
3552 4902 3557 4909 -

2202 4962 2503 5036 Creaviique
2531 4967 2667 5023 Deus
2697 4979 2801 5024 cete
2821 4973 3062 5041 grandia,
3084 4984 3129 5027 et
3156 4990 3356 5028 omnem
3382 4975 3611 5031 animum
3641 4980 3710 5032 ti—

2131 5061 2325 5105 ventem
2375 5064 2529 5123 atque
2581 5058 2871 5111 motabilem
2904 5100 2919 5125 ,
2968 5077 3124 5130 quam
3170 5063 3526 5136 producturus"
3556 5078 3709 5121 erant

2135 5157 2281 5210 aqua:
2306 5144 2359 5196 in
2382 5145 2573 5213 species
2596 5138 2753 5211 suos;
2773 5156 2821 5200 et
2845 5166 2993 5202 omne
3015 5150 3218 5203 uolatile
3242 5153 3524 5206 secundum
3545 5171 3709 5223 genus

2137 5246 2305 5284 suum.
2338 5232 2550 5287 Nullum
2605 5236 2766 5304 igitur
2792 5252 2960 5306 genus
2987 5249 3267 5308 exceptum
3310 5250 3412 5304 est,
3456 5242 3551 5295 ubi
3580 5259 3710 5296 cum

2137 5320 2270 5373 cotis
2295 5322 2583 5390 grandibus
2604 5333 2780 5378 creata
2802 5338 2885 5381 est
2904 5330 3077 5382 omnis
3095 5329 3268 5383 anima
3288 5330 3490 5395 vivens,
3516 5346 3711 5385 eorum

2139 5426 2258 5478 qua:
2293 5413 2654 5481 produxerant
2698 5431 2868 5487 aqum,
2918 5419 2971 5474 in
3022 5421 3224 5489 species
3269 5437 3393 5477 suas
3438 5422 3707 5485 diversas,

2144 5502 2243 5555 hoc
2273 5512 2376 5571 est,
2425 5514 2479 5560 et
2508 5508 2800 5577 reptilium,
2843 5523 2898 5567 et
2938 5513 3256 5581 natatilium,
3300 5522 3353 5568 et
3381 5513 3705 5582 volatilium,
