3968 6330
231 337 328 390 457

229 541 506 600 mitterent,
534 546 595 590 ut
616 530 740 590 sunt
763 535 988 606 plurima
1031 527 1355 588 concharum
1385 546 1598 602 genera.
1631 530 1780 596 Quod

226 636 401 681 autem
432 627 628 681 dictant
657 633 738 681 est
763 643 776 678 :
821 624 886 678 Et
925 621 1132 676 volatile
1157 637 1310 692 super
1341 631 1529 675 terram
1559 619 1661 690 sub,
1691 619 1783 688 fir—

226 725 482 770 mamenta
510 715 639 778 caeli,
671 715 743 769 nil
779 714 970 769 rationi
1009 712 1251 767 Veritatis
1277 711 1507 776 obsistit,
1535 709 1660 781 quia
1701 710 1784 764 ni-

224 809 416 863 mirum
439 809 556 862 etsi
578 796 840 862 immenSo
863 805 1211 875 interjacente
1231 806 1425 875 spatio,
1447 805 1545 861 sub
1574 804 1782 860 sidereo

222 905 403 952 tamen
440 897 580 952 coelo
610 896 789 951 volant
816 910 959 960 aves,
999 909 1118 964 quae
1143 909 1312 963 super.
1341 903 1539 949 terram
1578 893 1779 958 volant,

223 989 488 1057 quomodo
519 996 772 1056 tanquam
806 1001 903 1040 nos
927 986 1168 1040 homines
1206 985 1257 1038 in
1289 993 1430 1038 terra
1475 983 1653 1052 positi,
1683 984 1781 1040 sub

224 1078 360 1140 cado
389 1091 454 1133 ac
471 1063 579 1134 “sub
609 1078 719 1132 sole
765 1078 1040 1132 constituti
1084 1091 1201 1130 esse
1248 1075 1510 1129 veraciter
1556 1081 1610 1128 et
1637 1083 1781 1128 recte

225 1170 474 1235 dicimur,
500 1178 788 1226 attestante
813 1169 1108 1238 Scriptura,
1153 1157 1270 1235 qua
1295 1167 1406 1220 ait:
1455 1165 1589 1233 Quia
1633 1174 1781 1220 erant

223 1265 275 1317 in
303 1259 596 1327 Jerusalem
623 1263 910 1315 habitantes
942 1258 1121 1314 Judtei
1143 1258 1507 1329 virireligiosi,
1548 1274 1612 1312 ex
1640 1258 1780 1324 omni

224 1356 430 1408 natione
465 1368 582 1422 quis
610 1352 704 1406 sub
750 1352 876 1406 caelo
919 1360 992 1404 est
1031 1351 1166 1428 (Act.
1193 1350 1292 1421 tt);
1342 1358 1432 1407 et:
1467 1349 1605 1414 Quid
1629 1349 1779 1403 habet

221 1442 444 1512 amplius
471 1443 623 1494 homo
645 1442 708 1494 de
731 1442 968 1494 universo
994 1439 1167 1494 labore
1187 1454 1303 1505 suo,
1331 1455 1432 1510 quo
1455 1437 1656 1494 laborat
1685 1437 1780 1493 sub

221 1530 328 1584 sole
353 1530 518 1601 (Eccl.
541 1530 621 1602 1)?
642 1530 783 1585 Sane
805 1531 958 1601 juxta
976 1530 1137 1584 aliam
1160 1529 1581 1594 translationem,
1604 1536 1782 1586 movet

223 1619 504 1675 nonnullos
545 1611 686 1689 quod
715 1619 912 1675 dictum
949 1625 1065 1674 est:
1114 1619 1179 1672 Et
1223 1618 1455 1673 volatilia
1495 1617 1779 1672 secundum

219 1708 616 1777 ﬁrmamentum,
661 1709 713 1766 id
757 1718 860 1773 est,
884 1708 1034 1777 juxta
1078 1708 1468 1772 ﬁrmamentum
1503 1706 1644 1762 caeli.
1675 1705 1782 1761 Sed

1247 325 1590 383 ΟΟΜΜΕΝΤ.
1637 323 1698 378 ΙΝ
1739 322 2057 394 GENESIM.
2106 354 2166 360 ——
2206 322 2332 376 LIB.
2376 322 2416 374 l.

228 451 318 504 sed
348 457 401 502 et
420 461 604 502 eorum
632 461 767 516 quia,
800 443 941 498 nullo
973 453 1091 513 apta
1133 432 1512 508 incessui,llixa
1537 441 1781 497 cautibus
1808 439 1859 497 Α

3340 320 3440 380 458

2474 430 2696 487 CAPUT
2746 431 2850 508 vui

1885 541 1985 598 Ubi
2015 544 2077 596 de
2103 554 2238 596 terra
2267 541 2517 595 animalia
2541 542 2757 610 produci
2793 542 3038 609 iubentur
3066 543 3151 597 die
3177 556 3350 610 sexto,
3390 558 3441 602 et

1954 612 2205 684 Dominus
2226 611 2625 684 bominemﬁeri
2641 611 2808 680 jubet,
2845 613 2931 680 qui
2958 615 3131 684 statim
3156 614 3350 683 factus;
3374 617 3440 672 ab

1951 684 2060 750 ipso
2090 682 2310 755 Domino
2345 679 2680 734 benedicitur.

1951 791 2094 846 Dixit
2113 807 2312 863 quoque
2340 790 2480 859 Deus
2503 807 2521 844 :
2561 789 2824 849 Producat
2849 801 2988 847 terra
3013 794 3240 852 animum
3273 796 3441 860 niveu-

1882 890 1982 943 tem
2007 881 2062 933 in
2087 897 2272 952 genere
2294 896 2410 943 suo,
2425 881 2666 949 jumenta
2687 892 2734 935 et
2756 882 2978 951 reptilia,
3009 893 3057 938 et
3078 883 3264 945 bestias
3291 895 3442 940 terra:
3484 884 3490 892 ’

1879 969 2160 1022 secundum
2188 969 2380 1038 species
2402 953 2565 1031 suas;
2589 968 2881 1038 factumque
2914 977 2987 1023 est
3027 971 3122 1024 ita.
3153 969 3280 1030 Post
3308 971 3441 1030 irra-

1881 1064 2083 1122 diatum
2117 1062 2381 1123 sideribus
2425 1059 2616 1124 coelum
2636 1101 2651 1126 ,
2682 1069 2803 1130 post
2839 1061 3116 1132 impletum
3143 1063 3443 1137 volatilibus

1881 1167 2082 1215 aerem,
2108 1152 2198 1220 qui
2225 1151 2294 1205 ob
2318 1150 2568 1212 viciniam
2593 1150 2673 1220 (ut
2697 1149 2950 1220 diximus)
2973 1146 3096 1208 cali
3117 1165 3311 1216 nomen
3333 1166 3443 1223 me:

1883 1243 2006 1305 ruit,
2033 1250 2156 1310 post
2193 1239 2544 1308 locupletatas
2571 1241 2681 1294 suis
2708 1240 3070 1318 animantibus
3095 1251 3294 1315 aquas,
3324 1257 3444 1312 quae.

1881 1341 1935 1388 et
1959 1331 2085 1400 ipsa:
2108 1330 2216 1385 aeri
2240 1339 2364 1382 sunt
2389 1342 2577 1398 magna
2601 1337 2804 1389 naturae
2826 1328 3098 1406 vicinitate
3115 1329 3438 1398 conjunctae:

1881 1419 2021 1474 unde
2055 1427 2109 1478 et
2133 1419 2198 1473 de
2227 1417 2328 1472 illis
2352 1417 2579 1486 sumpsit
2600 1417 2913 1481 animantia,
2936 1428 2990 1477 et
3010 1416 3076 1492 de
3095 1417 3200 1497 illis
3223 1418 3442 1497 imbres,

1880 1513 2049 1576 nives,
2082 1508 2403 1581 grandines,
2433 1517 2487 1563 et
2516 1517 2708 1565 caetera
2749 1509 2910 1575 sumit
2937 1494 3238 1579 bujusmodi
3263 1528 3276 1564 :
3312 1494 3441 1580 con;

1879 1617 2110 1672 sequens
2130 1611 2247 1656 erat
2273 1602 2437 1666 etiam
2468 1611 2666 1672 terram
2694 1601 2807 1664 suis
2833 1601 3214 1671 animantibus,
3241 1604 3342 1659 hoc
3360 1611 3446 1661 est

1861 1705 1944 1750 'ex
1969 1709 2027 1748 se
2054 1693 2247 1767 genitis
2277 1693 2504 1761 impleri.
2537 1692 2668 1750 Nam
2701 1694 2771 1746 et
2793 1693 2905 1761 ipsa
2933 1693 3254 1763 praecipuam
3275 1678 3445 1758 habet

221 1791 917 1871 intelligendum'estrquod
955 1799 1073 1853 ideo
1098 1797 1296 1861 dictum
1340 1798 1412 1851 sit
1435 1795 1616 1851 volare
1653 1796 1779 1855 aves

1881 1787 2250 1855 cognationem
2274 1801 2394 1852 cum
2415 1788 2588 1854 aquis,
2604 1794 2784 1854 utpote
2805 1801 2923 1854 quae
2944 1785 3058 1841 sine
3077 1785 3266 1841 harum
3283 1799 3445 1847 succo

219 1892 510 1948 secundum
541 1891 933 1946 ﬁrmamentum
954 1889 1095 1954 caeli,
1119 1889 1241 1958 quia
1264 1888 1365 1957 hoc
1388 1888 1599 1942 nomine
1617 1886 1780 1941 etiam

218 1982 387 2034 :ether
419 1979 703 2045 indicatur,
728 1981 827 2034 hoc
860 1986 942 2034 est
970 1978 1215 2048 superius
1239 1977 1362 2032 illud
1391 1978 1532 2032 aeris
1551 1965 1794 2044 spatium'

206 2073 360 2142 quod
385 2089 416 2132 a
451 2072 754 2154 turbulento
785 2074 888 2128 hoc
915 2080 971 2127 et
995 2071 1281 2140 caliginoso
1303 2059 1422 2125 loco
1449 2070 1502 2123 in
1527 2083 1633 2137 quo
1654 2083 1781 2124 aves

217 2165 592 2235 volant-usque
615 2165 680 2220 ad
704 2173 849 2219 astra
879 2165 1154 2234 pertingit,
1185 2171 1240 2217 et
1285 2177 1403 2219 esse
1433 2161 1778 2233 tranquillum

218 2269 440 2322 prorsus
460 2254 524 2309 ac
545 2253 663 2308 luce
686 2254 925 2324 plenum,
947 2269 1052 2308 non
1077 2254 1346 2308 immerito
1368 2253 1621 2310 creditur.
1645 2252 1780 2308 Nam

215 2338 269 2398 et
289 2345 720 2401 errantia'sidera
755 2354 978 2415 septem,
1008 2334 1132 2416 qum
1159 2346 1212 2400 in
1240 2347 1341 2402 hoc
1362 2347 1577 2401 attheris
1606 2347 1796 2416 spatio.

215 2446 349 2502 vaga
381 2433 506 2488 ferri
551 2435 921 2505 perhibentur,
966 2433 1242 2506 Scriptura
1295 2435 1631 2492 ﬁrmamento
1658 2438 1779 2493 οωιὶ

214 2538 332 2582 esse
358 2524 530 2592 posita
565 2525 976 2595 dixit.'ldeoque
1000 2540 1128 2581 aves
1167 2534 1312 2581 recte
1356 2527 1602 2582 dicuntur
1625 2543 1780 2584 secus

215 2610 613 2667 ﬁrmamentum
659 2613 780 2668 cceli
820 2613 1021 2680 volare,
1061 2614 1186 2685 quia
1214 2616 1389 2671 vicina
1428 2626 1557 2672 sunt
1595 2617 1677 2690 (ut
1701 2619 1780 2674 di-

215 2702 408 2772 xerim)
435 2704 624 2760 aetheri
652 2705 957 2761 turbulenta
991 2707 1106 2762 haec
1127 2708 1272 2764 aeris
1313 2709 1504 2778 spatia,
1535 2725 1656 2780 quae
1680 2727 1778 2767 vo-

214 2792 354 2847 latus
386 2793 563 2848 avium
606 2795 892 2852 sustinent.
928 2795 1037 2852 Nec
1076 2797 1381 2861 mirandum
1419 2799 1464 2854 si
1492 2800 1660 2855 asther
1687 2800 1779 2855 fir-

213 2889 542 2945 mamentum
591 2883 709 2939 οωιὶ
767 2883 1117 2951 nominetur,
1168 2877 1290 2942 cum
1350 2902 1443 2942 aer
1487 2889 1781 2959 appelletur

213 2972 427 3036 caelum,
458 2982 518 3027 ut
538 2988 695 3044 supra
719 2974 1019 3031 docuimus.
1051 2975 1160 3032 Nec
1185 2979 1611 3046 praetereundum
1637 2979 1780 3049 quod

213 3081 334 3121 cum
356 3073 572 3123 creasse
593 3068 861 3124 diceretur
881 3070 1025 3125 Deus
1044 3084 1242 3125 omnem
1258 3071 1775 3138 animam‘biventeut,

213 3155 456 3210 additum
486 3166 567 3212 est
600 3168 752 3228 atque
799 3159 1113 3224 notabilem,
1152 3161 1220 3216 ad
1265 3161 1660 3217 distinctionem
1691 3161 1775 3218 vi-

211 3245 404 3300 delicet
429 3246 679 3326 hominis,
703 3262 858 3317 quem
883 3246 1120 3304 facturus
1147 3257 1264 3305 erat
1291 3251 1356 3304 ad
1401 3250 1689 3329 imaginem
1724 3261 1780 3308 et

213 3336 616 3394 similitudinem
636 3353 820 3404 suam;
845 3339 920 3392 ita
945 3348 1005 3394 ut
1028 3339 1072 3394 si
1093 3339 1208 3411 ejus
1227 3351 1489 3410 praecepta
1514 3355 1777 3410 servaret,

212 3434 467 3506 perpetua
485 3426 1244 3483 viveretincommutabilitatc
1265 3430 1471 3484 beatos.
1504 3430 1636 3484 Nam
1658 3432 1777 3486 anl-

214 3517 412 3569 mantla
444 3524 637 3572 czetera
665 3517 735 3572 ita
765 3526 889 3573 sunt
913 3518 1084 3589 prima
1127 3534 1250 3573 mox
1283 3519 1589 3574 conditione
1615 3519 1776 3585 facta,

211 3612 269 3656 ut
292 3604 375 3658 vel
409 3603 513 3658 alia
538 3605 659 3660 aliis
696 3605 749 3660 in
797 3605 1100 3660 alimoniam
1130 3607 1400 3672 cederent,
1432 3607 1514 3660 vel
1544 3607 1655 3677 ipsa
1681 3622 1779 3663 suo

210 3694 359 3748 senio
382 3694 681 3750 deﬁcientia
705 3697 960 3765 perirent.

280 3804 349 3858 Et
376 3805 501 3873 vidit
527 3805 666 3859 Deus
705 3807 843 3876 quod
886 3816 1012 3860 esset
1043 3808 1269 3871 bonum;
1309 3808 1660 3877 benedixitque
1705 3809 1777 3860 eis

209 3895 432 3948 dicens:
476 3895 700 3951 Crescite
739 3907 785 3949 et
829 3890 1274 3967 multiplicamini,
1316 3908 1360 3950 et
1406 3898 1590 3966 replete
1617 3915 1777 3967 aquas

209 3991 392 4040 maris.
430 3986 658 4056 Avesque
680 3986 1082 4055 multiplicentur
1105 4003 1258 4056 super
1281 3997 1492 4052 terram,
1514 3999 1558 4040 et
1583 3989 1776 4057 factum

209 4085 281 4130 est
310 4092 515 4147 vespere
543 4087 590 4129 et
616 4092 766 4130 mane
794 4077 902 4130 dies
938 4078 1166 4145 quintus.
1197 4078 1348 4145 Quod
1379 4079 1535 4142 dixit,
1569 4082 1778 4132 crescite

209 4173 259 4217 et
285 4162 730 4234 multiplicamini,
747 4175 793 4218 et
818 4163 1003 4233 replete
1025 4181 1185 4235 aquas
1208 4168 1388 4231 maris,
1406 4168 1471 4220 ad
1492 4177 1781 4235 utrumque

208 4264 378 4320 genus
405 4252 758 4326 animantium
786 4253 850 4307 de
878 4252 1031 4321 aquis
1051 4252 1268 4318 factum,
1292 4255 1392 4309 hoc
1413 4264 1495 4309 est
1517 4256 1580 4308 ad
1602 4257 1774 4323 pisces

208 4339 447 4409 pertinet
473 4347 528 4395 et
549 4341 616 4394 ad
644 4352 789 4407 aves,
817 4342 940 4410 quia
966 4341 1105 4396 sicut
1126 4343 1298 4412 pisces
1326 4358 1512 4398 omnes
1541 4358 1644 4398 non
1675 4346 1774 4398 nisi

210 4445 262 4482 m
289 4431 451 4500 aquis
475 4431 654 4486 vivere
677 4439 919 4501 possunt,
948 4433 1021 4486 ita
1043 4441 1166 4487 sunt
1194 4433 1457 4503 pleneque
1480 4448 1624 4494 aves.
1655 4449 1772 4502 qua:
1801 4459 1850 4518 ι)

209 4528 263 4575 et
285 4521 331 4575 si
362 4520 420 4575 in
451 4521 611 4577 terris
653 4521 942 4591 aliquando
977 4522 1345 4592 requiescunt,
1380 4521 1620 4591 fetusque
1646 4537 1767 4591 pro-

208 4619 422 4681 pagant,
457 4625 564 4668 non
587 4607 764 4670 tamen
789 4612 856 4667 de
884 4621 1048 4679 terra,
1085 4616 1177 4670 sed
1202 4615 1266 4669 de
1294 4616 1426 4668 mari
1453 4626 1766 4681 vescuntur,

211 4700 542 4776 marinisque
567 4703 779 4772 sedibus
800 4701 1049 4758 libentius
1077 4711 1296 4781 utuntur
1314 4720 1471 4774 quam
1496 4707 1768 4760 terrestri-

210 4793 328 4846 bus.
377 4790 532 4862 Quod
577 4808 706 4849 vero
751 4794 1058 4867 subjungit:
1098 4797 1325 4865 Avesque
1367 4795 1771 4865 multiplicemur

211 4900 367 4951 super
391 4899 610 4948 terram,
641 4884 708 4938 ad
735 4865 1024 4959 utrumque
1053 4899 1219 4959 genus
1245 4886 1420 4938 avium
1441 4926 1454 4948 ,
1484 4886 1584 4939 hoc
1610 4884 1692 4939 est
1717 4897 1770 4939 ct

213 4987 397 5026 earum
437 4987 559 5043 qua:
587 4971 652 5027 de
691 4974 874 5042 aquis,
910 4981 965 5026 et
1005 4987 1188 5047 earum
1231 4990 1350 5054 qua:
1377 4984 1660 5050 vescuntur
1705 4976 1770 5028 de

214 5071 384 5126 terra,
437 5062 672 5133 respicit.
711 5063 842 5130 Quia
887 5065 1045 5136 etiam
1079 5064 1179 5118 illa:
1220 5065 1462 5142 Videlicet
1507 5081 1625 5134 qua:
1652 5066 1770 5141 sine

213 5154 368 5220 aquis
402 5153 586 5207 vivere
610 5156 855 5208 nesciunt
892 5169 1050 5218 aves,
1080 5154 1150 5208 ita
1181 5162 1238 5207 ut
1274 5159 1439 5210 multo
1468 5169 1607 5224 saepe
1647 5156 1770 5208 anni

213 5250 456 5311 tempore
481 5242 582 5296 sub
607 5242 867 5312 profundo
897 5257 1170 5312 aquarum,
1193 5245 1457 5312 quomodo
1475 5231 1672 5316 pisces,
1698 5245 1772 5322 la-

214 5342 380 5402 teant,
414 5349 795 5403 nonnunquam
829 5336 1006 5405 egredi
1037 5350 1195 5404 super
1221 5345 1392 5390 terras
1426 5330 1628 5403 solent,
1658 5353 1771 5391 ma-

214 5424 352 5479 xime
377 5438 505 5478 cum
533 5424 705 5484 fetant
733 5433 789 5479 et
813 5425 1056 5502 nutriunt
1085 5426 1274 5495 pullos.

456 5766 468 5858 ξ
533 5749 808 5824 Panos“
851 5760 1036 5823 CVII.

1883 1885 1936 1931 et
1967 1876 2309 1944 irrigatione,
2357 1890 2463 1935 non
2493 1876 2664 1930 solum
2692 1875 3045 1939 fructiﬁcare,
3084 1875 3180 1930 sed
3207 1875 3320 1946 ipsa
3344 1889 3446 1930 nec

1883 1964 2178 2023 consistere
2220 1965 2410 2034 possit,
2462 1963 2622 2029 Petro
2655 1972 2974 2029 attestante,
3024 1964 3114 2032 qui
3158 1965 3270 2019 ait:
3306 1962 3446 2029 Quia
3530 1966 3553 1979 ‘

1882 2053 1994 2115 cmli
2022 2065 2168 2107 erant
2192 2057 2337 2124 prius
2365 2063 2414 2117 et
2438 2065 2577 2113 terra
2610 2055 2674 2111 de
2699 2073 2856 2136 aqua,
2874 2065 2930 2136 et
2953 2072 3043 2125 per
3067 2072 3258 2127 aquam
3278 2056 3446 2126 cousi-
3469 2131 3473 2137 ι

1882 2143 2138 2208 stens.Dei
2164 2145 2311 2209 verba
2343 2145 2434 2217 (Il
2479 2145 2616 2201 Pctr.
2664 2147 2778 2217 tu).
2810 2146 2970 2209 lubet
2992 2148 3445 2219 ergopmducerc

1862 2245 2081 2293 terram
2116 2236 2256 2296 Deus
2270 2235 2530 2307 jumenta,
2561 2245 2615 2292 et
2647 2238 2888 2307 reptilia,
2931 2248 2986 2294 et
3028 2238 3444 2304 bestias.terrte,

1883 2325 2007 2395 quia
2037 2327 2250 2381 nomine
2277 2327 2571 2382 beStiarum
2611 2342 2770 2382 omne
2798 2327 3055 2398 quidquid
3081 2342 3204 2393 ore,
3233 2327 3318 2389 vel
3349 2343 3445 2381 un-

1880 2413 2071 2484 guibus
2098 2414 2248 2470 suavit
2271 2413 2532 2485 (exceptis
2549 2416 2907 2487 serpentibus)
2927 2424 3137 2471 constat
3159 2431 3280 2476 esse
3303 2431 3447 2476 com-

1881 2506 2222 2577 prehensum.
2254 2506 2478 2562 Nomine
2517 2518 2696 2562 autem
2737 2500 3005 2578 reptilium
3051 2517 3238 2574 terrae,
3281 2510 3445 2574 etiam

1881 2607 2156 2668 serpentes
2180 2600 2539 2654 continentur.
2576 2599 2800 2656 Nomine
2826 2615 2952 2655 vero
2979 2599 3347 2670 iumentorum
3381 2617 3446 2656 ea

1881 2703 1998 2758 quae
2025 2689 2079 2742 in
2107 2704 2209 2744 usu
2232 2689 2655 2746 suntthominum
2683 2689 2932 2748 animalia
2954 2690 3320 2762 designantur.
3342 2689 3444 2750 Ubi

1879 2779 2267 2850 ergo'conditio
2295 2782 2620 2838 describitur
2652 2791 2968 2841 cancrorum
3007 2785 3441 2855 quadrupedum,

1880 2871 2029 2927 verbi
2056 2872 2261 2943 gratia,
2305 2887 2618 2940 cervorum,
2663 2889 3003 2945 caprearum,
3046 2863 3361 2951 bubalortun
3389 2883 3446 2932 et

1881 2977 2153 3041 aprorum,
2192 2973 2615 3037 ceterorumque
2636 2967 2937 3037 ejusmodi?
2969 2966 3082 3022 Nisi
3111 2968 3248 3028 forte
3270 2969 3340 3026 ob
3367 2969 3445 3024 fe-

1880 3052 2160 3123 rocitatem
2191 3053 2461 3110 indomita:
2487 3056 2681 3113 mentis
2723 3056 2862 3111 inter
2896 3057 3096 3112 beatias
3132 3071 3253 3130 esse
3277 3072 3444 3112 annu-

1879 3152 2085 3200 merata
2123 3143 2444 3209 dixerimus,
2468 3143 2623 3213 juxta
2663 3146 2936 3215 antiquam
2967 3161 3098 3217 sane
3137 3147 3447 3209 translatio-

1881 3247 2026 3298 nem,
2055 3233 2109 3288 in
2138 3248 2242 3301 qua
2267 3234 2524 3303 scriptum
2552 3245 2673 3292 est:
2703 3234 2897 3304 Ejiciat
2932 3246 3070 3291 terra
3100 3253 3300 3294 omnem
3325 3239 3444 3292 ani-

1880 3337 2020 3376 mam
2047 3322 2211 3376 vivam
2235 3321 2518 3376 secundum
2557 3339 2748 3393 genus,
2782 3319 3140 3395 quadrupedia
3163 3338 3216 3381 et
3243 3329 3445 3397 reptitta

1879 3422 1926 3467 et
1952 3413 2140 3467 bestias
2168 3423 2338 3467 terraz.
2367 3414 2448 3467 Nil
2476 3415 2696 3468 omnino
2718 3417 3032 3484 quastionis
3058 3427 3140 3471 est
3160 3458 3174 3482 ,
3205 3420 3342 3488 quia
3366 3419 3446 3473 vi-

1879 3503 2073 3558 delicet
2116 3504 2331 3558 nomine
2379 3504 2782 3572 quadrupedum
2822 3511 3018 3570 cuncta
3057 3503 3440 3574 compreftensa

1878 3601 2004 3646 sunt
2034 3607 2183 3660 qum,
2220 3593 2460 3661 exceptis
2489 3593 2673 3646 bestiis
2699 3598 2752 3646 et
2793 3595 3087 3662 reptilibus,
3127 3603 3271 3649 terra
3316 3613 3442 3667 pro-

1878 3681 2046 3748 duxit,
2066 3681 2178 3734 sive
2200 3696 2318 3750 qua:
2345 3682 2445 3735 sub
2464 3696 2592 3735 cura
2624 3679 2876 3748 humana,
2910 3699 3000 3738 seu
3031 3699 3149 3752 qua:
3178 3697 3301 3739 sunt
3331 3686 3439 3741 fera

1878 3779 1934 3825 et
1962 3773 2213 3838 agrestia.

1951 3861 2016 3913 Et
2052 3862 2173 3928 fecit
2201 3861 2340 3916 Deus
2378 3863 2562 3928 bestias
2598 3874 2748 3917 terra
2784 3864 2944 3933 juxta
2986 3867 3175 3935 species
3202 3883 3358 3931 suas,
3395 3880 3440 3919 et

1869 3955 2107 4023 jumenta
2129 3966 2173 4008 et
2204 3971 2352 4018 omne
2380 3954 2556 4024 reptile
2581 3966 2732 4008 terrm
2754 3957 2807 4008 in
2839 3972 3021 4024 genere
3051 3974 3164 4010 suo.
3198 3957 3436 4012 Notanda

1879 4045 2254 4102 transmutatio
2280 4044 2581 4108 verborum,
2605 4043 2742 4113 quia
2782 4047 3143 4114 supradictum
3192 4061 3272 4102 est
3299 4049 3438 4117 quod

1877 4132 2170 4203 producere
2196 4133 2416 4201 jusserit
2449 4135 2587 4189 Deus
2628 4144 2823 4187 terram
2855 4135 3098 4200 jumenta
3140 4147 3194 4190 et
3232 4139 3437 4207 reptilia

1876 4233 1927 4276 et
1958 4225 2157 4278 bestias
2191 4234 2367 4287 terrm,
2393 4239 2531 4277 nunc
2568 4233 2744 4278 autem
2775 4236 2980 4282 mutato
3005 4229 3219 4289 ordine,
3252 4228 3441 4284 fecisse

1875 4313 2069 4366 dicitur
2091 4312 2230 4368 Deus
2261 4312 2460 4377 bestias
2503 4321 2689 4377 terrm,
2722 4324 2774 4367 et
2796 4315 3065 4383 jumenta,
3093 4327 3147 4372 et
3173 4333 3332 4374 omne
3361 4335 3441 4374 ne—

1877 4401 2001 4470 ptilc
2031 4410 2221 4463 teme;
2259 4411 2310 4455 et
2337 4401 2734 4471 intelligendum
2766 4404 2893 4471 quia
2926 4406 3072 4460 dicto
3096 4407 3254 4462 citius
3279 4423 3438 4477 omne

1876 4496 2015 4563 quod
2063 4495 2226 4548 voluit
2267 4494 2428 4560 fecit;
2478 4495 2653 4563 nilque
2693 4495 2876 4551 dill‘ert
2913 4498 3040 4567 quid
3081 4499 3287 4569 loquela
3338 4502 3438 4554 bu-

1875 4602 2029 4639 mana
2063 4587 2210 4654 prius
2250 4587 2300 4646 in
2343 4595 2709 4641 creaturarum
2761 4588 2951 4651 ordine
2989 4591 3275 4656 nominet,’
3302 4608 3438 4662 quas

1874 4676 2051 4728 divina
2079 4676 2316 4743 potentia
2357 4675 2512 4728 simul
2538 4676 2774 4732 condidit
2811 4688 3049 4735 cunctas.
3089 4680 3221 4735 Cum
3256 4693 3433 4740 autem

1873 4767 2152 4835 sequitur:
2755 4750 2763 4758 ’

1947 4858 2012 4910 Et
2040 4857 2163 4910 vidit
2188 4857 2327 4910 Deus
2366 4858 2503 4926 quod
2533 4867 2661 4912 esset
2691 4859 2911 4924 bonum,
2949 4862 3209 4928 quaeritur
3243 4865 3435 4918 merito

1873 4959 2039 5013 quare
2062 4961 2167 4999 non
2205 4947 2365 5000 etiam
2404 4946 2492 4999 hic
2521 4948 2748 5002 addatur
2772 4949 2898 5002 illud
2933 4951 3076 5019 quod
3113 4952 3311 5008 dictum
3352 4967 3434 5009 est

1873 5035 1938 5088 de
1966 5036 2043 5088 eis
2071 5049 2188 5102 qua:
2217 5049 2368 5102 aquae
2398 5036 2762 5103 produxerant
2787 5039 3180 5094 animantibus:
3208 5042 3430 5098 Benedi-

1873 5124 2046 5192 tritque
2075 5125 2148 5177 eis
2172 5125 2346 5180 dicens
2367 5139 2384 5174 :
2406 5123 2630 5179 Crescite
2657 5136 2703 5180 et
2731 5126 3146 5195 multiplicamini
3171 5140 3219 5184 et
3250 5133 3432 5202 replete

1872 5222 2082 5266 terram.
2112 5215 2192 5266 An
2220 5212 2356 5268 forte
2385 5215 2528 5284 quod
2551 5214 2617 5268 de
2652 5216 2823 5284 prima
2865 5227 3112 5271 creatura
3141 5221 3332 5276 anima:
3355 5226 3432 5276 vi»

1871 5301 2045 5355 ventis
2077 5301 2277 5354 dictum
2303 5316 2333 5355 a
2363 5301 2474 5356 Deo
2510 5304 2994 5368 commendaverit,
3039 5307 3200 5361 etiam
3241 5310 3308 5365 de
3348 5327 3433 5365 se-

1871 5389 2041 5442 cunda
2066 5391 2217 5443 nobis
2242 5391 2740 5460 subintelligendum
2771 5391 3018 5466 reliquit?
3039 5395 3285 5462 Maxime,
3307 5403 3431 5468 quia

1873 5477 1924 5530 in
1951 5477 2108 5544 hujus
2132 5479 2236 5531 diei
2271 5482 2521 5547 operibus
2561 5481 2715 5550 plura
2749 5491 2865 5545 erat
2901 5481 3005 5537 alia
3031 5485 3427 5552 subjunctulus.

1872 5566 2040 5621 Porro
2063 5569 2128 5622 de
2151 5568 2368 5624 homine
2395 5570 2533 5625 facto
2549 5573 2658 5626 hoc
2679 5573 2986 5626 necessario
3008 5574 3204 5629 iterare
3225 5581 3434 5633 curavit

1873 5656 2088 5710 dicens:
2130 5657 2498 5727 Benediazilque
2539 5660 2642 5713 illis
2673 5659 2849 5727 Deus,
2895 5673 2941 5715 et
2973 5664 3046 5717 ait
3122 5667 3344 5722 Crescite
3375 5677 3432 5723 st

2931 5777 3006 5836 15
