3968 6314
493 232 596 286 459

1128 230 1186 283 Β.
1228 230 1479 287 RABANI
1524 210 1740 291 MAURI
1777 231 2091 288 ARCHIEP.
2136 231 2441 290 MOGUNT.
2485 235 2767 291 OPERUM
2811 233 2984 288 PARS
3019 235 3056 287 l.

2939 105 2954 134 l

3621 236 3730 288 iiii)

491 339 930 409 multiplicamini,
959 350 1006 395 et
1037 341 1224 411 replete
1255 353 1468 407 terram,
1498 357 1570 404 ne
1610 346 1730 412 quis
1760 341 2055 397 honorabili
2086 345 2134 404 Α
2162 343 2463 409 humiliter,
2514 355 2569 402 et
2616 346 2894 417 adhterens
2921 346 3107 414 gratim
3154 347 3236 400 sui
3268 345 3594 410 Conditoris,
3638 347 3736 418 qui

491 429 760 486 connubio
803 431 980 486 inesse
1024 442 1338 502 peccatum,
1396 443 1675 501 torumque
1723 432 1955 486 fmditati
2000 448 2064 488 ac

492 519 836 576 fornicationi
874 530 1091 591 putaret
1128 539 1253 578 esse
1287 524 1722 592 comparandum.
1766 521 1928 576 Facta
1973 537 2067 576 au-

494 617 604 666 tem
645 618 806 680 atque
841 619 1033 665 ornata
1074 611 1402 667 habitatione
1446 611 1711 666 mundana
1735 652 1750 677 ,
1788 617 2066 681 supererat

493 709 548 751 u°
619 713 699 754 ise
723 700 887 754 etiam
913 710 1129 772 propter
1153 715 1312 769 quem
1340 702 1896 772 omniaparabantur,
1921 699 2068 754 habi-

497 798 514 842 t
559 805 639 844 .or
687 804 750 845 ac
777 791 1023 845 dominus
1052 804 1254 854 rerum,
1285 791 1443 845 homo
1478 799 1770 847 crearetur.
1813 790 2068 859 Sequitur

496 887 550 933 et
579 880 654 933 ait
683 898 695 932 :

578 967 850 1026 Faciamus
879 971 1133 1025 hominem
1159 970 1228 1026 ad
1264 971 1556 1040 imaginem,
1582 979 1630 1025 et
1674 969 2066 1025 similitudinem

499 1068 747 1113 nostram.
785 1058 934 1112 Nunc
976 1067 1198 1128 apparet
1223 1058 1522 1114 evidenlius
1558 1073 1726 1127 quare
1767 1058 1834 1112 de
1871 1057 2071 1112 creatis

501 1146 684 1204 herbis
722 1158 775 1203 et
814 1149 1149 1223 arboribusn
1173 1149 1414 1219 piscibus
1443 1157 1499 1203 et
1535 1148 1862 1212 volatilibus,
1891 1155 2068 1202 terre-

501 1241 698 1294 stribus
739 1254 952 1309 quoque
992 1240 1388 1305 animantibus,
1435 1240 1636 1295 dictum
1682 1241 1838 1294 situt
1879 1238 2071 1294 tierent

501 1329 704 1400 singula
727 1329 878 1397 juxta
910 1345 1078 1401 genus
1105 1338 1160 1384 et
1191 1331 1398 1400 species
1422 1345 1567 1386 suas.
1602 1329 1657 1384 ln
1687 1329 1864 1385 futura
1890 1311 2069 1385 autem

501 1423 730 1477 hominis
759 1426 1055 1490 creatione,
1083 1425 1174 1495 qui
1214 1439 1318 1481 non
1350 1425 1520 1480 solum
1551 1439 1648 1479 suo
1671 1423 1852 1495 generi
1883 1422 2070 1480 simili-

502 1516 681 1570 tudine
713 1525 1031 1588 congrueret
1055 1527 1111 1572 et
1139 1518 1349 1589 specie,
1377 1518 1470 1572 sed
1499 1518 1662 1573 etiam
1693 1518 1759 1573 ad
1781 1517 2070 1586 imaginem

499 1609 582 1663 sui
610 1610 875 1664 creatoris
911 1624 973 1666 ac
999 1609 1400 1668 similitudinem
1431 1609 1601 1674 ﬁeret,
1631 1616 1852 1678 propter
1880 1606 2072 1662 nobili-

2169 436 2496 491 mternaliter
2521 453 2582 490 ac
2605 436 2837 506 perfecte
2860 436 3056 503 justus.
3081 444 3297 490 sanctus
3323 446 3377 492 et
3403 453 3584 502 verus,
3616 439 3734 492 exi—

2170 525 2280 580 stit.
2315 525 2413 593 Qui
2437 527 2690 594 quoniam
2723 527 2860 580 hanc
2888 525 3312 596 pulcherrimam
3341 528 3628 586 novitatem
3656 529 3740 582 di-

2168 618 2305 671 vina:
2333 620 2384 670 in
2407 633 2465 672 se
2485 618 2733 688 imaginis
2758 618 3028 689 peccando
3047 599 3740 689 corrupit,corru'ptamque

2168 723 2235 762 ex
2279 724 2336 763 se
2381 709 2685 783 prosapiam
2731 710 2942 781 generis
2982 709 3197 763 humani
3227 711 3560 776 procreavit,
3593 710 3738 762 venit

2169 798 2435 854 secundus
2463 800 2654 866 Adam,
2683 802 2732 855 id
2755 810 2856 865 est,
2879 801 3134 855 Dominus
3155 801 3268 869 ipse
3290 809 3344 854 et
3364 800 3624 854 Conditor
3643 817 3733 854 no-

2170 900 2282 945 ster
2309 901 2467 947 natus
2486 907 2551 949 ex
2577 893 2812 963 Virgine,
2839 903 3050 947 creatus
3081 891 3557 962 incorruptibiliter
3576 900 3737 960 atque

2169 980 2696 1045 incommutabiliter,
2719 983 2787 1035 ad
2817 983 3096 1051 imaginem
3129 982 3242 1044 Dei,
3266 983 3319 1034 id
3348 991 3450 1045 est,
3484 982 3738 1035 immunis

2170 1070 2346 1126 omnis
2371 1068 2570 1135 delicti,
2598 1079 2652 1124 et
2677 1070 2866 1140 plenus
2888 1072 3064 1126 omnis
3092 1073 3277 1141 gratiae
3303 1080 3359 1124 et
3381 1074 3649 1133 veritatis,
3682 1081 3738 1124 ut

2171 1159 2459 1229 imaginem
2501 1160 2552 1213 in
2583 1160 2736 1215 nobis
2761 1177 2914 1215 suam
2955 1176 3018 1217 ac
3045 1160 3446 1217 similitudinem
3479 1162 3734 1230 eseniplis

2170 1252 2283 1307 suis
2303 1259 2631 1308 restauraret
2650 1262 2703 1306 et
2732 1253 2904 1306 donis.
2935 1253 3052 1322 Ipse
3074 1262 3159 1307 est
3191 1253 3333 1309 enim
3375 1269 3548 1307 novus
3579 1255 3735 1307 homo

2171 1343 2434 1398 veraciter
2473 1343 2768 1400 secundum
2821 1345 2984 1396 Deum
3027 1353 3272 1406 creatus,
3310 1345 3434 1413 quia
3483 1343 3735 1397 nimirum

2171 1433 2242 1489 ita
2271 1431 2544 1487 veram'de
2573 1429 2740 1486 Adam
2783 1432 2960 1485 carnis
3003 1431 3355 1487 substantiam
3398 1431 3650 1500 sumpsit,
3680 1441 3736 1483 ut

2171 1522 2246 1576 nil
2269 1523 2334 1576 de
2357 1521 2446 1575 illo
2475 1522 2589 1576 vitii
2613 1521 2882 1576 sordentis
2909 1522 3163 1576 traheret.
3193 1519 3354 1588 Cujus
3378 1520 3625 1589 exempla
3646 1532 3742 1588 pro

2171 1619 2329 1682 captu
2356 1622 2540 1666 nostro
2565 1611 2744 1683 sequi,
2775 1611 2926 1681 cujus
2953 1611 3228 1666 adhmrere
3253 1611 3438 1675 donis.
3465 1610 3623 1683 cujus
3647 1612 3739 1663 oh-

501 1709 664 1754 tatem
687 1700 977 1755 creationis
995 1701 1097 1755 hoc
1120 1700 1484 1755 testimonium
1503 1699 1615 1764 dat,
1638 1697 1783 1768 quod
1803 1697 1908 1752 non
1929 1696 2070 1755 sicut
2097 1699 2144 1760 B
2172 1710 2473 1774 temperare
2503 1703 2770 1764 ntandatis
2799 1701 3192 1773 [Deformemus
3237 1717 3364 1772 ergo
3411 1703 3464 1761 in
3504 1703 3659 1758 nubis
3688 1702 3736 1753 in

499 1789 554 1843 in
579 1791 786 1845 caeteris
814 1791 1078 1845 creaturis
1101 1790 1238 1846 dixit
1260 1790 1401 1847 Deus
1425 1806 1437 1843 :
1482 1789 1602 1843 Fiat
1623 1789 1798 1853 homo,
1821 1797 1876 1845 et
1897 1785 2072 1842 factus

499 1887 582 1932 est
607 1879 804 1943 homo;
835 1877 918 1931 vel
942 1878 1196 1947 producat
1233 1887 1372 1932 terra
1398 1877 1689 1942 hominem,
1729 1883 1783 1932 et
1819 1876 2074 1947 produxit

497 1977 644 2024 terra
687 1969 1000 2034 hominem;
1036 1969 1132 2024 sed
1178 1969 1328 2039 prius
1373 1983 1535 2039 quam
1582 1969 1770 2035 ﬁeret,
1815 1970 2070 2039 faciamus

497 2058 714 2122 dicitur,
743 2067 800 2112 ut
823 2058 1104 2124 videlicet,
1140 2059 1265 2128 quia
1298 2059 1578 2116 rationalis
1606 2068 1850 2114 creatura
1877 2059 2073 2114 conde-

497 2147 654 2202 batur
673 2149 881 2218 ,‘quasi
908 2164 1029 2203 cum
1056 2148 1281 2204 consilio
1306 2148 1446 2206 facta
1472 2151 1767 2214 videretur,
1797 2151 1952 2222 quasi
1975 2164 2073 2219 per

498 2241 734 2295 studium
762 2241 829 2296 de
855 2250 996 2296 terra
1025 2241 1400 2311 plasmaretur,
1430 2251 1485 2298 et
1505 2242 1854 2313 inspiratione
1874 2242 2072 2300 Condi-

501 2335 635 2387 toris
665 2333 716 2387 in
751 2333 947 2387 virtute
978 2334 1200 2402 spiritus
1229 2333 1407 2387 vitalis
1429 2333 1757 2403 erigeretur,
1785 2343 1842 2386 ut
1868 2332 2074 2388 scilicet

503 2438 610 2478 non
646 2437 742 2493 per
763 2421 1020 2490 jussienis
1044 2437 1225 2477 vocem
1245 2462 1257 2485 ,
1304 2423 1396 2477 sed
1433 2437 1531 2492 per
1551 2423 1862 2492 dignitatem
1885 2435 2075 2492 opera-

501 2513 663 2568 tionis
693 2512 969 2574 existeret,
995 2513 1119 2580 quia
1153 2511 1219 2565 ad
1243 2511 1552 2568 Conditoris
1570 2513 1858 2584 imaginem
1889 2512 2071 2568 ﬁebat.

500 2603 633 2659 Cum
652 2599 842 2658 autem
873 2604 1069 2657 dicitur
1095 2621 1108 2656 :
1146 2602 1433 2658 Faciamus
1462 2604 1530 2658 ad
1555 2605 1833 2674 imaginem
1856 2614 1904 2660 et
1929 2606 2074 2660 siuti-

456 2755 463 2759 ι
500 2693 771 2748 litudinem
812 2704 1071 2756 nostram,
1102 2694 1280 2748 unitas
1323 2703 1522 2754 sanctze
1566 2694 1843 2750 Trinitatis
1889 2705 2075 2766 aperte

501 2785 923 2839 commendatur.
955 2783 1229 2852 Siquidem
1261 2783 1446 2838 eadem
1472 2783 1742 2840 individua
1763 2784 2000 2842 Trinitas
2020 2786 2072 2840 in

501 2874 833 2943 pnecedentc
856 2889 1033 2927 rerum
1058 2873 1375 2928 formatione
1396 2875 1622 2946 mystice
1639 2883 1759 2933 erat
1781 2875 2071 2941 insinuata,

502 2964 718 3034 quando
743 2965 1052 3018 dicebatur:
1072 2965 1137 3018 Et
1163 2965 1293 3018 dixit
1322 2965 1482 3030 Deus,
1508 2963 1651 3019 Fiat.
1684 2966 1750 3019 Et
1771 2966 1890 3036 fecit
1912 2965 2069 3020 Deus.

505 3054 575 3110 Et
606 3056 729 3108 vidit
762 3056 899 3109 Deus
926 3056 1063 3126 quod
1089 3066 1216 3109 esset
1251 3055 1458 3108 bonum.
1500 3055 1650 3111 Nunc
1689 3066 1868 3111 autem
1905 3057 2078 3112 mani-
2104 3040 2149 3102 C

509 3144 700 3201 festius
726 3145 838 3200 haec
871 3145 983 3215 ipsa
1012 3146 1334 3208 insinuatur,
1371 3160 1493 3200 cum
1522 3145 1716 3202 dicitur
1743 3165 1755 3199 :
1794 3144 2080 3202 Faciamus

507 3234 766 3288 hominem
802 3234 870 3285 ad
901 3234 1175 3302 imaginem
1206 3243 1254 3286 et
1292 3233 1685 3289 similitudinem
1715 3244 1992 3301 nostram;
2026 3245 2082 3291 et

505 3330 651 3376 recte
678 3338 692 3383 ;
731 3322 853 3392 quia
881 3322 1052 3375 donec
1077 3322 1121 3374 is
1149 3322 1238 3391 qui
1269 3321 1552 3376 doceretur
1581 3318 1686 3376 non
1714 3331 1852 3388 erat,
1880 3323 1935 3377 in
1961 3337 2083 3393 pro-

505 3412 670 3468 fundo
698 3413 796 3467 iuit
836 3413 1014 3467 abdita
1057 3412 1362 3482 praedicatio
1398 3411 1643 3469 Deitatis.
1688 3413 1790 3469 Ubi
1819 3429 1951 3470 vero
1979 3414 2082 3470 ho—

509 3502 670 3558 minis
697 3503 857 3570 cmpit
885 3503 1185 3571 exspectari
1212 3504 1434 3567 creatio,
1466 3503 1700 3558 revelata
1731 3512 1817 3559 est
1839 3505 2000 3570 ﬁdes,
2030 3513 2085 3559 et

508 3591 787 3645 evidenter
816 3591 1008 3659 dogma
1039 3591 1279 3645 veritatis
1312 3591 1550 3645 emicuit.
1593 3591 1648 3645 In
1677 3607 1742 3647 eo
1769 3593 1911 3647 enim
1940 3594 2082 3664 quod

509 3683 641 3739 dicit
676 3681 1096 3745 Faciamus,una
1117 3680 1416 3736 ostenditur
1445 3683 1605 3736 trium
1639 3684 1878 3752 operatio
1899 3699 2084 3754 perso-

512 3788 722 3831 narum.
766 3773 820 3825 lu
845 3786 909 3827 eo
938 3787 1077 3844 vero
1104 3771 1244 3842 quod
1276 3772 1552 3840 sequitur:
1599 3772 1678 3825 Ad
1723 3773 1998 3842 imaginem
2033 3783 2080 3828 et

513 3862 903 3917 similitudinem
949 3871 1177 3915 nostrum
1203 3902 1217 3926 ,
1268 3877 1372 3915 una
1422 3871 1477 3917 et
1518 3862 1740 3932 mqualis
1782 3863 2079 3919 substantia

513 3951 748 4020 ejusdem
780 3959 979 4005 sanctm
1005 3951 1282 4008 Trinitatis
1308 3952 1594 4007 indicatur.
1636 3951 1912 4019 Quomodo
1937 3955 2080 4010 enim

511 4051 655 4097 esset
677 4058 778 4096 una
812 4042 989 4111 imago
1023 4058 1082 4096 ac
1109 4043 1419 4109 similitudo,
1445 4044 1490 4099 si
1511 4045 1686 4099 minor
1711 4044 1872 4100 Patre
1891 4045 2075 4110 Filius,

512 4133 554 4186 si
583 4134 759 4186 minor
783 4141 924 4186 esset
952 4132 1086 4188 Filio
1121 4132 1351 4204 Spiritus
1383 4144 1623 4201 sanctus,
1651 4137 1696 4191 si
1721 4153 1826 4193 non
1852 4139 2082 4193 consul)-

511 4223 776 4278 stantialis
813 4224 1052 4293 ejusdem
1089 4226 1368 4291 potestatis
1394 4236 1539 4281 esset
1575 4229 1741 4298 gloria
1771 4231 1934 4286 totius
1962 4231 2081 4284 Tri-

511 4313 723 4377 nitatis;
752 4323 843 4366 aut
876 4313 1142 4380 quomodo
1170 4314 1474 4372 diceretur:
1513 4314 1818 4381 Faciamus,
1845 4319 1891 4372 si
1917 4319 2077 4374 trium

513 4402 566 4454 iu
607 4415 710 4453 una
743 4401 945 4454 Deitate
988 4415 1342 4470 personarum
1391 4405 1728 4478 cooperatrix
1765 4407 1934 4462 virtus
1971 4424 2077 4464 non

510 4491 683 4547 esset?
704 4489 885 4558 Neque
907 4492 1048 4544 enim
1072 4491 1274 4561 angelis
1299 4509 1328 4546 a
1354 4492 1462 4548 Deo
1482 4494 1587 4548 dici
1615 4503 1856 4565 poterat:
1888 4496 2077 4552 Facia-

513 4600 625 4635 mus
646 4583 714 4634 ad
740 4583 1017 4650 imaginem
1041 4591 1086 4635 et
1107 4582 1496 4640 similitudinem
1524 4596 1772 4652 nostram,
1789 4588 1913 4658 quia
1935 4589 2078 4642 nulla

513 4687 731 4741 prorsus
758 4672 892 4724 ratio
922 4671 1048 4725 sinit
1092 4680 1150 4726 ut
1191 4671 1282 4724 Dei
1323 4680 1376 4724 et
1421 4674 1728 4742 angelorum
1766 4692 1927 4731 unam
1961 4691 2080 4732 esse

516 4761 863 4828 eamdemque
893 4759 1176 4829 imaginem
1201 4761 1313 4814 sive
1342 4761 1742 4822 similitudinem
1773 4767 2073 4822 credamus.

518 4848 571 4902 lu
602 4864 707 4916 quo
729 4858 902 4901 autem
935 4849 1006 4901 sit
1025 4850 1183 4903 homo
1214 4848 1386 4903 factus
1406 4850 1472 4904 ad
1504 4849 1787 4919 imaginem
1817 4859 1873 4906 et
1896 4853 2081 4908 simili-

520 4941 754 4994 tudinem
787 4938 876 4992 Dei
897 4977 911 5000 ,
941 4945 1167 4994 testatur
1190 4938 1504 5008 Apostolus,
1549 4956 1671 4995 cum
1719 4956 1817 4997 nos
1856 4943 2084 4998 solerter

518 5049 545 5085 a
571 5035 820 5093 tmoneat,
853 5039 911 5083 ut
936 5029 1073 5084 hanc
1100 5045 1257 5098 quam
1302 5032 1354 5084 in
1396 5031 1570 5102 primo
1594 5042 1820 5103 parente
1849 5034 2084 5106 perdidi-

519 5140 666 5188 mus,
707 5137 802 5192 per
837 5123 1063 5192 gratiam
1109 5121 1345 5190 ejusdem
1374 5123 1677 5181 Conditoris
1705 5141 2084 5198 recuperemus

518 5215 570 5268 in
602 5213 772 5267 nobis.
808 5209 1164 5268 ltenorantini.
1187 5211 1380 5279 inquit,
1409 5213 1595 5280 spiritu
1622 5215 1805 5268 mentis
1835 5224 2012 5269 vestra
2034 5225 2083 5269 ct

517 5304 715 5357 induite
744 5319 928 5357 norunt
950 5301 1230 5365 hominem,
1255 5303 1342 5371 qui
1369 5305 1650 5359 secundum
1673 5304 1841 5359 Deum
1877 5317 2081 5359 creatus

519 5402 601 5444 est
623 5393 674 5444 in
693 5391 902 5459 justitia
935 5400 980 5443 et
1007 5391 1282 5444 sanctitate
1306 5391 1531 5444 veritatis
1559 5389 1768 5461 (Epltes.
1802 5393 1897 5465 tv).
1927 5393 2085 5450 Crea-

525 5489 612 5532 tus
644 5489 727 5535 est
763 5495 893 5552 ergo
919 5482 1086 5536 Adam
1116 5497 1284 5537 novus
1313 5483 1475 5537 homo
1515 5483 1582 5536 de
1619 5493 1758 5538 terra
1794 5487 2092 5541 secundum.

524 5566 724 5634 Deum,
768 5581 826 5624 ut
869 5582 1010 5626 esset
1039 5573 1234 5644 justus,
1264 5581 1484 5628 sanctus
1523 5582 1578 5626 et
1618 5589 1807 5635 verus.
1841 5577 2083 5630 subditus

2168 1810 2310 1859 novo
2332 1795 2566 1858 homine,
2595 1808 2695 1863 pro
2715 1801 2875 1864 captu
2904 1801 3112 1856 nostro,
3129 1792 3413 1862 imaginem
3439 1791 3554 1855 Dei,
3577 1805 3737 1860 quam

2171 1887 2225 1943 in
2254 1886 2422 1943 veteri
2442 1885 2774 1958 perdidimus
2794 1883 3032 1947 homine,
3069 1882 3118 1935 id
3148 1891 3232 1936 est
3251 1882 3304 1934 in
3327 1891 3590 1951 quantum
3620 1894 3741 1948 pos-

2171 1991 2375 2043 sumus,
2406 1975 2646 2044 exempla
2680 1973 2796 2042 ejus
2819 1971 3132 2042 sequamur:
3168 1973 3538 2032 adhaereamus
3563 1970 3739 2032 donis,

2169 2069 2603 2138 obtemperemus
2638 2064 2920 2128 mandatis,
2962 2062 3125 2134 etc},
3155 2064 3258 2119 hoc
3291 2074 3405 2129 est,
3452 2063 3739 2133 imag'nem

2172 2158 2286 2221 Dei,
2317 2173 2478 2229 quam
2515 2157 2568 2213 in
2592 2157 2760 2223 veteri
2791 2156 3002 2211 homine
3031 2155 3390 2225 perdidimus,
3420 2168 3742 2223 recuperare

2172 2248 2226 2302 in
2254 2261 2409 2302 novo.
2442 2245 2556 2301 Non
2585 2261 2713 2321 ergo
2742 2245 3036 2301 Secundum
3072 2260 3292 2314 corpus,
3323 2245 3415 2299 sed
3451 2244 3743 2302 secundum

2173 2335 2499 2391 intellectum
2541 2334 2764 2400 mentis,
2812 2334 2880 2388 ad
2925 2334 3208 2404 imaginem
3250 2333 3342 2386 Dei
3384 2333 3631 2393 conditus
3663 2339 3746 2384 est

2173 2425 2355 2491 homo,
2383 2440 2690 2495 quanquam
2731 2433 2788 2478 et
2835 2425 2887 2478 in
2927 2424 3042 2494 ipso
3068 2438 3296 2494 corpore
3325 2423 3521 2478 habeat
3556 2438 3746 2492 quam-

2174 2515 2298 2569 dam
2331 2515 2732 2584 proprietatem,
2761 2529 2878 2582 quaa
2903 2515 3005 2569 hoc
3029 2514 3247 2579 indicet,
3273 2514 3616 2581 quoderecta
3637 2522 3747 2568 sla-

2175 2614 2287 2660 tuta
2312 2604 2490 2663 lactus
2514 2613 2617 2666 est,
2641 2614 2700 2658 ut
2727 2606 2826 2660 hoc
2855 2605 2968 2674 ipso
2989 2606 3367 2666 admoneretur
3386 2619 3492 2663 non
3515 2605 3617 2662 sibi
3639 2614 3749 2679 ter:

2176 2711 2303 2751 rena
2333 2711 2450 2750 esse
2486 2697 2738 2750 sectanda
2760 2736 2774 2749 .
2818 2695 2961 2749 velut
2989 2711 3181 2765 pecora
3201 2737 3213 2759 ,
3247 2711 3473 2765 quorum
3501 2695 3749 2765 voluptas

2173 2788 2348 2844 omnis
2378 2802 2442 2842 ex
2468 2796 2615 2842 terra
2638 2797 2738 2844 est.
2771 2787 2922 2842 Unde
2949 2788 3001 2841 in
3037 2787 3214 2841 alvum
3254 2795 3637 2857 cuncta'prona
3661 2797 3746 2840 at-

2175 2894 2278 2948 que
2301 2886 2568 2950 prostrata
2589 2888 2742 2941 suut.
2763 2878 2914 2948 juxta
2935 2879 3074 2948 quod
3100 2878 3314 2948 quidam
3341 2885 3616 2947 poetarum
3636 2877 3752 2948 pul-

2172 2968 2442 3026 cherrime
2467 2983 2528 3022 ac
2556 2967 2830 3022 verissime
2866 2967 2997 3021 dixit
3025 2966 3234 3038 (0vid.,
3267 2965 3477 3023 Metam.
3509 2966 3559 3037 ι)
3589 2985 3601 3019 :

2304 3079 2564 3140 Pronaque
2587 3094 2693 3129 cum
2713 3086 2935 3140 spectent
2957 3051 3175 3129 animalia
3197 3085 3376 3126 cetera
3395 3084 3574 3126 terram
3598 3114 3612 3136 ,

2307 3142 2376 3191 0s
2400 3142 2580 3191 homini
2599 3144 2804 3190 subiture
2829 3143 2961 3189 dedit
2982 3140 3255 3200 cmlumque
3279 3141 3408 3200 tueri

2307 3203 2476 3261 iussit,
2502 3212 2553 3250 et
2579 3211 2772 3253 erectos
2797 3202 2855 3250 ad
2876 3200 3036 3250 sidera
3058 3199 3234 3250 tollere
3259 3199 3437 3250 vultus.

2181 3321 2442 3390 Congruit
2462 3337 2591 3392 ergo
2619 3329 2668 3376 et
2709 3335 2902 3391 corpus
2944 3317 3060 3387 ejus
3095 3317 3286 3371 animae
3325 3314 3606 3380 rationali,
3639 3329 3752 3368 non

2182 3413 2473 3470 secundum
2523 3413 2845 3467 lineamenta
2893 3411 3194 3482 ﬁgurasque
3226 3409 3585 3463 membrorum
3605 3447 3620 3471 ,
3651 3408 3754 3460 sed

2181 3503 2360 3576 potius
2386 3501 2678 3556 secundum
2705 3501 2780 3565 id,
2804 3501 2944 3570 quod
2967 3500 3021 3554 in
3048 3498 3242 3554 coelum
3263 3505 3498 3551 erectum
3531 3504 3615 3551 est
3633 3535 3648 3561 ,
3681 3496 3753 3551 ad

2181 3595 2448 3651 induenda
2474 3608 2593 3663 quae
2620 3593 2673 3647 in
2697 3607 2922 3661 corpore
2951 3591 3117 3660 ipsius
3137 3589 3316 3644 mundi
3348 3603 3577 3662 superna
3601 3595 3752 3650 sunt,

2181 3687 2318 3762 sicut
2362 3685 2540 3739 anima
2567 3683 2840 3741 rationalis
2869 3683 2924 3742 in
2949 3697 3010 3737 ea
3035 3681 3192 3736 debet
3216 3681 3382 3751 erigi,
3411 3695 3529 3749 qua:
3554 3681 3607 3731 in
3635 3679 3752 3754 spi-

2180 3777 2464 3833 ritualibus
2491 3784 2683 3832 natura
2715 3776 2944 3830 maxime
2973 3774 3274 3831 excellunt:
3317 3781 3376 3825 ut
3401 3788 3518 3841 qua:
3540 3785 3755 3824 sursum

2179 3876 2300 3923 sunt
2327 3867 2514 3936 sapiat,
2545 3882 2645 3919 non
2668 3881 2784 3935 qua:
2813 3880 2969 3934 super
2996 3873 3185 3938 terram
3217 3859 3437 3932 (Coloss.
3467 3859 3573 3930 tu).
3603 3859 3755 3919 Bene

2180 3965 2359 4012 autem
2390 3957 2604 4011 additur
2629 3946 2641 4009 ἐ

2249 4043 2320 4100 Et
2346 4044 2521 4113 pra-sit
2551 4043 2774 4113 piscibus
2805 4042 2964 4098 maris
2993 4052 3040 4096 et
3072 4040 3364 4096 volatilibus
3391 4040 3506 4094 cali
3527 4081 3541 4104 ,
3577 4047 3624 4094 et
3655 4041 3750 4093 be-

2180 4137 2293 4191 stiis
2321 4137 2572 4189 uniuersa:
2603 4145 2775 4198 terrm,
2807 4134 3045 4201 omnique
3074 4133 3243 4203 reptili
3267 4131 3404 4203 quod
3433 4141 3666 4187 movetur
3696 4132 3752 4184 in

2178 4238 2338 4282 terra.
2373 4227 2508 4295 Quia
2532 4226 2782 4280 nimirum
2815 4225 2866 4278 in
2897 4225 2996 4278 hoc
3026 4224 3252 4277 maxime
3282 4223 3452 4277 factus
3473 4231 3555 4276 est
3585 4222 3753 4276 homo

2183 4319 2250 4373 ad
2281 4318 2564 4388 imaginem
2590 4317 2710 4379 Dei,
2742 4317 2792 4372 in
2820 4331 2926 4386 quo
2959 4313 3358 4369 irrationalibus
3383 4313 3751 4366 animantibus

2183 4412 2472 4472 antecellit,
2489 4426 2654 4479 capax
2677 4409 2922 4462 videlicet
2945 4407 3165 4467 rationis
3186 4404 3568 4479 conditus,per
3585 4418 3750 4472 quam

2185 4510 2241 4556 et
2266 4508 2444 4555 creata
2472 4499 2523 4553 in
2555 4499 2753 4552 mundo
2779 4512 3003 4565 tuumque
3041 4503 3184 4549 recte
3231 4495 3531 4563 gubernare
3557 4499 3609 4544 et
3634 4489 3753 4558 t-jus

2184 4592 2274 4662 qui
2305 4599 2496 4645 cuncta
2536 4589 2741 4644 creavit
2776 4596 2956 4657 posset
2991 4586 3258 4656 agnitione
3285 4581 3508 4653 perfrui.
3551 4581 3608 4635 In
3643 4596 3753 4650 quo

2186 4686 2387 4739 honore
2410 4682 2615 4753 positus
2644 4681 2686 4735 si
2717 4695 2820 4732 non
2856 4676 3179 4732 intellexerit
3209 4683 3266 4728 ut
3293 4675 3444 4728 bene-
3460 4682 3603 4743 agat,
3645 4673 3753 4725 cis-

2187 4773 2306 4825 dem
2330 4771 2460 4841 ipsis
2487 4768 2845 4822 animantibus
2871 4765 3157 4823 insensatis
3181 4763 3374 4832 quibus
3396 4761 3647 4832 prtelatus
3667 4767 3748 4812 est

2185 4859 2602 4931 comparabitur,
2637 4857 2775 4912 sicut
2802 4864 2856 4910 et
2884 4854 3161 4909 Psalmista
3187 4860 3412 4906 testatur
3438 4865 3452 4904 :

2256 4947 2324 5001 Et
2351 4947 2538 5001 creavit
2569 4945 2709 4998 Deus
2736 4944 2992 4998 hominem
3016 4943 3083 4995 ad
3108 4941 3387 5009 imaginem
3411 4955 3585 5001 suam,
3613 4946 3662 4990 et
3678 4937 3750 4987 ad

2184 5037 2458 5107 imaginem
2492 5035 2587 5088 Dei
2622 5035 2810 5089 creavit
2840 5032 3006 5086 illum.
3046 5031 3196 5107 Quod
3222 5030 3372 5101 prius
3396 5030 3642 5091 dixerat,
3677 5028 3749 5081 ad

2185 5105 2460 5196 imaginem
2481 5114 2656 5187 suam,
2689 5121 3108 5179 conﬁrmationis
3127 5105 3296 5190 gratia
3320 5117 3634 5187 geminavit,
3655 5115 3750 5169 ad-

2184 5215 2385 5269 dendo:
2415 5215 2494 5266 Ad
2524 5215 2798 5282 imaginem
2828 5211 2925 5265 Dei
2949 5213 3134 5266 creavit
3161 5210 3330 5272 illum,
3358 5215 3418 5260 ut
3441 5207 3751 5276 diligentius

2186 5306 2482 5359 insinuaret
2507 5305 2659 5358 nobis
2683 5302 2868 5372 quales
2893 5318 2922 5356 a
2943 5302 3051 5356 Deo
3076 5301 3200 5354 facti
3224 5300 3410 5362 simus,
3431 5307 3488 5352 et
3510 5295 3748 5365 speciem

2187 5392 2501 5467 recipienda:
2527 5394 2618 5448 Dei
2651 5393 2894 5462 imaginis
2922 5391 3122 5446 arctius
3152 5389 3350 5444 nostris
3371 5387 3644 5442 mentibus
3669 5384 3752 5438 in-

2188 5489 2372 5558 figeret
2401 5487 2767 5558 [inculcaret],
2795 5483 2860 5542 ne
2886 5489 2976 5556 qui
3004 5487 3235 5557 imagine
3258 5485 3353 5538 Dei
3387 5482 3748 5545 ambulamus,

2188 5594 2320 5632 vane
2348 5578 2726 5631 conturbcmur
2749 5579 3173 5632 thesaurizantcs
3205 5577 3257 5630 in
3291 5576 3498 5630 incerto
3533 5573 3747 5628 divitia-
